4022 6320
293 320 429 379 i329

1160 321 1316 376 VITA
1357 321 1455 376 SS.
1497 321 1851 383 PALDONIS.
1891 320 2178 378 TASONIS
2215 322 2298 375 ΕΤ
2340 321 2653 376 'l'ATONIS.

3392 328 3541 387 '33.

293 440 617 497 adnectimus
639 480 653 505 ,
683 452 739 494 ut
770 455 798 493 a
833 439 920 493 tali
969 438 1222 504 deinceps
1263 439 1525 493 seditione
1572 448 1626 492 ct
1674 446 1854 505 pastor
1881 439 1934 497 Α
1960 438 2094 491 hanc
2119 438 2434 492 humilitatis
2454 439 2835 492 confessionem
2855 447 2911 493 et
2932 439 3062 492 mihi
3080 455 3107 491 a
3134 436 3535 499 Oenunia-da.

289 543 341 587 et
370 549 496 602 grex
520 532 675 586 alieni
707 533 955 586 existant.
983 530 1115 596 Quia
1146 532 1245 586 etsi
1277 544 1607 599 nequaquam
1633 544 1728 584 eos
1759 544 1855 598 per

288 623 389 679 hoc
417 621 631 685 factum,
665 631 846 691 utpote
868 622 1178 689 incipientes
1208 622 1495 689 ptenitere,
1521 621 1853 674 damnandos

289 714 555 769 sfﬂrmare
585 715 861 775 audemus,
893 729 1017 768 cum
1047 713 1255 767 scilicet
1288 722 1466 782 pastor
1496 712 1597 767 zeli
1622 712 1850 776 fervore,

287 814 339 859 et
364 820 489 874 grex
520 805 950 873 pusillanimitate
978 806 1261 868 erraverit;
1291 815 1492 858 tantum
1521 802 1617 877 [ἔτ’.
1652 803 1853 875 tamen]

287 895 545 952 incertum
576 908 654 948 est
684 905 855 950 utrum
888 911 982 951 eos
1012 897 1129 951 haec
1152 897 1334 966 iudicii
1366 898 1627 951 sententia
1652 897 1717 950 ad
1745 897 1853 965 ple-

286 1000 411 1039 num
465 985 619 1053 hujus
665 995 842 1040 reatus
894 987 1117 1041 crimine
1168 988 1540 1054 mandaverit,
1571 1002 1636 1039 an
1693 987 1851 1040 etiam

284 1077 571 1143 purgatorii
622 1084 647 1111 ⁸
703 1086 822 1145 post
878 1087 1103 1130 mortem
1157 1077 1415 1146 supplicio
1470 1077 1605 1145 ignis
1658 1076 1853 1132 fuerint

281 1167 529 1222 absoluti.
572 1168 716 1223 Obiit
764 1180 940 1224 autem
974 1169 1110 1223 Taso
1160 1170 1448 1238 prmdictus
1478 1169 1633 1223 Pater
1666 1184 1724 1222 ιιι
1771 1168 1848 1224 ld.

279 1256 579 1323 Januarias,
613 1273 754 1313 anno
783 1259 1059 1313 dominicae
1090 1259 1464 1314 incarnationis
1492 1260 1853 1329 septingente-

278 1345 417 1400 simo
447 1346 701 1415 vigesimo
728 1363 889 1414 nono,
913 1349 1205 1403 indictione
1235 1350 1291 1404 11
1328 1349 1440 1422 [L.,
1474 1348 1584 1420 l2].

402 1436 559 1501 Fratri
585 1437 811 1498 praelatus
836 1452 1023 1499 poenam
1047 1439 1173 1488 Taso
1194 1439 1386 1501 fertque
1413 1449 1581 1490 reatus

400 1498 552 1563 énnis
575 1506 683 1559 post
707 1508 814 1549 octo
836 1498 1069 1563 migrans,
1098 1503 1175 1549 cui
1199 1498 1416 1551 cesserat
1440 1504 1559 1551 ordo
1586 1516 1598 1552 :

401 1559 559 1618 Quem
581 1563 802 1622 sequitur
826 1559 1024 1610 t'rat‘rum
1050 1559 1280 1611 numerus
1297 1564 1387 1611 sub
1405 1572 1544 1624 peste
1568 1573 1787 1614 necatus.

358 1642 440 1696 17.
494 1642 789 1696 Succedunt
835 1656 1090 1713 prmierea
1142 1653 1260 1713 post
1311 1644 1469 1714 hujus
1520 1645 1849 1701 discriminis

276 1731 416 1787 luem
445 1775 460 1799 ,
512 1743 569 1787 ut
590 1734 806 1800 assolet,
829 1735 947 1789 laeta
979 1736 1219 1803 quaedam
1250 1745 1409 1804 atque
1436 1735 1687 1804 jucunda,
1728 1750 1847 1790 cnm

1962 528 2101 583 bitur
2126 571 2142 596 ,
2174 539 2224 584 et
2273 530 2378 584 illis
2407 530 2631 583 salubris
2678 531 2939 585 correctio
2969 533 3385 586 ministrabitor.
3420 538 3535 594 Sed

1958 622 2097 678 unde
2110 624 2395 678 exordiar?
2423 623 2562 678 unde
2583 623 2849 693 loquendo
2874 627 3080 679 initium
3102 626 3341 680 saluam?
3364 632 3533 686 Omni

1960 716 2101 768 enim
2137 730 2203 769 ex
2223 723 2623 782 partesanctum
2663 729 2693 767 a
2718 714 2869 767 nobis
2902 718 3227 782 propositum
3265 718 3525 787 vio’atur,

1956 814 2010 859 et
2036 819 2169 871 pene
2199 804 2327 857 nihil
2356 804 2507 856 nobis
2538 812 2801 870 superest,
2837 803 2937 857 nisi
2970 804 3105 870 quod
3129 815 3347 859 sanctus
3370 806 3533 864 Pater

1956 897 2201 966 praedixit
2230 896 2539 950 Benedictus
2570 893 2729 964 (Reg.
2756 910 2878 960 cap.
2909 895 2997 959 1.),
3049 910 3142 962 per
3168 904 3443 953 tonsuram
3472 912 3529 955 et

1957 986 2194 1042 habitum
2225 1000 2320 1039 nos
2365 985 2475 1040 Deo
2507 985 2739 1039 mentiri.
2778 985 3026 1040 Videmur
3073 1001 3210 1052 pene
3233 1004 3423 1044 omnes
3454 996 3521 1045 ad

1954 1081 2254 1150 superbiam
2284 1080 2531 1148 prompti,
2558 1078 2621 1131 ad
2649 1079 3064 1143 contentionem,
3087 1080 3151 1133 ad
3180 1082 3518 1151 scandalum,

1954 1172 2020 1226 ad
2045 1172 2452 1234 detractionem,
2483 1170 2548 1223 ad
2583 1170 2937 1232 mendacium,
2967 1173 3032 1225 ad
3064 1172 3518 1241 maledicendum,

1954 1263 2021 1316 ad
2076 1261 2426 1317 accusationis
2480 1259 2794 1321 hesionem,
2854 1260 2919 1314 ad
2971 1262 3405 1328 comumaciam,
3457 1268 3523 1320 ad

1956 1353 2112 1419 iram,
2159 1352 2224 1405 ad
2254 1350 2659 1405 amaritudinem
2692 1362 2746 1406 et
2787 1352 3206 1420 despectionem,
3243 1355 3307 1407 ad
3339 1370 3523 1410 susur-

1954 1446 2239 1508 rationem,
2275 1443 2341 1496 ad
2375 1448 2747 1507 murtnurium,
2772 1444 2836 1496 ad
2865 1446 3061 1512 gulam,
3094 1456 3251 1513 atque
3280 1446 3344 1500 ad
3367 1461 3524 1503 orna-

1955 1546 2063 1590 tum
2099 1537 2322 1590 ve~tium
2372 1549 2554 1588 sumus
2609 1534 2765 1587 illeCti
2796 1554 2808 1588 :
2841 1546 2895 1590 et
2959 1546 3015 1589 ut
3057 1537 3295 1592 breviter
3329 1552 3525 1598 cuncta

1954 1625 2367 1693 perstringamus
2399 1668 2413 1692 ,
2447 1639 2507 1679 ea
2557 1638 2651 1692 per
2675 1639 2800 1692 quas
2844 1627 3012 1679 sancti
3055 1628 3288 1682 coelestia
3320 1646 3513 1687 conse-

1951 1715 2060 1768 cuti
2092 1724 2213 1769 sunt
2241 1730 2424 1784 regna,
2453 1713 2505 1767 id
2548 1722 2628 1766 est
2670 1713 3056 1780 tribulationes,
3092 1720 3514 1784 persecutiones,

275 1834 544 1894 superstes
576 1825 708 1879 Tato
740 1829 855 1881 loco
887 1826 1220 1896 paternitatis
1250 1826 1510 1881 succedit.
1554 1826 1652 1880 Hic
1683 1827 1839 1881 deni-

1955 1808 2299 1862 adversitates
2326 1848 2341 1872 ,
2374 1807 2647 1875 angustias
2669 1847 2686 1872 ,
2751 1807 3022 1874 passiones
3051 1846 3067 1872 ,
3124 1812 3477 1866 contumelias
3504 1849 3522 1877 ,

274 1931 378 1985 que
406 1916 655 1970 virtutum
687 1918 920 1972 omnium
951 1928 1118 1973 matre
1149 1919 1349 1987 plenus
1383 1918 1584 1972 exstitit
1614 1918 1849 1995 Charita-

287 2008 460 2071 te,ia
518 2008 792 2061 animabus
850 2008 1160 2077 colligendis
1218 2007 1678 2072 studiosissimus,
1730 2010 1848 2064 zelo

278 2096 369 2151 Dei
426 2096 866 2167 ferventissimus,
917 2100 1113 2168 pietate
1171 2098 1492 2164 uberrimus,
1526 2099 1848 2155 discretione

277 2194 613 2247 cautissimus
644 2195 875 2263 :qnique
911 2194 1070 2250 veluti
1115 2203 1286 2248 mater
1327 2208 1488 2263 super
1548 2194 1684 2250 filios
1711 2234 1725 2259 ,
1770 2194 1849 2249 sic

249 2289 490 2353 'semper
530 2284 916 2339 sollicitus'fuit
966 2299 1127 2354 super
1156 2285 1448 2353 subjectos,
1493 2286 1837 2354 semetipsum

272 2374 328 2427 in
356 2374 622 2429 laboribus
647 2376 925 2430 durissime
967 2390 1244 2441 exercens,
1283 2378 1427 2446 gregi
1461 2387 1513 2431 ut
1545 2386 1693 2446 pater
1723 2392 1845 2445 par-

274 2480 433 2534 cens;
468 2468 604 2523 inter
638 2469 792 2525 mites
819 2472 999 2525 mitior
1027 2473 1282 2535 existens,
1318 2472 1455 2526 inter
1481 2473 1647 2527 elatos
1672 2475 1843 2527 zelum

271 2558 616 2613 districtionis
669 2575 944 2617 exercens.
1014 2562 1204 2616 Fertur
1256 2563 1419 2617 etiam
1490 2578 1555 2617 ex
1620 2578 1727 2633 quo
1776 2565 1841 2618 ad

278 2653 524 2706 monachi
576 2654 809 2707 habitum
841 2655 1005 2720 venit,
1067 2670 1397 2724 nequaquam
1440 2656 1644 2709 balneis
1686 2671 1841 2710 usum

276 2741 460 2806 fuisse,
503 2759 772 2812 nunquam
825 2753 982 2812 caput
1030 2746 1244 2809 lavisse,
1300 2761 1567 2815 nunquam
1611 2761 1840 2799 novacu-

268 2832 373 2888 lam
425 2849 582 2899 super
621 2846 778 2903 caput
822 2847 911 2890 aut
983 2837 1197 2891 barbam
1250 2837 1518 2891 duxisse:
1577 2845 1652 2903 et,
1700 2839 1840 2906 quod

272 2924 357 2977 bis
384 2924 649 2979 difﬁcilius
698 2935 802 2989 est,
836 2926 1023 2980 diebus
1072 2941 1233 2996 Opere
1275 2942 1526 2981 manuum
1559 2927 1836 2993 insudans,

283 3017 521 3070 noctibus
552 3016 743 3086 vigiliis
794 3020 1061 3087 perpetuis
1110 3035 1343 3086 vacans;
1387 3020 1564 3075 loricre
1612 3036 1743 3075 onus
1774 3020 1840 3075 ad

269 3124 484 3164 carnem
536 3120 777 3179 gestans,
811 3127 1084 3181 quousque
1131 3112 1295 3166 virtus
1347 3112 1584 3182 corporis
1630 3129 1837 3181 praeva-
1870 3147 1915 3206 Ο

268 3200 423 3266 leret,
457 3215 559 3253 non
583 3201 922 3270 deposuisse.
953 3204 1087 3256 Cum
1120 3217 1246 3255 vero
1272 3201 1495 3256 defessis
1519 3216 1581 3257 ac
1613 3203 1841 3273 fatigatis

263 3290 377 3359 iam
410 3290 662 3345 membris
712 3291 847 3346 hanc
877 3292 1016 3345 ferre
1061 3308 1168 3344 non
1199 3302 1401 3360 posset,
1452 3292 1710 3347 circulum
1739 3294 1842 3347 sibi

269 3395 335 3433 ex
391 3380 577 3434 eadem
610 3381 820 3434 occulte
889 3382 1008 3436 ﬁeri
1042 3384 1326 3450 prwcepit,
1379 3397 1535 3447 quem
1577 3391 1630 3435 et
1676 3397 1843 3451 usque

260 3470 329 3526 ad
360 3470 501 3525 diem
550 3474 727 3527 obitus
772 3472 855 3527 sui
906 3473 1151 3541 gestavit.
1205 3474 1351 3526 lluuc
1400 3482 1643 3527 asserunt
1688 3474 1838 3529 lecti-

259 3564 461 3617 sternia
529 3563 812 3634 refugisse.
878 3564 1066 3619 Fertur
1109 3573 1163 3617 et
1212 3564 1597 3619 hebdomadam
1637 3565 1839 3635 jejunio

258 3655 551 3723 peregisse.
580 3654 669 3707 llis
703 3655 843 3715 enim
877 3668 938 3709 ac
969 3654 1177 3708 caeteris
1204 3655 1485 3709 virtutibus
1511 3656 1743 3724 repletus
1771 3656 1836 3710 ad

260 3745 419 3799 linem
446 3760 611 3814 usque
641 3746 936 3814 per-durans
958 3786 971 3810 ,
1006 3756 1401 3800 consummatus
1456 3746 1585 3799 obiit
1621 3748 1673 3800 in
1712 3762 1838 3815 pace

258 3837 353 3892 111
388 3839 503 3892 ldus
534 3838 864 3904 Decembris,
900 3840 1013 3893 ind.
1048 3838 1219 3893 γετοῦ
1246 3838 1354 3911 [L.,
1383 3839 1457 3910 7],
1482 3840 1616 3894 felici
1645 3842 1837 3909 gaudio

257 3932 436 3997 ltetus,
461 3946 600 3985 anno
641 3931 848 3985 incarn.
884 3931 1162 3985 dominica:
1183 3933 1651 4001 septingentesimo
1678 3934 1834 4005 trige-

256 4023 391 4077 sitno
416 4039 557 4077 nono
584 4023 633 4076 δ.

378 4116 470 4165 llic
494 4118 625 4176 prius
645 4116 883 4171 abiectus,
911 4115 960 4163 fit
984 4122 1148 4175 postea
1176 4125 1335 4175 paS'or
1354 4117 1588 4165 honestus

380 4176 599 4225 Undenis
623 4178 757 4233 actis,
785 4184 1032 4238 postquam
1051 4178 1177 4225 'l‘aso
1198 4177 1401 4238 praefuit,
1429 4181 1581 4227 anuis.

375 4239 448 4287 Ad
474 4240 614 4300 linem
641 4239 819 4285 durans
844 4237 1064 4298 explevit
1089 4237 1305 4299 tempora
1329 4244 1498 4300 longa,

376 4302 468 4359 Qui
493 4299 650 4348 fuerat
671 4312 877 4362 magnus
901 4302 1089 4361 studiis,
1116 4301 1289 4361 opibus
1305 4299 1503 4364 quoique
1527 4302 1708 4363 largus.

323 4384 413 4437 18.
455 4383 580 4437 Ha'c
635 4384 701 4437 de
749 4385 831 4436 bis
862 4383 1061 4436 dixisse
1101 4384 1392 4452 sufﬁciant,
1448 4400 1671 4453 quorum
1733 4400 1829 4441 nos

1956 1898 2332 1962 humilitatem,
2382 1898 2766 1965 subiectionem
2788 1941 2804 1963 ,
2841 1914 2937 1966 pan
2969 1908 3222 1967 pertatem
3279 1901 3402 1955 odio
3436 1903 3525 1956 ha-

1952 1990 2181 2054 bentes;
2216 2004 2334 2056 qua:
2389 1998 2573 2042 nostra
2626 1997 2770 2054 sunt,
2830 2006 2935 2045 non
2969 2006 3085 2058 quae
3136 1992 3353 2046 alterius
3382 2010 3523 2062 quac-

1951 2087 2170 2142 rentes;
2206 2077 2365 2133 falsos
2400 2076 2633 2132 honores
2662 2086 2997 2146 appetentes,
3053 2095 3114 2135 ac
3156 2097 3247 2149 per
3302 2083 3404 2137 hoc
3432 2084 3518 2139 in-

1948 2169 2118 2223 vit-em
2156 2169 2479 2232 invidentes,
2509 2168 2734 2224 invicem
2773 2170 3076 2224 mordentes
3111 2174 3410 2242 ;quidquid
3443 2176 3511 2230 ad

1948 2273 2187 2327 prtesens
2233 2260 2486 2324 delectat,
2521 2259 2774 2329 quidquid
2822 2259 3144 2323 dulcedinis,
3179 2270 3286 2314 tota
3338 2272 3515 2317 mente

1949 2350 2289 2416 requirimus,
2319 2350 2496 2406 nescio
2528 2365 2619 2419 per
2663 2349 2801 2420 quod
2831 2350 2972 2404 aliud
3000 2350 3123 2415 iter,
3169 2350 3381 2406 fallente
3412 2368 3508 2407 nos

1948 2442 2059 2496 vistt
2116 2444 2410 2509 interiore,
2464 2460 2494 2497 a
2543 2453 2848 2498 sanctorum
2901 2443 3037 2498 calle
3088 2444 3400 2510 deviantcs,
3453 2448 3519 2500 ad

1948 2534 2106 2589 vitam
2156 2551 2254 2589 nos
2304 2550 2461 2605 posse
2502 2536 2779 2603 pervenire
2834 2536 3175 2590 conlidimus.
3243 2536 3333 2590 Ait
3374 2539 3515 2591 enim

1946 2628 2198 2682 Dominus
2231 2646 2245 2682 :
2277 2630 2426 2683 Arcta
2468 2639 2514 2683 et
2540 2640 2755 2700 angusta
2784 2629 2862 2682 via
2888 2638 2963 2683 est
3007 2643 3120 2695 ante
3149 2628 3292 2682 ducit
3339 2629 3407 2682 ad
3434 2631 3515 2684 tti-

1943 2729 2066 2785 tam,
2097 2731 2142 2773 et
2171 2722 2317 2788 pauci
2348 2730 2465 2773 sunt
2496 2722 2582 2790 qui
2610 2722 2798 2774 intrant
2828 2737 2914 2788 per
2935 2736 3046 2773 eam
3078 2718 3259 2787 (Matt.
3282 2722 3336 2785 7,
3372 2720 3469 2775 Mi
3495 2740 3509 2785 ;

1943 2816 2053 2867 Act.
2091 2829 2204 2882 xiv,
2228 2813 2344 2883 ‘21).
2366 2816 2651 2884 Apostolus
2677 2829 2799 2867 vero
2830 2813 2959 2867 dixit
2984 2828 2999 2866 :
3027 2812 3127 2867 Per
3147 2814 3333 2866 multas
3357 2814 3519 2867 tribu-

1941 2903 2153 2957 latioucs
2176 2912 2370 2969 oportet
2402 2920 2495 2957 nos
2523 2903 2733 2956 introire
2771 2904 2821 2956 in
2849 2919 3062 2972 regnum
3088 2901 3183 2955 Dei
3205 2901 3382 2970 (Rom.
3408 2919 3519 2971 vrtt,

1944 2994 2049 3061 17).
2094 2997 2159 3049 Et
2184 2995 2373 3049 iterum
2405 3013 2425 3049 ελ
2451 2995 2512 3050 Si
2556 3012 2656 3049 non
2702 2996 3062 3061 sompatimur,
3094 3011 3185 3048 nec
3234 3011 3517 3065 conregna-

1945 3087 2109 3140 bimus
2138 3086 2236 3157 (II
2265 3087 2396 3141 Tim.
2439 3103 2497 3150 tt,
2528 3087 2616 3156 12)
2645 3104 2659 3150 ;
2687 3098 2761 3150 et,
2820 3086 2987 3139 Nemo
3049 3085 3393 3150 coronabitur,
3426 3088 3520 3139 nisi

1945 3179 2029 3245 qui
2060 3179 2282 3246 legitime
2310 3180 2570 3231 certaverit
2630 3180 2646 3244 (
2678 3178 2815 3231 Ibid.
2843 3179 2875 3232 5
2901 3179 2942 3247 ).
2980 3177 3072 3231 Eia
3092 3217 3106 3243 ,
3146 3180 3388 3232 monachi
3420 3192 3518 3232 no-

1942 3268 2063 3329 stri,
2093 3267 2219 3336 quid
2250 3267 2315 3319 ad
2371 3268 2482 3320 lia-c
2510 3268 2699 3320 dicturi
2752 3268 2975 3321 smnus?
3026 3278 3115 3319 aut
3163 3266 3341 3335 (quod
3373 3268 3513 3319 enim

1942 3355 2093 3409 nefas
2121 3356 2235 3424 est)
2269 3356 2599 3429 Scripturam
2654 3356 2984 3421 mendacem,
3018 3365 3109 3408 aut
3156 3356 3511 3424 nosmetipsos

1944 3449 2229 3505 mendaces
2284 3450 2544 3506 veraciter
2596 3451 3004 3519 appellabimus.
3048 3451 3180 3507 Sine
3232 3452 3333 3505 via.
3370 3454 3511 3507 enim

1941 3543 2283 3598 tendentibus
2338 3544 2489 3598 labor
2538 3552 2621 3598 est
2667 3544 2896 3607 itineris,
2927 3560 3032 3598 non
3080 3547 3369 3613 profecws.
3405 3548 3515 3601 Aut

1942 3635 2078 3691 forte
2157 3636 2366 3706 decepti
2421 3638 2600 3691 dicere
2676 3640 2969 3706 poterimus
3048 3637 3168 3708 (ut
3218 3637 3515 3699 secundum

1940 3728 2209 3783 iniseriam
2262 3737 2499 3782 nostram
2527 3729 2711 3798 loquar
2742 3729 2761 3797 )
2795 3730 3072 3784 Dominum
3097 3728 3319 3786 dixisse:
3372 3732 3515 3785 Beati

1937 3819 2023 3888 qui
2060 3818 2227 3873 induti
2252 3828 2374 3873 sunt
2402 3835 2566 3887 cappa
2600 3860 2616 3884 ,
2647 3820 2728 3874 vel
2760 3821 2848 3889 qui
2900 3837 3063 3889 usque
3093 3824 3145 3875 in
3191 3824 3376 3878 horam
3421 3839 3515 3877 no-

1939 3927 2059 3964 nam
2106 3910 2396 3981 jejunant?
2428 3928 2754 3983 nequaquam
2781 3930 2795 3978 ;
2824 3914 2957 3967 dixit
3003 3925 3181 3969 autem
3210 3918 3277 3970 de
3311 3916 3393 3970 bis
3425 3917 3512 3984 qui

1937 4008 2120 4061 falsam
2172 4009 2479 4077 religionum
2535 4010 2916 4076 praetendunt:
2968 4009 3187 4063 Veniunt
3235 4011 3301 4063 ad
3330 4027 3414 4064 vos
3458 4012 3511 4063 iu

1934 4101 2235 4154 vestimentis
2278 4102 2472 4165 avium,
2520 4101 2822 4157 intrinsecus
2861 4110 3027 4155 autem
3073 4111 3190 4153 sunt
3220 4103 3327 4168 lupi
3358 4117 3511 4170 rapa-

1934 4210 2014 4247 ces
2045 4193 2261 4264 (Matth.
2290 4211 2340 4257 v,
2365 4194 2463 4263 5).
2497 4195 2570 4248 De
2617 4196 2721 4247 illis
2775 4206 2983 4258 autem,
3019 4196 3107 4263 qui
3160 4194 3295 4248 beati
3350 4194 3509 4248 futuri

1932 4293 2076 4346 sunt,
2132 4284 2208 4336 ait
2240 4300 2251 4335 :
2283 4280 2425 4335 Beati
2474 4298 2720 4352 pauperes
2758 4283 2962 4349 spiritu,
3012 4283 3253 4349 quoniam
3283 4284 3510 4352 ipsorum

1933 4383 2004 4427 est
2028 4390 2239 4445 regnum
2271 4376 2510 4428 caelorum
2531 4416 2545 4438 ,
2596 4386 2701 4429 etc.
2757 4354 3096 4430 Intendatuus
3126 4375 3213 4443 qui
3269 4375 3385 4429 haec
3413 4376 3509 4429 ab-

250 4478 495 4545 esempla
519 4492 579 4529 ac
602 4476 736 4529 facta
768 4477 1030 4543 praeclara
1057 4476 1123 4530 de
1150 4478 1329 4531 saeculi
1361 4479 1569 4532 turbine
1595 4480 1660 4531 ad
1691 4480 1826 4532 hanc

1941 4468 2248 4532 horremus,
2308 4470 2499 4538 quibus
2548 4468 2720 4525 modis
2754 4470 2805 4523 in
2852 4469 3128 4538 Scriptura
3180 4471 3509 4524 detestantur

250 4569 485 4639 quietem
520 4569 902 4637 perduxerunt.
936 4569 1038 4623 Sed
1073 4570 1259 4623 horum
1291 4574 1613 4638 aspicientes
1644 4573 1818 4627 fervo-

249 4673 386 4723 rem,
440 4658 585 4727 cogit
630 4674 726 4712 nos
778 4661 1005 4727 gemitus
1052 4660 1251 4728 aliquid
1300 4662 1486 4716 dicere
1515 4663 1581 4716 de
1627 4674 1824 4717 nostra:

238 4752 676 4807 ‘couversationis
716 4764 921 4822 tepore,
972 4764 1023 4806 et
1072 4769 1372 4822 quanquam
1405 4757 1667 4823 meipsum
1719 4758 1824 4825 pri-

249 4861 337 4898 mo
364 4845 521 4897 ferire
554 4846 817 4915 loquendo
847 4846 1433 4911 pertimescam,tatnen
1457 4863 1517 4901 ea
1545 4849 1597 4901 in
1631 4850 1824 4916 quibus

246 4937 419 5005 iaceo,
440 4950 489 4991 et
515 4940 642 4991 mihi
672 4939 874 4992 similes
900 4938 1081 5008 jacere
1106 4954 1371 5007 cognosco
1391 4982 1405 5005 ,
1431 4955 1680 4995 enarrare
1700 4945 1821 4995 vitia

246 5030 456 5083 sublato
486 5031 685 5099 pudore
707 5042 727 5068 α
763 5048 867 5085 non
895 5036 1229 5089 erubescam.
1259 5032 1522 5089 Fortassis
1555 5036 1697 5089 enim
1730 5049 1824 5102 per

320 5216 346 5243 ⁸
376 5208 448 5262 En
484 5210 629 5263 locus
659 5210 968 5264 manifestus
997 5211 1065 5265 de
1097 5211 1435 5275 Purgatorio,
1460 5210 1526 5266 de
1553 5226 1659 5279 quo
1688 5212 1817 5268 Gre-

244 5280 424 5349 gorius
447 5280 662 5349 Magnus
693 5281 781 5332 lib.
815 5297 864 5333 Iv
900 5282 1189 5343 Di:t|.,ca|t.
1224 5282 1313 5346 59,
1342 5292 1395 5333 et
1422 5282 1532 5337 alii.

319 5346 346 5385 δ
368 5346 555 5402 Tatoni
590 5353 843 5402 successit
868 5352 990 5413 Ato,
1033 5368 1189 5420 quem
1224 5368 1323 5403 una
1353 5367 1470 5403 cum
1502 5353 1697 5417 Optato
1720 5354 1817 5407 ab-

244 5420 368 5473 bate
398 5420 644 5489 Casinate
701 5420 1001 5488 Stephanus
1034 5439 1164 5489 papa
1215 5421 1251 5475 Il
1292 5422 1358 5474 ad
1386 5422 1812 5477 lenientlumxAi-

244 5488 463 5560 stn’lfum
515 5488 775 5543 direxisse
850 5488 1192 5546 memoratur.
1266 5494 1403 5560 Lege
1469 5494 1808 5548 Anastasium

244 5559 731 5613 Biblii‘itliecarinm.

316 5639 339 5664 π
376 5629 461 5682 l’ia
494 5644 622 5683 sane
647 5629 993 5698 impudentia.
1015 5630 1174 5683 Paulo
1203 5633 1341 5685 enim
1362 5633 1538 5684 minus
1567 5640 1810 5699 posteros

245 5699 469 5753 interest
498 5702 762 5769 majorum
787 5717 1073 5768 agnoscere
1103 5704 1225 5755 vitia
1274 5718 1430 5770 quam
1464 5702 1680 5756 virtutes
1712 5722 1720 5757 :
1751 5715 1806 5759 et

236 5770 526 5839 criminum
578 5772 870 5828 alienorum
923 5773 1456 5843 pudor,sequacibus
1511 5778 1689 5845 cautio
1719 5787 1798 5831 est

1935 4577 1998 4616 ea
2030 4577 2148 4629 quae
2179 4575 2321 4615 nunc
2350 4562 2499 4629 sequi
2528 4560 2796 4615 videmur.
2829 4560 3100 4630 Scriptum
3134 4577 3362 4632 namque
3388 4570 3505 4616 est:

1930 4653 2174 4723 Superbia
2215 4653 2359 4708 Deus.
2389 4654 2596 4719 resistit,
2650 4654 2927 4707 humilibus
2963 4664 3132 4706 autem
3174 4654 3262 4708 dat
3292 4655 3505 4725 gratiam

1928 4745 2066 4809 (Jac.
2100 4762 2171 4810 tv,
2197 4745 2251 4811 6)
2277 4761 2292 4809 ;
2326 4754 2396 4809 et,
2428 4745 2529 4809 Qui
2556 4743 2773 4797 detrahit
2795 4745 2966 4814 fratri,
2989 4743 3502 4813 eradicabitur(lbid.

1930 4836 2057 4905 il);
2106 4847 2192 4901 et,
2245 4834 2425 4907 Neque
2480 4835 2716 4888 maledici
2772 4852 2979 4905 regnum
3042 4838 3133 4889 Dei
3180 4835 3503 4904 possidebunt

1927 4925 1984 4998 (1.
2005 4927 2121 4981 Car.
2150 4943 2220 4992 vi,
2248 4927 2335 4996 10)
2364 4944 2377 4992 ;
2414 4935 2489 4993 et,
2522 4926 2711 4983 Perdet
2752 4945 2836 4983 eos
2868 4931 2952 4997 qui
2984 4928 3260 4996 loquuntur
3294 4928 3501 4981 menda-

1924 5020 2057 5075 cium
2088 5018 2260 5091 (Psal.
2295 5035 2346 5084 v,
2382 5016 2476 5088 7);
2507 5016 2561 5074 et
2581 5060 2595 5086 ,
2621 5020 2812 5076 Cecidit
2862 5029 3129 5075 accusator
3166 5022 3381 5073 fratrum
3410 5036 3499 5074 no-

1928 5222 1983 5284 ct
2011 5211 2263 5284 inchoata
2282 5214 2560 5268 correctio.
2602 5216 2799 5271 Eodem
2852 5214 3035 5269 animo
3067 5216 3325 5284 impulsus
3378 5229 3493 5271 erat

1919 5282 2381 5363 CIII'QIIOnglIUS.
2405 5284 2775 5363 ξ1¹ιηιιι1ρηίειιιιμδ
2808 5328 2821 5350 ,
2888 5288 2995 5363 qui
3030 5282 3229 5341 idcirco
3286 5287 3337 5341 in
3408 5290 3489 5363 hi-

1919 5353 2078 5425 storia
2131 5353 2440 5408 ntouasterii
2496 5356 2575 5409 sui
2632 5353 3169 5424 majorum‘virtutes
3220 5359 3482 5425 expressit

1916 5423 2072 5498 simul
2098 5431 2152 5498 et
2182 5426 2325 5485 vitia,
2360 5434 2416 5477 ut
2441 5430 2566 5498 dum
2585 5423 2822 5498 probitas
2850 5442 2939 5479 seu
2970 5429 3269 5496 improbitas
3296 5423 3480 5498 singu-

1916 5491 2080 5565 larum
2130 5496 2377 5563 legeretur
2406 5535 2420 5556 ,
2454 5491 2601 5551 υτοὺὶ
2641 5497 2872 5564 priorum
2919 5491 3153 5565 exemplo
3198 5491 3402 5551 accensi
3442 5501 3492 5551 iu

1914 5563 2092 5640 melius
2121 5573 2166 5617 et
2196 5566 2376 5618 melius
2402 5580 2616 5640 semper
2644 5563 2921 5640 proﬁciant
2944 5584 2962 5632 ;
2996 5563 3213 5640 improbi
3239 5568 3480 5640 imagina-

1913 5643 1963 5685 ta
2000 5637 2109 5716 cita
2162 5652 2254 5689 sua
2292 5634 2529 5702 confusi,
2591 5651 2621 5688 a
2698 5638 2847 5693 malis
2876 5634 3107 5709 operibus
3157 5634 3492 5701 sttisstiltem

1912 5720 2063 5774 rcstpt
2074 5719 2228 5760 :caut.
