3992 6478
305 389 378 473 at
1708 390 2195 456 BREVIARIUM

315 505 622 562 successori
673 504 838 575 hujus
886 506 1058 561 nostri
1122 503 1397 560 Anastasii
1447 503 1654 559 tribuit.
1708 503 1898 559 Potius

316 598 651 654 credendum
688 598 891 670 Glycze,
920 608 978 652 et
1013 597 1157 664 aliis,
1187 597 1283 667 qui
1312 596 1531 651 nomine
1569 594 1792 650 Sinaitae
1818 594 1899 650 ci-

315 701 453 745 tant.
514 689 755 745 llabetur
800 690 988 746 Graece
1037 691 1091 744 in
1120 689 1450 745 bibliotheca
1484 687 1742 743 Bavarica
1772 686 1897 742 cod.

315 783 445 842 202.
473 795 529 837 et
565 785 690 837 cod.
742 783 870 838 241.
908 782 973 838 ll.
1009 783 1088 837 De
1122 782 1278 836 rectis
1315 779 1444 852 ﬁdei
1488 781 1777 837 Catholica:
1809 779 1903 833 do-

320 877 582 946 gmatibus
610 876 754 940 libri,
776 891 871 930 seu
899 877 1177 930 orationes
1203 890 1256 940 ν,
1285 874 1581 944 interprete
1610 872 1905 928 Godel‘rido

321 965 631 1020 Tilmauno.
662 965 892 1021 Easdem
920 965 1048 1021 olim
1090 965 1386 1020 Latinitate
1416 966 1644 1019 donavit
1678 961 1905 1018 Franci-

325 1074 452 1113 scus
472 1057 798 1112 Turrianus.
822 1058 930 1113 Sed
950 1058 1128 1112 versio
1146 1057 1269 1127 ejus
1287 1056 1519 1112 necdum
1544 1055 1677 1110 vidit
1705 1055 1903 1108 lucem.

323 1148 541 1205 Videbit
569 1150 867 1221 aliquando
893 1165 1016 1205 cum
1041 1148 1335 1204 Theodoro
1371 1150 1690 1220 presbytero
1717 1146 1909 1200 Laure:

325 1243 549 1308 llaitlm,
589 1246 749 1313 cujus
801 1242 1269 1315 προπαρασκευὴν
1309 1243 1572 1297 adversus
1623 1239 1910 1294 haereticos

324 1336 468 1390 idem
502 1334 810 1390 Turriantts
855 1334 1151 1389 Latinitate
1197 1333 1439 1389 donavit.
1484 1331 1573 1389 lll.
1629 1330 1818 1386 Oratio
1849 1335 1911 1384 de

325 1444 482 1482 sacra
515 1426 862 1481 Eucharistia
897 1437 947 1480 et
978 1426 1042 1481 de
1080 1443 1186 1480 non
1213 1425 1532 1491 iudicando,
1584 1423 1749 1495 deque
1777 1423 1912 1477 obli-

325 1520 474 1572 vione
500 1517 849 1586 injuriarunt.
891 1516 980 1572 IV.
1018 1516 1209 1573 Oratio
1242 1534 1333 1570 seu
1367 1514 1605 1568 Homilia
1628 1515 1680 1568 in
1707 1523 1911 1567 sextum

327 1608 633 1671 Psalmum,
661 1609 820 1678 cujus
848 1609 1094 1663 meminit
1123 1605 1461 1676 Nicephorus
1492 1606 1587 1660 lib.
1608 1621 1738 1660 xvm
1765 1606 1911 1659 Hist.

329 1701 652 1761 ecclesias!"
701 1715 823 1770 cap.
877 1700 965 1755 44.
1030 1698 1328 1769 Utramque
1395 1697 1568 1753 edidit
1630 1695 1817 1751 Graece
1862 1702 1917 1749 et

335 1789 530 1845 Latine
563 1791 622 1846 D.
655 1789 924 1845 Henricus
951 1789 1207 1845 Canisius
1237 1800 1387 1843 tomo
1418 1786 1480 1841 lll
1510 1788 1685 1856 Antiq.
1718 1784 1863 1839 Lect.

408 1883 453 1936 A
494 1883 786 1938 rollectore
833 1882 1180 1937 Bibliothecae
1237 1880 1338 1935 SS.
1393 1880 1618 1934 Patrum
1673 1893 1915 1933 comme-

333 1989 623 2032 morantur
649 1978 764 2032 haec
802 1976 1165 2031 Anastasiana
1202 1975 1426 2029 inedita.
1459 1972 1649 2028 Oratio
1696 1972 1765 2026 ad
1803 1973 1917 2027 Anc

337 2074 631 2138 tiocheuos,
665 2073 718 2126 in
751 2072 1006 2143 ingressu
1038 2087 1142 2127 suo
1177 2070 1246 2125 ad
1285 2069 1657 2139 episcopatum
1693 2069 1916 2140 scripta,

334 2167 402 2220 de
429 2179 538 2234 qua
575 2163 937 2233 Nicephorus.
973 2162 1160 2217 Oratio
1187 2162 1579 2231 pacificatoria,
1623 2176 1785 2228 quam
1821 2161 1921 2215 tri-

336 2257 546 2326 gesimo
571 2256 733 2311 tertio
757 2270 903 2309 anno
931 2254 986 2308 in
1010 2255 1193 2310 sedem
1214 2269 1370 2309 suam
1394 2254 1682 2310 restitutus
1708 2254 1920 2311 habuit.

299 2360 303 2366 '
342 2350 418 2404 De
450 2365 558 2419 qua
593 2350 734 2404 idem
773 2348 1134 2419 Nicephorus.
1178 2348 1256 2401 Ad
1291 2349 1624 2418 interrogata
1656 2358 1924 2404 monaste-

339 2445 543 2496 riorum
604 2441 791 2511 prima:
839 2449 889 2494 et
922 2441 1167 2495 secunde
1213 2437 1387 2510 Syria:
1418 2430 1811 2509 responsiones.
1843 2440 1925 2494 Ad

338 2534 691 2588 Antias/ianos
736 2533 1156 2601 συντακτήριον,
1210 2547 1331 2595 seu,
1395 2531 1459 2585 de
1504 2531 1814 2599 disciplina.
1849 2531 1926 2586 De

341 2625 737 2683 constructione
758 2625 986 2678 hominis
1010 2623 1135 2677 libri
1155 2624 1282 2678 duo.
1301 2623 1687 2692 Contemplatio
1704 2624 1926 2695 mystica

340 2719 648 2791 passionum
676 2716 902 2774 Christi.
938 2715 1259 2771 Encomium
1285 2713 1527 2787 ﬁgypti.
1559 2715 1801 2782 Quaestio
1829 2715 1929 2768 ad-

341 2829 521 2869 versus
549 2829 635 2867 eos
660 2813 750 2882 qui
779 2813 834 2866 in
861 2811 1052 2866 diuinis
1088 2810 1271 2864 dicunt
1311 2819 1415 2864 tres
1438 2810 1717 2864 essentias.
1743 2807 1930 2864 Oratio

343 2907 408 2960 de
436 2904 863 2971 Resurrectione,
895 2919 1060 2974 quam
1094 2917 1238 2972 saepe
1270 2902 1399 2957 citat
1430 2900 1648 2973 Glycas.
1697 2898 1809 2956 Nec
1847 2908 1931 2954 est

346 2998 437 3053 illa
494 3014 616 3068 quae
663 2999 915 3068 quintum
965 2996 1164 3051 librum
1210 2995 1278 3051 de
1318 2995 1482 3050 rectis
1534 2994 1656 3049 ﬁdei
1699 2994 1929 3066 dogma-

347 3091 495 3147 tibus
528 3080 776 3156 conlicit;
840 3104 962 3144 cum
1008 3089 1126 3143 loca
1174 3102 1295 3158 quae
1336 3086 1532 3158 Glycas
1572 3087 1706 3142 citat
1748 3086 1802 3141 in
1864 3101 1930 3141 ea

347 3203 455 3241 non
483 3187 851 3240 inveniantur.
886 3183 1076 3239 Oratio
1106 3184 1168 3238 ile
1192 3183 1665 3253 trausﬁguratione
1693 3181 1928 3236 Domini.

349 3276 566 3333 Citatur
598 3277 890 3346 aliquoties
915 3291 945 3330 a
969 3274 1181 3330 Joanne
1213 3274 1591 3346 Cyparissioto
1622 3270 1832 3329 Decade
1857 3290 1930 3336 vi,

349 3386 471 3440 cap.
504 3369 561 3435 4,
598 3369 650 3432 5,
686 3368 742 3423 7.
771 3367 1032 3438 Ejusdem
1060 3366 1365 3442 orationem
1392 3366 1449 3419 in
1478 3381 1664 3419 nouam
1695 3364 1935 3418 Domini-

351 3478 469 3515 cam
485 3471 539 3515 et
556 3462 608 3514 in
626 3460 936 3530 Apostolum
954 3459 1244 3523 Thomam,
1263 3458 1395 3513 citat
1414 3456 1789 3512 Damascenus
1810 3471 1938 3511 ora-

356 3557 502 3608 tione
530 3552 687 3605 tertia
711 3553 777 3606 de
796 3550 1161 3621 Imaginibus.
1191 3550 1251 3602 ln
1270 3548 1506 3604 concilio
1524 3547 1696 3602 altero
1718 3544 1940 3601 Nicaano

354 3655 462 3700 act.
495 3645 553 3707 4,
591 3644 798 3698 mentio
835 3644 893 3697 tlt
942 3642 1214 3698 sermonis
1262 3639 1327 3696 de
1376 3639 1631 3707 Sabbato,
1666 3637 1728 3693 Β.
1766 3637 1940 3693 Patris

353 3734 634 3789 Anastasii
686 3734 754 3789 ad
791 3732 1103 3787 Simeonem
1134 3732 1455 3802 episcopum
1486 3728 1851 3796 Bostrorum;
1886 3736 1945 3784 et

353 3828 611 3898 epistolw,
647 3841 744 3899 per
778 3843 939 3898 quam
975 3826 1269 3897 respondet
1294 3824 1513 3881 cuidam
1540 3822 1609 3878 ad
1645 3821 1946 3879 dubitatio-

3555 381 3645 445 3?

2001 520 2124 561 nem
2155 505 2473 576 quamdam,
2503 520 2570 562 ex
2592 520 2702 577 qus
2725 504 2970 576 expediri
2999 502 3280 573 cupiebat.
3312 497 3640 556 Sermonis

1999 601 2064 655 de
2124 599 2364 656 Sabbata
2408 598 2657 655 meminit
2711 598 2881 654 etiam
2919 596 3304 653 Damsscenus
3353 593 3645 649 oratione

2001 698 2180 754 tertia.

2076 813 2134 867 lu
2170 810 2358 868 codice
2382 810 2727 880 Augustano,
2758 824 2921 879 quem
2948 822 3119 878 supra
3145 804 3407 870 laudavi,
3455 809 3522 857 et
3575 799 3640 854 in

2004 921 2118 978 quo
2163 904 2387 974 Ὀδηγὸς
2445 903 2617 965 inest,
2683 899 2997 956 continetur
3062 899 3227 953 etiam
3298 896 3419 951 sub
3467 893 3640 947 Ana-

2007 996 2159 1052 stasii
2179 994 2420 1065 episcopi
2437 992 2840 1062 Theopolitani,
2866 1006 2962 1045 seu
2980 985 3346 1053 Antiocheni,
3385 982 3641 1039 nomine

2018 1089 2311 1159 Ἐξήγησις
2343 1084 2599 1156 περὶτῶν
2629 1085 2689 1137 ὲν
2711 1082 2934 1154 Περσίδι
2968 1079 3370 1152 πραχθέντων*
3398 1074 3643 1132 Πειαιὲο

2008 1181 2072 1235 de
2106 1189 2260 1233 rebus
2309 1178 2465 1247 gestis
2516 1178 2573 1230 in
2626 1174 2849 1240 Persia,
2897 1173 3157 1228 nimirum
3206 1171 3275 1226 de
3327 1169 3642 1237 discepta-

2014 1274 2159 1326 tione
2188 1268 2631 1325 Christianorum
2668 1266 2964 1336 prtesulum
3004 1279 3129 1318 cum
3164 1260 3443 1325 ethnicis,
3473 1256 3644 1313 Grat-

2011 1364 2094 1418 cis
2114 1401 2129 1427 ,
2152 1369 2208 1416 et
2234 1359 2458 1425 Judazis,
2480 1359 2663 1429 judice
2680 1353 3106 1426 Aphrodiasino,
3134 1352 3278 1420 regis
3305 1348 3641 1403 Persarum

2011 1451 2410 1522 archimagiro;
2459 1451 2549 1506 cui
2599 1452 2763 1504 etiam
2800 1462 2873 1503 se.
2895 1444 3223 1500 Anastasius
3279 1438 3644 1496 interfuisse

2012 1547 2185 1611 dicit;
2230 1554 2286 1599 et
2332 1542 2552 1613 quidem
2598 1540 2776 1596 solum
2821 1554 2889 1594 ex
2927 1535 3161 1591 Romani
3222 1532 3463 1603 imperii
3512 1531 3647 1600 epi-

2016 1637 2218 1707 scopis.
2257 1634 2363 1692 Sed
2399 1634 2578 1690 oratio
2613 1633 2708 1687 illa
2738 1631 2847 1686 olet
2879 1629 3071 1707 nescio
3098 1628 3232 1698 quid
3264 1625 3640 1689 fabularum,

2020 1738 2079 1782 ut
2107 1706 2324 1781 dillieile
2355 1724 2565 1778 creditu
2595 1722 2686 1787 sit,
2734 1736 2803 1775 ex
2849 1706 3128 1775 Anastasii
3176 1716 3362 1772 nostri
3401 1712 3642 1768 oﬂlcina

2020 1819 2308 1889 prodiisse.
2326 1814 2759 1871 Exscribendum
2776 1811 2993 1881 quidem
3014 1810 3263 1866 Graecum
3285 1817 3639 1864 contextum

2020 1926 2085 1965 ex
2127 1908 2455 1978 Augustano
2481 1903 2780 1975 exemplari
2811 1916 3156 1963 curaveram,
3201 1910 3256 1955 et
3303 1901 3379 1953 ad
3413 1898 3646 1953 versio-

2023 2018 2144 2056 nem
2183 2015 2269 2054 me
2305 2000 2689 2062 accinxeram;
2742 1993 2837 2052 sed
2881 1994 3227 2048 multitudine
3276 1990 3639 2045 mendorum

2021 2104 2077 2151 et
2120 2083 2426 2149 fabularum
2476 2091 2740 2156 oﬂ'ensus,
2794 2088 2954 2147 retuli
2995 2087 3227 2157 pedem;
3280 2096 3481 2153 neque
3537 2082 3643 2136 ulli

2010 2199 2156 2262 'puto
2202 2190 2346 2244 hanc
2381 2187 2633 2259 διήγησιν
2660 2184 2778 2241 fore
2813 2182 3078 2256 perviam,
3121 2179 3227 2234 nisi
3266 2174 3646 2233 emendatio-

1991 2313 1994 2316 ~
2024 2299 2163 2346 rem,
2204 2293 2303 2336 aut
2335 2281 2523 2352 plures
2547 2277 2955 2348 manuscriptos
2985 2273 3202 2331 codices
3226 2268 3521 2340 acquirat.

2099 2395 2331 2463 Scripsit
2377 2393 2518 2449 idem
2589 2387 2912 2446 Anastasius
2971 2386 3213 2451 librum,
3267 2397 3340 2436 an
3414 2378 3644 2434 libros?

2027 2492 2221 2541 contra
2260 2481 2531 2538 Joannem
2556 2480 2920 2549 PhiIOponum
2941 2518 2957 2543 ,
2985 2476 3079 2547 qui
3115 2488 3214 2545 pro
3248 2471 3451 2528 Severi
3479 2478 3665 2525 secta.

2027 2585 2085 2632 et
2112 2575 2330 2645 placitis
2369 2572 2690 2642 vulgaverat
2725 2569 2927 2624 librum
2955 2569 3140 2622 decem
3171 2563 3443 2634 capitulis
3475 2577 3644 2617 com-

2029 2668 2384 2740 prehensum,
2428 2673 2568 2720 teste
2591 2662 2903 2733 Nicephoro
2933 2659 3030 2714 lib'.
3060 2673 3193 2714 xvm
3221 2656 3372 2712 Hist.
3412 2654 3642 2717 eccles.,

2032 2758 2273 2828 cap..4'l,
2308 2770 2471 2826 quem
2499 2753 2889 2823 indigitaverat
2914 2748 3218 2821 διαιτητὴν,
3248 2748 3358 2803 hoc
3400 2758 3515 2813 est,
3545 2763 3644 2803 ar.-

2034 2851 2232 2905 bitrum
2263 2849 2349 2904 vel
2365 2847 2640 2918 judicent;
2669 2844 2724 2898 in
2757 2858 2865 2914 quo
2895 2839 3228 2911 Philoponus
3248 2838 3640 2893 Palaemonem

2032 2945 2325 3017 quemdam
2350 2942 2580 3014 agebat,
2610 2948 2665 2994 et
2686 2946 2871 3009 partes
2899 2932 3279 2989 discordantes
3307 2930 3366 2983 in
3396 2942 3644 2993 concor-

2036 3040 2184 3093 diam
2233 3036 2480 3105 redigere
2520 3032 2742 3087 volebat
2782 3028 2939 3084 irrito
2979 3034 3209 3090 conatu;
3258 3037 3445 3091 neque
3484 3019 3641 3075 enim

2036 3130 2270 3185 haereses
2310 3140 2408 3197 per
2446 3125 2704 3187 haereses,
2756 3131 3082 3186 erroresque
3118 3129 3216 3185 per
3262 3126 3493 3167 errores
3547 3126 3641 3164 se.

2035 3222 2271 3285 dantur;
2308 3216 2453 3288 quod
2471 3213 2651 3271 ethoc
2685 3221 2929 3281 tempore
2957 3222 2989 3261 a
3018 3203 3297 3260 nonnullis
3317 3202 3646 3273 διαιτηταῖς

2039 3320 2306 3369 tentatum
2330 3307 2594 3373 vidimus,
2630 3319 2739 3358 non
2756 3301 2968 3371 majore
2995 3311 3275 3354 successu.
3302 3294 3453 3350 Hinc
3474 3304 3641 3349 eum-

2038 3405 2165 3461 dem
2189 3404 2385 3457 librum
2407 3402 2573 3456 etiam
2595 3398 2722 3470 περὶ
2739 3394 3006 3458 ὲνὼσεως,
3029 3392 3091 3446 de
3113 3391 3307 3445 unione
3324 3390 3644 3458 inscripse-

2038 3508 2145 3563 rat,
2170 3507 2309 3553 teste
2340 3494 2667 3565 Nicephoro.
2710 3490 2867 3545 Hunc
2894 3488 3096 3542 librum
3123 3500 3247 3540 cum
3286 3483 3381 3538 alii
3421 3480 3645 3537 refuta-

2041 3603 2212 3655 ruut,
2265 3600 2381 3645 tum
2426 3587 2752 3645 Anastasius
2807 3591 3025 3647 noster;
3086 3581 3244 3652 cujus
3315 3575 3647 3632 lucubratio

2046 3686 2299 3750 utinam,
2356 3682 2405 3739 si
2443 3682 2663 3753 penitus
2720 3695 2829 3736 non
2882 3677 3076 3751 periit,
3138 3690 3205 3730 ex
3271 3669 3527 3728 tenebris
3586 3667 3642 3720 in

2045 3780 2223 3836 lucem
2276 3777 2622 3832 educeretur.
3068 3818 3073 3823 ,
3528 3779 3535 3786 ·

363 4138 3631 4183 MM

1156 4410 1651 4476 BREVIABIUM
1711 4409 1911 4469 VITIE
1962 4407 2062 4467 ET
2113 4404 2391 4467 RERUM
2434 4399 2849 4463 GESTARUM

1224 4603 1287 4663 S.
1333 4599 1638 4663 Anastasii
1679 4597 1929 4661 Sinaitat
1969 4591 2341 4676 patriarchas
2379 4586 2781 4653 Antiocheni.

1601 4786 1875 4849 (Gretser.,
1898 4782 2028 4845 Opp.
2045 4786 2082 4832 t.
2121 4779 2246 4841 XIV,
2286 4776 2421 4836 δεῖ.)

454 5015 503 5076 Ι.
548 5013 642 5074 Fit
682 5010 1023 5092 episcopus
1049 4992 1477 5068 Antiochenus
1505 5016 1676 5063 anno
1713 4997 1941 5062 Christi
1995 5014 2170 5059 anr.

451 5142 529 5202 II.
575 5141 912 5219 Repugnat
938 5132 1252 5214 intrepide
1281 5129 1581 5194 haeretico
1612 5127 1819 5190 edicto
1852 5123 2188 5211 Iustiniani
2222 5122 2625 5204 imperatoris
2658 5137 2829 5184 anno
2876 5117 3100 5183 Christi
3149 5134 3361 5181 num.
3393 5117 3481 5179 De
3518 5131 3649 5196 quo

380 5241 523 5319 lege
568 5238 902 5318 Evagrium
938 5235 1049 5297 lib.
1094 5251 1181 5308 IV,
1228 5250 1368 5313 cap.
1408 5229 1507 5292 38.

458 5371 561 5430 Ill.
605 5367 698 5429 Ab
727 5366 863 5445 ejus
911 5361 1153 5444 judicio
1210 5360 1422 5423 caeteri
1466 5356 1801 5422 orthodoxi
1845 5353 2246 5436 pendebant,
2307 5358 2466 5414 teste
2506 5349 2769 5428 Evagrio
2795 5396 2810 5421 ,
2871 5347 3019 5429 quia
3163 5338 3540 5404 sanctissimi
3586 5344 3648 5397 et

381 5467 730 5533 doctissimi
777 5466 944 5528 fama
992 5462 1443 5525 celebrabatur.

462 5588 562 5649 IV.
614 5590 679 5648 [n
710 5585 1001 5648 exsilium
1051 5582 1297 5663 ejicitur
1344 5598 1380 5642 a
1426 5580 1671 5642 Iustino
1711 5579 2093 5659 imperatore
2158 5595 2327 5639 anno
2372 5571 2593 5637 Christi
2646 5588 2893 5645 anxu,
2936 5568 3131 5648 idque
3184 5563 3542 5627 invidorum
3589 5564 3650 5620 et

395 5687 918 5752 calumniatorum
956 5684 1186 5747 studio.
1230 5682 1496 5746 Consule
1532 5681 1861 5759 Evagrium
1892 5682 2003 5743 lib.
2039 5700 2099 5753 ν,
2144 5698 2281 5760 cap.
2319 5678 2375 5739 6.

475 5806 542 5865 V.
589 5809 850 5868 Sanctus
904 5802 1245 5881 Gregorius
1293 5804 1552 5880 Magnus
1597 5800 1815 5862 institit
1860 5801 2024 5879 apud
2074 5801 2541 5879 imperatorem,
2596 5802 2662 5857 ut
2696 5789 3049 5855 Anastasius
3079 5786 3213 5850 sedi
3245 5777 3649 5847 Antiochense
