3992 6464
415 422 484 486 35
1625 396 1686 454 s.
1727 393 2021 454 ANASTA

2105 391 2134 451 Ι
2173 390 2501 450 ΒΙΝΑΙΤιΕ
3632 386 3704 448 '36

417 551 1034 580 mi
1057 549 1303 576 ..η-...π
1331 565 1428 573 -ιυ-
1453 539 2763 572 w"'~—m

1399 567 1428 571 _
1453 562 1728 572 ...α’-...α

3060 531 3690 566 xm:

1600 702 1826 790 ΤΟΥ
1869 702 2014 789 EN
2059 669 2429 788 APIOIZ

823 923 2098 1046 ΑΝΑΣΤΑΣΙΟΥ
2245 917 3249 1040 ΣΙΝΑΙΤΟΥι)

1072 1149 1114 1179 ⁸
1399 1159 1998 1220 AN'rtoxstu.
2054 1156 2630 1226 Entzxonor,

1647 1332 2406 1470 ΟΔΗΓΟΣ.

860 1719 998 1939 S.
1135 1793 2207 1938 ANASTASII
2299 1782 3236 1958 'SINAITfE,

1598 2063 1944 2128 EPISCOPI
1995 2065 2481 2143 ANTIOCHENI,

400 2285 795 2436 Vle
867 2284 1273 2438 DUX
1335 2259 2368 2438 .ADVERSUS
2479 2278 3687 2438 ACEPHALOS.

1433 2548 1723 2619 (Gretser.,
1746 2551 1882 2621 Opp.
1917 2558 1956 2604 t.
2001 2546 2144 2614 XIV,
2175 2565 2230 2620 p.
2262 2551 2289 2604 1
2319 2547 2408 2604 ed.
2475 2547 2658 2620 1740.)

911 2854 1049 2926 1-9
1093 2853 1482 2910 PIUEFATKO.

469 2970 748 3043 ﬁngamus
770 2969 1007 3027 lectores
1034 2967 1199 3039 hujus
1231 2969 1353 3023 libri
1379 3008 1395 3036 ,
1431 2977 1492 3024 ut
1523 2968 1684 3024 nobis
1711 2970 1999 3042 ignoscant

398 3063 471 3118 ob
507 3065 690 3117 varias
721 3061 1093 3116 correctiones
1126 3059 1330 3130 passim
1367 3060 1664 3125 adhibitas,
1697 3071 1750 3116 et
1780 3071 1999 3132 propter

397 3156 747 3225 tautologias,
803 3169 1094 3224 rerumque
1127 3161 1182 3206 et
1219 3153 1512 3208 verborum
1543 3154 1864 3212 iterationes
1895 3173 1999 3214 sae-

396 3249 521 3320 pius
555 3248 882 3303 commissas
915 3265 930 3301 :
965 3262 1091 3301 nam
1133 3244 1439 3316 frequentia
1478 3250 1864 3319 aegritudinum
1893 3267 1996 3305 no-

397 3349 638 3394 strarum
688 3352 798 3392 non
853 3335 1084 3400 ferebat,
1139 3346 1200 3390 ut
1251 3336 1304 3390 in
1347 3337 1431 3391 his
1479 3352 1580 3407 pro
1619 3339 1788 3393 animi
1822 3341 1995 3394 nostri

397 3430 674 3487 sententia
717 3445 1088 3484 versaremur.
1131 3426 1238 3481 Par
1265 3427 1410 3482 enim
1447 3440 1551 3494 est,
1585 3429 1759 3500 utqui
1801 3431 1996 3501 hujus-

399 3525 548 3580 tnodi
582 3523 908 3579 Christianae
949 3521 1231 3592 religionis
1281 3523 1632 3593 dogmatibus
1657 3525 1996 3594 explicandis

397 3632 620 3688 operam
651 3626 812 3670 navat
837 3655 853 3680 ,
881 3615 1067 3669 omnia
1098 3615 1152 3668 in
1185 3615 1406 3670 schedis
1439 3626 1682 3679 annotet,
1719 3619 1995 3689 corrigat,

400 3713 568 3780 inque
605 3724 800 3764 versus
837 3707 1171 3779 diStinguat;
1198 3715 1254 3762 et
1297 3715 1411 3762 tum
1453 3707 1698 3764 librariis
1728 3711 1998 3766 concinne

397 3810 735 3867 venusteque
792 3799 1214 3853 describendum
1275 3799 1473 3854 tradat.
1533 3797 1736 3855 Verum
1793 3809 1850 3855 et
1906 3800 1998 3854 hic

399 3893 660 3962 segnities
714 3898 770 3946 et
805 3890 1080 3944 lentitudo
1129 3905 1343 3956 eorum,
1403 3891 1498 3962 qui
1556 3907 1662 3946 una
1708 3891 1995 3947 nobiscum

398 3987 662 4048 sentiunt,
709 3985 948 4040 debitam
995 3983 1292 4054 diligentiae
1340 3992 1396 4041 et
1442 3985 1728 4041 industriae
1774 3986 1994 4041 laudem

398 4079 607 4134 retulit.
658 4075 1006 4145 Quapropter
1054 4076 1333 4132 schedulaa
1380 4077 1502 4132 loco
1548 4076 1842 4143 tetradem,
1896 4093 1994 4132 seu

399 4169 812 4238 quater-nionem
837 4167 1311 4236 adepti,eumdem
1343 4167 1398 4222 in
1434 4167 1614 4222 lucem
1638 4167 1992 4238 proferimus.

2021 2862 2070 2918 Α

2684 2853 3090 2908 ΠΡΟΟΙΜΙΟΝ.

2170 2966 2604 3040 Παρακαλοῦμεν
2650 2967 2776 3032 τοὺς
2826 2966 3120 3039 μέλλοντας
3166 2969 3524 3042 ἐντυγχάνειν
3573 2971 3699 3044 τῇδε

2096 3062 2165 3131 τῇ
2203 3057 2371 3130 βιὸλῳ
2394 3056 2728 3130 συγγνώμην
2755 3059 3090 3131 ποιήσασθαι
3111 3061 3204 3112 ἐπὶ
3245 3065 3368 3127 ταῖς
3413 3063 3702 3128 πλείσταις

2097 3152 2156 3205 ὲν
2176 3152 2312 3224 αὐτῇ
2330 3149 2668 3223 διορθώσεσι,
2704 3151 2736 3223 ἢ
2762 3151 3172 3220 ταυτολογίαιςο
3203 3151 3264 3206 τὺ
3305 3154 3420 3226 γὰρ
3459 3154 3699 3210 ἀδιάλει-

2099 3261 2232 3314 πτον
2246 3245 2354 3299 τῶν
2367 3243 2661 3299 ἀσθενειῶν
2673 3243 2732 3297 οὐ
2757 3243 3111 3317 συγχώρησεν
3134 3246 3266 3316 ἡμῖν
3282 3246 3340 3300 ὲν
3363 3248 3506 3319 αὐτῇ
3526 3265 3700 3301 κατα-

2100 3337 2312 3409 θυμίως
2369 3336 2705 3408 πράξασθαι.
2754 3337 2848 3390 Δεῖ
2899 3338 3009 3407 γὰρ
3055 3335 3126 3391 τὰ
3175 3332 3406 3393 τοιαῦτα
3457 3338 3700 3411 Χριστοῦ

2096 3428 2344 3498 δόγματα
2374 3427 2874 3500 προσχιδεύσασθαι
2900 3430 2997 3483 καὶ
3040 3428 3412 3502 διορθοῦσθαι,
3445 3434 3548 3486 καὶ
3588 3449 3702 3485 στι-

2097 3519 2382 3592 χίξεσθαι,
2413 3522 2506 3574 καὶ
2553 3517 2654 3574 εἷθ’
2703 3519 2878 3584 οὕτως
2908 3519 3432 3594 καλλιγραφεϊσθαι,
3469 3522 3608 3577 ἀλλὰ
3639 3523 3702 3576 τὸ

2099 3613 2364 3686 ῥᾴθυμον,
2413 3615 2508 3667 καὶ
2551 3612 2786 3682 ὀκνηρὸν
2836 3611 2948 3666 τῶν
2998 3613 3286 3686 ἡμετέρων
3337 3615 3698 3688 συμφρόνων.

2095 3705 2269 3777 αὐτὴν
2322 3705 2646 3776 πρέπουσαν
2676 3704 3018 3774 φιλοπονίαν,
3051 3707 3146 3760 καὶ
3201 3707 3446 3780 σπουδὴν
3473 3709 3536 3762 ἐν
3581 3707 3700 3770 τοῖς

2097 3797 2362 3860 τοιούτοις
2415 3797 2704 3868 κέκτηται.
2749 3797 2844 3850 Διὸ
2884 3798 3007 3852 ἀντὶ
3047 3797 3269 3868 σχέδους
3312 3801 3416 3871 τὴν
3460 3798 3701 3870 τετράδα

2097 3889 2442 3959 κατέχοντες,
2481 3885 2656 3952 οὕτως
2679 3887 2998 3960 ὲξεθὲμεθα.
3029 3889 3092 3942 Εἰ
3121 3889 3178 3942 δὲ
3205 3890 3301 3943 καί
3331 3889 3437 3943 οὐκ
3466 3890 3618 3952 εἰκὸς
3641 3887 3702 3944 ἐν

2097 4001 2205 4036 τινι
2247 3982 2412 4050 λόγῳ,
2461 3981 2495 4053 ἢ
2547 3983 2779 4054 νοήματι
2807 3982 3164 4054 ἀπρεπόντως
3205 3983 3535 4055 εἰρήκαμεν,
3569 3999 3698 4051 συγ-

2099 4073 2327 4144 γνώμην
2371 4072 2694 4145 αἰτούμεθα.
2739 4075 2919 4138 Μόνος
2954 4073 3065 4146 γὰρ
3104 4074 3404 4139 ἄπταιστος
3451 4077 3483 4129 ὁ
3539 4075 3704 4146 μόνος

2098 4167 2250 4230 Θεός.

401 4260 556 4328 Quod
591 4261 635 4314 si
670 4258 874 4312 alicubi
903 4258 1112 4329 aliquid
1139 4259 1502 4330 improbabile
1535 4268 1631 4316 aut
1689 4277 1721 4316 a
1784 4276 1918 4316 vero
1975 4275 2145 4316 sensu
2202 4273 2475 4318 remotum
2519 4261 2783 4328 diximus,
2830 4259 3048 4316 veniam
3087 4259 3408 4332 poscimus;
3441 4260 3700 4331 quando-

400 4353 621 4426 quidem
644 4351 796 4405 solus
833 4349 977 4404 Deus
1003 4365 1033 4404 a
1064 4351 1218 4420 lapsu
1249 4351 1512 4407 immunis
1540 4362 1645 4408 est.

469 4441 672 4496 Adluec
697 4441 1041 4495 obtestamur
1061 4455 1176 4507 eos,
1204 4441 1298 4512 qui
1329 4441 1530 4496 librum
1558 4443 1706 4497 hunc
1734 4441 1998 4498 transcri-

2171 4439 2318 4513 Πρὸς
2357 4438 2571 4502 τούτοις
2603 4437 2968 4509 δυσωποῦμεν
2998 4437 3090 4492 τὸν
3141 4439 3523 4511 μεταγράφειν
3571 4438 3701 4511 μέλ-

398 4533 546 4605 pturi
595 4546 746 4598 sunt,
806 4542 866 4588 ut
909 4541 966 4588 et
1008 4533 1218 4589 scholia
1260 4522 1522 4604 adjiciam
1559 4551 1572 4588 :
1627 4543 1998 4605 accentusque

399 4634 658 4680 accurate
716 4624 1034 4689 observent,
1077 4633 1132 4680 et
1175 4633 1400 4695 puncta,
1441 4636 1496 4681 et
1537 4627 1901 4696 setnipuncta,
1943 4635 1998 4681 et

399 4719 518 4788 ipsa
563 4719 728 4772 etiam
778 4717 1006 4780 soloaca,
1048 4731 1145 4772 seu
1192 4717 1495 4774 soloecismi
1557 4718 1832 4794 specimen
1887 4731 1998 4786 prae

399 4825 461 4864 se
487 4809 751 4876 ferentia;
779 4809 908 4878 quia
943 4807 1082 4863 alias
1111 4823 1332 4879 quoque
1362 4809 1596 4879 imperiti
1637 4809 1862 4878 quidam
1901 4824 1998 4861 no-

401 4909 575 4953 strum
624 4896 996 4967 dogmaticum
1041 4907 1248 4952 tomum
1301 4897 1656 4969 blasphemiis
1703 4899 1756 4952 in
1793 4899 1999 4954 descri-

401 4982 585 5059 ptione
605 4990 976 5059 oppleverant.
1326 4983 1339 4995 ⁸

475 5119 722 5176 INDEX
742 5121 1030 5190 EORUM,
1065 5121 1242 5189 QUAE
1265 5121 1818 5180 CONTINENTUR
1839 5123 1929 5178 IN

403 5214 790 5282 L'IBRO,QUI
826 5218 1128 5281 ΟΔΗΓΟΣ,
1159 5215 1305 5272 HOC
1335 5217 1472 5274 EST
1533 5217 1672 5273 VIIE
1705 5215 1996 5276 DUX.1N-

625 5325 631 5329 '
986 5309 1410 5368 SCRIBITUR.

405 5405 448 5458 l.
477 5403 796 5460 Protbeoria
826 5421 920 5460 seu
955 5403 1440 5474 praaconsideratio
1469 5403 1671 5467 brevis,
1711 5403 1764 5456 in
1800 5403 2002 5472 quibus

475 5514 535 5552 se
555 5510 808 5551 exercere
829 5497 1025 5552 debt-at
1043 5498 1130 5551 ille
1193 5496 1284 5567 qui
1307 5496 1374 5550 de
1393 5496 1574 5550 divina
1605 5495 1710 5550 tide
1743 5509 1891 5550 recte
1910 5511 2004 5549 co-

477 5588 617 5658 gitat.
649 5587 944 5642 disserere.

409 5677 474 5734 ll.
520 5675 876 5733 Deﬁnitiones
935 5678 1254 5750 dogmaticae
1301 5677 1604 5734 secundum
1650 5679 1999 5736 traditionem

481 5769 932 5828 ecclesiasticam.

2099 4531 2260 4586 λοντα
2298 4531 2643 4605 παραθέσθαι
2690 4533 2786 4587 καὶ
2823 4531 2892 4585 τὰ
2923 4531 3113 4603 σχόλια
3141 4547 3156 4563 ο
3187 4532 3609 4603 σημειώσασθαι
3642 4530 3702 4584 δὲ

2099 4623 2379 4694 ἐπιμελῶς
2426 4625 2522 4677 καὶ
2563 4625 2691 4688 τοὺς
2727 4623 2937 4688 τόνους,
2982 4625 3078 4677 καὶ
3117 4624 3377 4695 στιγμὰς,
3427 4627 3524 4679 καὶ
3565 4625 3702 4678 ὑπο-

2101 4717 2357 4787 στιγμὰς.
2396 4716 2490 4770 καὶ
2522 4716 2593 4770 τὰ
2624 4715 2864 4770 σόλοικα.
2892 4717 3000 4769 Καὶ
3024 4716 3134 4786 γὰρ
3154 4717 3343 4770 ἄλλοτέ
3379 4734 3528 4782 τινες
3557 4716 3703 4770 ἰδιῶ-

2098 4827 2188 4862 ται
2205 4809 2660 4880 μεταγράψαντες
2673 4810 2706 4880 ἡ
2717 4808 2833 4879 μῶν
2843 4808 3176 4878 δογματικὸν
3191 4811 3376 4882 τόμον,
3396 4812 3456 4878 ἐξ
3473 4809 3701 4879 ἀγνοίας

2107 4900 2465 4972 βλασφημιῶν
2493 4900 2657 4954 αὐτὸν
2695 4899 3039 4972 ἐπλήρωσαν.

2076 5127 2284 5180 ‘TAAE
2325 5127 2547 5180 ΕΣΤΙΝ
2589 5125 2696 5180 EN
2741 5127 2836 5198 Τῌ
2877 5126 3096 5196 ΒΙΒΛῼ
3149 5128 3244 5197 nr
3281 5124 3704 5196 ΛΕῙὊΜΕΝῌ

2778 5218 3034 5288 ΟΔΗΓῼ.

2108 5399 2186 5454 A'.
2247 5399 2565 5472 Προθεωρῖα
2613 5399 2735 5454 κατ’
2769 5401 3038 5472 ἐπιτομὴν
3085 5394 3159 5454 ὧν
3197 5401 3280 5454 δεῖ
3319 5400 3572 5466 ὲξασκεῖν
3607 5399 3700 5452 τὸν

2177 5495 2306 5564 περὶ
2333 5493 2569 5558 πίστεως
2587 5491 2726 5548 Θεοῦ
2761 5493 2944 5548 λαλεῖν
2962 5494 3144 5557 καλῶς
3173 5493 3518 5565 βουλόμενον.

2109 5675 2185 5728 B'.
2217 5675 2376 5747 Ὅροι
2395 5677 2719 5748 δογματικοὶ
2747 5676 2887 5730 κατὰ
2910 5675 3010 5748 τὴν
3032 5657 3495 5748 ἐκκλησιαστικὴν
3517 5669 3696 5743 παρά·

2184 5767 2350 5820 δοσιν.
