3992 6470
477 355 551 414 29
1398 402 1403 405 »
1681 366 1742 425 S.
1782 364 2056 426 ANASTA

2223 363 2548 425 SINAITAE
3680 373 3749 439 40

486 470 495 480 ’
539 497 665 537 cum
702 478 840 536 Filio
864 482 1180 557 incarnatus
1206 496 1348 539 esse.
1385 482 1454 536 At
1487 478 1614 536 ante
1652 478 1722 533 9-4
1753 476 2051 547 capitulum

2229 474 2290 527 τὸ
2318 475 2561 545 Πνεῦμα.
2600 475 2713 548 Πρὸ
2735 475 2792 529 δὲ
2826 476 2979 546 φίλου
3008 478 3102 531 τοῦ
3126 477 3225 534 κδ’.
3265 480 3564 547 κεφαλαίου
3595 484 3757 557 εὕρή-

540 573 786 628 invenies
812 556 1070 629 Scholion
1106 574 1174 629 de
1202 574 1323 629 solo
1353 572 1491 628 Filio
1514 571 1606 627 Dei
1643 572 1947 624 incarnato.

986 770 1219 827 CAPUT
1254 770 1546 826 PRIMUM.

471 886 667 940 Divina
696 885 984 956 adjuvante
1020 885 1219 955 gratia,
1243 884 1618 956 progymnasia
1657 860 2079 956 seuuprteexer?

541 959 728 1010 citatio
760 953 970 1021 'brevis,
1006 953 1274 1009 instruens
1317 953 1596 1025 quemlibet
1634 954 1970 1025 studiosum,
2006 953 2061 1003 in

541 1029 734 1089 quibus
777 1043 890 1095 sese
928 1042 1204 1087 exercere,
1255 1036 1305 1078 et
1330 1023 1564 1095 quorum
1597 1023 1844 1076 notitiam
1868 1035 2062 1095 partire

537 1097 743 1150 debeat.
793 1094 1114 1149 Necessario
1145 1106 1326 1148 autem
1352 1092 1363 1095 —
1386 1096 1730 1165 requiruntur
1766 1092 2060 1161 sequentia.

544 1205 616 1262 Ut
641 1214 766 1260 ante
792 1205 982 1261 omnia
1017 1205 1186 1259 vitam
1213 1206 1500 1258 honestam
1520 1216 1852 1273 gravemque
1872 1199 2060 1264 ducat,

468 1309 525 1354 et
554 1297 814 1368 Spiritum
845 1307 1093 1352 sanctum
1122 1294 1360 1349 incolam
1399 1294 1455 1347 iu
1491 1292 1674 1346 animo
1702 1291 1917 1345 habeat.

545 1391 618 1446 Ut
645 1389 1014 1454 definitiones,
1060 1387 1336 1456 praecipue
1366 1385 1543 1455 magis
1574 1382 1939 1445 necessarias,
1972 1394 2065 1434 ac-
2096 1429 2106 1441 ,

470 1491 657 1539 curate
682 1489 997 1551 perspectas
1029 1480 1246 1533 habeat.
1760 1546 1765 1551 ἡ

539 1571 611 1628 Ut
633 1588 793 1628 sensa
819 1581 873 1626 et
919 1570 1206 1641 opiniones
1234 1567 1682 1623 adversariorum
1727 1564 2061 1619 adamussim

469 1666 630 1728 sciat,
671 1677 975 1731 eorumque
1006 1661 1210 1730 scripta
1234 1661 1450 1714 evolvat
1483 1677 1498 1715 :
1533 1660 1633 1729 ιι
1684 1659 1877 1712 crebro
1915 1656 2062 1710 enim

467 1756 702 1825 ex-ipsis
734 1753 1016 1824 pudelieri,
1049 1761 1105 1807 et
1128 1754 1183 1806 in
1211 1753 1469 1807 ruborem
1511 1752 1628 1805 dari
1660 1758 1939 1819 poterunt.

540 1927 612 1984 Ut
658 1944 782 1983 cum
818 1925 1062 1997 profanis
1107 1935 1161 1980 et
1200 1926 1365 1981 fatuis
1412 1928 1763 1997 promiscue,
1801 1937 1855 1980 et
1884 1924 2061 1980 indis-

437 2021 795 2093 _criminatim
849 2022 916 2073 de
987 2019 1261 2090 capitibus
1312 2019 1436 2073 fidei
1515 2020 1569 2073 in
1621 2028 1897 2073 certamen
1926 2034 2057 2083 ,non

463 2114 775 2176 descendat,
800 2111 895 2166 sed
928 2111 1119 2165 habito
1149 2113 1383 2177 delectu,
1415 2125 1540 2164 cum
1568 2111 1768 2180 quibus
1798 2119 1855 2164 et
1878 2125 2057 2179 quan-

462 2207 532 2260 do
555 2247 568 2266 .
605 2216 659 2259 et
693 2211 964 2274 quantum
1004 2213 1243 2273 oportet.

538 2294 606 2349 Ut
646 2309 867 2348 omnem
907 2292 1147 2347 divinam
1184 2290 1524 2361 Scripturam
1570 2305 1695 2345 cum
1731 2290 1933 2344 timore
1967 2289 2057 2343 Dei

461 2389 691 2452 lustret;
742 2402 848 2440 non
918 2385 1155 2454 maligna
1217 2395 1416 2448 mente,
1460 2385 1552 2439 sed
1608 2384 1661 2436 in
1715 2383 2061 2452 simplicitate

464 2480 646 2536 cordis
680 2496 695 2532 :
737 2493 916 2547 neque
947 2492 1009 2531 ea
1047 2492 1169 2546 quae
1202 2487 1422 2546 captum
1464 2486 1716 2530 nostrum
1759 2484 2059 2543 superant,

464 2554 695 2644 quaeque
735 2571 933 2624 divinae
973 2569 1192 2623 Littera:
1242 2580 1703 2638 suppresserunt,
1746 2568 1979 2622 scrutari
2007 2576 2062 2621 et

464 2673 805 2721 contrectare
839 2663 988 2717 velit.
1040 2659 1157 2715 Hoc
1189 2660 1449 2715 nimirum
1483 2672 1594 2727 est,
1636 2680 1654 2712 ι
1683 2658 1757 2715 Os
1787 2676 1896 2714 non
1928 2675 2059 2713 con-

464 2755 705 2826 fringere
736 2755 793 2808 ις
831 2772 850 2805 ι
906 2753 1008 2807 hoc
1054 2762 1171 2817 est,
1217 2767 1328 2806 non
1379 2761 1600 2823 tangere
1647 2754 1805 2806 firma
1866 2762 1920 2806 et
1967 2767 2059 2805 so-

462 2850 594 2905 lida.
647 2844 716 2901 Ut
757 2859 879 2917 quas
919 2845 1141 2899 definite
1178 2845 1323 2898 dicta
1386 2849 1551 2907 sunt,
1595 2842 1666 2896 ab
1733 2843 1857 2896 aliis
1892 2843 2061 2896 inter-

462 2951 658 2997 noscat
686 2957 699 2992 :
747 2947 803 2993 et
853 2953 1049 2992 rursus
1070 2977 1085 3002 ,
1123 2952 1246 3006 quae
1274 2935 1501 2990 abusive
1525 2975 1540 3000 ,
1575 2950 1763 3005 qua-.ve
1796 2935 2059 3005 simplici-

466 3046 546 3090 ter
580 3051 595 3100 ;
642 3031 953 3103 cuiusmodi
986 3031 1116 3085 illud
1149 3048 1165 3084 :
1204 3049 1222 3081 c
1260 3028 1452 3086 Omnis
1487 3032 1652 3084 homo
1683 3028 1916 3084 mendax
1945 3031 1967 3061 ’
1991 3047 2007 3097 ;
2033 3047 2052 3081 ι

2091 1826 2135 1882 Β
2166 1842 2329 1915 μεθα.

2233 583 2290 617 σε
2303 584 2347 629 ις
2378 567 2583 636 σκόλιον
2616 568 2741 638 περὶ
2769 567 2868 637 τῆς
2905 569 3032 638 μιᾶς
3053 568 3188 623 Θεοῦ
3219 572 3401 639 Λόγου
3439 573 3657 642 φύσεως
3681 594 3767 631 σε·

2236 674 2301 710 σα
2309 661 2616 730 ρκωμένης.

2480 770 2489 778 ’
2586 772 2984 835 ΚΕΦΑΛΑΙΟΝ
3025 774 3331 830 ΠΡΩΤΟΝ.

2163 880 2395 960 Σὺνξῖῷ
2428 882 2571 960 Θεῷ,
2612 886 3035 960 προγρμνασία
3061 888 3188 960 κατ’
3220 887 3546 960 ἐπιτομὴν,
3576 891 3758 960 ἐμμα-

2234 951 2478 1028 τίζουιγμ
2513 954 2636 1028 td}:
2651 951 2990 1028 φιλόπονον
3036 958 3170 1025 περὶ
3208 952 3296 1011 ὧν
3325 951 3423 1011 δεῖ
3459 951 3578 1028 πρὸ
3603 951 3756 1016 Itir-

2233 1037 2353 1075 των
2382 1022 2689 1087 ἐξασκεῖν,
2722 1026 2823 1079 καί
2856 1025 2973 1091 τὴν
3010 1022 3252 1095 εῑόῂσιν
3275 1028 3465 1096 ἔχειν.

2235 1198 2361 1253 Ὅτι
2383 1200 2465 1253 δεῖ
2488 1205 2917 1274 προηγουμένως
2946 1206 3061 1276 βίον
3083 1208 3302 1278 σεμνὸν,
3325 1209 3421 1263 καὶ
3445 1211 3508 1264 τὸ
3529 1211 3756 1283 Πνεῦμα

2161 1289 2254 1344 τοῦ
2288 1289 2423 1345 Θεοῦ
2453 1291 2660 1346 ἔνοικον
2694 1293 2859 1364 ἔχειν.

2239 1382 2359 1435 ’Ὁτι
2389 1383 2469 1436 δεῖ
2499 1385 2624 1448 τοὺς
2649 1386 2941 1457 ὄρους,κα“ι
2963 1387 3200 1458 μάλιστα
3232 1391 3357 1454 τοὺς
3389 1392 3756 1461 ἀναγκαιοτέ-

2164 1490 2293 1545 ρους
2323 1475 2652 1532 ὲπίστασθαι
2678 1481 2742 1532 ὲκ
2773 1480 3026 1551 στήθους.

2237 1566 2360 1620 Ὅτι
2390 1566 2472 1646 δεῖ
2508 1570 2798 1637 γινώσκειν
2826 1572 2968 1625 κατὰ
2996 1572 3287 1646 ἀκρίϐειαν
3319 1573 3393 1627 τὰ
3428 1577 3754 1648 φρονήματα

2163 1654 2273 1711 τῶν
2298 1658 2356 1724 ἐξ
2382 1660 2651 1726 ἐναντίας,
2684 1663 2781 1715 καὶ
2800 1664 3097 1731 ὲγκὺπτειν
3116 1667 3237 1728 ταῖς
3255 1666 3464 1719 τούτων
3493 1671 3751 1738 γραφαῖς.

2164 1749 2431 1815 Πολλάκις
2462 1751 2570 1823 γὰρ
2596 1752 2679 1817 ,ἐξ
2700 1755 2901 1809 ,αὐτῶν
2931 1755 3129 1819 αὐτοὺς
3175 1758 3566 1829 καταισχύνειν
3592 1759 3756 1816 δυνά-

2237 1934 2358 1987 Ὅτι
2387 1935 2449 1987 οὐ
2481 1935 2563 1987 δεῖ
2592 1937 2704 1997 τοῖς
2739 1936 3029 2008 ἀμυήτοις,
3059 1940 3154 1992 καὶ
3178 1940 3413 2012 ἄφροσιν
3442 1943 3581 2008 ὅλως
3627 1960 3752 1998 συν-

2160 2030 2470 2100 τυγχάνεινο
2507 2030 2621 2084 ἀλλ’
2655 2024 2738 2095 οἷς
2778 2032 2905 2103 χρὴ,
2943 2034 3037 2086 καὶ
3077 2033 3168 2086 ὅτε
3219 2032 3349 2103 χρὴ,
3382 2035 3479 2086 καὶ
3510 2034 3622 2106 ὅσῳ
3648 2033 3754 2107 χρὴ

2162 2124 2289 2192 περὶ
2326 2122 2583 2186 πίστεως.

2234 2300 2357 2351 Ὅτι
2385 2300 2466 2352 δεῖ
2498 2300 2634 2369 μετὰ
2663 2298 2830 2365 φόϐου
2864 2298 2999 2352 Θεοῦ
3033 2299 3181 2370 πάσῃ
3204 2301 3401 2372 Γραφῇ
3429 2302 3751 2371 ἑγκύπτειν,

2165 2391 2239 2462 μὴ
2276 2391 2620 2461 κακούργως,
2673 2391 2790 2445 ἀλλ’
2840 2393 2897 2444 ἐν
2949 2392 3212 2459 ἁπλότητι
3257 2394 3509 2461 καρδίας.
3548 2395 3750 2449 Ὅτιοΰ

2159 2482 2242 2535 δεῖ
2291 2482 2362 2535 τὲι
2410 2482 2684 2554 βαθύτερα
2725 2482 2884 2554 ἡμῶν
2946 2482 3222 2555 ψηλαφᾷν,
3274 2484 3399 2538 οὐδὲ
3453 2485 3527 2539 τὰ
3566 2503 3753 2540 σεσιω-

2162 2574 2382 2644 πημένα
2440 2578 2506 2646 τῇ
2566 2575 2690 2647 θεία
2742 2576 2958 2647 Γραφῇ.
3021 2576 3193 2630 Τοῦτο
3254 2577 3363 2648 γάρ
3417 2579 3556 2641 ἐστι.
3596 2595 3618 2631 ι
3660 2578 3749 2651 Μή

2161 2665 2471 2737 συντρίϐειν
2502 2666 2713 2733 ὀστοῦν,
2754 2686 2773 2719 ι
2831 2669 3097 2732 τουτέστι,
3137 2686 3157 2718 ε
3219 2668 3294 2738 μὴ
3343 2669 3615 2723 ἅπτεσθαι
3643 2670 3749 2724 τῶν

2162 2760 2418 2831 στερεῶν.
2451 2778 2470 2810 ι
2507 2759 2631 2812 Ὀτι
2677 2759 2758 2811 δεῖ
2801 2759 3113 2829 ἀνακρίνειν
3162 2759 3230 2812 τὰ
3279 2761 3570 2831 ὁριστικῶς
3601 2760 3749 2830 λεγό-

2164 2870 2322 2923 μενα,
2361 2853 2456 2906 xal
2486 2851 2648 2905 πάλιν
2670 2852 2737 2905 τὰ
2763 2853 2945 2921 μέσως
2967 2869 3081 2915 πως
3102 2869 3116 2883 ·
3150 2854 3244 2905 καὶ⁵
3268 2852 3459 2915 πάλιν,
3489 2854 3559 2908 τὰ
3585 2870 3748 2907 κατα-

2159 2941 2491 3011 χρηστικῶς,
2537 2941 2633 2995 καὶ
2665 2942 2910 3004 ἀκάκως.
2945 2936 3070 2995 Οίόν
3095 2941 3216 2994 ἐστι
3238 2941 3297 2994 τὸ
3322 2943 3638 3013 λεγόμενον,
3666 2943 3745 2997 ὅτι

2163 3051 2182 3085 ι
2220 3035 2336 3097 Πᾶς
2360 3035 2645 3103 ἄνθρωπος
2673 3033 2936 3104 ψεύστης.
2974 3053 2994 3088 t
3040 3035 3170 3102 Kal,
3207 3053 3226 3085 ι
3266 3036 3381 3088 Οὐκ
3415 3036 3534 3091 ἔστι
3579 3033 3744 3091 ποιῶν

463 3127 534 3181 Et
584 3142 601 3177 :
664 3142 684 3175 ι
730 3123 850 3178 Non
909 3130 993 3177 est
1057 3123 1153 3192 qui
1218 3121 1386 3176 faciat
1443 3122 1642 3174 bonum
1675 3159 1691 3185 ,
1748 3135 1923 3190 usque
1987 3120 2053 3175 ad

2182 3122 2644 3196 [ρηστότηταιὲως
2673 3124 2812 3187 ἑνός.
2858 3143 2875 3175 ο

464 3231 632 3271 unum
662 3215 704 3268 '.
743 3233 761 3265 ι

532 3296 794 3369 Noverit,
832 3301 1136 3357 Ecclesiam
1164 3299 1511 3354 traditiones
1560 3298 1853 3353 nonnullas
1890 3299 2052 3353 etiam

460 3406 619 3453 extra
665 3396 1009 3466 Scripturam
1041 3393 1364 3461 accepisse;
1399 3392 1543 3461 quod
1579 3407 1752 3462 genus
1787 3408 1802 3445 :
1842 3405 2052 3446 sacram

461 3489 908 3546 communionem
951 3502 982 3539 a
1026 3485 1233 3556 jejunis
1274 3486 1449 3554 accipi
1494 3485 1735 3551 debere;
1783 3499 1943 3538 orare
1986 3482 2055 3537 ad

461 3582 760 3644 orientem;
796 3576 1087 3646 Deiparam
1126 3583 1252 3646 post
1294 3585 1511 3645 partum
1539 3588 1760 3644 quoque
1788 3574 2057 3629 mansisse

459 3671 729 3740 virginem
764 3686 781 3735 ;
814 3668 1174 3737 eamdemque
1200 3667 1256 3721 in
1291 3666 1548 3734 spelunca
1573 3665 1885 3735 peperisse;
1931 3666 2056 3720 etsi

461 3780 585 3835 quae
623 3770 751 3818 sunt
778 3762 943 3833 liujus
968 3760 1188 3831 generis
1215 3759 1542 3814 traditiones
1573 3758 1712 3812 aliae.

535 3855 685 3910 Sciat
731 3850 1127 3924 disputationis
1169 3852 1365 3905 modos
1423 3851 1567 3905 duos
1616 3863 1772 3913 esse,
1825 3836 2057 3902 alterum

459 3959 557 4016 per
589 3944 887 4014 Scriptura:
916 3940 1273 4007 testimonia;
1309 3939 1544 3992 alterum
1578 3952 1675 4007 per
1706 3936 2058 4007 probationes

457 4054 525 4096 ex
576 4036 711 4105 ipsis
758 4035 923 4090 rebus
972 4035 1217 4103 petitas:
1256 4030 1351 4099 qui
1401 4031 1599 4085 modus
1638 4030 1849 4083 ﬁrmior
1886 4038 1969 4083 est
2004 4036 2061 4082 et

456 4129 664 4183 verior.
713 4124 848 4179 Nam
905 4124 1071 4178 verba
1114 4119 1421 4192 Scriptura:
1468 4124 1753 4191 depravari
1802 4128 2055 4191 possunt.

460 4219 730 4288 Quocirca
759 4218 941 4272 videre
972 4215 1136 4278 licet,
1173 4213 1338 4267 simul
1358 4222 1523 4282 atque
1553 4213 1871 4267 adversario
1907 4210 2059 4265 Scri-

458 4322 635 4384 ptura:
663 4309 1041 4366 testimonium
1092 4306 1390 4375 objieiatur
1418 4343 1434 4370 ,
1485 4305 1554 4359 ab
1600 4304 1718 4374 ipso
1754 4304 1996 4359 vicissim
2029 4318 2061 4358 e

458 4403 691 4473 vestigio
729 4401 876 4455 aliud
923 4400 1295 4453 testimonium
1328 4396 1555 4466 produci
1584 4412 1600 4463 ;
1633 4398 1749 4451 sive
1779 4397 1850 4448 sit
1890 4396 2061 4450 haere-

2225 3304 2591 3372 Σημειωτέον,
2633 3301 2716 3354 ὅτι
2772 3300 2924 3364 τινὰς
2960 3300 3287 3371 παραδόσεις
3331 3304 3426 3355 καὶ
3493 3301 3753 3375 ἀγράφως

2156 3392 2471 3465 παρέλαϐεν
2525 3393 2558 3464 ή
2599 3392 2894 3463 Ἐκκλησία
2919 3408 2933 3423 °
2966 3389 3076 3447 οἷον
3125 3395 3185 3446 τὸ
3235 3396 3528 3447 κοινωνεῖν
3570 3409 3752 3466 νηστι-

2155 3487 2270 3541 κόν.
2302 3487 2413 3540 Kal
2463 3485 2523 3538 τὸ
2592 3485 2991 3556 προσεύχεσθαι
3042 3488 3183 3555 κατὰ
3255 3486 3574 3552 Ἀνατο).άς.
3624 3487 3750 3553 Καὶ,

2153 3577 2237 3631 ὅτι
2270 3577 2535 3647 παρθένος
2556 3578 2739 3650 ἔμεινε
2776 3578 2910 3649 μετὰ
2947 3579 3106 3631 τόκον
3127 3581 3160 3649 ὴ
3190 3578 3484 3643 Θεοτόκος.
3511 3579 3640 3647 Kal,
3666 3580 3747 3634 ὅτι

2157 3667 2216 3721 ὲν
2247 3667 2495 3738 σπηλαίῳ
2516 3667 2688 3735 ἔτεκε,
2721 3670 2816 3722 καὶ
2845 3668 3008 3738 ἓτερα
3040 3668 3228 3723 πολλά.

2227 3848 2429 3902 Σκοποὶ
2457 3847 2742 3914 διαλέξεως
2781 3849 2888 3901 elei
2935 3847 3028 3901 δύο
3059 3865 3072 3879 ’
3102 3850 3130 3902 ὁ
3174 3850 3273 3919 μὲν
3323 3848 3409 3902 διὰ
3445 3848 3744 3921 Γραφικῶν

2159 3940 2374 4011 ῥήσεων
2396 3958 2411 3972 ·
2433 3941 2461 3993 ὁ
2493 3941 2550 3994 δὲ
2572 3942 2660 3994 διὰ
2688 3940 3095 4013 πραγματικῶν
3122 3941 3550 4012 παραστάσεων,
3574 3942 3631 4004 ὃς
3652 3942 3744 3994 καὶ

2161 4031 2536 4103 ἰσχυρότερος,
2564 4033 2660 4085 καί¹
2694 4032 3061 4103 ἁληθέστερός
3101 4034 3237 4085 ἔστι.
3271 4033 3371 4095 Τὰη
3389 4034 3494 4102 μὲν
3518 4036 3624 4105 γὰρ
3645 4034 3740 4105 5H;-

2161 4137 2306 4193 ματα
2343 4123 2451 4176 τῶν
2483 4123 2716 4194 Γραφῶν
2756 4123 2886 4186 ἴσως
2933 4122 3370 4179 ὑπονοθεύονται.
3399 4124 3569 4180 Ὅθεν
3597 4125 3743 4179 εστιν

2163 4214 2386 4278 ἰδέσθαι,
2412 4216 2495 4270 ὅτι
2544 4217 2594 4268 εί
2640 4217 2834 4287 χρῆσιν
2873 4216 3174 4286 προφέρεις
3204 4214 3281 4285 τῷ
3341 4217 3576 4288 ἐναντίῳ
3600 4255 3615 4280 ,
3638 4217 3739 4269 κά-

2159 4309 2335 4370 κεῖνος
2358 4306 2562 4369 εὐθέως
2593 4308 2787 4377 ἑτέραν
2817 4307 3013 4378 χρῆσιν
3042 4306 3328 4378 προφέρει,
3355 4307 3449 4358 καὶ
3481 4311 3513 4361 ὸ
3535 4308 3740 4378 αἱρετι-

2159 4397 2276 4460 κὸς,
2298 4398 2394 4451 καὶ
2418 4400 2446 4452 ὁ
2483 4399 2752 4462 Ἰουδαῖος.
2787 4398 2949 4451 Ὅθεν
2976 4401 3005 4451 ὁ
3024 4398 3322 4469 δυνάμενος
3348 4397 3434 4450 διὰ
3476 4415 3739 4470 πραγμα-

458 4490 603 4544 ticus
630 4528 646 4551 ,
679 4490 796 4543 sive
842 4485 1086 4541 Judaeus.
1139 4484 1483 4555 Quapropter
1520 4486 1607 4549 is,
1644 4485 1730 4539 cui
1776 4484 1921 4538 vires
1956 4484 2056 4541 hoc

2182 4483 2328 4536 mcth
2378 4484 2706 4551 ἀποδείξεων
2755 4485 2956 4557 μᾶλλον
3027 4486 3331 4550 ὁπλιζέσθω
3400 4488 3540 4558 πρὸς
3615 4488 3741 4551 τοὺς

460 4580 820 4642 concedunt,
874 4577 1051 4647 magis
1118 4591 1178 4631 se
1230 4583 1406 4629 armet
1453 4584 1647 4630 contra
1705 4575 2049 4631 adversarios

459 4667 1033 4725 demonstrationibus
1092 4680 1158 4719 ex
1238 4667 1359 4736 ipsa
1427 4679 1608 4719 rerum
1690 4673 1886 4718 natura
1949 4657 2044 4719 de-

457 4777 577 4818 sum
585 4763 715 4833 ptis.

528 4856 876 4927 Exploratam
896 4854 1095 4910 habeat
1126 4853 1658 4924 chronographiam;
1687 4861 1741 4908 et
1768 4868 1876 4923 quo
1906 4863 2044 4907 tem-

457 4964 591 5021 pore
610 4949 816 5004 vixerit
836 4949 923 5003 hic
951 4955 1047 5007 aut
1083 4947 1171 5002 ille
1190 4945 1351 5002 Pater
1378 4963 1395 5014 ;
1441 4947 1660 5016 quando
1690 4947 1806 5001 haec
1837 4956 1931 5001 aut
1954 4946 2044 5000 illa

458 5042 684 5098 haeresis
699 5041 988 5097 exstiterit.
1837 5059 1841 5063 ν

530 5134 722 5206 Neque
766 5134 898 5188 illud
935 5133 1339 5205 ignorantium:
1370 5130 1744 5187 adversarium
1766 5172 1781 5196 ,
1822 5131 2043 5200 quando

458 5244 558 5300 per
607 5227 1089 5298 interrogationem
1122 5228 1191 5280 ad
1229 5225 1508 5294 angustias
1536 5224 1789 5278 reduetus
1816 5232 1918 5288 est,
1948 5238 2041 5277 co-

461 5323 604 5385 nari,
642 5321 747 5375 alia
786 5320 1217 5389 interrogatione
1254 5318 1557 5388 preposita,
1590 5317 1698 5371 alio
1729 5330 2041 5371 sermonem

461 5411 777 5468 transferre.
814 5412 969 5480 Quod
1002 5427 1109 5466 non
1142 5421 1228 5467 est
1259 5411 1619 5465 tolerandum.

530 5506 673 5560 Ante
715 5504 1138 5575 disputationem
1194 5505 1264 5558 ab
1309 5504 1626 5559 adversario
1670 5503 2041 5574 juramentum

462 5597 754 5667 petendum
782 5607 906 5653 est:
963 5612 1074 5668 quo
1120 5596 1444 5668 polliceatur
1475 5597 1627 5652 nullo
1655 5597 1822 5652 verbo
1853 5608 2040 5669 contra

462 5689 851 5771 conscientiam
884 5704 1005 5745 sese
1033 5700 1308 5745 acturum.

2154 4575 2449 4640 ἐναντίους.
2500 4590 2506 4596 ’

2225 4868 2317 4918 Δεῖ
2349 4867 2442 4919 καὶ
2483 4868 2610 4931 τοῦς
2671 4867 3081 4939 χρονογράφους
3128 4864 3477 4926 ἐπίστασθαι,
3532 4864 3625 4919 καί
3651 4861 3733 4927 τὸ,

2153 4960 2296 5012 κατὰ
2334 4959 2519 5023 ποίους
2571 4960 2800 5032 καιροὺς
2855 4961 2884 5014 ὁ
2931 4960 3141 5031 Πατὴρ,
3197 4960 3293 5014 καὶ
3340 4959 3470 5013 πότε
3518 4961 3552 5030 ή
3590 4957 3736 5011 δεῖνα

2150 5053 2361 5124 αἵρεσις
2390 5049 2477 5123 ἦν.

2221 5142 2313 5213 Μὴ
2340 5140 2650 5195 λανθανέτω
2683 5140 2739 5194 δὲ
2770 5142 2920 5212 ἡμᾶς
2948 5140 3085 5211 μηδὲ
3112 5139 3291 5206 τοῦτο,
3326 5141 3429 5203 ὅτι,
3448 5140 3585 5193 ἐπὰν
3621 5153 3738 5191 στε-

2151 5233 2413 5303 νώσωμεν
2444 5233 2512 5284 δι’
2533 5232 2855 5304 ἐρωτήσεως
2881 5232 2977 5285 τὸν
3001 5232 3069 5286 δι’
3098 5233 3371 5295 ἐναντίας,
3404 5229 3734 5300 ἀγωνίζεται

2153 5326 2288 5395 πρὸς
2315 5325 2508 5397 ἑτέραν
2549 5322 2820 5395 ἐρώτησιν
2867 5323 3195 5394 μετενέγκαι
3219 5322 3310 5376 τὸν
3337 5321 3517 5391 λόγον.
3556 5320 3734 5389 Ὀπερ

2149 5420 2212 5472 οὐ
2240 5419 2319 5471 δεῖ
2344 5417 2657 5488 ἀνέχεσθαι.

2226 5512 2349 5563 ’Ότι
2372 5511 2479 5582 χρὴ
2509 5510 2614 5581 πρὸ
2639 5511 2740 5581 τῆς
2769 5507 3058 5574 διαλέξεως
3091 5508 3342 5562 ἀπαιτεῖν
3370 5508 3533 5578 ὅρκον
3552 5503 3642 5558 τὸν
3673 5500 3732 5565 ἐξ

2150 5607 2424 5671 ἐναντίας,
2452 5607 2538 5659 ὅτι
2561 5606 2622 5659 οὐ
2654 5606 2965 5659 καταπατεῖ
2999 5604 3058 5660 τὸ
3088 5603 3220 5658 ἴδιον
3269 5601 3512 5666 συνειδὸς
3551 5600 3610 5652 ὲν
3635 5595 3730 5666 οἴῳ

2147 5697 2212 5768 δή
2248 5714 2377 5750 ποτε
2407 5699 2636 5768 ῥήματι,
2670 5689 2714 5764 ᾧ
2739 5696 2910 5749 λαλεῖ.

591 5800 760 5857 Exod.
799 5800 1007 5870 311,46.
1081 5803 1100 5832 ¹
1134 5801 1276 5857 I’sal.
1303 5818 1424 5867 cxv,
1468 5801 1520 5855 ll
1550 5821 1563 5870 ;
1598 5802 1756 5858 Rern.
1789 5817 1871 5864 ιιι,
1896 5801 1949 5856 ι.
2027 5805 2047 5835 ³
2082 5805 2228 5860 Psal.
2257 5821 2378 5870 xm,
2408 5806 2429 5857 l
2456 5821 2472 5873 ;
2498 5803 2658 5859 Rom.
2709 5803 2912 5873 "1,1"...

3818 774 3845 825 ς’
