3992 6432
290 361 352 430 il
1746 371 1904 435 ~V11E
1936 367 2135 437 EDUX.

348 475 477 530 ὀτι
521 475 609 530 δεῖ
651 477 808 549 ἡμᾶς
851 476 961 550 πρὸ
994 479 1194 543 παντὸς
1237 476 1396 548 λόγου
1441 478 1883 552 ἀναθεματίζειν,

277 564 405 628 ὅσας
427 565 741 637 ὑπολήψεις
758 567 981 638 ψευδεῖς
1008 568 1381 640 ὑπολαμϐάνει
1416 572 1546 644 περὶ
1575 572 1608 642 ἠ
1618 571 1736 643 μῶν
1761 573 1789 625 ὁ
1812 571 1883 626 δι’

280 659 547 721 ἐναντίας.
583 655 739 723 υἷον,
770 662 863 715 ὅτε
897 661 1032 733 πρὸς
1055 661 1300 733 Ἄραϐας
1336 662 1606 733 μέλλομεν
1634 662 1884 734 διαλέγε-

282 752 421 815 σθαι,
457 751 1078 824 προαναθεματίσωμεν
1105 752 1198 806 τὸν
1226 752 1456 822 λέγοντα
1504 752 1599 806 δύο
1633 753 1812 818 θεοὺς,

274 842 361 895 τὸν
388 841 630 910 λέγοντα
677 845 764 896 ὅτι
794 843 1088 917 ἐγέννησεν
1118 846 1147 899 ὁ
1178 843 1310 909 Θεὸς
1347 845 1630 916 σαρκικῶς
1659 845 1810 912 Υίὸν,
1844 845 1879 919 ἢ

270 933 358 986 τὸν
419 933 860 1003 προσκυνοῦντα
896 932 973 996 ὡς
995 933 1152 999 Θεὸν,
1195 927 1306 986 οἷον
1341 932 1539 1005 δήποτε
1582 934 1788 1006 κτίσμα
1822 935 1882 989 ἐν

268 1023 483 1095 ούρανῷ
518 1024 553 1094 ἢ
602 1025 705 1077 ἐπὶ
751 1025 881 1096 γῆς.
922 1025 1160 1096 Ὁμοίως
1205 1027 1301 1080 καὶ
1354 1026 1491 1097 πρὸς
1538 1026 1639 1110 cdt;
1686 1026 1882 1093 λοιπὰς

270 1117 511 1187 αἱρέσεις
576 1115 693 1188 χρὴ
744 1117 1311 1189 προσαναθεματίζειν
1362 1118 1497 1182 ὅσας
1543 1120 1674 1190 περὶ
1720 1120 1880 1191 ἡμῶν

268 1209 479 1279 ψευδεῖς
519 1209 797 1273 ὑπονοίας
844 1212 975 1281 περὶ
1027 1211 1263 1276 πίστεως
1303 1211 1512 1282 ἔχουσι.
1544 1211 1730 1267 Ταῦτα
1769 1214 1880 1284 γὰρ

268 1302 583 1371 ἀκούοντες,
619 1304 1059 1377 προθυμοτέρως
1089 1306 1183 1363 καὶ
1212 1306 1282 1366 τὰ
1302 1306 1484 1367 ,λοιπά
1507 1306 1776 1378 δέχονται.

335 1571 457 1625 Ὅτι
490 1571 603 1644 χρὴ
640 1571 944 1643 προλέγειν
967 1574 1133 1630 παντὶ
1164 1576 1537 1649 Μονοφυσίτῃ,
1573 1576 1657 1632 ὅτι
1688 1578 1790 1639 οὐκ
1810 1580 1878 1638 ὲκ

268 1665 358 1732 τῆς
382 1663 613 1717 συνόδου
644 1664 1000 1736 Χαλκηδόνος
1030 1665 1168 1737 πρὸς
1188 1667 1332 1737 ὑμᾶς
1352 1668 1733 1741 ἀντιλέγομεν,
1759 1671 1876 1725 ἀλλ’

271 1755 333 1811 ὲκ
353 1755 461 1810 τῶν
492 1756 646 1809 Πατέ
657 1773 773 1827 ρων
791 1757 913 1827 ,πρὸ
932 1758 1033 1829 τῆς
1060 1758 1300 1825 συνόδου,
1328 1758 1424 1824 οὓς
1444 1762 1541 1815 καὶ¹
1565 1761 1746 1832 ὑμεῖς,
1779 1761 1875 1817 καὶ

272 1849 423 1924 ῄμείς
457 1849 801 1919 ὀρθοδόξους
824 1850 1219 1923 ὁμολογοῦμεν.

340 1939 455 1993 Ὅτι
485 1939 575 1993 δεῖ
608 1941 769 2010 ἡμᾶς
804 1940 1314 2012 προασφαλίζεσθαι
1344 1943 1436 1999 τὸν
1469 1945 1875 2020 Μονοφυσίτην,

286 2032 372 2085 καὶ
408 2031 848 2102 ἀναθεματίζειν
879 2034 1192 2106 εἰλικρινῶς
1230 2034 1323 2090 τὸν
1382 2037 1458 2107 μὴ
1511 2038 1879 2110 ὁμολογοῦντα

289 2123 405 2178 Θεὸν
428 2123 693 2193 ἀληθινὸν
728 2125 827 2178 τὸν
864 2126 1122 2195 Χριστόν.
1152 2121 1268 2180 Εἶθ’
1303 2125 1480 2191 οὕτως
1531 2131 1878 2185 οἰκειοποιεῖ-

278 2216 392 2271 σθαι
416 2216 724 2288 πρόσωπον
758 2216 1039 2284 Ἰουδαίου,
1063 2217 1098 2290 ἢ
1120 2218 1214 2272 τοῦ
1244 2220 1608 2290 Σαμοσατέως
1632 2221 1873 2290 Παύλου,

272 2305 367 2358 καὶ
404 2304 768 2376 εἰσπράττειν
830 2307 1016 2372 αὐτὸν,
1072 2308 1135 2361 τὸ
1174 2309 1339 2364 πόθεν
1380 2310 1564 2381 δῆλον,
1610 2313 1692 2366 ὅτι
1736 2314 1871 2389 Θεὸς

278 2396 501 2466 ῐκιιιστδς
552 2401 702 2455 ἔστιν
744 2401 777 2452 ὁ
817 2400 1092 2471 Χριστός;
1150 2401 1382 2468 καθὼςό
1435 2404 1746 2477 Ἀμμώνιος
1776 2425 1874 2477 ιτε-

288 2490 477 2560 πίηκε
517 2491 641 2561 πρὸς
702 2490 803 2545 τὸν
867 2490 1318 2564 Ἁλικαρνασσέα,
1368 2495 1564 2566 ἥντινα
1598 2496 1871 2557 ἀντίθεσιν

294 2583 525 2654 εὑρήσεις
549 2585 607 2637 ἐν
633 2582 724 2655 τῷ
746 2584 1018 2657 τετραδίῳ
1047 2586 1331 2659 κειμένην.

346 2676 705 2746 Σημειωτέον,
742 2678 938 2750 ὅτιπερ
961 2677 1051 2734 διὰ
1101 2678 1196 2732 τοῦ
1243 2680 1530 2752 κράματος
1570 2682 1666 2736 τοῦ
1701 2701 1866 2756 ποτη-

278 2765 407 2835 ρίου,
432 2760 492 2820 οὗ
538 2767 953 2846 προσῳέρουσιν
982 2770 1032 2823 oi
1062 2770 1454 2840 Μονοφυσῖται,
1504 2767 1647 2827 οἶνον
1693 2775 1867 2846 ἀκρα-

273 2875 357 2911 τον
380 2860 553 2930 χωρὶς
602 2844 805 2924 ὓδατος
851 2862 1247 2933 προσάγοντες,
1294 2865 1614 2936 ἐλέγχονται
1656 2844 1865 2936 σαφῶς.

277 2950 565 3022 Ἄκρατον,
596 2952 698 3007 καὶ
720 2950 928 3023 ἁπλῆν,
964 2954 1061 3007 καὶ
1088 2955 1263 3027 ἀμιγῆ
1287 2958 1471 3026 πάσης
1503 2958 1698 3029 μίξεως
1737 2979 1870 3034 σαρ-

271 3046 378 3111 ιὺς,
420 3045 691 3120 ἢψυχῇς,
749 3046 968 3123 γυμνῂν
1001 3048 1170 3121 μόνην
1209 3049 1440 3127 θεότῃτα
1472 3049 1867 3124 ὁμολογοῦντες

268 3133 403 3193 εἶναι
430 3140 525 3194 τὸν
557 3138 829 3212 Χριστόν.

476 3342 625 3411 Περὶ
681 3344 948 3410 πίστεως
986 3345 1250 3414 ἕκθεσις·
1278 3348 1350 3403 ἐν
1385 3349 1658 3422 ἐπιτομῇ.

345 3455 571 3520 Ἰστέον,
606 3457 707 3511 καὶ
731 3457 808 3529 μὴ
834 3458 1155 3529 ἀγνοητέον,
1184 3462 1267 3516 ὅτι
1297 3464 1359 3516 οὐ
1389 3463 1472 3516 δεῖ
1493 3466 1641 3535 ἡμᾶς
1669 3465 1873 3521 ἀϐασα-

267 3545 484 3609 νίστως,
519 3546 621 3600 καὶ
651 3548 1081 3619 ἀπερισκέπτως
1112 3550 1212 3622 τὴν
1265 3553 1482 3607 οίανοῦν
1530 3555 1873 3632 δογματικὴν

268 3639 452 3708 φωνὴν
474 3638 683 3707 λέγειν.
712 3641 871 3693 Ἔστι
905 3640 1015 3713 γὰρ
1039 3644 1133 3696 καὶ
1171 3644 1433 3712 εὐσεϐῶς,
1469 3650 1564 3702 καὶ
1592 3648 1873 3717 δυσσεϐῶς

266 3732 441 3783 εἰπεῖν
476 3732 539 3784 ὲν
579 3730 659 3801 τῷ
703 3731 930 3803 Χριστῷ
979 3732 1073 3787 δύο
1118 3735 1310 3807 φύσεις
1339 3738 1543 3810 ὁμοίως
1576 3742 1672 3795 καὶ
1704 3742 1868 3816 θελή-

268 3837 401 3885 σεις,
436 3822 533 3875 καὶ
583 3823 893 3894 ἐνεργείας,
929 3824 1025 3879 καὶ
1066 3828 1249 3883 πᾶσαν
1284 3827 1350 3883 ἂν
1381 3830 1721 3906 δογματικὴν
1755 3852 1871 3904 φω-

267 3915 383 3985 νήν,
419 3913 662 3984 Ὁμοίως
712 3915 809 3969 καὶ
839 3917 888 3969 οἱ
923 3915 1177 3989 λέγοντες
1221 3920 1281 3974 ὲν
1319 3922 1547 3996 Χριστῷ
1575 3923 1669 3979 δύο
1702 3944 1868 3995 φυσι-

272 4008 372 4069 κάς
435 4007 742 4077 ἰδιότητας,
791 4008 1252 4082 ἑρμηνευέτωσαν
1300 4014 1383 4078 τὸ,
1433 4014 1556 4081 πῶς
1593 4017 1775 4072 νοοῦσι
1805 4019 1868 4074 τὺ

268 4101 561 4169 ςυσικὸν.
595 4099 835 4157 Δύναται
865 4099 972 4173 γὰρ
1002 4102 1101 4163 καὶ
1137 4103 1403 4170 εὐσεϐῶς,
1449 4106 1545 4160 καὶ
1586 4108 1869 4175 δυσσεϐῶς

265 4188 546 4257 λέγεσθαι.
576 4188 826 4259 ,Εἴρηται
868 4190 979 4261 γὰρ
1010 4192 1262 4261 φυσικὸν,
1319 4197 1416 4254 καὶ
1459 4195 1522 4250 τὸ
1579 4198 1724 4253 κατά
1767 4201 1870 4273 τὴν

267 4280 455 4350 κοινὴν
480 4278 779 4349 συνήθειαν
825 4280 935 4333 τῶν
978 4281 1155 4356 ψιλῶν
1199 4283 1509 4356 ἀνθρώπων
1551 4288 1866 4360 γινόμενον.

267 4371 450 4441 Ὅπερ
485 4372 616 4428 οὐδὲ
666 4373 761 4429 ἐπὶ
822 4372 1085 4447 ἰδιότητος
1130 4375 1193 4430 ὲν
1251 4374 1330 4453 τῷ
1370 4378 1597 4456 Χριστῷ
1641 4379 1871 4439 δύναται

265 4463 543 4534 λέγεσθαι,
1682 4498 1709 4515 κ

338 4732 638 4797 Ὦσαύτως
672 4735 775 4788 ,καὶ
807 4735 837 4789 ὁ
874 4735 1201 4808 βουλόμενος
1240 4739 1482 4813 Ἑτέραν,
1532 4744 1629 4797 καὶ
1663 4745 1861 4821 ἑτέραν

262 4817 509 4894 θέλησιν,
546 4826 647 4877 καὶ
673 4825 958 4897 ἐνέργειαν
996 4829 1297 4901 κηρύττειν
1326 4833 1426 4904 τῆς
1453 4817 1732 4905 θεότητος,
1764 4837 1860 4890 καὶ

259 4917 357 4987 τῆς
394 4915 830 4989 ἀνθρωπΰτητος
863 4920 957 4974 τοῦ
993 4923 1254 4992 Χριστοῦ,
1286 4924 1380 4996 μὴ,
1410 4925 1488 4989 ὡς
1528 4926 1687 4998 ἔτυχε
1722 4914 1863 4983 κατά

259 5026 412 5074 τινας
456 5009 822 5075 ἀπαιδεύτους
864 5014 1280 5086 ἀθυροστόμως,
1319 5018 1413 5071 καὶ
1449 5019 1856 5088 ἀϐασανίστως,

260 5103 353 5157 καὶ
373 5102 765 5173 ἀναισχύντως
789 5105 1064 5176 κραςέτω,
1082 5105 1179 5161 δύο
1200 5107 1413 5177 φύσεις,
1433 5111 1529 5165 καὶ
1551 5106 1855 5185 θελήματα,

256 5193 484 5249 καὶδύο
548 5194 789 5265 φυσικὰς
838 5196 1146 5268 ἐνεργείας.
1224 5201 1695 5259 Εὒσκανδάλιστον
1746 5208 1857 5279 γάρ

258 5283 398 5350 ἔστι,
437 5286 541 5339 καὶ
598 5287 841 5357 μάλιστα
890 5291 1006 5353 τοῖς
1054 5290 1475 5365 ἁπλουστέροις,
1521 5295 1584 5351 τὸ
1631 5297 1856 5352 ἀκούειν

256 5376 349 5431 ἐπὶ
375 5378 627 5449 Χριστοῦ
654 5379 749 5432 δύο
771 5383 1026 5449 φυσικὰ,
1061 5384 1202 5450 τόδε,
1234 5386 1328 5440 καὶ
1358 5388 1495 5443 τόδε.
1535 5389 1696 5444 Ἀλλά
1718 5392 1857 5462 μετά

252 5468 348 5522 τοῦ
380 5468 538 5522 θείου
563 5469 754 5539 φόϐου,
790 5473 885 5525 καὶ
902 5475 1091 5545 πάσης
1134 5476 1439 5547 εὐλαϐείας¹
1464 5483 1579 5544 τοῖς
1621 5481 1857 5553 δυναμέ-

253 5575 371 5623 νοις
401 5563 636 5632 χωρεῖν,
689 5560 917 5631 λεγέτω,
976 5565 1072 5618 καὶ
1106 5568 1510 5639 ἀποκρινέσθω,
1549 5573 1645 5626 κού⁵
1674 5573 1853 5646 ἑρμη-

254 5654 486 5716 νευέτω,
520 5653 609 5717 τὸ,
640 5653 693 5706 τί
722 5656 866 5717 ονοεῖ,
892 5655 990 5708 καὶ
1029 5656 1149 5720 πῶς
1175 5659 1305 5710 -νοεῖ
1332 5660 1424 5712 ἐπὶ
1471 5661 1717 5733 ’Χριστοῦ
1754 5663 1853 5736 τὴν

258 5745 422 5813 φύσιν
444 5764 461 5774 ·
492 5744 642 5798 τοῦτ’
667 5744 784 5797 ἔστι
816 5745 876 5797 τὸ
907 5746 1110 5818 ἀληθὲς
1141 5751 1394 5820 πρᾶγμα.
1431 5753 1546 5806 Καὶ
1589 5752 1649 5806 ού
1689 5753 1853 5824 φύσιν

260 5836 662 5906 ύποστατικὴν,
694 5836 817 5908 ἤτοι
850 5839 1235 5910 προσωπικὴν,
1285 5842 1409 5896 οὔτε
1450 5845 1683 5913 φυσικὸν
1717 5862 1853 5921 σαρ-

498 5934 778 5996 ΡΑτιιοι.
812 5932 929 5997 Gn.
969 5934 1299 6001 LXXXIX.

2063 482 2205 537 Ante
2243 481 2651 551 congressionis
2671 482 2896 541 initium
2933 500 3125 542 omnes
3151 488 3379 544 omnino
3406 505 3588 562 prava:

1988 558 2332 646 Suspiciones
2359 584 2413 631 et
2445 575 2758 646 opiniones.
2790 592 2931 648 quas
2962 579 3309 637 adversarius
3334 582 3401 637 de
3429 586 3588 640 nobis

1987 667 2271 739 concepit,
2313 668 2684 734 detestandae,
2737 669 2983 742 dirisque
3025 672 3354 729 dcvovendm
3406 686 3540 743 sunt
3569 696 3589 737 :

1986 767 2046 814 ut
2081 759 2127 816 si
2156 775 2281 815 cum
2309 760 2582 817 Arabibus
2619 761 3040 834 depugnandum
3075 766 3147 821 sit
3178 808 3192 832 ,
3250 769 3590 827 anathemati

1986 851 2348 923 subjiciamus
2407 870 2534 909 eum
2592 856 2686 925 qui
2720 856 2854 912 dicit
2898 873 2910 908 :
2952 857 3090 914 duos
3140 859 3294 926 deos,
3343 863 3427 917 vel
3459 879 3588 920 eum

1984 945 2079 1014 qui
2130 946 2288 1001 docet
2358 945 2528 1003 Deum
2568 949 2824 1019 genuisse
2869 948 3066 1005 Filium
3109 967 3262 1008 more
3314 957 3590 1033 modoque

1982 1035 2136 1090 carni
2171 1047 2479 1093 consueto:
2528 1041 2612 1094 vel
2652 1056 2808 1107 eum,
2858 1042 2951 1112 qui
2995 1043 3215 1109 adorat,
3271 1056 3329 1105 ut
3377 1046 3589 1121 deum.

1983 1128 2425 1201 qualemcunque
2447 1141 2751 1189 creaturam
2786 1134 2842 1189 in
2872 1135 3013 1192 coelo
3046 1146 3142 1195 aut
3179 1139 3422 1197 interra.
3458 1141 3585 1196 Pari

1986 1219 2156 1274 modo
2201 1230 2411 1277 caeteras
2449 1222 2723 1289 bmreses,
2775 1240 3074 1298 omnesque
3116 1226 3270 1288 falsae
3312 1232 3589 1302 opinatio-

1981 1326 2103 1379 nes,
2133 1312 2337 1382 quibus
2376 1313 2442 1369 de
2492 1315 2654 1371 uobis
2699 1316 2891 1373 imbuti
2931 1328 3106 1387 sunt,
3164 1321 3318 1390 prius
3354 1326 3586 1383 anathe-

1980 1411 2127 1456 male
2166 1404 2389 1473 percelli
2436 1405 2660 1462 debent.
2701 1407 2837 1463 Nam
2870 1425 2996 1465 cum
3031 1413 3134 1487 12
3172 1413 3289 1470 haec
3310 1415 3583 1485 audiunt,

1979 1493 2214 1552 alacrius
2245 1498 2472 1569 reliquis
2502 1515 2664 1556 aures
2693 1503 2965 1572 praebent.
3022 1542 3033 1550 .

2049 1587 2209 1642 Omni
2269 1579 2663 1663 Monophysitae
2701 1595 2999 1663 praedicere
3033 1607 3278 1669 oportet,~
3324 1617 3425 1658 nos
3471 1619 3585 1662 non

1977 1695 2044 1735 ex
2094 1682 2530 1741 Cbalcedonensi
2582 1688 2827 1759 synodo,
2884 1690 2980 1747 sed
3031 1708 3097 1747 ex
3139 1691 3436 1766 Patribus,
3486 1699 3583 1769 qui

1984 1775 2256 1848 synodum
2293 1786 2743 1845 antecesserunt,
2786 1792 2975 1841 contra
3025 1784 3146 1841 illos
3185 1802 3340 1843 arma
3392 1804 3581 1846 sume-

1912 1853 1958 1910 Β
1986 1882 2048 1925 re
2075 1884 2248 1938 :quos
2270 1879 2325 1924 ct
2355 1886 2457 1926 nos
2487 1878 2542 1926 et
2562 1871 2639 1926 illi
2663 1875 3003 1932 orthodoxos
3031 1876 3204 1934 fuisse
3227 1879 3579 1938 conﬁtentur.

2056 1955 2491 2031 Monophysitam
2517 1964 2849 2032 prtemunire
2889 1966 3153 2023 debemus
3177 2008 3192 2034 ,
3247 1982 3302 2024 et
3364 1971 3582 2027 sincere

1986 2052 2277 2107 anathema
2305 2053 2631 2112 denuntiare
2658 2059 2916 2117 omnibus
2975 2061 3088 2118 illis
3133 2062 3227 2134 qui
3259 2081 3368 2120 non
3405 2066 3579 2121 conli—

1987 2149 2171 2197 tentur
2206 2143 2487 2201 Christum
2519 2163 2642 2204 esse
2671 2166 2864 2206 verum
2899 2150 3092 2209 Deum.
3145 2151 3262 2209 Hoc
3295 2154 3439 2210 facto
3478 2156 3579 2211 in-

1983 2233 2198 2289 duenda
2230 2246 2316 2293 est
2356 2254 2591 2309 persona
2629 2240 2828 2310 Judmi,
2858 2245 2944 2300 vel
2991 2245 3143 2302 Pauli
3184 2246 3535 2307 Samosateni
3560 2288 3578 2313 .

1981 2329 2449 2402 quaerendumque
2472 2350 2537 2389 ex
2571 2336 2687 2404 illo,
2720 2339 2866 2395 unde
2891 2338 3098 2409 liqueat
3149 2340 3430 2402 Christum
3455 2359 3579 2399 csse

1980 2418 2152 2475 Deum
2199 2422 2568 2495 altissimum;
2593 2431 3061 2498 quemadmodum
3095 2432 3222 2488 fecit
3247 2433 3578 2490 Ammonius

1980 2512 2708 2587 contrallalicarnassaeum,
2741 2536 2905 2593 quam
2920 2523 3217 2581 antithesin
3241 2526 3489 2585 invenies
3519 2528 3577 2583 in

1980 2612 2175 2674 quarta
2204 2616 2377 2675 parte.

2040 2694 2461 2756 Observandum
2493 2711 2599 2769 est,
2641 2702 3052 2776 Monophysitas
3103 2706 3222 2778 ipsa
3248 2707 3456 2767 .calicis
3486 2709 3576 2769 sui

1976 2789 2261 2851 oblalione
2294 2795 2571 2866 redargui.
2612 2796 2814 2851 Purum
2847 2799 2993 2855 enim
3025 2815 3353 2870 merumque
3384 2802 3574 2857 vinum

1975 2877 2231 2947 offerunt,
2273 2882 2482 2953 absque
2534 2885 2862 2943 admistionc
2928 2904 3103 2958 aquae.
3157 2888 3281 2956 Quo
3330 2891 3576 2949 indicant

1972 2968 2289 3041 Christum,
2341 2976 2411 3030 ab
2458 2979 2612 3033 omni
2666 2981 2916 3051 corporis
2980 2992 3035 3038 et
3088 2985 3286 3043 anima:
3334 3002 3574 3046 concrcv

1972 3058 2124 3116 tione
2161 3062 2392 3127 liberum
2428 3106 2443 3131 ,
2495 3083 2562 3151 ex
2622 3071 2737 3128 sola
2791 3072 3046 3149 nudaque
3098 3076 3388 3135 divinitate
3422 3094 3574 3141 cons

1900 3156 1946 3218 (ζ
1977 3160 2150 3215 stare.

1882 3296 1966 3317 p—

2439 3367 2618 3424 Brevis
2656 3372 2921 3440 expositin
2955 3373 3106 3443 ﬁdei.

2047 3449 2342 3509 Sciendum
2443 3458 2563 3513 sine
2617 3461 2870 3515 examine
2920 3473 2972 3518 et
3025 3464 3409 3533 disquisitione
3458 3483 3571 3527 non

1974 3544 2276 3612 quamlibet
2304 3563 2490 3602 vocem
2527 3551 2595 3604 ad
2627 3552 2881 3622 dogmata
2927 3556 3289 3623 pertinentem
3343 3559 3571 3629 ample-

1972 3638 2222 3691 ctendam
2251 3654 2394 3696 esse.
2430 3641 2574 3698 Fieri
2608 3644 2753 3699 enim
2784 3656 2968 3717 potest
3027 3658 3087 3703 ut
3121 3650 3244 3720 quis
3272 3651 3359 3722 pie
3388 3660 3440 3708 et
3469 3653 3571 3709 im-

1971 3726 2062 3797 pie
2102 3729 2241 3785 duas
2282 3732 2336 3785 in
2389 3732 2613 3793 Christo
2650 3746 2877 3797 naturas
2917 3750 3168 3807 asserat;
3213 3743 3469 3805 similiter
3515 3756 3571 3806 et

1971 3818 2111 3875 duas
2139 3822 2487 3890 voluntates,
2525 3835 2579 3883 et
2607 3828 2990 3902 qperationes,
3039 3840 3095 3887 et
3132 3835 3316 3889 omnia
3348 3838 3451 3899 alia
3498 3841 3568 3901 ad

1971 3907 2279 3967 doctrinam
2306 3912 2426 3968 ﬁdei
2457 3918 2780 3990 spectantia.
2817 3917 2942 3974 Pari
2971 3923 3165 3989 modo,
3193 3923 3286 3993 qui
3323 3925 3375 3979 in
3402 3925 3567 3983 Chri-

1969 4009 2057 4057 διο
2087 4002 2224 4058 duas
2262 4009 2937 4081 naturalesprqprietates
2971 4021 3256 4082 statuunt,
3294 4018 3567 4080 illinobis

1968 4095 2241 4163 explicent
2300 4098 2460 4152 velim
2521 4103 2794 4175 quomodo
2862 4119 3050 4160 vocem
3107 4106 3254 4163 illam
3315 4113 3567 4170 naturale

1969 4186 2261 4256 accipiant.
2286 4189 2485 4250 'Potest
2512 4192 2659 4248 enim
2697 4204 2752 4250 et
2789 4197 2959 4266 probe
2997 4206 3053 4254 ct
3088 4199 3333 4268 improbe
3365 4203 3562 4273 accipi.

1968 4278 2179 4341 Dicitur
2211 4283 2356 4341 enim
2389 4288 2639 4342 naturale
2668 4288 2833 4344 etiam
2876 4289 2931 4346 id
2987 4293 3129 4361 quod
3158 4292 3219 4347 lit
3257 4297 3561 4358 secundum

1970 4385 2320 4431 communem
2352 4381 2805 4441 consuetudinem
2855 4398 3045 4438 eorum
3086 4385 3181 4460 qui
3221 4387 3371 4447 nihil
3412 4388 3561 4443 aliud

1970 4468 2100 4515 sunt
2140 4478 2305 4533 quam
2346 4465 2624 4532 homines;
2671 4470 2817 4545 quod
2849 4487 3026 4543 neque
3046 4471 3102 4527 in
3133 4484 3348 4541 natura,
3380 4492 3563 4548 neque

1897 4559 1942 4616 ι)
1971 4550 2026 4606 in
2060 4553 2430 4627 proprietate,
2464 4567 2641 4637 prout
2671 4541 2748 4617 de
2791 4541 3012 4620 Christo
3042 4564 3336 4637 dicuntur,
3378 4541 3558 4627 locum

1967 4641 2150 4699 habet.

2039 4733 2243 4790 Eodem
2291 4736 2491 4805 modo,
2539 4738 2632 4808 qui
2664 4740 2977 4802 vultaiiam
3013 4752 3068 4798 et
3098 4745 3266 4799 aliam
3306 4747 3550 4801 volunta-

1964 4834 2072 4880 tem
2118 4836 2174 4883 et
2220 4830 2596 4903 operationem
2632 4833 2936 4889 divinitatis
2983 4845 3040 4891 et
3096 4837 3457 4892 humanitatis
3498 4839 3554 4901 in

1961 4915 2183 4972 Christo
2214 4920 2550 4990 praedicare;
2586 4921 2634 4976 is
2657 4938 2787 4987 non,
2813 4935 2875 4978 ut
2910 4939 3031 4980 sors
3063 4923 3169 4981 fert
3189 4967 3203 4992 ,
3235 4944 3386 4985 more
3411 4946 3553 5002 quo-

1963 5008 2216 5063 rumdam
2259 5011 2678 5081 imperitorum,
2705 5012 2876 5075 ‘ilioto
2923 5028 3055 5081 ore,
3103 5006 3465 5090 incogitanter
3497 5035 3555 5083 et

1963 5100 2308 5171 impudenter
2341 5103 2586 5158 clamitet
2611 5106 2750 5160 duas
2779 5115 3008 5162 naturas
3033 5117 3088 5163 et
3121 5112 3553 5182 voluntates;_et

1961 5194 2099 5248 duas
2131 5195 2409 5252 naturales
2437 5196 2816 5267 operationes;
2853 5214 2979 5254 nam
3002 5203 3150 5279 apud
3185 5204 3549 5275 simpliciores

1960 5286 2282 5343 scandalum
2321 5287 2584 5347 facillime
2623 5290 2871 5361 paritur,
2907 5307 3033 5347 cum
3065 5294 3295 5350 audiunt
3334 5297 3444 5353 duo
3492 5298 3548 5355 in

1958 5378 2179 5436 Christo
2218 5383 2442 5453 physica
2483 5398 2578 5439 seu
2629 5384 2939 5451 naturaiia;
2992 5389 3097 5443 hoc
3142 5389 3402 5444 nimirum
3430 5430 3445 5459 ,
3494 5400 3550 5449 et

1959 5472 2091 5529 illud
2122 5490 2136 5526 :
2177 5473 2272 5529 sed
2315 5475 2503 5532 divino
2540 5477 2735 5534 timore
2802 5480 3064 5558 ninnique
3097 5483 3398 5538 reverentia
3435 5483 3550 5554 ple-

1957 5582 2084 5633 nus,
2121 5567 2227 5632 his,
2270 5568 2366 5639 qui
2394 5585 2624 5641 capaces
2657 5581 2807 5639 sunt,
2835 5574 3151 5646 mysterium
3181 5575 3288 5633 hoc
3320 5577 3547 5649 pandat,

1957 5668 2292 5729 rogatusque
2333 5664 2699 5733 respondeat,
2743 5674 2799 5720 et
2829 5666 3102 5737 explicet,
3151 5668 3284 5740 quid
3324 5670 3550 5726 nomine

1957 5764 2206 5819 naturae;
2247 5763 2302 5809 ct
2327 5759 2605 5825 quomodo
2637 5768 2850 5815 naturae
2878 5761 3206 5818 vocabulum
3242 5759 3297 5818 in
3324 5761 3549 5823 Christo

1955 5845 2225 5921 accipiat;
2258 5848 2508 5908 videlicet
2548 5867 2656 5923 pro
2702 5852 2819 5924 ipsa
2857 5855 2936 5912 rei
2980 5856 3239 5922 veritate,
3284 5868 3391 5914 non
3434 5869 3555 5927 pro.

3180 5949 3226 6018 2

3632 928 3638 965 ί
