4030 6476
322 4828 361 4950 ιί

367 383 471 455 891

1753 379 2269 475 oUzES'rJONEs.
2364 368 2372 376 ’

3542 377 3650 439 682

368 509 430 558 τὸ
477 501 758 574 μυεῖσθαι,
807 502 903 556 καὶ
943 500 1121 573 μυεῖν,
1157 501 1253 555 καὶ
1280 484 1638 573 θρηὲτκεύεινς
1700 500 1776 553 Οὐ
1812 498 1963 570 παρὰ

2069 513 2255 553 meros
2313 495 2604 551 astrictum
2668 493 2891 560 fuisset,
2941 493 3327 553 admirabilem
3380 494 3651 553 tibihanc

366 596 632 669 Θρᾳκῶν,
682 595 779 650 καὶ
805 597 838 665 ἡ
872 595 1066 665 κλῆσις
1095 594 1333 648 πειθέτω
1359 611 1438 648 σε.
1491 590 1570 645 Τὸ
1601 590 1750 646 θύειν
1779 590 1856 657 δὲ,
1893 590 1953 643 οὐ

369 688 521 759 παρὰ
560 687 869 745 Χαλδαίων.
908 687 1118 757 ἧτουνο
1150 687 1447 757 Κυπρίωνς
1488 685 1562 738 Τὸ
1596 685 1956 754 ἀστρονομεῖν

365 781 446 845 δὲ,
503 780 564 833 οὗ
613 779 1014 845 Βαϐυλωνίων;
1078 778 1152 832 Τὸ
1197 778 1253 832 δὲ
1306 781 1665 850 γεωμετρεῖν,
1718 778 1819 830 οὐκ
1859 779 1956 830 Αί-

363 873 650 941 γυπτίων,
706 872 780 925 Τὸ
824 872 882 926 δὲ
935 872 1221 942 μαγεύειν,
1272 872 1334 924 οὐ
1377 871 1722 943 Uspctxdvp;
1761 870 1873 941 Τὴν
1900 868 1959 922 δὲ

365 963 595 1033 ὀνείρων
632 962 926 1032 μαντικὴν,
961 962 1126 1016 τίνων
1160 961 1193 1033 ἢ
1314 961 1671 1032 τολμήσεωνοι
1707 960 1956 1027 άκοῦειςς

365 1056 481 1127 Τὴν
523 1054 877 1125 οἰωνιστικὴν
914 1054 973 1107 δὲ
1016 1055 1258 1121 ποίωνη
1319 1054 1436 1108 οῦκ
1464 1053 1640 1108 ἄλλων
1669 1053 1702 1124 ἢ
1731 1052 1960 1123 Φρυγῶν

365 1147 479 1200 τῶν
522 1146 760 1218 πρώτων
790 1134 1305 1218 περιεργασμένων
1344 1146 1576 1216 ὀρνίθων
1619 1145 1846 1213 πτήσεις
1874 1161 1958 1207 τε,

364 1239 465 1293 καὶ
513 1238 815 1310 κινήματα.
871 1237 1005 1304 Καὶ,
1046 1236 1140 1313 ,ἵνα
1189 1235 1265 1307 μὴ
1299 1234 1648 1307 μακρολογῶ,
1683 1234 1848 1286 πίθεν
1877 1250 1960 1286 σοι

363 1331 429 1383 τὸ
479 1328 606 1382 καθ’
633 1328 901 1394 ἕκαστονς
955 1329 1055 1398 οὐχ
1087 1326 1144 1380 ἓν
1177 1328 1238 1392 ἐξ
1266 1326 1544 1391 ἐκάστων;
1577 1318 1678 1380 Ὧν
1703 1326 1961 1379 ἁπάντων

366 1423 451 1485 είς
499 1421 670 1476 ταυτὸ
721 1420 1112 1486 συνελθόντων,
1167 1418 1227 1473 ἓν
1270 1417 1699 1489 δεισιδαιμονίας
1727 1417 1960 1487 συνέστη

372 1514 706 1583 μυστήριονς
753 1512 819 1565 Τί
849 1507 943 1565 οὖν
975 1510 1271 1581 δεξόμεθας
1308 1509 1535 1563 Πάντων
1564 1509 1961 1580 ἀποχωρησάν-

360 1624 473 1660 των
507 1607 588 1670 είς
618 1608 747 1669 τοὺς
779 1605 1031 1676 πρώτους
1059 1603 1415 1675 εὑρομένους,
1455 1602 1621 1673 μηδὲν
1650 1601 1795 1673 ἔχειν
1827 1603 1960 1673 ὑμέ-

361 1717 546 1770 τερον,
593 1699 733 1769 πλὴν
766 1699 867 1768 τῆς
898 1697 1122 1759 κακίας,
1140 1756 1141 1759 η
1161 1695 1254 1749 καὶ
1282 1690 1385 1766 τῆς
1415 1693 1544 1764 περὶ
1569 1694 1629 1747 τὸ
1651 1694 1807 1747 Θεῖον
1826 1693 1961 1746 ταύ-

358 1768 466 1860 της
515 1787 905 1859 καινοτομίας;
963 1786 1027 1839 Ἦ
1070 1784 1177 1856 γάρ
1222 1781 1316 1837 τοῦ
1349 1782 1526 1851 Λόγου
1560 1781 1811 1852 δύναμις,
1849 1785 1960 1845 τοῖς

2065 590 2277 662 poesim
2305 589 2535 646 ereavit.
2571 588 2686 645 Hoc
2721 589 2901 660 ipsum
2931 588 3166 652 initiari,
3201 596 3370 658 atque
3398 589 3647 661 initiare.

2064 692 2121 737 et
2165 682 2300 737 deos
2336 681 2545 745 colere,
2587 680 2735 736 unde
2784 681 2855 736 ad
2891 690 2942 735 te
2975 681 3361 751 promanavit?
3387 682 3582 738 Nonne
3620 701 3650 737 ει

2067 772 2400 837 Thracibus,
2428 783 2489 827 ut
2513 772 2693 842 ipsum
2719 786 2941 842 quoque
2995 787 3199 827 nomen
3234 774 3521 829 ostendit?
3555 774 3653 829 Sa-

2066 860 2317 917 criﬁcare
2338 869 2543 924 autem,
2609 875 2796 916 nonne
2827 875 2860 915 a
2904 856 3198 927 Chaldaeis,
3240 872 3338 917 aut
3392 862 3653 935 Cypriis?

2066 954 2419 1009 Astronomia
2470 971 2654 1010 nonne
2687 954 3117 1027 Babyloniorum
3176 955 3465 1010 inventum
3522 957 3654 1010 est?

2065 1046 2263 1102 Nonne
2295 1047 2601 1116 geometria
2625 1047 3052 1120 Egyptiorum?
3082 1047 3283 1103 Nonne
3311 1049 3488 1119 magia
3513 1049 3649 1103 Per-

2068 1141 2296 1192 sarum?
2320 1141 2494 1195 Porro
2524 1140 2795 1196 divinatio
2826 1142 2918 1195 illa
2943 1142 3137 1211 quaein
3170 1142 3381 1197 somnis
3412 1142 3515 1197 sita
3547 1150 3651 1206 est,

2067 1247 2097 1285 a
2127 1231 2334 1301 quibus
2366 1232 2490 1288 aliis
2517 1250 2683 1303 quam
2711 1249 2740 1289 a
2769 1234 3149 1290 Telmessibus
3177 1243 3300 1289 orta
3321 1246 3406 1288 est
3424 1234 3446 1287 ?
3464 1234 3653 1306 Augu-

2068 1323 2229 1378 randi
2256 1324 2389 1379 item
2422 1324 2724 1395 disciplina
2748 1341 2779 1380 a
2808 1325 3014 1396 quibus
3050 1326 3178 1381 aliis
3214 1341 3381 1396 quam
3413 1341 3443 1380 a
3475 1326 3653 1397 Phry-

2067 1415 2266 1486 gibus,-
2288 1417 2383 1487 qui
2417 1418 2581 1487 primi
2618 1417 2809 1472 avium
2832 1418 3081 1473 volatum
3110 1434 3174 1473 ac
3199 1427 3409 1473 motum
3467 1418 3657 1473 curio-

2068 1508 2187 1564 sius
2209 1510 2616 1570 observarunt?
2634 1512 2733 1574 Ac,
2756 1526 2823 1565 ne
2845 1510 2950 1566 sim
2987 1510 3229 1581 longior,
3263 1510 3409 1564 unde
3437 1510 3656 1580 singula

2069 1599 2241 1656 babes
2258 1601 2281 1654 ?
2298 1601 2496 1656 Nonne
2523 1617 2693 1655 unum
2729 1601 2799 1656 ab
2829 1602 3203 1671 unoquoque?
3233 1600 3447 1667 Quibus
3469 1600 3655 1655 omni-

2068 1692 2173 1748 bus
2198 1693 2251 1748 in
2290 1710 2461 1749 unum
2497 1697 2726 1760 coactis,
2763 1710 2936 1752 unum
2971 1694 3389 1763 superstitionis
3443 1700 3658 1774 myste-

2070 1786 2216 1840 rium
2254 1784 2552 1841 conllatum
2612 1795 2669 1841 et
2703 1787 3066 1842 constitutum
3119 1786 3249 1841 est?
3284 1785 3427 1853 Quid
3490 1786 3658 1857 igitur

364 1883 471 1950 μὲν
521 1879 826 1934 ἐπιεικέσιν
873 1878 1081 1950 ἀρετῆς
1125 1875 1314 1940 ὅπλον,
1374 1877 1489 1939 τοῖς
1535 1874 1592 1928 δὲ
1646 1874 1963 1947 μοχθηροῖς,

2069 1878 2334 1933 omnibus
2393 1877 2462 1932 ad
2492 1878 2704 1948 primos
2753 1887 3011 1934 auctores
3072 1878 3349 1934 revocatis
3395 1886 3653 1933 nostrum

360 1971 594 2041 κέντρον
625 1971 831 2036 κακίας
857 1970 1094 2038 γίνεται.

360 2161 554 2216 mulus
585 2157 654 2213 ad
685 2158 1016 2228 nequitiam.

626 2274 729 2330 Ἕκ
758 2273 879 2329 τῶν
901 2270 1330 2330 ἀποστολικῶν
1353 2270 1709 2337 Διατὰξεων.

437 2387 560 2442 Τῶν
592 2384 836 2440 ἐθνικῶν
853 2385 1078 2456 βιϐλίων
1103 2384 1324 2440 πάντων
1354 2386 1585 2456 ἀπέχου,
1621 2383 1690 2437 Τί
1718 2384 1826 2454 γάρ
1855 2400 1960 2449 σοι,

362 2480 464 2534 καὶ
506 2478 816 2550 ἀλλοτρίοις
842 2478 1049 2550 λόγοις,
1086 2479 1121 2550 ἢ
1153 2478 1366 2551 νόμοις,
1396 2479 1430 2553 ἢ
1461 2477 1960 2549 ψευδοπροφήταις,

363 2573 404 2629 ἃ.
444 2573 539 2627 καὶ
583 2572 935 2645 παρατρέπει
975 2571 1079 2645 τῆς
1114 2572 1354 2638 πίστεως
1394 2572 1524 2635 τοὺς
1561 2569 1961 2640 κουφοτέρουςς

370 2668 440 2722 Τί
476 2667 587 2737 γάρ
634 2684 720 2720 σοι
775 2668 872 2721 καὶ
916 2667 1095 2721 λείπει
1137 2667 1196 2720 ὲν
1228 2665 1311 2737 τῷ
1334 2664 1487 2736 νόμῳ
1514 2661 1609 2719 τοῦ
1670 2661 1840 2727 Θεοῦ,
1876 2662 1966 2715 ἵνα

373 2761 628 2815 ἐπέκεινα
647 2766 670 2798 ⁸
705 2760 776 2813 τὰ
799 2759 1075 2831 ἐθνόμυθα
1102 2759 1387 2831 ὀρμήσῃςς
1424 2756 1552 2811 Είτε
1576 2756 1687 2827 γὰρ
1711 2752 1965 2824 ἱστορικά

366 2851 549 2915 θέλεις
577 2850 950 2923 είσὲρχεσθαι,
983 2848 1137 2921 ἔχεις
1164 2850 1269 2913 τὰς
1292 2847 1583 2912 Βασιλείας
1601 2864 1616 2881 ’
1672 2847 1785 2905 εἴτε
1814 2863 1965 2915 σοφι-

362 2943 534 2998 στικὰ
564 2943 663 2998 καὶ
695 2942 978 3015 ποιητικὰ,
1016 2943 1160 3014 ἔχεις
1189 2944 1319 3007 τοὺς
1343 2943 1659 3019 προφήτας,
1692 2937 1785 2995 τὸν
1821 2937 1965 3004 Ἰὼϐ,

360 3036 460 3091 τὸν
516 3035 926 3108 παροιμιαστήν
951 3051 966 3066 ο
1029 3036 1087 3089 ὲν
1136 3029 1220 3101 οἷς
1275 3034 1459 3107 πάσης
1511 3034 1810 3104 ποιήσεως,
1865 3030 1962 3086 καὶ

365 3127 566 3197 σοφίας
623 3126 846 3180 πλείονα
900 3119 1183 3196 ἀγχίνοιαν
1243 3126 1542 3198 εὑρήσεις·
1607 3126 1691 3178 ὅτι
1751 3123 1992 3198 Κυρίου,

2069 1969 2197 2037 erit,
2232 1977 2435 2039 prmter
2466 1968 2756 2047 malitiam,
2820 1976 2879 2024 et
2922 1970 3072 2027 circa
3117 1968 3369 2024 divinum
3440 1967 3658 2023 Numen

308 2090 315 2095 ο
359 2063 953 2121 novationem1Verbi
976 2063 1124 2119 enim
1156 2063 1337 2118 virtus
1374 2063 1680 2117 mansuetis
1729 2069 1785 2116 et
1828 2061 1963 2116 modi

2070 2062 2191 2118 sad
2256 2064 2523 2120 virtutem
2586 2074 2870 2149 armatura
2894 2073 3001 2132 est,
3063 2064 3333 2136 improbis
3388 2077 3523 2121 vero
3556 2063 3660 2120 sti-

2386 2270 2474 2326 Ea:
2494 2270 2969 2327 Constitutionibus
3009 2273 3337 2345 apostolicis.

2136 2382 2221 2438 Ab
2245 2383 2487 2439 ethnicis
2517 2384 2680 2440 libris
2713 2385 2976 2441 omnibus
3003 2386 3246 2441 abstine.
3301 2384 3446 2453 Quid
3505 2387 3658 2442 enim

2070 2476 2169 2532 tibi
2209 2477 2287 2532 rei
2343 2486 2430 2532 est
2462 2493 2589 2533 cum
2614 2478 2780 2533 libris
2832 2478 3056 2542 alienis,
3112 2488 3210 2534 aut
3273 2479 3511 2552 legibus,
3560 2490 3659 2535 aut

2027 2570 2592 2640 pseudoprophetis,
2657 2570 2755 2641 qui
2807 2571 2979 2627 etiam
3033 2571 3276 2628 leviores
3321 2580 3585 2628 evertunt
3628 2589 3659 2629 a

2068 2658 2215 2714 ﬁde?
2254 2657 2399 2726 Quid
2425 2658 2573 2714 enim
2636 2659 2735 2714 tibi
2758 2659 2917 2715 deest
2943 2661 2998 2715 in
3027 2662 3148 2733 lege
3194 2660 3317 2725 Dei,
3351 2670 3412 2716 ut
3433 2662 3501 2717 ad
3534 2662 3661 2717 illas

2066 2750 2316 2823 gentium
2333 2750 2554 2807 fabulas
2586 2762 2638 2808 te
2658 2752 2958 2808 conferas?
2981 2754 3117 2809 Nam
3137 2755 3182 2810 si
3207 2755 3344 2810 velis
3360 2757 3543 2827 legere
3575 2756 3659 2809 lli—

2025 2864 2033 2870 '
2068 2845 2292 2910 storias,
2327 2844 2499 2919 habes
2526 2845 2705 2901 libros
2760 2846 3000 2915 Regum;
3038 2846 3108 2902 ad
3157 2848 3484 2918 sapientiam
3529 2863 3658 2920 spe-

2067 2945 2303 3004 ctantes,
2340 2936 2424 2991 vel
2467 2938 2764 3007 poeticam,
2824 2939 2998 2994 habes
3056 2941 3385 3010 prophetas,
3420 2941 3549 3004 Job.
3602 2951 3661 2998 et

2070 3029 2503 3085 Proverbiorum
2542 3032 2901 3101 scriptorem,
2931 3033 2986 3087 in
3019 3034 3225 3102 quibus
3248 3036 3513 3107 majorem
3575 3036 3663 3090 in-

2067 3122 2262 3178 venies
2292 3124 2678 3189 subtilitatem,
2710 3124 2995 3180 solertiam
3033 3135 3089 3181 et
3119 3142 3375 3192 acumen,
3403 3142 3567 3199 quam
3603 3130 3657 3182 iu

362 3217 462 3271 τοῦ
513 3218 678 3289 μόνου
723 3217 891 3286 σοφοῦ
943 3219 1051 3271 είσι
1097 3216 1413 3288 φθέγματα.
1474 3217 1600 3271 Εἴτε
1644 3218 1962 3289 ἀσκητικῶν

2069 3217 2267 3285 quavis
2292 3217 2398 3271 alia
2428 3218 2579 3288 poesi
2620 3218 2708 3272 vel
2761 3219 3051 3289 sapientiae
3105 3220 3488 3283 institutione:
3525 3237 3660 3292 quo-

363 3309 561 3383 δρὲγῃ,
591 3309 735 3379 ἔχεις
759 3309 884 3373 τοὺς
904 3308 1201 3380 Ψαλμοῦς·
1239 3308 1350 3362 εἴτε
1377 3311 1787 3381 ἀρχαιογονίας,
1816 3309 1963 3380 ἔχεις

364 3404 469 3474 τὴν
496 3404 751 3457 Γένεσιν·
792 3404 903 3456 εἴτε
939 3403 1189 3474 νομίμων
1218 3403 1723 3474 παραγγελμάτων,
1760 3403 1850 3456 τὸν
1878 3402 1963 3457 ἐν·

364 3494 521 3561 δοξον
552 3494 759 3569 Κυρίου
792 3494 889 3547 τοῦ
918 3488 1058 3548 Θεοῦ
1091 3496 1275 3565 νόμον.
1344 3497 1570 3548 Πάντων
1597 3489 1690 3549 οῦν
1723 3495 1833 3550 τῶν
1862 3492 1960 3547 άλ-

365 3588 625 3662 λοτρίων,
659 3591 753 3643 καὶ
783 3586 1111 3642 διαϐολικῶν
1150 3587 1391 3661 ἰσχυρῶς
1420 3588 1649 3659 ἀπέχου.

647 3787 942 3843 Εὑσεὸίου
974 3786 1044 3842 ἐκ
1076 3785 1189 3857 τῆς
1222 3786 1682 3858 Ἆρχαιολογίας.

454 3902 680 3975 Ἐπειδὴ
739 3904 833 3957 καὶ
871 3903 1139 3975 ’Έλληνες
1197 3905 1393 3976 σοφίαν
1447 3903 1591 3975 ἔχειν
1647 3902 1964 3976 παραγγέλιυ

368 3993 557 4050 λονται
580 4036 597 4062 ,
655 3996 928 4066 αἱρετικοὶ
958 3996 1016 4051 δὲ
1052 3997 1335 4068 νομίζουσι
1372 3978 1620 4051 παιδείαν
1651 3996 1828 4067 ἔχειν,
1876 3994 1966 4068 διὰ

370 4084 545 4163 τοῦτο,
574 4088 668 4142 καὶ
707 4088 961 4160 Σολομὼν
997 4091 1100 4163 τὴν
1134 4091 1310 4163 ἀληθῆ
1343 4091 1560 4161 σοφίαν,
1589 4091 1688 4145 καὶ
1716 4090 1966 4145 παιδείαν

367 4178 638 4245 διδάσκει,
702 4180 791 4235 ἵνα
841 4181 940 4253 μὴ,
984 4185 1052 4256 τῇ
1081 4184 1381 4256 ὁμωνυμίᾳ
1409 4185 1509 4254 τῆς
1542 4183 1756 4252 σοφίας,
1790 4185 1871 4247 είς
1898 4183 1963 4236 τὰ

373 4272 687 4342 σοφίσματα
712 4272 820 4328 τῶν
847 4273 1121 4346 Ἑλλήνων
1152 4275 1248 4330 καὶ
1273 4274 1383 4346 τῶν
1408 4268 1675 4348 αἱρέσέών
1696 4292 1782 4340 τις
1803 4275 1968 4347 ἐμπί-

373 4377 520 4415 πτει.
581 4362 692 4416 Καὶ
735 4362 845 4435 γάρ
862 4363 1130 4437 ’Έλληνες
1172 4352 1287 4436 μὲν
1313 4366 1617 4437 φάσκοντες
1642 4361 1785 4421 εῖναι
1812 4370 1966 4437 σοφοὶ

366 4454 791 4528 ἐμωράνθησαν.
852 4458 1135 4529 Αίρετικοὶ
1165 4458 1257 4526 δὲ,
1303 4460 1544 4531 οἰόμενοι
1586 4459 1962 4526 παιδεύεσθαι,

370 4544 812 4620 ἔξεστράφησαν.
850 4549 974 4604 Τῶν
998 4549 1057 4605 δὲ
1086 4550 1251 4605 θείων
1277 4551 1479 4621 λογίων
1505 4550 1749 4616 ἀκούσας
1777 4552 1962 4624 σοφὸς,

370 4635 833 4710 σοφώτεροςεσῃ.
864 4636 989 4692 Τῶν
1011 4639 1123 4712 γὰρ
1150 4639 1403 4712 νομίμων
1429 4640 1525 4694 τοῦ
1546 4634 1681 4695 Θεοῦ
1704 4642 1968 4709 ἀκούσας,

375 4730 469 4782 ⁷ιαὶ
498 4728 672 4783 ταῦτα
697 4729 946 4800 φυλάξας
964 4770 981 4797 ,
1033 4732 1130 4787 ἐπὶ
1157 4726 1225 4805 τῇ
1255 4732 1478 4805 παιδείᾳ
1500 4732 1708 4804 Κυρίου
1744 4733 1821 4804 μὴ
1854 4734 1968 4787 ὀλι-

383 4821 660 4893 γωρήσας,
714 4823 855 4894 μηδὲ
906 4808 1159 4889 Ξκλυθεὶς
1195 4824 1285 4878 ἐπ’
1306 4825 1446 4896 αὐτῇ
1476 4825 1595 4892 υἱὸς
1622 4826 1785 4895 σοφὸς
1807 4827 1972 4896 γενή-

375 4931 555 4980 σεται,
580 4917 680 4970 καὶ
702 4916 1148 4985 ’πεπαιδευμένος
1172 4918 1491 4989 γενόμενος,
1525 4917 1739 4989 ταχέως
1764 4919 1857 4973 καὶ
1872 4918 1972 4991 τὴν

371 5006 512 5063 Θεοῦ
547 5005 755 5079 γνῶσιν
799 5009 1127 5077 εἰσδέξεται.
1166 5011 1321 5065 Ἐπεὶ
1345 5011 1458 5082 γὰρ
1487 5010 1760 5083 Ἐλλήνων
1790 5012 1840 5065 οί
1872 5008 1972 5082 μὲν

374 5096 541 5170 σῶμα
564 5101 659 5153 τὸν
680 5100 817 5159 Θεὸν
844 5099 1091 5170 λέγουσι,
1123 5102 1176 5156 οἱ
1197 5101 1254 5156 δὲ
1282 5104 1379 5156 καὶ⁸
1400 5101 1642 5167 εἰδώλοις
1664 5101 1969 5174 ὀμοιοῦσιν,

373 5192 646 5264 αίρετικοὶ
693 5192 750 5247 δὲ
784 5193 883 5247 καὶ
925 5194 1085 5248 αὐτοὶ
1118 5196 1250 5267 περὶ
1293 5195 1460 5250 αὐτοῦ
1485 5193 1658 5261 οὓτως
1685 5201 1970 5269 παρεφρό-

375 5301 550 5353 νησαν
578 5302 593 5316 ’
632 5285 722 5338 διὰ
750 5285 913 5340 τοῦτο
955 5288 1054 5341 καὶ
1082 5287 1259 5365 ἀληθῆ
1292 5290 1420 5360 περὶ
1447 5288 1584 5343 Θεοῦ
1611 5289 1835 5357 γνῶσιν,
1871 5289 1963 5342 οῦ-

374 5389 483 5437 τως
537 5373 636 5428 καὶ
682 5375 744 5429 τὸ
790 5376 1157 5446 προνοητικὸν
1189 5378 1358 5432 αὐτοῦ
1392 5377 1670 5449 ἐξηγεῖται
1702 5381 1928 5448 φάσκων
1951 5396 1963 5410 ’

381 5484 415 5533 ι,
437 5466 529 5545 Ἑν
572 5467 744 5553 ’παντὶ
785 5470 939 5549 τόπῳ
972 5470 1029 5526 οι
1052 5469 1329 5542 ὀφθαλμοὶ
1358 5471 1455 5525 τοῦ
1483 5471 1689 5543 Κυρίου
1725 5471 1966 5526 σκοπεύ-

444 5624 492 5660 ⁷ι
512 5625 675 5682 Rom.
705 5644 745 5695 ι,
777 5628 868 5685 22.
946 5629 991 5662 "
1016 5630 1178 5686 Prov.
1218 5647 1258 5697 ι,
1292 5632 1346 5688 5.

2070 3306 2219 3361 niam
2244 3309 2490 3376 Domini,
2523 3311 2617 3379 qui
2672 3311 2824 3367 solus
2853 3321 2940 3367 est
2989 3313 3242 3383 sapiens,
3277 3325 3409 3369 sunt
3471 3315 3656 3371 effata.

2070 3397 2127 3452 Si
2158 3398 2448 3458 desideres
2474 3403 2712 3467 cantica,
2737 3404 2911 3461 habes
2939 3404 3226 3472 Psalmos;
3259 3405 3305 3461 si
3359 3406 3665 3477 antiquita-

2072 3496 2205 3551 tem,
2238 3489 2410 3545 habes
2442 3490 2700 3547 Genesim
2728 3510 2745 3560 ;
2779 3489 2823 3549 si
2855 3494 3107 3566 legitima
3134 3503 3431 3566 praecepta,
3487 3497 3661 3553 habes

2071 3580 2346 3637 illustrem
2372 3581 2592 3638 Domini
2621 3584 2723 3640 Dei
2755 3586 2953 3658 legem.
2982 3588 3063 3643 Ah
3090 3589 3350 3647 omnibus
3372 3605 3506 3663 ergo
3527 3591 3662 3650 alic-

2070 3671 2160 3727 nis
2193 3682 2249 3728 et
2276 3673 2575 3731 diabolicis
2603 3675 2827 3734 fortiter
2856 3678 3096 3753 abstine.

2459 3789 2546 3844 Ex
2574 3787 2789 3870 Eusebii
2811 3793 2985 3857 prisca
3009 3793 3268 3849 Historia.

2141 3901 2420 3968 Quoniam
2477 3903 2654 3961 (ἕτωοί
2722 3923 2947 3978 quoque
3002 3925 3061 3965 se
3088 3910 3422 3981 sapientiam
3449 3912 3663 3969 habere

2073 3993 2435 4065 proﬁtentur,
2470 3996 2717 4054 hzeretici
2751 4010 2936 4057 autem
2972 4004 3297 4059 existimant
3351 4021 3411 4060 se
3456 4007 3663 4062 habere

2074 4085 2449 4158 disciplinam,
2486 4100 2781 4161 propterea
2831 4093 2996 4151 docet
3037 4096 3298 4152 Salomon
3345 4115 3535 4155 veram
3574 4117 3664 4155 sa-
3766 4108 3771 4113 ‘

2074 4181 2341 4251 pientiam
2367 4190 2424 4237 et
2455 4182 2830 4255 disciplinam,
2865 4202 2934 4243 ne
2956 4199 3183 4260 propter
3230 4191 3514 4262 sapientiae
3556 4210 3662 4248 no-

2075 4274 2244 4330 minis
2265 4278 2717 4337 convenientiam
2739 4280 3205 4354 (homonymiam,
3226 4278 3515 4356 inquam),
3573 4286 3663 4341 iu-

2074 4366 2226 4424 eidat
2258 4369 2312 4423 in
2344 4370 2691 4440 sophismata
2709 4371 3030 4431 Graecorum
3056 4384 3115 4432 et
3159 4375 3477 4436 haresium.
3526 4379 3665 4434 Nam

2074 4458 2251 4517 Graeci
2284 4461 2511 4531 quidem
2540 4464 2822 4534 sapientes
2845 4482 2908 4523 se
2930 4483 3056 4524 esse
3081 4467 3354 4540 dicentes,
3390 4471 3548 4527 stulti
3588 4471 3666 4528 fa-

2076 4553 2150 4608 cti
2183 4563 2314 4609 sunt
2344 4553 2409 4609 τι.
2441 4543 2701 4615 Ηωτειίοἱ
2727 4568 2914 4617 autem
2939 4571 3203 4632 putantes
3233 4578 3296 4620 se
3352 4579 3476 4620 esse
3537 4581 3670 4624 eru-

2001 4674 2048 4731 D
2076 4643 2247 4709 ditos,
2280 4659 2311 4699 a
2337 4655 2493 4703 recto
2522 4649 2745 4704 tramite
2763 4651 2946 4707 aversi
2976 4661 3129 4708 sunt.
3159 4653 3373 4709 Divinis
3399 4670 3536 4712 vero
3563 4672 3669 4715 au-

2073 4730 2206 4789 ditis
2236 4734 2497 4805 eloquiis,
2531 4736 2755 4807 sapiens
2781 4739 2889 4794 erit
2922 4740 3230 4812 sapientior
3259 4742 3326 4799 ".
3379 4744 3517 4801 Nam
3541 4761 3668 4801 cum

2074 4824 2172 4883 Dei
2215 4826 2367 4897 leges
2416 4826 2681 4894 audierit,
2710 4836 2766 4886 et
2790 4844 2886 4891 eas
2947 4832 3307 4895 custodierit.
3337 4842 3394 4889 et
3418 4833 3667 4906 discipli~

2076 4931 2204 4976 nm
2235 4918 2456 4977 Domini
2482 4936 2595 4977 non
2622 4921 2959 4994 despexerit,
2988 4939 3097 4982 nec
3129 4925 3201 4983 ab
3248 4942 3313 4983 ea
3347 4927 3665 4991 recesserit,
3702 4950 3707 4957 ο

2077 5011 2226 5068 Illius
2276 5012 2496 5084 sapiens
2534 5012 2651 5079 list.
2682 5015 2909 5086 jamque
2959 5018 3250 5075 institutus
3281 5029 3339 5074 et
3376 5020 3667 5088 eruditus,

2074 5102 2241 5176 369
2252 5103 2364 5159 cito
2389 5104 2555 5159 etiam
2580 5105 2845 5176 suscipiet
2866 5104 2962 5163 Dei
2978 5109 3375 5180 cognitionem.
3395 5111 3667 5179 Quoniam

2073 5196 2227 5251 enim
2271 5212 2335 5251 ex
2384 5194 2592 5253 Grtecis
2643 5198 2736 5253 alii
2775 5198 3009 5268 quidem.
3041 5202 3215 5258 Deum
3279 5219 3485 5276 corpus
3544 5219 3668 5262 esse

2076 5288 2360 5354 dixerunt,
2389 5290 2482 5344 alii
2507 5298 2693 5345 autem
2719 5307 2846 5346 eum
2873 5294 3042 5348 etiam
3094 5295 3409 5353 simulacris
3442 5298 3668 5353 assimi-

2073 5380 2284 5445 larunt,
2317 5380 2566 5436 hzeretici
2602 5393 2788 5451 autem
2835 5383 2938 5454 ipsi
2976 5401 3199 5458 quoque
3230 5389 3299 5445 de
3352 5404 3422 5444 eo
3472 5404 3665 5460 perpeo

2074 5488 2191 5528 ram
2226 5482 2547 5539 senserunt,
2580 5485 2876 5547 propterea
2908 5495 3106 5536 ,veram
3143 5480 3212 5537 de
3248 5482 3364 5539 Deo
3395 5483 3670 5558 cognitio-

1684 5748 1916 5804 VARUE
1967 5746 2375 5806 LECTIONES.

444 5861 476 5892 ο
505 5854 655 5924 ἴσως
680 5857 713 5929 ἤ
742 5859 873 5915 τῶν.
951 5871 982 5913 P
1010 5862 1333 5939 Περσικῶν;
1373 5865 1611 5939 περσῶν.
1689 5876 1719 5918 τι
1745 5864 2083 5939 τελμησέων.
2166 5875 2189 5904 ι’
2214 5864 2394 5923 τίνων.
2472 5876 2495 5907 ⁸
2521 5867 2608 5921 ἐπ’
2643 5868 2850 5929 ἐκεῖνα.

580 5951 858 6015 Pulice.
897 5952 1019 6017 Gs.
1052 5952 1410 6022 LXXXIX.
