4030 6416
429 279 535 343 683

1554 304 1561 311 -
1602 275 1664 335 S.
1708 272 2109 337 ANASTASII
2149 277 2497 340 SINAITIB.

3544 308 3553 315 ‘
3590 279 3711 350 ’ϐθί

428 410 581 462 nem,
616 401 675 449 et
695 393 889 449 ltidem
914 392 1037 463 ejus
1060 390 1473 462 providentiam
1502 390 1731 463 exponit
1754 388 2015 446 Salomon

2131 411 2242 450 auat
2301 394 2509 458 κακούς
2556 411 2616 448 τι
2674 395 2766 449 καὶ
2815 394 3079 463 ἀγαθούς.
3111 416 3131 448 ι
3166 396 3312 466 Πλὴν
3338 396 3434 462 οὖς
3472 415 3534 466 γε
3568 404 3583 437 ι
3617 402 3714 454 τοῦ

428 487 623 543 dicens
658 503 670 540 :
705 505 723 538 ι
766 485 823 542 1η
860 481 1009 541 omni
1038 484 1344 541 locooculi
1390 484 1605 538 Domini
1652 482 2017 538 considerant

352 650 353 655 η
428 580 604 637 malos
630 588 686 636 et
712 578 891 634 bonos
917 578 981 633 ".
1020 597 1036 630 ι
1068 577 1341 634 Caeterum
1366 577 1434 632 de
1469 575 1720 631 moribus
1747 576 2012 647 majorem

429 688 619 727 curam
653 671 844 744 gessit,
877 679 933 725 ct
963 669 1069 725 alia
1127 669 1352 740 quidem
1399 667 1636 738 plurima
1681 667 1925 723 suadens
1960 676 2016 723 et

429 765 779 836 praecipiens,
815 764 1089 834 praecipue
1121 772 1306 817 autem
1337 762 1404 817 de
1441 760 1781 831 disciplinis,
1817 776 2016 830 nempe

428 857 576 928 quod
641 857 887 910 animum
934 855 1108 925 magis
1153 853 1483 925 aliiiguntet
1516 860 1813 907 conterunt
1848 866 2015 921 quam

429 950 650 1021 juvant,
683 948 875 1002 dicens
909 964 922 1001 :
959 967 975 997 ι
1001 947 1079 1001 Ne
1106 947 1299 999 feStina
1326 946 1379 999 in
1403 960 1499 999 ore
1525 953 1718 1006 tuo,ct
1745 959 1840 998 cor
1862 954 2014 998 tuum

428 1058 539 1097 non
567 1050 830 1112 properet
872 1040 1073 1095 cﬂ'erre
1122 1053 1434 1094 sermonem
1475 1052 1503 1090 a
1540 1037 1678 1091 facie
1718 1037 1835 1100 Dei,
1879 1053 2019 1106 quo-

372 1162 375 1171 ·
420 1135 579 1190 niam
602 1136 751 1189 Deus
779 1144 866 1188 est
897 1133 951 1186 in
984 1133 1125 1187 cmlo
1155 1146 1404 1193 sursum,
1436 1138 1493 1184 et
1524 1138 1582 1184 tu
1604 1130 1658 1183 in
1684 1137 1832 1183 terra
1858 1129 2018 1182 deor-

429 1240 573 1281 sum.
615 1225 915 1293 Propterea
960 1224 1072 1295 sint
1120 1221 1289 1275 verba
1321 1230 1408 1276 tua
1436 1235 1648 1291 pauca;
1685 1228 1817 1274 sunt
1865 1218 2016 1272 enim

428 1320 601 1375 multa
638 1317 803 1372 verba
829 1314 1255 1385 multiplicantia
1283 1314 1582 1368 vanitatem
1620 1311 1685 1366 ⁷⁷.
1725 1331 1741 1363 ι
1775 1310 2015 1366 Nimium

425 1410 870 1468 au‘temstudium
887 1418 944 1463 et
970 1407 1219 1462 discendi
1236 1406 1584 1469 desiderium:
1613 1420 1738 1459 esse
1762 1390 2015 1465 noxium,

426 1506 590 1560 docet
620 1504 708 1558 his
734 1502 919 1558 verbis
949 1519 963 1555 :
997 1520 1015 1553 ι
1055 1500 1132 1555 Ne
1160 1500 1236 1554 sis
1268 1499 1500 1553 nimium
1549 1499 1755 1569 justus;
1789 1505 1873 1552 est
1931 1504 2018 1550 ct-

425 1600 574 1654 enim
597 1599 783 1669 justus
798 1596 891 1666 qui
920 1595 1069 1666 perit
1097 1594 1151 1648 in
1181 1592 1394 1664 justitia
1423 1608 1521 1647 sua
1552 1591 1619 1644 ⁷⁸.
1658 1609 1675 1641 ι

499 1691 713 1746 Iudicat
742 1689 909 1742 etiam
942 1684 1226 1756 quomodo
1281 1698 1347 1737 ex
1393 1682 1720 1737 curiositate
1757 1689 1815 1736 et
1842 1681 2018 1737 nimio

2124 485 2320 556 ἠθικοῦ
2374 486 2575 558 μᾶλλον
2625 488 2942 560 ἐπεμελήθη
2990 489 3230 561 τρόπου,
3281 491 3571 563 παραινῶν
3617 494 3717 563 μὲν

2116 584 2220 636 καὶ
2237 583 2372 640 ἄλλα
2390 583 2642 651 πλεῖστα,
2660 584 2979 656 ἔξαιρετὼτε
2990 602 3081 657 ρον
3093 585 3150 639 δὲ
3168 604 3233 639 πε
3244 585 3297 658 pl.
3311 586 3379 639 τὰ
3395 587 3716 660 μαθήματα.

2123 676 2207 730 ὅτι
2234 677 2507 749 ἐπιτρίϐει
2536 678 2637 750 τὴν
2660 677 2843 750 ψυχὴν
2874 677 3101 748 μᾶλλον,
3129 679 3164 749 ἢ
3200 677 3427 748 ὠφελεῖ,
3456 680 3715 747 φάσκων·

2131 788 2150 822 ι
2181 764 2270 840 Μὴ
2301 769 2498 823 σπεῦδε
2533 770 2623 823 ἐπὶ
2649 771 2880 841 στόματί
2904 787 3024 835 σου,
3054 771 3148 825 καὶ
3165 770 3375 841 καρδίὰ
3398 787 3493 824 σου
3525 770 3600 843 μὴ
3623 788 3720 824 τα-

2124 863 2343 932 χυνάτω
2389 862 2484 915 τοῦ
2532 860 2845 931 ἐξενεγκεῖν
2892 861 3052 931 λόγον
3109 862 3220 916 ἀπὸ
3267 863 3568 933 προσώπου
3621 863 3718 917 τοῦ

2123 953 2287 1019 Θεοῦ,
2319 955 2401 1007 ὅτι
2431 955 2458 1006 ὁ
2483 954 2616 1016 Θεὸς
2648 956 2706 1006 ὲν
2735 953 2813 1024 τῷ
2837 953 3054 1026 οὐρανῷ
3076 953 3218 1017 ἄνω,
3253 954 3347 1007 καὶ
3376 955 3442 1007 σὺ
3476 956 3535 1006 ὲν
3558 957 3623 1026 τῇ
3646 958 3719 1025 γῇ

2125 1048 2298 1100 κάτω.
2352 1045 2450 1099 Διά
2485 1046 2646 1099 τοῦτο
2693 1045 2943 1100 ἔστωσαν
2978 1048 3028 1100 οἱ
3057 1048 3207 1116 λόγοι
3240 1064 3336 1101 σου
3365 1047 3571 1115 ὀλίγοι·
3611 1048 3721 1100 είσὶ

2124 1135 2235 1207 γάρ
2284 1136 2437 1205 λόγοι
2480 1136 2667 1190 πολλοὶ
2715 1136 3086 1207 πληθύνοντες
3130 1137 3496 1207 ματαιότητα.
3528 1155 3546 1188 ι
3609 1136 3773 1221 Καὶ,

2124 1231 2207 1281 ὅτι
2233 1230 2267 1298 ἡ
2293 1229 2436 1297 ἄγαν
2462 1227 2667 1299 σπουδὴ
2693 1230 2786 1283 καὶ
2809 1229 3115 1300 φιλομαθία
3134 1226 3445 1299 ὲπιϐλαὸὴς
3483 1230 3715 1296 γίνεται,
3753 1221 3771 1247 ⁸

2123 1322 2372 1375 διδάσκει
2399 1321 2574 1391 λέγων
2592 1339 2606 1355 ’
2665 1341 2683 1374 ι
2711 1322 2804 1394 Μὴ
2832 1323 2986 1392 γίνου
3020 1322 3235 1386 δίκαιος
3259 1321 3394 1375 πολύ
3413 1337 3427 1351 ·
3460 1320 3582 1375 ἐστι
3609 1321 3720 1393 γὰρ

2124 1414 2505 1487 ἀπολλύμενος
2534 1417 2592 1470 ἐν
2618 1415 2816 1486 δικαίῳ
2843 1413 3070 1469 αὑτοῦ.»

2208 1683 2675 1755 Ἐπισημαίνεται
2723 1682 2779 1736 δὲ
2837 1682 2962 1737 τίνα
3007 1681 3213 1753 τρόπον
3270 1681 3352 1746 είς
3398 1679 3716 1749 περιουσίας

425 1784 612 1839 studio
639 1781 970 1851 sapientiam
1000 1778 1262 1848 indagare
1301 1790 1615 1846 aggressus,
1674 1774 1731 1828 in
1758 1772 2017 1844 impieta—

2131 1778 2362 1849 ὲπιχειρί
2369 1794 2468 1839 σας
2493 1776 2832 1846 φείσασθαιιι
2863 1776 2958 1830 ἐπὶ
2982 1775 3082 1848 τὴν
3107 1773 3370 1829 ἀσέὸειαν
3395 1772 3711 1839 ἐξώκειλεν*

427 1888 535 1932 tem
572 1875 854 1940 inciderit,
882 1885 1096 1942 nosque
1147 1877 1208 1923 ut
1236 1867 1589 1922 attendamus
1618 1876 1810 1921 monet
1858 1881 1928 1921 ne
1960 1868 2017 1921 in

424 1970 562 2026 illud
592 1968 776 2039 ipsum
837 1964 1163 2019 barathrum
1210 1951 1545 2025 incidamus,
1598 1958 1792 2013 dicens
1829 1974 1843 2012 :
1885 1977 1903 2009 ‹
1938 1958 2018 2012 Ne

423 2063 552 2133 plus
579 2060 761 2131 sapias
800 2070 965 2128 quam
1003 2066 1231 2109 necesse
1254 2059 1361 2116 est,
1400 2065 1469 2107 ne
1503 2064 1535 2103 a
1564 2058 1715 2103 recta
1747 2049 1836 2103 via
1856 2062 2020 2103 exor-

422 2155 630 2221 bitans,
663 2152 717 2205 in
750 2148 1089 2220 impietatem
1129 2145 1381 2199 incurras
1406 2142 1475 2195 τ’.
1517 2159 1537 2193 ι

496 2245 645 2302 Dicit
679 2242 847 2297 etiam
898 2238 967 2293 de
996 2233 1318 2290 lubricitate
1345 2247 1476 2302 erga
1519 2226 1784 2284 mulieres
1819 2244 1834 2282 :
1865 2244 1885 2278 ‹
1915 2226 2015 2281 ln-

366 2382 367 2385 η
419 2339 550 2396 veni
590 2334 922 2393 amariorem
951 2344 1120 2400 supra
1176 2333 1413 2380 mortem
1447 2321 1831 2393 impudentem
1888 2334 2017 2375 mu-

421 2434 640 2493 lierem,
678 2444 801 2501 quas
820 2434 906 2482 cst
934 2422 1120 2494 captio
1150 2431 1208 2477 et
1229 2435 1431 2492 sagena
1460 2418 1649 2487 cordis
1672 2417 1741 2469 ⁸ο,
1787 2436 1807 2469 ι

496 2521 755 2579 Ostendit
787 2518 1038 2586 insuper,
1068 2513 1373 2567 humanam
1418 2520 1677 2564 naturam
1708 2520 1820 2562 non
1852 2519 2016 2577 posse

422 2613 691 2685 consequi
725 2618 1039 2666 accuratam
1078 2613 1139 2661 et
1164 2612 1413 2659 exactam
1442 2600 1835 2656 universorum
1860 2612 2018 2653 com-

424 2706 861 2782 prehensionem
889 2716 902 2753 :
930 2718 949 2750 ι
985 2697 1131 2762 Vidi,
1167 2694 1371 2765 inquit,
1404 2692 1661 2747 universa
1683 2705 1855 2761 opera
1891 2688 2014 2755 Dei,

423 2780 483 2858 et
513 2795 762 2854 intellexi
798 2789 949 2864 quod
1005 2788 1259 2844 omnium
1293 2798 1524 2856 operum
1555 2782 1653 2838 Dei
1696 2781 1864 2836 homo
1891 2780 2021 2835 nul-

422 2896 534 2951 lam
566 2887 743 2961 possit
779 2882 1030 2939 invenire
1060 2880 1335 2935 rationem
1365 2889 1564 2931 eorum
1593 2888 1717 2943 quae
1746 2870 1886 2926 ﬁunt
1911 2870 2017 2925 sub

425 2985 565 3043 sole.
591 2983 661 3038 Et
697 2985 909 3051 quanto
939 2975 1066 3047 plus
1108 2969 1451 3028 laboraverit
1498 2969 1568 3024 ad
1625 2964 2015 3037 quaerendum,

2126 1873 2222 1925 καὶ
2273 1871 2563 1942 ἐφίστησιν
2611 1873 2759 1943 ἡμᾶς
2791 1869 3108 1941 προσέχειν,
3156 1870 3304 1933 ὅπως
3360 1868 3435 1938 μὴ
3462 1867 3538 1938 τῷ
3565 1867 3716 1938 αὑτῷ

2125 1965 2518 2035 ὑποπέσωμεν,
2547 1964 2745 2033 λέγων’
2784 1985 2803 2017 ι
2828 1964 2922 2037 Μὴ
2946 1961 3171 2033 σοφίζου
3201 1959 3462 2035 περισσὰ,
3488 1961 3717 2032 μήποτε

2124 2057 2403 2124 ἐκκλίνας,
2438 2057 2735 2130 ἀσεϐήσῃς.
2767 2076 2786 2110 ι

2196 2239 2362 2308 Λέγει
2390 2239 2451 2294 δὲ
2480 2238 2575 2293 καὶ
2603 2238 2734 2311 περλ⁸
2759 2237 2856 2293 τοῦ
2881 2236 3098 2292 ὀλίσθου
3127 2236 3222 2291 τοῦ
3250 2236 3388 2309 πρὸς
3413 2237 3716 2305 γυναῖκας’

2129 2352 2150 2388 ι
2178 2329 2355 2405 Εὗρον
2400 2333 2733 2404 πικρότερον
2764 2333 2907 2404 ὑπὲρ
2936 2331 3031 2385 τὸν
3058 2331 3291 2387 θάνατον
3324 2330 3427 2402 τῂν
3451 2333 3715 2400 γυναῖκα,

2121 2428 2248 2501 ἥτις
2277 2426 2396 2511 ἔστι
2427 2425 2685 2499 θήρευμα
2718 2425 2815 2479 καὶ
2857 2426 3072 2497 σαγήνη
3105 2423 3359 2496 καρδίας.
3403 2442 3422 2475 ι
3462 2429 3469 2436 ’

2196 2522 2310 2577 Καὶ
2361 2520 2425 2575 τὸ
2490 2520 2784 2590 ἀνέφικτον
2826 2518 2885 2572 δὲ
2936 2521 3001 2590 τῇ
3043 2519 3364 2590 ἀνθρωπίνῃ
3408 2520 3573 2588 φύσει
3616 2517 3716 2589 τῆς

2122 2613 2234 2668 τῶν
2262 2612 2401 2668 ὅλων
2440 2604 2679 2684 ἀληθοῦς
2726 2611 3092 2682 καταλήψεως
3122 2611 3450 2682 παρίστησι,
3500 2608 3710 2679 λέγων’

2130 2706 2304 2762 ι”ιδον
2334 2705 2631 2776 σύμπαντα
2661 2704 2730 2758 τὰ
2753 2704 3040 2774 ποιήματα
3064 2701 3160 2757 τοῦ
3184 2702 3344 2769 Θεοῦ,
3369 2703 3453 2756 ὃτι
3476 2702 3537 2755 οὑ
3557 2702 3713 2772 δυνή-

2126 2813 2282 2851 σεται
2311 2795 2602 2867 ἄνθρωπος
2628 2795 2814 2866 εὑρεῖν
2860 2796 2958 2849 σὺν
2986 2794 3049 2848 τὸ
3079 2796 3292 2865 ποίημα
3319 2793 3382 2847 τὸ
3410 2793 3708 2865 πεποιημέ-

2125 2907 2214 2945 νον
2246 2889 2353 2943 ὑπὸ
2392 2888 2485 2943 τδν
2521 2886 2696 2959 ἥλιον.
2728 2886 2873 2941 Ὅσα
2906 2886 2973 2941 ἀν
3010 2886 3264 2959 μοχθήσῃ
3296 2884 3580 2956 ἄνθρωπος
3609 2881 3702 2938 τοῦ

2125 2980 2384 3054 ζητῆσαι,
2399 2981 2492 3035 καὶ
2511 2981 2610 3052 οὑχ
2623 2980 2867 3053 εὑρήσει.
2881 2980 3092 3053 »Ὅπερ
3109 2977 3395 3051 νηστεύειν
3412 2976 3704 3050 προσῆκεν,

426 3085 585 3134 ιιιιιιο
616 3074 803 3130 minus
860 3067 1112 3125 inveniet
1136 3065 1209 3119 3‘.
1265 3081 1286 3117 ι
1320 3061 1506 3129 Quare
1558 3074 1755 3130 sapere
1796 3063 2018 3127 Oportet

2131 3073 2242 3128 ἀλλ’
2261 3074 2360 3146 οὑχ
2390 3071 2693 3146 ἑορτάζειν.

424 3173 495 3229 ad
519 3168 907 3232 sobrietatem,
931 3176 1036 3218 nec
1059 3157 1294 3215 nimium
1322 3153 1612 3225 indulgere
1637 3150 1848 3208 sciendi
1866 3148 2014 3206 desi-
2045 3143 2088 3202 C

302 3276 315 3283 ’
425 3266 605 3323 derio.

783 3377 1004 3436 Maximi
1025 3391 1090 3430 ea:
1117 3371 1363 3430 Asceticis
1389 3366 1668 3438 capitibus.
1753 3396 1759 3402 -

497 3501 709 3558 Natura
741 3511 841 3552 sua
870 3492 1107 3565 pulchra
1128 3497 1214 3544 est
1241 3485 1498 3561 scientia,
1538 3481 1685 3538 sicut
1717 3477 1931 3535 sanitas
1961 3482 2018 3529 et

427 3595 655 3657 divitiae,
688 3590 784 3647 sed
816 3585 1103 3644 contraria
1131 3581 1392 3654 pluribus
1426 3590 1593 3648 quam
1636 3574 1757 3629 hac
1792 3569 2019 3642 profue-

428 3697 579 3744 runt.
613 3684 774 3741 Malis
801 3681 951 3737 enim
982 3692 1093 3734 non
1120 3683 1274 3731 recte
1304 3672 1457 3728 cedit
1491 3667 1749 3733 scientia,
1798 3661 2017 3720 etiamsi

425 3781 501 3835 sit
551 3779 722 3838 bona.
762 3784 824 3830 ut
852 3773 1062 3830 dictum
1107 3776 1214 3833 est,
1269 3774 1489 3820 natura.
1524 3758 1797 3818 Similiter
1832 3764 2016 3811 autem

424 3887 608 3943 neque
649 3869 880 3931 sanitas,
899 3877 1080 3933 neque
1100 3858 1333 3923 divitire,
1364 3869 1550 3925 neque
1589 3849 1805 3943 laetitia,
1836 3859 2018 3943 neque

424 3936 619 4036 gloria.
644 3960 836 4029 Neque
865 3954 1016 4010 enim
1034 3952 1102 4006 iis
1131 3949 1346 4004 utiliter
1371 3952 1628 4000 utuntur.
1658 3937 1820 3996 Unde
1841 3936 2014 3992 dicit:

431 4029 454 4107 ξ
496 4054 781 4124 lnsipienti
809 4065 920 4104 non
951 4045 1273 4103 conducunt
1310 4036 1617 4094 deliciae".
1652 4052 1670 4085 ι
1718 4029 2017 4107 Contraria

425 4152 596 4224 igitur
627 4148 712 4202 eis
736 4142 1023 4215 eveniunt.

1056 4249 1138 4305 Ea
1172 4247 1401 4304 Isidoro.

497 4365 976 4439 Quemadmodum
1008 4370 1190 4419 tutum
1215 4371 1333 4415 non
1361 4364 1448 4413 est
1476 4362 1540 4410 ut
1569 4368 1697 4410 cum
1756 4352 1879 4408 viro
1913 4366 2019 4421 pu-

429 4478 600 4536 gnare
629 4463 737 4517 iter
770 4457 1003 4514 faciatis
1029 4455 1123 4526 qui
1155 4448 1576 4513 carettedibus;
1605 4445 1771 4517 3'70
1797 4445 1874 4499 ita
1905 4458 2019 4498 non

325 4562 339 4573 ’
427 4563 514 4612 est
548 4553 709 4608 facile
760 4565 888 4605 cum
938 4546 1164 4603 indocto
1211 4556 1440 4599 movere
1468 4540 1642 4595 verba
1696 4536 2012 4592 doctrina»:

426 4648 521 4703 hic
557 4646 707 4701 enim
734 4641 999 4699 omnibus
1022 4638 1243 4695 viribus
1266 4645 1456 4691 utetur
1482 4628 1699 4689 contra
1722 4631 1905 4687 solum
1961 4639 2020 4684 et

386 4750 390 4800 ι
427 4741 499 4798 ab
552 4738 816 4796 omnibus
843 4733 1126 4791 desertum
1153 4774 1168 4798 ,
1215 4732 1262 4788 si
1294 4728 1602 4802 quidquam
1644 4726 1696 4781 ei
1738 4725 2017 4794 ingratum

379 4820 390 4906 ξ
426 4834 638 4890 dictum
663 4840 760 4887 aut
786 4829 994 4885 factum
1018 4826 1227 4893 fuerit;
1273 4824 1368 4879 ille
1397 4831 1587 4877 autem
1620 4820 1833 4874 temere
1892 4830 2020 4871 cum

377 4913 390 5003 ί
425 4925 711 4997 imperitia
735 4922 859 4993 ejus
876 4918 1050 4975 verba
1072 4918 1237 4983 facit;
1256 4914 1445 4971 omnia
1471 4912 1623 4968 enim
1657 4910 1831 4966 totius
1865 4907 2021 4963 orbis

374 5001 382 5007 λ’
424 5016 747 5073 testimonia
765 5011 986 5085 refugit,
1018 5026 1223 5081 nempe
1246 5018 1303 5064 et
1345 5019 1636 5062 sermones
1666 5001 2016 5074 phil030phi-

426 5124 544 5173 cos,
585 5115 643 5164 et
671 5122 740 5163 ex
784 5107 993 5161 virtute
1027 5104 1299 5159 actiones.
1359 5100 1513 5167 Solet
1543 5097 1694 5152 enim
1724 5109 1924 5165 magna
1951 5110 2018 5150 ex

426 5208 587 5271 parte
625 5199 805 5255 audax
821 5214 945 5255 esse
975 5205 1033 5252 et
1064 5197 1314 5251 animosa
1342 5187 1654 5271 ignorantia
1690 5191 1745 5259 (ιι
1768 5199 1878 5254 qua
1914 5203 2019 5243 nos

427 5288 657 5348 liberari
685 5286 1054 5356 Studeamus).

2259 3368 2539 3440 Μαξίμου
2565 3371 2633 3424 ἐκ
2656 3368 2801 3425 τῶν·
2817 3364 3183 3438 Ἁσκητικῶν
3207 3365 3577 3438 κεφαλαίων.

2194 3483 2351 3556 Καλὴ
2396 3485 2453 3540 δέ
2506 3486 2657 3539 ἐστιν
2712 3488 2746 3559 ἡ
2797 3486 3108 3554 ἀνάγνωσις
3157 3483 3342 3555 φύσει,
3392 3480 3586 3552 ὥσπερ
3616 3479 3709 3533 καὶ

2122 3577 2283 3646 ὑγεία
2304 3618 2320 3643 ,
2383 3579 2479 3632 καὶ
2527 3577 2790 3643 πλοῦτος,
2845 3578 2984 3635 ἀλλά
3011 3577 3273 3633 τάναντία
3300 3577 3427 3640 τοὺς
3455 3573 3707 3637 πολλοὺς,

2119 3672 2154 3743 ἢ
2208 3670 2438 3725 τοιαῦτα
2479 3669 2681 3743 ὢνησε.
2742 3673 2868 3737 Τοῖς
2903 3675 3015 3745 γὰρ
3059 3671 3287 3743 φαύλοις
3316 3670 3350 3743 ἠ
3378 3665 3580 3739 γνῶσις
3611 3667 3713 3720 οὑιι

2121 3765 2201 3826 εἰς
2232 3762 2396 3817 καλὸν
2431 3761 2742 3833 συμϐαίνει,
2780 3767 2829 3817 εί
2860 3763 2956 3818 καὶ
2986 3761 3174 3834 φύσει,
3209 3761 3286 3826 ὡς
3314 3762 3558 3833 είρηται,
3595 3758 3713 3812 ἐστὶ

2120 3854 2284 3926 καλὴ,
2320 3855 2471 3926 ὅμως
2494 3855 2575 3923 δὲ,
2607 3854 2732 3910 οὔτε
2764 3857 2947 3927 ὑγεία,
2978 3855 3104 3911 οὔτε
3130 3854 3380 3919 πλοῦτος,
3409 3852 3540 3908 οὔτε
3567 3854 3714 3926 χαρά

2121 3951 2216 4001 καὶ
2249 3947 2399 4014 δόξα.
2459 3948 2536 4003 Οὑ
2576 3947 2687 4019 γὰρ
2730 3947 3123 4020 συμφερόντως
3151 3945 3363 4010 τούτοις
3389 3946 3708 4017 κέχρηνται.

2123 4039 2289 4093 Ὅθεν
2320 4041 2488 4111 φησίν
2508 4057 2522 4072 ·
2586 4059 2606 4092 σ
2644 4041 2721 4094 Οὑ
2754 4040 3026 4113 συμφέρει
3055 4039 3252 4112 ἄφρονι
3278 4038 3484 4109 τρυφή.
3510 4056 3531 4090 ι
3574 4039 3716 4106 ’Δρα

2120 4127 2216 4187 οὖν
2246 4131 2513 4209 τάναντία
2539 4130 2752 4225 τούτοις
2784 4131 3097 4203 συμϐαίνει.

2403 4241 2707 4311 Ἰσιδώρου
2735 4243 2803 4297 ἐκ
2830 4242 2951 4297 τῶν
2974 4238 3445 4299 Ἀποστολικῶν.

2196 4355 2412 4429 ’Ὥσπερ
2456 4354 2512 4409 δὲ
2567 4356 2668 4410 οὑκ
2713 4356 2955 4425 ἀσφαλὲς
3000 4357 3140 4429 μετὰ
3174 4358 3420 4429 μαχίμου
3457 4357 3715 4413 διοδεύειν

2124 4446 2410 4517 ἀοίκητον,
2469 4446 2641 4511 οὕτως
2689 4449 2791 4503 οὑιι
2832 4449 3056 4522 εὐχερὲς
3104 4452 3240 4522 πρὸς
3288 4450 3471 4522 ἀμαθῆ
3518 4449 3712 4520 λόγους

2120 4540 2339 4610 κινῆσαι
2369 4538 2711 4605 παιδεύσεως
2730 4557 2745 4574 ⁸
2796 4542 2824 4595 ὑ
2852 4542 2951 4611 μὲν
2982 4544 3091 4613 γὰρ
3121 4544 3273 4615 πάσῃ
3316 4542 3546 4615 δυνάμει
3571 4543 3710 4615 χρή-

2119 4646 2275 4685 σεται
2308 4633 2395 4685 ἐπ’
2416 4633 2631 4705 ἐρήμῳ,
2665 4632 2718 4686 εί
2741 4651 2795 4688 τι
2822 4635 2933 4689 τῶν
2963 4637 3068 4690 οὑκ
3093 4636 3244 4709 αύτῷ
3273 4636 3442 4707 φίλων
3468 4636 3711 4710 λεχθείη.

2118 4726 2153 4802 ἢ
2187 4724 2483 4796 πραχθείηο
2531 4727 2562 4778 δ
2588 4725 2645 4779 δὲ
2677 4726 2805 4797 είκῆ
2835 4728 3024 4783 πάντα
3042 4729 3192 4798 λέγει
3223 4730 3365 4803 πρὸς
3408 4731 3510 4801 τὴν
3551 4727 3716 4785 αὑτοῦ

2121 4820 2483 4874 ἀπαιδευσίαν
2510 4838 2522 4851 ·
2590 4823 2768 4877 πάντα
2798 4823 2911 4896 γὰρ
2948 4822 3189 4877 ἐκκλίνει
3231 4824 3334 4895 τῆς
3362 4825 3715 4896 οἰκουμένης,

2122 4916 2217 4968 καὶ
2266 4913 2461 4983 λόγους
2508 4915 2867 4985 φιλοσόφους,
2928 4918 3025 4970 καὶ
3071 4916 3326 4989 ἀνδρείας
3367 4917 3710 4988 φιλαρέτους.

2125 5005 2274 5059 Φιλεῖ
2298 5008 2439 5075 γὰρ,
2482 5006 2560 5071 ὡς
2588 5007 2657 5061 τὰ
2688 5008 2881 5073 πολλὰ,
2933 5007 3285 5077 ἀνδρίζεσθαι
3315 5010 3349 5081 ἡ
3377 5008 3573 5081 ἀλογία
3611 5003 3714 5082 (ἧς

2124 5097 2573 5172 ἐλευθερωθῆναι
2591 5101 2987 5173 σπουδάσωμεν
3003 5105 3044 5174 ).

499 5453 547 5485 ⁷⁸
569 5451 733 5522 Prov.
767 5466 856 5515 xv,
888 5451 975 5522 5,_
1017 5446 1272 5522 "Fatale.
1329 5462 1397 5507 v,.
1419 5446 1471 5507 t,
1501 5444 1577 5522 ᾗ
1663 5440 1706 5473 ⁷⁸
1734 5441 1913 5514 Ευείε.
1941 5444 2015 5497 vit

2131 5449 2156 5510 ῖ,
2210 5444 2297 5498 17.
2398 5444 2443 5476 ⁷⁸
2476 5443 2607 5499 ibid.
2638 5451 2694 5499 et
2736 5443 3017 5510 Rommx,
3060 5441 3115 5497 5.
3193 5441 3242 5476 ⁸⁸
3269 5439 3457 5505 lecte.
3509 5453 3600 5508 ut.
3625 5392 3714 5500 97’.

429 5523 473 5557 ⁸⁴
502 5521 716 5580 Eccles.
754 5510 867 5585 γιιι.
912 5520 1000 5574 Π.
1076 5519 1120 5550 ⁸⁸
1141 5510 1307 5572 Prov.
1348 5530 1478 5579 xm,
1512 5513 1598 5567 16.

1721 5628 1961 5691 ῪΑΒίίΕ
2001 5631 2405 5691 ιιιοτιυιιεδ.

501 5731 530 5770 ε
558 5732 703 5805 πλὴν
730 5746 818 5801 γε.
893 5740 919 5770 ιι
955 5726 1281 5797 σοφίσασθαι
