4030 6458
385 279 487 343 ιῖΞῚ

1488 328 1498 337 .
1593 282 1652 340 S.
1692 282 2094 342 ANASTASII
2133 281 2461 343 SlNAlTrE

3546 284 3591 349 ’ὕ
3602 290 3673 353 ΞΒ

453 417 479 448 ιε
498 396 572 452 Et
599 402 749 461 sunt,
773 391 973 463 inquit,
1000 392 1243 449 eunuchi
1264 393 1358 464 qui
1379 392 1605 449 castrati
1624 402 1753 449 sunt
1784 393 1852 448 ab
1877 390 1974 447 hu-

2155 413 2174 446 ι
2198 395 2309 448 Kal
2335 394 2464 459 eici,
2495 392 2683 464 φησιν,
2715 394 2979 466 εὐνοῦχοι,
3009 398 3057 451 οἳ
3090 397 3194 452 ὐπδ
3223 399 3331 453 τῶν
3359 399 3672 474 ἀνθρώπων

389 491 634 547 minibus
667 488 732 543 ".
778 509 796 541 ι
818 488 1027 558 Nempe
1063 486 1158 557 qui
1186 487 1411 541 castrati
1442 494 1574 541 sunt
1623 486 1692 540 ab
1727 486 1971 540 homini-

388 587 492 641 bus
513 583 581 639 ad
610 597 772 638 usum
804 595 994 651 regum
1033 588 1129 634 aut
1181 578 1517 649 principum.
1550 577 1785 645 Quidam
1823 578 1972 634 enim

388 677 608 734 barbari
633 690 791 746 reges
824 680 920 728 aut
949 672 1253 742 principes.
1289 680 1513 741 propter
1554 670 1878 742 zelotypiam
1918 679 1976 725 et

389 771 738 844 suspiciones
777 783 907 838 erga
937 781 1067 822 suas
1102 781 1323 831 uxores,
1363 780 1569 835 pueros
1599 765 1784 820 adhuc
1818 765 1974 820 valde

392 873 614 920 teneros
639 868 924 925 castraut;
960 865 1021 912 ut
1044 872 1171 912 cum
1208 855 1275 911 ad
1320 857 1542 911 virilem
1593 864 1811 912 aetatem
1851 873 1977 925 per—

389 957 668 1018 venerint,
694 968 889 1009 eorum
928 952 1058 1006 lidei
1097 965 1226 1005 suas
1247 948 1600 1004 committant
1648 962 1865 1003 uxores.
1910 948 1977 1002 Et

390 1051 508 1105 haec
557 1049 723 1117 hujus
756 1043 1113 1100 castratiouis
1164 1042 1323 1112 origo
1372 1042 1476 1096 fuit
1523 1034 1977 1097 eteausa.l3ude

390 1143 635 1198 arbitror
695 1139 837 1193 forte
891 1135 1156 1206 appellari
1217 1135 1510 1189 eunuchos
1577 1150 1644 1189 ex
1698 1149 1767 1189 eo
1826 1133 1976 1203 quod

390 1239 550 1293 bona:
568 1234 770 1290 mentis
784 1239 881 1287 aut
900 1229 1155 1286 benevoli
1178 1243 1299 1283 esse
1325 1228 1557 1298 possint.
1581 1226 1782 1282 ablatis
1805 1238 1979 1280 mem-

391 1330 529 1385 bris.

467 1442 485 1472 ε
520 1421 589 1475 Ει
621 1427 773 1475 sunt.
809 1414 1014 1481 inquit,
1072 1412 1321 1468 eunuchi
1362 1411 1457 1481 qui
1490 1422 1549 1466 se
1595 1417 1982 1466 castraverunt

390 1522 619 1584 propter
640 1524 873 1580 regnum
896 1506 992 1561 Dei
1025 1506 1092 1559 ³⁷.
1134 1524 1154 1558 ι
1191 1504 1417 1558 Hisuut
1440 1503 1693 1574 praelari
1719 1499 1979 1572 apostoli,

389 1617 448 1661 et
474 1605 568 1676 qui
591 1603 854 1671 deinceps
876 1600 1102 1654 fuerunt
1128 1597 1372 1668 virgines
1398 1605 1455 1651 et
1486 1595 1742 1651 monachi
1771 1613 1784 1649 :
1815 1593 1982 1649 Joan-

391 1713 495 1753 nes
535 1695 758 1767 quidem
794 1701 851 1747 et
900 1690 1143 1747 Jacobus
1171 1687 1268 1742 ﬁlii
1300 1686 1575 1749 Zebedaei,
1610 1685 1706 1756 qui
1760 1699 1981 1739 manse-

2076 482 2530 554 εὐνουχίσθησαν.
2561 502 2578 534 ι
2616 484 2680 537 Οί
2711 484 2819 555 γὰρ
2848 485 2955 538 ὐπδ
2988 487 3097 539 τῶν
3130 487 3437 560 ἀνθρώπων
3479 492 3673 546 εὐνου-

2076 572 2363 661 χισθέντες
2404 574 2569 629 ἓνεκα
2600 579 2851 647 χρήσεως
2885 576 3191 649 βασιλικῆς,
3236 580 3271 652 ἢ
3308 581 3670 655 ἀρχοντικῆς.

2077 666 2403 738 Βουλόμενοι
2436 668 2544 739 γάρ
2581 684 2728 732 τινες
2770 668 2879 724 τῶν
2913 667 3210 743 βαρϐάρων
3256 673 3519 744 βασιλεῖς,
3570 676 3677 730 καὶ

2076 762 2338 833 ἄρχοντες
2386 761 2718 835 ζηλοτυπίας
2745 765 2907 837 χάριν
2930 805 2947 829 ,
2980 768 3075 820 καὶ
3107 768 3361 834 ὑπονοίας
3396 770 3498 840 τῆς
3530 773 3676 844 πρὸς

2076 854 2175 919 τὰς
2211 856 2345 920 ίδίας
2378 857 2648 928 γαμετὰς,
2678 857 2759 912 ἔτι
2796 859 2993 930 κομιδῆ
3030 860 3182 924 νέους
3208 862 3337 925 τοὺς
3358 864 3555 926 παῖδας
3584 864 3683 917 εὐ-

2080 946 2416 1019 νουχίζουσι,
2457 950 2594 1021 πρὸς
2639 949 2700 1003 τὸ
2740 951 3133 1023 ἀνδρυνθέντας
3183 955 3538 1011 πιστεύεσθαι
3567 956 3681 1021 τὰς

2078 1040 2350 1111 γαμετάς.
2392 1043 2499 1096 Kal
2530 1042 2703 1108 οὕτως
2750 1046 2819 1098 ἐν
2853 1045 2932 1114 τῷ
2989 1046 3181 1118 κόσμῳ
3212 1047 3439 1117 γέγονεν
3472 1051 3506 1119 ἡ
3539 1050 3678 1123 περὶ

2079 1132 2269 1187 τούτου
2315 1134 2482 1188 αίτία.
2518 1134 2684 1188 Ὅθεν
2738 1135 2995 1207 εὐνοῦχον
3058 1139 3545 1210 ἐτυμολογεῖσθαι,
3593 1142 3676 1206 ὡς

2080 1219 2258 1296 οἶμαι,
2296 1226 2407 1280 ἀπὸ
2461 1225 2557 1281 τοῦ
2587 1228 2792 1283 εὐνοεῖν
2837 1228 3099 1285 δύνασθαι
3150 1233 3531 1304 ἀφῃρημένων
3559 1235 3679 1287 τῶν

2086 1318 2286 1388 μελῶν.
2331 1363 2337 1370 .

2161 1428 2180 1462 ι
2223 1411 2333 1465 Kal
2381 1412 2522 1478 εἰσὶ,
2581 1413 2736 1484 φησι,
2781 1412 3057 1484 εὐνοῦχοι,
3098 1414 3296 1479 οἵτινες
3351 1415 3680 1486 εὐνούχισαν
3736 1400 3743 1404 ’

2085 1503 2317 1573 ὲαυτούς
2353 1504 2443 1558 διὰ
2479 1505 2577 1575 τὴν
2616 1504 2899 1576 βασιλείαν
2928 1505 3037 1559 τῶν
3071 1507 3344 1577 οὐρανῶν,
3380 1526 3398 1559 ι
3434 1501 3677 1562 Οὗτοιδὲ

2085 1595 2226 1650 εἰσιν
2245 1597 2293 1650 οί
2314 1599 2552 1666 γενναῖοι
2582 1598 2894 1663 ἀπόστολοι,
2914 1599 3009 1653 καὶ
3037 1598 3085 1651 οἱ
3116 1598 3355 1668 καθεξῆς
3383 1578 3671 1668 παρθένοι,

2086 1686 2182 1742 καὶ
2225 1689 2574 1760 μονάζοντες.
2625 1690 2880 1762 Ἰωάννης
2936 1691 3036 1763 μὲν
3090 1690 3221 1763 γὰρ,
3257 1692 3355 1746 καὶ
3389 1693 3665 1757 Ἰάκωϐος,

392 1797 526 1843 runt
559 1786 615 1841 in
648 1781 989 1853 virginitate,
1018 1789 1076 1834 et
1104 1792 1286 1847 neque
1305 1776 1375 1831 ab
1399 1775 1722 1831 hominibus
1739 1785 1865 1829 sunt
1891 1790 1982 1828 ca-

2097 1781 2193 1835 )ἱοὶ
2225 1780 2515 1836 Ζεϐεδαίου
2556 1780 2841 1853 μείναντες
2889 1785 2948 1838 ἐν
2978 1786 3045 1856 τῇ
3079 1785 3370 1858 παρθενίᾳ,
3394 1787 3488 1840 καὶ
3528 1788 3668 1857 μήτε

395 1878 575 1940 strati.
605 1890 786 1945 neque
835 1871 1120 1943 conjuncti
1171 1867 1554 1932 matrimonio,
1580 1866 1679 1922 sed
1712 1866 1984 1921 adversus

394 1985 617 2029 carnem
650 1965 889 2023 mirabili
918 1971 1144 2035 peracto
1174 1959 1506 2025 certamine,
1549 1958 1718 2029 hujus
1768 1964 1983 2011 eastra-

397 2065 567 2122 tiouis
598 2061 831 2133 gloriam
863 2069 921 2114 et
968 2070 1234 2113 coronam
1279 2052 1617 2109 retulerunt.
1680 2048 1811 2104 Post
1845 2050 1984 2102 istos

396 2165 534 2229 quot
566 2155 737 2210 millia
768 2154 822 2208 in
848 2150 1059 2207 mundo
1081 2147 1450 2204 monasticam
1475 2145 1645 2199 vitam
1672 2141 1909 2214 agentia,
1930 2146 1988 2194 et

396 2248 774 2321 virginitatem
795 2242 1135 2306 exercentia,
1169 2240 1422 2296 eamdem
1463 2245 1805 2306 acceperunt
1843 2247 1989 2287 mer-
2018 2230 2021 2231 ⁷

398 2344 590 2401 cedem
617 2342 631 2396 l
663 2338 758 2410 qui
784 2335 1010 2407 quidem
1037 2349 1167 2389 cum
1195 2332 1493 2387 mulierum
1523 2326 1850 2397 corporibus
1877 2337 1989 2376 non

399 2444 530 2494 sunt
559 2429 862 2496 commisti,
898 2427 996 2483 sed
1037 2410 1094 2481 in
1121 2423 1531 2497 perfectissimo
1561 2419 1866 2475 certamine
1889 2416 1987 2471 de-

399 2534 710 2590 certaruut,
756 2523 904 2579 sicut
936 2520 1088 2575 Elias
1140 2525 1199 2574 et
1240 2516 1435 2575 Daniel
1491 2516 1547 2568 in
1602 2511 1778 2568 veteri
1824 2517 1992 2565 testa-

400 2630 616 2682 mento.
645 2626 703 2673 et
727 2616 821 2672 alii
850 2612 1034 2670 multi.
1536 2658 1549 2661 _

474 2712 585 2770 Sed
616 2708 907 2766 sciendum
937 2714 1023 2761 est
1058 2702 1232 2775 quod,
1292 2711 1495 2774 praeter
1542 2698 1814 2754 nefarium
1863 2708 1992 2766 pes-

404 2809 558 2864 simte
585 2800 947 2861 eastrationis
977 2798 1165 2854 scelus
1215 2809 1331 2866 quo
1365 2809 1425 2849 se
1474 2792 1835 2861 obstringunt
1883 2796 1992 2841 tam

404 2899 501 2970 qui
556 2902 802 2953 castraut
829 2907 997 2963 quam
1048 2888 1144 2960 qui
1188 2894 1506 2943 castrantur
1536 2882 1754 2948 miseri,
1785 2879 1993 2935 nullam

406 2989 655 3047 habituri
696 2987 809 3042 sint
852 2983 1169 3039 mercedem
1200 2988 1295 3036 aut
1323 2978 1581 3050 gratiam,
1630 2990 1699 3030 eo
1744 2972 1893 3044 quod
1925 2971 1995 3027 ab

407 3100 515 3140 usu
558 3094 801 3137 venereo
824 3077 1176 3140 abstineant;
1239 3072 1373 3143 quin
1414 3069 1576 3125 ambo
1614 3081 1787 3123 unum
1815 3064 1996 3120 idem-

407 3192 519 3249 que
552 3172 826 3248 judicium
856 3168 1147 3232 subibunt,
1174 3165 1267 3220 ille
1286 3162 1535 3234 quidem,
1561 3158 1734 3230 utqui
1755 3157 1999 3228 seipsum

410 3272 616 3324 damno
649 3262 940 3320 all‘ecerit:
971 3259 1086 3324 hic,
1120 3255 1365 3328 M372
1397 3253 1494 3324 qui
1514 3252 1829 3324 proximum
1869 3263 1999 3304 eor-

410 3359 660 3430 ruperit;
685 3363 926 3425 suntque
977 3351 1153 3408 divini
1188 3348 1376 3419 operis
1427 3355 1485 3401 et
1519 3359 1632 3401 suae
1663 3342 1863 3398 animae
1903 3341 1993 3394 in-

410 3453 722 3509 sidiatores.
785 3445 1102 3514 Quinetiam
1148 3442 1276 3498 talis
1336 3438 1634 3495 eunuchus
1696 3436 2002 3491 vehemen-

413 3546 559 3599 tiore
600 3538 854 3597 libidinis
898 3545 1038 3593 aestu
1095 3533 1560 3597 iutlammabitur,
1615 3538 1674 3585 et
1731 3538 2004 3600 praeterea

411 3643 700 3693 evertetur
732 3639 934 3687 natura
976 3636 1034 3685 et
1072 3636 1282 3683 mente.
1317 3626 1454 3681 Nam
1496 3624 1731 3695 Sapiens
1780 3635 2005 3692 quoque

408 3732 627 3806 judicat
679 3728 844 3783 talem
875 3740 906 3780 a
941 3721 1133 3795 pravis
1181 3718 1481 3776 desideriis
1538 3728 1651 3771 non
1701 3714 2002 3777 abstinere,

414 3826 511 3881 sed
542 3838 658 3877 non
687 3834 852 3892 posse
885 3815 956 3873 ad
988 3824 1108 3870 rem
1141 3811 1422 3869 conferre.
1447 3807 1805 3866 Diclt'enim:
1840 3825 1860 3857 ι
1892 3805 2006 3861 Cu-

414 3919 622 3990 piditas
678 3910 924 3970 eunuchi
982 3907 1346 3978 devirgiuans
1379 3900 1885 3965 adolescentulam,
1922 3905 2009 3953 est

417 4013 563 4067 sicut
591 4010 735 4064 bona
766 4006 942 4062 affusa
973 4002 1057 4057 ori
1089 4001 1301 4064 clauso,
1329 4004 1427 4052 aut
1453 4011 1581 4051 esca
1617 3993 1868 4065 apposita
1917 4004 2009 4047 sc-

421 4102 640 4171 pulcro,
702 4104 799 4151 aut
821 4082 1016 4149 libatio
1043 4091 1187 4145 facta
1213 4087 1383 4143 idolo.
1421 4085 1612 4155 Neque
1643 4085 1792 4139 enim
1821 4090 2008 4138 come;

418 4194 522 4253 dit,
575 4205 759 4259 neque
806 4186 1109 4249 odoratur;
1175 4180 1260 4236 sic
1317 4178 1614 4233 eunuchus
1670 4175 2012 4246 amplectens

420 4285 715 4355 virginem,
744 4288 800 4334 et
824 4276 1114 4348 suspirans
1145 4273 1213 4327 ⁸⁸.
1244 4292 1263 4325 ι
1297 4271 1558 4326 Salomon
1582 4278 1801 4334 autem,
1830 4272 2011 4337 repri-

425 4353 586 4452 mens
618 4387 815 4429 eorum
850 4366 1277 4440 turpitudinem,
1310 4365 1449 4420 dicit
1482 4381 1496 4417 :
1544 4382 1563 4415 ι
1601 4361 1803 4417 Beatus
1834 4374 2015 4416 etum-

2087 1872 2180 1926 ὐπ’
2210 1872 2516 1945 ἀνθρώπων
2557 1873 3021 1947 εὐνουχισθέντες,
3057 1878 3196 1949 μήτε
3235 1878 3342 1950 μὴν
3375 1878 3670 1948 συναφθέν-

2085 1983 2180 2029 τες
2231 1968 2419 2039 γάμῳ,
2466 1969 2602 2024 ἀλλὰ
2647 1971 2787 2024 κατά
2832 1970 2934 2041 τῆς
2986 1971 3189 2043 σαρκὸς
3241 1973 3669 2042 ἀγωνισάμενοι.

2089 2057 2410 2144 θαυμασίως
2436 2062 2497 2113 τὸ
2528 2059 2681 2124 κλέος
2712 2062 2813 2132 τῆς
2844 2062 3132 2133 εὐνουχίας
3164 2062 3395 2134 ταύτης,
3438 2064 3535 2116 καὶ
3566 2063 3677 2116 τῶν

2090 2151 2374 2218 στεφάνων
2413 2152 2814 2223 ἐπηνέγκαντο.
2850 2155 2986 2208 Μετ’
3014 2155 3215 2219 αὐτοὺς
3244 2155 3302 2209 δὲ
3330 2156 3445 2209 ὅσοι
3477 2159 3679 2228 μυριάυ

2088 2240 2196 2295 δων
2250 2243 2309 2295 ὲν
2359 2236 2436 2313 τῷ
2468 2243 2661 2315 κόσμῳ
2694 2243 3147 2315 παρθενεύοντες,
3189 2247 3286 2299 καὶ
3321 2245 3679 2315 μονάζοντες,

2089 2333 2182 2387 τὸν
2219 2334 2385 2388 αὐτὸν
2420 2336 2612 2406 μισθὸν
2652 2336 3066 2409 ἐκληρώσαντο·
3098 2339 3298 2402 οἵτινες
3332 2337 3554 2409 σώμασι
3582 2356 3681 2407 γυ-

2091 2427 2296 2479 ναικοῖν
2332 2426 2434 2480 οὐκ
2463 2426 2759 2497 ὲμίγησαν,
2790 2428 2906 2483 ἀλλ’
2927 2429 3170 2501 ἦθλησαν
3208 2429 3386 2499 ἀγῶνι
3409 2430 3684 2484 τελειοτά-

2091 2533 2190 2587 τῳ,
2224 2515 2302 2579 ὼς
2334 2519 2429 2570 καὶ
2452 2520 2479 2571 ὀ
2515 2518 2724 2586 Ἠλίας,
2769 2520 2866 2574 καὶ
2906 2522 3109 2592 Δανιὴλ
3139 2523 3197 2575 ὲν
3220 2524 3288 2592 τῇ
3319 2520 3549 2592 παλαιᾷ,
3586 2523 3683 2574 καὶ

2092 2607 2243 2661 ἄλλοι
2273 2608 2481 2664 πολλοί.
2932 2618 2935 2623 ’

2166 2700 2312 2772 Πλὴν
2350 2702 2431 2755 ὅτι
2477 2703 2573 2756 καὶ
2601 2703 2660 2756 τὺ
2690 2703 2949 2776 ἀθέμιτον
2977 2706 3076 2777 τῆς
3102 2707 3374 2780 κακίστης
3397 2709 3680 2783 εὐνουχίας

2097 2793 2426 2863 ἐργάζονται
2482 2797 2532 2848 oi
2570 2796 2944 2869 ταλαίπωροι,
3000 2801 3094 2854 καὶ
3136 2801 3331 2855 οὐδένα
3388 2803 3580 2873 μισθὸν
3639 2804 3673 2873 ἢ

2097 2887 2260 2956 χάριν
2314 2884 2521 2956 ἔχουσι,
2567 2886 2657 2941 διὰ
2701 2888 2801 2961 τὴν
2856 2890 3072 2962 ἀποχὴν
3106 2892 3207 2962 τῆς
3239 2893 3509 2966 τοσαύτης
3543 2896 3677 2967 χρὴ·

2099 2994 2259 3043 σεως·
2295 2980 2354 3033 ἓν
2407 2980 2463 3034 δὲ
2507 2981 2601 3035 καὶ
2638 2980 2700 3034 τὸ
2733 2981 2865 3036 αὐτὸ
2903 2984 3257 3056 κριθήσονται
3303 2987 3625 3059 ἀμφότεροι,
3654 2991 3683 3041 ὁ

2105 3071 2225 3140 μὲν,
2261 3070 2336 3136 ὡς
2378 3072 2571 3126 ἑαυτὸν
2618 3071 3037 3146 λυμαινόμενοςδ
3064 3078 3092 3130 ὁ
3127 3076 3186 3130 δὲ
3220 3077 3294 3142 ὡς
3334 3079 3425 3132 τὸν
3458 3082 3688 3151 πλησίον

2102 3134 2457 3235 διαφθείρων.
2495 3134 2801 3221 Ἐπίϐουλοι
2836 3134 2944 3238 χὰρ
2976 3134 3079 3239 τῆς
3116 3168 3210 3245 τοῦ
3246 3134 3383 3224 έεοῦ
3425 3134 3688 3245 δημιουρο
3780 3199 3786 3203 ·
3861 3134 3873 3143 ν

2102 3254 2249 3324 γίας,
2280 3254 2506 3328 καὶτῆς
2551 3257 2749 3330 ὲαυτῆς
2788 3259 2969 3332 ψυχῆς
2996 3239 3424 3334 ἀπεδείχθησαν.
3472 3239 3692 3319 ‘Emeb-
3780 3332 3783 3337 ⁴

2106 3349 2211 3428 μίᾳ
2238 3348 2295 3404 δὲ
2323 3350 2689 3424 περισσοτέρᾳ
2725 3353 2753 3406 ὁ
2777 3352 3020 3436 τοιοῦτος
3059 3355 3438 3426 ὲνεχθήσεται,
3468 3357 3564 3411 καὶ
3593 3357 3694 3430 τὴν

2105 3442 2290 3512 φύσιν,
2322 3443 2420 3496 καὶ
2450 3443 2552 3516 τὴν
2589 3444 2841 3515 γνώμην,
2886 3446 3023 3518 πρὸς
3061 3448 3275 3512 τούτοις
3320 3453 3696 3522 παρατραπῆ-

2107 3551 2284 3589 σεται.
2311 3534 2424 3590 Καὶ
2456 3535 2567 3608 γὰρ
2596 3535 2791 3605 ἄγεται
2832 3537 2985 3610 παρὰ
3030 3538 3109 3610 τῷ
3154 3534 3337 3613 Σοιρῷ,
3363 3542 3465 3596 οὐκ
3494 3545 3697 3614 ἀπεχό-

2111 3645 2272 3700 μενος
2297 3629 2399 3700 τῆς
2423 3629 2744 3699 ἐπιθυμίας,
2785 3631 2922 3687 ἀλλὰ
2968 3632 3044 3705 μὴ
3071 3633 3376 3706 δυνάμενος
3405 3638 3577 3709 αὐτὴν
3602 3638 3698 3692 ὲκ-

2106 3720 2345 3777 τελέσαι.
2385 3714 2524 3794 Φησὶ
2566 3723 2701 3795 γάρ·
2743 3742 2761 3777 ι
2813 3724 3115 3797 Ἐπιθυμία
3161 3728 3421 3799 εὐνούχου
3449 3730 3700 3800 ἀποπαρ-

2110 3814 2345 3870 θενῶσαι
2374 3816 2616 3880 νεάνιδα,
2649 3817 2744 3872 καὶ
2776 3816 2968 3892 ὥσπερ
3006 3819 3187 3889 ἀγαθὰ
3218 3822 3566 3895 ὲκκεχυμένα
3603 3825 3699 3877 ἐπὶ

2112 3907 2345 3980 στόματι
2380 3910 2776 3982 κεκλεισμένῳ,
2807 3911 2839 3983 ἣ
2865 3911 3141 3985 ἐδέσματα
3176 3913 3485 3985 βρωμάτων
3518 3933 3697 3987 παρει-

2111 3999 2345 4069 κείμενα
2395 4001 2489 4054 ὲπὶ
2533 4003 2710 4074 τάφῳ,
2739 4003 2773 4074 ἢ
2810 4008 3102 4077 κάρπωσις
3137 4009 3341 4081 εἰδώλῳ
3365 4026 3380 4041 ·
3416 4009 3540 4066 οὔτε
3589 4012 3698 4082 γὰρ

2113 4090 2313 4158 ἔδεται,
2345 4090 2471 4146 οὐτε
2511 4094 2867 4166 ὀσφραίνεται
2889 4113 2903 4128 ο
2933 4098 3107 4164 οὕτως
3143 4100 3399 4172 εὐνοῦχος
3429 4102 3702 4174 περιλαμρ

2114 4183 2296 4239 ϐάνων
2349 4185 2649 4257 παρθένον,
2695 4188 2791 4242 καὶ
2825 4190 3119 4255 στενάζων.
3179 4211 3199 4245 ι
3253 4194 3311 4246 ’0
3339 4193 3394 4247 δὲ
3427 4193 3697 4265 Σολομὼν,

2116 4276 2460 4330 ἀναστέλλων
2486 4278 2666 4331 αὐτῶν
2697 4280 2799 4351 τὴν
2840 4283 3415 4354 αίσχρουργίανίρησί·
3458 4306 3477 4338 ι
3508 4289 3701 4341 Μακά-

2119 4384 2235 4440 ριος
2264 4368 2542 4439 εὐνοῦχος,
2570 4372 2598 4423 ὁ
2639 4371 2714 4444 μὴ
2744 4373 3123 4446 ἐργασάμενος
3161 4376 3218 4429 ὲν
3243 4378 3389 4450 χειρὶ
3421 4379 3703 4449 ενόμημα,

422 4470 563 4522 chus
596 4465 690 4536 qui
725 4480 836 4518 nou
878 4469 1145 4532 operatur
1178 4459 1238 4513 in
1269 4471 1438 4512 manu
1462 4455 1669 4520 scelus,
1702 4469 1981 4525 neque-eo

2122 4458 2261 4527 μηδὲ
2290 4459 2622 4531 ἐνθυμηθεὶς
2672 4463 2816 4517 κατὰ
2844 4462 2939 4517 τοῦ
2963 4465 3172 4537 Κυρίου
3204 4469 3438 4538 πονηρά.
3477 4488 3495 4521 ι
3519 4470 3705 4541 Παρά-

423 4562 563 4633 gitat
606 4559 745 4613 mala
775 4556 1042 4611 adversus
1074 4551 1371 4608 Dominum
1391 4549 1459 4604 ".
1500 4569 1519 4602 ι
1549 4548 1745 4619 Iniqua
1796 4563 1931 4619 ergo
1957 4563 1987 4602 e

2122 4567 2290 4622 νομος
2339 4554 2542 4618 τοίνυν,
2575 4554 2672 4608 καὶ
2701 4555 3067 4628 δαιμονιώδης
3108 4560 3141 4628 ἠ
3175 4559 3404 4631 τοιαύτη
3450 4560 3705 4632 ἐργασία,

426 4650 767 4709 ιιωηιοιιὶείισ
820 4655 906 4702 est
955 4640 1233 4717 ejusmodi
1264 4639 1522 4712 operatio
1551 4650 1610 4695 et
1644 4640 1991 4694 consuetudo

2124 4645 2221 4699 καὶ
2258 4646 2573 4715 νομοθεσία,
2621 4649 2716 4702 καὶ
2771 4647 2853 4718 τῷ
2904 4639 3056 4721 νόμῳ
3087 4650 3182 4704 τοῦ
3213 4650 3349 4705 Θεοῦ
3381 4653 3709 4723 ἀπόσλητος,

380 4795 385 4803 .
424 4758 484 4803 et
512 4746 631 4814 lege
654 4742 750 4798 Dei
778 4738 1103 4810 rejicienda,
1135 4735 1263 4792 etei
1305 4734 1536 4789 adversa
1586 4748 1603 4785 :
1659 4731 1835 4806 legem
1865 4733 1991 4786 enin

2117 4737 2222 4790 ,καὶ
2251 4729 2550 4802 ἆντίθετος.
2585 4741 2696 4793 Kal
2724 4742 2836 4812 γὰρ
2868 4732 3176 4814 νομοθετῶν
3215 4746 3242 4798 ὁ
3291 4744 3449 4812 Θεὸς,
3495 4746 3711 4815 ἔλεγεν·
3764 4731 3771 4741 ’

380 4884 387 4909 ,
427 4843 614 4895 ferens
666 4835 888 4890 (licebat
923 4831 1239 4887 Dominus:
1281 4848 1301 4881 ι
1339 4827 1459 4883 Non
1504 4827 1754 4889 intrabit,
1807 4825 1901 4896 qui
1935 4841 1991 4882 es

2133 4849 2152 4883 ι
2185 4832 2297 4885 Οὐκ
2336 4831 2707 4887 εἰσελεύσεται
2738 4834 2963 4897 θλασίας
2993 4837 3099 4891 καὶ
3119 4838 3575 4911 ἀποκεκομμένος
3635 4842 3718 4904 είς

376 4926 386 5007 ξ
427 4930 619 4987 tractis
654 4925 950 4989 testiculis,
983 4930 1080 4977 aut
1113 4921 1209 4992 qui
1241 4929 1328 4977 est
1353 4921 1596 4984 excisus,
1618 4920 1672 4973 in
1702 4916 1991 4974 ecclesiam

2127 4918 2276 4976 οἷκον
2302 4934 2328 4965 α
2361 4925 2592 4995 Κυρίου,
2618 4926 2709 4978 ἐπὶ
2757 4926 2970 4999 τρίτην,
3010 4930 3106 4983 καὶ
3146 4929 3417 5003 τετάρτην
3435 4931 3650 5000 γενεάν.
3693 4952 3711 4984 ι

428 5024 498 5079 ad
530 5022 751 5078 tertiam
786 5027 882 5074 aut
909 5023 1164 5087 quartam
1197 5011 1614 5086 generationem
1645 5012 1714 5078 ὀς
1753 5030 1772 5065 ι
1799 5014 1856 5065 et
1885 5010 1991 5065 dan

2129 5016 2244 5069 Kal
2277 5015 2440 5070 πάλιν
2477 5014 2607 5087 περὶ
2637 5016 2840 5078 θυσιῶν
2880 5009 3282 5091 ἐντελλόμενος,
3316 5024 3485 5095 φησί·
3524 5042 3543 5076 ι
3580 5024 3717 5078 Θλαμ-

429 5123 768 5184 praeceptum
804 5111 873 5167 de.
909 5106 1202 5165 sacriﬁciis
1226 5105 1365 5161 dicit
1403 5124 1417 5160 :
1450 5123 1470 5157 ι
1502 5100 1641 5161 Eum
1687 5099 1775 5158 eui
1804 5106 1991 5159 contus

2134 5109 2274 5174 σὲαν,
2315 5111 2405 5177 κα)
2451 5111 2715 5181 ὲκτομίαν
2759 5114 2841 5176 εἰς
2889 5111 3281 5188 θυσιαστήριον
3321 5119 3385 5172 οὐ
3416 5117 3720 5189 προσάξετε

433 5214 564 5262 sunt
597 5206 862 5263 testiculi,
898 5210 995 5257 aut
1020 5200 1117 5271 qui
1148 5207 1234 5255 est
1281 5204 1574 5264 exsectae,
1589 5197 1668 5261 ad.
1690 5199 1861 5252 altare
1909 5202 1991 5250 nol

2132 5200 2347 5272 Κυρίῳ,
2378 5202 2461 5255 ὅτι
2503 5198 2693 5273 μῶμος
2746 5206 2805 5257 ὲν
2849 5206 3054 5274 αὐτοῖς,
3088 5207 3182 5261 καὶ
3213 5198 3276 5263 οὐ
3306 5202 3716 5282 δεχθήσονται.)

433 5297 724 5353 adducens
768 5297 1026 5353 Domino.
1087 5292 1353 5363 quoniam
1386 5290 1470 5345 eis
1498 5290 1642 5346 inest
1674 5290 1925 5352 macula,
1967 5299 2024 5342 et
3369 5274 3402 5281 ’“
3456 5274 3469 5282 ’
3690 5274 3697 5282 ’

433 5405 548 5445 non
576 5389 907 5443 ndu‘iittctur
937 5386 1005 5440 θ’.
1048 5402 1066 5438 ι

506 5528 556 5565 ⁸⁸
651 5522 843 5581 Matth.
872 5526 984 5591 xrk,
1020 5527 1106 5583 ιε.

436 5524 843 5631 .1:°M:bi:\‘ttb'.
872 5526 984 5631 ξιξ,
1020 5527 1106 5583 ιε.
1200 5527 1243 5559 ³⁷
1275 5524 1411 5581 ibid.
1519 5526 1564 5557 ⁸⁸
1596 5527 1763 5581 Ereli.
1826 5545 1915 5595 xx,
1947 5529 1982 5581 2

2097 5546 2178 5595 xx,
2234 5532 2322 5615 18,
2357 5531 2444 5597 l9,
2493 5531 2585 5589 2|.
2685 5532 2733 5569 ⁵⁸
2754 5532 2883 5604 Sap.
2911 5532 3096 5598 null.
3209 5534 3255 5566 "
3288 5533 3446 5599 Deut.
3480 5546 3630 5598 mu,
3672 5532 3725 5587 l.

514 5596 693 5653 Levii.
729 5597 967 5660 “11,24.

2432 5596 2436 5597 ν
2828 5596 2847 5604 -
2976 5596 2981 5598 _

2992 5635 2999 5643 ι

1746 5668 1985 5724 VARUS
2012 5669 2306 5733 LEC'I'ION
2312 5671 2418 5728 ES.

512 5771 537 5801 ι
566 5758 886 5825 ἐκκλησίαν.
