4030 6468
364 429 463 492 63H

1556 442 1644 539 ελ
1659 440 2061 502 ANASTASH
2103 440 2428 502 SINAITJE

2349 315 2535 346 ι--ο--ι

3534 439 3651 507 6θὲ

365 545 488 607 bos.
523 548 654 604 licet
687 549 764 604 illi
809 550 1184 621 praecidantur
1201 568 1434 616 cornua,
1469 568 1578 606 non
1609 562 1790 608 tamen
1825 551 1950 607 sub-

2062 554 2178 607 Κᾶν
2200 566 2223 594 ο
2252 553 2362 625 γὰρ
2389 557 2418 608 ὁ
2439 555 2761 626 uagatis-el];
2795 553 2920 626 βοῦς
2941 553 3283 626 ἀποτμηθεὶς
3312 554 3376 608 τὰ
3406 559 3642 627 κέρατα,

361 640 494 695 latis
551 643 819 699 cornibus
881 661 1062 716 equus
1114 644 1370 710 elllcitur,
1404 645 1500 700 sed
1541 643 1726 700 adhuc
1769 652 1956 698 manet

364 732 490 794 llos,
527 737 784 815 quamvis
813 739 1082 794 cornibus
1114 748 1332 804 careat;
1361 738 1436 794 ita
1469 747 1524 793 et
1550 753 1665 792 mas
1693 737 1956 792 abseissis

361 825 702 894 genitalibus
722 829 1002 894 onmibus,
1033 845 1097 885 ea
1137 839 1318 885 tamen
1357 829 1705 884 mutilatione
1727 845 1839 882 non
1871 835 1956 882 est

363 919 546 976 factus
570 921 776 978 mulier
797 963 812 988 ,
849 924 944 979 sed
981 924 1166 979 adhuc
1191 931 1389 978 natura
1413 939 1510 978 sua
1553 938 1668 976 mas
1691 932 1774 976 est
1802 923 1957 994 (licet

361 1014 616 1084 partibus
652 1017 764 1072 illis
807 1017 1040 1086 careat),
1071 1027 1131 1073 et
1171 1016 1448 1070 obnoxius
1491 1015 1783 1086 cupiditati
1822 1030 1957 1070 con-

357 1107 669 1176 junctionis
689 1124 960 1164 venerem.
1004 1109 1352 1179 Quapropter
1388 1109 1704 1165 vehementi
1742 1107 1955 1162 insania

361 1198 630 1269 abreptus
655 1200 722 1256 ad
757 1216 1112 1271 congressum
1157 1201 1290 1264 ruit,
1321 1209 1378 1255 et
1409 1200 1664 1270 quamvis
1691 1215 1756 1256 ea
1800 1207 1955 1268 parte

361 1307 472 1360 qua
529 1293 746 1351 miserae
777 1277 1056 1349 violentus
1104 1294 1376 1350 incumbit
1408 1310 1527 1349 eam
1564 1309 1674 1348 non
1706 1307 1954 1347 corr-um-

361 1391 477 1451 pat,
513 1385 629 1452 ipse
656 1393 836 1440 tamen
858 1402 924 1440 ac
953 1385 996 1439 si
1017 1386 1352 1456 corruperit,
1383 1385 1456 1439 ita
1473 1383 1697 1439 sceleris
1720 1383 1956 1454 imagine

361 1475 597 1531 affectus
626 1485 732 1532 est.
787 1478 918 1532 Eam
955 1493 1088 1533 vero
1123 1478 1190 1532 ad
1230 1488 1518 1548 peccatum
1568 1475 1954 1531 vehementius

363 1565 612 1624 irritans.
653 1575 829 1623 totum
865 1569 1091 1637 quidem
1143 1573 1456 1640 corrumpit
1509 1569 1778 1634 animum,
1833 1585 1956 1624 cor-

363 1673 577 1728 pusque
599 1661 666 1713 ad
687 1661 1065 1730 corruptionis
1093 1671 1280 1717 aetum
1303 1663 1662 1717 vehementer
1687 1661 1952 1716 incendit.

362 1751 520 1820 Saepe
554 1753 720 1807 etiam
743 1753 1008 1810 dentibus
1027 1756 1192 1810 carui
1244 1755 1578 1810 concubitus
1605 1755 1812 1819 infixis,
1835 1736 1841 1751 ’
1863 1771 1954 1808 ra-

2056 647 2177 718 οὺχὶ
2197 651 2262 718 τῇ
2280 648 2571 719 ἀφαιρέσει
2587 647 2696 702 τῶν
2714 647 2962 716 κεράτων
2979 647 3150 711 ἵππος
3169 647 3410 716 ἐγένετο,
3429 647 3546 712 ἀλλ’
3561 647 3645 706 ἔτι

2059 738 2186 810 βοῦς
2209 740 2344 806 ἐστι,
2380 741 2486 795 κᾶν
2519 740 2592 811 μὴ
2622 739 2722 812 ἔχῃ
2754 741 2824 794 τὰ
2850 740 3081 812 κέρατα·
3118 738 3262 794 οὕτω
3292 741 3383 793 καὶ
3407 743 3438 793 ὁ
3465 739 3644 812 ἄρσην

2057 830 2478 900 ἁποκοψάμενος
2494 831 2562 884 τὰ
2580 831 2747 901 μορία
2763 832 2961 896 πάντα,
2981 831 3043 884 οὐ
3062 833 3128 902 τῇ
3146 830 3433 900 ἀφαιρέσει
3451 831 3643 900 γέγονε

2056 925 2216 994 γυνὴ,
2243 923 2358 977 ἀλλ’
2387 923 2472 977 ἔτι
2507 924 2681 996 ἄρσην
2714 925 2830 978 ἐστὶ
2862 927 2928 995 τῇ
2964 923 3148 994 φύσει,
3179 924 3283 977 κᾶν
3323 923 3398 993 μὴ
3432 923 3530 995 ἔχῃ
3573 923 3646 978 τὰ

2061 1017 2245 1087 μόρια,
2287 1017 2380 1070 καὶ
2432 1020 2498 1088 τῇ
2548 1016 2818 1088 ἐπιθυμίᾳ
2847 1017 2941 1070 τοῦ
2987 1016 3192 1080 πάθους
3218 1015 3640 1086 δεδουλωμένος.

2058 1108 2223 1162 Ὅθεν
2267 1110 2374 1162 ὑπὸ
2398 1110 2638 1180 σφοδρᾶς
2672 1109 2870 1179 μανίας
2898 1109 3214 1179 ἑλκόμενος,
3244 1111 3338 1163 καὶ
3375 1111 3515 1181 πρὸς
3545 1109 3644 1182 τὴν

2059 1201 2382 1272 συμπλοκὴν
2409 1201 2618 1270 ὁρμῶν,
2647 1199 2752 1254 κᾶν
2786 1199 2860 1271 μὴ
2889 1201 3088 1273 φθείρῃ
3121 1200 3201 1270 τῷ
3230 1201 3385 1270 μέρει
3422 1200 3641 1272 ἐκείνῳ,

2056 1293 2116 1345 ἐν
2146 1285 2188 1360 ᾧ
2222 1291 2582 1362 παρθενοχλεῖ
2613 1294 2679 1361 τῇ
2741 1291 3096 1362 ταλαιπώρῳ,
3126 1293 3296 1362 ὅμως,
3321 1291 3486 1354 αὐτὸς
3543 1291 3645 1362 μὲν

2057 1385 2132 1450 ὡς
2165 1386 2394 1456 φθείρας
2417 1426 2432 1450 ,
2467 1387 2567 1458 τὴν
2603 1385 2901 1456 ἐπιθυμίαν
2933 1385 3108 1448 οὕτως
3145 1385 3252 1438 ὑπὸ
3287 1385 3389 1454 τῆς
3435 1399 3644 1452 ιραντα-

2059 1479 2181 1540 σίας
2225 1477 2516 1544 διάκειται,
2560 1477 2658 1546 τὴν
2687 1475 2747 1532 δὲ
2784 1476 2924 1548 πρὸς
2954 1477 3052 1548 τὴν
3074 1475 3350 1548 ἁμαρτίαν
3384 1478 3644 1548 πικρῦτε-

2062 1587 2151 1638 ρον
2185 1568 2467 1640 ἐρεθίζων,
2514 1568 2724 1638 φθείρει
2768 1569 2868 1638 μὲν
2897 1569 3016 1622 ὅλον
3047 1569 3138 1622 τὸν
3173 1568 3317 1630 νοῦν,
3341 1568 3403 1620 τὸ
3447 1569 3502 1621 δὲ
3535 1569 3648 1621 σῶ-

2061 1679 2138 1731 μα
2173 1663 2312 1732 πρὸς
2355 1662 2455 1733 τὴν
2497 1662 2600 1732 τῆς
2662 1663 2870 1733 φθορᾶς
2897 1660 3172 1732 ἐξοιστροῖ
3198 1662 3420 1732 πρᾶξιν.
3451 1661 3542 1715 Διὸ
3580 1661 3642 1734 δὴ
3705 1660 3710 1667 ’

2058 1753 2153 1806 καὶ
2198 1755 2312 1824 Ἐἰς
2349 1751 2533 1807 ὀδοῦσι
2561 1752 2846 1820 πολλάκις,
2877 1753 2954 1816 ὡς
3002 1754 3069 1823 τῇ
3108 1753 3272 1822 σαρκὶ⁸
3301 1755 3402 1821 τῆς
3441 1751 3640 1824 μίξεως

363 1841 512 1897 hiem
551 1859 661 1914 qua
706 1844 934 1910 ardent,
963 1846 1244 1900 morsibus
1279 1845 1654 1899 manifestam.
1685 1843 1950 1910 Quocirca

2061 1847 2157 1919 τὴν
2191 1846 2398 1901 λύσσαν
2425 1851 2536 1909 τοῖς
2561 1847 2838 1918 δήγμασιν
2871 1847 3080 1918 ἀγρίως
3109 1845 3488 1916 ἐμφαίνοντες.
3519 1845 3640 1899 Τοί-

359 1933 636 1991 abscissos
665 1952 695 1990 a
732 1938 1095 2006 temperantia
1120 1937 1345 1992 laudare
1367 1953 1476 1990 non
1499 1936 1792 1991 convenit:
1823 1935 1954 2006 quia

357 2042 540 2096 neque
557 2042 752 2097 equos,
783 2027 930 2097 quod
961 2028 1225 2082 cornibus
1257 2044 1366 2082 non
1403 2025 1602 2084 feriant
1639 2025 1953 2091 laudamus,

357 2121 456 2176 sed
485 2120 530 2174 si
568 2121 818 2176 calcibus
844 2121 1121 2176 neminem
1149 2119 1316 2192 374
1341 2120 1632 2190 impetaut,
1671 2127 1805 2173 tunc
1832 2117 1954 2172 lau—

355 2212 588 2280 damus;
625 2213 798 2268 boves
825 2228 960 2268 vero
989 2229 1098 2270 non
1129 2220 1464 2281 cornupetas
1508 2208 1954 2269 mansuetudinis

355 2285 537 2376 gratia
567 2307 920 2377 suscipimus.
955 2307 1074 2362 Non
1107 2305 1255 2362 enim
1281 2321 1394 2375 quo
1431 2305 1668 2374 quisque
1710 2317 1822 2357 non
1856 2317 1955 2372 po-

357 2409 485 2463 test,
517 2399 614 2455 sed
649 2416 782 2470 quo,
817 2415 944 2454 eum
983 2399 1178 2468 possit,
1215 2414 1324 2452 non
1367 2397 1432 2452 ad
1461 2397 1720 2466 injuriam
1749 2395 1950 2460 utitur,

355 2491 716 2548 admirationi
767 2491 1024 2548 habetur.
1063 2490 1405 2546 Exscindant
1430 2488 1600 2560 igitur
1640 2487 1732 2544 isti
1783 2488 1950 2542 etiam

355 2585 573 2649 oculos,
611 2585 880 2655 linguam,
903 2598 1119 2641 manus.
1155 2583 1346 2654 pedes,
1381 2589 1439 2636 et
1467 2595 1632 2636 aures
1663 2579 1950 2645 obtureut,

356 2677 586 2752 nequid
633 2678 832 2735 horum
873 2677 969 2732 liat
1007 2676 1220 2748 peccati
1257 2675 1720 2738 instrumentum,
1747 2687 1949 2729 secun-

355 2771 490 2827 dum
518 2771 754 2828 istorum
779 2769 1272 2828 existimationem.

629 2965 1194 3073 QUIESTIO
1274 2967 1663 3055 LXVII.

357 3095 630 3165 Quomodo
661 3096 733 3152 sit
769 3095 1175 3167 intelligendum
1210 3094 1345 3150 illud
1381 3112 1448 3167 ἧς
1487 3094 1666 3167 Videte
1700 3109 1948 3147 ucacan-

395 3187 398 3190 ·
618 3167 861 3223 άαίίεειὶε
894 3165 1060 3222 unum
1091 3183 1155 3222 ea:
1183 3167 1260 3222 his
1285 3165 1490 3238 pusillis
1516 3165 1605 3218 9'?
1638 3185 1656 3214 ι

819 3281 1088 3339 RESPON
1097 3281 1204 3339 SlO
1233 3280 1380 3337 BASI
1392 3281 1498 3336 LII.

429 3375 784 3432 Scandulizat
831 3377 958 3446 quis
1016 3377 1212 3438 alium,
1268 3374 1718 3444 quandocnnque
1786 3373 1954 3429 dictis

357 3469 588 3525 factisve
616 3470 796 3540 legem
827 3468 1021 3529 violat,
1057 3475 1114 3524 et
1137 3467 1392 3536 exemplo
1425 3483 1528 3521 sun
1559 3467 1729 3521 alium
1761 3466 1828 3521 ad
1875 3465 1954 3520 le-

355 3563 440 3631 gis
470 3561 831 3617 violationem
875 3560 1089 3616 inducit
1118 3577 1130 3614 :
1166 3569 1228 3616 ut
1259 3575 1491 3630 serpens
1528 3560 1722 3624 Evam,
1756 3567 1813 3616 et
1839 3559 1952 3615 Eva

355 3653 649 3718 Adamum,
683 3653 768 3708 vel
796 3653 1024 3723 quando
1065 3651 1320 3722 prohibet
1351 3652 1579 3722 exsequi
1611 3652 1952 3707 voluntatem

355 3747 485 3812 Dei;
522 3754 582 3801 ut
620 3746 822 3801 Petrus
854 3746 1184 3809 Dominum,
1215 3745 1438 3816 quando
1477 3744 1618 3799 dixit
1657 3762 1671 3798 :
1701 3745 1951 3813 ePropi-

355 3839 468 3894 tius
515 3847 637 3894 esto
681 3837 804 3903 tibi,
840 3838 1096 3904 Domine,
1136 3853 1248 3893 non
1293 3837 1404 3893 erit
1434 3837 1541 3892 hoc
1574 3835 1752 3891 tibi”.
1788 3857 1806 3888 ι
1847 3835 1950 3894 Cui

357 3944 471 3986 tum
503 3932 713 3988 dictum
748 3941 874 3988 est:
908 3950 926 3984 ι
971 3931 1120 3987 Vade
1152 3939 1280 4002 post
1311 3945 1419 3993 me,
1455 3929 1677 3995 Satana,
1715 3931 1951 3986 scanda-

353 4025 468 4080 lum
503 4040 564 4080 cs
593 4024 752 4090 mihi,
775 4024 908 4096 quia
937 4039 1048 4078 non
1073 4023 1222 4094 sapis
1251 4036 1316 4079 ea
1357 4036 1480 4092 qua:
1515 4021 1609 4076 Dei
1633 4031 1804 4094 sunt,
1853 4023 1948 4079 sed

351 4131 476 4187 qum
530 4116 907 4173 hominum”.
939 4135 960 4168 ι
1001 4115 1095 4172 Vel
1149 4113 1375 4184 quando
1420 4113 1655 4168 :editicat
1701 4113 1948 4179 animum

352 4209 619 4265 imbecilli
651 4211 718 4265 ad
749 4209 959 4280 aliquid
991 4223 1188 4264 eorum
1211 4223 1336 4279 quae
1362 4206 1533 4264 vetita
1561 4215 1721 4270 sunt;
1749 4221 1952 4262 conve—

350 4301 576 4357 nienter
609 4301 686 4356 illi
733 4301 882 4372 quod
936 4301 1206 4371 scriptum
1249 4310 1347 4356 est
1383 4299 1454 4355 ab
1485 4299 1752 4371 Apostolo
1783 4317 1796 4352 :
1836 4319 1855 4348 ι
1891 4299 1950 4355 Si

351 4391 480 4462 quis
506 4390 714 4446 viderit
744 4399 818 4454 te,
869 4390 966 4462 qui
1007 4391 1182 4447 habes
1215 4389 1531 4458 scientiam,
1578 4389 1636 4444 in
1667 4389 1838 4445 idolio
1864 4405 1952 4444 rc-

353 4486 734 4548 cumbeutem,
764 4501 949 4542 nonne
971 4487 1318 4543 conscientia
1347 4487 1492 4558 ejus,
1523 4499 1650 4540 cum
1687 4483 1761 4540 sit
1792 4483 1949 4539 infir-

353 4595 462 4636 ma.
483 4578 857 4635 :adiftcabitur
883 4579 953 4634 ad
984 4579 1432 4636 manducandum
1463 4577 1772 4649 idolothyta
1791 4577 1885 4632 “2
1925 4595 1944 4628 ι

349 4673 568 4740 Quibus
607 4689 737 4730 mox
777 4673 1072 4744 adjungit:
1109 4691 1128 4724 ‹
1169 4671 1524 4743 Quapropter
1547 4670 1592 4726 si
1623 4685 1750 4727 esca
1785 4685 1948 4726 scan-

350 4766 554 4822 dalizat
583 4764 810 4821 fratrem
854 4781 1075 4830 meum,
1129 4779 1239 4820 non
1283 4763 1631 4820 manducabo
1660 4777 1857 4818 carnes
1889 4760 1946 4817 in

348 4867 642 4916 aaternuzn.
673 4871 744 4911 ne
784 4854 1013 4912 fratrem
1045 4870 1229 4911 meum
1249 4853 1618 4909 scandalizem
1636 4851 1703 4909 ’⁷.
1743 4871 1762 4905 ι
1783 4891 1804 4908 .

419 4945 614 5005 Oritur
641 4955 828 5003 autem
863 4947 1186 5004 scandalum
1223 4945 1482 5016 pluribus
1509 4959 1580 5000 ex
1609 4943 1813 5001 causis.
1844 4943 1946 5000 Vel

350 5039 501 5095 extim
528 5040 598 5096 ab
631 5054 701 5094 co
732 5039 829 5110 qui
866 5039 1208 5096 scandalizat
1237 5036 1560 5093 scandalum
1589 5035 1860 5101 nascitur,
1890 5043 1950 5091 et

351 5131 461 5185 hoc
490 5130 662 5186 variis
687 5130 886 5186 modis.
933 5130 1023 5185 Fit
1064 5129 1214 5186 enim
1254 5127 1553 5198 aliquando
1593 5141 1660 5182 ex
1709 5125 1944 5191 malitia.

351 5219 652 5290 aliquando
680 5235 749 5276 ex
772 5219 1048 5290 imperitia
1091 5218 1260 5290 hujus
1288 5218 1375 5272 vel
1411 5215 1584 5272 illius.
1633 5214 1733 5270 Ille
1775 5215 1943 5270 etiam

351 5311 448 5382 qui
497 5311 911 5370 scandalizatur
934 5352 949 5377 ,
982 5311 1208 5382 quando
1251 5325 1443 5365 veram
1492 5319 1551 5366 et
1577 5307 1942 5364 orthodoxam

353 5404 663 5460 doctrinam
689 5405 922 5476 proponi
955 5405 1128 5469 videt.
1149 5403 1378 5460 malitiae
1404 5417 1518 5459 sum
1547 5401 1944 5458 abundantiam

355 5495 644 5553 evidenter
686 5497 1022 5554 manifestat.
1080 5497 1232 5554 Idem
1277 5495 1554 5567 contingit
1607 5494 1666 5550 in
1725 5493 1944 5549 rebus:

351 5589 442 5648 vel
467 5587 618 5646 enim
642 5605 768 5646 cum
815 5589 1079 5648 maudata
1109 5587 1209 5648 Dei
1241 5603 1453 5656 servas,
1480 5597 1580 5644 aut
1611 5586 1702 5644 his
1733 5601 1860 5659 quae
1886 5584 1943 5641 in

352 5775 402 5812 ,τ
501 5704 694 5829 ἒξαεξιιλ-
740 5704 912 5774 ’Ἡηιι
944 5707 1016 5774 θξ
1071 5709 1231 5764 Mare.
1291 5725 1364 5775 lx,
1407 5707 1504 5772 4|;
1543 5707 1680 5764 Luc.
1723 5722 1853 5770 xvu,
1880 5705 1935 5760 Ξ.

436 5793 573 5829 ιυὶι.
647 5795 693 5827 ὓ.

436 5793 573 5831 lhid.
619 5793 693 5829 l0.

2062 1955 2155 1992 νυν
2209 1939 2344 2010 μηδὲ
2384 1940 2478 1992 ἐπὶ
2509 1939 2836 2010 σωφροσύνῃ
2865 1937 3206 1992 ἐπαινεῖσθαι
3229 1938 3495 2008 προσήκει
3513 1938 3639 2000 τοὺς

2059 2030 2546 2101 ἀποκοπτομένους
2570 2031 2640 2086 τὰ
2673 2033 2861 2104 μόρια·
2885 2031 3007 2085 οὐδὲ
3037 2030 3147 2104 γὰρ
3167 2032 3296 2095 τοὺς
3316 2031 3538 2093 ἵππους,
3566 2029 3641 2092 ὡς

2062 2121 2139 2193 μὴ
2189 2122 2580 2194 κερατίζοντας
2636 2121 3002 2193 ἐπαινοῦμεν,
3060 2120 3198 2185 ἀλλ’,
3239 2122 3286 2174 εί
3336 2119 3413 2192 μὴ
3459 2118 3646 2173 λακτίο

2059 2216 2264 2283 ζουσιν,
2292 2215 2656 2286 ὲπαινέσομεν
2677 2230 2690 2244 ⁸
2715 2215 2841 2278 τοὺς
2867 2215 2924 2269 δὲ
2961 2215 3091 2286 βόας
3123 2213 3199 2285 μὴ
3231 2210 3644 2284 κερατίξοντας,

2055 2309 2157 2379 τῆς
2185 2308 2528 2382 ἡμερότητος
2569 2308 2968 2380 ἀποδεξόμεθα.
3003 2307 3078 2362 Οὐ
3118 2307 3228 2378 γὰρ
3265 2307 3324 2358 ἐν
3362 2297 3408 2373 ᾧ
3449 2303 3528 2376 μὴ
3555 2302 3646 2360 δύ-

2056 2419 2239 2467 ναται,
2271 2400 2390 2454 ἀλλ’
2420 2401 2478 2456 ὲν
2504 2393 2548 2471 ᾧ
2584 2400 2906 2472 δυνάμενος,
2938 2401 3041 2455 οὐκ
3075 2401 3154 2464 είς
3192 2397 3410 2454 ἀδικίαν
3443 2396 3650 2470 κεχρῆο

2058 2495 2206 2562 σθαι,
2233 2497 2563 2550 ἐπαινεῖται.
2603 2494 3033 2565 Ἐκκοψάτωσαν
3057 2489 3152 2548 οὖν
3181 2493 3272 2548 κα⁶ι
3295 2495 3424 2554 τοὺς
3445 2489 3648 2560 ὀφθαλο

2058 2587 2214 2658 μους,
2245 2586 2339 2640 καὶ
2388 2586 2489 2657 τὴν
2517 2587 2774 2654 γλῶσσαν
2798 2626 2814 2651 ,
2851 2585 3041 2658 χεῖράς
3069 2602 3152 2648 τε,
3187 2583 3284 2639 καὶ⁸
3337 2583 3526 2648 πόδας,
3551 2581 3648 2636 καὶ

2055 2679 2153 2748 τὴν
2183 2679 2351 2750 ἀκοὴν
2377 2678 2822 2743 ἐπιϐυσάτωσαν,
2857 2679 2944 2734 ἵνα
2977 2677 3152 2750 μηδὲν
3181 2675 3388 2731 τούτων
3413 2675 3658 2746 ὄργανονι
3707 2721 3722 2734 .

2053 2770 2328 2846 ἁμαρτίας
2369 2771 2617 2844 γένηται,
2657 2769 2800 2828 κατὰ
2831 2769 2930 2843 τὴν
2969 2769 3154 2827 αὐτῶν
3183 2769 3464 2826 ὑπόνοιαν.

2441 2986 2974 3074 ΕΡΩΤΗΣΙΣ
3039 2975 3224 3072 ΞΖἸ

2053 3104 2186 3173 Πῶς
2234 3103 2490 3190 νοητεξρν
2537 3105 2641 3184 to”
2681 3123 2700 3155 ι
2767 3103 2966 3186 Ὁρᾶτε
2990 3145 3005 3168 ,
3055 3104 3139 3190 μὴ
3181 3100 3640 3171 σκανδαλίσητσ

2393 3175 2504 3230 ἕνα
2533 3175 2652 3230 τῶν
2684 3175 2922 3246 μικρῶν
2964 3175 3235 3238 τούτων;
3274 3191 3296 3226 ι

2451 3289 2828 3346 ΑΠΟΚΡΙΣΙΣ
2859 3287 3250 3342 ΒΑΣΙΛΕΙΟΥ.

2131 3383 2492 3448 Σκανδα).ίζει
2523 3386 2620 3454 μέν
2642 3401 2730 3446 τις
2745 3382 3091 3462 παρανομῶν
3115 3381 3283 3450 λόγῳ,
3307 3378 3340 3451 ἦ
3361 3379 3526 3450 ἔργῳ,
3549 3378 3644 3431 καὶ

2061 3479 2249 3550 ἓτερον
2297 3477 2438 3548 προς
2485 3465 2721 3547 ἀνομίαν
2752 3477 2986 3542 ἐνάγων,
3031 3474 3108 3538 ὼς
3139 3476 3168 3528 ὁ
3200 3473 3324 3540 ὄφις
3351 3471 3446 3540 τὴν
3476 3469 3640 3532 Εὔαν,

2061 3569 2156 3620 καὶ
2185 3569 2218 3638 ἡ
2251 3567 2366 3622 Εὔα
2391 3566 2484 3620 τὸν
2517 3566 2710 3637 Ἀδὰμ,
2745 3565 2778 3636 ἢ
2812 3564 3040 3620 κωλύων
3075 3567 3302 3635 ποιῆσαι
3330 3563 3392 3616 τδ
3429 3561 3644 3631 θέλημα

2061 3659 2154 3714 τοῦ
2187 3658 2347 3726 Θεοῦ,
2373 3657 2449 3720 ὠς
2477 3658 2507 3710 ὁ
2539 3658 2748 3728 Πέτρος
2783 3656 2874 3711 τὸν
2903 3655 3132 3728 Κύριον,
3163 3654 3334 3710 εἰπών
3357 3669 3370 3684 '
3401 3672 3422 3706 ι
3458 3653 3646 3716 Ἵλεώς

2063 3771 2166 3816 σοι,
2207 3751 2404 3822 Κύριε,
2443 3751 2506 3804 οὐ
2557 3749 2634 3824 μὴ
2678 3749 2833 3803 ἔσται
2873 3766 2957 3803 σοι
2995 3747 3176 3802 τοῦτο.
3221 3765 3241 3801 ι
3285 3745 3394 3800 Καὶ
3433 3744 3644 3802 ἀκούει,

2068 3847 2318 3913 «Ὕπαγε
2343 3843 2520 3896 ὀπίσω
2545 3859 2646 3912 μου
2671 3842 2906 3903 Σατανᾶ,
2928 3839 3225 3894 σκάνδαλον
3261 3855 3364 3909 μου
3387 3831 3458 3891 εἷ’
3483 3837 3564 3890 ὅτι
3585 3835 3644 3889 οἱ

2061 3940 2278 4008 φρονεῖς
2313 3934 2382 3988 τὰ
2409 3933 2504 3989 τοῦ
2533 3933 2692 4000 Θεοῦ,
2730 3933 2867 3987 ἀλλὰ
2897 3931 3112 3986 τὰτῶν
3153 3930 3478 4002 ἀνθρώπων.
3517 3946 3538 3979 ι
3575 3919 3648 3981 ’Ἦ

2060 4027 2362 4099 οἰκοδομῶν
2392 4027 2456 4080 τὸ
2489 4026 2746 4098 φρόνημα
2770 4023 2866 4079 τοῦ
2916 4023 3298 4088 ἀσθενοῦντος,
3329 4021 3414 4086 είς
3453 4039 3508 4074 τι
3539 4019 3646 4074 τῶν

2061 4116 2554 4189 ἀπηγορευμένων,
2585 4114 2662 4178 ὡς
2697 4115 2864 4184 φησιν
2890 4115 2918 4167 ὁ
2955 4103 3302 4174 ’Λπύᾰτολος
3334 4129 3356 4162 ι
3405 4109 3532 4162 Ἐάν
3561 4123 3645 4170 τις

2063 4212 2146 4282 ἴδῃ
2175 4227 2234 4262 σε
2257 4209 2352 4262 τὸν
2383 4208 2576 4278 ἔχοντα
2608 4206 2810 4274 γνῶσιν
2844 4205 2903 4258 ὲν
2933 4202 3188 4274 είδωλείῳ
3224 4200 3642 4270 κατακείμενον.

2059 4303 2234 4374 οὐχὶή
2267 4300 2576 4370 συνείδησις
2603 4297 2770 4352 αὐτοῦ
2809 4295 3075 4359 ἀσθενοῦς
3103 4294 3254 4358 δντος
3280 4291 3640 4362 οἰκοδομηθή-

2062 4412 2220 4450 σεται
2249 4395 2330 4457 είς
2357 4392 2420 4446 τὸ
2457 4391 2528 4445 τὰ
2553 4388 2882 4444 εἰδωλόθυτα
2923 4386 3164 4453 ὲσθίεινς
3193 4405 3212 4436 ι
3268 4385 3358 4438 Ἐν
3385 4377 3468 4446 οἷς
3506 4381 3644 4436 Emi-

2059 4505 2148 4557 γει
2175 4505 2188 4518 ·
2227 4507 2246 4538 ι
2285 4485 2506 4555 Διόπερ,
2537 4484 2586 4536 εἰ
2619 4480 2818 4552 βρῶμα
2869 4476 3219 4542 σκανδαλίζει
3262 4475 3356 4529 τὸν
3418 4471 3648 4540 ἀδελφόν

2063 4600 2188 4654 μου,
2217 4581 2280 4633 οὐ
2313 4579 2389 4650 μὴ
2435 4577 2596 4648 φάγω
2633 4575 2774 4646 κρέα
2817 4575 2899 4637 είς
2931 4571 3022 4627 τὸν
3072 4569 3269 4633 αἰῶνα,
3313 4569 3401 4642 ἵνα
3446 4565 3522 4638 μὴ
3553 4563 3646 4619 τὸν

2057 4671 2287 4741 ἀδελφόν
2323 4688 2426 4740 μου
2450 4659 2812 4724 σκανδαλίσω.
2851 4685 2871 4719 ι

2129 4937 2346 4992 Γίνεται
2375 4933 2435 4990 δὲ
2467 4933 2529 4988 τδ
2561 4931 2858 4987 σκάνδαλον
2887 4929 3030 4986 κατὰ
3059 4928 3310 4990 πλείονας
3339 4925 3537 4988 αἰτίας.
3574 4923 3641 4976 Ἦ

2056 5031 2165 5101 γὰρ
2191 5029 2340 5100 παρὰ
2365 5027 2462 5080 τὸν
2491 5025 2919 5088 σκανδαλίζοντα
2939 5025 2999 5076 τὸ
3024 5017 3472 5086 σκανδαλίζεσθαι
3505 5033 3642 5085 συμ-

2055 5125 2256 5185 ϐαίνει,
2281 5123 2376 5178 καὶ
2401 5123 2462 5177 ὲν
2483 5120 2696 5184 τούτοις
2725 5119 2887 5174 πάλιν
2914 5118 3213 5188 διαφόρως.
3246 5113 3382 5168 "ore
3411 5113 3509 5183 μὲν
3533 5109 3642 5179 γὰρ

2055 5215 2199 5270 κατὰ
2231 5213 2467 5274 κακίαν,
2517 5210 2649 5264 ποτὶ
2693 5209 2748 5263 δὲ
2785 5207 2931 5262 κατὰ
2978 5207 3258 5276 ἀπειρίαν,
3291 5203 3325 5274 ἢ
3366 5203 3576 5259 τούτου.
3607 5199 3640 5271 ἢ

2054 5307 2290 5361 ἐκείνου.
2323 5305 2484 5357 Ἐστι
2511 5301 2556 5355 δ’
2585 5301 2676 5356 ὅτε
2723 5303 2783 5354 ἐν
2819 5302 2886 5370 τῇ
2916 5297 3214 5370 ὀρθοτομίᾳ
3255 5295 3350 5348 τοῦ
3393 5293 3576 5360 λόγου.
3610 5291 3642 5360 ἡ

2055 5397 2168 5452 τῶν
2212 5393 2760 5464 σκινδαλιζομένων,
2803 5391 2972 5446 κακία
3027 5387 3360 5460 ἑκδηλοτὲρα
3409 5384 3668 5462 γίνεται..

2055 5490 2168 5546 Καὶ
2205 5491 2265 5542 ἐν
2303 5489 2417 5550 τοῖς
2467 5486 2760 5556 πράγμασι
2809 5484 2852 5539 δ’
2884 5481 3118 5552 ὁμοίως·
3174 5479 3206 5550 ἢ
3260 5479 3370 5548 γὰρ
3422 5473 3642 5544 ἐντολὴν

2057 5581 2195 5638 Θεοῦ
2233 5579 2548 5646 ποιοῦντος,
2594 5577 2628 5648 ἦ
2679 5579 2794 5640 τοῖς
2847 5577 2907 5630 ὲν
2957 5572 3178 5644 ἐξουσίᾳ
3225 5569 3502 5642 κειμένοις
3555 5565 3640 5620 ἐπ’

2039 5703 2085 5736 ⁵³
2117 5702 2306 5760 ἓῖοηιι.
2349 5718 2459 5768 xw,
2511 5700 2602 5756 2‘2.
2679 5701 2724 5731 “
2759 5695 2897 5756 ibid.
2933 5693 3025 5752 εδ.
3093 5693 3140 5726 ⁸⁵
3169 5691 3190 5750 ι
3215 5691 3344 5749 Cor.
3385 5705 3501 5754 vm,
3555 5685 3640 5742 ιο.

1673 5847 1903 5901 ἬιΓὲἶῖ
1951 5841 2354 5899 ῐ.ί⁷(,Τ.ἱιῖ”ἷί.Ξ.

871 5941 897 5960 Ι

435 5944 460 5976 ⁸
482 5939 579 6001 ὡς.
