4056 6422
475 387 588 453 699

1676 396 1737 455 S.
1780 396 1879 455 AN
1887 395 2174 456 ASTASIl
2219 397 2542 459 SINAITzﬁ

3627 399 3755 460 700"

476 504 631 557 ciunt
676 499 848 556 illud:
879 499 1091 559 «Hodie
1132 520 1347 561 meeum
1396 503 1510 561 eris
1549 503 1604 560 in
1639 505 1973 576 paradiso",
2027 527 2046 561 ι

2154 507 2235 572 τὸ,
2264 525 2282 559 ι
2326 509 2579 580 Σήμερον
2635 506 2914 579 μετ’ἰμοῦ
2960 505 3060 580 ἔσῃ
3112 507 3168 560 ἐν
3214 505 3290 576 τῷ
3324 507 3670 577 παραδείσῳ,
3711 520 3736 555 ι

475 592 726 649 dicentes
762 593 910 664 quod
948 594 1067 652 sine
1108 596 1437 667 corporibus
1459 597 1655 654 anima:
1677 599 2058 669 recipiuntre-

476 685 917 741 tnunerationes.
940 685 1227 757 Ingressus
1241 696 1326 744 est
1350 691 1522 752 enim,
1537 688 1813 758 inquiunt,
1836 690 1977 746 latro
1998 692 2055 746 in

477 774 936 842 paradisum,non
958 793 1082 833 cum
1115 794 1367 851 corpore.
1387 780 1543 837 Unde
1584 782 1806 851 planum
1837 783 1910 837 sit
1944 799 2056 839 non

474 877 597 919 esse
653 866 1349 939 resurrectionem,quasi
1406 871 1583 925 sancti
1648 871 2054 928 beatitudinem

472 969 583 1011 non
640 972 1055 1031 consequantur
1099 975 1227 1019 ante
1282 980 1634 1020 communem
1689 965 2056 1020 resurrectio-

473 1061 621 1101 nem.
672 1050 755 1103 An
792 1066 925 1105 vero
972 1053 1192 1121 quando
1241 1054 1533 1123 oportebat
1560 1055 1782 1125 quidem
1814 1066 2051 1121 certare,

472 1138 598 1207 plus
634 1139 855 1195 sudoris
892 1144 1103 1212 accepit
1136 1159 1336 1214 corpus
1363 1162 1377 1199 :
1404 1146 1627 1215 quando
1668 1155 1853 1201 autem
1909 1157 2053 1202 tem-

472 1242 579 1294 pus
616 1237 701 1283 est
755 1244 1122 1299 coronarum,
1154 1236 1268 1289 sola
1312 1245 1612 1291 coronatur
1657 1237 1882 1293 anima?
1928 1239 2052 1293 Non

472 1318 635 1373 audis
682 1320 916 1376 Paulum
965 1323 1241 1380 dicentem
1277 1344 1290 1379 :
1328 1346 1344 1378 ι
1382 1327 1611 1398 Oportet
1640 1345 1742 1384 nos
1773 1330 1891 1385 sisti
1922 1338 2051 1386 ante

472 1408 712 1465 tribunal
765 1411 1021 1479 Christi,
1077 1423 1137 1469 ut
1189 1416 1391 1473 referat
1448 1419 1862 1489 unusquisque,
1928 1437 2053 1490 qua:

468 1503 638 1571 gessit
663 1517 761 1573 per
794 1518 997 1575 corpus
1012 1506 1089 1558 ’⁷)
1116 1507 1248 1574 (52).
1273 1509 1348 1563 De
1370 1524 1438 1563 eo
1460 1523 1593 1579 ergo
1617 1509 1766 1580 quod
1799 1510 2049 1566 futurum

466 1596 553 1643 est
591 1589 799 1661 absque
851 1592 962 1648 ulla
1014 1595 1453 1652 contradictione
1497 1597 1636 1653 dixit
1672 1599 1938 1655 Dominus
1967 1601 2049 1656 la-

468 1680 615 1734 troni
652 1698 665 1734 :
706 1700 724 1734 ι
767 1682 943 1738 Hodie
999 1700 1216 1740 mecum
1246 1688 1359 1741 eris
1398 1687 1456 1741 in
1502 1687 1799 1757 paradiso;
1846 1708 1864 1742 ι
1905 1691 2050 1746 sicut

466 1772 632 1826 etiam
663 1772 799 1828 dicit
830 1774 960 1829 alibi
1001 1791 1015 1828 :
1065 1794 1084 1827 ι
1112 1774 1215 1842 Qui
1251 1791 1361 1833 non
1395 1777 1572 1832 credit
1596 1778 1653 1833 in
1676 1779 1875 1834 Filium
1895 1819 1909 1843 ,
1936 1782 2046 1852 jam

460 1864 740 1934 Ῑιιίιίοιιιιιε
791 1873 878 1921 est
903 1868 970 1922 ".
1008 1886 1027 1919 ι
1063 1867 1229 1944 Atqui
1274 1868 1519 1923 nondum
1557 1877 1642 1924 est
1689 1871 2053 1935 resurrectio,

465 1969 647 2024 neque
676 1956 934 2025 punitio;
972 1958 1252 2028 quomodo
1296 1974 1428 2029 ergo
1450 1961 1563 2032 jam
1607 1970 1693 2016 est
1722 1962 2046 2033 judicatus?

460 2046 702 2104 Omnino
741 2065 843 2120 per
869 2059 1181 2121 peccatum.
1220 2053 1282 2108 Et
1318 2068 1513 2109 rursus
1542 2070 1556 2108 :
1591 2072 1610 2106 ι
1649 2052 1753 2121 Qui
1789 2055 1968 2113 credit
1990 2058 2044 2112 in

464 2140 686 2207 Filium,
719 2142 938 2197 transiit
973 2158 1005 2217 ᾳ
1046 2152 1223 2199 morte
1257 2144 1325 2199 ad
1362 2146 1533 2200 vitam
1567 2147 1630 2200 ".
1679 2165 1698 2198 ι
1734 2147 1854 2203 Non
1886 2148 2043 2215 dixit,

462 2230 752 2297 transibit,
783 2232 880 2287 sed
906 2235 1140 2299 transiit,
1174 2233 1243 2289 de
1295 2236 1364 2289 iis
1411 2251 1534 2306 qua:
1579 2235 1702 2292 sine
1761 2238 2046 2293 contradi-

462 2321 648 2376 ctione
671 2332 937 2378 eventura
967 2334 1097 2379 sunt
1125 2309 1385 2395 tanquam
1414 2327 1484 2382 de
1509 2329 1620 2398 jam
1657 2328 1817 2385 factis
1866 2330 2049 2400 loqui-

465 2422 577 2467 tur.
604 2413 683 2469 lta
713 2416 881 2470 etiam
913 2417 1167 2486 praedixit
1214 2419 1414 2475 latroni
1462 2420 1613 2490 quod
1660 2422 1888 2476 omnino
1927 2431 2048 2478 erat

463 2504 732 2561 futurum.
758 2507 975 2562 Etenim
1029 2509 1229 2565 medici
1276 2510 1498 2580 quando
1537 2512 1781 2567 viderint
1808 2514 2047 2583 aliquem

466 2597 836 2668 deploratum,
870 2599 1064 2654 dicunt
1126 2616 1250 2655 eum
1300 2604 1411 2672 jam
1464 2618 1591 2659 esse
1645 2615 2049 2671 mortuum,et

467 2703 588 2743 esse
629 2688 1033 2757 cadaver,licet
1080 2708 1207 2747 eum
1245 2693 1671 2751 videantadhuc
1699 2697 1997 2766 spirantem
2028 2715 2044 2764 ;

467 2787 524 2835 et
544 2782 821 2851 quomodo
851 2783 942 2839 ille
972 2800 1080 2837 non
1113 2784 1278 2842 habet
1300 2801 1450 2855 spem
1480 2786 1695 2851 salutis,
1721 2797 1777 2842 et
1796 2798 2050 2844 mortuus

465 2879 552 2927 est
578 2872 831 2940 medicis,
872 2874 948 2929 ita
975 2875 1143 2929 etiam
1171 2876 1311 2931 latro
1332 2918 1346 2942 ,
1377 2878 1639 2947 quoniam
1673 2894 1784 2935 non
1815 2881 2051 2951 amplius

467 2966 822 3034 exspectabat
922 2969 1163 3024 reditum
1247 2969 1315 3025 ad
1397 2971 1706 3039 interitum,
1768 2973 2050 3044 ingressus

465 3067 554 3113 est
604 3061 922 3130 paradisum
983 3067 1261 3120 sententia
1324 3066 1526 3136 (55),
1589 3083 1699 3122 non
1758 3069 2051 3137 experien-

470 3152 565 3205 tia.
599 3152 676 3207 lta
735 3155 903 3209 etiam
962 3154 1137 3212 Adam
1196 3157 1406 3212 audivit
1434 3176 1447 3212 :
1480 3179 1498 3210 ι
1531 3157 1651 3225 Quo
1673 3160 1761 3215 die
1789 3160 2049 3216 comede-

2162 599 2560 669 προϐάλλονται
2592 639 2607 665 ,
2644 598 2893 668 λέγοντες
2922 598 3004 652 ὅτι
3057 597 3180 669 δίχα
3228 597 3336 651 τῶν
3384 598 3653 667 σωμάτων
3681 598 3741 651 αι

2156 690 2326 760 ψυχαὶ
2378 690 2829 761 ἀπολαμϐάνουσι
2883 691 2986 754 τὰς
3033 688 3293 760 ἀμοιϐάς.
3320 688 3554 759 Εἰσῆλθε
3589 689 3740 760 γὰρ,

2159 764 2347 853 φησὶν,
2374 785 2400 837 ὁ
2430 782 2632 854 λῃστὴς
2666 786 2746 847 εἰς
2771 783 2861 837 τὸν
2892 782 3248 853 παράδεισον,
3280 782 3341 834 ού
3377 781 3517 850 μετὰ
3549 779 3745 851 σῶμα·

2155 889 2269 936 τος,
2310 874 2405 927 καὶ
2459 874 2637 943 δῆλον,
2664 873 2738 937 ὡς
2773 873 3040 943 σωμάτων
3085 872 3381 935 ἀνάστασις
3422 873 3525 925 οὐκ
3564 872 3742 927 ἔστιν.

2156 962 2313 1028 Εἶτα,
2348 967 2479 1019 ὅταν
2512 964 2525 1003 ι
2557 965 2657 1036 μὲν
2684 963 3050 1029 ἀγωνίζεσθαι
3076 963 3207 1025 ἔδει,
3233 961 3295 1016 τδ
3322 963 3485 1016 πλέον
3515 962 3744 1027 ὲδέξατυ

2155 1054 2263 1107 τῶν
2323 1054 2565 1126 ἱδρώτων
2616 1054 2677 1107 τὺ
2731 1053 2895 1123 σῶμα
2924 1070 2937 1085 ·
2972 1046 3061 1106 ὅτε
3091 1053 3147 1106 δὲ
3185 1054 3470 1120 στεφάνων
3520 1055 3735 1122 καιρὸς,

2156 1147 2292 1216 μόνη
2325 1147 2471 1217 ψυχὴ
2514 1145 2876 1214 στεφανοῦται
2904 1162 2921 1212 ;
2972 1146 3090 1199 Οὐκ
3144 1143 3365 1206 ἀκούεις
3399 1143 3491 1197 τοῦ
3525 1145 3739 1197 Παύλου

2153 1238 2427 1306 λέγοντος,
2457 1240 2537 1291 ἔτι
2574 1258 2592 1290 ι
2632 1237 2987 1309 Παραστῆναι
3016 1237 3163 1306 ἡμᾶς
3186 1237 3269 1289 δεῖ
3291 1234 3370 1305 τῷ
3401 1235 3607 1306 βήματι
3639 1234 3734 1288 τοῦ

2151 1330 2414 1401 Χριστοῦ,
2457 1350 2478 1383 ι
2522 1331 2610 1383 ἵνα
2656 1330 2955 1402 κομίσηται
3007 1329 3241 1391 ἕκαστος
3308 1328 3375 1380 τὰ
3424 1327 3513 1381 διὰ
3550 1340 3593 1367 ιιι
3642 1325 3738 1380 τοῦ

2154 1420 2443 1491 σώματος;
2471 1423 2587 1476 καίο
2615 1425 2706 1475 Δεῖ
2720 1422 2781 1475 τὸ
2815 1420 3009 1491 θνητὸν
3040 1418 3199 1473 τοῦτο
3240 1416 3568 1472 ἐνδύσασθαι
3600 1418 3738 1471 ἀθα-

2153 1513 2341 1568 νασίαν
2360 1532 2375 1580 ;
2391 1513 2626 1569 »Οὐκοῦν
2650 1503 2776 1585 περὶ
2796 1511 2889 1566 τοῦ
2914 1513 3254 1583 ἀντιρρήτως
3281 1509 3566 1580 μέλλοντος
3592 1509 3737 1577 γίνε-

2152 1604 2296 1669 σθαι,
2325 1600 2478 1658 εἶπεν
2534 1606 2563 1658 ὁ
2617 1606 2823 1674 Κύριος
2881 1604 2959 1674 τῷ
3007 1602 3217 1673 λῃστῇ·
3259 1620 3276 1652 ι
3316 1601 3567 1671 Σήμερον
3616 1599 3739 1671 μετ’

2150 1699 2286 1770 ἐμοῦ
2321 1698 2420 1770 ἔσῃ
2449 1700 2507 1751 ἐν
2550 1696 2628 1769 τῷ
2683 1697 2997 1771 παραδείσῳ
3023 1712 3036 1727 ο
3083 1715 3102 1747 ι
3139 1693 3325 1757 καθὼς
3367 1695 3461 1746 καὶ
3497 1692 3734 1763 ἀλλαχοῦ

2153 1807 2316 1860 φησιν
2343 1807 2356 1821 ·
2392 1810 2410 1842 ι
2452 1789 2511 1842 '(l
2544 1789 2824 1843 πιστεύων
2859 1791 2940 1853 εἰς
2964 1790 3054 1843 τὸν
3079 1787 3231 1852 Υἱδν,
3265 1787 3366 1873 ήδη
3394 1786 3659 1856 κέκριται.
3706 1805 3728 1837 ι

2095 1873 2131 1925 Β
2164 1883 2351 1935 Καίτοι
2387 1881 2540 1935 οὕπω
2561 1882 2880 1947 ἀνάστασις,
2915 1880 3036 1933 οὐδὲ
3071 1880 3314 1945 κόλασις,
3355 1878 3468 1941 πῶς
3491 1874 3585 1931 οὖν
3624 1878 3730 1949 ἤδη

2149 1972 2445 2044 κέκριταις
2487 1971 2622 2025 ’Δπδ
2668 1975 2767 2043 τῆς
2799 1972 3076 2044 ἁμαρτίας
3099 1972 3339 2033 πάντως.
3362 1970 3472 2024 Καὶ
3511 1970 3673 2023 πάλιν
3710 1985 3726 1999 ο

2155 2081 2172 2113 ι
2196 2063 2255 2116 Ὀ
2283 2062 2557 2116 πιστεύων
2578 2065 2658 2126 είς
2688 2061 2780 2115 τὸν
2807 2062 2934 2116 Υίδν
2968 2060 3341 2133 μεταϐέϐηκεν
3363 2063 3425 2113 ὲκ
3451 2059 3543 2112 τοῦ
3566 2058 3738 2112 θανά-

2147 2171 2239 2207 του
2291 2155 2371 2218 εἰς
2427 2153 2524 2225 τὴν
2583 2152 2751 2223 ζωήν.
2787 2174 2805 2207 ι
2837 2154 2946 2207 Καὶ
2993 2155 3093 2206 οὐκ
3138 2149 3258 2206 εἷπε
3284 2193 3299 2216 ,
3340 2151 3737 2222 μεταϐήσεται,

2146 2244 2281 2297 ἀλλὰ
2308 2246 2733 2313 μεταϐέϐηκεν,
2761 2245 2870 2297 τῶν
2910 2243 3213 2315 μελλόντων
3248 2242 3596 2314 ἀντιρῤἡτως
3626 2243 3729 2293 ὲκ-

2149 2337 2427 2405 ϐήσεσθαι,
2461 2338 2537 2401 ὡς
2576 2338 2983 2408 γεγενημένων,
3024 2335 3189 2405 λέγει.
3224 2336 3382 2389 Οὕτω
3408 2337 3502 2386 καὶ
3531 2333 3611 2403 τῷ
3635 2334 3726 2403 λῃο

2150 2430 2248 2498 στῇ
2271 2430 2502 2497 προεῖπε
2523 2429 2585 2481 τὸ
2608 2428 2826 2491 πάντως
2844 2428 3120 2497 ἐσόμενον.
3158 2424 3263 2479 Καὶ
3290 2427 3399 2495 γὰρ
3416 2424 3514 2477 καὶ
3534 2424 3733 2493 ἰατροὶ,

2147 2519 2287 2571 ἐπὰν
2329 2518 2481 2572 ἴδωσί
2537 2535 2660 2573 τινα
2713 2517 3142 2588 ἀπεγνωσμένον
3167 2557 3184 2582 ,
3250 2514 3504 2584 λέγουσιν
3540 2553 3557 2576 ,
3590 2513 3730 2583 Ἤδη

2148 2610 2431 2681 τέθνηκεν,
2466 2610 2561 2663 καὶ
2607 2610 2802 2680 νεκρός
2857 2610 3015 2673 ἔστι,
3045 2607 3224 2662 καίτοι
3285 2604 3592 2676 ἐμπνέοντα
3649 2603 3731 2657 ἔτι

2153 2701 2444 2771 βλέποντες
2471 2718 2484 2732 ·
2523 2701 2620 2754 καὶ
2644 2699 2836 2769 ὥσπερ
2865 2699 3074 2762 ἐκεῖνος
3107 2695 3385 2767 σωτηρίας
3413 2694 3604 2748 ἐλπίδα
3628 2692 3734 2746 οὐκ

2151 2796 2283 2864 ἔχει,
2313 2795 2407 2847 καὶ
2452 2794 2680 2862 τέθνηκε
2714 2794 2829 2855 τοῖς
2871 2792 3101 2860 ἰατροῖς,
3132 2788 3275 2843 οὕτω
3308 2789 3401 2841 καὶ
3437 2788 3467 2840 6
3510 2782 3729 2858 λῃστὴς,

2151 2887 2337 2955 ἐπειδὴ
2402 2884 2731 2956 προσδοκίαν
2782 2883 2966 2937 οὐκέτι
3008 2877 3153 2951 εἶχεν
3198 2877 3552 2949 ὑποστροφῆς
3594 2875 3735 2947 πρὸς

2153 2978 2449 3039 ἀπώλειαν,
2486 2975 2837 3045 εἰσελήλυθεν
2887 2975 2967 3038 εἰς
3007 2974 3100 3026 τὸν
3140 2972 3469 3044 παράδεισον
3502 2972 3567 3040 τῇ
3595 2971 3736 3023 ἀπο-

2152 3071 2337 3139 φάσει,
2360 3070 2419 3122 οὕ
2468 3070 2536 3139 τῇ
2576 3068 2763 3139 πείρᾳ.
2819 3065 2979 3119 Οὕτω
3039 3065 3135 3118 καὶ
3191 3066 3219 3118 ὁ
3261 3063 3433 3132 ’Δδὰμ
3475 3063 3732 3133 ἤκουσεν,

2159 3180 2177 3213 ι
2217 3156 2295 3233 ’ᾙ
2321 3160 2365 3214 δ’
2402 3160 2467 3213 ἂν
2511 3159 2699 3231 ἡμέρᾳ
2749 3157 2963 3228 φάγητε
3008 3156 3115 3210 ἀπὸ
3154 3153 3247 3208 τοῦ
3311 3153 3490 3219 ξύλου,
3518 3151 3741 3221 θανάτῳ

468 3244 595 3301 ritis
617 3262 682 3301 ex
712 3247 887 3318 ligno,
920 3257 1101 3305 morte
1144 3250 1456 3305 moriemini
1486 3252 1551 3306 '°.
1588 3269 1607 3303 ι
1640 3252 1783 3319 Quid
1835 3252 2049 3322 igitur?

2153 3219 2600 3302 ἀποθανεῖσθε...»
2630 3219 2772 3301 ιὈτι-
2793 3219 2899 3302 οὕνυ
2926 3247 3065 3315 αὐτῇ
3100 3248 3164 3314 τῇ
3197 3244 3383 3315 ἡμέρᾳ
3431 3219 3737 3311 τέθνηκενής

464 3336 741 3401 Οοιιιεᾱίι;
769 3348 826 3396 et
853 3350 1105 3397 mortuus
1131 3344 1261 3397 est?
1293 3343 1651 3413 Nequaquam
1679 3360 1695 3409 ;
1737 3343 1873 3397 vixit
1902 3343 2050 3398 enim

465 3446 642 3486 annos
692 3442 1001 3504 nongentos
1092 3444 1147 3490 et
1214 3437 1431 3506 triginta
1484 3444 1607 3506 post
1664 3435 1816 3490 illum
1881 3437 2048 3490 diem.

464 3522 758 3590 Quomodo
776 3542 909 3597 ergo
935 3526 1240 3583 dixitDeus
1271 3546 1284 3581 :
1321 3547 1338 3578 ι
1384 3528 1506 3597 Ipso
1527 3528 1617 3583 die
1655 3528 2043 3582 moriemini?»

466 3619 764 3680 sententia,
798 3635 913 3675 non
937 3620 1313 3691 experientia.
1338 3621 1417 3675 lta
1449 3620 1583 3675 mihi
1625 3618 1871 3691 iu‘tcllige
1901 3628 1956 3674 et
1982 3619 2051 3674 de

465 3709 706 3777 latrone,
733 3720 1029 3782 propterea
1059 3714 1205 3783 quod
1245 3714 1491 3767 nondum
1522 3722 1607 3768 est
1656 3722 1873 3782 tempus
1922 3727 2054 3782 ope-

467 3819 591 3859 rum
650 3807 1139 3862 remunerationis.
1190 3807 1336 3861 Dicit
1401 3806 1551 3860 enim
1624 3806 1922 3875 Apostolus
1982 3804 2051 3859 de

460 3896 674 3968 justis:
715 3917 735 3950 ι
775 3899 844 3954 Ει
892 3899 948 3954 bi
999 3915 1194 3955 omnes
1252 3898 1569 3954 testimonio
1631 3897 1757 3952 fidei
1808 3897 2048 3967 probati,

465 4004 575 4044 non
637 4000 971 4059 acceperunt
1028 3991 1536 4062 repromissionem,
1570 3984 1683 4044 Deo
1734 4005 1834 4060 pro
1886 3989 2051 4043 nobis

463 4080 666 4141 melius
699 4080 904 4151 aliquid
931 4083 1255 4153 providente
1277 4126 1290 4148 ,
1320 4091 1381 4136 ut
1414 4097 1524 4137 non
1571 4081 1688 4135 sine
1724 4080 1886 4139 nobis
1921 4096 2051 4135 con-

462 4181 878 4227 summarentur
908 4172 976 4225 ³³.
1015 4191 1033 4224 ι

755 4283 835 4339 Ea:
854 4284 1097 4355 Theologi
1111 4285 1351 4338 oratione
1373 4287 1423 4338 in
1450 4283 1764 4339 Cwsarium.

536 4374 669 4429 Post
719 4374 885 4430 etiam
930 4374 1232 4444 aliquanto,
1276 4390 1399 4429 cum
1456 4382 1743 4443 cognatam
1805 4387 2049 4435 carnem,

462 4479 593 4520 cum
624 4479 731 4534 qua
761 4464 829 4519 de
851 4464 1056 4519 divinis
1082 4464 1464 4535 philoSOpliata
1485 4475 1588 4527 est,
1621 4471 1812 4517 aterra
1836 4477 1957 4531 qum
1995 4455 2052 4516 et

2152 3337 2427 3406 δύδαμῶς.
2460 3336 2663 3406 Ἐζησε
2687 3340 2797 3407 γὰρ
2824 3336 2920 3406 ἐτη
2945 3335 3241 3403 τριάκοντα
3268 3334 3363 3387 καί
3395 3330 3680 3385 ἐννακόσια
3713 3370 3734 3395 ,

2156 3429 2296 3500 μετά
2324 3429 2423 3500 τὴν
2451 3429 2664 3499 ἡμέραν
2686 3430 2919 3497 ἐκείνην.
2956 3427 3081 3490 Πῶς
3105 3422 3199 3480 οὖν
3225 3424 3378 3478 εἶπεν
3407 3428 3435 3478 ὁ
3463 3423 3615 3486 Θεὸς,
3644 3424 3734 3476 δτι

2158 3538 2177 3570 ι
2217 3521 2362 3589 Δι’)τῇ
2415 3522 2482 3589 τῇ
2528 3519 2711 3589 ἡμέρᾳ
2742 3517 3142 3581 ἀποθανεῖσθες
3185 3535 3206 3567 ο
3240 3519 3304 3585 τῇ
3336 3514 3627 3581 ἀποφάσει,
3666 3513 3734 3565 οὕ

2152 3614 2219 3680 τῇ
2256 3611 2439 3682 πείρᾳ.
2471 3611 2630 3664 Οὕτω
2665 3626 2756 3680 μοι
2786 3600 2898 3662 νόει
2928 3608 3021 3661 καὶ
3053 3607 3185 3679 περὶ
3205 3607 3299 3659 τοῦ
3318 3604 3520 3678 ληστοῦ
3551 3621 3563 3633 ·
3595 3602 3737 3657 διότι

2152 3703 2305 3756 οὕπω
2352 3703 2541 3773 καιρὸς
2575 3702 2674 3772 τῆς
2722 3700 2833 3754 τῶν
2882 3700 3061 3770 ἔργων
3100 3699 3533 3760 ἀνταποδόσεως.
3588 3695 3736 3765 Φησὶ

2153 3797 2264 3865 γὰρ
2297 3796 2326 3847 ὁ
2368 3794 2693 3855 ’Δπόστοὶος
2744 3792 3015 3863 περὶτῶν
3058 3789 3285 3845 δικαίων
3316 3805 3332 3820 ο
3382 3808 3402 3841 ι
3436 3790 3543 3844 Καὶ
3585 3782 3741 3841 οὗτοι

2154 3889 2356 3943 πάντες
2384 3887 2824 3958 μαρτυρηθέντες
2849 3885 2938 3939 διὰ
2966 3887 3069 3955 τῆς
3106 3884 3364 3949 πίστεως,
3404 3886 3505 3937 οὑκ
3543 3884 3738 3952 ὲκομὶσ

2156 3996 2317 4032 σαντο
2342 3981 2440 4050 τὴν
2471 3978 2827 4047 ἐπαγγελίαν,
2864 3977 2957 4031 τοῦ
2984 3977 3119 4030 ει)εοῦ
3148 3977 3395 4046 κρεῖττόν
3425 3995 3476 4028 τι
3510 3977 3745 4028 ranas-

2152 4072 2422 4141 φαμένου,
2457 4073 2542 4126 ἵνα
2569 4071 2643 4143 μὴ
2680 4072 2849 4142 χωρὶς
2881 4071 3041 4139 ἡμῶν
3072 4069 3453 4123 τελειωθῶσιν.
3503 4090 3519 4122 ι

2330 4284 2441 4339 Τοῦ
2488 4283 2786 4353 Θεονῖόγου
2828 4284 2896 4337 ἐκ
2931 4284 3037 4339 τοῦ
3088 4282 3558 4351 εἶς,Καισιίριον.

2226 4376 2439 4446 Μικρὸν
2496 4376 2554 4429 δὲ
2625 4375 2887 4446 ὕστερον,
2951 4377 3043 4428 καὶ
3096 4376 3155 4429 τὸ
3185 4376 3446 4443 συγγενὲς
3511 4376 3739 4446 σαρκίον

2154 4465 2503 4522 ἀπολαϐοῦσα
2528 4468 2562 4537 ἡ
2608 4466 2776 4537 ψυχὴ,
2894 4466 2965 4520 τὰ
3010 4468 3219 4520 ἐκεῖθεν
3248 4466 3738 4536 συνεφιλοσόφησε,

466 4555 715 4622 dederat,
732 4557 857 4611 etin
885 4556 1043 4611 tidem
1066 4556 1230 4628 379
1249 4564 1557 4625 acceperat,
1584 4555 1859 4625 receperit
1883 4554 2049 4625 (quod

2161 4560 2311 4632 παρὰ
2342 4561 2441 4629 τῆς
2470 4558 2565 4612 καλ⁵
2597 4558 2887 4624 δοκούσης,
2914 4559 3008 4611 καὶ
3041 4558 3430 4628 πιστευθείσης
3461 4559 3583 4626 γῆς,
3608 4558 3741 4629 τρό-

462 4670 578 4725 quo
625 4654 789 4709 modo
842 4654 955 4721 flat,
992 4655 1039 4711 is
1080 4656 1235 4711 novit
1268 4655 1361 4725 qui
1393 4671 1456 4709 ea
1492 4656 1637 4709 inter
1665 4669 1723 4709 se
1755 4654 2049 4725 conjunxit

464 4753 630 4815 atque
657 4744 966 4814 disjunxit),
999 4753 1112 4799 tum
1134 4760 1254 4799 eam
1287 4758 1508 4814 quoque
1549 4743 1614 4797 ad
1649 4743 1838 4813 glorise
1881 4743 2048 4797 caele-

466 4838 568 4892 stis
598 4836 976 4892 luereditatem
1029 4851 1216 4890 secum
1262 4835 1651 4890 admissuram.
1688 4833 1757 4888 Et
1782 4832 2044 4902 quemad~

465 4928 691 4982 modum
754 4929 826 4983 ob
874 4936 1085 4983 naturae
1150 4928 1596 4999 conjttnrtionem
1672 4941 2043 4981 aerumnarum

467 5018 644 5089 ipsius
673 5021 949 5090 particeps
984 5018 1194 5084 fuerat,
1217 5020 1298 5074 sic
1321 5018 1486 5073 etiam
1507 5018 1883 5089 jucunditatcs
1919 5032 2047 5071 suas

563 5175 609 5206 "
634 5172 925 5236 Lucam".
952 5174 1041 5228 45.

475 5241 518 5277 ⁸⁸
546 5243 715 5298 Hebr.
735 5260 811 5310 χι,
833 5245 923 5308 59,
952 5246 1041 5298 40.

1147 5175 1193 5205 ’⁷
1222 5173 1265 5228 ΙΙ
1294 5172 1419 5227 Cor.
1467 5190 1520 5235 ν,
1561 5170 1656 5234 10;
1685 5172 1842 5224 Rom.
1863 5170 2066 5229 null).

2157 4670 2278 4717 πον,
2311 4645 2616 4729 οἷονκοῖδεν
2673 4653 2700 4705 ὁ
2753 4650 2926 4704 ταῦτα
2970 4653 3279 4719 συστήσας,
3335 4651 3431 4703 καὶ
3480 4650 3743 4717 διαλύσας

2153 4742 2305 4807 Θεὸς,
2339 4740 2516 4812 τούτῳ
2559 4740 2997 4810 συγκληρονομεί
3039 4740 3143 4808 τῆς
3168 4739 3379 4793 ἐκεῖθεν
3407 4740 3584 4806 δόξης.
3624 4740 3741 4794 Καὶ

2155 4833 2408 4903 καθάπερ
2457 4831 2567 4885 τῶν
2611 4831 2922 4901 μοχθηρίων
2980 4831 3147 4885 αὐτοῦ
3215 4830 3445 4900 μετέσχε
3503 4830 3589 4883 διὰ
3636 4830 3742 4901 τὴν

2156 4926 2471 4994 συμφυΐαν,“
2488 4922 2631 4976 οὕτω
2664 4923 2756 4975 καὶ
2785 4921 2894 4974 τῶν
2928 4923 3178 4992 τερπνῶν
3213 4922 3415 4992 ἑαυτῆς
3444 4922 3743 4992 μεταδίδω-

2158 5034 2261 5077 σιν,
2289 5016 2409 5068 ὅλον
2444 5018 2522 5077 εἰς
2557 5016 2759 5085 ἑαυτὴν
2791 5014 3135 5072 ἀναλώσασα,
3171 5014 3262 5067 καὶ
3316 5013 3586 5084 γενομένη
3637 5013 3741 5065 σὶθν

2176 5171 2217 5198 ’⁸
2245 5169 2402 5222 Jcan.
2446 5186 2521 5234 ιιι,
2576 5169 2657 5223 l8.
2768 5170 2810 5202 ”
2850 5168 3008 5225 Joan.
3038 5183 3090 5231 ν,
3119 5168 3207 5222 ει.
3314 5168 3360 5200 ⁸⁸
3398 5168 3733 5230 (3011.11.17.

1773 5334 2004 5389 ΥΜΗΑΞ
2034 5335 2191 5388 Milli
2214 5335 2437 5388 ιηκιξς.

544 5424 565 5470 ι
595 5429 705 5483 ὅτε.
781 5437 821 5461 ¹¹¹
848 5429 972 5485 ἴδια.

1984 5502 2209 5574 Nemi.

481 5611 685 5673 nandi,
744 5618 1057 5665 sanctorum
1128 5609 1338 5664 animas
1404 5614 1713 5677 corpornm'
1758 5610 2050 5663 Ξνάστασιν

473 5691 817 5750 exspectare,
850 5688 911 5733 nt
944 5680 1128 5750 divina
1165 5680 1326 5750 simul
1356 5679 1623 5750 beatitatc‘
1653 5680 1947 5750 fruantur;
1988 5679 2042 5731 in

476 5748 638 5817 quam
674 5750 999 5804 sententiam
1046 5748 1208 5803 ivisse
1258 5748 1574 5805 Anastasius
1615 5748 1836 5803 videtur
1870 5750 1959 5803 hic
1991 5757 2045 5802 ct

477 5822 622 5876 alibi.
660 5821 978 5888 (Λιιῖιιιακ.)

2232 5608 2341 5677 (3:2)
2376 5606 2591 5681 oportet
2622 5607 2963 5681 corruptibili!
2996 5608 3091 5661 hoc
3126 5609 3345 5662 induere
3374 5610 3736 5681 incorruptio'

2160 5697 2274 5731 unm
2307 5681 2345 5741 (Ι
2377 5680 2505 5732 Cur.
2540 5694 2626 5739 xv,
2659 5679 2770 5741 55).

2230 5750 2338 5811 (53)
2369 5750 2503 5808 luto.
2546 5749 2727 5801 statim
2759 5756 2819 5799 ut
2849 5756 3098 5801 mortuus
3123 5756 3225 5814 est,
3263 5750 3454 5802 eodem
3483 5752 3567 5805 die
3598 5749 3732 5805 vidit

2154 5822 2299 5873 clare
2332 5816 2570 5872 divinam
2598 5819 2912 5870 cssnntiant.
