4056 6420
273 410 373 475 τοι

1675 422 2194 494 ρυίΕεΤιοΝΕτς.

3451 425 3563 487 ’ῙΟΊ

272 523 448 594 τούτῳ
495 521 554 576 ἔν
613 521 709 577 καὶ
749 524 999 596 ςπνεῦμα,
1034 527 1131 582 καὶ
1177 527 1322 593 νοῦς,
1355 528 1450 583 καὶ
1506 529 1662 595 Θεὸς,
1695 550 1863 588 κατα-

1993 553 2093 592 :um
2120 538 2242 608 ipso
2269 535 2824 596 communicaturam,
2857 541 3034 588 totum
3063 531 3323 588 videlicet
3353 547 3560 604 corpus

275 612 537 678 τιοθέντος
608 615 715 670 ὑπὸ
779 617 880 694 τῇς
951 617 1098 689 ζωῆς
1172 617 1268 672 τοῦ
1336 619 1534 692 θνητοῦ
1602 641 1659 677 τε
1689 667 1702 690 ,

275 705 518 777 ῥέοντος.

659 1041 1122 1128 ΕΡΩἹῊΣΙ
1131 1044 1191 1130 Σ
1249 1042 1440 1129 ΟΔοι

272 1179 413 1232 Ὅτι
445 1181 545 1254 εἰς.
568 1180 1105 1254 ερεῖςλτάεειςβιί)
1141 1185 1196 1236 οἱ
1229 1182 1587 1251 σωζὶἰιενοι,
1621 1184 1718 1238 καὶ
1765 1201 1872 1238 καοο

341 1251 682 1318 ταστὰσεις
717 1250 1228 1322 ὃιαιρεθήὰονται.

889 1435 1284 1491 ΑΠΟΚΡΙΣΙΣ.

341 1568 490 1638 Φησὶ
524 1567 632 1639 γὰρ
679 1570 708 1622 ὁ
750 1567 1012 1633 Ἡσαΐας’
1057 1591 1074 1622 ι
1117 1573 1212 1625 Ὃν
1237 1571 1440 1642 τρόπον
1476 1573 1710 1644 οὐρανὸς
1746 1589 1873 1626 και-

271 1659 386 1724 νὸς,
425 1657 522 1712 καὶ
551 1660 622 1729 γῆ
639 1659 825 1730 καινὴ,
855 1659 891 1714 ἃ
918 1658 1028 1728 ἐγὼ
1055 1661 1194 1713 ποιῶ
1219 1662 1403 1730 μένειν
1427 1671 1454 1700 ιι
1481 1662 1714 1715 ἐνώπιόν
1745 1681 1872 1733 μου.

274 1753 435 1817 λέγει
466 1751 698 1822 Κύριος,
732 1749 877 1805 οὕτω
924 1754 1184 1823 στήσεται
1210 1753 1272 1806 τὸ
1304 1754 1528 1824 σπέρμα
1569 1755 1746 1825 ὑμῶν,
1771 1757 1874 1827 καὶ

1770 627 1866 680 καὶ
1972 627 2028 683 in
2063 628 2302 699 seipsam
2351 629 2756 692 absumentcm,
2788 636 2846 682 et
2893 641 3021 681 cum
3079 641 3148 680 eo
3201 641 3374 680 unum
3427 625 3564 680 effe-

1971 727 2116 772 ctam
2160 725 2219 772 et
2251 718 2511 787 spiritum
2562 725 2620 772 ct
2675 725 2917 772 mentem
2953 723 3010 770 et
3069 714 3266 780 Deum,
3301 713 3562 783 absorpto

1973 811 2297 866 nimiruma
2348 811 2462 866 vita
2516 825 2606 877 eo,
2669 809 2820 882 quod
2885 807 3118 865 mortale
3174 816 3232 862 et
3288 805 3561 862 caducum

1974 908 2111 957 erat.

2227 1032 2796 1139 QUIESTIO
2875 1032 3302 1119 LXXIV.

2047 1183 2199 1251 Quod
2243 1185 2299 1240 iu
2331 1193 2434 1240 tres
2480 1186 2690 1240 ordines
2727 1191 2776 1238 et
2822 1191 2997 1238 status
3053 1181 3358 1237 dividentur
3404 1181 3498 1252 qui

2613 1253 2914 1310 salvantur.

2275 1431 2660 1491 RESPONSIO
2707 1432 2802 1488 EX
2848 1431 3136 1489 IRENIEO
3171 1433 3268 1486 ⁸¹⁵.

2048 1573 2192 1628 Dicit
2210 1573 2379 1627 Isaias
2410 1587 2426 1624 :
2472 1592 2492 1623 ι
2527 1569 2818 1639 Quomodo
2846 1569 3050 1624 cmlum
3078 1580 3284 1622 novum
3327 1574 3384 1618 et
3422 1572 3569 1618 terra

1977 1681 2140 1731 nova,
2177 1681 2299 1735 qua:
2327 1681 2429 1736 ego
2459 1664 2623 1730 facio,
2651 1670 2877 1718 manent
2901 1677 3086 1716 coram
3119 1675 3208 1714 me
3235 1699 3251 1724 ,
3283 1656 3420 1712 dicit
3461 1655 3571 1710 Do-

1980 1759 2187 1820 minus,
2227 1758 2305 1814 ita
2355 1758 2526 1813 stabit
2579 1773 2771 1813 semen
2823 1763 3092 1818 vestrum,
3121 1760 3176 1807 et
3227 1765 3430 1805 nomen
3472 1763 3572 1811 ye-

272 1847 332 1898 τὸ
361 1843 546 1915 ὄνομα
575 1844 754 1909 ὑμῶν.
792 1864 812 1897 ι
839 1845 952 1899 Kal
981 1845 1276 1915 ὁίωάννης
1309 1848 1366 1898 ὲν
1392 1849 1457 1916 τῇ
1504 1846 1876 1916 Ἀποκαλύψει

1993 1862 2157 1908 strum
2187 1853 2254 1906 3'.
2289 1872 2308 1904 ι
2341 1851 2584 1907 Joannes
2642 1850 2698 1904 in
2745 1846 3072 1917 Apocalypsi
3105 1863 3120 1899 :
3157 1863 3176 1895 ι
3218 1842 3338 1898 Vidi
3367 1841 3572 1897 caelum

275 1938 450 2008 φησίν
477 1954 491 1968 ο
527 1956 548 1990 ι
589 1933 744 1992 Εἶδον
765 1939 994 2011 οὐρανὸν
1025 1938 1234 2003 καινὸν,
1267 1941 1362 1992 καὶ
1383 1941 1488 2008 γῆν
1521 1940 1734 2010 καινήν.
1766 1941 1876 1993 Καὶ.

1993 1961 2184 2000 novum
2230 1954 2288 2000 et
2342 1953 2547 1999 terram
2592 1957 2816 1998 novam.
2871 1941 2942 1996 Et
2982 1937 3265 1994 civitatem
3322 1940 3573 1991 sanctam

278 2033 376 2100 τὴν
410 2031 571 2084 πόλιν
599 2031 698 2102 τὴν
719 2029 884 2099 ἁγίαν
922 2030 1283 2102 Ἰερουσαλὴμ
1319 2031 1512 2102 καινὴν
1544 2028 1683 2085 εἶδον
1708 2049 1879 2086 κατα-

281 2121 583 2174 ϐαίνουσαν
623 2121 688 2174 ὲκ
730 2119 828 2174 τοῦ
864 2119 1099 2188 ούρανοῦ
1133 2119 1242 2172 ἀπὸ
1291 2119 1386 2174 τοῦ
1417 2119 1577 2185 Θεοῦ,
1607 2123 1877 2192 ἡτοιμασ-

287 2212 478 2284 μένην,
516 2212 594 2276 ὡς
624 2212 846 2284 νύμφην
871 2215 1308 2285 κεκοσμημένην
1343 2213 1421 2282 τῷ
1466 2215 1625 2286 ἀνδρὶ
1683 2215 1878 2285 αὐτῆς.

1977 2039 2285 2094 Jerusalem
2345 2053 2547 2092 novam
2597 2036 2710 2091 vidi
2768 2032 3201 2093 descendentem
3231 2029 3302 2084 de
3347 2027 3512 2092 caelo,
3542 2040 3576 2080 a

1979 2131 2094 2184 Deo
2125 2135 2395 2198 paratam,
2425 2135 2684 2197 tanquam
2717 2138 2978 2195 sponsam
3002 2129 3254 2175 ornatam
3285 2117 3410 2172 viro
3433 2131 3574 2181 suo;

1979 2230 2037 2277 et
2071 2221 2260 2276 audivi
2292 2236 2483 2276 vocem
2533 2233 2786 2290 magnam
2831 2215 3109 2272 dicentem
3141 2233 3154 2269 :
3189 2213 3333 2268 Ecce
3396 2209 3580 2265 taber-

285 2305 398 2359 Καὶ
470 2304 689 2376 ἥκουσα
739 2305 926 2376 φωνῆς
994 2303 1244 2374 μεγάλης
1303 2303 1576 2375 λεγούσης
1605 2319 1617 2334 ⁸
1662 2306 1796 2359 Ἰδοὺ
1844 2308 1878 2376 ἡ

1993 2314 2245 2370 naculum
2298 2313 2398 2368 Dei
2445 2328 2571 2368 cum
2636 2309 2979 2373 hominibus,
3009 2315 3068 2362 et
3107 2304 3383 2361 habitabit
3448 2316 3577 2357 cum

290 2397 461 2468 σκηνή
489 2397 588 2452 τοῦ
620 2398 761 2453 Θεοῦ
805 2397 946 2470 μετὰ
974 2395 1086 2453 τῶν
1129 2396 1456 2470 ἀνθρώπων,
1481 2397 1576 2452 καὶ
1610 2396 1883 2469 σκηνώσει

241 2539 260 2564 ,
297 2495 409 2562 pst‘
441 2491 652 2560 αὐτῶν,
679 2493 775 2546 καὶ
804 2491 940 2556 Θεὸς
970 2491 1091 2564 μετ’
1119 2491 1301 2546 αὐτῶν
1331 2490 1509 2556 ἔσται,
1540 2491 1635 2545 καὶ
1675 2491 1884 2556 ἐξαλεί-

301 2586 380 2653 ψει
411 2585 521 2637 πᾶν
547 2584 786 2655 δάκρυον
816 2583 928 2637 ἀπὸ
952 2583 1063 2637 τῶν
1091 2583 1388 2654 ὀφθαλμῶν
1420 2583 1624 2648 αὐτῶν,
1648 2585 1741 2638 καὶ
1784 2584 1885 2638 θά-

305 2694 445 2742 vaso;
478 2677 585 2732 οὐκ
625 2677 780 2732 ἔσται
807 2677 912 2744 ἔτι,
943 2677 1027 2733 ὅτι
1069 2677 1140 2732 τὰ
1182 2679 1360 2732 πάντα
1397 2676 1635 2748 ἀπῆλθε.
1674 2676 1785 2730 Kal
1812 2674 1888 2730 εί-

295 2768 376 2822 δον
396 2779 420 2802 °
452 2769 562 2840 τὴν
591 2770 750 2824 πόλιν
781 2769 1138 2842 Ἰερουσαλὴμ
1180 2770 1410 2842 ἔχουσαν
1451 2769 1554 2840 τὴν
1590 2769 1750 2834 δόξαν
1779 2772 1888 2825 ἀπὸ

1987 2407 2070 2463 eis
2104 2414 2204 2472 ,et
2269 2405 2552 2476 absterget
2613 2404 2762 2460 Deus
2829 2417 3052 2457 omnem
3131 2389 3433 2469 lacrymam
3506 2391 3579 2448 ab

1985 2500 2162 2556 oculis
2219 2514 2448 2560 eorum,
2479 2506 2535 2553 et
2601 2512 2752 2552 mors
2801 2495 2945 2550 ultra
2996 2509 3108 2548 non
3159 2492 3290 2554 erit,
3311 2488 3578 2560 quoniam

1986 2594 2172 2664 priora
2205 2591 2484 2647 abierunt.
2515 2590 2584 2646 Et
2602 2589 2718 2644 vidi
2747 2587 3032 2643 civitatem
3070 2597 3326 2655 magnam
3352 2579 3581 2636 Jerusa-

1988 2686 2096 2740 lem
2125 2685 2421 2740 habentcm
2449 2681 2682 2754 gloriam
2705 2697 2736 2736 a
2760 2681 2895 2744 Deo,
2931 2687 2988 2736 et
3015 2678 3376 2734 fundamenta
3401 2674 3586 2746 parie-

1991 2788 2105 2833 tum
2151 2777 2274 2846 ejus
2323 2775 2506 2846 lapide
2549 2773 2798 2844 pretioso
2835 2779 3052 2835 ornata,
3094 2779 3150 2824 et
3175 2770 3356 2840 platea
3383 2781 3582 2821 aurum

290 2862 429 2917 Θεοῦ
455 2865 603 2942 ’,καὶ
648 2865 701 2918 οί
745 2864 989 2936 θεμέλιοι
1026 2861 1122 2918 τοῦ
1162 2864 1380 2935 τείχους
1424 2863 1598 2935 αὐτῆς
1635 2863 1770 2934 λίθῳ
1800 2881 1887 2916 τις

1993 2885 2217 2940 pnrum,
2251 2869 2399 2924 sicut
2440 2866 2644 2922 vitrum
2671 2864 3036 2936 pellucidum.
3072 2861 3140 2916 Et
3177 2859 3442 2929 templum
3471 2871 3584 2910 non

294 2957 406 3028 μίῳ
428 2957 871 3029 κεκοσμημένοι,
907 2956 999 3010 καὶ
1027 2957 1060 3030 ἡ
1087 2957 1320 3010 πλατεῖα
1341 2956 1556 3027 χρυσίῳ
1587 2955 1817 3027 καθαρῷ
1836 2965 1887 3021 ρ,

1993 2961 2103 3016 vidi
2133 2960 2188 3015 in
2221 2975 2308 3024 ea,
2341 2959 2606 3030 quoniam
2635 2956 2908 3013 Dominus
2936 2953 3202 3023 templum
3232 2951 3356 3020 ejus
3392 2956 3498 3011 est,
3529 2954 3588 3001 et

426 3049 586 3114 ὕελος
607 3027 858 3122 διαυγής.
896 3051 1006 3105 Καὶ
1043 3027 1175 3104 ναὸν
1201 3051 1303 3104 οὐκ
1334 3047 1477 3104 εῑδον
1511 3051 1570 3102 ἐν
1609 3049 1771 3119 αὐτῇ,
1807 3050 1887 3102 ὅτι

1993 3069 2103 3108 non
2137 3027 2493 3124 ingredietur
2515 3051 2570 3104 in
2609 3064 2731 3105 eam
2761 3063 2928 3104 onme
2961 3057 3254 3102 commune
3305 3048 3363 3097 ct
3403 3038 3590 3094 omnis

290 3141 509 3213 Κύριος
561 3141 690 3206 ναὸς
745 3141 919 3212 αὐτῆς
972 3144 1112 3210 ἐστι,
1143 3142 1240 3196 καὶ
1297 3142 1360 3196 ού
1424 3141 1499 3212 μὴ
1539 3139 1757 3212 είσέλθῃ
1810 3141 1887 3204 είς

1994 3145 2090 3216 qui
2139 3145 2274 3200 facit
2318 3141 2794 3199 abominationem
2851 3145 2908 3194 et
2947 3135 3322 3196 mendacium,
3361 3139 3587 3203 prater-

288 3235 468 3305 αὐτὴν
493 3235 608 3288 πᾶν
633 3235 832 3302 κοινὸν,
866 3235 962 3288 καὶ
989 3221 1295 3299 πᾶς’ποιῶν
1319 3237 1376 3290 ὲν
1415 3234 1554 3305 αὐτῇ
1582 3233 1885 3304 βδέλυγμα,

1995 3257 2160 3311 quam
2191 3240 2289 3310 qui
2322 3237 2513 3308 scripti
2535 3243 2663 3292 sunt
2685 3235 2739 3290 in
2765 3233 2912 3289 libro
2950 3231 3098 3286 vitae.
3129 3229 3198 3285 Et
3249 3227 3445 3284 civitas
3474 3239 3586 3280 non

289 3329 391 3382 καὶ
443 3325 666 3396 ψεῦδος,
687 3328 738 3380 εί
776 3325 853 3398 μὴ
889 3327 939 3380 οἱ
984 3325 1369 3398 γεγραμμένοι
1403 3325 1462 3378 ἐν
1491 3327 1560 3396 τῇ
1590 3324 1760 3396 βίϐλῳ
1789 3327 1891 3396 τῆς

289 3421 466 3492 ζωῆς.
497 3419 612 3474 Kal
668 3421 702 3491 ἡ
755 3419 914 3483 πόλις
949 3419 1010 3472 ού
1060 3421 1252 3489 χρείαν
1278 3417 1393 3488 ἔχει
1425 3415 1520 3471 τοῦ
1563 3415 1740 3488 ἡλίου,
1767 3416 1892 3470 οὐδὲ

287 3515 394 3583 τῆς
435 3509 696 3582 σελήνης,
721 3510 810 3564 ἵνα
845 3509 1114 3580 φαίνωσιν
1161 3511 1220 3562 ὲν
1247 3509 1386 3580 αὐτῇ
1421 3523 1435 3538 ο
1469 3507 1608 3578 ὁτιή
1640 3507 1767 3573 δόξα
1795 3505 1890 3560 τοῦ

285 3601 437 3656 Θεοῦ
465 3600 736 3671 ἐφώτισεν
763 3602 956 3673 αὑτήν.
985 3601 1094 3655 Kal
1119 3601 1217 3666 νὺξ
1237 3602 1340 3654 οὐκ
1369 3599 1524 3654 ἔσται
1551 3601 1670 3654 ἐκεῖ
1707 3601 1786 3654 ἔτι
1807 3641 1822 3661 ,
1862 3601 1892 3654 ὁ

285 3702 406 3772 γὰρ
433 3699 646 3771 Κύριος
672 3701 870 3768 φωτιεϊ
893 3698 982 3752 ἐπ’
1013 3698 1184 3770 αὐτῆς
1207 3708 1236 3749 ιι
1254 3737 1271 3763 ,
1297 3699 1395 3753 καὶ
1445 3696 1762 3768 βασιλεύσει
1810 3698 1892 3763 είς

283 3793 384 3846 τὸν
413 3792 592 3846 αἰῶνα
624 3790 734 3844 τῶν
762 3789 993 3845 αἰώνων.
1043 3809 1063 3842 ι

360 3883 510 3936 Τότε
554 3882 668 3953 γὰρ
715 3883 766 3936 οἱ
817 3881 919 3966 μὲν
971 3879 1406 3948 καταξιωθέντες
1443 3880 1548 3952 τῆς
1579 3882 1638 3934 ἐν
1673 3879 1892 3952 ούρανῷ

283 3970 588 4034 πολιτείας
619 3979 666 4037 ι’,
697 3971 880 4024 ἐκεῖσε
909 3969 1260 4040 χωρίσουσιν,
1292 3971 1342 4024 οἱ
1369 3971 1426 4024 δὲ
1449 3972 1549 4042 τῆς
1572 3969 1668 4024 τοῦ
1710 3987 1893 4040 παρα-

282 4065 480 4123 δείσου
537 4061 756 4134 τρυφῆς
795 4061 1203 4115 ἀπολαύσουσιν
1230 4078 1243 4094 ο
1281 4063 1331 4116 oi
1365 4061 1423 4116 δὲ
1463 4063 1564 4134 τὴν
1599 4062 1764 4132 ἁγίαν
1787 4062 1893 4132 γῆν

283 4158 389 4210 καὶ
455 4154 563 4226 τὴν
611 4154 978 4226 λαμπρότητα
1025 4153 1129 4224 τῆς
1189 4155 1400 4220 πόλεως
1443 4154 1735 4222 καθέξουσι
1795 4157 1892 4210 σὺν

281 4253 438 4303 πᾶσι
485 4248 602 4308 τοῖς
651 4248 781 4316 περὶ
835 4245 1028 4318 αὐτὴν,
1061 4245 1314 4315 ἀγαθοῖς,
1345 4247 1893 4318 ἐπιχωρηγουμένοις

283 4344 401 4396 ὑπὸ
443 4339 542 4394 τοῦ
572 4339 734 4394 Θεοῦ.
765 4339 1053 4410 Πανταχοῦ
1081 4340 1192 4410 γὰρ
1231 4342 1260 4394 ὁ
1301 4339 1490 4410 Σωτὴρ
1530 4340 1889 4410 ὁραθήσεται,

281 4431 488 4494 καθὼς
518 4429 663 4497 ἄξιοι
687 4429 906 4484 ἔσονται
940 4431 990 4483 οἱ
1013 4429 1262 4500 ὁρῶντες
1279 4429 1466 4484 αὐτόν.
1506 4426 1660 4484 Εἶναι
1705 4431 1761 4484 δὲ
1791 4431 1892 4501 τὴν

279 4521 594 4593 διαστολὴν
631 4521 838 4594 ταύτης
865 4522 966 4591 τῆς
987 4521 1259 4591 οἰκήσεως
1287 4519 1398 4574 τῶν
1422 4521 1492 4576 τὰ
1518 4522 1716 4576 ἑκατὸν
1749 4539 1891 4594 καρ-

1997 3335 2168 3389 habet
2188 3348 2329 3402 opus
2351 3331 2489 3394 sole,
2509 3345 2610 3386 nec
2625 3329 2780 3392 luna,
2802 3335 2868 3382 ut
2887 3331 3192 3396 appareant
3211 3322 3284 3385 ei,
3317 3319 3448 3390 quia
3471 3317 3588 3388 glo-

1997 3427 2078 3482 ria
2121 3425 2214 3480 Dei
2255 3422 2593 3478 illuminabit
2615 3436 2758 3476 eam.
2787 3421 2856 3474 Et
2887 3433 3001 3473 nox
3032 3431 3144 3470 non
3174 3413 3283 3470 erit
3313 3412 3431 3466 illic
3471 3423 3588 3464 am-

1997 3520 2180 3590 plius;
2212 3516 2482 3572 Dominus
2533 3514 2680 3571 enim
2733 3512 3021 3567 illucescet
3053 3521 3221 3579 super
3264 3520 3382 3570 eos,
3407 3511 3465 3559 et
3502 3517 3588 3558 re-

1994 3611 2186 3684 gnabit
2212 3612 2270 3666 in
2300 3608 2500 3665 saecula
2532 3605 2861 3663 saeculorum
2885 3602 2953 3656 ⁸³.
2983 3620 3004 3654 ›

2066 3886 2222 3942 Tunc
2241 3883 2391 3940 enim
2422 3880 2516 3954 qui
2548 3878 2698 3952 digni
2742 3876 2957 3934 fuerint
2991 3882 3052 3930 ut
3080 3873 3136 3928 in
3171 3871 3316 3928 caelo
3363 3882 3592 3923 versent-

1997 3984 2106 4040 tur,
2138 3975 2270 4054 illuc
2295 3973 2694 4044 provehentur.
2727 3967 2831 4024 Alii
2868 3967 3124 4022 fruentur
3162 3960 3380 4018 deliciis
3425 3972 3590 4028 para-

1995 4067 2141 4133 disi;
2169 4049 2266 4122 alii
2301 4064 2572 4120 tenebunt
2600 4069 2850 4116 sanctam
2879 4067 3108 4120 terram,
3145 4061 3204 4110 et
3230 4049 3588 4122 splendorem

1993 4148 2259 4221 civitatis,
2297 4171 2422 4213 cum
2456 4153 2720 4210 omnibus
2751 4167 2875 4221 quae
2907 4149 2962 4203 in
2996 4162 3062 4203 ea
3108 4143 3534 4215 suppeditantur
3558 4154 3590 4193 a

1993 4253 2130 4308 Deo.
2153 4250 2374 4320 Ubique
2397 4246 2685 4303 videbitur
2719 4244 3006 4305 Servator,
3035 4240 3184 4296 sicut
3223 4236 3374 4306 digni
3401 4243 3588 4297 erunt,

1993 4347 2089 4418 qui
2134 4360 2262 4400 eum
2307 4341 2596 4397 videbunt.
2630 4339 2768 4393 Esse
2811 4344 2996 4391 autem
3027 4333 3174 4388 hanc
3219 4327 3590 4385 differentiam

1995 4437 2390 4508 habitationis,
2425 4434 2557 4491 inde
2625 4433 2840 4502 liquet,
2872 4427 3022 4500 quod
3067 4427 3160 4482 alii
3225 4423 3590 4480 centesimum

1995 4532 2236 4588 fructum
2271 4528 2474 4590 ferant,
2501 4526 2592 4582 alii
2619 4521 3046 4594 sexagesimum,
3088 4517 3182 4572 alii
3221 4514 3587 4569 tricesimum.

283 4614 712 4686 ποφορούντων.
741 4614 836 4668 καὶ
883 4614 994 4668 τῶν
1042 4613 1113 4667 τὰ
1164 4612 1456 4684 ἐξήκοντα,
1506 4615 1604 4668 καὶ
1656 4614 1768 4669 τῶν
1822 4593 1887 4671 τὰ

1994 4625 2241 4692 Quorum
2274 4621 2367 4676 alii
2399 4593 2773 4675 assumentnr
2794 4614 2850 4667 in
2881 4611 3072 4672 caelos,
3093 4609 3187 4664 alii
3219 4605 3593 4662 vcrsabuntur

282 4708 602 4781 τριάκοντα
629 4722 644 4736 ⁸
673 4701 748 4761 ὧν
781 4707 833 4760 οἱ
870 4706 971 4776 μὲν
998 4709 1080 4770 εἰς
1103 4707 1232 4770 τοὺς
1261 4706 1528 4776 οὐρανοὺς
1570 4707 1894 4780 ἀναληφθή-

287 4819 512 4866 σονται,
543 4801 594 4854 οἱ
641 4799 699 4853 δὲ
745 4801 805 4852 ἐν
852 4799 934 4868 τῷ
975 4798 1294 4870 παραδείσῳ
1339 4793 1686 4869 διατρίψουσι
1718 4815 1734 4830 ·
1767 4801 1896 4854 οίδὲ

283 4895 393 4964 τὴν
455 4893 616 4946 πόλιν
672 4892 1086 4964 κατοικήσουσι.
1131 4889 1241 4942 Kal
1273 4889 1364 4942 διὰ
1395 4888 1556 4942 τοῦτο
1603 4889 1894 4961 είρηκέναι

287 4986 390 5038 tim
435 4983 644 5054 Κύριον
668 5025 684 5049 ,
715 5001 736 5035 ι
789 4983 880 5036 Ἐν
901 4984 1014 5045 τοῖς
1050 4981 1143 5035 τοῦ
1175 4981 1388 5051 Πατρός
1413 4995 1517 5050 μου
1553 4983 1722 5052 μονὰς
1753 4979 1893 5037 εἶναι

289 5077 508 5139 πολλάς
533 5094 550 5109 ο
587 5096 608 5130 ›
643 5075 712 5130 τὰ
763 5075 938 5130 πάντα
995 5075 1106 5143 γὰρ
1159 5073 1254 5126 τοῦ
1298 5071 1540 5138 Θεοῦ,ὃς
1565 5077 1680 5138 τοῖς
1727 5078 1895 5130 πᾶσιν

289 5171 662 5242 ἁρμόζουσαν
683 5168 902 5239 οἴκησιν
925 5167 1174 5238 παρέχει.

1995 4717 2050 4772 in
2101 4713 2361 4786 paradiso
2382 4754 2396 4776 ,
2427 4709 2520 4765 alii
2563 4705 2902 4761 habitabant
2935 4701 3102 4772 380
3130 4699 3430 4755 civitatem.
3460 4695 3593 4750 ldco

1994 4809 2136 4866 dixit
2184 4805 2452 4862 Dominus
2481 4819 2496 4856 :
2543 4819 2560 4851 ι
2591 4799 2651 4853 ln
2682 4796 2898 4852 aedibus
2927 4793 3108 4848 Patris
3130 4790 3237 4844 mei
3276 4787 3592 4843 mansiones

1999 4902 2186 4958 multa:
2211 4906 2340 4954 sunt
2363 4895 2442 4956 “z
2481 4913 2498 4946 ι
2532 4891 2626 4947 Dei
2655 4890 2803 4946 enim
2868 4895 2996 4942 sunt
3019 4883 3226 4948 orrmia,
3257 4881 3350 4953 qui
3384 4877 3592 4951 przebet

2000 4994 2398 5054 habitationem
2441 4984 2700 5044 omnibus
2753 4979 3196 5038 convenientem.

379 5311 448 5344 "'
485 5311 620 5378 Adv,
659 5312 849 5367 lateres.
885 5309 922 5365 l.
959 5323 1014 5362 ν.
1093 5306 1262 5373 "lsa,
1287 5323 1427 5372 um,
1465 5284 1559 5362 σεξ
1636 5309 1678 5340 ⁵⁸
1706 5313 1876 5380 Apoc.
1913 5309 2150 5378 unt—4,
2181 5302 2482 5370 10.21.23;
2506 5316 2636 5364 nu,
2701 5298 2733 5351 5
2795 5297 2841 5330 ³³
2869 5295 3164 5361 Joan.xtv,
3191 5293 3249 5350 2.

1630 5443 1864 5498 VARle
1905 5435 2313 5499 LECTIONES.

381 5579 409 5610 τ’
450 5570 628 5642 μένει.
707 5575 734 5604 °
767 5565 916 5622 ιδὼν.
993 5575 1022 5616 Ρ
1050 5561 1273 5635 χρυσίον
1304 5561 1568 5632 καθαρόν.
1643 5569 1668 5609 (ι
1704 5559 1789 5611 ἐπ’
1821 5559 2024 5622 αὐτοῖς.
2107 5565 2129 5594 ι’
2163 5551 2472 5624 διατριϐῆς.
2503 5565 2512 5572 ·

1833 5701 2043 5758 NOII-xli
2056 5741 2070 5754 .

384 5799 494 5872 f5!)
528 5801 650 5854 Ὀτι
683 5799 760 5866 εἱς
793 5801 942 5870 τρεῖς
965 5797 1170 5864 τάξεις,
1211 5794 1370 5872 facile
1416 5793 1520 5850 fuit
1554 5792 1889 5872 πρὶς-’ταῦτα

303 5865 797 5928 amcam-mem
830 5865 970 5925 'ante
1011 5869 1503 5924 recumenicorum.
1529 5865 1888 5920 coariiicrom

1999 5789 2328 5845 sanctiones.
2371 5784 2464 5840 Sic
2492 5782 2772 5844 aberravit
2821 5781 3084 5848 Eulogius
3127 5777 3270 5849 apud
3321 5777 3479 5849 Phot.
3528 5778 3590 5835 in

1999 5861 2246 5916 Biblioth.
2282 5873 2337 5928 p.
2375 5855 2498 5924 468,
2536 5853 2671 5910 edit.
2711 5852 2986 5909 llaeschel.
3023 5848 3347 5921 (Auitum)
