4056 6424
496 411 605 480 7.23

1713 418 1774 476 S.
1816 415 2216 476 ANASTASII
2256 414 2586 475 SiNAITJE

3671 411 3772 483 ’121

567 529 828 587 Secundo
879 531 1009 600 quia
1064 530 1120 584 in
1173 545 1365 585 orcum
1419 529 1622 600 dejecti
1673 546 1854 600 neque
1893 529 2076 583 vident

2260 527 2548 600 Δεύτερον,
2572 527 2656 580 ὅτι
2677 525 2796 580 οὑδὲ
2831 524 3030 597 ὁρῶσιν
3061 525 3120 577 ἐν
3156 523 3234 596 τῷ
3262 524 3366 598 ᾄδῃ
3405 535 3772 600 παρπεμπό.

491 623 674 692 iustos
695 621 756 676 in
783 621 1028 677 nubibus
1057 633 1264 692 raptos,
1295 631 1354 677 et
1375 622 1434 676 in
1464 637 1636 692 regno
1656 621 1751 676 Dei
1775 637 1944 691 supra
1971 636 2088 675 ca:-

495 714 678 767 lorum
723 714 986 770 verticem
1005 715 1342 770 constitutos
1369 715 1520 786 (79);
1563 723 1626 768 ut
1659 722 1897 780 taceam,
1931 716 2085 785 quod

488 806 604 874 jam
625 804 760 870 dixi,
785 821 967 876 neque
997 805 1267 876 improbis
1303 805 1663 876 supplicium,
1713 822 1893 876 neque
1917 807 2086 878 justis

494 895 800 963 perfectam
867 897 1290 953 retributionem
1351 897 1640 968 hucusque.
1697 897 1882 952 datam
1937 914 2082 954 esse.

493 987 628 1054 Quae
667 989 816 1043 enim
848 989 972 1044 haee
995 997 1142 1044 esset
1163 989 1400 1061 justitia,
1423 1004 1549 1043 cum
1582 991 1765 1045 anima
1799 999 1856 1045 et
1883 1007 2086 1062 corpus

495 1081 660 1136 simul
699 1083 1072 1153 peccaverint,
1105 1082 1288 1136 anima
1312 1089 1410 1136 aut
1455 1081 1746 1151 puniatur,
1786 1089 1882 1135 aut
1919 1099 2084 1137 coro-

496 1181 666 1228 netur
695 1173 816 1228 sine
849 1188 1084 1244 corpore
1141 1170 1459 1243 (80)?Audi
1513 1173 1746 1227 Paulum
1801 1174 1870 1229 de
1913 1175 2083 1245 justis

495 1264 614 1320 haec
661 1271 1045 1320 astruentem:
1087 1282 1104 1315 ι
1129 1263 1476 1319 Testimonio
1521 1264 1648 1319 lldei
1685 1265 1929 1335 probati,
1967 1283 2078 1322 non

493 1365 830 1425 acceperunt
858 1356 1346 1428 repromissiones,
1373 1356 1488 1411 Deo
1519 1372 1622 1426 pro
1653 1357 1820 1412 nobis
1869 1358 2080 1429 aliquid

493 1447 694 1503 melius
713 1447 1064 1518 providente,
1102 1455 1166 1502 ut
1207 1463 1318 1503 non
1361 1449 1482 1504 sine
1533 1449 1696 1505 nobis
1725 1465 2081 1506 consumma-

493 1547 689 1595 remur
737 1541 804 1593 δι.
831 1560 850 1591 ι
886 1540 1070 1594 Alibi:
1115 1561 1132 1592 ι
1161 1539 1232 1595 Ut
1267 1540 1651 1610 unusquisque
1693 1550 1944 1596 nostrum
1997 1558 2083 1598 re-

493 1632 633 1690 ferat
657 1649 782 1705 quae
842 1649 942 1704 per
969 1617 1176 1704 corpus
1201 1633 1377 1703 gessit
1407 1635 1474 1688 ⁸³.
1500 1654 1517 1684 ι
1580 1633 1798 1700 Quibus
1835 1635 2082 1691 ostendit

492 1729 545 1782 in
575 1727 758 1783 anima
795 1742 827 1782 a
865 1743 1104 1797 corpore
1134 1727 1313 1782 soluta
1347 1726 1484 1781 nihil
1526 1726 1722 1780 horum
1745 1729 1950 1797 peragi.

481 2055 489 2076 ,
557 1997 833 2055 Caeterum
859 1998 1242 2070 improborum
1267 2001 1465 2056 anima:
1490 2001 1812 2071 particulari
1835 2001 2076 2072 quedam

482 2108 691 2164 angore
733 2103 790 2149 et
817 2094 962 2149 tristi
1007 2093 1427 2165 exspectatione
1471 2095 1820 2152 cruciantur.
1853 2096 1925 2150 At
1953 2094 2078 2150 ani-

483 2200 589 2242 ma:
619 2187 899 2257 iustorum
927 2187 1134 2259 gaudio
1170 2196 1227 2243 et
1257 2188 1660 2259 tranquillitate
1683 2189 2074 2261 perfruuntur,

483 2285 543 2332 et
563 2275 866 2347 aliquando
900 2276 1224 2333 viventibus
1249 2293 1309 2332 se
1345 2278 1780 2349 conspiciendas
1800 2280 2074 2350 praebent.

479 2367 639 2435 Quod
685 2369 912 2440 quidam
947 2370 1086 2426 mihi
1141 2371 1354 2429 retulit.
1399 2371 1692 2442 inquiens:
1722 2369 1860 2426 Cum
1901 2371 2076 2426 Deum

373 2539 382 2546 θ
481 2461 780 2533 diligenter
811 2469 869 2517 et
911 2462 1163 2519 studiose
1195 2463 1571 2528 invocassem,
1606 2471 1669 2518 ut
1691 2462 1832 2517 mihi
1869 2471 2075 2518 statum

491 2560 550 2606 et
600 2552 1085 2608 conversationem
1142 2554 1342 2608 animae
1389 2568 1420 2607 α
1483 2566 1719 2622 corpore
1777 2560 2076 2622 segregata:

477 2640 846 2712 patefaceret,
873 2641 1132 2697 videbam
1161 2657 1250 2697 me
1275 2643 1459 2710 noctis
1495 2651 1748 2712 tempore
1771 2642 1827 2696 in
1855 2641 2073 2697 vineam

481 2733 735 2799 ductum,
765 2745 824 2790 et
850 2749 1060 2804 corpus
1082 2750 1268 2789 meum
1306 2751 1337 2789 a
1381 2749 1470 2790 me
1513 2742 1830 2804 separatum
1860 2743 1917 2788 et
1954 2735 2075 2788 exi-

481 2846 592 2902 guo
627 2831 895 2901 temporis
926 2831 1222 2888 intervallo
1261 2833 1452 2902 jacere
1505 2832 1782 2887 exanime.
1821 2832 2072 2888 Sciebam

479 2921 707 2992 quidem
737 2937 824 2977 me
853 2938 884 2976 a
917 2937 1158 2993 corpore
1183 2924 1498 2994 seiunctum
1524 2937 1670 2988 esse,
1720 2932 2074 2993 mentemque

481 3029 548 3070 ac
583 3014 855 3070 rationem
887 3015 1134 3069 sobriam
1175 3014 1415 3077 habere;
1443 3029 1554 3069 non
1586 3023 1773 3069 tamen
1825 3030 1894 3068 ex
1921 3028 2073 3068 som-

479 3107 579 3162 nio
633 3107 867 3162 eluctari
921 3106 1103 3162 licuit.
1148 3106 1344 3177 Neque
1409 3106 1564 3176 potui
1615 3104 1934 3169 eﬂ'ormare,
1977 3114 2072 3159 aut

481 3213 819 3271 cognoscere
847 3199 998 3269 quali
1030 3199 1216 3269 specie
1247 3209 1300 3254 et
1325 3198 1500 3269 ﬁgura
1527 3206 1684 3252 extra
1709 3213 1915 3267 corpus
1947 3197 2071 3252 fuc-

482 3291 610 3345 rim.
645 3291 763 3346 lloc
820 3299 1034 3345 tantum
1090 3290 1364 3354 intellexi,
1409 3289 1650 3344 animam
1692 3289 2072 3360 391~meam
2101 3280 2143 3337 C

480 3390 796 3452 separatam
848 3383 1279 3438 subsistentiam
1298 3369 1530 3448 habere,
1559 3392 1618 3438 et
1649 3382 1755 3437 sub
1804 3381 2073 3449 imagina'

483 3475 690 3531 tionem
723 3492 834 3531 non
866 3475 1088 3532 cadere.
1115 3476 1196 3531 Ne
1223 3477 1350 3548 quis
1379 3475 1530 3530 enim
1554 3475 1922 3532 arbitraretur
1950 3474 2074 3529 ani~

483 3585 630 3626 mam
690 3569 866 3626 instar
924 3571 1063 3626 fumi
1091 3579 1192 3626 aut
1234 3570 1454 3626 nebulze
1491 3570 1718 3625 dissolvi
1748 3579 1805 3625 et
1841 3568 2072 3624 interire

483 3673 608 3732 post
652 3673 886 3719 mortem
919 3705 935 3730 ,
986 3663 1462 3736 quemadmodum
1515 3663 1826 3720 bestiarum
1887 3661 2073 3716 anima

475 3755 552 3811 e‘t-
594 3758 826 3827 spiritus
895 3759 1054 3826 perit,
1122 3757 1378 3816 Christus
1437 3757 1688 3829 ejusdem
1760 3755 2074 3811 subsisten-

479 3851 611 3905 tiam
651 3859 708 3906 et
735 3851 1214 3906 immortalitatem
1247 3849 1615 3922 sequentibus
1651 3849 1838 3904 verbis
1887 3857 2074 3903 astru-

480 3943 598 3998 xit:
632 3942 852 3998 «Nolite
878 3943 1075 3999 timere
1117 3959 1216 4000 eos
1243 3944 1338 4015 qui
1387 3944 1656 3999 occidunt
1684 3956 1912 4012 corpus,
1943 3939 2068 3994 ani-

478 4051 623 4090 mam
657 4050 790 4090 vero
811 4052 921 4090 non
953 4046 1186 4106 possunt
1223 4038 1484 4094 occidere
1508 4037 1574 4090 ¹¹³.
1601 4056 1618 4086 ι
1650 4035 1844 4104 Itaque
1874 4034 2073 4088 animae

475 4128 644 4184 etiam
684 4138 812 4200 post
857 4129 1114 4199 corporis
1175 4139 1409 4184 mortem
1467 4131 1522 4184 in
1571 4144 1694 4184 esse
1743 4127 2072 4184 substantiae

476 4229 842 4289 permanent,
867 4235 1050 4290 neque
1074 4220 1246 4274 homo
1287 4220 1574 4278 hominem
1612 4219 1978 4274 inanimatum
2011 4218 2068 4272 in

475 4324 637 4370 utero
671 4316 811 4371 serit
845 4325 904 4370 et
932 4316 1089 4385 quasi
1117 4316 1332 4381 condit,
1378 4316 1475 4370 sed
1509 4315 1820 4386 perfectum
1851 4323 1908 4369 et
1953 4313 2073 4369 ani-

476 4413 688 4460 matum
743 4407 895 4478 (Si):
953 4423 1136 4478 neque
1190 4408 1342 4463 enim
1388 4424 1594 4478 corpus
1639 4416 1768 4462 ante
1825 4405 2069 4461 animam

476 4499 603 4564 fuit,
648 4515 832 4571 neque
859 4502 1047 4558 anima
1087 4512 1216 4557 ante
1252 4517 1478 4572 corpus,
1507 4511 1566 4555 ut
1615 4500 1884 4570 Origenes
1916 4513 2068 4554 som-

474 4592 614 4648 niat.
638 4592 710 4647 At
757 4593 1006 4650 haeretici
1038 4598 1197 4648 aiunt
1233 4593 1514 4648 hominem
1556 4607 1759 4661 corpus
1790 4589 2064 4652 inanima-

474 4693 592 4738 tutn
626 4684 902 4742 seminare
935 4695 993 4741 et
1023 4685 1320 4741 fabricare.
1366 4684 1642 4740 Caeterum
1691 4682 1875 4737 anima
1910 4681 2062 4736 bruti

472 4780 689 4832 ratione
709 4779 960 4834 carentis
983 4789 1070 4834 est
1100 4779 1191 4834 illa
1233 4795 1358 4848 qua:
1413 4795 1512 4848 per
1541 4792 1770 4832 aereum
1802 4775 2063 4846 spiritum

471 4869 528 4924 in
585 4871 856 4940 sanguine
913 4871 1153 4926 efficitur
1206 4872 1394 4926 vitalis
1425 4871 1622 4934 motio,
1674 4886 1798 4940 quae
1825 4883 1952 4924 cum
1995 4885 2065 4923 ex

468 4959 760 5017 elementis
809 4973 1050 5020 constet.
1095 4964 1151 5017 in
1201 4965 1395 5019 eadem
1462 4963 1686 5022 iterum.
1733 4961 1896 5034 brulp
1948 4977 2066 5016 mo-

2195 638 2348 692 μενοι
2375 622 2502 684 τοὺς
2520 621 2786 683 δικαίους,
2817 619 2946 682 τοὺς
2971 619 3029 672 ὲν
3057 619 3313 688 νεφέλαις
3334 619 3773 692 ἁρπαζομένους,

2191 712 2288 766 καὶ
2333 713 2392 766 ἐν
2423 711 2676 783 βασιλείᾳ
2719 709 2814 765 τοῦ
2854 710 2993 764 Θεοῦ
3033 710 3174 782 ὑπὲρ
3199 711 3312 765 ἄνω
3345 709 3359 762 i
3397 711 3508 765 τῶν
3529 712 3774 786 οὐρανῶν

2189 805 2504 873 ὑπάγοντας
2529 823 2541 836 ·
2591 804 2751 874 πλὴν,
2787 803 2864 867 ὡς
2900 804 3189 876 προεῖπον,
3219 803 3343 856 οὑδὲ
3371 803 3566 873 γέγονε
3593 807 3774 862 τελεία

2189 899 2434 961 κόλασις,
2496 897 2528 970 ἢ
2585 897 2968 962 ἀνταπόδοσις,
3033 894 3160 949 οὑτε
3224 895 3598 967 ἁμαρτωλοῖς,
3653 897 3775 954 οὕτε

2187 992 2438 1054 δικαίοις.
2479 991 2615 1044 Ποία
2643 991 2754 1060 γὰρ
2782 989 2921 1060 αὕτη
2952 988 3295 1059 δικαιοσύνη,
3340 989 3448 1054 ἵνα,
3477 991 3576 1061 τῆς
3601 990 3774 1063 ψυχῆς

2188 1084 2284 1136 καὶ
2307 1081 2404 1136 τοῦ
2435 1083 2688 1154 σώματος
2714 1085 2772 1136 ὲν
2797 1081 2876 1154 τῷ
2909 1081 3024 1154 ἅμα
3055 1081 3518 1153 ἁμαρτησάντων,
3540 1084 3773 1158 κολασθῇ

2185 1176 2353 1246 χωρὶς
2390 1175 2486 1228 τοῦ
2523 1175 2777 1244 σώματος
2833 1175 2865 1246 ἢ
2896 1174 3220 1246 στεφανωθῇ
3251 1172 3397 1245 ψυχή
3423 1190 3439 1240 ;
3472 1175 3583 1229 Καὶ
3609 1173 3770 1229 ἄκου-

2189 1284 2280 1320 σον
2313 1266 2528 1321 Παύλου
2558 1266 2654 1321 τοῦ
2691 1265 3057 1330 διδάσκοντος.
3103 1267 3242 1339 Περὶ
3284 1265 3387 1336 μὲν
3414 1267 3526 1336 γὰρ
3552 1265 3771 1322 δικαίων

2183 1357 2330 1412 οὕτω
2379 1359 2548 1428 λέγει,
2589 1359 2671 1413 ὃτι
2715 1378 2734 1411 ι
2759 1357 3224 1431 Μαρτυρηθέντες
3272 1357 3362 1411 διὰ
3410 1358 3512 1428 τῆς
3540 1358 3770 1424 πίστεως

2183 1448 2340 1504 οὑπω
2398 1450 2498 1514 τὰς
2553 1451 2888 1520 ἐπαγγελίας
2943 1450 3390 1522 ἑπεκομίσαντο·
3448 1449 3546 1504 τοῦ
3613 1450 3767 1514 Θεοῦ,

2184 1545 2336 1613 φησὶ,
2367 1545 2495 1615 περὶ
2512 1544 2672 1614 ἡμῶν
2693 1545 2942 1615 κρεῖττόν
2966 1563 3019 1598 τι
3043 1543 3525 1614 προϐλεψαμένου,
3561 1543 3648 1598 τνα
3693 1547 3766 1616 μὴ

2181 1634 2354 1704 χωρὶς
2393 1633 2552 1704 ἡμῶν
2597 1633 2955 1689 τελειωθῶσι.
2979 1651 2998 1686 ι
3033 1634 3142 1687 Καὶ
3177 1633 3341 1688 πάλιν
3383 1632 3550 1702 φησίν
3573 1647 3589 1663 ⁸
3622 1635 3766 1688 «Ἵνα

2181 1726 2411 1791 ἕκαστος
2457 1726 2614 1797 ήμῶν
2653 1727 2950 1798 κομίσηται
2993 1725 3064 1780 τά
3099 1723 3190 1779 διὰ
3250 1724 3346 1779 τοῦ
3383 1722 3636 1796 σώματος
3667 1741 3764 1778 πε-

2185 1819 2502 1889 πραγμένα,
2543 1838 2560 1870 ι
2589 1819 2829 1886 δεικνὺς,
2860 1819 2944 1872 δτι
2978 1818 3150 1890 χωρὶς
3194 1816 3288 1871 τοῦ
3333 1815 3582 1887 σώματος
3616 1815 3763 1869 οὐδὲν

2117 1908 2158 1962 Β
2187 1911 2427 1966 τοιοῦτον
2451 1913 2485 1981 ἡ
2521 1911 2668 1983 ψυχὴ
2699 1911 3115 1986 διαπράττεται.

2260 2002 2409 2074 Πλὴν
2438 2004 2535 2056 καὶ
2585 2003 2642 2056 αί
2685 2003 2795 2056 τῶν
2842 2001 3190 2074 ἁμαρτωλῶν
3243 2001 3417 2072 ψυχαὶ
3469 2001 3527 2054 ἐν
3577 2005 3768 2072 μερικῇ

2185 2092 2346 2165 ὀδύνῃ
2375 2094 2470 2146 καὶ
2502 2093 2726 2165 λυπηρᾷ
2761 2092 3062 2166 προσδοκίᾳ
3089 2091 3252 2148 είσίν.
3301 2090 3539 2162 Ὁμοίως
3595 2093 3688 2144 καὶ
3713 2093 3765 2144 αἱ

2185 2183 2294 2238 τῶν
2329 2183 2557 2238 δικαίων
2585 2183 2760 2255 ψυχαὶ
2784 2184 2843 2236 ἐν
2869 2182 3017 2253 χαρᾷ
3039 2198 3148 2235 τινι
3175 2179 3272 2234 καὶ
3319 2177 3561 2250 εὑθυμίᾳ
3581 2178 3767 2247 τυγχά-

2185 2293 2358 2331 νουσι.
2391 2275 2505 2331 Καὶ
2519 2275 2676 2340 δπως
2714 2274 2812 2330 καὶ
2842 2273 3112 2337 ὀπτασίας
3144 2271 3300 2334 τινάς
3327 2267 3618 2346 ποιοῦνται
3647 2267 3761 2338 πρὶς

2183 2374 2312 2436 τοὺς
2339 2371 2630 2442 περιόντας
2680 2371 2738 2424 ὲν
2781 2370 2970 2442 σαρκὶ,
3012 2367 3526 2439 ἐπιμνησθήσομαι.
3574 2362 3760 2434 Διηγή-

2185 2466 2320 2520 σατό
2350 2465 2444 2537 μοί
2477 2482 2584 2530 τις,
2609 2464 2692 2519 ὅτι
2720 2462 3035 2534 Ἐπιμελῶς
3083 2460 3178 2516 καὶ
3213 2459 3472 2530 ἑμπόνως
3521 2473 3765 2529 παρακα-

2184 2560 2442 2623 λέσαντος
2475 2559 2502 2600 ιι
2554 2558 2650 2611 τὸν
2683 2557 2820 2612 Θεδν
2857 2554 3115 2628 περὶτῆς
3151 2551 3432 2622 διαγωγῆς
3478 2550 3580 2604 καλ⁵
3608 2565 3764 2604 κατα-

2187 2653 2430 2715 στάσεως
2469 2649 2572 2721 τῆς
2608 2648 2788 2720 ψυχῆς
2821 2649 2920 2718 τῆς
2951 2645 3335 2720 χωριζομένης
3359 2644 3426 2696 ὲκ
3447 2639 3547 2695 τοῦ
3584 2638 3764 2710 σώμαι

2181 2761 2295 2809 τος,
2354 2741 2627 2814 ἐθεώρουν
2675 2744 2732 2795 ὲν
2783 2741 3023 2812 ὁράματι
3054 2737 3157 2809 τῆς
3200 2735 3396 2800 νυκτὸς
3447 2732 3638 2788 ἑαυτὸν
3686 2732 3760 2793 είς

2182 2835 2487 2909 ἀμπελῶνά
2538 2849 2664 2888 τινα
2695 2833 3035 2904 ὑπάρχοντα,
3064 2831 3127 2884 τὸ
3159 2829 3217 2884 δὲ
3245 2817 3407 2896 σῶμά
3435 2843 3536 2896 μου
3587 2841 3752 2895 κεχω-

2187 2930 2444 3002 ρισμένον
2504 2928 2600 2982 ἀπ’
2647 2925 2808 2996 ἐμοῦ,
2857 2924 2953 2978 καὶ
2996 2923 3108 2978 ἀπὸ
3156 2919 3356 2993 μικροῦ
3400 2917 3751 2988 διαστήματος

2183 3022 2376 3092 νεκρὸν
2421 3021 2698 3090 κείμενον.
2728 3019 2838 3072 Καὶ
2870 3013 3419 3085 ἐπεγίνωσκονμὲν,
3463 3011 3548 3064 ὅτι
3571 3005 3754 3078 ὲχωρίο

2178 3117 2320 3186 σθην
2349 3113 2444 3170 τοῦ
2474 3113 2751 3184 σώματος,
2783 3113 2878 3165 καὶ
2921 3108 3184 3182 νηφάλιον
3212 3107 3352 3178 ἔχων
3385 3105 3478 3158 τὸν
3508 3101 3634 3157 νοῦν
3669 3099 3758 3157 καὶ

2181 3210 2280 3279 τὴν
2310 3209 2505 3278 φρένα.
2527 3209 2600 3260 Ού
2645 3207 2895 3275 μέντοιγε
2916 3201 3282 3272 διανήψασθαι
3310 3203 3376 3254 ὲκ
3416 3197 3512 3254 τοῦ
3559 3195 3760 3265 ὀνείρου

2175 3301 2460 3371 ἠδυνάμην
2491 3297 2684 3370 [,οὑιδὲ
2717 3297 2971 3352 τυπῶσαι
3011 3295 3045 3365 ἢ
3082 3292 3404 3362 ἐπιγνῶναι,
3438 3289 3612 3360 ὁποίῳ
3640 3285 3766 3356 σχή-

2181 3410 2314 3462 ματι
2342 3394 2437 3446 καὶ
2465 3393 2648 3462 μορφῇ
2681 3391 2928 3461 ὑπῆρχον
2962 3384 3170 3459 ὲκ[τὸς]
3195 3383 3289 3438 τοῦ
3319 3383 3571 3452 σώματος
3590 3398 3606 3413 ο
3627 3377 3766 3444 πλὴν

2175 3485 2258 3538 δτι
2298 3483 2675 3545 ἀνυπόστατος
2719 3480 2736 3519 ι
2775 3483 2871 3534 καὶ
2928 3479 3360 3548 ἀφαντασίαστος
3411 3475 3443 3544 ή
3491 3471 3635 3543 ἐμῆς
3664 3470 3763 3539 τῆς

2176 3576 2354 3648 ψυχῆς
2379 3575 2632 3647 ῦπαρξις.
2667 3575 2762 3645 Μὴ
2788 3573 2898 3643 γάρ
2944 3589 3028 3635 τις
3060 3569 3280 3642 νομίσῃ,
3314 3569 3398 3620 ὅτι
3425 3563 3585 3634 δίκην
3619 3559 3764 3623 τινὸς

2177 3667 2410 3733 καπνοῦ,
2441 3668 2474 3740 ἢ
2507 3669 2723 3736 νέφους,
2754 3668 2788 3738 ἡ
2816 3667 2964 3736 ψυχὴ
3005 3663 3289 3718 διαλύεται
3346 3659 3443 3714 καὶ
3466 3655 3765 3713 ἀπόλλυται

2179 3763 2318 3834 μετά
2347 3762 2598 3826 θάνατον,
2639 3761 2888 3832 ὥσπερὴ
2918 3759 3027 3813 τῶν
3051 3757 3263 3826 ἀλόγων
3290 3753 3440 3824 ψυχὴ
3471 3751 3567 3806 καὶ
3606 3748 3764 3818 πνοή.

2179 3857 2290 3910 Καὶ
2312 3856 2546 3910 ἄκουσον
2575 3853 2672 3908 τοῦ
2702 3851 2966 3924 Χριστοῦ,
3011 3851 3074 3904 τὸ
3113 3847 3486 3919 ὲνυπόστατον
3514 3844 3612 3897 καὶ
3635 3841 3766 3895 ἀθά-

2175 3965 2335 4003 νατον
2372 3947 2472 4019 τῆς
2527 3946 2806 4018 ἡμετέρας
2845 3945 3027 4016 ψυχῆς
3062 3945 3211 4014 ἡμᾶς
3254 3941 3628 4002 διδάσκοντος,
3673 3932 3768 3989 καὶ⁸

2173 4041 2463 4109 λέγοντοςο
2519 4040 2655 4110 ιΜὴ
2701 4038 2960 4108 φοϐεῖσθε
3005 4037 3116 4092 ἀπὸ
3169 4035 3278 4090 τῶν
3325 4029 3766 4090 ἀποκτεινόντων

2174 4131 2332 4203 ὑμῶν
2365 4133 2426 4185 τδ
2474 4129 2660 4202 σῶμα,
2691 4133 2791 4198 τὴν
2833 4130 2890 4184 δὲ
2921 4128 3102 4200 ψυχὴν
3145 4127 3220 4198 μὴ
3257 4127 3581 4196 δυναμένων
3633 4122 3766 4176 ἀπο·

2173 4227 2401 4280 κτεῖναι.
2446 4243 2465 4276 ι
2513 4225 2678 4278 Ὥστε
2713 4226 2771 4278 ὲν
2795 4223 2954 4294 οὐσίᾳ
2988 4225 3088 4294 μέν
3132 4223 3268 4274 εἰσιν
3319 4219 3378 4273 αἱ
3419 4215 3593 4288 ψυχαὶ
3633 4212 3770 4286 μετά

2171 4315 2264 4370 τὸν
2323 4314 2556 4371 θάνατον
2603 4314 2700 4370 τοῦ
2749 4313 3025 4386 σώματος,
3053 4311 3236 4386 [κατὰ
3285 4309 3413 4373 τοὺς
3455 4306 3767 4379 Ὠριγὲνους

2175 4406 2379 4478 μύθους
2408 4419 2448 4446 ω
2563 4406 2640 4461 Οὐ
2684 4407 2791 4478 γὰρ
2829 4405 3118 4478 ἄνθρωπον
3151 4405 3283 4474 ἡμῖν
3309 4399 3516 4472 ἄψυχον
3547 4397 3766 4470 σπείρει

2171 4503 2231 4554 ἐν
2257 4503 2324 4572 τῇ
2357 4503 2543 4573 μήτρᾳ
2594 4503 2623 4554 ὁ
2671 4500 2984 4571 ἄνθρωπός,
3025 4497 3163 4552 ἀλλὰ
3203 4496 3434 4560 τέλειον,
3465 4494 3764 4565 ἐρχόμενον

2173 4592 2416 4663 ἔμψυχον
2443 4595 2750 4664 ἄνθρωπον.
2786 4591 2925 4646 Οὔτε
2969 4591 3078 4663 γὰρ
3112 4590 3271 4659 σῶμα
3313 4587 3420 4660 πρὸ
3447 4583 3548 4656 τῆς
3584 4581 3764 4655 ψυχῆς

2173 4685 2462 4754 ὑφίστατο,
2483 4684 2607 4739 οὑτε
2641 4685 2788 4757 ψυχὴ
2811 4685 2917 4757 πρὸ
2933 4685 3030 4738 τοῦ
3071 4683 3325 4752 σώματος
3348 4691 3396 4734 ιι.
3413 4679 3473 4733 Εἰ
3501 4676 3560 4732 δὲ
3578 4685 3608 4714 ο
3635 4675 3768 4746 περὶ

2170 4778 2452 4848 αἱρετικὸν
2478 4779 2718 4849 λέγουσι,
2751 4778 2922 4850 Σῶμα
2956 4778 3165 4849 ἄψυχον
3194 4774 3410 4846 σπείρει
3444 4771 3540 4826 καὶ
3591 4785 3765 4824 κατα-

2170 4870 2448 4926 ϐάλλεται.
2490 4873 2653 4926 Ἀλλὰ
2681 4873 2828 4943 ψυχὴ
2872 4873 2969 4944 μὲν
3001 4872 3097 4925 τοῦ
3129 4870 3328 4938 ἀλόγου
3353 4866 3505 4920 ἐστὶν
3524 4903 3538 4927 ,
3599 4865 3635 4932 ἡ
3677 4859 3768 4914 διὶ

2171 4963 2480 5033 πνεύματος
2515 4964 2608 5018 τοῦ
2638 4965 2798 5037 ἀέρος
2825 4965 3086 5036 γινομένη
3129 4966 3185 5016 ἐν
3213 4962 3291 5031 τῷ
3324 4959 3521 5020 αἵματι
3551 4951 3766 5022 ζωτικὴ

545 5101 588 5132 ⁸⁸
625 5100 794 5156 Hebr.
839 5120 910 5166 x1,
943 5104 1033 5166 39,
1071 5102 1158 5158 40.
1239 5106 1280 5136 ⁸³
1312 5103 1353 5157 ll
1387 5103 1515 5158 Cor.
1544 5120 1596 5164 γ,
1633 5102 1715 5156 10.
1796 5103 1842 5133 ⁸³
1874 5101 2067 5158 Matth.
2099 5121 2154 5168 Χ,
2182 5103 2270 5159 28.

1451 5227 1457 5233 ’
1747 5235 1988 5290 VARUS
2027 5235 2435 5294 LECTIONES.

546 5355 559 5407 ἱ
600 5357 874 5427 ὑπεράνω.
970 5357 995 5396 ll
1025 5357 1156 5412 fors.
1190 5358 1734 5428 παρακαλεσάμενοτ.

1823 5357 1832 5396 ¹
1866 5358 2032 5428 Lego,
2060 5355 2442 5428 ὲνυπόστατος.

2538 5364 2576 5392 ἠ
2608 5355 2786 5408 Verba
2819 5355 2936 5409 inec
2998 5369 3108 5407 non
3151 5351 3412 5406 videnlur
3475 5348 3588 5403 huc
3632 5363 3760 5416 spe-

465 5438 642 5483 ctare.
711 5420 749 5464 ἠ
785 5427 883 5482 llic
923 5428 1214 5482 inserenda
1248 5420 1505 5482 videntur
1537 5420 1704 5481 verba
1738 5430 1824 5482 illa
1858 5420 2028 5482 ςκατᾶ
2057 5431 2181 5489 τοὺς
2222 5427 2532 5496 Ὠριγένους
2567 5426 2802 5496 μύθους;
2831 5440 2954 5480 nam
2987 5421 3251 5492 Origenes
3273 5420 3516 5480 dicebat,
3543 5420 3761 5473 animas

469 5499 624 5567 prius
651 5499 915 5553 exsistere
971 5515 1134 5568 quam
1163 5517 1416 5568 corpora.

1495 5509 1517 5532 ’τ
1553 5499 1695 5564 Lego
1726 5504 1771 5552 oi
1803 5501 1879 5562 δέ,
1912 5516 2030 5570 pro,
2069 5501 2114 5552 εἰ
2144 5499 2222 5552 δέ.

1992 5639 2201 5696 ΝΟΤΑΞ
2214 5681 2227 5694 .

542 5736 655 5802 (79)
685 5734 927 5788 Lazarus
953 5734 1105 5788 visus
1134 5735 1202 5788 ab
1233 5735 1490 5803 rpulone,
1528 5751 1638 5788 non
1674 5743 1794 5787 erat
1827 5734 1879 5787 in
1928 5750 2042 5788 ree.-

463 5809 542 5868 lo,
577 5806 672 5861 sed
705 5807 756 5859 in
791 5805 960 5859 limbo
989 5806 1284 5875 iustorum.

541 5875 652 5951 (80)
683 5877 848 5933 Istam
877 5875 1246 5948 ohjeetionem
1272 5875 1434 5932 solvit
1479 5875 1860 5932 Bellarminus.

2229 5735 2341 5804 (8|)
2378 5733 2618 5788 General
2646 5731 2874 5804 quidem
2927 5729 3206 5804 hominem
3243 5729 3429 5782 vivum
3471 5737 3527 5779 et
3576 5729 3759 5804 perte-

2153 5793 2335 5867 «nun;
2353 5805 2446 5856 sed
2496 5818 2604 5856 non
2645 5793 2768 5858 ideo
2815 5809 3041 5872 generat
3073 5801 3313 5856 animam
3339 5838 3353 5854 .
3387 5814 3508 5868 quae
3553 5793 3587 5852 a
3629 5793 3757 5850 solo

2152 5877 2264 5930 Deo
2292 5881 2532 5930 creatur.
