4056 6444
409 321 517 387 7:27

1617 327 1675 387 S.
1716 322 2114 386 ANASTASII
2160 323 2488 388 ΞΙΝΑΙΤιΕ

3551 321 3660 394 723
3710 306 3718 314 .

405 448 536 512 gent
579 441 648 496 “.
684 461 701 492 ι
747 439 883 497 Nam
935 441 981 498 si
1034 442 1314 511 credimus
1371 459 1498 498 eum
1548 443 1974 514 omnipotentem

2089 460 2174 494 ται
2213 462 2229 492 ι
2249 444 2307 496 Εἰ
2327 443 2434 514 γὰρ
2451 443 2836 512 πιστεύσομεν,
2863 443 3030 499 αὑτὸν
3059 437 3470 517 παντυδῦναμον
3492 439 3658 508 εῖναι,

405 550 529 590 esse
579 535 676 606 q'ui
720 535 1002 592 hominem
1049 553 1116 592 ex
1143 539 1320 594 nihilo
1351 537 1424 592 ad
1477 553 1596 593 esse
1636 538 1847 597 eduxit.
1899 537 1982 590 fa-

404 626 568 682 cilius
597 627 790 697 utique
822 627 1144 699 tigmentum
1171 630 1317 701 quod
1348 629 1524 692 finxit,
1547 630 1802 700 quodque
1833 647 1984 683 mors

403 719 644 788 clisjecit,
697 717 965 791 relingere
1019 733 1076 776 et
1129 739 1383 793 reparare
1435 723 1658 793 poterit.
1713 721 1770 777 Si
1807 723 1981 776 credi—

403 825 528 863 mus
577 809 634 864 in
684 826 848 865 manu
901 811 1002 867 Dei
1036 828 1157 869 esse
1193 813 1330 870 ﬁnes
1381 823 1564 877 terrai,
1601 823 1766 884 prout
1813 813 1980 867 David

401 901 550 954 canit
593 902 662 961 "’.
713 918 1046 973 quocunque
1095 919 1297 976 corpus
1325 905 1625 972 deferatur,
1683 906 1796 959 imo
1853 906 1982 959 licet

401 992 770 1060 dissolvatur,
797 1005 1084 1060 exuratur,
1124 996 1448 1062 devoretur,
1479 1013 1698 1068 semper
1725 999 1781 1052 in
1815 1013 1981 1053 matur

401 1085 498 1139 Dei
545 1095 679 1140 sunt
717 1095 774 1141 et
805 1103 967 1157 aqua,
1013 1095 1070 1144 et
1104 1088 1268 1158 ignis,
1317 1097 1374 1142 et
1409 1089 1621 1155 bestiae,
1650 1106 1740 1144 ες
1777 1091 1980 1159 quibus

398 1177 836 1247 cdueitcorpus,
879 1178 1027 1248 quod
1059 1175 1418 1250 acceperunt,
1471 1181 1848 1244 comederunt,
1884 1181 1981 1237 de-

397 1279 688 1333 vorarunt,
737 1278 795 1324 et
843 1271 1292 1328 submerserunt.
1337 1273 1456 1328 Non
1492 1274 1640 1328 enim
1698 1275 1751 1328 in
1798 1275 1982 1345 perdi-

401 1359 604 1422 tionem
635 1360 751 1415 abit
779 1377 983 1433 corpus
1017 1365 1183 1418 morti
1215 1365 1438 1430 datum;
1476 1365 1570 1420 sed
1605 1365 1736 1421 licet
1765 1381 1794 1420 a
1831 1367 1980 1421 mille

398 1451 732 1506 animalibus
780 1454 974 1508 aliisve
1017 1455 1200 1510 causis
1233 1465 1612 1521 consumatur,
1657 1457 1712 1511 in
1741 1467 1982 1528 quatuor

345 1567 355 1604 ε
398 1542 694 1606 elementa,
728 1559 795 1598 ex
844 1545 1050 1614 quibus
1080 1555 1317 1610 constat,
1359 1549 1678 1612 resolvitur,
1729 1549 1835 1604 hoc
1867 1556 1974 1612 est,

340 1687 344 1690 .
399 1633 451 1686 in
504 1634 744 1689 calorem
799 1621 1077 1700 calor,'in
1141 1625 1359 1708 aquam'
1399 1639 1619 1701 humor,
1669 1641 1724 1694 in
1775 1649 1978 1701 terram

2087 539 2305 598 πελ-κτιοις
2337 538 2400 588 ὲκ
2434 535 2525 588 τοῦ
2565 537 2638 606 μὴ
2677 534 2828 598 ἥντος
2867 537 2946 596 εἰς
2974 532 3036 588 τδ
3093 529 3234 588 εἶναι
3257 533 3346 590 τὸν
3370 535 3660 605 ἄνθρωπον

2085 627 2328 695 ἁχάγὼν,
2357 629 2736 694 εὐκοπώτερον
2758 627 2817 680 τὸ
2843 627 3072 698 πλάσμα
3103 627 3165 679 τδ
3200 627 3290 680 ὑπ’
3321 625 3489 681 αὑτοῦ
3520 627 3660 680 πλα-

2086 718 2232 778 σθὲν,
2259 717 2352 770 vdit
2375 716 2461 769 διὰ
2492 717 2724 770 θανάτου
2745 717 3020 786 διαχυθὲν,
3051 717 3358 771 ἀναπλάσαι
3406 719 3501 770 καὶ
3529 719 3664 772 ἀνα-

2085 811 2434 862 καινίσασθαι
2458 808 2766 880 δυνήσεται.
2809 810 2870 862 Et
2910 808 3265 879 πιστεύομεν,
3291 807 3474 872 καθὼς
3507 806 3664 864 εἶπεν

2082 907 2110 956 ὁ
2141 902 2330 968 Acti-.8,
2359 903 2442 957 ὅτι
2501 903 2560 955 ὲν
2613 905 2676 973 τῇ
2711 901 2858 974 χειρὶ
2884 902 2977 954 τοῦ
3021 901 3154 956 Θεοῦ
3194 903 3262 956 τά
3304 902 3516 972 πέρατα
3559 903 3666 972 τῆς

2081 1000 2208 1066 γῆς,
2240 996 2376 1049 ὅπου
2407 996 2452 1048 δ’
2485 995 2554 1050 ἂν
2601 998 2696 1050 καὶ
2728 996 2941 1070 ἀπέλθῃ
2966 996 3027 1049 τὺ
3057 995 3239 1067 σῶμα,
3270 997 3366 1050 καὶ
3408 995 3663 1068 διαλυθῇ,

2082 1089 2188 1142 κᾶν
2218 1088 2572 1159 καταϐρωθῇ,
2612 1091 2670 1141 ὲν
2701 1091 2767 1160 τῇ
2799 1090 2942 1162 χειρὶ
2969 1089 3061 1144 τοῦ
3091 1089 3230 1142 Θεοῦ
3269 1090 3508 1158 ὑπάρχει
3564 1090 3667 1142 καὶ

2081 1181 2141 1234 τὸ
2165 1179 2332 1252 ὕδωρ,
2365 1181 2546 1234 καὶτὸ
2577 1179 2705 1252 πῦρ,
2752 1181 2848 1234 καὶ
2892 1179 2963 1236 τά
3014 1181 3198 1252 θηρία.
3230 1181 3324 1234 καὶ
3365 1181 3548 1251 ἐξάγει
3605 1179 3665 1252 εξ

2081 1273 2261 1325 αὐτῶν
2295 1271 2355 1324 τὸ
2387 1271 2628 1342 σῶμα,ιὸ
2650 1271 2874 1341 ἔλαϐον,
2904 1273 3000 1328 καὶ
3054 1261 3280 1344 ἔφαγον,
3307 1273 3402 1326 καὶ
3451 1273 3478 1327 ὃ
3530 1289 3664 1326 κατ-

2081 1366 2380 1425 ἐττιον,καὶ
2432 1364 2461 1418 ὃ
2510 1365 2932 1420 κατεπόντισαν.
2965 1366 3042 1420 Οὐ
3085 1367 3194 1438 γάρ
3249 1369 3330 1432 εἰς
3381 1364 3664 1421 ἀπώλειαν

2081 1457 2281 1523 ὑπάγει
2337 1457 2400 1513 τὸ
2453 1457 2820 1528 νεκρούμενον
2866 1459 2928 1512 τὸ
2984 1459 3178 1530 σῶμοι⁶
3243 1459 3385 1530 ἀλλὰ,
3421 1459 3525 1515 κᾶν
3556 1459 3663 1514 ὑπὸ

2084 1551 2292 1620 μυρίων
2323 1548 2356 1620 ἢ
2390 1549 2563 1604 ἄλλων
2618 1550 2809 1604 αἰτιῶν
2859 1549 3134 1621 ἀναλωθῇ,
3184 1553 3264 1615 είς
3301 1551 3369 1606 τὰ
3419 1552 3662 1624 τέσσαρα

2082 1645 2341 1712 στοιχεῖα,
2397 1641 2520 1696 ὅθεν
2584 1643 2936 1713 συνέστηκεν,
2985 1645 3105 1698 ἐκεῖ
3160 1645 3256 1696 καὶ
3334 1643 3654 1714 ἀπέρχεται,

399 1725 656 1796 siccitas;
686 1740 742 1785 et
777 1729 831 1784 in
857 1720 946 1786 bis
974 1732 1262 1787 clementis
1295 1732 1447 1788 velut
1471 1734 1524 1788 in
1556 1733 1809 1805 deposito
1837 1750 1974 1804 quo-

2079 1733 2224 1786 τοῦτ’
2258 1733 2429 1796 ἔστιν,
2463 1735 2544 1796 εἰς
2571 1733 2630 1802 τὸ
2657 1733 2752 1786 τοῦ
2784 1733 2940 1804 ἡλίου
2969 1732 3031 1786 τὸ
3076 1732 3303 1803 θερμὸν,
3339 1735 3434 1788 καὶ
3477 1736 3556 1798 είς
3588 1735 3656 1788 τὰ

399 1820 522 1876 dam
565 1831 884 1878 asservatu'r
945 1831 1003 1878 et
1053 1824 1370 1879 custoditur
1417 1840 1619 1894 corpus
1675 1842 1852 1896 usque
1909 1827 1978 1881 ad

394 1913 543 1969 diem
585 1915 1037 1978 resurrectionis,
1073 1917 1297 1986 quando
1334 1919 1579 1986 potentia
1609 1917 1705 1972 Dei
1743 1934 1810 1973 ex
1845 1918 1980 1988 ipsis

394 2004 532 2060 illud
579 2005 788 2064 iterum
821 2007 1104 2071 excitabit,
1141 2007 1611 2078 quemadmodum
1661 2008 1794 2064 fecit
1824 2017 1880 2064 et
1907 2009 1979 2064 ab

394 2096 577 2162 initio,
624 2097 846 2168 quando
892 2098 1034 2154 illud
1076 2099 1346 2154 condidit.

465 2271 531 2325 Et
600 2280 662 2325 ut
735 2270 968 2343 physico
1017 2273 1258 2344 quodam
1303 2283 1633 2344 argumento
1689 2275 1976 2332 ostendam

393 2365 897 2438 corpusexanime
949 2365 1006 2422 in
1045 2367 1320 2425 elementa
1371 2367 1678 2432 discedere,
1727 2369 1974 2426 animum

391 2458 638 2512 adverte.
667 2458 847 2513 Vitale
896 2466 958 2512 et
999 2457 1279 2514 viviiicum
1310 2461 1642 2515 elementum
1688 2459 1742 2514 in
1773 2461 1973 2526 brutis,

389 2550 448 2604 in
477 2549 799 2604 ho‘minibus
818 2557 872 2604 et
903 2549 961 2604 in
991 2535 1400 2606 omnianimato
1419 2552 1566 2621 quod
1587 2560 1860 2618 movetur,
1891 2560 1976 2608 est

390 2635 635 2712 sanguis,
669 2642 774 2697 hoc
801 2651 888 2698 est
925 2641 1098 2698 calida
1123 2651 1181 2715 et
1212 2646 1490 2715 operatrix
1519 2643 1689 2698 motio
1710 2643 1972 2700 elementi

389 2733 564 2804 ignis;
617 2733 672 2788 in
723 2733 905 2790 brutis
939 2714 1224 2814 colligahs,
1253 2714 1422 2806 7393
1446 2735 1736 2791 continens
1762 2745 1818 2791 et
1851 2750 1974 2791 mo-

388 2829 524 2880 vens
575 2827 680 2881 tria
721 2827 937 2897 reliqua
983 2828 1276 2882 elementa.
1305 2818 1556 2898 Cumque
1599 2829 1823 2900 sanguis
1851 2829 1977 2885 vin-

389 2918 576 2973 culum
610 2918 701 2983 sit,
751 2917 885 2974 hinc
925 2919 1120 2998 evenit
1144 2927 1227 2983 ut,
1280 2920 1324 2975 si
1370 2920 1608 2974 nimium
1654 2920 1975 2978 effundatur

385 3013 474 3068 vel
506 3023 830 3078 evacuetur,
875 3013 992 3070 sive
1021 3029 1090 3070 ex
1117 3013 1360 3076 homine.
1399 3013 1513 3070 sive
1541 3003 1606 3070 ex
1637 3030 1971 3086 quocunque

386 3105 500 3161 alio
550 3105 796 3170 animali,
846 3105 1138 3162 confestim
1169 3107 1438 3162 moriatur
1485 3109 1708 3164 animal.
1735 3109 1797 3164 Si
1836 3125 1972 3165 vero
1999 3139 2043 3197 ο

386 3213 499 3252 non
529 3198 871 3264 eﬂ‘undatur,
927 3197 1114 3255 effluat
1146 3215 1282 3255 vero
1321 3199 1498 3254 calida
1534 3209 1592 3254 et
1633 3201 1818 3257 vitalis
1854 3204 1975 3272 ejus

387 3291 562 3347 motio
611 3299 669 3346 et
716 3289 990 3362 Operatio,
1050 3291 1309 3348 similiter
1359 3291 1560 3346 animal
1615 3292 1788 3346 vitam
1831 3291 1972 3347 ﬁnit.

386 3385 561 3438 Porro
593 3385 836 3440 calorem
877 3399 998 3440 esse
1053 3384 1392 3440 elementum
1436 3381 1624 3448 vitale,
1671 3383 1833 3440 ﬁdem
1871 3385 1972 3439 tibi

387 3477 592 3531 faciant
635 3476 924 3531 volucrum
970 3491 1098 3540 ova,
1129 3490 1252 3546 qua:
1299 3476 1414 3532 fotu
1453 3475 1632 3532 calido
1663 3476 1970 3532 excludun-

386 3579 478 3623 tur
520 3577 578 3623 et
621 3568 1018 3625 viviﬁcantur.‘
1060 3569 1240 3627 Lebes
1284 3585 1507 3642 quoque
1551 3571 1752 3641 plenus
1799 3586 1968 3640 aqua,

381 3659 636 3730 subjecto
685 3661 812 3733 igne
853 3662 1011 3732 quasi
1060 3661 1426 3718 reviviscitct
1458 3671 1732 3729 movetur,
1757 3671 1815 3718 et
1843 3663 1970 3718 bul-

381 3751 570 3806 licndo
613 3767 800 3808 vocem
829 3753 1124 3826 quamdam
1147 3753 1285 3810 edit.
1317 3754 1513 3809 Divina
1557 3755 1786 3824 insuper
1813 3755 1967 3814 Scri-

380 3855 563 3914 ptura,
607 3845 702 3900 ubi
737 3845 806 3900 de
849 3846 1084 3902 muliere
1119 3846 1461 3903 Samaritana
1486 3847 1618 3918 ‘agit
1646 3844 1714 3912 ⁸³,
1767 3860 1965 3918 aquam

380 3930 560 3989 vivam
608 3936 854 4006 appellat
882 3935 1053 4001 illam,
1089 3949 1212 4006 quae
1243 3946 1520 4002 movetur,
1547 3944 1604 3992 et
1625 3935 1810 3992 exsilit
1839 3950 1964 3990 cum

378 4027 594 4084 sonitu.
619 4025 702 4082 0b
747 4027 858 4082 hoc
889 4027 1031 4084 forte
1060 4029 1210 4084 Deus
1232 4029 1299 4083 ad
1337 4029 1510 4084 Deum
1543 4027 1683 4082 dicit
1715 4046 1728 4080 :
1770 4047 1789 4079 ‹
1809 4027 1962 4094 Quo-

377 4116 526 4172 niam
561 4117 708 4190 apud
741 4127 793 4173 te
827 4129 912 4174 est
944 4119 1070 4174 fons
1104 4121 1230 4174 vitae
1273 4120 1338 4172 °'.
1373 4139 1392 4172 ι
1429 4118 1622 4176 Omnis
1661 4118 1808 4173 enim
1840 4118 1964 4174 fons

379 4205 573 4275 vitam,
623 4219 860 4265 mortem
907 4219 962 4266 et
1014 4211 1483 4266 resurrectionem
1537 4207 1787 4265 nostram
1838 4211 1964 4265 imi-

380 4309 548 4356 tatur.
587 4301 722 4356 Nam
770 4302 940 4357 fontis
974 4315 1115 4374 aqua
1154 4302 1426 4367 nascitur,
1461 4303 1614 4357 velut
1665 4300 1868 4366 infans,
1902 4301 1958 4356 in

2089 1826 2256 1880 ὖδατα
2286 1827 2344 1880 τὸ
2373 1826 2562 1898 ὑγρὸν,
2607 1827 2701 1880 καὶ
2737 1827 2817 1890 εἰς
2847 1825 2947 1896 τὴν
2976 1827 3082 1895 γῆν
3107 1827 3170 1880 τὸ
3205 1827 3401 1896 ξηρόν·
3435 1827 3526 1881 καὶ
3577 1827 3656 1890 ὡς

2085 1917 2146 1970 ὲν
2175 1918 2474 1988 παραθήκῃ
2504 1917 2611 1968 τινὶ
2640 1917 2700 1968 ὲν
2743 1916 2930 1980 αὐτοῖς
2981 1916 3294 1982 ἀπόκειται,
3329 1917 3423 1968 καὶ
3455 1917 3659 1986 φυλάτ-

2087 2024 2235 2062 1τιεται
2267 2007 2373 2071 ἕως
2403 2007 2505 2077 τῆς
2550 2007 2763 2079 ἡμέρας
2799 2008 2900 2078 τῆς
2929 2009 3300 2072 ἀναστάσεως.
3334 2010 3392 2062 ὲν
3499 2007 3660 2062 δύνα-

2087 2117 2180 2172 μις
2207 2097 2304 2152 τοῦ
2354 2097 2492 2152 Θεοῦ
2522 2096 2582 2162 ἐξ
2611 2097 2791 2150 αὐτῶν
2817 2097 2948 2151 αὐτὸ
2991 2099 3156 2152 πάλιν
3197 2097 3476 2170 ἀνίστησι,
3515 2096 3662 2152 καθά
3727 2108 3732 2112 ”

2083 2191 2178 2246 καὶ
2212 2190 2307 2244 ἀπ’
2331 2189 2510 2262 ἀρχῆς
2533 2191 2623 2244 ὅτε
2654 2191 2786 2244 αὐτὸ
2819 2191 3112 2258 πεποίηκε.

2154 2283 2264 2338 Καὶ
2303 2283 2454 2346 ὅπως
2485 2283 2550 2336 ὲκ
2595 2283 2834 2354 φυσικῆς
2876 2299 3024 2349 τινος
3073 2283 3399 2348 ἀκολουθίας
3460 2282 3660 2361 πείσω,

2083 2359 2166 2431 ὅτι
2194 2378 2276 2440 είς
2298 2375 2368 2430 τὰ
2398 2379 2641 2446 στοιχεῖα
2667 2375 2964 2430 ἀναλύεται
2995 2375 3093 2431 καὶ
3115 2376 3413 2448 διαιρεῖται
3429 2377 3495 2430 τὸ
3529 2359 3663 2430 ἀπο-

2083 2468 2318 2537 θνῆσκον
2350 2466 2532 2540 σῶμα,
2572 2466 2828 2523 ἄκουσον.
2878 2467 2954 2522 Τὸ
2982 2467 3214 2533 ζωτικὸν
3260 2469 3358 2524 καὶ
3393 2466 3664 2532 ζωοποιδν

2084 2563 2352 2630 στοιχεῖον
2375 2557 2474 2614 καὶ¹
2512 2559 2570 2613 ὲν
2599 2561 2713 2624 τοῖς
2747 2559 2990 2629 ἀλόγοις,
3027 2559 3123 2615 καὶ
3175 2561 3235 2614 ἐν
3280 2562 3395 2622 τοίς
3445 2559 3662 2630 ἀνθρὼ-

2080 2669 2224 2719 ποις,
2257 2653 2354 2706 καὶ
2383 2652 2442 2704 ὲν
2477 2652 2642 2705 παντὶ
2673 2652 2906 2724 ἐμψύχῳ
2930 2653 3234 2724 κινουμένῳ
3261 2653 3324 2706 τό
3349 2647 3492 2722 αἷμά
3521 2653 3656 2714 ἐστι,

2079 2742 2222 2812 τοῦτ’
2256 2743 2406 2794 ἔστιν
2435 2743 2467 2811 ή
2499 2740 2676 2814 θερμὴ
2701 2740 2794 2794 τοῦ
2823 2741 2996 2814 πυρὸς
3023 2741 3118 2796 τοῦ
3140 2741 3406 2812 στοιχείου
3435 2744 3657 2813 ἐνεργη-

2079 2833 2206 2904 τικὴ
2243 2833 2492 2902 κίνησις·
2537 2835 2595 2886 ἐν
2633 2834 2732 2904 μὲν
2777 2836 2896 2898 τοῖς
2946 2833 3162 2902 ἀλόγοις
3207 2832 3505 2902 δεσμοῦσα,
3559 2832 3650 2885 καὶ

2080 2928 2398 2998 συνέχουσα,
2419 2928 2513 2980 καὶ
2543 2926 2772 2980 κινοῦσα
2823 2930 2894 2980 τὰ
2939 2927 3068 2997 τρία
3127 2929 3392 2998 στοιχεῖα.
3422 2926 3532 2980 Καὶ
3565 2923 3651 2980 διὰ

2075 3019 2232 3072 τοῦτο
2258 3019 2334 3083 ὡς
2361 3017 2564 3088 δεσμοῦ
2608 3017 2970 3088 τυγχάνοντος
3009 3015 3104 3070 τοῦ
3155 3017 3410 3088 αἵματος,
3443 3015 3538 3071 ἐὰν
3563 3033 3648 3068 κε-

2075 3109 2222 3180 νωθῇ
2253 3109 2377 3162 καθ’
2410 3106 2736 3178 ὑπερϐολὴν,
2795 3109 2906 3161 εἴτε
2969 3109 3032 3178 ἐκ
3073 3106 3174 3178 τυῦ,
3200 3105 3516 3178 ἀνθρώπου,
3549 3107 3656 3168 εἴτε

2075 3200 2184 3252 ἀπὸ
2212 3199 2412 3263 παντὸς
2437 3198 2600 3264 ζώου,
2634 3198 2835 3261 εὐθέως
2865 3199 3201 3268 ἀποθνήσκει
3227 3207 3287 3251 το
3315 3198 3476 3264 ζῶον,
3512 3213 3606 3252 και
3631 3198 3660 3250 ὁ

2075 3289 2380 3364 ἄνθρωπος’
2413 3291 2516 3344 κᾶν
2561 3289 2618 3343 δὲ
2678 3289 2754 3358 μὴ
2800 3289 3036 3362 κενωθῇ,
3079 3289 3274 3364 ἐξέλθῃ
3320 3289 3442 3367 δὲή
3479 3289 3660 3362 θερμὴ

2073 3384 2168 3436 καὶ
2195 3381 2402 3454 ζωτικὴ
2433 3381 2600 3436 αὐτοῦ
2659 3381 2875 3454 κίνησις
2900 3383 2996 3435 καὶ
3023 3384 3295 3455 ἐνέργεια,
3327 3383 3530 3452 ὁμοίως
3567 3383 3658 3434 εὐ-

2073 3475 2216 3539 θέως
2247 3474 2609 3546 ἀποθνήσκει.
2639 3475 2762 3528 ’Ὁτι
2797 3473 2855 3528 δὲ
2896 3473 2960 3528 τὸ
2986 3474 3192 3547 θερμὸν
3224 3473 3490 3546 στοιχεῖόν
3535 3476 3653 3528 ἐστι

2069 3567 2130 3620 τὸ
2169 3567 2424 3632 ζωτικὸν,
2455 3566 2797 3622 πειθέτωσάν
2829 3585 2889 3621 σε
2925 3568 2994 3623 τὰ
3026 3567 3134 3622 τῶν
3177 3567 3408 3640 ὀρνίθων
3435 3567 3518 3622 ibi
3566 3568 3658 3622 διὰ

2069 3659 2173 3729 τῆς
2222 3659 2472 3729 θάλψεως
2523 3659 2959 3731 ζωοποιούμενα.
3001 3661 3234 3732 Ὁμοίως
3274 3660 3370 3714 καὶ
3417 3663 3446 3716 ό
3492 3661 3659 3732 λέϐης

2069 3750 2166 3804 τοῦ
2196 3751 2389 3815 ὓδατος
2415 3751 2508 3805 διὰ
2543 3751 2637 3804 τοῦ
2669 3753 2844 3824 πυρδς
2887 3753 3107 3818 ἀναζῶν
3156 3755 3253 3808 καὶ
3303 3756 3656 3825 κινούμενος,

2069 3841 2166 3896 καὶ
2196 3843 2384 3912 φωνήν
2411 3859 2533 3896 τινα
2558 3844 2628 3912 τῇ
2669 3842 2862 3914 βράσει
2890 3843 3238 3915 ποιούμενος.
3278 3845 3346 3914 Αἱ
3372 3845 3482 3918 γὰρ
3514 3845 3658 3902 θεῖαι

2069 3934 2312 4003 Γραφαὶ,
2345 3935 2440 3988 καὶ
2469 3937 2496 3988 ό
2529 3935 2734 4011 Κύριος
2775 3934 2912 4008 πρὸς
2939 3935 3040 4007 τὴν
3070 3936 3462 4008 Σαμαρείτιδα,
3512 3935 3659 4010 ὕδωρ

2069 4025 2179 4092 ζῶν
2223 4025 2286 4079 τὸ
2319 4027 2643 4096 κινούμενον
2669 4027 2766 4080 καὶ
2804 4025 3164 4097 ἐξαλλόμενον
3201 4027 3299 4080 καὶ
3336 4025 3507 4098 ἡχοῦν
3534 4027 3658 4081 ovo-

2072 4118 2325 4190 μὰζουσι.
2361 4119 2472 4172 Καὶ
2502 4119 2642 4188 τάχα
2675 4117 2762 4172 διὰ
2797 4117 2958 4171 τοῦτό
2983 4134 3148 4188 φησιν
3168 4118 3198 4170 ὁ
3229 4116 3366 4180 Θεὸς
3397 4100 3486 4186 τῷ·
3510 4115 3656 4183 Θεῷ.

2064 4212 2146 4265 ὅτι
2188 4230 2206 4262 ι
2246 4211 2403 4280 Παρᾶ
2439 4211 2520 4265 σοὶ
2551 4211 2703 4282 πηγὴ
2747 4207 2915 4282 ζωῆς.
2962 4228 2981 4262 ι
3034 4209 3254 4280 Ἐπειδὴ
3303 4211 3455 4263 πᾶσα
3504 4211 3658 4280 πηγὴ

2065 4305 2315 4376 μιμεῖται
2359 4303 2457 4374 τὴν
2483 4302 2760 4374 ἡμετέραν
2797 4302 2966 4372 ζωὴν,
3005 4302 3102 4356 καὶ
3139 4303 3232 4355 τὸν
3269 4300 3528 4366 θάνατον,
3567 4303 3664 4354 καὶ

377 4392 674 4448 tenebroso
713 4395 1073 4464 quasi'utero
1107 4385 1320 4467 abyssi;
1361 4411 1502 4464 quin,
1548 4395 1642 4451 ubi
1678 4403 1954 4450 maturum

2076 4395 2158 4464 τὴν
2195 4395 2516 4450 ἀνάστασιν.
2565 4395 2828 4448 Τίκτεται
2882 4395 2982 4464 μὲν
3036 4394 3148 4466 γὰρ
3213 4393 3274 4447 τὸ
3314 4394 3416 4464 τῆς
3471 4391 3662 4462 πηγῆς

378 4493 598 4553 tempus
650 4485 893 4552 advenit,
947 4487 1000 4542 in
1051 4488 1228 4543 lucem
1273 4488 1646 4560 progreditur,
1683 4499 1959 4555 movetur,

2076 4486 2232 4556 ὕδωρ,
2264 4485 2455 4558 ὥσπερ
2482 4486 2678 4558 νήπιον
2697 4487 2758 4540 ὲν
2775 4489 3075 4552 σκοτεινοῖς
3091 4485 3333 4556 γαστρὸς
3357 4486 3458 4556 τῆς
3487 4483 3662 4538 ἀϐύσ-

374 4568 676 4646 ειειιίιῐιιιιιο
707 4592 898 4633 vocem
928 4580 1150 4634 emittit.
1185 4581 1381 4635 Postea
1412 4596 1539 4635 cum
1575 4580 1629 4635 in
1661 4581 1958 4636 caldariam

379 4668 724 4737 imponitur,
770 4671 922 4725 velut
989 4673 1299 4726 membrum
1355 4680 1722 4742 amputatum,
1771 4671 1962 4726 subito

375 4760 576 4816 amissa
605 4761 849 4816 motione
885 4765 1158 4818 emoritur
1191 4763 1324 4836 (84).
1359 4765 1428 4820 At
1462 4763 1554 4818 ubi
1582 4763 1746 4818 lebeti
1779 4765 1958 4842 ignem

375 4851 702 4920 subjeceris,
729 4855 884 4925 quasi
917 4856 1205 4925 proprium
1239 4856 1312 4910 sit
1348 4855 1510 4911 calidi
1544 4855 1802 4910 elementi
1839 4855 1959 4910 ani-

374 4958 583 4998 matum
609 4945 862 5010 reddere,
889 4947 1098 5016 absque
1117 4963 1272 5002 mora
1295 4948 1360 5001 ad
1389 4946 1771 5002 habitudinem
1797 4961 1960 5015 quam

377 5034 442 5088 ad
487 5034 697 5092 fontem
750 5037 994 5092 habebat
1024 5037 1356 5102 revertitur;
1405 5036 1689 5092 reviviscit
1729 5037 1878 5092 enim
1905 5044 1962 5092 et

378 5128 620 5191 subsiiit,
663 5145 972 5200 vocemque
1002 5129 1134 5185 dum
1165 5129 1466 5195 reviviscit,
1514 5128 1738 5184 emittit.
1791 5127 1961 5184 Simi-

382 5218 507 5271 liter
539 5219 760 5288 plantat,
813 5221 1060 5282 arbores,
1091 5229 1147 5276 et
1193 5220 1378 5276 omnia
1423 5235 1546 5290 quae
1589 5220 1958 5285 seminantur,

379 5307 423 5359 si
479 5323 508 5360 a
557 5307 688 5362 solis
707 5309 894 5365 calore
933 5326 1042 5365 non
1067 5311 1410 5374 foverentur,
1443 5325 1548 5365 nec
1588 5311 1803 5364 radices
1833 5313 1961 5365 mit-

380 5407 581 5460 terent,
640 5415 744 5454 nec
788 5403 900 5456 vita
949 5402 1314 5457 donarentur.
1361 5401 1518 5468 Quod
1575 5400 1621 5455 si
1664 5401 1720 5457 in
1776 5403 1958 5459 lucem

454 5537 500 5572 ""
523 5537 678 5592 Joan.
721 5555 776 5601 ν,
809 5540 898 5594 28.
973 5540 1020 5572 "
1054 5541 1196 5596 Psal.
1233 5556 1371 5603 χειν,
1404 5541 1454 5594 4.
1530 5537 1578 5570 ⁸⁸
1607 5537 1765 5594 Joan.
1797 5555 1872 5604 Iv,
1908 5541 1994 5596 Η.

2072 4596 2189 4644 σου,
2231 4577 2584 4650 διαλυόμενον
2627 4578 2721 4632 καὶ
2772 4580 2854 4642 είς
2899 4577 3017 4646 φῶς
3081 4577 3508 4648 προερχόμενον,
3557 4577 3657 4628 καὶ

2069 4668 2412 4738 κινούμενον.
2448 4669 2544 4723 καὶ
2591 4668 2778 4740 φωνὴν
2809 4667 3016 4732 εὐθέως
3063 4669 3382 4740 ἀφιέμενον.
3429 4661 3564 4722 Εἶτα
3600 4669 3658 4720 ἐν

2067 4760 2256 4832 λέϐητι
2287 4761 2670 4833 ἀντλούμενον,
2721 4759 2911 4833 ὥσπερ
2963 4759 3124 4830 μέλος
3171 4759 3526 4830 τεμνόμενον,
3561 4759 3656 4811 εὐ-

2069 4851 2209 4916 θέως
2231 4853 2446 4920 γίνεται
2477 4852 2861 4924 νεκρούμενον,
2894 4852 2988 4906 καὶ
3029 4852 3103 4922 μὴ
3140 4849 3482 4919 κινούμενον,
3519 4851 3658 4921 μηδὲ

2072 4946 2258 5016 φωνήν
2297 4963 2419 4998 τινα
2456 4944 2804 5016 ποιούμενον.
2837 4945 3007 4998 Ἐπάν
3055 4945 3111 4996 δὲ
3159 4943 3220 4997 τὸ
3263 4941 3378 5014 πῦρ
3409 4942 3516 4996 ὑπὸ
3559 4943 3654 4995 τδν

2067 5036 2273 5108 λέϐητα
2307 5037 2608 5109 ὑποϐὰλῃς,
2641 5037 2716 5100 ὡς
2749 5035 2815 5091 ἂν
2847 5036 2955 5090 ἴδια
2990 5035 3084 5088 τοῦ
3137 5031 3346 5104 θερμοῦ
3379 5033 3654 5102 στοιχείου

2065 5129 2407 5200 ψυχούμενα,
2427 5130 2630 5192 εῦθέως
2651 5131 2731 5193 εἰς
2746 5128 2810 5182 τὸ
2839 5130 3110 5200 πρότερον
3134 5123 3306 5180 αὑτοῦ
3337 5125 3440 5194 τῆς
3466 5124 3654 5194 πηγῆς

2069 5224 2260 5294 σχῆμα
2289 5225 2672 5294 ἐπανέρχεται,
2709 5219 2926 5284 ἀναζῶν
2957 5219 3051 5274 καὶ
3079 5217 3394 5286 ἀναπηδῶν,
3415 5217 3511 5270 καὶ
3542 5233 3654 5285 φω-

2065 5314 2163 5384 νὴν
2187 5317 2245 5366 ἐν
2271 5313 2348 5384 τῷ
2384 5316 2591 5385 ἀναζῇν
2617 5313 2932 5383 ἀφιέμενον.
2971 5311 3247 5376 Ὡσαύτως
3269 5308 3365 5374 καὶ
3390 5309 3459 5360 τὰ
3483 5305 3648 5376 φυτὰ,

2067 5407 2162 5459 καὶ
2190 5407 2258 5458 τὰ
2291 5405 2504 5478 δένδρα,
2531 5407 2622 5459 καὶ
2657 5407 2766 5460 πᾶν
2807 5404 3096 5474 σπόριμον,
3158 5403 3254 5455 ἐὰν
3290 5399 3364 5471 μὴ
3419 5401 3508 5453 διὰ
3547 5397 3651 5464 τῆς

2073 5543 2117 5572 *³⁸
2146 5543 2285 5596 Paul.
2319 5559 2478 5602 xxxv.
2508 5541 2593 5596 10.

1903 5674 2136 5731 NOTAE.

1903 5675 1944 5730 Ν
1999 5675 2068 5731 ΤΛ

460 5763 570 5835 (Si)
614 5763 800 5821 Simile
841 5765 968 5835 quid
1016 5766 1262 5821 invenies
1305 5775 1493 5836 quzrst.
1545 5768 1663 5832 l'5i,
1713 5765 1778 5821 ad
1809 5675 2068 5824 Antit?cb.
