4056 6434
289 384 403 453 729

1685 391 2206 476 quasrroxss.

3466 386 3576 452 780

293 505 532 578 ἡλιακῆς
562 503 780 576 ’θέρμης
821 505 1201 580 καταθαλφθῇ.
1231 509 1294 564 ού
1327 509 1489 582 ριζοί,
1523 511 1648 566 οὐδὲ
1681 511 1882 579 ζωογο-

1987 513 2276 591 prodeant,
2312 530 2494 588 neque
2525 491 2792 577 fructum,
2828 526 3010 584 neque
3036 525 3222 568 semen
3257 508 3403 565 ferre
3439 525 3572 580 pos-

291 601 494 655 νεῖται.
531 599 594 652 Εἰ
618 598 679 652 δὲ
724 601 806 662 εις
833 599 952 670 φῶς
989 601 1342 674 προέρχεται,
1388 603 1510 657 οὐδὲ
1539 603 1705 674 γονὴν
1727 603 1888 675 ἐργά-

290 691 473 756 ζεται.
517 688 840 769 tramam
884 693 914 745 ὁ
968 692 1178 764 χειμὼν
1225 695 1316 748 διὰ
1361 695 1458 748 τοῦ
1489 695 1700 767 ψυχροῦ
1743 713 1890 748 010v.-

287 781 470 852 χείου,
505 781 607 850 τὴ)
659 779 940 851 ἀκαρπίαν
977 783 1076 854 μὲν
1139 785 1254 848 τοῖς
1289 787 1500 854 φυτοῖς,
1530 787 1632 856 τὴν
1662 785 1890 854 ἀγονίαν

283 873 349 926 δὲ
414 874 510 926 καὶ⁸
539 873 797 926 ἀτεκνίαν
825 877 940 938 τοῖς
966 873 1130 940 ζώοις
1156 877 1333 928 ποιεῖ·
1369 877 1428 929 ἐν
1455 871 1538 940 οἷς
1561 877 1750 948 τρόπῳ
1781 876 1890 930 τινὶ

285 968 557 1034 μιμεῖται
593 965 692 1037 τὴν
725 965 822 1020 τοῦ
853 965 1085 1021 Θανάτου
1112 969 1438 1040 κατήφειαν.
1484 970 1794 1042 Ὑποχωρεῖ
1815 967 1892 1040 τῷ

277 1057 463 1127 ψύχει
504 1059 538 1128 ἡ
569 1057 810 1128 τρυγὼν,
835 1058 934 1111 καὶ
967 1057 1276 1130 κρύπτεται
1315 1059 1349 1132 ἡ
1403 1059 1650 1130 χελιδὼν,
1696 1061 1826 1132 σιγᾷ
1854 1063 1887 1130 ή

279 1148 508 1218 ἀηδὼν,
533 1149 629 1202 καὶ
677 1149 752 1215 ὡς
791 1151 856 1202 ἐν
891 1151 1087 1219 τάφοις
1127 1152 1292 1218 τισὶν,
1327 1149 1473 1204 οὕτω
1500 1153 1612 1216 τοῖς
1641 1153 1893 1222 ὲνσωμά-

282 1257 415 1302 τοις
445 1241 698 1312 ταμείοις
725 1241 778 1295 οἱ
807 1240 1091 1314 ἄνθρωποι
1109 1242 1612 1314 κατακρύπτονται,
1631 1243 1768 1315 πρὸς
1793 1243 1891 1314 τὴν

284 1333 536 1404 Θέρμην,
571 1331 762 1405 ῶσπερ
798 1333 950 1408 πρὸς,
969 1334 1117 1405 ζωὴν
1142 1335 1612 1405 καταφεύγοντεςο
1668 1336 1762 1389 καὶ
1791 1335 1892 1406 τῆς

286 1425 682 1497 χωριζομένης
727 1425 820 1480 τοῦ
854 1427 1123 1499 ἡμετέρου
1165 1429 1440 1498 σώματος,
1485 1429 1574 1483 διά
1611 1429 1713 1500 τῆς
1757 1431 1894 1482 ἀπο-

289 1519 518 1588 ψύξεως
550 1519 645 1573 καὶ
673 1519 1078 1591 ὑποχωρήσεως
1111 1522 1212 1592 τῆς
1232 1521 1327 1581 τοῦ
1357 1506 1590 1592 αἵματος
1622 1521 1894 1594 θερμότη-

287 1629 414 1676 τος,
451 1615 484 1666 ὁ
529 1613 812 1684 χωρισμὸς
842 1615 942 1684 τῆς
977 1614 1158 1684 ψυχῆς
1186 1615 1418 1684 γίνεται.

363 1700 575 1772 Διόπερ
599 1701 697 1756 ὲάν
733 1702 1038 1774 ἀνασχίσῃς
1064 1703 1127 1756 τὺ
1154 1703 1433 1775 νεκρωθὲν
1463 1703 1668 1768 εὐθέως
1706 1700 1890 1772 σῶμα,

291 1791 466 1862 χολὴν
507 1792 632 1860 μὲν,
665 1793 761 1846 καὶ
795 1792 990 1862 χυμὸν,
1039 1793 1138 1848 καὶ
1183 1793 1403 1866 φλέγμα
1439 1795 1499 1847 ὲν
1552 1792 1704 1864 αὐτῷ
1727 1793 1894 1866 εὑρή-

293 1903 408 1948 σεις
428 1903 441 1914 ·
477 1878 623 1954 αἷμα
649 1885 706 1940 δὲ
729 1885 1008 1954 οὐδαμῶς.
1030 1885 1256 1956 Πρῶτον
1286 1887 1396 1960 γὰρ
1421 1887 1483 1940 τὸ
1509 1885 1714 1960 θερμὸν
1746 1903 1890 1940 στοι-

293 1979 439 2046 χεῖον
466 1977 750 2047 ὑποχωρεί
779 1979 846 2034 ὲκ
869 1975 968 2032 τοῦ
1003 1977 1298 2050 σώματος·
1331 1978 1587 2051 δεύτερον
1613 1978 1673 2032 τὸ
1697 1979 1886 2050 ὑγρὸν,

295 2070 384 2120 καὶ
405 2069 598 2140 τρίτον
622 2067 685 2122 τὺ
706 2069 920 2140 ψυχρόν
941 2086 956 2101 ·
999 2068 1208 2134 λοιπὸν,
1257 2071 1360 2124 οὐκ
1391 2069 1662 2140 ἀπομένει
1705 2071 1765 2123 ὲν
1811 2069 1890 2141 τῷ

293 2161 451 2230 τάφῳ
485 2160 588 2213 καὶ
616 2161 674 2218 ὲν
698 2163 767 2230 τῇ
811 2161 908 2232 τῇ.
950 2162 1000 2214 ει
1051 2160 1127 2231 μὴ
1169 2160 1232 2216 τὸ
1263 2161 1448 2233 ξηρὸν,
1495 2161 1640 2215 τοῦτ’
1680 2161 1831 2216 ἐστιν
1859 2163 1890 2214 ό

297 2252 444 2324 χοῦς,
475 2252 538 2306 ὃν
576 2251 769 2308 ἐλαόεν
793 2253 821 2306 ὁ
845 2251 979 2316 Θεὸς
1012 2253 1122 2306 ἀπὸ
1149 2253 1250 2322 τῆς
1279 2253 1406 2324 γῆς.
1441 2253 1508 2307 Ἥ
1539 2252 1614 2322 γῆ
1637 2253 1800 2324 μόνον
1826 2257 1888 2308 τὸ

301 2347 428 2400 ἴδιον
456 2343 636 2414 αὐτῆς
667 2347 882 2415 κρατεῖ.
914 2345 998 2400 Τὰ
1049 2344 1106 2398 δὲ
1145 2344 1284 2399 ἄλλα
1324 2345 1455 2417 τρία
1502 2347 1764 2416 στοιχεῖα,
1807 2346 1888 2408 εἰς

306 2441 418 2500 τοὺς
452 2437 622 2501 ἰδίους
649 2437 852 2500 τόπους
875 2437 1208 2509 ἀπέρχονται
1231 2454 1248 2470 θ
1277 2438 1338 2491 τὸ
1366 2436 1592 2510 θερμὸν,
1626 2439 1706 2502 εἰς
1733 2437 1847 2508 πῦρ
1867 2453 1884 2470 ο

314 2530 368 2582 τδ
389 2528 617 2600 ψυχρὸν,
675 2529 756 2591 εἰς
789 2528 883 2581 τὸν
911 2528 1085 2598 ἀέραο
1126 2527 1189 2582 τὸ
1241 2527 1428 2600 ὑγρὸν,
1465 2531 1548 2593 εἰς
1591 2527 1661 2582 τὰ
1693 2528 1882 2583 ὖδατα.

330 2621 582 2691 Ὅπηνὶιια
617 2621 752 2690 γοῦν
809 2621 843 2692 ἡ
888 2622 1191 2686 ἀνάστασις
1246 2621 1485 2691 γίνεται.
1529 2621 1886 2692 συντρέχουσι

311 2713 541 2767 κελεύσει
561 2711 702 2766 Θεοῦ
723 2712 794 2766 τὰ
826 2714 1068 2784 στοιχεῖα
1095 2713 1234 2784 πρὸς
1257 2713 1450 2768 ἑαυτά.
1483 2713 1656 2768 Πάλιν
1679 2713 1886 2782 ὁμοίως

299 2807 386 2860 καὶ
417 2809 451 2878 ἡ
513 2803 667 2876 ψυχὴ
711 2804 932 2877 ἔρχεται
982 2806 1042 2861 ὲν
1071 2805 1278 2871 αὐτοῖς,
1306 2806 1398 2860 καὶ
1447 2805 1738 2861 ἀνίσταται
1767 2805 1885 2860 ὀλό-

292 2896 496 2968 κληρος
527 2897 560 2952 ὁ
583 2895 900 2968 ἄνθρωπος.

353 2988 534 3042 Ὅταν
568 2983 665 3043 οὖν
716 2979 1046 3061 δισταγμόξ
1077 2989 1161 3052 τίς
1210 3005 1294 3043 σοι
1347 2981 1478 3061 περὶ
1528 2989 1884 3056 ἀναστάσεως

283 3079 532 3150 γίνηται,
559 3079 798 3148 ὁρῶντός
833 3097 928 3134 σου
957 3082 1050 3136 τὸν
1077 3080 1209 3152 χοῦν
1236 3081 1330 3136 τὸν
1355 3081 1564 3152 ἄψυχον
1601 3085 1658 3136 ἐν
1684 3081 1758 3160 τῷ
1785 3085 1882 3138 τά-

280 3188 384 3241 «pip,
454 3171 558 3226 καὶ
609 3171 1002 3248 διαποροῦντός
1033 3189 1152 3243 σου,
1188 3173 1308 3236 πῶς
1353 3175 1388 3243 ή
1439 3175 1634 3240 σποδὸς
1663 3173 1804 3247 αὕτη
1843 3177 1950 3272 ἦό

277 3265 484 3336 οἰκτρά
518 3263 748 3322 δύναται
773 3265 1032 3336 γενέσθαι
1060 3265 1327 3337 ἔμψυχος,
1349 3266 1646 3338 ὁλόκληρος
1676 3267 1882 3340 ἄνθρω-

275 3375 376 3423 πος
401 3375 418 3392 ·
470 3357 678 3420 εὐθέως
723 3355 1042 3430 ἀπόϐλεψον
1064 3361 1145 3424 εἰς
1173 3360 1356 3422 αὐτὸν,
1391 3361 1483 3414 καὶ
1517 3360 1640 3430 ὕψει
1687 3363 1746 3414 ὲν
1788 3361 1878 3415 σοὶ

271 3451 361 3504 τὸν
385 3449 574 3504 τύπον
607 3449 706 3520 τῆς
733 3450 844 3504 τῶν
875 3452 1144 3522 σωμάτων
1175 3451 1531 3515 ἀναστάσεως
1559 3452 1660 3522 ἤδη
1709 3469 1879 3521 γεγε-

271 3544 544 3614 νημένον.
575 3541 750 3598 Πόθεν
779 3543 911 3612 γὰρ,
945 3543 1069 3597 εἰπέ
1098 3562 1210 3615 μοι,
1243 3543 1308 3610 σὺ
1337 3543 1592 3614 ἀνέστης,
1633 3545 1728 3598 καὶ
1759 3545 1878 3620 ὀλό-

269 3634 490 3706 κληρος
511 3633 800 3704 ἄνθρωπος
820 3635 1054 3704 γέγονας
1075 3653 1090 3703 ;
1128 3635 1232 3690 οὐκ
1260 3635 1370 3689 ἀπὸ
1396 3638 1606 3708 σπορᾶς
1629 3637 1877 3708 οἰκτρᾶς,

266 3730 362 3782 καὶ
400 3730 691 3800 ρυπαρᾶς,
727 3730 825 3797 καὶ
867 3731 1096 3801 μικρᾶς,
1128 3729 1320 3802 ῶσπερ
1353 3732 1420 3785 ἐκ
1461 3731 1636 3801 τάφου
1661 3733 1727 3784 ἐκ
1769 3732 1878 3802 μή..

264 3835 406 3889 τρας
441 3818 676 3888 δυνάμει
703 3817 840 3872 Θεοῦ
865 3819 1130 3892 ἀνέστης;
1163 3821 1227 3874 Et
1253 3819 1316 3884 δὲ,
1341 3820 1402 3874 τὸ
1440 3819 1650 3892 ἄψυχόν
1680 3839 1740 3875 σε
1777 3822 1878 3894 τῆς

263 3912 421 3975 κόνις
457 3915 484 3947 ⁸
516 3911 627 3964 τῶν
667 3911 942 3992 σωμάτων
967 3915 1048 3978 εἰς
1083 3913 1342 3978 ἀπιστίαν
1382 3915 1724 3986 περιϐάλλει,
1770 3917 1877 3986 φά-

264 4001 508 4065 σκοντός
539 4019 660 4069 σου,
693 4002 819 4068 Πῶς
863 4003 924 4057 τὸ
951 4005 1162 4076 ἄψυχον
1189 4006 1556 4075 ἀναγεννᾶται
1591 4007 1872 4079 Eprio-uxor);

262 4094 415 4164 ἔχεις
455 4095 591 4165 περὶ
618 4093 816 4149 τούτου
847 4095 944 4149 ἀπ’
983 4097 1156 4182 αὐτῇς
1181 4099 1283 4170 τῆς
1313 4099 1678 4170 κοσμοποιίας
1707 4100 1873 4173 μέχρι

261 4189 356 4240 καὶ
398 4184 510 4241 νῦν
562 4185 771 4252 πολλὰς
812 4189 1168 4254 ἀναστάσεως
1198 4192 1488 4263 γεννήσεις
1537 4191 1598 4258 ἐξ
1647 4192 1874 4264 ἀψύχων
1923 4237 1932 4248 ,

260 4276 569 4348 ἐμψύχους
600 4275 793 4342 οὔσας.
837 4278 1150 4350 Ἀψυχος.ὁ
1201 4280 1376 4352 ἣλιος,
1412 4281 1532 4336 ἀλλ’
1571 4281 1632 4347 ἐξ
1679 4281 1872 4348 αὐτοῦ,

257 4369 335 4432 ὡς
360 4368 643 4433 πολλάκις
661 4365 839 4432 εἷπον,
860 4371 1194 4442 προέρχεται
1223 4374 1256 4444 ἡ
1288 4372 1399 4427 τῶν
1430 4375 1703 4444 σωμάτων
1733 4375 1873 4430 πάν-

254 4479 368 4516 των
393 4459 656 4533 ἔμψυχος
687 4463 924 4532 κίνησις.
969 4464 1188 4537 ’Δψυχα
1225 4465 1293 4520 τὰ
1323 4465 1512 4532 ὕδατα,
1545 4465 1664 4520 ἀλλ’
1688 4466 1748 4531 ἐξ
1775 4467 1872 4520 αύ-

1991 619 2142 667 sunt.
2189 610 2332 665 Hinc
2371 611 2552 666 hiems
2597 623 2696 678 per
2743 605 3002 676 frigidum
3041 603 3380 660 elementum
3430 601 3575 658 infe-
3621 623 3635 670 ί

1992 701 2330 759 cunditatem
2365 701 2592 774 plantis,
2633 709 2689 756 ct
2719 697 3056 754 animalibus
3098 696 3446 752 sterilitatem
3477 695 3576 751 ad-

1991 797 2402 868 ducit;quibus
2430 794 2840 880 quadamtenus
2889 791 3088 848 mortis
3122 799 3320 862 tetram
3368 788 3578 844 maesti-

1995 890 2240 945 tudinem
2291 897 2348 944 et
2393 887 2794 943 obscuritatem
2849 887 3122 940 imitatur.
3175 883 3337 940 Cedit
3381 880 3576 953 frigori

1995 990 2197 1046 turtur,
2255 979 2499 1036 hirundo
2551 979 2851 1044 occulitur,
2896 977 3021 1032 silet
3067 965 3359 1040 lusciniaf
3388 964 3446 1030 et
3474 971 3576 1028 ho-

1993 1075 2192 1137 mines,
2241 1088 2344 1128 ceu
2387 1073 2442 1128 in
2487 1072 2778 1142 sepulcris,
2823 1071 2897 1124 ita
2948 1070 3066 1126 suis
3113 1070 3169 1123 in
3200 1066 3577 1123 hibernaculis

1992 1167 2232 1231 latitant,
2276 1175 2333 1220 et
2362 1165 2431 1219 ad
2469 1165 2710 1219 calorem
2737 1163 2891 1218 velut
2917 1161 2983 1216 ad
3017 1162 3182 1216 vitam
3215 1160 3573 1230 confugiunt;

1993 1271 2230 1325 cumque
2255 1255 2370 1308 vita
2403 1269 2434 1308 a
2468 1269 2704 1324 corpore
2734 1263 2926 1308 nostro
2954 1269 3055 1322 per
3099 1251 3576 1321 refrigerationem

1993 1356 2049 1401 et
2098 1360 2378 1401 recessum
2423 1345 2723 1400 caliditatis
2775 1360 2896 1414 quae
2939 1353 3025 1398 est
3074 1344 3127 1398 in
3175 1343 3444 1413 sanguine
3481 1343 3580 1398 ἐε-

1989 1435 2262 1506 jungitur,
2301 1434 2498 1490 anima:
2550 1435 2741 1489 itidem
2805 1433 3082 1504 separatio
3126 1433 3362 1488 exsistit.

2063 1701 2436 1774 Quapropter,
2469 1703 2515 1758 si
2535 1703 2764 1774 jamjam
2794 1710 3077 1756 mortuum
3109 1714 3312 1770 corpus
3338 1698 3574 1770 aperias,

1995 1795 2276 1850 choleram
2316 1795 2566 1865 quidem,
2607 1810 2834 1850 succum
2865 1804 2922 1848 et
2949 1793 3205 1865 phlegma
3239 1792 3296 1846 in
3337 1793 3457 1863 ipso
3490 1791 3578 1846 in-

1991 1888 2218 1969 venies;
2267 1887 2362 1942 sed
2410 1903 2764 1958 nequaquam
2807 1887 3154 1958 sanguinem.
3209 1885 3396 1940 Primo
3427 1885 3578 1940 enim

1991 1981 2230 2036 calidum
2269 1982 2612 2036 elementum
2662 1996 2730 2036 ex
2776 1995 3012 2050 corpore
3056 1979 3328 2044 abscedit,
3375 1977 3578 2048 deinde

1990 2073 2303 2138 humidum,
2351 2074 2518 2128 tertio
2561 2072 2866 2142 frigidum:
2917 2087 3021 2128 nec
3066 2071 3279 2126 tumulo
3319 2080 3377 2126 et
3416 2083 3579 2124 terrze

1988 2163 2198 2234 aliquid
2240 2172 2446 2234 praeter
2477 2163 2686 2218 siccum
2720 2161 3078 2234 relinquitur,
3109 2161 3218 2216 hoc
3255 2167 3359 2226 est,
3397 2158 3579 2242 puluis

1988 2273 2153 2328 quem
2177 2247 2427 2312 Deus'ex
2456 2265 2604 2312 terra
2626 2256 2862 2326 accepit.
2891 2255 3018 2311 Sola
3055 2261 3201 2314 terra
3235 2253 3381 2325 quod
3415 2269 3577 2308 suum

1987 2357 2074 2404 est
2098 2349 2316 2419 recipit.
2337 2349 2458 2404 A‘lia
2480 2349 2582 2403 tria
2609 2348 2883 2404 elementa
2915 2349 2984 2403 ad
3011 2346 3236 2418 propria
3261 2347 3383 2402 loca
3412 2344 3580 2418 39E,

1987 2441 2196 2496 abeunt
2234 2459 2250 2494 :
2295 2441 2448 2495 calor
2477 2441 2534 2495 in
2574 2441 2780 2511 ignem,
2826 2439 3086 2510 frigidum
3133 2439 3188 2493 in
3219 2453 3426 2504 aerem,
3475 2437 3580 2492 hu-

1987 2534 2199 2589 midum
2242 2533 2298 2588 in
2351 2538 2572 2604 aquam.
2604 2533 2662 2598 In
2711 2531 3131 2588 resurrectione
3167 2531 3334 2602 igitur
3377 2545 3582 2585 conve-

1985 2627 2142 2683 nient
2192 2626 2470 2682 elementa
2497 2628 2654 2698 jussu
2684 2625 2782 2680 Dei
2823 2625 2880 2680 in
2920 2640 3118 2688 unum,
3146 2632 3205 2679 et
3233 2624 3352 2693 ipsa
3383 2622 3574 2677 itidem

1987 2719 2176 2794 anima
2216 2735 2344 2782 cum
2381 2718 2580 2775 iisdem
2611 2716 2992 2788 copulabitur,
3024 2724 3390 2788 resurgetque
3427 2721 3580 2770 totus

1983 2814 2042 2862 et
2081 2807 2298 2878 integer
2333 2807 2520 2862 homo.

2054 2986 2288 3056 Quando
2313 2988 2484 3060 igitur
2516 2987 2794 3044 dubitatio
2827 2987 3114 3044 suboritur
3141 2986 3242 3044 tibi
3283 2985 3577 3058 aspicienti

1983 3081 2296 3136 exanimem
2344 3080 2543 3135 limum
2589 3089 2645 3136 et
2695 3087 2896 3136 terram
2943 3079 3002 3135 in
3054 3080 3348 3150 sepulcro,
3393 3079 3576 3134 ambi-

1983 3173 2176 3242 gisque
2225 3172 2507 3242 quomodo
2569 3171 2714 3227 cinis
2760 3171 2854 3228 ille
2895 3167 3236 3227 miserabilis
3277 3169 3574 3234 viviticarl,

1983 3263 2242 3331 animari,
2294 3264 2617 3335 integerque
2646 3271 2704 3319 et
2735 3263 2951 3320 solidus
2995 3263 3166 3320 homo
3193 3261 3336 3319 eilici
3379 3271 3574 3332 queat,

1981 3356 2169 3412 statim
2217 3357 2412 3414 oculos
2437 3356 2504 3411 ad
2541 3355 2780 3426 teipsum
2821 3364 2998 3422 verte,
3043 3355 3377 3426 videbisque
3425 3355 3482 3408 in
3519 3364 3575 3410 te

1982 3447 2280 3519 imaginem
2331 3446 2627 3517 quamdam
2670 3454 2922 3525 venturae
2969 3461 3270 3517 corporum
3322 3461 3577 3502 resurre-

1979 3539 2183 3594 ctionis
2217 3539 2331 3609 jam
2359 3537 2908 3608 prazcessisse.Unde
2936 3537 3110 3603 enim,
3146 3539 3307 3602 cedo,
3341 3544 3401 3592 tu
3447 3553 3576 3592 sur-

1981 3630 2196 3695 rexisti,
2232 3638 2290 3684 et
2341 3631 2556 3700 integer
2608 3629 2774 3686 homo
2823 3629 3058 3684 effectus
3108 3629 3216 3684 es?
3265 3643 3454 3684 nonne
3503 3643 3573 3684 ex

1977 3723 2096 3789 vili,
2130 3721 2358 3778 sordido
2389 3731 2446 3776 et
2471 3722 2671 3794 exiguo
2700 3721 2912 3777 semine
2958 3721 3250 3786 formatus,
3290 3735 3358 3776 ex
3387 3727 3575 3784 utero,

1981 3823 2248 3888 tanquam
2274 3831 2343 3870 ex
2375 3816 2668 3886 sepulcro;
2681 3814 2890 3870 virtute
2926 3814 3047 3878 Dei,
3077 3813 3331 3883 prodiisti
3354 3813 3378 3866 ?
3399 3811 3579 3868 Caete-

1979 3921 2123 3972 rum,
2154 3906 2200 3960 si
2231 3914 2284 3963 te
2309 3923 2342 3962 a
2381 3907 2569 3974 ﬁdect
2590 3907 2660 3962 ab
2687 3920 2914 3986 assensu
2947 3904 3176 3960 abducit
3202 3905 3350 3975 quod
3389 3905 3580 3975 pulvis

1977 3999 2050 4055 sit
2083 3998 2386 4062 exanimis,
2411 3997 2743 4069 dictitesque
2775 4015 2788 4051 :
2828 3995 3120 4064 Quomodo
3161 3996 3218 4064 id
3251 3997 3396 4068 quod
3436 4011 3574 4055 euq

1976 4091 2125 4145 nime
2173 4099 2259 4146 est
2309 4089 2572 4159 producit
2603 4088 2660 4143 id
2691 4088 2840 4160 quod
2898 4089 3084 4144 anima
3126 4087 3421 4158 praeditum
3451 4086 3578 4144 est?

1977 4179 2022 4236 si
2047 4179 2480 4250 circumspicere
2516 4179 2678 4246 velis,
2721 4181 2894 4235 multa
2921 4195 2954 4236 a
2983 4179 3210 4236 condito
3241 4177 3452 4234 mundo
3482 4193 3576 4234 re-

1976 4275 2341 4330 surrectionis
2371 4283 2430 4330 et
2454 4272 2896 4344 regenerationis
2945 4273 3317 4334 animatorum
3363 4286 3433 4326 ex
3476 4269 3570 4326 ιιι-ι

1974 4365 2232 4420 animatis
2271 4366 2522 4436 exempla
2548 4365 2815 4434 reperies.
2856 4359 2949 4420 Sol
2977 4363 3316 4420 inanimatus
3362 4369 3468 4427 est,
3511 4368 3574 4418 et

1976 4465 2159 4514 tamen
2207 4459 2276 4514 ab
2318 4459 2441 4530 ipso
2488 4459 2758 4530 procedit,
2815 4468 2878 4514 ut
2917 4457 3120 4529 saepius
3170 4458 3406 4521 dictum,
3450 4471 3579 4514 oms

257 4555 373 4608 τῶν
402 4553 511 4610 καὶ
543 4553 762 4624 γέγονε,
794 4556 888 4610 καὶ
917 4557 1129 4627 γίνεται
1157 4557 1265 4621 ἕως
1293 4557 1392 4612 νῦν
1419 4556 1683 4630 ἐμψύχων
1711 4557 1866 4624 ζώων

1983 4551 2131 4606 nium
2187 4567 2485 4622 corporum
2542 4552 2786 4608 animata
2844 4552 3038 4611 motio.
3108 4551 3390 4613 Inanimes
3439 4559 3572 4608 sunt-

255 4647 555 4718 γέννησις,
593 4647 690 4700 καὶ
720 4647 985 4700 πετεινῶν
1013 4648 1332 4720 ἀνάπτησις
1389 4649 1485 4706 καὶ
1541 4649 1865 4713 ἀνάστασις.

260 4735 518 4808 Ἀψυχός
556 4737 704 4790 ἐστιν
729 4740 762 4808 ἡ
795 4738 890 4808 γῆ,
932 4738 1050 4792 ἀλλ’
1097 4737 1158 4806 ἐξ
1203 4741 1373 4810 αὐτῆς
1408 4741 1600 4810 γέγονε
1645 4740 1868 4796 πάντων

259 4829 537 4899 ἐμψύχων
563 4828 782 4898 κτηνῶν
828 4831 921 4882 καὶ
952 4815 1200 4906 ἑρπετῶν
1221 4834 1255 4904 ἡ
1281 4831 1602 4896 ἀνάστασις.
1626 4833 1868 4906 ’Δψυχός

258 4921 379 4975 ἐστι
416 4921 451 4972 ὁ
487 4919 620 4990 ἀὴρ,
649 4919 787 4973 ἀλλὰ
821 4921 986 4992 μέχρι
1013 4921 1110 4975 νῦν
1126 4921 1300 4978 τίκτει
1329 4922 1576 4995 ἔμψυχον
1601 4923 1864 4994 ζωύφιον,

257 5009 540 5063 πετεινῶν
564 5010 884 5066 ἀνάστασιν.
903 5013 1102 5067 Λοιπὸν
1133 5013 1270 5084 πρὸς
1299 5000 1400 5078 τὰς
1428 5013 1736 5087 τ[οι]α,ύτας
1769 5015 1870 5069 πά-

259 5117 364 5164 σας
392 5101 502 5164 τὰς
531 5101 591 5168 ἐξ
613 5101 841 5174 ἀψύχων
865 5104 1146 5176 ἐμψύχους
1163 5107 1493 5172 ἀναστάσεις
1515 5107 1864 5173 ἀποϐλέπων,

257 5193 499 5246 πίστευε
529 5192 762 5266 δυνάμει
799 5197 938 5270 μόνῃ
988 5197 1146 5264 Θεοῦ,
1208 5201 1304 5252 καὶ
1356 5200 1456 5270 τῆς
1505 5201 1612 5272 γῆς
1653 5201 1864 5274 ἀψύχου

259 5284 498 5350 κόνεως,
537 5287 633 5340 καὶ
662 5287 866 5358 σαρκὸς
907 5287 1153 5359 ἔμψυχον
1184 5291 1437 5358 γίνεσθαι
1484 5292 1586 5362 τὴν
1626 5294 1866 5348 ἀνάστα·

263 5392 376 5431 σιν.
418 5377 484 5432 ’0
513 5379 625 5449 γάρ
675 5378 952 5452 βουλήσει,
991 5383 1090 5434 καὶ
1147 5382 1290 5454 λόγῳ
1343 5383 1511 5454 μόνῳ,
1551 5386 1617 5438 ἐκ
1656 5385 1752 5439 τοῦ
1786 5387 1862 5458 μὴ

258 5470 427 5533 ὄντος
456 5472 538 5535 εἰς
568 5471 630 5524 τὸ
655 5469 797 5526 εἶναι
825 5472 1237 5542 συστησάμενος
1265 5477 1362 5538 τὰς
1397 5477 1724 5546 ἀσωμάτους
1753 5477 1862 5532 τῶν

261 5562 527 5630 ἀγγέλων
563 5563 849 5634 δυνάμεις,
878 5567 974 5619 κού⁵
995 5567 1224 5636 οὐρανὸν
1256 5569 1350 5621 καὶ
1378 5567 1506 5637 γῆν,
1535 5569 1634 5622 καὶ
1661 5569 1860 5624 θάλατ-

265 5671 392 5718 ταν,
433 5655 527 5708 καὶ
580 5659 762 5710 πᾶσαν
801 5658 901 5728 τὴν
947 5659 1150 5732 ὁρατὴν
1223 5660 1318 5713 καὶ
1363 5661 1600 5732 ἀόρατον
1657 5661 1857 5727 κτίσιν,

1976 4659 2154 4714 aquae,
2201 4651 2260 4699 et
2300 4654 2486 4700 tamen
2514 4661 2586 4701 ex
2617 4646 2731 4700 illis
2751 4652 2808 4701 et
2833 4645 2990 4710 olim,
3016 4652 3075 4698 et
3098 4643 3404 4701 etiamnum
3440 4652 3572 4699 nata

1975 4745 2108 4792 sunt
2148 4744 2206 4791 et
2246 4746 2557 4793 nascuntur
2595 4737 2750 4792 varia
2793 4737 3076 4799 animalia,
3124 4743 3182 4792 et
3212 4736 3470 4791 volucres
3509 4734 3569 4792 in

1975 4830 2146 4884 altum
2173 4829 2555 4894 subvolantcs,
2583 4837 2641 4884 et
2662 4829 2822 4899 quasi
2851 4837 3226 4898 resurgentes.
3257 4827 3568 4886 lnanimata

1973 4930 2058 4978 est
2082 4931 2248 4987 terra,
2277 4932 2334 4980 et
2357 4935 2541 4977 tamen
2570 4938 2637 4978 ex
2664 4921 2754 4976 illa
2777 4921 3228 4991 omniajumenta
3259 4928 3316 4974 et
3342 4919 3568 4990 reptiliu

1973 5025 2356 5086 surrexcrunt.
2403 5015 2748 5082 Inanimatus
2789 5022 2876 5070 est
2913 5027 3028 5076 aer,
3075 5011 3441 5072 nihilominus
3493 5011 3569 5070 ad

1971 5087 2112 5162 hoc.
2151 5122 2328 5176 usque
2402 5114 2622 5176 tempus
2675 5105 2978 5159 animatum
3065 5103 3250 5158 avium
3305 5117 3562 5158 resurre.

1971 5203 2211 5256 ctionem
2265 5200 2426 5255 nobis
2475 5199 2723 5260 exhibet.
2767 5197 3146 5254 Consimiliter
3189 5196 3257 5252 ad
3309 5195 3452 5254 alias
3489 5211 3564 5256 ex

1971 5293 2289 5350 inanimatis
2325 5294 2600 5350 animatas
2631 5292 3070 5348 resurrectiones
3095 5290 3289 5346 oculos
3319 5296 3562 5358 vertens.

1969 5387 2156 5452 crede,
2201 5387 2318 5443 sola
2361 5386 2572 5442 virtute
2613 5385 2733 5450 Dei,
2782 5401 2850 5442 ex
2893 5391 2989 5440 tuo
3037 5385 3204 5440 etiam
3255 5382 3564 5437 inanimato

1972 5482 2200 5552 pulvere
2235 5489 2292 5534 et
2326 5495 2492 5536 carne
2535 5479 2833 5536 animatam
2885 5477 3354 5534 resurrectionem
3397 5474 3556 5534 fore:

1971 5573 2063 5644 qui
2087 5573 2234 5627 enim
2271 5573 2386 5627 sola
2415 5573 2700 5628 voluntate
2723 5573 2952 5643 soloque
2982 5572 3154 5627 verbo
3181 5585 3251 5625 ex
3285 5584 3392 5624 non
3437 5581 3560 5624 esse

1973 5666 2041 5720 ad
2084 5681 2206 5720 esse
2253 5681 2448 5721 omnes
2513 5666 2869 5736 incorporeas
2918 5664 3240 5734 angelorum
3297 5660 3559 5727 virtutes,

1553 5777 1786 5835 VARIE
1829 5779 2234 5839 LECTIONES.

343 5846 372 5877 ³
409 5839 630 5906 κόνεως.
