  <div class='ocr_page' id='page_1' title='image "/cluster/home/n/w/nwhite01/storage/ocr_20150623/89/coo.31924054869932/380.png"; bbox 0 0 4056 6436; ppageno 0'>
   <div class='ocr_carea' id='block_1_1' title="bbox 367 347 467 411">
    <p class='ocr_par' dir='ltr' id='par_1_1' title="bbox 367 347 467 411">
     <span class='ocr_line' id='line_1_1' title="bbox 367 347 467 411; baseline -0.01 -1"><span class='ocrx_word' id='word_1_1' title='bbox 367 347 467 411; x_wconf 74' lang='lat'><strong>737</strong></span> 
     </span>
    </p>
   </div>
   <div class='ocr_carea' id='block_1_2' title="bbox 1751 291 2294 416">
    <p class='ocr_par' dir='ltr' id='par_1_2' title="bbox 1751 291 2294 416">
     <span class='ocr_line' id='line_1_2' title="bbox 1751 291 2294 416; baseline -0.002 -12"><span class='ocrx_word' id='word_1_2' title='bbox 1751 291 2294 416; x_wconf 23' lang='lat' dir='ltr'><strong>QUAESTIONES.’</strong></span> 
     </span>
    </p>
   </div>
   <div class='ocr_carea' id='block_1_3' title="bbox 3525 347 3638 412">
    <p class='ocr_par' dir='ltr' id='par_1_3' title="bbox 3525 347 3638 412">
     <span class='ocr_line' id='line_1_3' title="bbox 3525 347 3638 412; baseline 0.009 -1"><span class='ocrx_word' id='word_1_3' title='bbox 3525 347 3638 412; x_wconf 83' lang='lat'><strong>738</strong></span> 
     </span>
    </p>
   </div>
   <div class='ocr_carea' id='block_1_4' title="bbox 363 453 1961 530">
    <p class='ocr_par' dir='ltr' id='par_1_4' title="bbox 363 453 1960 528">
     <span class='ocr_line' id='line_1_4' title="bbox 363 453 1960 528; baseline -0.004 -15"><span class='ocrx_word' id='word_1_4' title='bbox 363 459 459 513; x_wconf 84' lang='grc' dir='ltr'><strong>τοῦ</strong></span> <span class='ocrx_word' id='word_1_5' title='bbox 487 455 645 512; x_wconf 84' lang='grc' dir='ltr'>Θεοῦ.</span> <span class='ocrx_word' id='word_1_6' title='bbox 671 474 690 508; x_wconf 74' lang='grc' dir='ltr'><strong>ι</strong></span> <span class='ocrx_word' id='word_1_7' title='bbox 717 456 780 510; x_wconf 88' lang='grc' dir='ltr'><strong>Εἰ</strong></span> <span class='ocrx_word' id='word_1_8' title='bbox 811 455 922 528; x_wconf 76' lang='grc' dir='ltr'><strong>γὰρ</strong></span> <span class='ocrx_word' id='word_1_9' title='bbox 954 455 1052 511; x_wconf 67' lang='grc' dir='ltr'>καὶ</span> <span class='ocrx_word' id='word_1_10' title='bbox 1070 455 1307 526; x_wconf 74' lang='grc' dir='ltr'>εἴρηταιο</span> <span class='ocrx_word' id='word_1_11' title='bbox 1339 473 1358 506; x_wconf 84' lang='grc'><em>‹</em></span> <span class='ocrx_word' id='word_1_12' title='bbox 1391 453 1488 518; x_wconf 89' lang='grc' dir='ltr'>Τίς</span> <span class='ocrx_word' id='word_1_13' title='bbox 1517 453 1658 522; x_wconf 78' lang='grc' dir='ltr'>ἔγνω</span> <span class='ocrx_word' id='word_1_14' title='bbox 1687 456 1811 509; x_wconf 80' lang='grc' dir='ltr'>νοῦν</span> <span class='ocrx_word' id='word_1_15' title='bbox 1846 456 1960 508; x_wconf 82' lang='grc' dir='ltr'><strong>Κυ-</strong></span> 
     </span>
    </p>
   </div>
   <div class='ocr_carea' id='block_1_5' title="bbox 2068 453 3660 530">
    <p class='ocr_par' dir='ltr' id='par_1_5' title="bbox 2068 455 3660 530">
     <span class='ocr_line' id='line_1_5' title="bbox 2068 455 3660 530; baseline 0.003 -20"><span class='ocrx_word' id='word_1_16' title='bbox 2068 457 2252 526; x_wconf 78' lang='lat' dir='ltr'><strong>gno‘vit</strong></span> <span class='ocrx_word' id='word_1_17' title='bbox 2285 457 2450 530; x_wconf 77' lang='lat'><strong>398</strong></span> <span class='ocrx_word' id='word_1_18' title='bbox 2479 472 2702 514; x_wconf 80' lang='lat' dir='ltr'><strong>sensum</strong></span> <span class='ocrx_word' id='word_1_19' title='bbox 2746 455 2967 513; x_wconf 89' lang='lat' dir='ltr'><strong>Domini</strong></span> <span class='ocrx_word' id='word_1_20' title='bbox 2995 457 3080 512; x_wconf 70' lang='grc' dir='ltr'><strong>ὀἳ</strong></span> <span class='ocrx_word' id='word_1_21' title='bbox 3108 477 3127 510; x_wconf 71' lang='grc' dir='ltr'><strong>ι</strong></span> <span class='ocrx_word' id='word_1_22' title='bbox 3155 457 3358 514; x_wconf 83' lang='lat' dir='ltr'><strong>Paulus</strong></span> <span class='ocrx_word' id='word_1_23' title='bbox 3386 465 3567 515; x_wconf 89' lang='lat' dir='ltr'><strong>tamen</strong></span> <span class='ocrx_word' id='word_1_24' title='bbox 3600 469 3660 515; x_wconf 85' lang='lat' dir='ltr'><strong>et</strong></span> 
     </span>
    </p>
   </div>
   <div class='ocr_carea' id='block_1_6' title="bbox 368 546 1957 623">
    <p class='ocr_par' dir='ltr' id='par_1_6' title="bbox 368 546 1957 623">
     <span class='ocr_line' id='line_1_6' title="bbox 368 546 1957 623; baseline -0.003 -20"><span class='ocrx_word' id='word_1_25' title='bbox 368 549 488 623; x_wconf 87' lang='grc' dir='ltr'>ρίου</span> <span class='ocrx_word' id='word_1_26' title='bbox 510 565 544 614; x_wconf 79' lang='lat'><strong>;,</strong></span> <span class='ocrx_word' id='word_1_27' title='bbox 565 567 584 600; x_wconf 76' lang='grc' dir='ltr'><em>ι</em></span> <span class='ocrx_word' id='word_1_28' title='bbox 623 546 741 601; x_wconf 79' lang='grc' dir='ltr'>ἀλλ’</span> <span class='ocrx_word' id='word_1_29' title='bbox 781 547 812 599; x_wconf 88' lang='lat'><strong>6</strong></span> <span class='ocrx_word' id='word_1_30' title='bbox 844 547 1072 610; x_wconf 82' lang='grc' dir='ltr'>’Παῦλος</span> <span class='ocrx_word' id='word_1_31' title='bbox 1129 547 1225 600; x_wconf 74' lang='grc' dir='ltr'>καὶ</span> <span class='ocrx_word' id='word_1_32' title='bbox 1255 548 1303 600; x_wconf 85' lang='grc' dir='ltr'>οἱ</span> <span class='ocrx_word' id='word_1_33' title='bbox 1347 548 1488 601; x_wconf 73' lang='grc' dir='ltr'>κατὰ</span> <span class='ocrx_word' id='word_1_34' title='bbox 1521 546 1734 600; x_wconf 78' lang='grc' dir='ltr'><strong>Παῦλον</strong></span> <span class='ocrx_word' id='word_1_35' title='bbox 1767 546 1957 614; x_wconf 80' lang='grc' dir='ltr'>λέγου-</span> 
     </span>
    </p>
   </div>
   <div class='ocr_carea' id='block_1_7' title="bbox 365 629 1959 710">
    <p class='ocr_par' dir='ltr' id='par_1_7' title="bbox 365 629 1959 710">
     <span class='ocr_line' id='line_1_7' title="bbox 365 629 1959 710; baseline -0.003 -16"><span class='ocrx_word' id='word_1_36' title='bbox 365 659 485 707; x_wconf 90' lang='grc' dir='ltr'>σιν,</span> <span class='ocrx_word' id='word_1_37' title='bbox 514 640 596 693; x_wconf 84' lang='grc' dir='ltr'>ὃτι</span> <span class='ocrx_word' id='word_1_38' title='bbox 639 658 658 692; x_wconf 73' lang='grc' dir='ltr'><strong>ι</strong></span> <span class='ocrx_word' id='word_1_39' title='bbox 714 639 910 710; x_wconf 78' lang='grc' dir='ltr'>Ἡμεῖς</span> <span class='ocrx_word' id='word_1_40' title='bbox 937 638 1064 693; x_wconf 87' lang='grc' dir='ltr'>νοῦν</span> <span class='ocrx_word' id='word_1_41' title='bbox 1107 639 1348 708; x_wconf 82' lang='grc' dir='ltr'><strong>Χριστοῦ</strong></span> <span class='ocrx_word' id='word_1_42' title='bbox 1381 629 1602 710; x_wconf 77' lang='grc' dir='ltr'>ἔχομεν,</span> <span class='ocrx_word' id='word_1_43' title='bbox 1637 657 1654 690; x_wconf 79' lang='grc' dir='ltr'><strong>ι</strong></span> <span class='ocrx_word' id='word_1_44' title='bbox 1691 637 1835 690; x_wconf 80' lang='grc' dir='ltr'>καθὰ</span> <span class='ocrx_word' id='word_1_45' title='bbox 1863 636 1959 690; x_wconf 71' lang='grc' dir='ltr'>καὶ</span> 
     </span>
    </p>
   </div>
   <div class='ocr_carea' id='block_1_8' title="bbox 371 729 1956 804">
    <p class='ocr_par' dir='ltr' id='par_1_8' title="bbox 371 729 1956 804">
     <span class='ocr_line' id='line_1_8' title="bbox 371 729 1956 804; baseline -0.003 -18"><span class='ocrx_word' id='word_1_46' title='bbox 371 732 651 804; x_wconf 75' lang='grc' dir='ltr'><strong>Ἱερεμίας</strong></span> <span class='ocrx_word' id='word_1_47' title='bbox 680 733 867 803; x_wconf 72' lang='grc' dir='ltr'>φησὶν,</span> <span class='ocrx_word' id='word_1_48' title='bbox 910 732 992 783; x_wconf 81' lang='grc' dir='ltr'>ὅτι</span> <span class='ocrx_word' id='word_1_49' title='bbox 1027 731 1086 783; x_wconf 80' lang='grc' dir='ltr'><strong>ού</strong></span> <span class='ocrx_word' id='word_1_50' title='bbox 1125 729 1200 801; x_wconf 83' lang='grc' dir='ltr'>μὴ</span> <span class='ocrx_word' id='word_1_51' title='bbox 1227 731 1430 802; x_wconf 80' lang='grc' dir='ltr'><strong>ποιήσῃ</strong></span> <span class='ocrx_word' id='word_1_52' title='bbox 1461 729 1668 800; x_wconf 80' lang='grc' dir='ltr'>Κύριος</span> <span class='ocrx_word' id='word_1_53' title='bbox 1703 729 1956 799; x_wconf 81' lang='grc' dir='ltr'>πρᾶγμα,</span> 
     </span>
    </p>
   </div>
   <div class='ocr_carea' id='block_1_9' title="bbox 357 819 1956 895">
    <p class='ocr_par' dir='ltr' id='par_1_9' title="bbox 357 819 1956 895">
     <span class='ocr_line' id='line_1_9' title="bbox 357 819 1956 895; baseline -0.003 -16"><span class='ocrx_word' id='word_1_54' title='bbox 357 827 506 895; x_wconf 78' lang='grc' dir='ltr'>ὅπερ</span> <span class='ocrx_word' id='word_1_55' title='bbox 527 823 627 878; x_wconf 85' lang='grc' dir='ltr'>οὐκ</span> <span class='ocrx_word' id='word_1_56' title='bbox 657 821 1006 892; x_wconf 75' lang='grc' dir='ltr'><strong>ἀποκαλύψει</strong></span> <span class='ocrx_word' id='word_1_57' title='bbox 1043 819 1395 884; x_wconf 68' lang='grc' dir='ltr'>τοῖςδούλοις</span> <span class='ocrx_word' id='word_1_58' title='bbox 1427 820 1594 874; x_wconf 87' lang='grc' dir='ltr'>αὑτοῦ</span> <span class='ocrx_word' id='word_1_59' title='bbox 1627 820 1956 892; x_wconf 72' lang='grc' dir='ltr'><strong>προφήταις.</strong></span> 
     </span>
    </p>
   </div>
   <div class='ocr_carea' id='block_1_10' title="bbox 433 912 1962 984">
    <p class='ocr_par' dir='ltr' id='par_1_10' title="bbox 433 912 1962 984">
     <span class='ocr_line' id='line_1_10' title="bbox 433 912 1962 984; baseline -0.005 -14"><span class='ocrx_word' id='word_1_60' title='bbox 433 917 500 970; x_wconf 76' lang='lat' dir='ltr'><strong>Ei</strong></span> <span class='ocrx_word' id='word_1_61' title='bbox 529 915 590 969; x_wconf 73' lang='grc' dir='ltr'><strong>δὲ</strong></span> <span class='ocrx_word' id='word_1_62' title='bbox 619 917 732 976; x_wconf 82' lang='grc' dir='ltr'>τοῖς</span> <span class='ocrx_word' id='word_1_63' title='bbox 756 916 815 968; x_wconf 80' lang='grc' dir='ltr'>ἐν</span> <span class='ocrx_word' id='word_1_64' title='bbox 844 917 995 984; x_wconf 85' lang='grc' dir='ltr'>νόμῳ</span> <span class='ocrx_word' id='word_1_65' title='bbox 1017 913 1230 984; x_wconf 73' lang='grc' dir='ltr'>ἐδήλου,</span> <span class='ocrx_word' id='word_1_66' title='bbox 1251 913 1326 976; x_wconf 78' lang='grc' dir='ltr'><strong>ὥς</strong></span> <span class='ocrx_word' id='word_1_67' title='bbox 1355 929 1522 982; x_wconf 75' lang='grc' dir='ltr'>φησιν</span> <span class='ocrx_word' id='word_1_68' title='bbox 1553 913 1582 965; x_wconf 83' lang='lat'><strong>6</strong></span> <span class='ocrx_word' id='word_1_69' title='bbox 1608 912 1797 976; x_wconf 74' lang='grc' dir='ltr'>Δαϐὶδ,</span> <span class='ocrx_word' id='word_1_70' title='bbox 1836 931 1854 963; x_wconf 71' lang='grc' dir='ltr'><strong>ι</strong></span> <span class='ocrx_word' id='word_1_71' title='bbox 1881 913 1962 964; x_wconf 81' lang='grc' dir='ltr'>Τὰ</span> 
     </span>
    </p>
   </div>
   <div class='ocr_carea' id='block_1_11' title="bbox 355 987 1955 1078">
    <p class='ocr_par' dir='ltr' id='par_1_11' title="bbox 355 987 1955 1078">
     <span class='ocr_line' id='line_1_11' title="bbox 355 987 1955 1078; baseline -0.006 -14"><span class='ocrx_word' id='word_1_72' title='bbox 355 1007 535 1078; x_wconf 74' lang='grc' dir='ltr'>ἄδηλα</span> <span class='ocrx_word' id='word_1_73' title='bbox 557 1007 654 1062; x_wconf 76' lang='grc' dir='ltr'>καὶ</span> <span class='ocrx_word' id='word_1_74' title='bbox 677 1005 748 1060; x_wconf 72' lang='grc' dir='ltr'><strong>τά</strong></span> <span class='ocrx_word' id='word_1_75' title='bbox 769 1005 979 1076; x_wconf 79' lang='grc' dir='ltr'><strong>κρύφια</strong></span> <span class='ocrx_word' id='word_1_76' title='bbox 1000 1006 1098 1074; x_wconf 80' lang='grc' dir='ltr'><strong>τῆς</strong></span> <span class='ocrx_word' id='word_1_77' title='bbox 1123 1005 1352 1077; x_wconf 82' lang='grc' dir='ltr'>καρδίας</span> <span class='ocrx_word' id='word_1_78' title='bbox 1380 987 1476 1057; x_wconf 72' lang='grc' dir='ltr'><strong>σου</strong></span> <span class='ocrx_word' id='word_1_79' title='bbox 1504 1004 1781 1076; x_wconf 78' lang='grc' dir='ltr'>ἐδήλωσάς</span> <span class='ocrx_word' id='word_1_80' title='bbox 1810 1019 1920 1072; x_wconf 87' lang='grc' dir='ltr'>μοι,</span> <span class='ocrx_word' id='word_1_81' title='bbox 1937 1021 1955 1053; x_wconf 72' lang='grc' dir='ltr'><strong>ι</strong></span> 
     </span>
    </p>
   </div>
   <div class='ocr_carea' id='block_1_12' title="bbox 356 1095 1963 1174">
    <p class='ocr_par' dir='ltr' id='par_1_12' title="bbox 356 1095 1963 1174">
     <span class='ocr_line' id='line_1_12' title="bbox 356 1095 1963 1174; baseline -0.004 -17"><span class='ocrx_word' id='word_1_82' title='bbox 356 1101 550 1174; x_wconf 80' lang='grc' dir='ltr'>πολλῷ</span> <span class='ocrx_word' id='word_1_83' title='bbox 604 1101 770 1154; x_wconf 85' lang='grc' dir='ltr'>πλέον</span> <span class='ocrx_word' id='word_1_84' title='bbox 816 1104 932 1163; x_wconf 87' lang='grc' dir='ltr'>τοῖς</span> <span class='ocrx_word' id='word_1_85' title='bbox 978 1102 1036 1152; x_wconf 82' lang='grc' dir='ltr'>ἐν</span> <span class='ocrx_word' id='word_1_86' title='bbox 1070 1103 1138 1170; x_wconf 80' lang='grc' dir='ltr'><strong>τῇ</strong></span> <span class='ocrx_word' id='word_1_87' title='bbox 1173 1100 1380 1170; x_wconf 86' lang='grc' dir='ltr'>χάριτι,</span> <span class='ocrx_word' id='word_1_88' title='bbox 1425 1098 1624 1161; x_wconf 78' lang='grc' dir='ltr'>οἵτινες</span> <span class='ocrx_word' id='word_1_89' title='bbox 1674 1097 1896 1168; x_wconf 80' lang='grc' dir='ltr'>ἔμαθον,</span> <span class='ocrx_word' id='word_1_90' title='bbox 1927 1095 1963 1150; x_wconf 71' lang='grc' dir='ltr'>ἃ</span> 
     </span>
    </p>
   </div>
   <div class='ocr_carea' id='block_1_13' title="bbox 355 1189 1963 1268">
    <p class='ocr_par' dir='ltr' id='par_1_13' title="bbox 355 1189 1963 1268">
     <span class='ocr_line' id='line_1_13' title="bbox 355 1189 1963 1268; baseline -0.006 -18"><span class='ocrx_word' id='word_1_91' title='bbox 355 1196 644 1268; x_wconf 71' lang='grc' dir='ltr'>ὀφθαλμὸς</span> <span class='ocrx_word' id='word_1_92' title='bbox 669 1196 774 1248; x_wconf 76' lang='grc' dir='ltr'>οὐκ</span> <span class='ocrx_word' id='word_1_93' title='bbox 804 1189 934 1256; x_wconf 81' lang='grc' dir='ltr'>εἶδε,</span> <span class='ocrx_word' id='word_1_94' title='bbox 966 1195 1063 1247; x_wconf 75' lang='grc' dir='ltr'>καὶ</span> <span class='ocrx_word' id='word_1_95' title='bbox 1088 1189 1186 1258; x_wconf 83' lang='grc' dir='ltr'><strong>οῦς</strong></span> <span class='ocrx_word' id='word_1_96' title='bbox 1209 1193 1311 1246; x_wconf 82' lang='grc' dir='ltr'>οὐκ</span> <span class='ocrx_word' id='word_1_97' title='bbox 1339 1193 1563 1262; x_wconf 66' lang='grc' dir='ltr'>ἤκουσε,</span> <span class='ocrx_word' id='word_1_98' title='bbox 1589 1191 1682 1243; x_wconf 73' lang='grc' dir='ltr'>καὶ</span> <span class='ocrx_word' id='word_1_99' title='bbox 1708 1191 1800 1243; x_wconf 73' lang='grc' dir='ltr'><strong>ἐπὶ</strong></span> <span class='ocrx_word' id='word_1_100' title='bbox 1827 1208 1963 1260; x_wconf 85' lang='grc' dir='ltr'>καρ-</span> 
     </span>
    </p>
   </div>
   <div class='ocr_carea' id='block_1_14' title="bbox 355 1282 1964 1358">
    <p class='ocr_par' dir='ltr' id='par_1_14' title="bbox 355 1282 1964 1358">
     <span class='ocr_line' id='line_1_14' title="bbox 355 1282 1964 1358; baseline -0.006 -15"><span class='ocrx_word' id='word_1_101' title='bbox 355 1289 485 1343; x_wconf 82' lang='grc' dir='ltr'>δίαν</span> <span class='ocrx_word' id='word_1_102' title='bbox 518 1287 811 1358; x_wconf 83' lang='grc' dir='ltr'>ἀνθρώπου</span> <span class='ocrx_word' id='word_1_103' title='bbox 852 1285 953 1338; x_wconf 81' lang='grc' dir='ltr'>οὐκ</span> <span class='ocrx_word' id='word_1_104' title='bbox 988 1284 1180 1354; x_wconf 78' lang='grc' dir='ltr'>ἁνέϐη’</span> <span class='ocrx_word' id='word_1_105' title='bbox 1209 1285 1408 1348; x_wconf 77' lang='grc' dir='ltr'>οἵτινες</span> <span class='ocrx_word' id='word_1_106' title='bbox 1435 1284 1529 1337; x_wconf 71' lang='grc' dir='ltr'><strong>καὶ</strong></span> <span class='ocrx_word' id='word_1_107' title='bbox 1561 1282 1834 1352; x_wconf 71' lang='grc' dir='ltr'>εἰσῆλθον,</span> <span class='ocrx_word' id='word_1_108' title='bbox 1870 1283 1964 1335; x_wconf 76' lang='grc' dir='ltr'>καὶ</span> 
     </span>
    </p>
   </div>
   <div class='ocr_carea' id='block_1_15' title="bbox 362 1371 1962 1446">
    <p class='ocr_par' dir='ltr' id='par_1_15' title="bbox 362 1371 1962 1446">
     <span class='ocr_line' id='line_1_15' title="bbox 362 1371 1962 1446; baseline -0.005 -12"><span class='ocrx_word' id='word_1_109' title='bbox 362 1379 770 1440; x_wconf 79' lang='grc' dir='ltr'><strong>ἀνεπαύσαντο,</strong></span> <span class='ocrx_word' id='word_1_110' title='bbox 789 1378 868 1440; x_wconf 87' lang='grc' dir='ltr'><strong>είς</strong></span> <span class='ocrx_word' id='word_1_111' title='bbox 889 1375 1168 1430; x_wconf 85' lang='grc' dir='ltr'>θεῖά-τινα</span> <span class='ocrx_word' id='word_1_112' title='bbox 1198 1377 1524 1446; x_wconf 79' lang='grc' dir='ltr'>πράγματα,</span> <span class='ocrx_word' id='word_1_113' title='bbox 1556 1394 1574 1426; x_wconf 84' lang='grc'><strong>‹</strong></span> <span class='ocrx_word' id='word_1_114' title='bbox 1601 1377 1681 1438; x_wconf 87' lang='grc' dir='ltr'><strong>είς</strong></span> <span class='ocrx_word' id='word_1_115' title='bbox 1703 1373 1739 1428; x_wconf 77' lang='grc' dir='ltr'><strong>ὃ.</strong></span> <span class='ocrx_word' id='word_1_116' title='bbox 1771 1371 1962 1426; x_wconf 75' lang='grc' dir='ltr'>ἐπιθυ-</span> 
     </span>
    </p>
   </div>
   <div class='ocr_carea' id='block_1_16' title="bbox 365 1465 1965 1544">
    <p class='ocr_par' dir='ltr' id='par_1_16' title="bbox 365 1465 1965 1544">
     <span class='ocr_line' id='line_1_16' title="bbox 365 1465 1965 1544; baseline -0.004 -18"><span class='ocrx_word' id='word_1_117' title='bbox 365 1471 564 1544; x_wconf 77' lang='grc' dir='ltr'>μοῦσιν</span> <span class='ocrx_word' id='word_1_118' title='bbox 581 1470 802 1539; x_wconf 78' lang='grc' dir='ltr'>ἄγγελοι</span> <span class='ocrx_word' id='word_1_119' title='bbox 821 1467 1171 1540; x_wconf 80' lang='grc' dir='ltr'>παρακύψαι,</span> <span class='ocrx_word' id='word_1_120' title='bbox 1203 1486 1221 1518; x_wconf 78' lang='grc' dir='ltr'><strong>ι</strong></span> <span class='ocrx_word' id='word_1_121' title='bbox 1252 1467 1328 1530; x_wconf 81' lang='grc' dir='ltr'><strong>ὡς</strong></span> <span class='ocrx_word' id='word_1_122' title='bbox 1352 1468 1674 1539; x_wconf 84' lang='grc' dir='ltr'>μαρτυρεῖὴ</span> <span class='ocrx_word' id='word_1_123' title='bbox 1696 1467 1815 1520; x_wconf 87' lang='grc' dir='ltr'>θεία</span> <span class='ocrx_word' id='word_1_124' title='bbox 1833 1465 1965 1537; x_wconf 77' lang='grc' dir='ltr'>Γραο</span> 
     </span>
    </p>
   </div>
   <div class='ocr_carea' id='block_1_17' title="bbox 359 1551 1964 1636">
    <p class='ocr_par' dir='ltr' id='par_1_17' title="bbox 359 1551 1964 1636">
     <span class='ocr_line' id='line_1_17' title="bbox 359 1551 1964 1636; baseline -0.004 -19"><span class='ocrx_word' id='word_1_125' title='bbox 359 1567 462 1636; x_wconf 72' lang='grc' dir='ltr'>φήο</span> <span class='ocrx_word' id='word_1_126' title='bbox 521 1563 719 1627; x_wconf 81' lang='grc' dir='ltr'>οἵτινες</span> <span class='ocrx_word' id='word_1_127' title='bbox 763 1561 980 1633; x_wconf 75' lang='grc' dir='ltr'>ἔχοντες</span> <span class='ocrx_word' id='word_1_128' title='bbox 1008 1561 1106 1614; x_wconf 75' lang='grc' dir='ltr'>σὺν</span> <span class='ocrx_word' id='word_1_129' title='bbox 1141 1561 1218 1630; x_wconf 83' lang='grc' dir='ltr'>τῷ</span> <span class='ocrx_word' id='word_1_130' title='bbox 1260 1558 1542 1630; x_wconf 87' lang='grc' dir='ltr'>Πνεύματι</span> <span class='ocrx_word' id='word_1_131' title='bbox 1571 1561 1668 1612; x_wconf 70' lang='grc' dir='ltr'>καὶ</span> <span class='ocrx_word' id='word_1_132' title='bbox 1713 1559 1804 1612; x_wconf 78' lang='grc' dir='ltr'>τὸν</span> <span class='ocrx_word' id='word_1_133' title='bbox 1835 1551 1964 1612; x_wconf 71' lang='grc' dir='ltr'>Υἱὺν</span> 
     </span>
    </p>
   </div>
   <div class='ocr_carea' id='block_1_18' title="bbox 307 1650 1966 1725">
    <p class='ocr_par' dir='ltr' id='par_1_18' title="bbox 307 1650 1966 1725">
     <span class='ocr_line' id='line_1_18' title="bbox 307 1650 1966 1725; baseline -0.006 -13"><span class='ocrx_word' id='word_1_134' title='bbox 307 1650 322 1720; x_wconf 67' lang='grc' dir='ltr'><em>ἶ</em></span> <span class='ocrx_word' id='word_1_135' title='bbox 361 1658 460 1713; x_wconf 87' lang='grc' dir='ltr'><strong>καί</strong></span> <span class='ocrx_word' id='word_1_136' title='bbox 489 1657 580 1710; x_wconf 79' lang='grc' dir='ltr'>τὸν</span> <span class='ocrx_word' id='word_1_137' title='bbox 629 1653 871 1725; x_wconf 81' lang='grc' dir='ltr'>Πατέρα,</span> <span class='ocrx_word' id='word_1_138' title='bbox 913 1652 1058 1706; x_wconf 72' lang='grc' dir='ltr'>κατὰ</span> <span class='ocrx_word' id='word_1_139' title='bbox 1097 1655 1197 1724; x_wconf 85' lang='grc' dir='ltr'>τὴν</span> <span class='ocrx_word' id='word_1_140' title='bbox 1238 1652 1538 1722; x_wconf 82' lang='grc' dir='ltr'>ὑπόσχεσιν</span> <span class='ocrx_word' id='word_1_141' title='bbox 1580 1650 1824 1724; x_wconf 76' lang='grc' dir='ltr'><strong>Χριστοῦ</strong></span> <span class='ocrx_word' id='word_1_142' title='bbox 1868 1650 1966 1721; x_wconf 78' lang='grc' dir='ltr'>τὴν</span> 
     </span>
    </p>
   </div>
   <div class='ocr_carea' id='block_1_19' title="bbox 357 1741 1964 1818">
    <p class='ocr_par' dir='ltr' id='par_1_19' title="bbox 357 1741 1964 1818">
     <span class='ocr_line' id='line_1_19' title="bbox 357 1741 1964 1818; baseline -0.006 -15"><span class='ocrx_word' id='word_1_143' title='bbox 357 1750 660 1818; x_wconf 77' lang='grc' dir='ltr'>λέγουσαν,</span> <span class='ocrx_word' id='word_1_144' title='bbox 704 1746 787 1800; x_wconf 81' lang='grc' dir='ltr'>ὅτι</span> <span class='ocrx_word' id='word_1_145' title='bbox 823 1763 842 1796; x_wconf 79' lang='grc' dir='ltr'><strong>ι</strong></span> <span class='ocrx_word' id='word_1_146' title='bbox 893 1743 1264 1815; x_wconf 81' lang='grc' dir='ltr'>Ἐλευσόμεθα</span> <span class='ocrx_word' id='word_1_147' title='bbox 1289 1743 1401 1811; x_wconf 78' lang='grc' dir='ltr'><strong>ἐγὼ</strong></span> <span class='ocrx_word' id='word_1_148' title='bbox 1425 1744 1520 1798; x_wconf 75' lang='grc' dir='ltr'>καὶ</span> <span class='ocrx_word' id='word_1_149' title='bbox 1552 1744 1580 1796; x_wconf 96' lang='lat'><strong>6</strong></span> <span class='ocrx_word' id='word_1_150' title='bbox 1609 1743 1824 1814; x_wconf 82' lang='grc' dir='ltr'>Πατὴρ,</span> <span class='ocrx_word' id='word_1_151' title='bbox 1867 1741 1964 1796; x_wconf 69' lang='grc' dir='ltr'>καὶ</span> 
     </span>
    </p>
   </div>
   <div class='ocr_carea' id='block_1_20' title="bbox 358 1833 1960 1913">
    <p class='ocr_par' dir='ltr' id='par_1_20' title="bbox 358 1833 1960 1913">
     <span class='ocr_line' id='line_1_20' title="bbox 358 1833 1960 1913; baseline -0.006 -18"><span class='ocrx_word' id='word_1_152' title='bbox 358 1843 540 1913; x_wconf 86' lang='grc' dir='ltr'>μονὴν</span> <span class='ocrx_word' id='word_1_153' title='bbox 575 1838 724 1911; x_wconf 86' lang='grc' dir='ltr'>παρ’-</span> <span class='ocrx_word' id='word_1_154' title='bbox 750 1835 902 1908; x_wconf 78' lang='grc' dir='ltr'>αὐτῷ</span> <span class='ocrx_word' id='word_1_155' title='bbox 947 1837 1315 1908; x_wconf 80' lang='grc' dir='ltr'>ποιησόμεθα.</span> <span class='ocrx_word' id='word_1_156' title='bbox 1359 1854 1378 1886; x_wconf 74' lang='grc' dir='ltr'><strong>ι</strong></span> <span class='ocrx_word' id='word_1_157' title='bbox 1413 1835 1525 1889; x_wconf 71' lang='grc' dir='ltr'><strong>Καὶ</strong></span> <span class='ocrx_word' id='word_1_158' title='bbox 1573 1835 1736 1908; x_wconf 73' lang='grc' dir='ltr'>πάλιν</span> <span class='ocrx_word' id='word_1_159' title='bbox 1771 1833 1960 1904; x_wconf 73' lang='grc' dir='ltr'>φησὶν,</span> 
     </span>
    </p>
   </div>
   <div class='ocr_carea' id='block_1_21' title="bbox 355 1925 1953 2000">
    <p class='ocr_par' dir='ltr' id='par_1_21' title="bbox 355 1925 1953 2000">
     <span class='ocr_line' id='line_1_21' title="bbox 355 1925 1953 2000; baseline -0.006 -12"><span class='ocrx_word' id='word_1_160' title='bbox 355 1935 446 1988; x_wconf 76' lang='grc' dir='ltr'>ὅτι</span> <span class='ocrx_word' id='word_1_161' title='bbox 486 1953 504 1984; x_wconf 73' lang='grc' dir='ltr'><strong>ι</strong></span> <span class='ocrx_word' id='word_1_162' title='bbox 545 1931 741 1994; x_wconf 73' lang='grc' dir='ltr'>Οὐδεὶς</span> <span class='ocrx_word' id='word_1_163' title='bbox 782 1929 1043 1999; x_wconf 81' lang='grc' dir='ltr'>γινώσκει</span> <span class='ocrx_word' id='word_1_164' title='bbox 1089 1929 1182 1984; x_wconf 76' lang='grc' dir='ltr'><strong>τὸν</strong></span> <span class='ocrx_word' id='word_1_165' title='bbox 1233 1926 1478 2000; x_wconf 82' lang='grc' dir='ltr'>Πατέρα,</span> <span class='ocrx_word' id='word_1_166' title='bbox 1514 1927 1579 1996; x_wconf 23' lang='grc' dir='ltr'><strong>ἐί</strong></span> <span class='ocrx_word' id='word_1_167' title='bbox 1615 1926 1690 1998; x_wconf 84' lang='grc' dir='ltr'>μὴ</span> <span class='ocrx_word' id='word_1_168' title='bbox 1735 1928 1764 1980; x_wconf 89' lang='lat'><strong>6</strong></span> <span class='ocrx_word' id='word_1_169' title='bbox 1803 1925 1953 1990; x_wconf 82' lang='grc' dir='ltr'>Υἱὸς,</span> 
     </span>
    </p>
   </div>
   <div class='ocr_carea' id='block_1_22' title="bbox 360 2012 1964 2092">
    <p class='ocr_par' dir='ltr' id='par_1_22' title="bbox 360 2012 1964 2092">
     <span class='ocr_line' id='line_1_22' title="bbox 360 2012 1964 2092; baseline -0.004 -14"><span class='ocrx_word' id='word_1_170' title='bbox 360 2027 462 2080; x_wconf 78' lang='grc' dir='ltr'>καὶ</span> <span class='ocrx_word' id='word_1_171' title='bbox 515 2016 562 2091; x_wconf 80' lang='grc' dir='ltr'>ᾧ</span> <span class='ocrx_word' id='word_1_172' title='bbox 607 2024 702 2076; x_wconf 70' lang='grc' dir='ltr'><strong>ἐὰν</strong></span> <span class='ocrx_word' id='word_1_173' title='bbox 747 2020 1005 2092; x_wconf 74' lang='grc' dir='ltr'>βούληται</span> <span class='ocrx_word' id='word_1_174' title='bbox 1046 2020 1075 2072; x_wconf 88' lang='lat'><strong>6</strong></span> <span class='ocrx_word' id='word_1_175' title='bbox 1110 2019 1240 2082; x_wconf 71' lang='grc' dir='ltr'>Υἱὸς</span> <span class='ocrx_word' id='word_1_176' title='bbox 1273 2017 1654 2086; x_wconf 75' lang='grc' dir='ltr'>ἀποκαλύψαι,</span> <span class='ocrx_word' id='word_1_177' title='bbox 1701 2037 1719 2070; x_wconf 76' lang='grc' dir='ltr'><strong>ι</strong></span> <span class='ocrx_word' id='word_1_178' title='bbox 1756 2017 1820 2072; x_wconf 76' lang='lat' dir='ltr'><strong>Ei</strong></span> <span class='ocrx_word' id='word_1_179' title='bbox 1869 2012 1964 2072; x_wconf 81' lang='grc' dir='ltr'><strong>οῦν</strong></span> 
     </span>
    </p>
   </div>
   <div class='ocr_carea' id='block_1_23' title="bbox 360 2104 1964 2190">
    <p class='ocr_par' dir='ltr' id='par_1_23' title="bbox 360 2104 1964 2190">
     <span class='ocr_line' id='line_1_23' title="bbox 360 2104 1964 2190; baseline -0.004 -23"><span class='ocrx_word' id='word_1_180' title='bbox 360 2115 464 2167; x_wconf 78' lang='grc' dir='ltr'>καὶ</span> <span class='ocrx_word' id='word_1_181' title='bbox 499 2110 666 2190; x_wconf 64' lang='grc' dir='ltr'>αὐτος</span> <span class='ocrx_word' id='word_1_182' title='bbox 698 2111 728 2163; x_wconf 92' lang='lat'><strong>6</strong></span> <span class='ocrx_word' id='word_1_183' title='bbox 755 2109 892 2174; x_wconf 81' lang='grc' dir='ltr'>Θεὸς</span> <span class='ocrx_word' id='word_1_184' title='bbox 921 2109 1018 2162; x_wconf 80' lang='grc' dir='ltr'>καὶ</span> <span class='ocrx_word' id='word_1_185' title='bbox 1058 2109 1468 2178; x_wconf 81' lang='grc' dir='ltr'>παντοκράτωρ</span> <span class='ocrx_word' id='word_1_186' title='bbox 1519 2104 1734 2180; x_wconf 75' lang='grc' dir='ltr'>Πατὴρ,</span> <span class='ocrx_word' id='word_1_187' title='bbox 1776 2109 1964 2180; x_wconf 76' lang='grc' dir='ltr'>τρόπῳ</span> 
     </span>
    </p>
   </div>
   <div class='ocr_carea' id='block_1_24' title="bbox 361 2201 1964 2275">
    <p class='ocr_par' dir='ltr' id='par_1_24' title="bbox 361 2201 1964 2275">
     <span class='ocr_line' id='line_1_24' title="bbox 361 2201 1964 2275; baseline -0.002 -15"><span class='ocrx_word' id='word_1_188' title='bbox 361 2207 474 2260; x_wconf 74' lang='grc' dir='ltr'>τινὶ</span> <span class='ocrx_word' id='word_1_189' title='bbox 519 2202 888 2275; x_wconf 85' lang='grc' dir='ltr'>πνευματικῷ</span> <span class='ocrx_word' id='word_1_190' title='bbox 916 2202 1174 2274; x_wconf 73' lang='grc' dir='ltr'>ἀρρήτως</span> <span class='ocrx_word' id='word_1_191' title='bbox 1225 2201 1686 2256; x_wconf 77' lang='grc' dir='ltr'>ἀποκαλύπτεται</span> <span class='ocrx_word' id='word_1_192' title='bbox 1735 2204 1848 2267; x_wconf 85' lang='grc' dir='ltr'>τοῖς</span> <span class='ocrx_word' id='word_1_193' title='bbox 1881 2203 1964 2256; x_wconf 86' lang='grc' dir='ltr'>δι-</span> 
     </span>
    </p>
   </div>
   <div class='ocr_carea' id='block_1_25' title="bbox 365 2281 1966 2366">
    <p class='ocr_par' dir='ltr' id='par_1_25' title="bbox 365 2281 1966 2366">
     <span class='ocr_line' id='line_1_25' title="bbox 365 2281 1966 2366; baseline -0.003 -14"><span class='ocrx_word' id='word_1_194' title='bbox 365 2298 573 2360; x_wconf 85' lang='grc' dir='ltr'>καίοις,</span> <span class='ocrx_word' id='word_1_195' title='bbox 607 2281 761 2366; x_wconf 79' lang='grc' dir='ltr'>πόσῳ</span> <span class='ocrx_word' id='word_1_196' title='bbox 799 2311 862 2364; x_wconf 89' lang='grc' dir='ltr'><strong>γε</strong></span> <span class='ocrx_word' id='word_1_197' title='bbox 910 2292 1114 2364; x_wconf 77' lang='grc' dir='ltr'>μᾶλλον</span> <span class='ocrx_word' id='word_1_198' title='bbox 1160 2295 1208 2346; x_wconf 80' lang='grc' dir='ltr'>οἱ</span> <span class='ocrx_word' id='word_1_199' title='bbox 1261 2293 1414 2364; x_wconf 82' lang='grc' dir='ltr'>λόγοι</span> <span class='ocrx_word' id='word_1_200' title='bbox 1448 2289 1544 2347; x_wconf 74' lang='grc' dir='ltr'>καὶ</span> <span class='ocrx_word' id='word_1_201' title='bbox 1584 2294 1653 2348; x_wconf 79' lang='grc' dir='ltr'><strong>τά</strong></span> <span class='ocrx_word' id='word_1_202' title='bbox 1691 2297 1966 2366; x_wconf 75' lang='grc' dir='ltr'>μυστῆρια</span> 
     </span>
    </p>
   </div>
   <div class='ocr_carea' id='block_1_26' title="bbox 366 2380 1966 2456">
    <p class='ocr_par' dir='ltr' id='par_1_26' title="bbox 366 2380 1966 2456">
     <span class='ocr_line' id='line_1_26' title="bbox 366 2380 1966 2456; baseline -0.003 -15"><span class='ocrx_word' id='word_1_203' title='bbox 366 2387 492 2452; x_wconf 57' lang='grc' dir='ltr'>τῶν,</span> <span class='ocrx_word' id='word_1_204' title='bbox 512 2386 838 2456; x_wconf 79' lang='grc' dir='ltr'>κτισμάτων</span> <span class='ocrx_word' id='word_1_205' title='bbox 893 2380 1098 2452; x_wconf 59' lang='lat' dir='ltr'><strong>autat&quot;);</strong></span> <span class='ocrx_word' id='word_1_206' title='bbox 1159 2380 1384 2456; x_wconf 70' lang='grc' dir='ltr'>ΕΓγάρ</span> <span class='ocrx_word' id='word_1_207' title='bbox 1435 2385 1548 2448; x_wconf 80' lang='grc' dir='ltr'>τοῖς</span> <span class='ocrx_word' id='word_1_208' title='bbox 1578 2381 1805 2453; x_wconf 88' lang='grc' dir='ltr'>Ἕλλησι</span> <span class='ocrx_word' id='word_1_209' title='bbox 1851 2385 1966 2446; x_wconf 76' lang='grc' dir='ltr'>τοῖς</span> 
     </span>
    </p>
   </div>
   <div class='ocr_carea' id='block_1_27' title="bbox 373 2475 1967 2550">
    <p class='ocr_par' dir='ltr' id='par_1_27' title="bbox 373 2475 1967 2550">
     <span class='ocr_line' id='line_1_27' title="bbox 373 2475 1967 2550; baseline 0 -18"><span class='ocrx_word' id='word_1_210' title='bbox 373 2480 540 2546; x_wconf 76' lang='grc' dir='ltr'>ἀξίοις</span> <span class='ocrx_word' id='word_1_211' title='bbox 568 2476 705 2549; x_wconf 79' lang='grc' dir='ltr'>πρὸς</span> <span class='ocrx_word' id='word_1_212' title='bbox 735 2477 1074 2550; x_wconf 66' lang='grc' dir='ltr'>ἐπιστροφὴν</span> <span class='ocrx_word' id='word_1_213' title='bbox 1126 2479 1222 2532; x_wconf 77' lang='grc' dir='ltr'>καὶ</span> <span class='ocrx_word' id='word_1_214' title='bbox 1275 2477 1632 2547; x_wconf 88' lang='grc' dir='ltr'>θεογνωσίαν,</span> <span class='ocrx_word' id='word_1_215' title='bbox 1666 2475 1852 2549; x_wconf 74' lang='grc' dir='ltr'>σχεδὸν</span> <span class='ocrx_word' id='word_1_216' title='bbox 1888 2477 1967 2532; x_wconf 75' lang='grc' dir='ltr'>εί-</span> 
     </span>
    </p>
   </div>
   <div class='ocr_carea' id='block_1_28' title="bbox 383 2567 1962 2642">
    <p class='ocr_par' dir='ltr' id='par_1_28' title="bbox 383 2567 1962 2642">
     <span class='ocr_line' id='line_1_28' title="bbox 383 2567 1962 2642; baseline -0.003 -16"><span class='ocrx_word' id='word_1_217' title='bbox 383 2575 518 2636; x_wconf 76' lang='grc' dir='ltr'>πεϊν,</span> <span class='ocrx_word' id='word_1_218' title='bbox 549 2569 650 2624; x_wconf 90' lang='grc' dir='ltr'><strong>τοῦ</strong></span> <span class='ocrx_word' id='word_1_219' title='bbox 699 2568 954 2642; x_wconf 78' lang='grc' dir='ltr'>ούρανοῦ,</span> <span class='ocrx_word' id='word_1_220' title='bbox 987 2571 1082 2622; x_wconf 77' lang='grc' dir='ltr'>καὶ</span> <span class='ocrx_word' id='word_1_221' title='bbox 1115 2567 1243 2638; x_wconf 76' lang='grc' dir='ltr'>γῆς,</span> <span class='ocrx_word' id='word_1_222' title='bbox 1272 2569 1368 2624; x_wconf 75' lang='grc' dir='ltr'>καὶ</span> <span class='ocrx_word' id='word_1_223' title='bbox 1399 2569 1636 2640; x_wconf 79' lang='grc' dir='ltr'>ἄστρων,</span> <span class='ocrx_word' id='word_1_224' title='bbox 1667 2569 1762 2622; x_wconf 74' lang='grc' dir='ltr'><strong>καὶ</strong></span> <span class='ocrx_word' id='word_1_225' title='bbox 1786 2567 1962 2639; x_wconf 75' lang='grc' dir='ltr'>ἡλίου,</span> 
     </span>
    </p>
   </div>
   <div class='ocr_carea' id='block_1_29' title="bbox 388 2661 1964 2734">
    <p class='ocr_par' dir='ltr' id='par_1_29' title="bbox 388 2661 1964 2734">
     <span class='ocr_line' id='line_1_29' title="bbox 388 2661 1964 2734; baseline -0.002 -15"><span class='ocrx_word' id='word_1_226' title='bbox 388 2665 474 2720; x_wconf 83' lang='grc' dir='ltr'>καὶ</span> <span class='ocrx_word' id='word_1_227' title='bbox 517 2663 826 2734; x_wconf 80' lang='grc' dir='ltr'>θαλάσσης,</span> <span class='ocrx_word' id='word_1_228' title='bbox 882 2663 979 2716; x_wconf 73' lang='grc' dir='ltr'>καὶ</span> <span class='ocrx_word' id='word_1_229' title='bbox 1035 2661 1340 2731; x_wconf 82' lang='grc' dir='ltr'>στοιχείων,</span> <span class='ocrx_word' id='word_1_230' title='bbox 1381 2661 1477 2715; x_wconf 74' lang='grc' dir='ltr'>καὶ</span> <span class='ocrx_word' id='word_1_231' title='bbox 1519 2663 1812 2732; x_wconf 87' lang='grc' dir='ltr'>σωμάτων,</span> <span class='ocrx_word' id='word_1_232' title='bbox 1867 2661 1964 2716; x_wconf 76' lang='grc' dir='ltr'>καὶ</span> 
     </span>
    </p>
   </div>
   <div class='ocr_carea' id='block_1_30' title="bbox 378 2750 1965 2827">
    <p class='ocr_par' dir='ltr' id='par_1_30' title="bbox 378 2750 1965 2827">
     <span class='ocr_line' id='line_1_30' title="bbox 378 2750 1965 2827; baseline -0.002 -18"><span class='ocrx_word' id='word_1_233' title='bbox 378 2756 726 2827; x_wconf 73' lang='grc' dir='ltr'>πνευμάτων,</span> <span class='ocrx_word' id='word_1_234' title='bbox 776 2754 838 2807; x_wconf 82' lang='grc' dir='ltr'>τὸ</span> <span class='ocrx_word' id='word_1_235' title='bbox 877 2755 1179 2824; x_wconf 81' lang='grc' dir='ltr'>μυστήριον</span> <span class='ocrx_word' id='word_1_236' title='bbox 1211 2752 1277 2806; x_wconf 85' lang='grc' dir='ltr'>ὲκ</span> <span class='ocrx_word' id='word_1_237' title='bbox 1315 2752 1520 2824; x_wconf 82' lang='grc' dir='ltr'>μέρους</span> <span class='ocrx_word' id='word_1_238' title='bbox 1566 2750 1833 2824; x_wconf 79' lang='grc' dir='ltr'>ἐγνώρισε</span> <span class='ocrx_word' id='word_1_239' title='bbox 1868 2755 1965 2808; x_wconf 81' lang='grc' dir='ltr'>καὶ</span> 
     </span>
    </p>
   </div>
   <div class='ocr_carea' id='block_1_31' title="bbox 369 2841 1965 2915">
    <p class='ocr_par' dir='ltr' id='par_1_31' title="bbox 369 2841 1965 2915">
     <span class='ocr_line' id='line_1_31' title="bbox 369 2841 1965 2915; baseline -0.001 -15"><span class='ocrx_word' id='word_1_240' title='bbox 369 2846 696 2915; x_wconf 62' lang='grc' dir='ltr'>άπεκάλυψε</span> <span class='ocrx_word' id='word_1_241' title='bbox 729 2843 871 2899; x_wconf 80' lang='grc' dir='ltr'>αύτά</span> <span class='ocrx_word' id='word_1_242' title='bbox 901 2844 929 2896; x_wconf 92' lang='lat'><strong>6</strong></span> <span class='ocrx_word' id='word_1_243' title='bbox 955 2843 1114 2907; x_wconf 81' lang='grc' dir='ltr'>Θεὸς,</span> <span class='ocrx_word' id='word_1_244' title='bbox 1147 2843 1301 2914; x_wconf 82' lang='grc' dir='ltr'>πόσῳ</span> <span class='ocrx_word' id='word_1_245' title='bbox 1332 2856 1398 2912; x_wconf 81' lang='grc' dir='ltr'><strong>γε</strong></span> <span class='ocrx_word' id='word_1_246' title='bbox 1441 2841 1647 2914; x_wconf 71' lang='grc' dir='ltr'>μᾶλλον</span> <span class='ocrx_word' id='word_1_247' title='bbox 1685 2843 1794 2906; x_wconf 82' lang='grc' dir='ltr'>τοῖς</span> <span class='ocrx_word' id='word_1_248' title='bbox 1828 2843 1965 2898; x_wconf 75' lang='grc' dir='ltr'><strong>ενοι⁶</strong></span> 
     </span>
    </p>
   </div>
   <div class='ocr_carea' id='block_1_32' title="bbox 368 2936 908 3008">
    <p class='ocr_par' dir='ltr' id='par_1_32' title="bbox 368 2936 908 3008">
     <span class='ocr_line' id='line_1_32' title="bbox 368 2936 908 3008; baseline -0.009 -16"><span class='ocrx_word' id='word_1_249' title='bbox 368 2955 465 2992; x_wconf 84' lang='grc' dir='ltr'><strong>κον</strong></span> <span class='ocrx_word' id='word_1_250' title='bbox 490 2938 656 2992; x_wconf 72' lang='grc' dir='ltr'>αὑτὸν</span> <span class='ocrx_word' id='word_1_251' title='bbox 685 2936 868 3008; x_wconf 83' lang='grc' dir='ltr'>ἔχουσι</span> <span class='ocrx_word' id='word_1_252' title='bbox 893 2953 908 3002; x_wconf 89' lang='grc'>;</span> 
     </span>
    </p>
   </div>
   <div class='ocr_carea' id='block_1_33' title="bbox 447 3017 1966 3100">
    <p class='ocr_par' dir='ltr' id='par_1_33' title="bbox 447 3017 1966 3100">
     <span class='ocr_line' id='line_1_33' title="bbox 447 3017 1966 3100; baseline -0.001 -18"><span class='ocrx_word' id='word_1_253' title='bbox 447 3030 654 3084; x_wconf 77' lang='grc' dir='ltr'>Πολλαὶ</span> <span class='ocrx_word' id='word_1_254' title='bbox 679 3025 778 3099; x_wconf 81' lang='grc' dir='ltr'>μὲν</span> <span class='ocrx_word' id='word_1_255' title='bbox 804 3023 897 3082; x_wconf 81' lang='grc' dir='ltr'>οὖν</span> <span class='ocrx_word' id='word_1_256' title='bbox 927 3046 994 3082; x_wconf 84' lang='grc' dir='ltr'><strong>πε</strong></span> <span class='ocrx_word' id='word_1_257' title='bbox 1006 3027 1060 3100; x_wconf 69' lang='lat' dir='ltr'><strong>pl.</strong></span> <span class='ocrx_word' id='word_1_258' title='bbox 1087 3027 1294 3081; x_wconf 90' lang='grc' dir='ltr'>τούτων</span> <span class='ocrx_word' id='word_1_259' title='bbox 1325 3027 1420 3080; x_wconf 71' lang='grc' dir='ltr'>καὶ</span> <span class='ocrx_word' id='word_1_260' title='bbox 1441 3017 1550 3080; x_wconf 69' lang='grc' dir='ltr'><strong>τῶν</strong></span> <span class='ocrx_word' id='word_1_261' title='bbox 1577 3025 1836 3080; x_wconf 80' lang='grc' dir='ltr'>τοιούτων</span> <span class='ocrx_word' id='word_1_262' title='bbox 1869 3023 1966 3096; x_wconf 76' lang='grc' dir='ltr'><strong>ζη-</strong></span> 
     </span>
    </p>
   </div>
   <div class='ocr_carea' id='block_1_34' title="bbox 2061 548 3660 607">
    <p class='ocr_par' dir='ltr' id='par_1_34' title="bbox 2061 548 3660 607">
     <span class='ocr_line' id='line_1_34' title="bbox 2061 548 3660 607; baseline 0.003 -6"><span class='ocrx_word' id='word_1_263' title='bbox 2061 548 2366 604; x_wconf 88' lang='lat' dir='ltr'><strong>imitatores</strong></span> <span class='ocrx_word' id='word_1_264' title='bbox 2394 550 2547 605; x_wconf 84' lang='lat' dir='ltr'><strong>Pauli</strong></span> <span class='ocrx_word' id='word_1_265' title='bbox 2583 549 2777 606; x_wconf 86' lang='lat' dir='ltr'><strong>dicunt</strong></span> <span class='ocrx_word' id='word_1_266' title='bbox 2809 569 2822 604; x_wconf 91' lang='lat'><strong>:</strong></span> <span class='ocrx_word' id='word_1_267' title='bbox 2864 569 2881 602; x_wconf 76' lang='grc' dir='ltr'><strong>ι</strong></span> <span class='ocrx_word' id='word_1_268' title='bbox 2916 550 3029 605; x_wconf 85' lang='lat' dir='ltr'><strong>Nos</strong></span> <span class='ocrx_word' id='word_1_269' title='bbox 3057 565 3277 606; x_wconf 83' lang='lat' dir='ltr'><strong>sensum</strong></span> <span class='ocrx_word' id='word_1_270' title='bbox 3307 550 3508 607; x_wconf 80' lang='lat' dir='ltr'><strong>Christi</strong></span> <span class='ocrx_word' id='word_1_271' title='bbox 3556 552 3660 606; x_wconf 88' lang='lat' dir='ltr'><strong>ha-</strong></span> 
     </span>
    </p>
   </div>
   <div class='ocr_carea' id='block_1_35' title="bbox 2061 639 3664 710">
    <p class='ocr_par' dir='ltr' id='par_1_35' title="bbox 2061 639 3664 710">
     <span class='ocr_line' id='line_1_35' title="bbox 2061 639 3664 710; baseline 0.001 -17"><span class='ocrx_word' id='word_1_272' title='bbox 2061 639 2257 694; x_wconf 82' lang='lat' dir='ltr'><strong>bemus</strong></span> <span class='ocrx_word' id='word_1_273' title='bbox 2291 641 2366 705; x_wconf 82' lang='lat'><strong>&quot;;</strong></span> <span class='ocrx_word' id='word_1_274' title='bbox 2407 660 2424 692; x_wconf 75' lang='grc' dir='ltr'><strong>ι</strong></span> <span class='ocrx_word' id='word_1_275' title='bbox 2459 641 2928 710; x_wconf 82' lang='lat' dir='ltr'><strong>quemadmodum</strong></span> <span class='ocrx_word' id='word_1_276' title='bbox 2974 639 3141 696; x_wconf 87' lang='lat' dir='ltr'><strong>etiam</strong></span> <span class='ocrx_word' id='word_1_277' title='bbox 3182 640 3450 696; x_wconf 87' lang='lat' dir='ltr'><strong>Jeremias</strong></span> <span class='ocrx_word' id='word_1_278' title='bbox 3493 649 3664 696; x_wconf 82' lang='lat' dir='ltr'><strong>testa—</strong></span> 
     </span>
    </p>
   </div>
   <div class='ocr_carea' id='block_1_36' title="bbox 2063 733 3660 802">
    <p class='ocr_par' dir='ltr' id='par_1_36' title="bbox 2063 733 3660 802">
     <span class='ocr_line' id='line_1_36' title="bbox 2063 733 3660 802; baseline -0.001 -14"><span class='ocrx_word' id='word_1_279' title='bbox 2063 742 2154 788; x_wconf 90' lang='lat' dir='ltr'><strong>tur</strong></span> <span class='ocrx_word' id='word_1_280' title='bbox 2179 735 2349 788; x_wconf 89' lang='lat' dir='ltr'><strong>Deum</strong></span> <span class='ocrx_word' id='word_1_281' title='bbox 2401 749 2511 787; x_wconf 84' lang='lat' dir='ltr'><strong>non</strong></span> <span class='ocrx_word' id='word_1_282' title='bbox 2557 733 2833 788; x_wconf 87' lang='lat' dir='ltr'><strong>facturum</strong></span> <span class='ocrx_word' id='word_1_283' title='bbox 2879 733 3122 802; x_wconf 84' lang='lat' dir='ltr'><strong>aliquam</strong></span> <span class='ocrx_word' id='word_1_284' title='bbox 3168 749 3288 787; x_wconf 87' lang='lat' dir='ltr'><strong>rem</strong></span> <span class='ocrx_word' id='word_1_285' title='bbox 3334 749 3498 802; x_wconf 83' lang='lat' dir='ltr'><strong>quam</strong></span> <span class='ocrx_word' id='word_1_286' title='bbox 3549 748 3660 788; x_wconf 89' lang='lat' dir='ltr'><strong>non</strong></span> 
     </span>
    </p>
   </div>
   <div class='ocr_carea' id='block_1_37' title="bbox 2062 823 3298 892">
    <p class='ocr_par' dir='ltr' id='par_1_37' title="bbox 2062 823 3298 892">
     <span class='ocr_line' id='line_1_37' title="bbox 2062 823 3298 892; baseline -0.001 -16"><span class='ocrx_word' id='word_1_287' title='bbox 2062 823 2444 892; x_wconf 87' lang='lat' dir='ltr'><strong>patefacturus</strong></span> <span class='ocrx_word' id='word_1_288' title='bbox 2467 823 2540 876; x_wconf 92' lang='lat' dir='ltr'><strong>sit</strong></span> <span class='ocrx_word' id='word_1_289' title='bbox 2568 823 2743 878; x_wconf 78' lang='lat' dir='ltr'><strong>servis</strong></span> <span class='ocrx_word' id='word_1_290' title='bbox 2770 824 2886 878; x_wconf 91' lang='lat' dir='ltr'><strong>suis</strong></span> <span class='ocrx_word' id='word_1_291' title='bbox 2915 823 3202 892; x_wconf 70' lang='lat' dir='ltr'><strong>prophetis</strong></span> <span class='ocrx_word' id='word_1_292' title='bbox 3231 823 3298 875; x_wconf 76' lang='grc'><strong>’³.</strong></span> 
     </span>
    </p>
   </div>
   <div class='ocr_carea' id='block_1_38' title="bbox 2133 915 3660 988">
    <p class='ocr_par' dir='ltr' id='par_1_38' title="bbox 2133 915 3660 988">
     <span class='ocr_line' id='line_1_38' title="bbox 2133 915 3660 988; baseline 0 -16"><span class='ocrx_word' id='word_1_293' title='bbox 2133 917 2306 972; x_wconf 91' lang='lat' dir='ltr'><strong>Porro</strong></span> <span class='ocrx_word' id='word_1_294' title='bbox 2334 917 2392 973; x_wconf 89' lang='lat' dir='ltr'><strong>.si</strong></span> <span class='ocrx_word' id='word_1_295' title='bbox 2437 917 2523 972; x_wconf 89' lang='lat' dir='ltr'><strong>his</strong></span> <span class='ocrx_word' id='word_1_296' title='bbox 2559 916 2652 987; x_wconf 89' lang='lat' dir='ltr'><strong>qui</strong></span> <span class='ocrx_word' id='word_1_297' title='bbox 2685 917 2788 971; x_wconf 89' lang='lat' dir='ltr'><strong>sub</strong></span> <span class='ocrx_word' id='word_1_298' title='bbox 2833 917 2952 988; x_wconf 83' lang='lat' dir='ltr'><strong>lege</strong></span> <span class='ocrx_word' id='word_1_299' title='bbox 2976 926 3134 970; x_wconf 87' lang='lat' dir='ltr'><strong>erant</strong></span> <span class='ocrx_word' id='word_1_300' title='bbox 3162 915 3533 970; x_wconf 80' lang='lat' dir='ltr'><strong>manifestavit</strong></span> <span class='ocrx_word' id='word_1_301' title='bbox 3560 931 3660 972; x_wconf 89' lang='lat' dir='ltr'><strong>oc—</strong></span> 
     </span>
    </p>
   </div>
   <div class='ocr_carea' id='block_1_39' title="bbox 2064 1005 3660 1072">
    <p class='ocr_par' dir='ltr' id='par_1_39' title="bbox 2064 1005 3660 1072">
     <span class='ocr_line' id='line_1_39' title="bbox 2064 1005 3660 1072; baseline -0.001 -8"><span class='ocrx_word' id='word_1_302' title='bbox 2064 1009 2235 1072; x_wconf 90' lang='lat' dir='ltr'><strong>culta,</strong></span> <span class='ocrx_word' id='word_1_303' title='bbox 2264 1008 2470 1063; x_wconf 87' lang='lat' dir='ltr'><strong>Davide</strong></span> <span class='ocrx_word' id='word_1_304' title='bbox 2503 1018 2736 1063; x_wconf 81' lang='lat' dir='ltr'><strong>canente</strong></span> <span class='ocrx_word' id='word_1_305' title='bbox 2770 1026 2783 1062; x_wconf 92' lang='lat'>:</span> <span class='ocrx_word' id='word_1_306' title='bbox 2822 1028 2839 1060; x_wconf 77' lang='grc'><strong>(</strong></span> <span class='ocrx_word' id='word_1_307' title='bbox 2871 1009 3086 1062; x_wconf 90' lang='lat' dir='ltr'><strong>Incerta</strong></span> <span class='ocrx_word' id='word_1_308' title='bbox 3120 1017 3178 1063; x_wconf 91' lang='lat' dir='ltr'><strong>et</strong></span> <span class='ocrx_word' id='word_1_309' title='bbox 3207 1007 3445 1067; x_wconf 89' lang='lat' dir='ltr'><strong>occulta.</strong></span> <span class='ocrx_word' id='word_1_310' title='bbox 3471 1005 3660 1062; x_wconf 88' lang='lat' dir='ltr'><strong>cordis</strong></span> 
     </span>
    </p>
   </div>
   <div class='ocr_carea' id='block_1_40' title="bbox 2065 1098 3661 1169">
    <p class='ocr_par' dir='ltr' id='par_1_40' title="bbox 2065 1098 3661 1169">
     <span class='ocr_line' id='line_1_40' title="bbox 2065 1098 3661 1169; baseline -0.003 -15"><span class='ocrx_word' id='word_1_311' title='bbox 2065 1099 2145 1154; x_wconf 87' lang='lat' dir='ltr'><strong>tui</strong></span> <span class='ocrx_word' id='word_1_312' title='bbox 2191 1099 2550 1153; x_wconf 70' lang='lat' dir='ltr'><strong>manifestasti</strong></span> <span class='ocrx_word' id='word_1_313' title='bbox 2587 1098 2720 1152; x_wconf 87' lang='lat' dir='ltr'><strong>mihi</strong></span> <span class='ocrx_word' id='word_1_314' title='bbox 2749 1099 2834 1164; x_wconf 67' lang='lat'><strong>9&#39;;</strong></span> <span class='ocrx_word' id='word_1_315' title='bbox 2884 1119 2902 1150; x_wconf 75' lang='grc' dir='ltr'><strong>ι</strong></span> <span class='ocrx_word' id='word_1_316' title='bbox 2939 1099 3110 1153; x_wconf 89' lang='lat' dir='ltr'><strong>multo</strong></span> <span class='ocrx_word' id='word_1_317' title='bbox 3155 1098 3328 1168; x_wconf 86' lang='lat' dir='ltr'><strong>magis</strong></span> <span class='ocrx_word' id='word_1_318' title='bbox 3368 1099 3661 1169; x_wconf 78' lang='lat' dir='ltr'><strong>patefaciet</strong></span> 
     </span>
    </p>
   </div>
   <div class='ocr_carea' id='block_1_41' title="bbox 2065 1185 3662 1257">
    <p class='ocr_par' dir='ltr' id='par_1_41' title="bbox 2065 1185 3662 1257">
     <span class='ocr_line' id='line_1_41' title="bbox 2065 1185 3662 1257; baseline -0.001 -15"><span class='ocrx_word' id='word_1_319' title='bbox 2065 1203 2129 1243; x_wconf 88' lang='lat' dir='ltr'><strong>ea</strong></span> <span class='ocrx_word' id='word_1_320' title='bbox 2166 1188 2274 1242; x_wconf 86' lang='lat' dir='ltr'><strong>illis</strong></span> <span class='ocrx_word' id='word_1_321' title='bbox 2319 1188 2412 1256; x_wconf 91' lang='lat' dir='ltr'><strong>qui</strong></span> <span class='ocrx_word' id='word_1_322' title='bbox 2447 1189 2549 1241; x_wconf 87' lang='lat' dir='ltr'><strong>sub</strong></span> <span class='ocrx_word' id='word_1_323' title='bbox 2574 1187 2746 1256; x_wconf 81' lang='lat' dir='ltr'><strong>gratia</strong></span> <span class='ocrx_word' id='word_1_324' title='bbox 2793 1191 3028 1256; x_wconf 79' lang='lat' dir='ltr'><strong>degunt;</strong></span> <span class='ocrx_word' id='word_1_325' title='bbox 3063 1185 3159 1257; x_wconf 87' lang='lat' dir='ltr'><strong>qui</strong></span> <span class='ocrx_word' id='word_1_326' title='bbox 3193 1185 3511 1240; x_wconf 87' lang='lat' dir='ltr'><strong>didicerunt</strong></span> <span class='ocrx_word' id='word_1_327' title='bbox 3539 1203 3662 1256; x_wconf 76' lang='lat' dir='ltr'><strong>qua:</strong></span> 
     </span>
    </p>
   </div>
   <div class='ocr_carea' id='block_1_42' title="bbox 2065 1279 3663 1344">
    <p class='ocr_par' dir='ltr' id='par_1_42' title="bbox 2065 1279 3663 1344">
     <span class='ocr_line' id='line_1_42' title="bbox 2065 1279 3663 1344; baseline -0.001 -8"><span class='ocrx_word' id='word_1_328' title='bbox 2065 1283 2260 1337; x_wconf 86' lang='lat' dir='ltr'><strong>oculus</strong></span> <span class='ocrx_word' id='word_1_329' title='bbox 2287 1299 2394 1336; x_wconf 88' lang='lat' dir='ltr'><strong>non</strong></span> <span class='ocrx_word' id='word_1_330' title='bbox 2432 1281 2588 1344; x_wconf 70' lang='lat' dir='ltr'><strong>vidit,</strong></span> <span class='ocrx_word' id='word_1_331' title='bbox 2617 1298 2719 1335; x_wconf 86' lang='lat' dir='ltr'><strong>nec</strong></span> <span class='ocrx_word' id='word_1_332' title='bbox 2743 1281 2893 1334; x_wconf 81' lang='lat' dir='ltr'><strong>auris</strong></span> <span class='ocrx_word' id='word_1_333' title='bbox 2916 1279 3147 1343; x_wconf 75' lang='lat' dir='ltr'><strong>audivit,</strong></span> <span class='ocrx_word' id='word_1_334' title='bbox 3183 1295 3285 1334; x_wconf 89' lang='lat' dir='ltr'><strong>nec</strong></span> <span class='ocrx_word' id='word_1_335' title='bbox 3315 1280 3368 1334; x_wconf 91' lang='lat' dir='ltr'><strong>in</strong></span> <span class='ocrx_word' id='word_1_336' title='bbox 3417 1296 3513 1334; x_wconf 89' lang='lat' dir='ltr'><strong>cor</strong></span> <span class='ocrx_word' id='word_1_337' title='bbox 3558 1281 3663 1334; x_wconf 79' lang='lat' dir='ltr'><strong>bo-</strong></span> 
     </span>
    </p>
   </div>
   <div class='ocr_carea' id='block_1_43' title="bbox 2067 1371 3662 1443">
    <p class='ocr_par' dir='ltr' id='par_1_43' title="bbox 2067 1371 3662 1443">
     <span class='ocr_line' id='line_1_43' title="bbox 2067 1371 3662 1443; baseline -0.002 -13"><span class='ocrx_word' id='word_1_338' title='bbox 2067 1377 2231 1431; x_wconf 85' lang='lat' dir='ltr'><strong>minis</strong></span> <span class='ocrx_word' id='word_1_339' title='bbox 2265 1377 2636 1430; x_wconf 85' lang='lat' dir='ltr'><strong>ascendcrunt</strong></span> <span class='ocrx_word' id='word_1_340' title='bbox 2681 1375 2734 1440; x_wconf 79' lang='grc'><strong>¹;</strong></span> <span class='ocrx_word' id='word_1_341' title='bbox 2781 1373 2875 1443; x_wconf 91' lang='lat' dir='ltr'><strong>qui</strong></span> <span class='ocrx_word' id='word_1_342' title='bbox 2909 1372 3138 1441; x_wconf 86' lang='lat' dir='ltr'><strong>ingressi</strong></span> <span class='ocrx_word' id='word_1_343' title='bbox 3190 1379 3322 1426; x_wconf 87' lang='lat' dir='ltr'><strong>sunt</strong></span> <span class='ocrx_word' id='word_1_344' title='bbox 3371 1371 3424 1425; x_wconf 90' lang='lat' dir='ltr'><strong>in</strong></span> <span class='ocrx_word' id='word_1_345' title='bbox 3473 1371 3662 1427; x_wconf 80' lang='lat' dir='ltr'><strong>divina</strong></span> 
     </span>
    </p>
   </div>
   <div class='ocr_carea' id='block_1_44' title="bbox 2065 1459 3663 1539">
    <p class='ocr_par' dir='ltr' id='par_1_44' title="bbox 2065 1459 3663 1539">
     <span class='ocr_line' id='line_1_44' title="bbox 2065 1459 3663 1539; baseline -0.003 -19"><span class='ocrx_word' id='word_1_346' title='bbox 2065 1468 2314 1539; x_wconf 58' lang='lat' dir='ltr'><strong>quaedam</strong></span> <span class='ocrx_word' id='word_1_347' title='bbox 2351 1459 2532 1538; x_wconf 82' lang='lat' dir='ltr'><strong>adyta,</strong></span> <span class='ocrx_word' id='word_1_348' title='bbox 2573 1485 2590 1516; x_wconf 76' lang='grc' dir='ltr'><strong>ι</strong></span> <span class='ocrx_word' id='word_1_349' title='bbox 2625 1467 2679 1520; x_wconf 91' lang='lat' dir='ltr'><strong>in</strong></span> <span class='ocrx_word' id='word_1_350' title='bbox 2721 1481 2842 1536; x_wconf 77' lang='lat' dir='ltr'><strong>qua:</strong></span> <span class='ocrx_word' id='word_1_351' title='bbox 2879 1465 3057 1535; x_wconf 77' lang='lat' dir='ltr'><strong>angeli</strong></span> <span class='ocrx_word' id='word_1_352' title='bbox 3087 1463 3409 1518; x_wconf 89' lang='lat' dir='ltr'><strong>desiderant</strong></span> <span class='ocrx_word' id='word_1_353' title='bbox 3441 1461 3663 1532; x_wconf 85' lang='lat' dir='ltr'><strong>prospi-</strong></span> 
     </span>
    </p>
   </div>
   <div class='ocr_carea' id='block_1_45' title="bbox 2067 1551 3665 1628">
    <p class='ocr_par' dir='ltr' id='par_1_45' title="bbox 2067 1551 3665 1628">
     <span class='ocr_line' id='line_1_45' title="bbox 2067 1551 3665 1628; baseline -0.004 -14"><span class='ocrx_word' id='word_1_354' title='bbox 2067 1576 2215 1624; x_wconf 85' lang='lat' dir='ltr'><strong>cere,</strong></span> <span class='ocrx_word' id='word_1_355' title='bbox 2260 1580 2278 1612; x_wconf 75' lang='grc' dir='ltr'><strong>ι</strong></span> <span class='ocrx_word' id='word_1_356' title='bbox 2332 1569 2391 1614; x_wconf 92' lang='lat' dir='ltr'><strong>ut</strong></span> <span class='ocrx_word' id='word_1_357' title='bbox 2423 1560 2500 1614; x_wconf 91' lang='lat' dir='ltr'><strong>ait</strong></span> <span class='ocrx_word' id='word_1_358' title='bbox 2530 1551 2717 1613; x_wconf 72' lang='lat' dir='ltr'><strong>divina</strong></span> <span class='ocrx_word' id='word_1_359' title='bbox 2765 1557 3048 1628; x_wconf 84' lang='lat' dir='ltr'><strong>Scriptura</strong></span> <span class='ocrx_word' id='word_1_360' title='bbox 3078 1557 3098 1588; x_wconf 75' lang='lat'><strong>’</strong></span> <span class='ocrx_word' id='word_1_361' title='bbox 3131 1574 3144 1610; x_wconf 89' lang='lat'><strong>:</strong></span> <span class='ocrx_word' id='word_1_362' title='bbox 3175 1555 3271 1627; x_wconf 90' lang='lat' dir='ltr'><strong>qui</strong></span> <span class='ocrx_word' id='word_1_363' title='bbox 3302 1571 3426 1610; x_wconf 89' lang='lat' dir='ltr'><strong>cum</strong></span> <span class='ocrx_word' id='word_1_364' title='bbox 3472 1565 3665 1610; x_wconf 88' lang='lat' dir='ltr'><strong>sancto</strong></span> 
     </span>
    </p>
   </div>
   <div class='ocr_carea' id='block_1_46' title="bbox 2067 1646 3668 1722">
    <p class='ocr_par' dir='ltr' id='par_1_46' title="bbox 2067 1646 3668 1722">
     <span class='ocr_line' id='line_1_46' title="bbox 2067 1646 3668 1722; baseline -0.002 -16"><span class='ocrx_word' id='word_1_365' title='bbox 2067 1651 2277 1722; x_wconf 78' lang='lat' dir='ltr'><strong>Spiritu</strong></span> <span class='ocrx_word' id='word_1_366' title='bbox 2309 1651 2508 1706; x_wconf 85' lang='lat' dir='ltr'><strong>Filium</strong></span> <span class='ocrx_word' id='word_1_367' title='bbox 2541 1666 2762 1721; x_wconf 89' lang='lat' dir='ltr'><strong>quoque</strong></span> <span class='ocrx_word' id='word_1_368' title='bbox 2811 1657 2868 1704; x_wconf 90' lang='lat' dir='ltr'><strong>et</strong></span> <span class='ocrx_word' id='word_1_369' title='bbox 2918 1649 3134 1704; x_wconf 89' lang='lat' dir='ltr'><strong>Patrem</strong></span> <span class='ocrx_word' id='word_1_370' title='bbox 3169 1646 3478 1718; x_wconf 83' lang='lat' dir='ltr'><strong>possident,</strong></span> <span class='ocrx_word' id='word_1_371' title='bbox 3506 1646 3668 1718; x_wconf 78' lang='lat' dir='ltr'><strong>juxta</strong></span> 
     </span>
    </p>
   </div>
   <div class='ocr_carea' id='block_1_47' title="bbox 2068 1739 3668 1815">
    <p class='ocr_par' dir='ltr' id='par_1_47' title="bbox 2068 1739 3668 1815">
     <span class='ocr_line' id='line_1_47' title="bbox 2068 1739 3668 1815; baseline -0.004 -16"><span class='ocrx_word' id='word_1_372' title='bbox 2068 1745 2211 1799; x_wconf 90' lang='lat' dir='ltr'><strong>hanc</strong></span> <span class='ocrx_word' id='word_1_373' title='bbox 2240 1743 2443 1800; x_wconf 86' lang='lat' dir='ltr'><strong>Christi</strong></span> <span class='ocrx_word' id='word_1_374' title='bbox 2480 1740 2903 1815; x_wconf 85' lang='lat' dir='ltr'><strong>proinissionem</strong></span> <span class='ocrx_word' id='word_1_375' title='bbox 2935 1756 2949 1794; x_wconf 89' lang='lat'>:</span> <span class='ocrx_word' id='word_1_376' title='bbox 2985 1759 3002 1791; x_wconf 80' lang='grc' dir='ltr'><strong>ι</strong></span> <span class='ocrx_word' id='word_1_377' title='bbox 3036 1739 3150 1810; x_wconf 82' lang='lat' dir='ltr'><strong>Ego</strong></span> <span class='ocrx_word' id='word_1_378' title='bbox 3191 1748 3248 1794; x_wconf 89' lang='lat' dir='ltr'><strong>et</strong></span> <span class='ocrx_word' id='word_1_379' title='bbox 3281 1739 3443 1793; x_wconf 85' lang='lat' dir='ltr'><strong>Pater</strong></span> <span class='ocrx_word' id='word_1_380' title='bbox 3475 1739 3668 1794; x_wconf 75' lang='lat' dir='ltr'><strong>venie-</strong></span> 
     </span>
    </p>
   </div>
   <div class='ocr_carea' id='block_1_48' title="bbox 2066 1829 3662 1902">
    <p class='ocr_par' dir='ltr' id='par_1_48' title="bbox 2066 1829 3662 1902">
     <span class='ocr_line' id='line_1_48' title="bbox 2066 1829 3662 1902; baseline -0.006 -11"><span class='ocrx_word' id='word_1_381' title='bbox 2066 1852 2190 1890; x_wconf 90' lang='lat' dir='ltr'><strong>mus</strong></span> <span class='ocrx_word' id='word_1_382' title='bbox 2217 1834 2285 1890; x_wconf 89' lang='lat' dir='ltr'><strong>ad</strong></span> <span class='ocrx_word' id='word_1_383' title='bbox 2315 1850 2464 1896; x_wconf 90' lang='lat' dir='ltr'><strong>eum,</strong></span> <span class='ocrx_word' id='word_1_384' title='bbox 2495 1842 2551 1888; x_wconf 92' lang='lat' dir='ltr'><strong>et</strong></span> <span class='ocrx_word' id='word_1_385' title='bbox 2579 1834 2920 1887; x_wconf 86' lang='lat' dir='ltr'><strong>mansionem</strong></span> <span class='ocrx_word' id='word_1_386' title='bbox 2945 1829 3089 1902; x_wconf 88' lang='lat' dir='ltr'><strong>apud</strong></span> <span class='ocrx_word' id='word_1_387' title='bbox 3115 1847 3240 1885; x_wconf 91' lang='lat' dir='ltr'><strong>eum</strong></span> <span class='ocrx_word' id='word_1_388' title='bbox 3270 1829 3536 1884; x_wconf 84' lang='lat' dir='ltr'><strong>faciemus</strong></span> <span class='ocrx_word' id='word_1_389' title='bbox 3564 1830 3606 1884; x_wconf 86' lang='grc'><strong>⁸.</strong></span> <span class='ocrx_word' id='word_1_390' title='bbox 3639 1849 3662 1881; x_wconf 72' lang='grc' dir='ltr'><strong>ι</strong></span> 
     </span>
    </p>
   </div>
   <div class='ocr_carea' id='block_1_49' title="bbox 2065 1925 3664 2001">
    <p class='ocr_par' dir='ltr' id='par_1_49' title="bbox 2065 1925 3664 2001">
     <span class='ocr_line' id='line_1_49' title="bbox 2065 1925 3664 2001; baseline -0.004 -14"><span class='ocrx_word' id='word_1_391' title='bbox 2065 1931 2137 1987; x_wconf 84' lang='lat' dir='ltr'><strong>Et</strong></span> <span class='ocrx_word' id='word_1_392' title='bbox 2169 1949 2182 1986; x_wconf 93' lang='lat'>:</span> <span class='ocrx_word' id='word_1_393' title='bbox 2219 1953 2236 1983; x_wconf 73' lang='grc' dir='ltr'><strong>ι</strong></span> <span class='ocrx_word' id='word_1_394' title='bbox 2271 1932 2444 1987; x_wconf 85' lang='lat' dir='ltr'><strong>Nemo</strong></span> <span class='ocrx_word' id='word_1_395' title='bbox 2478 1929 2762 2001; x_wconf 80' lang='lat' dir='ltr'><strong>cognoscit</strong></span> <span class='ocrx_word' id='word_1_396' title='bbox 2796 1929 3041 1992; x_wconf 85' lang='lat' dir='ltr'><strong>Patrem,</strong></span> <span class='ocrx_word' id='word_1_397' title='bbox 3093 1927 3197 1982; x_wconf 91' lang='lat' dir='ltr'><strong>nisi</strong></span> <span class='ocrx_word' id='word_1_398' title='bbox 3236 1927 3429 1991; x_wconf 85' lang='lat' dir='ltr'><strong>Filius,</strong></span> <span class='ocrx_word' id='word_1_399' title='bbox 3475 1934 3532 1980; x_wconf 86' lang='lat' dir='ltr'><strong>et</strong></span> <span class='ocrx_word' id='word_1_400' title='bbox 3574 1925 3664 1981; x_wconf 87' lang='lat' dir='ltr'><strong>cui</strong></span> 
     </span>
    </p>
   </div>
   <div class='ocr_carea' id='block_1_50' title="bbox 2065 2018 3668 2098">
    <p class='ocr_par' dir='ltr' id='par_1_50' title="bbox 2065 2018 3668 2098">
     <span class='ocr_line' id='line_1_50' title="bbox 2065 2018 3668 2098; baseline -0.005 -18"><span class='ocrx_word' id='word_1_401' title='bbox 2065 2024 2240 2080; x_wconf 88' lang='lat' dir='ltr'><strong>Filius</strong></span> <span class='ocrx_word' id='word_1_402' title='bbox 2269 2023 2508 2078; x_wconf 76' lang='lat' dir='ltr'><strong>voluerit</strong></span> <span class='ocrx_word' id='word_1_403' title='bbox 2559 2021 2814 2098; x_wconf 63' lang='lat' dir='ltr'><strong>revelare</strong></span> <span class='ocrx_word' id='word_1_404' title='bbox 2842 2019 2885 2074; x_wconf 70' lang='grc'><strong>⁸.</strong></span> <span class='ocrx_word' id='word_1_405' title='bbox 2923 2039 2941 2070; x_wconf 75' lang='grc' dir='ltr'><strong>ι</strong></span> <span class='ocrx_word' id='word_1_406' title='bbox 3000 2018 3056 2074; x_wconf 88' lang='lat' dir='ltr'><strong>Si</strong></span> <span class='ocrx_word' id='word_1_407' title='bbox 3091 2019 3261 2090; x_wconf 77' lang='lat' dir='ltr'><strong>igitur</strong></span> <span class='ocrx_word' id='word_1_408' title='bbox 3288 2019 3404 2088; x_wconf 90' lang='lat' dir='ltr'><strong>ipse</strong></span> <span class='ocrx_word' id='word_1_409' title='bbox 3435 2018 3581 2073; x_wconf 86' lang='lat' dir='ltr'><strong>Deus</strong></span> <span class='ocrx_word' id='word_1_410' title='bbox 3610 2027 3668 2073; x_wconf 88' lang='lat' dir='ltr'><strong>et</strong></span> 
     </span>
    </p>
   </div>
   <div class='ocr_carea' id='block_1_51' title="bbox 2066 2111 3668 2188">
    <p class='ocr_par' dir='ltr' id='par_1_51' title="bbox 2066 2111 3668 2188">
     <span class='ocr_line' id='line_1_51' title="bbox 2066 2111 3668 2188; baseline -0.004 -15"><span class='ocrx_word' id='word_1_411' title='bbox 2066 2118 2418 2188; x_wconf 85' lang='lat' dir='ltr'><strong>omnipotens</strong></span> <span class='ocrx_word' id='word_1_412' title='bbox 2446 2118 2609 2172; x_wconf 89' lang='lat' dir='ltr'><strong>Pater</strong></span> <span class='ocrx_word' id='word_1_413' title='bbox 2644 2115 2810 2169; x_wconf 90' lang='lat' dir='ltr'><strong>modo</strong></span> <span class='ocrx_word' id='word_1_414' title='bbox 2841 2113 3082 2184; x_wconf 87' lang='lat' dir='ltr'><strong>quodam</strong></span> <span class='ocrx_word' id='word_1_415' title='bbox 3109 2112 3383 2183; x_wconf 88' lang='lat' dir='ltr'><strong>spirituali</strong></span> <span class='ocrx_word' id='word_1_416' title='bbox 3415 2111 3668 2166; x_wconf 80' lang='lat' dir='ltr'><strong>ineffabi-</strong></span> 
     </span>
    </p>
   </div>
   <div class='ocr_carea' id='block_1_52' title="bbox 2064 2203 3667 2286">
    <p class='ocr_par' dir='ltr' id='par_1_52' title="bbox 2064 2203 3667 2286">
     <span class='ocr_line' id='line_1_52' title="bbox 2064 2203 3667 2286; baseline -0.004 -20"><span class='ocrx_word' id='word_1_417' title='bbox 2064 2210 2194 2266; x_wconf 89' lang='lat' dir='ltr'><strong>liter</strong></span> <span class='ocrx_word' id='word_1_418' title='bbox 2237 2210 2405 2280; x_wconf 79' lang='lat' dir='ltr'><strong>justis</strong></span> <span class='ocrx_word' id='word_1_419' title='bbox 2459 2209 2770 2286; x_wconf 63' lang='lat' dir='ltr'><strong>rct&#39;clatur,</strong></span> <span class='ocrx_word' id='word_1_420' title='bbox 2812 2213 3021 2277; x_wconf 88' lang='lat' dir='ltr'><strong>quanto</strong></span> <span class='ocrx_word' id='word_1_421' title='bbox 3064 2203 3238 2276; x_wconf 86' lang='lat' dir='ltr'><strong>magis</strong></span> <span class='ocrx_word' id='word_1_422' title='bbox 3289 2203 3484 2258; x_wconf 80' lang='lat' dir='ltr'><strong>iisdem</strong></span> <span class='ocrx_word' id='word_1_423' title='bbox 3536 2219 3667 2272; x_wconf 64' lang='lat' dir='ltr'><strong>qua!</strong></span> 
     </span>
    </p>
   </div>
   <div class='ocr_carea' id='block_1_53' title="bbox 2067 2289 3666 2369">
    <p class='ocr_par' dir='ltr' id='par_1_53' title="bbox 2067 2289 3666 2369">
     <span class='ocr_line' id='line_1_53' title="bbox 2067 2289 3666 2369; baseline -0.005 -12"><span class='ocrx_word' id='word_1_424' title='bbox 2067 2302 2215 2357; x_wconf 90' lang='lat' dir='ltr'><strong>circa</strong></span> <span class='ocrx_word' id='word_1_425' title='bbox 2259 2309 2539 2355; x_wconf 87' lang='lat' dir='ltr'><strong>creaturas</strong></span> <span class='ocrx_word' id='word_1_426' title='bbox 2587 2299 2761 2369; x_wconf 78' lang='lat' dir='ltr'><strong>ipsius</strong></span> <span class='ocrx_word' id='word_1_427' title='bbox 2805 2306 3074 2369; x_wconf 74' lang='lat' dir='ltr'><strong>geruntur</strong></span> <span class='ocrx_word' id='word_1_428' title='bbox 3121 2295 3458 2367; x_wconf 82' lang='lat' dir='ltr'><strong>patefaciet?</strong></span> <span class='ocrx_word' id='word_1_429' title='bbox 3505 2294 3573 2350; x_wconf 86' lang='lat' dir='ltr'><strong>Et</strong></span> <span class='ocrx_word' id='word_1_430' title='bbox 3611 2289 3666 2349; x_wconf 76' lang='grc' dir='ltr'><strong>ἐἰ</strong></span> 
     </span>
    </p>
   </div>
   <div class='ocr_carea' id='block_1_54' title="bbox 2067 2373 3662 2459">
    <p class='ocr_par' dir='ltr' id='par_1_54' title="bbox 2067 2373 3662 2459">
     <span class='ocr_line' id='line_1_54' title="bbox 2067 2373 3662 2459; baseline -0.006 -11"><span class='ocrx_word' id='word_1_431' title='bbox 2067 2393 2197 2448; x_wconf 91' lang='lat' dir='ltr'><strong>olim</strong></span> <span class='ocrx_word' id='word_1_432' title='bbox 2235 2392 2438 2449; x_wconf 69' lang='lat' dir='ltr'><strong>Graecis</strong></span> <span class='ocrx_word' id='word_1_433' title='bbox 2467 2391 2574 2447; x_wconf 90' lang='lat' dir='ltr'><strong>hoc</strong></span> <span class='ocrx_word' id='word_1_434' title='bbox 2601 2390 2874 2446; x_wconf 84' lang='lat' dir='ltr'><strong>beneficio</strong></span> <span class='ocrx_word' id='word_1_435' title='bbox 2899 2387 3102 2459; x_wconf 83' lang='lat' dir='ltr'><strong>dignis,</strong></span> <span class='ocrx_word' id='word_1_436' title='bbox 3137 2385 3204 2441; x_wconf 91' lang='lat' dir='ltr'><strong>ad</strong></span> <span class='ocrx_word' id='word_1_437' title='bbox 3232 2373 3662 2441; x_wconf 78' lang='lat' dir='ltr'><strong>conversionem</strong></span> 
     </span>
    </p>
   </div>
   <div class='ocr_carea' id='block_1_55' title="bbox 2066 2468 3668 2556">
    <p class='ocr_par' dir='ltr' id='par_1_55' title="bbox 2066 2468 3668 2556">
     <span class='ocr_line' id='line_1_55' title="bbox 2066 2468 3668 2556; baseline -0.006 -15"><span class='ocrx_word' id='word_1_438' title='bbox 2066 2486 2276 2556; x_wconf 87' lang='lat' dir='ltr'><strong>Deique</strong></span> <span class='ocrx_word' id='word_1_439' title='bbox 2307 2483 2643 2556; x_wconf 78' lang='lat' dir='ltr'><strong>agnitionem</strong></span> <span class='ocrx_word' id='word_1_440' title='bbox 2672 2480 2982 2538; x_wconf 82' lang='lat' dir='ltr'><strong>notificavit</strong></span> <span class='ocrx_word' id='word_1_441' title='bbox 3013 2477 3198 2534; x_wconf 90' lang='lat' dir='ltr'><strong>omnia</strong></span> <span class='ocrx_word' id='word_1_442' title='bbox 3237 2493 3310 2533; x_wconf 80' lang='lat' dir='ltr'><strong>ex</strong></span> <span class='ocrx_word' id='word_1_443' title='bbox 3357 2468 3668 2548; x_wconf 65' lang='lat' dir='ltr'><strong>partequae</strong></span> 
     </span>
    </p>
   </div>
   <div class='ocr_carea' id='block_1_56' title="bbox 2067 2567 3660 2646">
    <p class='ocr_par' dir='ltr' id='par_1_56' title="bbox 2067 2567 3660 2646">
     <span class='ocr_line' id='line_1_56' title="bbox 2067 2567 3660 2646; baseline -0.008 -13"><span class='ocrx_word' id='word_1_444' title='bbox 2067 2573 2135 2632; x_wconf 84' lang='lat' dir='ltr'><strong>ad</strong></span> <span class='ocrx_word' id='word_1_445' title='bbox 2173 2573 2396 2638; x_wconf 76' lang='lat' dir='ltr'><strong>cmlum,</strong></span> <span class='ocrx_word' id='word_1_446' title='bbox 2436 2582 2662 2636; x_wconf 88' lang='lat' dir='ltr'><strong>terram,</strong></span> <span class='ocrx_word' id='word_1_447' title='bbox 2692 2581 2864 2646; x_wconf 75' lang='lat' dir='ltr'><strong>astra,</strong></span> <span class='ocrx_word' id='word_1_448' title='bbox 2913 2569 3109 2633; x_wconf 87' lang='lat' dir='ltr'><strong>solem,</strong></span> <span class='ocrx_word' id='word_1_449' title='bbox 3157 2583 3329 2632; x_wconf 88' lang='lat' dir='ltr'><strong>mare,</strong></span> <span class='ocrx_word' id='word_1_450' title='bbox 3361 2567 3660 2632; x_wconf 84' lang='lat' dir='ltr'><strong>elementa,</strong></span> 
     </span>
    </p>
   </div>
   <div class='ocr_carea' id='block_1_57' title="bbox 2067 2649 3664 2740">
    <p class='ocr_par' dir='ltr' id='par_1_57' title="bbox 2067 2649 3664 2740">
     <span class='ocr_line' id='line_1_57' title="bbox 2067 2649 3664 2740; baseline -0.008 -14"><span class='ocrx_word' id='word_1_451' title='bbox 2067 2685 2302 2740; x_wconf 88' lang='lat' dir='ltr'><strong>corpora</strong></span> <span class='ocrx_word' id='word_1_452' title='bbox 2331 2677 2389 2723; x_wconf 88' lang='lat' dir='ltr'><strong>et</strong></span> <span class='ocrx_word' id='word_1_453' title='bbox 2428 2667 2657 2736; x_wconf 88' lang='lat' dir='ltr'><strong>spiritus</strong></span> <span class='ocrx_word' id='word_1_454' title='bbox 2688 2672 2962 2736; x_wconf 90' lang='lat' dir='ltr'><strong>spectant,</strong></span> <span class='ocrx_word' id='word_1_455' title='bbox 2991 2669 3200 2734; x_wconf 91' lang='lat' dir='ltr'><strong>quanto</strong></span> <span class='ocrx_word' id='word_1_456' title='bbox 3226 2660 3402 2731; x_wconf 80' lang='lat' dir='ltr'><strong>magis</strong></span> <span class='ocrx_word' id='word_1_457' title='bbox 3423 2649 3530 2715; x_wconf 87' lang='lat' dir='ltr'><strong>hoc</strong></span> <span class='ocrx_word' id='word_1_458' title='bbox 3559 2657 3664 2715; x_wconf 89' lang='lat' dir='ltr'><strong>be-</strong></span> 
     </span>
    </p>
   </div>
   <div class='ocr_carea' id='block_1_58' title="bbox 2069 2753 3664 2834">
    <p class='ocr_par' dir='ltr' id='par_1_58' title="bbox 2069 2753 3664 2834">
     <span class='ocr_line' id='line_1_58' title="bbox 2069 2753 3664 2834; baseline -0.006 -16"><span class='ocrx_word' id='word_1_459' title='bbox 2069 2764 2328 2820; x_wconf 84' lang='lat' dir='ltr'><strong>neficium</strong></span> <span class='ocrx_word' id='word_1_460' title='bbox 2371 2761 2658 2834; x_wconf 63' lang='lat' dir='ltr'><strong>praestabit</strong></span> <span class='ocrx_word' id='word_1_461' title='bbox 2704 2759 2815 2815; x_wconf 86' lang='lat' dir='ltr'><strong>illis</strong></span> <span class='ocrx_word' id='word_1_462' title='bbox 2858 2759 2916 2813; x_wconf 90' lang='lat' dir='ltr'><strong>in</strong></span> <span class='ocrx_word' id='word_1_463' title='bbox 2957 2755 3182 2828; x_wconf 81' lang='lat' dir='ltr'><strong>quibus,</strong></span> <span class='ocrx_word' id='word_1_464' title='bbox 3227 2769 3330 2810; x_wconf 89' lang='lat' dir='ltr'><strong>ceu</strong></span> <span class='ocrx_word' id='word_1_465' title='bbox 3381 2753 3664 2825; x_wconf 74' lang='lat' dir='ltr'><strong>indigena,</strong></span> 
     </span>
    </p>
   </div>
   <div class='ocr_carea' id='block_1_59' title="bbox 2069 2855 2320 2911">
    <p class='ocr_par' dir='ltr' id='par_1_59' title="bbox 2069 2855 2320 2911">
     <span class='ocr_line' id='line_1_59' title="bbox 2069 2855 2320 2911; baseline -0.012 0"><span class='ocrx_word' id='word_1_466' title='bbox 2069 2855 2320 2911; x_wconf 79' lang='lat' dir='ltr'><strong>habitat?</strong></span> 
     </span>
    </p>
   </div>
   <div class='ocr_carea' id='block_1_60' title="bbox 2140 3019 3668 3096">
    <p class='ocr_par' dir='ltr' id='par_1_60' title="bbox 2140 3019 3668 3096">
     <span class='ocr_line' id='line_1_60' title="bbox 2140 3019 3668 3096; baseline -0.007 -10"><span class='ocrx_word' id='word_1_467' title='bbox 2140 3030 2186 3086; x_wconf 82' lang='lat' dir='ltr'><strong>A</strong></span> <span class='ocrx_word' id='word_1_468' title='bbox 2215 3019 2443 3087; x_wconf 88' lang='lat' dir='ltr'><strong>condito</strong></span> <span class='ocrx_word' id='word_1_469' title='bbox 2472 3029 2682 3084; x_wconf 92' lang='lat' dir='ltr'><strong>mundo</strong></span> <span class='ocrx_word' id='word_1_470' title='bbox 2711 3027 2780 3084; x_wconf 90' lang='lat' dir='ltr'><strong>de</strong></span> <span class='ocrx_word' id='word_1_471' title='bbox 2809 3026 2899 3084; x_wconf 90' lang='lat' dir='ltr'><strong>his</strong></span> <span class='ocrx_word' id='word_1_472' title='bbox 2944 3035 3000 3082; x_wconf 91' lang='lat' dir='ltr'><strong>et</strong></span> <span class='ocrx_word' id='word_1_473' title='bbox 3039 3025 3093 3081; x_wconf 89' lang='lat' dir='ltr'><strong>id</strong></span> <span class='ocrx_word' id='word_1_474' title='bbox 3135 3040 3310 3096; x_wconf 84' lang='lat' dir='ltr'><strong>genus</strong></span> <span class='ocrx_word' id='word_1_475' title='bbox 3339 3021 3464 3079; x_wconf 88' lang='lat' dir='ltr'><strong>aliis</strong></span> <span class='ocrx_word' id='word_1_476' title='bbox 3507 3035 3668 3094; x_wconf 67' lang='lat' dir='ltr'><strong>qua-</strong></span> 
     </span>
    </p>
   </div>
   <div class='ocr_carea' id='block_1_61' title="bbox 365 3095 1961 3205">
    <p class='ocr_par' dir='ltr' id='par_1_61' title="bbox 365 3095 1961 3194">
     <span class='ocr_line' id='line_1_61' title="bbox 365 3095 1961 3194; baseline -0.005 -18"><span class='ocrx_word' id='word_1_477' title='bbox 365 3123 640 3194; x_wconf 83' lang='grc' dir='ltr'>τημάτων</span> <span class='ocrx_word' id='word_1_478' title='bbox 671 3095 732 3186; x_wconf 68' lang='lat' dir='ltr'><strong>ég</strong></span> <span class='ocrx_word' id='word_1_479' title='bbox 764 3120 974 3174; x_wconf 76' lang='grc' dir='ltr'>αἰώνων</span> <span class='ocrx_word' id='word_1_480' title='bbox 1000 3095 1262 3190; x_wconf 76' lang='grc' dir='ltr'>γεγόνασι</span> <span class='ocrx_word' id='word_1_481' title='bbox 1291 3115 1548 3190; x_wconf 76' lang='grc' dir='ltr'>ζητήσεὶς</span> <span class='ocrx_word' id='word_1_482' title='bbox 1566 3135 1627 3170; x_wconf 90' lang='grc' dir='ltr'><strong>τε</strong></span> <span class='ocrx_word' id='word_1_483' title='bbox 1655 3116 1751 3170; x_wconf 77' lang='grc' dir='ltr'>καὶ</span> <span class='ocrx_word' id='word_1_484' title='bbox 1775 3095 1961 3188; x_wconf 85' lang='grc' dir='ltr'>διερω-</span> 
     </span>
    </p>
   </div>
   <div class='ocr_carea' id='block_1_62' title="bbox 2068 3095 3666 3205">
    <p class='ocr_par' dir='ltr' id='par_1_62' title="bbox 2068 3095 3666 3186">
     <span class='ocr_line' id='line_1_62' title="bbox 2068 3095 3666 3186; baseline -0.007 -8"><span class='ocrx_word' id='word_1_485' title='bbox 2068 3123 2276 3178; x_wconf 90' lang='lat' dir='ltr'><strong>stiones</strong></span> <span class='ocrx_word' id='word_1_486' title='bbox 2324 3095 2589 3186; x_wconf 38' lang='lat' dir='ltr'><strong>et‘varia:</strong></span> <span class='ocrx_word' id='word_1_487' title='bbox 2637 3119 3030 3186; x_wconf 91' lang='lat' dir='ltr'><strong>dubitationes,</strong></span> <span class='ocrx_word' id='word_1_488' title='bbox 3083 3114 3566 3186; x_wconf 79' lang='lat' dir='ltr'><strong>interrogationes,</strong></span> <span class='ocrx_word' id='word_1_489' title='bbox 3607 3119 3666 3168; x_wconf 84' lang='lat' dir='ltr'><strong>et</strong></span> 
     </span>
    </p>
   </div>
   <div class='ocr_carea' id='block_1_63' title="bbox 363 3201 1964 3285">
    <p class='ocr_par' dir='ltr' id='par_1_63' title="bbox 363 3201 1964 3285">
     <span class='ocr_line' id='line_1_63' title="bbox 363 3201 1964 3285; baseline -0.004 -16"><span class='ocrx_word' id='word_1_490' title='bbox 363 3216 586 3285; x_wconf 79' lang='grc' dir='ltr'>τήσεις·</span> <span class='ocrx_word' id='word_1_491' title='bbox 625 3213 720 3266; x_wconf 77' lang='grc' dir='ltr'>καὶ</span> <span class='ocrx_word' id='word_1_492' title='bbox 769 3213 830 3266; x_wconf 85' lang='grc' dir='ltr'><strong>ού</strong></span> <span class='ocrx_word' id='word_1_493' title='bbox 883 3212 1012 3284; x_wconf 56' lang='grc' dir='ltr'><strong>περὶ⁵</strong></span> <span class='ocrx_word' id='word_1_494' title='bbox 1049 3211 1259 3266; x_wconf 91' lang='grc' dir='ltr'>τούτων</span> <span class='ocrx_word' id='word_1_495' title='bbox 1297 3201 1483 3282; x_wconf 74' lang='grc' dir='ltr'>μόνον,</span> <span class='ocrx_word' id='word_1_496' title='bbox 1509 3209 1645 3265; x_wconf 86' lang='grc' dir='ltr'>ἀλλὰ</span> <span class='ocrx_word' id='word_1_497' title='bbox 1691 3209 1786 3263; x_wconf 74' lang='grc' dir='ltr'>καὶ</span> <span class='ocrx_word' id='word_1_498' title='bbox 1817 3208 1964 3272; x_wconf 88' lang='grc' dir='ltr'>τίνος</span> 
     </span>
    </p>
   </div>
   <div class='ocr_carea' id='block_1_64' title="bbox 361 3299 1965 3377">
    <p class='ocr_par' dir='ltr' id='par_1_64' title="bbox 361 3299 1965 3377">
     <span class='ocr_line' id='line_1_64' title="bbox 361 3299 1965 3377; baseline -0.004 -17"><span class='ocrx_word' id='word_1_499' title='bbox 361 3307 538 3376; x_wconf 83' lang='grc' dir='ltr'>χάριν</span> <span class='ocrx_word' id='word_1_500' title='bbox 575 3304 718 3377; x_wconf 79' lang='grc' dir='ltr'>ἀνὴρ</span> <span class='ocrx_word' id='word_1_501' title='bbox 747 3307 892 3368; x_wconf 77' lang='grc' dir='ltr'>ὅσιος</span> <span class='ocrx_word' id='word_1_502' title='bbox 927 3301 1250 3377; x_wconf 71' lang='grc' dir='ltr'>περιπατῶν</span> <span class='ocrx_word' id='word_1_503' title='bbox 1295 3303 1354 3354; x_wconf 82' lang='grc' dir='ltr'>ὲν</span> <span class='ocrx_word' id='word_1_504' title='bbox 1392 3301 1516 3372; x_wconf 82' lang='grc' dir='ltr'>ὁδῷ,</span> <span class='ocrx_word' id='word_1_505' title='bbox 1544 3301 1700 3370; x_wconf 78' lang='grc' dir='ltr'>ἄφνω</span> <span class='ocrx_word' id='word_1_506' title='bbox 1747 3299 1965 3354; x_wconf 81' lang='grc' dir='ltr'>ἐτελεύ-</span> 
     </span>
    </p>
   </div>
   <div class='ocr_carea' id='block_1_65' title="bbox 359 3373 1965 3469">
    <p class='ocr_par' dir='ltr' id='par_1_65' title="bbox 359 3373 1965 3469">
     <span class='ocr_line' id='line_1_65' title="bbox 359 3373 1965 3469; baseline -0.005 -20"><span class='ocrx_word' id='word_1_507' title='bbox 359 3373 565 3469; x_wconf 71' lang='grc' dir='ltr'>τησεν,</span> <span class='ocrx_word' id='word_1_508' title='bbox 605 3373 794 3466; x_wconf 73' lang='grc' dir='ltr'>ἔτερος</span> <span class='ocrx_word' id='word_1_509' title='bbox 824 3395 881 3446; x_wconf 81' lang='grc' dir='ltr'>ὲν</span> <span class='ocrx_word' id='word_1_510' title='bbox 929 3373 1198 3463; x_wconf 60' lang='grc' dir='ltr'>βαλανείιρ</span> <span class='ocrx_word' id='word_1_511' title='bbox 1223 3389 1423 3460; x_wconf 79' lang='grc' dir='ltr'>ὁμοίως</span> <span class='ocrx_word' id='word_1_512' title='bbox 1451 3389 1552 3460; x_wconf 81' lang='grc' dir='ltr'>τὴν</span> <span class='ocrx_word' id='word_1_513' title='bbox 1581 3389 1760 3460; x_wconf 71' lang='grc' dir='ltr'>ψυχὴν</span> <span class='ocrx_word' id='word_1_514' title='bbox 1819 3403 1965 3458; x_wconf 88' lang='grc' dir='ltr'>παρ-</span> 
     </span>
    </p>
   </div>
   <div class='ocr_carea' id='block_1_66' title="bbox 364 3473 1964 3557">
    <p class='ocr_par' dir='ltr' id='par_1_66' title="bbox 364 3473 1964 3557">
     <span class='ocr_line' id='line_1_66' title="bbox 364 3473 1964 3557; baseline -0.006 -15"><span class='ocrx_word' id='word_1_515' title='bbox 364 3488 605 3552; x_wconf 74' lang='grc' dir='ltr'>έδωκεν,</span> <span class='ocrx_word' id='word_1_516' title='bbox 625 3487 813 3557; x_wconf 72' lang='grc' dir='ltr'>ἔτερος</span> <span class='ocrx_word' id='word_1_517' title='bbox 829 3487 890 3546; x_wconf 84' lang='grc' dir='ltr'>ὲν</span> <span class='ocrx_word' id='word_1_518' title='bbox 907 3483 1156 3556; x_wconf 78' lang='grc' dir='ltr'>τραπέζῃ</span> <span class='ocrx_word' id='word_1_519' title='bbox 1175 3481 1236 3535; x_wconf 82' lang='grc' dir='ltr'>τὸ</span> <span class='ocrx_word' id='word_1_520' title='bbox 1253 3483 1512 3552; x_wconf 69' lang='grc' dir='ltr'>ποτήριον</span> <span class='ocrx_word' id='word_1_521' title='bbox 1527 3473 1839 3553; x_wconf 78' lang='grc' dir='ltr'>δεξάμενος,</span> <span class='ocrx_word' id='word_1_522' title='bbox 1866 3481 1964 3532; x_wconf 81' lang='grc' dir='ltr'>σὺν</span> 
     </span>
    </p>
   </div>
   <div class='ocr_carea' id='block_1_67' title="bbox 359 3570 1962 3648">
    <p class='ocr_par' dir='ltr' id='par_1_67' title="bbox 359 3570 1962 3648">
     <span class='ocr_line' id='line_1_67' title="bbox 359 3570 1962 3648; baseline -0.006 -16"><span class='ocrx_word' id='word_1_523' title='bbox 359 3575 527 3648; x_wconf 72' lang='grc' dir='ltr'>αὐτῷ</span> <span class='ocrx_word' id='word_1_524' title='bbox 561 3576 658 3631; x_wconf 71' lang='grc' dir='ltr'>καὶ</span> <span class='ocrx_word' id='word_1_525' title='bbox 680 3576 742 3629; x_wconf 84' lang='grc' dir='ltr'>τὸ</span> <span class='ocrx_word' id='word_1_526' title='bbox 766 3575 1032 3648; x_wconf 77' lang='grc' dir='ltr'>ποτήριον</span> <span class='ocrx_word' id='word_1_527' title='bbox 1050 3572 1146 3626; x_wconf 88' lang='grc' dir='ltr'><strong>τοῦ</strong></span> <span class='ocrx_word' id='word_1_528' title='bbox 1175 3572 1408 3626; x_wconf 81' lang='grc' dir='ltr'>Θανάτου</span> <span class='ocrx_word' id='word_1_529' title='bbox 1435 3570 1590 3624; x_wconf 73' lang='grc' dir='ltr'>ἔπιεν</span> <span class='ocrx_word' id='word_1_530' title='bbox 1610 3586 1624 3601; x_wconf 72' lang='grc' dir='ltr'><strong>ο</strong></span> <span class='ocrx_word' id='word_1_531' title='bbox 1653 3571 1789 3642; x_wconf 81' lang='grc' dir='ltr'>άλλη</span> <span class='ocrx_word' id='word_1_532' title='bbox 1823 3571 1962 3641; x_wconf 82' lang='grc' dir='ltr'>γυνὴ</span> 
     </span>
    </p>
   </div>
   <div class='ocr_carea' id='block_1_68' title="bbox 358 3645 1960 3738">
    <p class='ocr_par' dir='ltr' id='par_1_68' title="bbox 358 3645 1960 3738">
     <span class='ocr_line' id='line_1_68' title="bbox 358 3645 1960 3738; baseline -0.006 -15"><span class='ocrx_word' id='word_1_533' title='bbox 358 3645 656 3730; x_wconf 81' lang='grc' dir='ltr'>τίκτουσα,</span> <span class='ocrx_word' id='word_1_534' title='bbox 689 3664 824 3738; x_wconf 80' lang='grc' dir='ltr'>άλλη</span> <span class='ocrx_word' id='word_1_535' title='bbox 861 3667 920 3720; x_wconf 84' lang='grc' dir='ltr'>ὲν</span> <span class='ocrx_word' id='word_1_536' title='bbox 968 3645 1048 3736; x_wconf 76' lang='grc' dir='ltr'><strong>τῷ</strong></span> <span class='ocrx_word' id='word_1_537' title='bbox 1096 3661 1328 3734; x_wconf 86' lang='grc' dir='ltr'>θαλάμῳ</span> <span class='ocrx_word' id='word_1_538' title='bbox 1371 3663 1508 3732; x_wconf 79' lang='grc' dir='ltr'>ἁγνὴ</span> <span class='ocrx_word' id='word_1_539' title='bbox 1542 3663 1636 3716; x_wconf 67' lang='grc' dir='ltr'>καὶ</span> <span class='ocrx_word' id='word_1_540' title='bbox 1671 3659 1960 3732; x_wconf 78' lang='grc' dir='ltr'>παρθένος,</span> 
     </span>
    </p>
   </div>
   <div class='ocr_carea' id='block_1_69' title="bbox 356 3751 1964 3834">
    <p class='ocr_par' dir='ltr' id='par_1_69' title="bbox 356 3751 1964 3834">
     <span class='ocr_line' id='line_1_69' title="bbox 356 3751 1964 3834; baseline -0.01 -16"><span class='ocrx_word' id='word_1_541' title='bbox 356 3767 437 3834; x_wconf 78' lang='grc' dir='ltr'><strong>τῇ</strong></span> <span class='ocrx_word' id='word_1_542' title='bbox 469 3761 590 3832; x_wconf 73' lang='grc' dir='ltr'>ὥρα</span> <span class='ocrx_word' id='word_1_543' title='bbox 615 3759 711 3814; x_wconf 88' lang='grc' dir='ltr'><strong>τοῦ</strong></span> <span class='ocrx_word' id='word_1_544' title='bbox 731 3761 911 3828; x_wconf 84' lang='grc' dir='ltr'>γάμου</span> <span class='ocrx_word' id='word_1_545' title='bbox 965 3760 1064 3813; x_wconf 77' lang='grc' dir='ltr'>καὶ</span> <span class='ocrx_word' id='word_1_546' title='bbox 1088 3757 1188 3829; x_wconf 80' lang='grc' dir='ltr'><strong>τῆς</strong></span> <span class='ocrx_word' id='word_1_547' title='bbox 1207 3757 1383 3828; x_wconf 82' lang='grc' dir='ltr'>χαρᾶς</span> <span class='ocrx_word' id='word_1_548' title='bbox 1404 3753 1776 3824; x_wconf 73' lang='grc' dir='ltr'>ἐτελεύτησεν·</span> <span class='ocrx_word' id='word_1_549' title='bbox 1805 3751 1964 3814; x_wconf 81' lang='grc' dir='ltr'>ἄλλος</span> 
     </span>
    </p>
   </div>
   <div class='ocr_carea' id='block_1_70' title="bbox 361 3841 1962 3926">
    <p class='ocr_par' dir='ltr' id='par_1_70' title="bbox 361 3841 1962 3926">
     <span class='ocr_line' id='line_1_70' title="bbox 361 3841 1962 3926; baseline -0.009 -16"><span class='ocrx_word' id='word_1_550' title='bbox 361 3857 456 3926; x_wconf 68' lang='grc' dir='ltr'><strong>είς</strong></span> <span class='ocrx_word' id='word_1_551' title='bbox 493 3853 794 3926; x_wconf 77' lang='grc' dir='ltr'>ἱερωσύνην</span> <span class='ocrx_word' id='word_1_552' title='bbox 827 3851 1052 3914; x_wconf 84' lang='grc' dir='ltr'>δικαίως</span> <span class='ocrx_word' id='word_1_553' title='bbox 1082 3847 1510 3922; x_wconf 64' lang='grc' dir='ltr'>προχειρισθεὶς,</span> <span class='ocrx_word' id='word_1_554' title='bbox 1545 3847 1638 3898; x_wconf 70' lang='grc' dir='ltr'>καὶ</span> <span class='ocrx_word' id='word_1_555' title='bbox 1663 3843 1843 3914; x_wconf 72' lang='grc' dir='ltr'>ψυχὰς</span> <span class='ocrx_word' id='word_1_556' title='bbox 1871 3841 1962 3896; x_wconf 72' lang='grc' dir='ltr'><strong>δυ»</strong></span> 
     </span>
    </p>
   </div>
   <div class='ocr_carea' id='block_1_71' title="bbox 361 3937 1958 4018">
    <p class='ocr_par' dir='ltr' id='par_1_71' title="bbox 361 3937 1958 4018">
     <span class='ocr_line' id='line_1_71' title="bbox 361 3937 1958 4018; baseline -0.008 -16"><span class='ocrx_word' id='word_1_557' title='bbox 361 3949 613 4018; x_wconf 84' lang='grc' dir='ltr'>νάμενος</span> <span class='ocrx_word' id='word_1_558' title='bbox 646 3945 839 4011; x_wconf 75' lang='grc' dir='ltr'>σῶσαι,</span> <span class='ocrx_word' id='word_1_559' title='bbox 872 3947 940 4016; x_wconf 84' lang='grc' dir='ltr'><strong>τῇ</strong></span> <span class='ocrx_word' id='word_1_560' title='bbox 987 3944 1148 4016; x_wconf 77' lang='grc' dir='ltr'>τρίτῃ</span> <span class='ocrx_word' id='word_1_561' title='bbox 1185 3943 1370 4013; x_wconf 81' lang='grc' dir='ltr'>ἡμέρᾳ</span> <span class='ocrx_word' id='word_1_562' title='bbox 1415 3941 1654 4010; x_wconf 78' lang='grc' dir='ltr'>νοσήσας</span> <span class='ocrx_word' id='word_1_563' title='bbox 1697 3937 1958 3990; x_wconf 86' lang='grc' dir='ltr'>ἀπέθανε.</span> 
     </span>
    </p>
   </div>
   <div class='ocr_carea' id='block_1_72' title="bbox 359 4029 1958 4110">
    <p class='ocr_par' dir='ltr' id='par_1_72' title="bbox 359 4029 1958 4110">
     <span class='ocr_line' id='line_1_72' title="bbox 359 4029 1958 4110; baseline -0.007 -17"><span class='ocrx_word' id='word_1_564' title='bbox 359 4039 513 4110; x_wconf 72' lang='grc' dir='ltr'>Περὶ</span> <span class='ocrx_word' id='word_1_565' title='bbox 541 4033 614 4091; x_wconf 82' lang='grc' dir='ltr'><strong>ὧν</strong></span> <span class='ocrx_word' id='word_1_566' title='bbox 645 4037 924 4098; x_wconf 82' lang='grc' dir='ltr'>ἁπάντων,</span> <span class='ocrx_word' id='word_1_567' title='bbox 947 4035 976 4088; x_wconf 89' lang='lat'><strong>6</strong></span> <span class='ocrx_word' id='word_1_568' title='bbox 1011 4035 1149 4107; x_wconf 75' lang='grc' dir='ltr'>μετὰ</span> <span class='ocrx_word' id='word_1_569' title='bbox 1174 4033 1411 4095; x_wconf 86' lang='grc' dir='ltr'>πίστεως</span> <span class='ocrx_word' id='word_1_570' title='bbox 1445 4030 1660 4103; x_wconf 85' lang='grc' dir='ltr'>χωρῶν,</span> <span class='ocrx_word' id='word_1_571' title='bbox 1689 4029 1958 4100; x_wconf 82' lang='grc' dir='ltr'>χωρείτω,</span> 
     </span>
    </p>
   </div>
   <div class='ocr_carea' id='block_1_73' title="bbox 361 4120 1962 4202">
    <p class='ocr_par' dir='ltr' id='par_1_73' title="bbox 361 4120 1962 4202">
     <span class='ocr_line' id='line_1_73' title="bbox 361 4120 1962 4202; baseline -0.007 -17"><span class='ocrx_word' id='word_1_572' title='bbox 361 4129 474 4185; x_wconf 71' lang='grc' dir='ltr'>καὶ</span> <span class='ocrx_word' id='word_1_573' title='bbox 497 4128 595 4202; x_wconf 77' lang='grc' dir='ltr'>τὴν</span> <span class='ocrx_word' id='word_1_574' title='bbox 625 4125 781 4182; x_wconf 86' lang='grc' dir='ltr'>λύσιν</span> <span class='ocrx_word' id='word_1_575' title='bbox 816 4124 1165 4188; x_wconf 59' lang='grc' dir='ltr'>ἅδιστάκτως</span> <span class='ocrx_word' id='word_1_576' title='bbox 1225 4124 1370 4178; x_wconf 73' lang='grc' dir='ltr'>κατὰ</span> <span class='ocrx_word' id='word_1_577' title='bbox 1403 4123 1500 4196; x_wconf 77' lang='grc' dir='ltr'>τὴν</span> <span class='ocrx_word' id='word_1_578' title='bbox 1525 4123 1784 4194; x_wconf 83' lang='grc' dir='ltr'>Πατέρων</span> <span class='ocrx_word' id='word_1_579' title='bbox 1819 4120 1962 4174; x_wconf 75' lang='grc' dir='ltr'>διδα-</span> 
     </span>
    </p>
   </div>
   <div class='ocr_carea' id='block_1_74' title="bbox 360 4219 1366 4292">
    <p class='ocr_par' dir='ltr' id='par_1_74' title="bbox 360 4219 1366 4292">
     <span class='ocr_line' id='line_1_74' title="bbox 360 4219 1366 4292; baseline -0.001 -21"><span class='ocrx_word' id='word_1_580' title='bbox 360 4219 478 4292; x_wconf 78' lang='grc' dir='ltr'>χὴν</span> <span class='ocrx_word' id='word_1_581' title='bbox 519 4219 785 4273; x_wconf 83' lang='grc' dir='ltr'>ἀκουέτω.</span> <span class='ocrx_word' id='word_1_582' title='bbox 1131 4282 1136 4286; x_wconf 22' lang='grc' dir='ltr'><strong>ι</strong></span> <span class='ocrx_word' id='word_1_583' title='bbox 1359 4221 1366 4231; x_wconf 85' lang='grc'><em>’</em></span> 
     </span>
    </p>
   </div>
   <div class='ocr_carea' id='block_1_75' title="bbox 458 4303 1958 4380">
    <p class='ocr_par' dir='ltr' id='par_1_75' title="bbox 458 4303 1958 4380">
     <span class='ocr_line' id='line_1_75' title="bbox 458 4303 1958 4380; baseline -0.005 -16"><span class='ocrx_word' id='word_1_584' title='bbox 458 4309 548 4364; x_wconf 84' lang='grc' dir='ltr'>Ἔν</span> <span class='ocrx_word' id='word_1_585' title='bbox 579 4312 724 4380; x_wconf 74' lang='grc' dir='ltr'>ἀρχῇ</span> <span class='ocrx_word' id='word_1_586' title='bbox 760 4309 998 4378; x_wconf 81' lang='grc' dir='ltr'>ποιήσας</span> <span class='ocrx_word' id='word_1_587' title='bbox 1049 4308 1078 4360; x_wconf 91' lang='lat'><strong>6</strong></span> <span class='ocrx_word' id='word_1_588' title='bbox 1140 4306 1272 4370; x_wconf 86' lang='grc' dir='ltr'>Θεὸς</span> <span class='ocrx_word' id='word_1_589' title='bbox 1304 4309 1396 4360; x_wconf 71' lang='grc' dir='ltr'>τὸν</span> <span class='ocrx_word' id='word_1_590' title='bbox 1447 4305 1701 4374; x_wconf 72' lang='grc' dir='ltr'>οὐρανὸν,</span> <span class='ocrx_word' id='word_1_591' title='bbox 1737 4305 1832 4358; x_wconf 57' lang='grc' dir='ltr'><strong>καὶ¹</strong></span> <span class='ocrx_word' id='word_1_592' title='bbox 1861 4303 1958 4376; x_wconf 78' lang='grc' dir='ltr'>τὴν</span> 
     </span>
    </p>
   </div>
   <div class='ocr_carea' id='block_1_76' title="bbox 357 4397 1959 4475">
    <p class='ocr_par' dir='ltr' id='par_1_76' title="bbox 357 4397 1959 4475">
     <span class='ocr_line' id='line_1_76' title="bbox 357 4397 1959 4475; baseline -0.005 -19"><span class='ocrx_word' id='word_1_593' title='bbox 357 4407 497 4475; x_wconf 82' lang='grc' dir='ltr'>γῆν,</span> <span class='ocrx_word' id='word_1_594' title='bbox 530 4402 627 4456; x_wconf 69' lang='grc' dir='ltr'>καὶ</span> <span class='ocrx_word' id='word_1_595' title='bbox 653 4402 754 4474; x_wconf 78' lang='grc' dir='ltr'>τὴν</span> <span class='ocrx_word' id='word_1_596' title='bbox 795 4399 1096 4466; x_wconf 73' lang='grc' dir='ltr'>Θάλασσαν,</span> <span class='ocrx_word' id='word_1_597' title='bbox 1131 4399 1227 4454; x_wconf 67' lang='grc' dir='ltr'><strong>καὶ</strong></span> <span class='ocrx_word' id='word_1_598' title='bbox 1253 4399 1437 4452; x_wconf 79' lang='grc' dir='ltr'>πᾶσαν</span> <span class='ocrx_word' id='word_1_599' title='bbox 1463 4397 1670 4468; x_wconf 84' lang='grc' dir='ltr'>ταύτην</span> <span class='ocrx_word' id='word_1_600' title='bbox 1697 4397 1796 4468; x_wconf 76' lang='grc' dir='ltr'>τὴν</span> <span class='ocrx_word' id='word_1_601' title='bbox 1821 4397 1959 4466; x_wconf 85' lang='grc' dir='ltr'>ὁρω-</span> 
     </span>
    </p>
   </div>
   <div class='ocr_carea' id='block_1_77' title="bbox 2067 3202 3666 3280">
    <p class='ocr_par' dir='ltr' id='par_1_77' title="bbox 2067 3202 3666 3280">
     <span class='ocr_line' id='line_1_77' title="bbox 2067 3202 3666 3280; baseline -0.008 -10"><span class='ocrx_word' id='word_1_602' title='bbox 2067 3212 2462 3270; x_wconf 84' lang='lat' dir='ltr'><strong>controversiae</strong></span> <span class='ocrx_word' id='word_1_603' title='bbox 2491 3210 2825 3266; x_wconf 81' lang='lat' dir='ltr'><strong>exstiterunt</strong></span> <span class='ocrx_word' id='word_1_604' title='bbox 2855 3227 2868 3263; x_wconf 94' lang='lat'><strong>:</strong></span> <span class='ocrx_word' id='word_1_605' title='bbox 2899 3225 3003 3264; x_wconf 90' lang='lat' dir='ltr'><strong>nec</strong></span> <span class='ocrx_word' id='word_1_606' title='bbox 3031 3205 3099 3280; x_wconf 82' lang='lat' dir='ltr'><strong>de</strong></span> <span class='ocrx_word' id='word_1_607' title='bbox 3125 3205 3212 3262; x_wconf 91' lang='lat' dir='ltr'><strong>his</strong></span> <span class='ocrx_word' id='word_1_608' title='bbox 3243 3203 3445 3268; x_wconf 74' lang='lat' dir='ltr'><strong>Solum,</strong></span> <span class='ocrx_word' id='word_1_609' title='bbox 3478 3202 3575 3258; x_wconf 84' lang='lat' dir='ltr'><strong>sed</strong></span> <span class='ocrx_word' id='word_1_610' title='bbox 3605 3211 3666 3259; x_wconf 81' lang='lat' dir='ltr'><strong>et</strong></span> 
     </span>
    </p>
   </div>
   <div class='ocr_carea' id='block_1_78' title="bbox 2067 3295 3662 3375">
    <p class='ocr_par' dir='ltr' id='par_1_78' title="bbox 2067 3295 3662 3375">
     <span class='ocr_line' id='line_1_78' title="bbox 2067 3295 3662 3375; baseline -0.006 -14"><span class='ocrx_word' id='word_1_611' title='bbox 2067 3305 2135 3362; x_wconf 92' lang='lat' dir='ltr'><strong>de</strong></span> <span class='ocrx_word' id='word_1_612' title='bbox 2165 3304 2292 3361; x_wconf 85' lang='lat' dir='ltr'><strong>aliis</strong></span> <span class='ocrx_word' id='word_1_613' title='bbox 2323 3323 2338 3358; x_wconf 89' lang='lat'><strong>:</strong></span> <span class='ocrx_word' id='word_1_614' title='bbox 2366 3314 2428 3360; x_wconf 90' lang='lat' dir='ltr'><strong>ut</strong></span> <span class='ocrx_word' id='word_1_615' title='bbox 2456 3295 2614 3375; x_wconf 79' lang='lat' dir='ltr'><strong>cujus</strong></span> <span class='ocrx_word' id='word_1_616' title='bbox 2637 3303 2811 3374; x_wconf 79' lang='lat' dir='ltr'><strong>gratia</strong></span> <span class='ocrx_word' id='word_1_617' title='bbox 2839 3301 2926 3356; x_wconf 78' lang='lat' dir='ltr'><strong>vir</strong></span> <span class='ocrx_word' id='word_1_618' title='bbox 2955 3309 3200 3364; x_wconf 87' lang='lat' dir='ltr'><strong>sanctus,</strong></span> <span class='ocrx_word' id='word_1_619' title='bbox 3227 3295 3357 3356; x_wconf 91' lang='lat' dir='ltr'><strong>dum</strong></span> <span class='ocrx_word' id='word_1_620' title='bbox 3391 3295 3662 3352; x_wconf 78' lang='lat' dir='ltr'><strong>deambu-</strong></span> 
     </span>
    </p>
   </div>
   <div class='ocr_carea' id='block_1_79' title="bbox 2064 3386 3666 3462">
    <p class='ocr_par' dir='ltr' id='par_1_79' title="bbox 2064 3386 3666 3462">
     <span class='ocr_line' id='line_1_79' title="bbox 2064 3386 3666 3462; baseline -0.006 -10"><span class='ocrx_word' id='word_1_621' title='bbox 2064 3398 2229 3462; x_wconf 89' lang='lat' dir='ltr'><strong>laret,</strong></span> <span class='ocrx_word' id='word_1_622' title='bbox 2248 3393 2449 3452; x_wconf 87' lang='lat' dir='ltr'><strong>subito</strong></span> <span class='ocrx_word' id='word_1_623' title='bbox 2481 3394 2788 3451; x_wconf 79' lang='lat' dir='ltr'><strong>exstinctus</strong></span> <span class='ocrx_word' id='word_1_624' title='bbox 2813 3401 2918 3457; x_wconf 87' lang='lat' dir='ltr'><strong>est,</strong></span> <span class='ocrx_word' id='word_1_625' title='bbox 2945 3392 3088 3446; x_wconf 88' lang='lat' dir='ltr'><strong>alios</strong></span> <span class='ocrx_word' id='word_1_626' title='bbox 3111 3389 3168 3446; x_wconf 92' lang='lat' dir='ltr'><strong>in</strong></span> <span class='ocrx_word' id='word_1_627' title='bbox 3190 3389 3392 3444; x_wconf 90' lang='lat' dir='ltr'><strong>balneo</strong></span> <span class='ocrx_word' id='word_1_628' title='bbox 3415 3386 3666 3458; x_wconf 84' lang='lat' dir='ltr'><strong>e‘xspira-</strong></span> 
     </span>
    </p>
   </div>
   <div class='ocr_carea' id='block_1_80' title="bbox 2063 3479 3664 3558">
    <p class='ocr_par' dir='ltr' id='par_1_80' title="bbox 2063 3479 3664 3558">
     <span class='ocr_line' id='line_1_80' title="bbox 2063 3479 3664 3558; baseline -0.004 -14"><span class='ocrx_word' id='word_1_629' title='bbox 2063 3490 2163 3554; x_wconf 79' lang='lat' dir='ltr'><strong>vit,</strong></span> <span class='ocrx_word' id='word_1_630' title='bbox 2202 3488 2346 3545; x_wconf 90' lang='lat' dir='ltr'><strong>alius</strong></span> <span class='ocrx_word' id='word_1_631' title='bbox 2373 3487 2427 3544; x_wconf 89' lang='lat' dir='ltr'><strong>in</strong></span> <span class='ocrx_word' id='word_1_632' title='bbox 2453 3505 2662 3553; x_wconf 90' lang='lat' dir='ltr'><strong>mensa,</strong></span> <span class='ocrx_word' id='word_1_633' title='bbox 2692 3486 2892 3558; x_wconf 91' lang='lat' dir='ltr'><strong>poculo</strong></span> <span class='ocrx_word' id='word_1_634' title='bbox 2925 3496 3176 3555; x_wconf 85' lang='lat' dir='ltr'><strong>accepto,</strong></span> <span class='ocrx_word' id='word_1_635' title='bbox 3211 3483 3374 3540; x_wconf 85' lang='lat' dir='ltr'><strong>simul</strong></span> <span class='ocrx_word' id='word_1_636' title='bbox 3406 3479 3530 3539; x_wconf 88' lang='lat' dir='ltr'><strong>cum</strong></span> <span class='ocrx_word' id='word_1_637' title='bbox 3561 3481 3664 3538; x_wconf 87' lang='lat' dir='ltr'><strong>illo</strong></span> 
     </span>
    </p>
   </div>
   <div class='ocr_carea' id='block_1_81' title="bbox 2066 3575 3662 3652">
    <p class='ocr_par' dir='ltr' id='par_1_81' title="bbox 2066 3575 3662 3652">
     <span class='ocr_line' id='line_1_81' title="bbox 2066 3575 3662 3652; baseline -0.004 -16"><span class='ocrx_word' id='word_1_638' title='bbox 2066 3581 2326 3652; x_wconf 86' lang='lat' dir='ltr'><strong>poculum</strong></span> <span class='ocrx_word' id='word_1_639' title='bbox 2356 3580 2552 3635; x_wconf 90' lang='lat' dir='ltr'><strong>mortis</strong></span> <span class='ocrx_word' id='word_1_640' title='bbox 2579 3577 2786 3645; x_wconf 88' lang='lat' dir='ltr'><strong>ebibit;</strong></span> <span class='ocrx_word' id='word_1_641' title='bbox 2815 3577 2921 3633; x_wconf 88' lang='lat' dir='ltr'><strong>alia</strong></span> <span class='ocrx_word' id='word_1_642' title='bbox 2949 3577 3149 3632; x_wconf 74' lang='lat' dir='ltr'><strong>mulier</strong></span> <span class='ocrx_word' id='word_1_643' title='bbox 3175 3577 3229 3630; x_wconf 91' lang='lat' dir='ltr'><strong>in</strong></span> <span class='ocrx_word' id='word_1_644' title='bbox 3257 3583 3440 3646; x_wconf 87' lang='lat' dir='ltr'><strong>partu.</strong></span> <span class='ocrx_word' id='word_1_645' title='bbox 3465 3575 3570 3630; x_wconf 89' lang='lat' dir='ltr'><strong>alia</strong></span> <span class='ocrx_word' id='word_1_646' title='bbox 3601 3575 3662 3630; x_wconf 83' lang='lat' dir='ltr'><strong>in</strong></span> 
     </span>
    </p>
   </div>
   <div class='ocr_carea' id='block_1_82' title="bbox 2066 3663 3658 3739">
    <p class='ocr_par' dir='ltr' id='par_1_82' title="bbox 2066 3663 3658 3739">
     <span class='ocr_line' id='line_1_82' title="bbox 2066 3663 3658 3739; baseline -0.004 -14"><span class='ocrx_word' id='word_1_647' title='bbox 2066 3671 2308 3726; x_wconf 88' lang='lat' dir='ltr'><strong>thalamo</strong></span> <span class='ocrx_word' id='word_1_648' title='bbox 2344 3669 2603 3724; x_wconf 76' lang='lat' dir='ltr'><strong>inviolata</strong></span> <span class='ocrx_word' id='word_1_649' title='bbox 2636 3668 2812 3739; x_wconf 78' lang='lat' dir='ltr'><strong>virgo,</strong></span> <span class='ocrx_word' id='word_1_650' title='bbox 2843 3667 2963 3738; x_wconf 89' lang='lat' dir='ltr'><strong>ipso</strong></span> <span class='ocrx_word' id='word_1_651' title='bbox 2990 3663 3254 3736; x_wconf 86' lang='lat' dir='ltr'><strong>nuptialis</strong></span> <span class='ocrx_word' id='word_1_652' title='bbox 3299 3663 3483 3735; x_wconf 83' lang='lat' dir='ltr'><strong>gaudii</strong></span> <span class='ocrx_word' id='word_1_653' title='bbox 3513 3673 3658 3718; x_wconf 78' lang='lat' dir='ltr'><strong>tem-</strong></span> 
     </span>
    </p>
   </div>
   <div class='ocr_carea' id='block_1_83' title="bbox 2065 3755 3659 3836">
    <p class='ocr_par' dir='ltr' id='par_1_83' title="bbox 2065 3755 3659 3836">
     <span class='ocr_line' id='line_1_83' title="bbox 2065 3755 3659 3836; baseline -0.006 -17"><span class='ocrx_word' id='word_1_654' title='bbox 2065 3780 2220 3836; x_wconf 88' lang='lat' dir='ltr'><strong>pore,</strong></span> <span class='ocrx_word' id='word_1_655' title='bbox 2250 3763 2489 3818; x_wconf 88' lang='lat' dir='ltr'><strong>animam</strong></span> <span class='ocrx_word' id='word_1_656' title='bbox 2517 3761 2748 3828; x_wconf 71' lang='lat' dir='ltr'><strong>eillavit;</strong></span> <span class='ocrx_word' id='word_1_657' title='bbox 2794 3760 2935 3816; x_wconf 88' lang='lat' dir='ltr'><strong>alius</strong></span> <span class='ocrx_word' id='word_1_658' title='bbox 2961 3757 3272 3814; x_wconf 89' lang='lat' dir='ltr'><strong>sacerdotio</strong></span> <span class='ocrx_word' id='word_1_659' title='bbox 3307 3755 3576 3822; x_wconf 89' lang='lat' dir='ltr'><strong>initiatus,</strong></span> <span class='ocrx_word' id='word_1_660' title='bbox 3600 3763 3659 3810; x_wconf 82' lang='lat' dir='ltr'><strong>ct</strong></span> 
     </span>
    </p>
   </div>
   <div class='ocr_carea' id='block_1_84' title="bbox 2065 3847 3658 3914">
    <p class='ocr_par' dir='ltr' id='par_1_84' title="bbox 2065 3847 3658 3914">
     <span class='ocr_line' id='line_1_84' title="bbox 2065 3847 3658 3914; baseline -0.006 -4"><span class='ocrx_word' id='word_1_661' title='bbox 2065 3857 2362 3911; x_wconf 90' lang='lat' dir='ltr'><strong>multarum</strong></span> <span class='ocrx_word' id='word_1_662' title='bbox 2412 3849 2722 3910; x_wconf 85' lang='lat' dir='ltr'><strong>animarum</strong></span> <span class='ocrx_word' id='word_1_663' title='bbox 2761 3853 2919 3907; x_wconf 90' lang='lat' dir='ltr'><strong>lucro</strong></span> <span class='ocrx_word' id='word_1_664' title='bbox 2969 3851 3300 3914; x_wconf 80' lang='lat' dir='ltr'><strong>destinatus,</strong></span> <span class='ocrx_word' id='word_1_665' title='bbox 3346 3849 3505 3903; x_wconf 87' lang='lat' dir='ltr'><strong>tcrtia</strong></span> <span class='ocrx_word' id='word_1_666' title='bbox 3541 3847 3658 3911; x_wconf 85' lang='lat' dir='ltr'><strong>dic,</strong></span> 
     </span>
    </p>
   </div>
   <div class='ocr_carea' id='block_1_85' title="bbox 2065 3940 3658 4012">
    <p class='ocr_par' dir='ltr' id='par_1_85' title="bbox 2065 3940 3658 4012">
     <span class='ocr_line' id='line_1_85' title="bbox 2065 3940 3658 4012; baseline -0.006 -8"><span class='ocrx_word' id='word_1_667' title='bbox 2065 3948 2262 4005; x_wconf 74' lang='lat' dir='ltr'><strong>inorbo</strong></span> <span class='ocrx_word' id='word_1_668' title='bbox 2290 3956 2597 4010; x_wconf 81' lang='lat' dir='ltr'><strong>contracto,</strong></span> <span class='ocrx_word' id='word_1_669' title='bbox 2633 3945 2888 4000; x_wconf 89' lang='lat' dir='ltr'><strong>moritur.</strong></span> <span class='ocrx_word' id='word_1_670' title='bbox 2919 3943 2993 3997; x_wconf 90' lang='lat' dir='ltr'><strong>De</strong></span> <span class='ocrx_word' id='word_1_671' title='bbox 3021 3942 3221 4012; x_wconf 88' lang='lat' dir='ltr'><strong>quibus</strong></span> <span class='ocrx_word' id='word_1_672' title='bbox 3244 3940 3524 4002; x_wconf 90' lang='lat' dir='ltr'><strong>omnibus,</strong></span> <span class='ocrx_word' id='word_1_673' title='bbox 3558 3941 3658 4010; x_wconf 76' lang='lat' dir='ltr'><strong>qui</strong></span> 
     </span>
    </p>
   </div>
   <div class='ocr_carea' id='block_1_86' title="bbox 2063 4023 3657 4112">
    <p class='ocr_par' dir='ltr' id='par_1_86' title="bbox 2063 4023 3657 4112">
     <span class='ocr_line' id='line_1_86' title="bbox 2063 4023 3657 4112; baseline -0.006 -17"><span class='ocrx_word' id='word_1_674' title='bbox 2063 4023 2246 4112; x_wconf 66' lang='lat' dir='ltr'><strong>potest</strong></span> <span class='ocrx_word' id='word_1_675' title='bbox 2279 4056 2404 4094; x_wconf 90' lang='lat' dir='ltr'><strong>cum</strong></span> <span class='ocrx_word' id='word_1_676' title='bbox 2456 4037 2562 4092; x_wconf 86' lang='lat' dir='ltr'><strong>fide</strong></span> <span class='ocrx_word' id='word_1_677' title='bbox 2594 4049 2812 4106; x_wconf 83' lang='lat' dir='ltr'><strong>capere,</strong></span> <span class='ocrx_word' id='word_1_678' title='bbox 2858 4034 3057 4104; x_wconf 83' lang='lat' dir='ltr'><strong>capiat,</strong></span> <span class='ocrx_word' id='word_1_679' title='bbox 3093 4041 3148 4086; x_wconf 85' lang='lat' dir='ltr'><strong>et</strong></span> <span class='ocrx_word' id='word_1_680' title='bbox 3191 4031 3530 4102; x_wconf 88' lang='lat' dir='ltr'><strong>singulorum</strong></span> <span class='ocrx_word' id='word_1_681' title='bbox 3569 4046 3657 4086; x_wconf 89' lang='lat' dir='ltr'><strong>so-</strong></span> 
     </span>
    </p>
   </div>
   <div class='ocr_carea' id='block_1_87' title="bbox 2061 4120 3510 4188">
    <p class='ocr_par' dir='ltr' id='par_1_87' title="bbox 2061 4120 3510 4188">
     <span class='ocr_line' id='line_1_87' title="bbox 2061 4120 3510 4188; baseline -0.009 0"><span class='ocrx_word' id='word_1_682' title='bbox 2061 4133 2330 4188; x_wconf 88' lang='lat' dir='ltr'><strong>lutionem</strong></span> <span class='ocrx_word' id='word_1_683' title='bbox 2355 4147 2420 4186; x_wconf 80' lang='lat' dir='ltr'><strong>ex</strong></span> <span class='ocrx_word' id='word_1_684' title='bbox 2443 4129 2691 4185; x_wconf 87' lang='lat' dir='ltr'><strong>doctrina</strong></span> <span class='ocrx_word' id='word_1_685' title='bbox 2717 4136 3030 4181; x_wconf 87' lang='lat' dir='ltr'><strong>sanctorum</strong></span> <span class='ocrx_word' id='word_1_686' title='bbox 3051 4125 3276 4179; x_wconf 86' lang='lat' dir='ltr'><strong>Patrum</strong></span> <span class='ocrx_word' id='word_1_687' title='bbox 3301 4120 3510 4184; x_wconf 83' lang='lat' dir='ltr'><strong>audiat.</strong></span> 
     </span>
    </p>
   </div>
   <div class='ocr_carea' id='block_1_88' title="bbox 2131 4299 3656 4377">
    <p class='ocr_par' dir='ltr' id='par_1_88' title="bbox 2131 4299 3656 4377">
     <span class='ocr_line' id='line_1_88' title="bbox 2131 4299 3656 4377; baseline -0.007 -15"><span class='ocrx_word' id='word_1_688' title='bbox 2131 4309 2192 4363; x_wconf 88' lang='lat' dir='ltr'><strong>In</strong></span> <span class='ocrx_word' id='word_1_689' title='bbox 2241 4306 2536 4377; x_wconf 86' lang='lat' dir='ltr'><strong>principio,</strong></span> <span class='ocrx_word' id='word_1_690' title='bbox 2593 4302 2815 4374; x_wconf 83' lang='lat' dir='ltr'><strong>quando</strong></span> <span class='ocrx_word' id='word_1_691' title='bbox 2879 4302 3022 4356; x_wconf 89' lang='lat' dir='ltr'><strong>Deus</strong></span> <span class='ocrx_word' id='word_1_692' title='bbox 3071 4299 3271 4354; x_wconf 71' lang='lat' dir='ltr'><strong>cmlum</strong></span> <span class='ocrx_word' id='word_1_693' title='bbox 3319 4307 3374 4353; x_wconf 86' lang='lat' dir='ltr'><strong>et</strong></span> <span class='ocrx_word' id='word_1_694' title='bbox 3427 4307 3656 4362; x_wconf 89' lang='lat' dir='ltr'><strong>terram,</strong></span> 
     </span>
    </p>
   </div>
   <div class='ocr_carea' id='block_1_89' title="bbox 2063 4393 3656 4464">
    <p class='ocr_par' dir='ltr' id='par_1_89' title="bbox 2063 4393 3656 4464">
     <span class='ocr_line' id='line_1_89' title="bbox 2063 4393 3656 4464; baseline -0.008 -8"><span class='ocrx_word' id='word_1_695' title='bbox 2063 4415 2236 4464; x_wconf 89' lang='lat' dir='ltr'><strong>mare,</strong></span> <span class='ocrx_word' id='word_1_696' title='bbox 2271 4399 2689 4455; x_wconf 64' lang='lat' dir='ltr'><strong>et‘universam</strong></span> <span class='ocrx_word' id='word_1_697' title='bbox 2731 4395 2874 4449; x_wconf 89' lang='lat' dir='ltr'><strong>hanc</strong></span> <span class='ocrx_word' id='word_1_698' title='bbox 2903 4393 3296 4464; x_wconf 84' lang='lat' dir='ltr'><strong>aspectabilem</strong></span> <span class='ocrx_word' id='word_1_699' title='bbox 3341 4401 3656 4445; x_wconf 78' lang='lat' dir='ltr'><strong>creaturam</strong></span> 
     </span>
    </p>
   </div>
   <div class='ocr_carea' id='block_1_90' title="bbox 360 4485 1961 4570">
    <p class='ocr_par' dir='ltr' id='par_1_90' title="bbox 360 4489 1958 4570">
     <span class='ocr_line' id='line_1_90' title="bbox 360 4489 1958 4570; baseline -0.007 -20"><span class='ocrx_word' id='word_1_700' title='bbox 360 4497 546 4570; x_wconf 82' lang='grc' dir='ltr'>μένην</span> <span class='ocrx_word' id='word_1_701' title='bbox 576 4496 782 4562; x_wconf 82' lang='grc' dir='ltr'>κτίσιν,</span> <span class='ocrx_word' id='word_1_702' title='bbox 819 4495 886 4547; x_wconf 76' lang='grc' dir='ltr'>ἐκ</span> <span class='ocrx_word' id='word_1_703' title='bbox 917 4494 1207 4564; x_wconf 79' lang='grc' dir='ltr'>τεσσάρων</span> <span class='ocrx_word' id='word_1_704' title='bbox 1261 4491 1543 4562; x_wconf 88' lang='grc' dir='ltr'>στοιχείων</span> <span class='ocrx_word' id='word_1_705' title='bbox 1576 4489 1748 4558; x_wconf 72' lang='grc' dir='ltr'>αὐτὴν</span> <span class='ocrx_word' id='word_1_706' title='bbox 1778 4505 1958 4558; x_wconf 63' lang='grc' dir='ltr'>παρα.</span> 
     </span>
    </p>
   </div>
   <div class='ocr_carea' id='block_1_91' title="bbox 2068 4485 3660 4570">
    <p class='ocr_par' dir='ltr' id='par_1_91' title="bbox 2068 4485 3660 4560">
     <span class='ocr_line' id='line_1_91' title="bbox 2068 4485 3660 4560; baseline -0.006 -11"><span class='ocrx_word' id='word_1_707' title='bbox 2068 4491 2332 4556; x_wconf 86' lang='lat' dir='ltr'><strong>condidit,</strong></span> <span class='ocrx_word' id='word_1_708' title='bbox 2393 4507 2461 4546; x_wconf 84' lang='lat' dir='ltr'><strong>cx</strong></span> <span class='ocrx_word' id='word_1_709' title='bbox 2505 4497 2745 4560; x_wconf 89' lang='lat' dir='ltr'><strong>quatuor</strong></span> <span class='ocrx_word' id='word_1_710' title='bbox 2785 4485 3074 4543; x_wconf 89' lang='lat' dir='ltr'><strong>elementis</strong></span> <span class='ocrx_word' id='word_1_711' title='bbox 3125 4501 3247 4541; x_wconf 84' lang='lat' dir='ltr'><strong>eam</strong></span> <span class='ocrx_word' id='word_1_712' title='bbox 3291 4485 3521 4539; x_wconf 68' lang='lat' dir='ltr'><strong>mirifice</strong></span> <span class='ocrx_word' id='word_1_713' title='bbox 3565 4499 3660 4540; x_wconf 89' lang='lat' dir='ltr'><strong>co-</strong></span> 
     </span>
    </p>
   </div>
   <div class='ocr_carea' id='block_1_92' title="bbox 356 4575 1948 4653">
    <p class='ocr_par' dir='ltr' id='par_1_92' title="bbox 356 4575 1948 4653">
     <span class='ocr_line' id='line_1_92' title="bbox 356 4575 1948 4653; baseline -0.008 -10"><span class='ocrx_word' id='word_1_714' title='bbox 356 4587 540 4653; x_wconf 80' lang='grc' dir='ltr'>δόξως</span> <span class='ocrx_word' id='word_1_715' title='bbox 564 4584 961 4648; x_wconf 87' lang='grc' dir='ltr'>κατεσκεύασε,</span> <span class='ocrx_word' id='word_1_716' title='bbox 993 4582 1176 4647; x_wconf 83' lang='grc' dir='ltr'>καθὼς</span> <span class='ocrx_word' id='word_1_717' title='bbox 1199 4582 1294 4636; x_wconf 75' lang='grc' dir='ltr'>καὶ</span> <span class='ocrx_word' id='word_1_718' title='bbox 1325 4581 1428 4652; x_wconf 71' lang='grc' dir='ltr'><strong>ἤδη</strong></span> <span class='ocrx_word' id='word_1_719' title='bbox 1456 4577 1747 4649; x_wconf 75' lang='grc' dir='ltr'>προλαϐὼν</span> <span class='ocrx_word' id='word_1_720' title='bbox 1775 4575 1948 4644; x_wconf 74' lang='grc' dir='ltr'>εἷπον,</span> 
     </span>
    </p>
   </div>
   <div class='ocr_carea' id='block_1_93' title="bbox 357 4665 1954 4750">
    <p class='ocr_par' dir='ltr' id='par_1_93' title="bbox 357 4665 1954 4750">
     <span class='ocr_line' id='line_1_93' title="bbox 357 4665 1954 4750; baseline -0.006 -17"><span class='ocrx_word' id='word_1_721' title='bbox 357 4681 436 4734; x_wconf 75' lang='grc' dir='ltr'>ἔκ</span> <span class='ocrx_word' id='word_1_722' title='bbox 463 4680 659 4750; x_wconf 79' lang='grc' dir='ltr'>πυρὸς,</span> <span class='ocrx_word' id='word_1_723' title='bbox 692 4677 790 4732; x_wconf 79' lang='grc' dir='ltr'>καὶ</span> <span class='ocrx_word' id='word_1_724' title='bbox 821 4674 1040 4741; x_wconf 71' lang='grc' dir='ltr'>ὕδατος,</span> <span class='ocrx_word' id='word_1_725' title='bbox 1067 4673 1195 4744; x_wconf 84' lang='grc' dir='ltr'>γῆς,</span> <span class='ocrx_word' id='word_1_726' title='bbox 1227 4673 1324 4728; x_wconf 76' lang='grc' dir='ltr'>καὶ</span> <span class='ocrx_word' id='word_1_727' title='bbox 1351 4673 1540 4744; x_wconf 79' lang='grc' dir='ltr'>ἀέρος·</span> <span class='ocrx_word' id='word_1_728' title='bbox 1570 4669 1632 4736; x_wconf 79' lang='grc' dir='ltr'><strong>ἐξ</strong></span> <span class='ocrx_word' id='word_1_729' title='bbox 1657 4665 1736 4729; x_wconf 78' lang='grc' dir='ltr'>ὧν</span> <span class='ocrx_word' id='word_1_730' title='bbox 1763 4672 1863 4724; x_wconf 74' lang='grc' dir='ltr'>καὶ</span> <span class='ocrx_word' id='word_1_731' title='bbox 1892 4670 1954 4724; x_wconf 75' lang='grc' dir='ltr'>τὸ</span> 
     </span>
    </p>
   </div>
   <div class='ocr_carea' id='block_1_94' title="bbox 359 4761 1952 4842">
    <p class='ocr_par' dir='ltr' id='par_1_94' title="bbox 359 4761 1952 4842">
     <span class='ocr_line' id='line_1_94' title="bbox 359 4761 1952 4842; baseline -0.007 -16"><span class='ocrx_word' id='word_1_732' title='bbox 359 4771 534 4840; x_wconf 72' lang='grc' dir='ltr'>σῶμα</span> <span class='ocrx_word' id='word_1_733' title='bbox 572 4769 636 4824; x_wconf 84' lang='grc' dir='ltr'>τὸ</span> <span class='ocrx_word' id='word_1_734' title='bbox 675 4769 838 4842; x_wconf 74' lang='grc' dir='ltr'>ἡμῶν</span> <span class='ocrx_word' id='word_1_735' title='bbox 895 4768 992 4821; x_wconf 71' lang='grc' dir='ltr'>καὶ</span> <span class='ocrx_word' id='word_1_736' title='bbox 1023 4766 1135 4820; x_wconf 84' lang='grc' dir='ltr'><strong>τῶν</strong></span> <span class='ocrx_word' id='word_1_737' title='bbox 1171 4764 1327 4829; x_wconf 79' lang='grc' dir='ltr'>ζώων</span> <span class='ocrx_word' id='word_1_738' title='bbox 1361 4764 1668 4834; x_wconf 84' lang='grc' dir='ltr'>σύγκειται.</span> <span class='ocrx_word' id='word_1_739' title='bbox 1705 4761 1952 4817; x_wconf 83' lang='grc' dir='ltr'>Δέδωκεν</span> 
     </span>
    </p>
   </div>
   <div class='ocr_carea' id='block_1_95' title="bbox 355 4848 1954 4928">
    <p class='ocr_par' dir='ltr' id='par_1_95' title="bbox 355 4848 1954 4928">
     <span class='ocr_line' id='line_1_95' title="bbox 355 4848 1954 4928; baseline -0.008 -10"><span class='ocrx_word' id='word_1_740' title='bbox 355 4863 464 4918; x_wconf 73' lang='grc' dir='ltr'>οὖν</span> <span class='ocrx_word' id='word_1_741' title='bbox 487 4864 518 4916; x_wconf 83' lang='grc' dir='ltr'><strong>ὁ</strong></span> <span class='ocrx_word' id='word_1_742' title='bbox 546 4859 680 4924; x_wconf 79' lang='grc' dir='ltr'><strong>Θεὸς</strong></span> <span class='ocrx_word' id='word_1_743' title='bbox 728 4857 940 4924; x_wconf 80' lang='grc' dir='ltr'>τούτοις</span> <span class='ocrx_word' id='word_1_744' title='bbox 983 4848 1097 4922; x_wconf 81' lang='grc' dir='ltr'>τοῖς</span> <span class='ocrx_word' id='word_1_745' title='bbox 1123 4856 1388 4928; x_wconf 79' lang='grc' dir='ltr'>τέσσαρσι</span> <span class='ocrx_word' id='word_1_746' title='bbox 1419 4855 1730 4926; x_wconf 78' lang='grc' dir='ltr'>στοιχείοις,</span> <span class='ocrx_word' id='word_1_747' title='bbox 1763 4853 1954 4925; x_wconf 76' lang='grc' dir='ltr'>ὥσπερ</span> 
     </span>
    </p>
   </div>
   <div class='ocr_carea' id='block_1_96' title="bbox 357 4943 1957 5025">
    <p class='ocr_par' dir='ltr' id='par_1_96' title="bbox 357 4943 1957 5025">
     <span class='ocr_line' id='line_1_96' title="bbox 357 4943 1957 5025; baseline -0.006 -16"><span class='ocrx_word' id='word_1_748' title='bbox 357 4955 481 5010; x_wconf 72' lang='grc' dir='ltr'>τισὶ</span> <span class='ocrx_word' id='word_1_749' title='bbox 535 4945 886 5025; x_wconf 67' lang='grc' dir='ltr'>στρατηγοῖς</span> <span class='ocrx_word' id='word_1_750' title='bbox 921 4949 1019 5004; x_wconf 77' lang='grc' dir='ltr'><strong>καῖ</strong></span> <span class='ocrx_word' id='word_1_751' title='bbox 1069 4947 1309 5020; x_wconf 72' lang='grc' dir='ltr'>ἡνιόχοις</span> <span class='ocrx_word' id='word_1_752' title='bbox 1327 4988 1341 5010; x_wconf 96' lang='grc'><strong>,</strong></span> <span class='ocrx_word' id='word_1_753' title='bbox 1398 4943 1582 5012; x_wconf 80' lang='grc' dir='ltr'>καθὼς</span> <span class='ocrx_word' id='word_1_754' title='bbox 1641 4947 1740 5001; x_wconf 74' lang='grc' dir='ltr'>καὶ</span> <span class='ocrx_word' id='word_1_755' title='bbox 1791 4945 1957 5010; x_wconf 71' lang='grc' dir='ltr'>αὐτὸς</span> 
     </span>
    </p>
   </div>
   <div class='ocr_carea' id='block_1_97' title="bbox 362 5037 1952 5127">
    <p class='ocr_par' dir='ltr' id='par_1_97' title="bbox 362 5037 1952 5127">
     <span class='ocr_line' id='line_1_97' title="bbox 362 5037 1952 5127; baseline -0.006 -25"><span class='ocrx_word' id='word_1_756' title='bbox 362 5040 644 5127; x_wconf 69' lang='grc' dir='ltr'>θούλεται,</span> <span class='ocrx_word' id='word_1_757' title='bbox 677 5040 902 5100; x_wconf 75' lang='grc' dir='ltr'>διοικεῖν</span> <span class='ocrx_word' id='word_1_758' title='bbox 925 5041 1024 5097; x_wconf 80' lang='grc' dir='ltr'>καὶ</span> <span class='ocrx_word' id='word_1_759' title='bbox 1042 5039 1222 5112; x_wconf 79' lang='grc' dir='ltr'>ἄγειν,</span> <span class='ocrx_word' id='word_1_760' title='bbox 1255 5037 1530 5127; x_wconf 64' lang='grc' dir='ltr'>κυσερνᾷν</span> <span class='ocrx_word' id='word_1_761' title='bbox 1554 5038 1657 5120; x_wconf 73' lang='grc' dir='ltr'>τὴν</span> <span class='ocrx_word' id='word_1_762' title='bbox 1674 5040 1733 5107; x_wconf 73' lang='grc' dir='ltr'><strong>ἐξ</strong></span> <span class='ocrx_word' id='word_1_763' title='bbox 1753 5039 1952 5106; x_wconf 80' lang='grc' dir='ltr'>αὐτῶν,</span> 
     </span>
    </p>
   </div>
   <div class='ocr_carea' id='block_1_98' title="bbox 356 5125 1994 5212">
    <p class='ocr_par' dir='ltr' id='par_1_98' title="bbox 356 5125 1994 5212">
     <span class='ocr_line' id='line_1_98' title="bbox 356 5125 1994 5212; baseline -0.005 -16"><span class='ocrx_word' id='word_1_764' title='bbox 356 5131 559 5212; x_wconf 73' lang='grc' dir='ltr'>ὥσπερ</span> <span class='ocrx_word' id='word_1_765' title='bbox 607 5125 673 5194; x_wconf 75' lang='grc' dir='ltr'>ὲκ</span> <span class='ocrx_word' id='word_1_766' title='bbox 706 5138 962 5208; x_wconf 74' lang='grc' dir='ltr'>πατέρων</span> <span class='ocrx_word' id='word_1_767' title='bbox 989 5134 1158 5191; x_wconf 80' lang='grc' dir='ltr'>τινῶν</span> <span class='ocrx_word' id='word_1_768' title='bbox 1185 5125 1546 5206; x_wconf 74' lang='grc' dir='ltr'>γεννηθεῖσαν</span> <span class='ocrx_word' id='word_1_769' title='bbox 1595 5135 1692 5189; x_wconf 79' lang='grc' dir='ltr'>καὶ</span> <span class='ocrx_word' id='word_1_770' title='bbox 1739 5132 1953 5204; x_wconf 77' lang='grc' dir='ltr'>σχεδια-</span> <span class='ocrx_word' id='word_1_771' title='bbox 1990 5161 1994 5165; x_wconf 90' lang='grc'><strong>·</strong></span> 
     </span>
    </p>
   </div>
   <div class='ocr_carea' id='block_1_99' title="bbox 363 5218 1960 5300">
    <p class='ocr_par' dir='ltr' id='par_1_99' title="bbox 363 5218 1960 5300">
     <span class='ocr_line' id='line_1_99' title="bbox 363 5218 1960 5300; baseline -0.004 -14"><span class='ocrx_word' id='word_1_772' title='bbox 363 5231 602 5287; x_wconf 77' lang='grc' dir='ltr'>σθεῖσαν</span> <span class='ocrx_word' id='word_1_773' title='bbox 634 5227 745 5284; x_wconf 84' lang='grc' dir='ltr'><strong>τῶν</strong></span> <span class='ocrx_word' id='word_1_774' title='bbox 777 5218 1051 5300; x_wconf 63' lang='grc' dir='ltr'>σωμάτων</span> <span class='ocrx_word' id='word_1_775' title='bbox 1099 5227 1282 5298; x_wconf 76' lang='grc' dir='ltr'>φύσιν.</span> <span class='ocrx_word' id='word_1_776' title='bbox 1314 5225 1484 5282; x_wconf 82' lang='grc' dir='ltr'>,Ὅθεν</span> <span class='ocrx_word' id='word_1_777' title='bbox 1511 5227 1608 5281; x_wconf 71' lang='grc' dir='ltr'><strong>καὶ</strong></span> <span class='ocrx_word' id='word_1_778' title='bbox 1644 5224 1794 5280; x_wconf 68' lang='grc' dir='ltr'>ἔστιν</span> <span class='ocrx_word' id='word_1_779' title='bbox 1821 5223 1960 5280; x_wconf 77' lang='grc' dir='ltr'><strong>εἴδε-</strong></span> 
     </span>
    </p>
   </div>
   <div class='ocr_carea' id='block_1_100' title="bbox 361 5315 1953 5389">
    <p class='ocr_par' dir='ltr' id='par_1_100' title="bbox 361 5315 1953 5389">
     <span class='ocr_line' id='line_1_100' title="bbox 361 5315 1953 5389; baseline -0.005 -11"><span class='ocrx_word' id='word_1_780' title='bbox 361 5323 493 5378; x_wconf 87' lang='grc' dir='ltr'>σθαι</span> <span class='ocrx_word' id='word_1_781' title='bbox 523 5325 611 5377; x_wconf 74' lang='grc' dir='ltr'><strong>ἀεὶ</strong></span> <span class='ocrx_word' id='word_1_782' title='bbox 647 5319 824 5376; x_wconf 80' lang='grc' dir='ltr'>πάντα</span> <span class='ocrx_word' id='word_1_783' title='bbox 855 5315 923 5374; x_wconf 73' lang='grc' dir='ltr'><strong>τά</strong></span> <span class='ocrx_word' id='word_1_784' title='bbox 953 5319 1181 5388; x_wconf 79' lang='grc' dir='ltr'>ἐπίγεια</span> <span class='ocrx_word' id='word_1_785' title='bbox 1222 5317 1478 5389; x_wconf 82' lang='grc' dir='ltr'>σώματα.</span> <span class='ocrx_word' id='word_1_786' title='bbox 1517 5317 1616 5370; x_wconf 77' lang='grc' dir='ltr'>καὶ</span> <span class='ocrx_word' id='word_1_787' title='bbox 1645 5317 1822 5387; x_wconf 69' lang='grc' dir='ltr'>φυτά,</span> <span class='ocrx_word' id='word_1_788' title='bbox 1857 5317 1953 5371; x_wconf 78' lang='grc' dir='ltr'>καὶ</span> 
     </span>
    </p>
   </div>
   <div class='ocr_carea' id='block_1_101' title="bbox 2059 4567 3656 4656">
    <p class='ocr_par' dir='ltr' id='par_1_101' title="bbox 2059 4567 3656 4656">
     <span class='ocr_line' id='line_1_101' title="bbox 2059 4567 3656 4656; baseline -0.006 -16"><span class='ocrx_word' id='word_1_789' title='bbox 2059 4583 2412 4656; x_wconf 80' lang='lat' dir='ltr'><strong>agmentavit,</strong></span> <span class='ocrx_word' id='word_1_790' title='bbox 2451 4591 2509 4636; x_wconf 84' lang='lat' dir='ltr'><strong>ut</strong></span> <span class='ocrx_word' id='word_1_791' title='bbox 2543 4581 2699 4652; x_wconf 87' lang='lat' dir='ltr'><strong>prius</strong></span> <span class='ocrx_word' id='word_1_792' title='bbox 2743 4579 2911 4634; x_wconf 82' lang='lat' dir='ltr'><strong>etiam</strong></span> <span class='ocrx_word' id='word_1_793' title='bbox 2936 4578 3169 4640; x_wconf 87' lang='lat' dir='ltr'><strong>dictum,</strong></span> <span class='ocrx_word' id='word_1_794' title='bbox 3209 4593 3275 4632; x_wconf 85' lang='lat' dir='ltr'><strong>ex</strong></span> <span class='ocrx_word' id='word_1_795' title='bbox 3308 4575 3455 4648; x_wconf 84' lang='lat' dir='ltr'><strong>igne,</strong></span> <span class='ocrx_word' id='word_1_796' title='bbox 3491 4567 3656 4645; x_wconf 77' lang='lat' dir='ltr'><strong>aqua,</strong></span> 
     </span>
    </p>
   </div>
   <div class='ocr_carea' id='block_1_102' title="bbox 2062 4669 3659 4742">
    <p class='ocr_par' dir='ltr' id='par_1_102' title="bbox 2062 4669 3659 4742">
     <span class='ocr_line' id='line_1_102' title="bbox 2062 4669 3659 4742; baseline -0.008 -10"><span class='ocrx_word' id='word_1_797' title='bbox 2062 4686 2228 4742; x_wconf 84' lang='lat' dir='ltr'><strong>terra,</strong></span> <span class='ocrx_word' id='word_1_798' title='bbox 2279 4677 2427 4730; x_wconf 85' lang='lat' dir='ltr'><strong>aere.</strong></span> <span class='ocrx_word' id='word_1_799' title='bbox 2480 4673 2562 4728; x_wconf 83' lang='lat' dir='ltr'><strong>Ex</strong></span> <span class='ocrx_word' id='word_1_800' title='bbox 2609 4671 2814 4742; x_wconf 87' lang='lat' dir='ltr'><strong>quibus</strong></span> <span class='ocrx_word' id='word_1_801' title='bbox 2861 4669 3028 4725; x_wconf 88' lang='lat' dir='ltr'><strong>etiam</strong></span> <span class='ocrx_word' id='word_1_802' title='bbox 3073 4683 3274 4738; x_wconf 87' lang='lat' dir='ltr'><strong>corpus</strong></span> <span class='ocrx_word' id='word_1_803' title='bbox 3317 4675 3569 4722; x_wconf 88' lang='lat' dir='ltr'><strong>nostrum</strong></span> <span class='ocrx_word' id='word_1_804' title='bbox 3600 4674 3659 4720; x_wconf 79' lang='lat' dir='ltr'><strong>et</strong></span> 
     </span>
    </p>
   </div>
   <div class='ocr_carea' id='block_1_103' title="bbox 2059 4755 3658 4831">
    <p class='ocr_par' dir='ltr' id='par_1_103' title="bbox 2059 4755 3658 4831">
     <span class='ocr_line' id='line_1_103' title="bbox 2059 4755 3658 4831; baseline -0.009 -7"><span class='ocrx_word' id='word_1_805' title='bbox 2059 4767 2378 4824; x_wconf 81' lang='lat' dir='ltr'><strong>animalium</strong></span> <span class='ocrx_word' id='word_1_806' title='bbox 2421 4771 2656 4821; x_wconf 85' lang='lat' dir='ltr'><strong>constat.</strong></span> <span class='ocrx_word' id='word_1_807' title='bbox 2701 4761 2864 4818; x_wconf 86' lang='lat' dir='ltr'><strong>Dedit</strong></span> <span class='ocrx_word' id='word_1_808' title='bbox 2911 4763 3079 4831; x_wconf 77' lang='lat' dir='ltr'><strong>igitur</strong></span> <span class='ocrx_word' id='word_1_809' title='bbox 3125 4755 3270 4814; x_wconf 79' lang='lat' dir='ltr'><strong>Deu&#39;s</strong></span> <span class='ocrx_word' id='word_1_810' title='bbox 3301 4757 3390 4812; x_wconf 90' lang='lat' dir='ltr'><strong>his</strong></span> <span class='ocrx_word' id='word_1_811' title='bbox 3416 4765 3658 4827; x_wconf 84' lang='lat' dir='ltr'><strong>quatuor</strong></span> 
     </span>
    </p>
   </div>
   <div class='ocr_carea' id='block_1_104' title="bbox 2057 4840 3654 4938">
    <p class='ocr_par' dir='ltr' id='par_1_104' title="bbox 2057 4840 3654 4938">
     <span class='ocr_line' id='line_1_104' title="bbox 2057 4840 3654 4938; baseline -0.01 -25"><span class='ocrx_word' id='word_1_812' title='bbox 2057 4855 2352 4914; x_wconf 84' lang='lat' dir='ltr'><strong>elementis</strong></span> <span class='ocrx_word' id='word_1_813' title='bbox 2393 4855 2548 4910; x_wconf 77' lang='lat' dir='ltr'><strong>velut</strong></span> <span class='ocrx_word' id='word_1_814' title='bbox 2581 4852 2817 4907; x_wconf 82' lang='lat' dir='ltr'><strong>ducibus</strong></span> <span class='ocrx_word' id='word_1_815' title='bbox 2845 4840 3010 4921; x_wconf 81' lang='lat'><strong>399</strong></span> <span class='ocrx_word' id='word_1_816' title='bbox 3035 4857 3092 4903; x_wconf 89' lang='lat' dir='ltr'><strong>ct</strong></span> <span class='ocrx_word' id='word_1_817' title='bbox 3127 4846 3352 4938; x_wconf 77' lang='lat' dir='ltr'><strong>aurigis,</strong></span> <span class='ocrx_word' id='word_1_818' title='bbox 3381 4849 3546 4915; x_wconf 84' lang='lat' dir='ltr'><strong>prout</strong></span> <span class='ocrx_word' id='word_1_819' title='bbox 3563 4841 3654 4914; x_wconf 80' lang='lat' dir='ltr'><strong>ip-</strong></span> 
     </span>
    </p>
   </div>
   <div class='ocr_carea' id='block_1_105' title="bbox 2060 4934 3650 5014">
    <p class='ocr_par' dir='ltr' id='par_1_105' title="bbox 2060 4934 3650 5014">
     <span class='ocr_line' id='line_1_105' title="bbox 2060 4934 3650 5014; baseline -0.011 -8"><span class='ocrx_word' id='word_1_820' title='bbox 2060 4949 2178 5006; x_wconf 82' lang='lat' dir='ltr'><strong>sius</strong></span> <span class='ocrx_word' id='word_1_821' title='bbox 2194 4950 2449 5004; x_wconf 81' lang='lat' dir='ltr'><strong>voluntas</strong></span> <span class='ocrx_word' id='word_1_822' title='bbox 2470 4945 2598 5011; x_wconf 91' lang='lat' dir='ltr'><strong>fert,</strong></span> <span class='ocrx_word' id='word_1_823' title='bbox 2619 4949 2944 5014; x_wconf 77' lang='lat' dir='ltr'><strong>potestatem</strong></span> <span class='ocrx_word' id='word_1_824' title='bbox 2967 4934 3411 5000; x_wconf 84' lang='lat' dir='ltr'><strong>administrandi,</strong></span> <span class='ocrx_word' id='word_1_825' title='bbox 3431 4934 3650 5006; x_wconf 74' lang='lat' dir='ltr'><strong>agendi,</strong></span> 
     </span>
    </p>
   </div>
   <div class='ocr_carea' id='block_1_106' title="bbox 2057 5024 3654 5112">
    <p class='ocr_par' dir='ltr' id='par_1_106' title="bbox 2057 5024 3654 5112">
     <span class='ocr_line' id='line_1_106' title="bbox 2057 5024 3654 5112; baseline -0.009 -16"><span class='ocrx_word' id='word_1_826' title='bbox 2057 5047 2114 5096; x_wconf 85' lang='lat' dir='ltr'><strong>et</strong></span> <span class='ocrx_word' id='word_1_827' title='bbox 2142 5034 2489 5112; x_wconf 79' lang='lat' dir='ltr'><strong>gubernandi</strong></span> <span class='ocrx_word' id='word_1_828' title='bbox 2521 5025 2846 5105; x_wconf 78' lang='lat' dir='ltr'><strong>corpoream</strong></span> <span class='ocrx_word' id='word_1_829' title='bbox 2891 5039 3147 5086; x_wconf 84' lang='lat' dir='ltr'><strong>naturam</strong></span> <span class='ocrx_word' id='word_1_830' title='bbox 3179 5033 3251 5084; x_wconf 78' lang='lat' dir='ltr'><strong>‘c’x</strong></span> <span class='ocrx_word' id='word_1_831' title='bbox 3297 5025 3457 5098; x_wconf 78' lang='lat' dir='ltr'><strong>ipsis,</strong></span> <span class='ocrx_word' id='word_1_832' title='bbox 3497 5024 3654 5082; x_wconf 79' lang='lat' dir='ltr'><strong>velut</strong></span> 
     </span>
    </p>
   </div>
   <div class='ocr_carea' id='block_1_107' title="bbox 2056 5121 3650 5205">
    <p class='ocr_par' dir='ltr' id='par_1_107' title="bbox 2056 5121 3650 5205">
     <span class='ocr_line' id='line_1_107' title="bbox 2056 5121 3650 5205; baseline -0.009 -16"><span class='ocrx_word' id='word_1_833' title='bbox 2056 5121 2408 5205; x_wconf 81' lang='lat' dir='ltr'><strong>ex-patrlbus</strong></span> <span class='ocrx_word' id='word_1_834' title='bbox 2439 5126 2773 5200; x_wconf 83' lang='lat' dir='ltr'><strong>quibusdam</strong></span> <span class='ocrx_word' id='word_1_835' title='bbox 2801 5123 3146 5198; x_wconf 70' lang='lat' dir='ltr'><strong>progenitam</strong></span> <span class='ocrx_word' id='word_1_836' title='bbox 3179 5127 3238 5178; x_wconf 87' lang='lat' dir='ltr'><strong>et</strong></span> <span class='ocrx_word' id='word_1_837' title='bbox 3277 5127 3650 5192; x_wconf 82' lang='lat' dir='ltr'><strong>compactam.</strong></span> 
     </span>
    </p>
   </div>
   <div class='ocr_carea' id='block_1_108' title="bbox 2057 5207 3654 5285">
    <p class='ocr_par' dir='ltr' id='par_1_108' title="bbox 2057 5207 3654 5285">
     <span class='ocr_line' id='line_1_108' title="bbox 2057 5207 3654 5285; baseline -0.009 -5"><span class='ocrx_word' id='word_1_838' title='bbox 2057 5221 2421 5280; x_wconf 69' lang='lat' dir='ltr'><strong>Bin‘cfvldere</strong></span> <span class='ocrx_word' id='word_1_839' title='bbox 2449 5229 2534 5276; x_wconf 84' lang='lat' dir='ltr'><strong>est</strong></span> <span class='ocrx_word' id='word_1_840' title='bbox 2576 5217 2760 5274; x_wconf 84' lang='lat' dir='ltr'><strong>omnia</strong></span> <span class='ocrx_word' id='word_1_841' title='bbox 2791 5215 3078 5273; x_wconf 77' lang='lat' dir='ltr'><strong>terrestria</strong></span> <span class='ocrx_word' id='word_1_842' title='bbox 3127 5207 3387 5285; x_wconf 71' lang='lat' dir='ltr'><strong>corpora,</strong></span> <span class='ocrx_word' id='word_1_843' title='bbox 3428 5209 3654 5282; x_wconf 78' lang='lat' dir='ltr'><strong>plantas</strong></span> 
     </span>
    </p>
   </div>
   <div class='ocr_carea' id='block_1_109' title="bbox 2055 5295 3642 5377">
    <p class='ocr_par' dir='ltr' id='par_1_109' title="bbox 2055 5295 3642 5377">
     <span class='ocr_line' id='line_1_109' title="bbox 2055 5295 3642 5377; baseline -0.008 -7"><span class='ocrx_word' id='word_1_844' title='bbox 2055 5315 2344 5377; x_wconf 87' lang='lat' dir='ltr'><strong>nimirum,</strong></span> <span class='ocrx_word' id='word_1_845' title='bbox 2376 5321 2434 5367; x_wconf 88' lang='lat' dir='ltr'><strong>et</strong></span> <span class='ocrx_word' id='word_1_846' title='bbox 2460 5309 2744 5372; x_wconf 73' lang='lat' dir='ltr'><strong>animalia,</strong></span> <span class='ocrx_word' id='word_1_847' title='bbox 2765 5315 2822 5364; x_wconf 87' lang='lat' dir='ltr'><strong>et</strong></span> <span class='ocrx_word' id='word_1_848' title='bbox 2844 5305 3032 5362; x_wconf 73' lang='lat' dir='ltr'><strong>omnia</strong></span> <span class='ocrx_word' id='word_1_849' title='bbox 3065 5295 3178 5360; x_wconf 80' lang='lat' dir='ltr'><strong>tam</strong></span> <span class='ocrx_word' id='word_1_850' title='bbox 3211 5300 3458 5362; x_wconf 70' lang='lat' dir='ltr'><strong>&#39;ahimata</strong></span> <span class='ocrx_word' id='word_1_851' title='bbox 3479 5313 3642 5371; x_wconf 75' lang='lat' dir='ltr'><strong>quam</strong></span> 
     </span>
    </p>
   </div>
   <div class='ocr_carea' id='block_1_110' title="bbox 361 5387 1961 5485">
    <p class='ocr_par' dir='ltr' id='par_1_110' title="bbox 361 5387 1950 5485">
     <span class='ocr_line' id='line_1_110' title="bbox 361 5387 1950 5485; baseline -0.006 -14"><span class='ocrx_word' id='word_1_852' title='bbox 361 5417 503 5483; x_wconf 82' lang='grc' dir='ltr'>ζῶα,</span> <span class='ocrx_word' id='word_1_853' title='bbox 541 5417 637 5470; x_wconf 78' lang='grc' dir='ltr'>καὶ</span> <span class='ocrx_word' id='word_1_854' title='bbox 669 5417 816 5470; x_wconf 74' lang='grc' dir='ltr'>ἅπαν</span> <span class='ocrx_word' id='word_1_855' title='bbox 863 5411 1110 5485; x_wconf 58' lang='grc' dir='ltr'>ἔμψυχόν</span> <span class='ocrx_word' id='word_1_856' title='bbox 1151 5428 1213 5466; x_wconf 89' lang='grc' dir='ltr'><strong>τε</strong></span> <span class='ocrx_word' id='word_1_857' title='bbox 1267 5387 1360 5466; x_wconf 79' lang='grc' dir='ltr'>καὶ</span> <span class='ocrx_word' id='word_1_858' title='bbox 1400 5404 1609 5480; x_wconf 70' lang='grc' dir='ltr'>ἄψυχον</span> <span class='ocrx_word' id='word_1_859' title='bbox 1666 5409 1805 5481; x_wconf 72' lang='grc' dir='ltr'>πρὸς</span> <span class='ocrx_word' id='word_1_860' title='bbox 1848 5413 1950 5477; x_wconf 71' lang='grc' dir='ltr'>τὴν</span> 
     </span>
    </p>
   </div>
   <div class='ocr_carea' id='block_1_111' title="bbox 2068 5387 3649 5485">
    <p class='ocr_par' dir='ltr' id='par_1_111' title="bbox 2075 5387 3649 5466">
     <span class='ocr_line' id='line_1_111' title="bbox 2075 5387 3649 5466; baseline -0.01 -4"><span class='ocrx_word' id='word_1_861' title='bbox 2075 5407 2375 5466; x_wconf 83' lang='lat' dir='ltr'><strong>nanimata,</strong></span> <span class='ocrx_word' id='word_1_862' title='bbox 2423 5403 2493 5458; x_wconf 90' lang='lat' dir='ltr'><strong>ad</strong></span> <span class='ocrx_word' id='word_1_863' title='bbox 2537 5403 2682 5458; x_wconf 85' lang='lat' dir='ltr'><strong>aeris</strong></span> <span class='ocrx_word' id='word_1_864' title='bbox 2725 5409 2784 5456; x_wconf 87' lang='lat' dir='ltr'><strong>et</strong></span> <span class='ocrx_word' id='word_1_865' title='bbox 2824 5399 3227 5454; x_wconf 72' lang='lat' dir='ltr'><strong>elomentbrum</strong></span> <span class='ocrx_word' id='word_1_866' title='bbox 3261 5387 3550 5450; x_wconf 75' lang='lat' dir='ltr'><strong>misiuram</strong></span> <span class='ocrx_word' id='word_1_867' title='bbox 3587 5400 3649 5446; x_wconf 77' lang='lat' dir='ltr'><strong>cl</strong></span> 
     </span>
    </p>
   </div>
   <div class='ocr_carea' id='block_1_112' title="bbox 357 5487 1961 5576">
    <p class='ocr_par' dir='ltr' id='par_1_112' title="bbox 357 5499 1951 5576">
     <span class='ocr_line' id='line_1_112' title="bbox 357 5499 1951 5576; baseline -0.005 -16"><span class='ocrx_word' id='word_1_868' title='bbox 357 5506 474 5562; x_wconf 73' lang='grc' dir='ltr'>τῶν</span> <span class='ocrx_word' id='word_1_869' title='bbox 515 5506 696 5576; x_wconf 81' lang='grc' dir='ltr'>ἀέρων</span> <span class='ocrx_word' id='word_1_870' title='bbox 730 5505 827 5559; x_wconf 77' lang='grc' dir='ltr'>καὶ</span> <span class='ocrx_word' id='word_1_871' title='bbox 873 5505 985 5557; x_wconf 82' lang='grc' dir='ltr'>τῶν</span> <span class='ocrx_word' id='word_1_872' title='bbox 1037 5501 1323 5572; x_wconf 85' lang='grc' dir='ltr'>στοιχείων</span> <span class='ocrx_word' id='word_1_873' title='bbox 1349 5502 1550 5570; x_wconf 80' lang='grc' dir='ltr'>κρᾶσιν</span> <span class='ocrx_word' id='word_1_874' title='bbox 1581 5499 1827 5569; x_wconf 84' lang='grc' dir='ltr'>ἀγόμενα</span> <span class='ocrx_word' id='word_1_875' title='bbox 1857 5501 1951 5552; x_wconf 71' lang='grc' dir='ltr'>καὶ</span> 
     </span>
    </p>
   </div>
   <div class='ocr_carea' id='block_1_113' title="bbox 2068 5487 3644 5576">
    <p class='ocr_par' dir='ltr' id='par_1_113' title="bbox 2068 5487 3644 5568">
     <span class='ocr_line' id='line_1_113' title="bbox 2068 5487 3644 5568; baseline -0.011 -14"><span class='ocrx_word' id='word_1_876' title='bbox 2068 5505 2547 5568; x_wconf 82' lang='lat' dir='ltr'><strong>empcramentum</strong></span> <span class='ocrx_word' id='word_1_877' title='bbox 2569 5491 2894 5563; x_wconf 63' lang='lat' dir='ltr'><strong>circumagi,</strong></span> <span class='ocrx_word' id='word_1_878' title='bbox 2922 5487 3303 5552; x_wconf 84' lang='lat' dir='ltr'><strong>transmutari,</strong></span> <span class='ocrx_word' id='word_1_879' title='bbox 3326 5498 3644 5549; x_wconf 81' lang='lat' dir='ltr'><strong>senescere,</strong></span> 
     </span>
    </p>
   </div>
   <div class='ocr_carea' id='block_1_114' title="bbox 364 5569 1961 5670">
    <p class='ocr_par' dir='ltr' id='par_1_114' title="bbox 364 5592 1946 5670">
     <span class='ocr_line' id='line_1_114' title="bbox 364 5592 1946 5670; baseline -0.005 -19"><span class='ocrx_word' id='word_1_880' title='bbox 364 5597 693 5670; x_wconf 76' lang='grc' dir='ltr'>ποιούμενα,</span> <span class='ocrx_word' id='word_1_881' title='bbox 729 5597 824 5652; x_wconf 72' lang='grc' dir='ltr'>καὶ</span> <span class='ocrx_word' id='word_1_882' title='bbox 859 5593 1322 5668; x_wconf 77' lang='grc' dir='ltr'>μεταποιούμενα,</span> <span class='ocrx_word' id='word_1_883' title='bbox 1355 5594 1450 5647; x_wconf 76' lang='grc' dir='ltr'>καὶ</span> <span class='ocrx_word' id='word_1_884' title='bbox 1480 5592 1881 5662; x_wconf 82' lang='grc' dir='ltr'>παλαιούμενα,</span> <span class='ocrx_word' id='word_1_885' title='bbox 1913 5592 1946 5662; x_wconf 80' lang='grc' dir='ltr'>ἦ</span> 
     </span>
    </p>
   </div>
   <div class='ocr_carea' id='block_1_115' title="bbox 2068 5569 3646 5670">
    <p class='ocr_par' dir='ltr' id='par_1_115' title="bbox 2068 5569 3646 5657">
     <span class='ocr_line' id='line_1_115' title="bbox 2068 5569 3646 5657; baseline -0.011 -11"><span class='ocrx_word' id='word_1_886' title='bbox 2068 5591 2406 5657; x_wconf 74' lang='lat' dir='ltr'><strong>eviviscerc,</strong></span> <span class='ocrx_word' id='word_1_887' title='bbox 2427 5585 2727 5657; x_wconf 90' lang='lat' dir='ltr'><strong>corrumpi.</strong></span> <span class='ocrx_word' id='word_1_888' title='bbox 2757 5584 2815 5639; x_wconf 87' lang='lat' dir='ltr'><strong>Si</strong></span> <span class='ocrx_word' id='word_1_889' title='bbox 2840 5585 2908 5638; x_wconf 91' lang='lat' dir='ltr'><strong>de</strong></span> <span class='ocrx_word' id='word_1_890' title='bbox 2931 5582 3018 5637; x_wconf 85' lang='lat' dir='ltr'><strong>his</strong></span> <span class='ocrx_word' id='word_1_891' title='bbox 3043 5580 3286 5645; x_wconf 82' lang='lat' dir='ltr'><strong>dubitas,</strong></span> <span class='ocrx_word' id='word_1_892' title='bbox 3311 5575 3474 5642; x_wconf 83' lang='lat' dir='ltr'><strong>cedo,</strong></span> <span class='ocrx_word' id='word_1_893' title='bbox 3497 5569 3646 5629; x_wconf 74' lang='lat' dir='ltr'><strong>unde</strong></span> 
     </span>
    </p>
   </div>
   <div class='ocr_carea' id='block_1_116' title="bbox 433 5683 1961 5783">
    <p class='ocr_par' dir='ltr' id='par_1_116' title="bbox 433 5703 1949 5783">
     <span class='ocr_line' id='line_1_116' title="bbox 433 5703 1949 5783; baseline -0.005 -18"><span class='ocrx_word' id='word_1_894' title='bbox 433 5715 484 5748; x_wconf 74' lang='lat'><strong>&quot;</strong></span> <span class='ocrx_word' id='word_1_895' title='bbox 516 5708 845 5783; x_wconf 72' lang='lat' dir='ltr'><strong>lCor.u,16;</strong></span> <span class='ocrx_word' id='word_1_896' title='bbox 889 5712 1050 5783; x_wconf 78' lang='lat' dir='ltr'><strong>Rom.</strong></span> <span class='ocrx_word' id='word_1_897' title='bbox 1081 5709 1279 5783; x_wconf 67' lang='lat' dir='ltr'><strong>x_t,_54.</strong></span> <span class='ocrx_word' id='word_1_898' title='bbox 1357 5708 1404 5740; x_wconf 82' lang='lat'><strong>&quot;</strong></span> <span class='ocrx_word' id='word_1_899' title='bbox 1439 5707 1615 5783; x_wconf 62' lang='lat' dir='ltr'><strong>lgor.</strong></span> <span class='ocrx_word' id='word_1_900' title='bbox 1651 5703 1846 5783; x_wconf 70' lang='lat' dir='ltr'><strong>n,_16.~_</strong></span> <span class='ocrx_word' id='word_1_901' title='bbox 1901 5703 1949 5735; x_wconf 73' lang='grc'><strong>’⁸</strong></span> 
     </span>
    </p>
   </div>
   <div class='ocr_carea' id='block_1_117' title="bbox 2068 5683 3643 5783">
    <p class='ocr_par' dir='ltr' id='par_1_117' title="bbox 2068 5683 3643 5783">
     <span class='ocr_line' id='line_1_117' title="bbox 2068 5683 3643 5783; baseline -0.011 -24"><span class='ocrx_word' id='word_1_902' title='bbox 2068 5719 2178 5783; x_wconf 69' lang='lat' dir='ltr'><strong>em.</strong></span> <span class='ocrx_word' id='word_1_903' title='bbox 2209 5717 2336 5766; x_wconf 75' lang='lat' dir='ltr'><strong>xxv,</strong></span> <span class='ocrx_word' id='word_1_904' title='bbox 2365 5702 2418 5769; x_wconf 71' lang='grc' dir='ltr'><strong>ι,</strong></span> <span class='ocrx_word' id='word_1_905' title='bbox 2447 5709 2504 5756; x_wconf 91' lang='lat' dir='ltr'><strong>et</strong></span> <span class='ocrx_word' id='word_1_906' title='bbox 2525 5697 2656 5754; x_wconf 89' lang='lat' dir='ltr'><strong>alibi</strong></span> <span class='ocrx_word' id='word_1_907' title='bbox 2686 5712 2851 5767; x_wconf 37' lang='lat' dir='ltr'><strong>saepe.</strong></span> <span class='ocrx_word' id='word_1_908' title='bbox 2930 5695 2976 5727; x_wconf 72' lang='grc' dir='ltr'>θ’</span> <span class='ocrx_word' id='word_1_909' title='bbox 3005 5689 3147 5748; x_wconf 88' lang='lat' dir='ltr'><strong>Psal.</strong></span> <span class='ocrx_word' id='word_1_910' title='bbox 3191 5706 3241 5757; x_wconf 83' lang='grc' dir='ltr'><strong>ι,</strong></span> <span class='ocrx_word' id='word_1_911' title='bbox 3275 5688 3329 5744; x_wconf 88' lang='lat'><strong>8.</strong></span> <span class='ocrx_word' id='word_1_912' title='bbox 3405 5687 3422 5718; x_wconf 90' lang='grc'>¹</span> <span class='ocrx_word' id='word_1_913' title='bbox 3455 5685 3478 5741; x_wconf 89' lang='grc' dir='ltr'><strong>ι</strong></span> <span class='ocrx_word' id='word_1_914' title='bbox 3512 5683 3643 5741; x_wconf 89' lang='lat' dir='ltr'><strong>Cor.</strong></span> 
     </span>
    </p>
   </div>
   <div class='ocr_carea' id='block_1_118' title="bbox 366 5774 2116 5852">
    <p class='ocr_par' dir='ltr' id='par_1_118' title="bbox 366 5774 2116 5852">
     <span class='ocr_line' id='line_1_118' title="bbox 366 5774 2116 5852; baseline -0.006 -12"><span class='ocrx_word' id='word_1_915' title='bbox 366 5798 417 5852; x_wconf 80' lang='grc' dir='ltr'><strong>ι,</strong></span> <span class='ocrx_word' id='word_1_916' title='bbox 437 5783 492 5842; x_wconf 80' lang='lat'><strong>9.</strong></span> <span class='ocrx_word' id='word_1_917' title='bbox 570 5785 592 5816; x_wconf 84' lang='grc'>¹</span> <span class='ocrx_word' id='word_1_918' title='bbox 618 5783 642 5841; x_wconf 87' lang='grc' dir='ltr'><strong>Ῑ</strong></span> <span class='ocrx_word' id='word_1_919' title='bbox 669 5774 894 5848; x_wconf 55' lang='grc' dir='ltr'>Ρειτίι,</span> <span class='ocrx_word' id='word_1_920' title='bbox 936 5780 1026 5836; x_wconf 77' lang='lat' dir='ltr'><strong>i9...</strong></span> <span class='ocrx_word' id='word_1_921' title='bbox 1107 5781 1126 5810; x_wconf 83' lang='grc'>³</span> <span class='ocrx_word' id='word_1_922' title='bbox 1162 5779 1322 5836; x_wconf 85' lang='lat' dir='ltr'><strong>Joan.</strong></span> <span class='ocrx_word' id='word_1_923' title='bbox 1348 5794 1458 5841; x_wconf 76' lang='lat' dir='ltr'><strong>xlv,</strong></span> <span class='ocrx_word' id='word_1_924' title='bbox 1481 5777 1574 5832; x_wconf 73' lang='lat'><strong>23.</strong></span> <span class='ocrx_word' id='word_1_925' title='bbox 1653 5779 1672 5807; x_wconf 76' lang='grc'><strong><em>³</em></strong></span> <span class='ocrx_word' id='word_1_926' title='bbox 1697 5775 1893 5830; x_wconf 76' lang='lat' dir='ltr'><strong>Matth.</strong></span> <span class='ocrx_word' id='word_1_927' title='bbox 1928 5791 2000 5842; x_wconf 76' lang='lat' dir='ltr'><strong>XI,</strong></span> <span class='ocrx_word' id='word_1_928' title='bbox 2025 5774 2116 5829; x_wconf 75' lang='lat'><strong>27.</strong></span> 
     </span>
    </p>
   </div>
  </div>
