4056 6428
448 267 555 331 739

1665 277 1722 334 S.
1765 272 2166 334 ANASTASII
2202 271 2529 334 SINAITIE

3609 273 3718 340 ’ῖίῦ

447 382 528 442 tit,
561 388 622 433 ut
663 395 806 451 saepe
836 379 1122 438 mortifera
1164 383 1284 440 lues
1315 383 1536 440 invadat
1577 386 1758 451 bruta,
1789 367 2026 440 volatilia

2133 383 2472 454 ψυχούμενα.
2505 389 2598 440 καὶ
2635 385 3074 458 ζωογονούμενα,
3174 385 3530 458 φθειρόμενα.
3569 387 3636 438 Ei-
3660 385 3720 438 δὲ

445 480 500 526 οι
533 471 716 541 pisces
749 472 939 540 maris,
968 474 1062 544 qui
1103 475 1256 532 nullo
1298 486 1524 548 peccato
1563 493 1684 533 sese
1722 479 2032 533 obstrinxe-

445 562 620 618 runt?

520 827 691 900 Igitur
739 832 796 884 et
841 826 1145 887 humanum
1195 849 1396 904 corpus
1445 833 1724 901 nostrum,
1773 851 1840 894 ex
1886 847 2028 894 terra

445 927 748 991 sumptum,
788 923 1035 992 ejusdem
1087 940 1210 980 eum
1265 925 1374 981 illis
1422 927 1763 996 substantiae,
1801 932 2031 987 mortale

446 1020 503 1066 et
529 1013 914 1082 corruptibilc,
941 1031 1008 1070 ex
1038 1017 1146 1071 illis
1180 1016 1314 1086 ipsis
1333 1017 1620 1074 elementis
1643 1023 2029 1092 compositum,

443 1117 512 1156 ex
537 1103 741 1174 quibus
783 1105 950 1160 etiam
981 1107 1235 1162 animalia
1267 1119 1542 1174 constant,
1571 1111 1762 1167 divino
1791 1113 2030 1182 quodam

443 1205 500 1250 et
530 1197 792 1266 primaevo
827 1197 1103 1264 mandato,
1157 1209 1217 1254 ut
1259 1201 1394 1255 mihi
1425 1202 1664 1268 videtur,
1703 1205 1771 1260 ab
1800 1207 1888 1261 his
1914 1207 2030 1262 ele-

442 1287 665 1353 mentis,
701 1290 853 1342 velut
884 1305 914 1343 a
957 1291 1486 1362 primogenitoribus
1514 1295 1869 1364 quibusdam,
1891 1309 2027 1353 nutu

443 1378 562 1444 Dei,
587 1377 1024 1441 administratur.
1052 1382 1286 1452 regitur,
1306 1386 1574 1456 augescit,
1597 1388 1755 1455 vivit,
1779 1401 2028 1461 :cgrotat,

444 1468 665 1522 tandem
719 1471 971 1526 moritur.
1011 1472 1190 1528 Vitam
1232 1491 1366 1530 vero
1412 1485 1469 1532 et
1511 1488 1744 1534 mortem
1789 1484 2027 1552 appello,

441 1573 563 1626 quae
585 1559 770 1615 divina
799 1558 1006 1618 virtute
1028 1565 1354 1623 naturaliter
1378 1583 1445 1622 ex
1468 1570 1869 1628 elementorum
1897 1591 2031 1630 eon-

440 1649 725 1720 junctionc
772 1653 858 1708 vel
926 1654 1290 1713 dissolutione
1340 1659 1536 1714 oritur.
1592 1661 1862 1722 Czeterum
1919 1673 2030 1722 tres

2133 472 2500 540 ἀμφιδάλλειν
2529 475 2706 531 δοκεῖς
2732 479 2845 540 τοῖς
2870 478 3204 548 εἰρημένοις,
3242 474 3364 530 εἰπέ
3401 492 3511 546 μοι,
3552 475 3722 528 πόθεν

2133 561 2398 628 πολλάκις
2441 564 2712 621 θανατικὰ
2769 567 3058 638 συμϐαίνει
3109 568 3223 631 τοῖς
3263 564 3444 631 ζώοις,
3471 565 3568 618 καὶ
3605 565 3718 628 τοῖς

2133 659 2423 722 πετεινοῖς,
2451 660 2546 712 καὶ
2566 661 2678 723 τοῖς
2713 657 2893 730 ἰχθύσι
2939 661 3038 732 τῆς
3073 659 3374 730 θαλάσσης,
3409 659 3524 721 τοῖς
3552 656 3726 730 μηδὲν

2133 747 2267 818 πρὸς
2317 750 2450 803 Θεὸν
2478 748 2863 822 ἁμαρτήσασιν
2885 768 2900 818 ;

2209 839 2425 894 Οὐκοῦν
2459 840 2556 894 καὶ
2587 841 2649 894 τὸ
2683 841 3029 914 ἀνθρώπινον
3060 841 3220 913 ἡμῶν
3263 839 3324 894 τὸ
3363 843 3428 894 ὲκ
3472 840 3573 910 τῆς
3615 839 3728 908 γῆς

2131 927 2341 1000 ληφθὲν
2381 930 2564 1004 σῶμα,
2591 922 2597 927 ’
2629 935 2922 1004 όμοούσιον
2966 935 3156 998 αὐτοῖς
3205 933 3478 1004 ὑπάρχον,
3525 931 3729 1001 θνητὸν

2133 1024 2228 1076 καὶ
2259 1023 2520 1096 φθαρτὸν,
2560 1027 2622 1078 ἐκ
2653 1025 2762 1078 τῶν
2791 1024 2971 1079 αὐτῶν
3007 1024 3288 1096 στοιχείων
3337 1025 3431 1078 καὶ
3472 1023 3573 1095 τὴν
3620 1022 3726 1076 σύ-

2135 1131 2326 1168 στασιν
2360 1115 2506 1187 ἔχον,
2543 1116 2604 1182 ἐξ
2639 1113 2714 1171 ὧν
2737 1117 2837 1170 καὶ
2865 1119 2935 1170 τὰ
2963 1118 3078 1183 ζῶα
3104 1117 3460 1187 συνέστηκεν.
3493 1116 3570 1178 ὼς
3596 1114 3726 1186 ἐμοὶ

2131 1207 2298 1272 δοκεῖ,
2337 1207 2460 1279 θείᾳ
2501 1211 2594 1262 καὶ
2625 1209 2901 1281 ἀρχεδὸτῳ
2947 1209 3266 1281 προστάξει,
3301 1208 3406 1261 ὑπὸ
3434 1207 3546 1260 τῶν
3571 1224 3724 1260 στοι-

2133 1299 2295 1369 χείων
2336 1301 2540 1354 ὡσανεί
2583 1319 2746 1355 τινων
2787 1303 3134 1372 γεννητόρων
3183 1298 3373 1367 αὑτοῦ,
3405 1299 3552 1371 λόγῳ
3580 1299 3720 1353 Θεοῦ

2130 1391 2436 1456 διοικεῖται,
2468 1394 2566 1448 καὶ
2595 1395 2816 1463 ἄγεται,
2843 1395 2938 1448 καὶ
2974 1393 3149 1462 αὔξει,
3175 1393 3270 1447 καὶ
3297 1393 3385 1465 ζῇ,
3422 1393 3520 1446 καὶ
3547 1393 3716 1458 νοσεῖ,

2132 1481 2228 1533 καὶ
2257 1477 2503 1553 τελευτᾷ.
2538 1482 2692 1553 Ζωὴν
2731 1482 2804 1536 δὲ.
2830 1482 2928 1536 καὶ
2965 1481 3226 1552 τελευτὴν
3271 1479 3418 1580 λέγω
3598 1477 3735 1580 θείᾳ.

2131 1571 2359 1640 δυνάμει
2401 1572 2649 1642 φυσικῶς
2694 1575 2760 1626 ὲκ
2809 1575 2909 1644 τῆς
2955 1573 3064 1626 τῶν
3117 1571 3400 1642 στοιχείων
3471 1568 3712 1630 ὲνὼσεως

2133 1663 2228 1717 καὶ
2250 1663 2570 1734 διαιρέσεως
2600 1665 3022 1738 συνισταμένην.
3061 1662 3224 1738 Τρεῖς
3252 1668 3320 1732 γα
3331 1683 3362 1735 ρ
3389 1659 3505 1718 οἶδα
3533 1661 3716 1726 τάξεις

441 1743 657 1813 species
690 1743 884 1800 mortis
917 1757 1123 1815 statuo,
1154 1767 1317 1806 unam
1363 1769 1708 1809 communem
1750 1765 1807 1811 et
1835 1757 2026 1828 vulga-

2131 1757 2311 1825 λέγειν
2339 1758 2606 1813 θανάτοω
2647 1764 2777 1830 μίαν
2807 1759 2904 1831 τὴν
2940 1758 3084 1812 κατὰ
3128 1756 3310 1812 κοινοῦ
3348 1756 3461 1826 ἰδίῳ
3493 1755 3711 1824 Θανάτῳ

443 1845 575 1901 tam,
607 1851 713 1906 qua
744 1837 995 1908 plerique
1037 1840 1448 1913 defunguntur;
1495 1847 1722 1902 alteram
1765 1850 2028 1918 spiritua-

437 1925 568 1989 lcm,
612 1929 792 1996 qualis
833 1939 956 1986 erat
999 1931 1420 1992 Corinthiorum
1471 1937 1694 2011 indigne
1723 1944 2032 2000 communi-

437 2017 682 2072 cantium
731 2019 774 2084 ',
825 2035 948 2091 quae
983 2023 1118 2094 ipsis
1161 2040 1192 2080 a
1241 2027 1354 2081 Deo
1400 2043 1500 2098 per
1543 2033 2027 2089 comminationem

439 2107 682 2166 immissa
709 2122 821 2180 est;
853 2115 1072 2184 qualem
1095 2118 1388 2176 subierunt
1415 2137 1636 2193 quoque
1664 2124 2029 2197 primogenita

437 2201 654 2275 Egypti
691 2207 744 2272 σς
780 2222 960 2278 neque
986 2210 1133 2264 enim
1164 2215 1406 2271 naturali
1436 2217 1580 2271 aeris
1608 2219 1694 2272 vel
1731 2217 2032 2274 elemento-

435 2311 560 2351 rum
591 2297 788 2354 ordine
811 2307 868 2354 et
903 2302 1322 2370 constitutione,
1350 2306 1447 2361 sed
1472 2322 1537 2361 ex
1564 2309 1750 2365 divina
1779 2311 2030 2384 indigna-

437 2388 608 2454 tione,
643 2406 792 2446 IIIOI'S
816 2392 901 2448 eis
927 2394 1076 2449 illata
1107 2403 1213 2450 est.
1259 2395 1442 2452 Tertia
1488 2409 1574 2456 est
1608 2402 1698 2458 illa
1727 2418 1848 2474 quae
1877 2404 2030 2460 inex-

437 2473 680 2548 plicabili
719 2479 932 2551 judicio
977 2482 1074 2538 Dei
1108 2494 1215 2540 tam
1241 2487 1409 2557 justis
1454 2506 1620 2559 quam
1664 2473 1882 2563 injustis
1922 2495 2022 2550 ali-

436 2571 660 2639 quando
705 2571 953 2639 obvenit,
1001 2575 1131 2630 dum
1184 2579 1620 2649 pra-cipitantur,
1661 2583 2026 2652 suﬁ‘ocantur,

401 2655 522 2716 'vel
562 2671 706 2718 terra
751 2663 1067 2720 obruuntur
1108 2682 1173 2723 ac
1213 2670 1596 2740 defodiuntur,
1627 2686 1792 2746 prout
1827 2680 2030 2735 accidit

401 2760 408 2765 '
439 2753 566 2809 ﬁliis
591 2754 695 2810 Job
725 2754 769 2809 '.
805 2753 1076 2813 Similiter
1103 2759 1242 2816 duas
1263 2763 1394 2820 vita:
1415 2765 1757 2825 differentias
1781 2773 2030 2843 agnosci-

436 2859 561 2898 mus
585 2863 598 2898 :
626 2845 798 2900 altera
841 2856 926 2902 est
967 2851 1278 2908 communis
1307 2862 1363 2908 et
1397 2857 1638 2928 vulgata,
1663 2875 1806 2930 quae,
1831 2873 1893 2918 ut
1930 2879 2030 2920 sat-

435 2932 562 3006 pius
595 2937 730 3011 dixi,
768 2939 861 2995 Dei
899 2942 1270 3012 providentia,
1297 2962 1368 3002 ex
1395 2949 1798 3009 elementorum
1826 2967 1950 3026 apta
1973 2966 2028 3012 et

2134 1849 2533 1922 συνισταμένην
2555 1868 2570 1884 ’
2610 1849 2873 1922 δευτέραν
2905 1852 2962 1906 δὲ
3007 1853 3082 1916 ὡς
3121 1851 3220 1923 τὴν
3253 1848 3554 1922 Κορινθίων
3577 1845 3712 1900 ποτὲ

2131 1941 2370 2010 ἀναξίως
2407 1945 2833 2010 κοινωνούντων,
2871 1946 2966 1999 καὶ
2996 1945 3138 2000 κατὰ
3172 1943 3324 1998 θείαν
3349 1941 3577 2014 ἀπειλὴν
3610 1939 3712 1993 αύ-

2131 2039 2243 2098 τοῖς
2279 2035 2664 2108 πεμπομένην,
2699 2037 2818 2092 οἵαν
2847 2039 2941 2091 καὶ
2975 2038 3056 2100 είς
3089 2036 3184 2090 τὸν
3233 2039 3575 2104 πρωτότοκον
3617 2033 3716 2086 Αί-

2130 2123 2366 2194 γύπτου,
2399 2126 2460 2180 ού
2480 2129 2622 2182 κατὰ
2657 2127 2896 2200 φυσικὴν
2927 2128 3250 2182 ἀκολουθίαν
3285 2128 3466 2198 ἀέρων
3496 2127 3531 2195 ἢ
3569 2138 3717 2179 στοι-

2131 2217 2294 2286 χείῳν
2345 2221 2739 2291 γεγενημένην,
2791 2221 2928 2275 ἀλλὰ
2985 2223 3081 2276 καὶ
3137 2223 3279 2277 κατὰ
3313 2221 3468 2276 Θείαν
3521 2222 3712 2294 ὀργήν.

2131 2309 2342 2382 Τρίτην
2369 2311 2426 2365 δὲ
2453 2312 2551 2384 τὴν
2577 2313 2685 2366 τῶν
2716 2313 2860 2368 κατὰ
2888 2315 3127 2388 ἄρρητον
3173 2318 3347 2386 κρῖμα
3393 2313 3536 2368 Θεοῦ
3578 2329 3708 2385 κρη-

2133 2401 2500 2473 μνιζομένων,
2601 2405 3018 2478 πνιγομὲνων,ῆ
3047 2405 3578 2476 καταχωννυμένων,
3601 2403 3707 2458 ἀδί-

2131 2512 2244 2549 κων
2279 2511 2340 2548 τε
2393 2497 2489 2550 καὶ
2538 2497 2787 2564 δικαίων,
2819 2499 2893 2562 ὼς
2947 2499 3043 2552 ἐπὶ
3095 2489 3205 2552 τῶν
3264 2499 3397 2553 υἱῶν
3429 2499 3526 2552 τοῦ
3571 2497 3710 2553 Ἰώσ.

2143 2587 2378 2660 Ὁμοίως
2409 2590 2502 2642 καὶ
2532 2589 2680 2662 ζωῆς
2708 2591 2803 2644 δύο
2837 2589 2980 2646 εἶναι
3021 2592 3288 2664 διαφοράς
3333 2592 3710 2663 ἐπιστάμεθα.

2128 2679 2279 2736 Μίαν
2311 2679 2412 2752 μὲν
2463 2679 2562 2750 τὴν
2613 2682 2754 2736 κατά
2805 2683 2988 2736 κοινοῦ
3029 2683 3300 2754 φυσικῶς,
3333 2683 3410 2747 ὡς
3455 2683 3710 2746 πολλάκις

2130 2767 2310 2839 εἶπον,
2343 2774 2408 2826 ἐκ
2459 2773 2716 2843 προνοίας
2748 2773 2884 2827 Θεοῦ
2911 2773 3000 2828 διὰ
3033 2772 3134 2845 τῆς
3170 2775 3279 2828 τῶν
3312 2773 3589 2844 στοιχείων
3617 2774 3706 2826 εύ-

2129 2865 2331 2918 τάκτου
2402 2863 2496 2916 καὶ
2549 2865 2820 2936 εὐκράτου
2899 2867 3223 2940 διοικήσεως
3284 2868 3699 2938 συνισταμένην.

2143 2956 2386 3029 Ἑτέραν,
2415 2957 2470 3010 δὲ
2514 2958 2616 3028 τὴν
2657 2957 3018 3031 θεοδὼρητον,
3062 2961 3207 3030 λέγω
3256 2958 3321 3033 δὴ
3351 2961 3449 3032 τὴν
3477 2959 3582 3014 ὑπὸ
3609 2957 3700 3013 τοῦ

437 3027 578 3084 bene
627 3039 932 3102 temperata
976 3035 1378 3118 gubernatione
1429 3042 1681 3111 exsistit;
1729 3047 1899 3102 altera
1942 3059 2026 3104 est

2132 3027 2281 3104 Θεοῦ»
2302 3050 2699 3124 χαριζομένην,
2733 3050 2822 3106 οἵα
2848 3049 2917 3124 ἦν
2967 3053 3212 3119 Ἐζεκίου
3254 3057 3400 3108 κατὰ
3437 3054 3536 3126 τὴν
3560 3053 3705 3140 νόσον

433 3118 704 3175 divinitus
725 3137 1008 3190 concessa,
1039 3113 1305 3198 singulari
1330 3143 1561 3186 munere
1582 3133 1678 3188 Dei
1703 3135 2026 3204 obveniens,

433 3210 614 3280 qualis
644 3221 764 3268 erat
791 3202 1065 3282 Ezechiae,
1101 3218 1420 3288 quindecim
1465 3239 1736 3280 annorum
1765 3227 1874 3282 vita
1906 3239 2030 3300 post

436 3302 711 3371 morbum,
755 3305 976 3364 cmlitus
1006 3309 1288 3380 impertita
1333 3313 1390 3380 ⁸,
1437 3301 1618 3388 qualis
1667 3317 1862 3375 Lazari
1904 3330 2029 3392 post

435 3395 917 3454 resuscitationem
947 3398 991 3465 ⁸,
1017 3409 1076 3456 ct
1107 3406 1474 3473 quorumdam
1505 3409 1793 3467 similium.

507 3484 662 3544 Scire
705 3490 856 3545 enim
905 3500 1128 3564 oportet
1178 3495 1374 3565 Deum,
1424 3509 1684 3576 tanquam
1733 3505 2025 3563 Dominum

431 3578 560 3634 vitae
591 3591 648 3636 et
689 3582 903 3649 mortis,
937 3593 1169 3652 natura},
1201 3588 1624 3660 elementorum,
1667 3610 1724 3650 et
1755 3612 2024 3665 omnium,

432 3669 737 3738 interdum,
765 3672 989 3742 quando
1010 3683 1066 3730 ct
1087 3676 1182 3731 ubi
1203 3677 1382 3744 lubet,
1406 3679 1532 3736 vitae
1551 3683 1720 3738 vitam
1747 3685 2022 3757 adjicere;

428 3770 488 3817 ct
513 3763 608 3818 ubi
641 3764 808 3820 etiam
842 3765 1018 3834 lubet,
1055 3777 1297 3826 mortem
1325 3772 1554 3840 inferre,
1583 3778 1749 3848 justis
1776 3795 2022 3851 quoque;

431 3863 600 3924 prout
623 3856 692 3912 ad
720 3858 943 3930 Moysen
964 3861 1043 3916 ait
1070 3879 1084 3916 :
1126 3881 1145 3913 ι
1176 3862 1502 3934 Apponatur
1529 3867 1712 3925 Aaron
1742 3871 1809 3926 ad
1841 3882 2026 3944 patres

427 3953 560 4002 sues
613 3947 688 4013 '°;
747 3967 766 3998 ι
822 3957 879 4004 et
924 3950 992 4006 ad
1047 3953 1226 4022 ipsum
1271 3954 1494 4026 Moysen
1543 3974 1558 4012 :
1613 3978 1631 4012 ι
1677 3959 1926 4020 Ascende
1966 3964 2026 4020 in

429 4045 696 4102 montem,
758 4048 816 4094 et
880 4056 1100 4097 morere
1138 4045 1216 4105 ,".
1281 4063 1300 4095 ι
1366 4045 1533 4119 ῆοο
1593 4049 1713 4105 Meo
1789 4053 2023 4124 judicio,

425 4129 894 4197 quemadmodum
940 4132 1496 4204 Nabuchodonosori,
1539 4141 1754 4209 Davidi,
1801 4153 1860 4201 et
1899 4146 2025 4203 aliis

424 4219 760 4288 quibusdam
801 4223 1132 4292 populorum
1183 4228 1437 4296 patribus
1494 4238 1551 4285 et
1617 4236 1864 4304 gentium
1905 4255 2023 4296 ma-

423 4311 549 4382 gnis
606 4313 850 4384 regibus,
912 4316 981 4372 ad
1034 4320 1223 4390 populi
1287 4321 1610 4394 dignitatem
1657 4338 1715 4384 et
1758 4333 2022 4404 splendo-

2133 3139 2249 3211 ζωὴ
2279 3141 2388 3196 τῶν
2417 3142 2813 3198 πεντεκαίδεκα
2842 3143 3052 3216 χρόνων
3070 3185 3086 3212 ,
3123 3145 3218 3198 καὶ
3235 3145 3268 3204 ἠ
3297 3141 3550 3216 Λαζάρου
3577 3139 3712 3214 μετὰ

2130 3232 2232 3304 τὴν
2261 3233 2584 3301 ἀνάστασιν,
2618 3235 2712 3292 καὶ
2741 3235 2946 3308 ἑτέρων
2975 3236 3255 3292 τοιούτων.

2199 3503 2291 3559 Δεῖ
2321 3505 2432 3579 γὰρ
2468 3503 2617 3578 ἡμᾶς
2677 3505 2814 3579 πρὸς
2871 3504 3088 3574 τούτοις
3128 3507 3472 3576 ἐπίστασθαι,
3521 3507 3720 3584 ὅτιπερ

2129 3597 2206 3665 ὼς
2241 3583 2524 3661 δεσπόζων
2569 3601 2597 3652 ό
2627 3598 2760 3682 Θεδς
2781 3583 2892 3654 τῶν
2935 3600 3142 3666 ζὼωνέι
3189 3601 3284 3656 καὶ
3315 3601 3410 3656 τοῦ
3455 3583 3716 3670 θανάτου,

2131 3692 2364 3746 καὶτῶν
2397 3691 2637 3761 φύσεων,
2689 3694 2784 3748 καὶ
2817 3712 2927 3750 των
2971 3697 3276 3768 στοιχείων,
3327 3701 3423 3753 καὶ
3471 3699 3716 3766 πάντων,

2129 3785 2264 3848 ὅπου
2313 3786 2414 3856 μὲν
2459 3785 2730 3857 βούλεται,
2763 3788 3092 3860 προστίθησι
3123 3788 3290 3863 ζωήν.
3326 3789 3506 3846 Ὅπου
3531 3788 3588 3845 δὲ
3621 3806 3718 3845 κε-

2128 3875 2305 3944 λεύει,
2348 3875 2547 3947 ἐπάγει
2583 3879 2678 3932 καὶ
2731 3878 2824 3932 ἐπὶ
2866 3879 3112 3944 δικαίους
3158 3881 3412 3945 θάνατον,
3460 3881 3536 3946 ῶς
3581 3895 3718 3952 φησι

2129 3969 2268 4043 πρὸς
2323 3968 2594 4025 Μωῦσέαο
2661 3967 2834 4024 «Ὅτι
2884 3971 3245 4044 προστεθήτω
3307 3971 3524 4044 Ἀαρὼν
3576 3975 3718 4064 πρὸς

2126 4061 2254 4124 τοὺς
2291 4061 2538 4134 πατέρας
2571 4061 2769 4117 αὐτοῦ’
2795 4082 2814 4116 ι
2851 4063 2946 4118 καὶ
2973 4063 3136 4118 πάλιν
3169 4062 3321 4136 αὐτῷ
3352 4063 3432 4136 τῷ
3464 4061 3714 4137 Μωῦσῇ·

2134 4171 2154 4204 ι
2191 4151 2450 4224 ’Δνάϐη-θι
2482 4157 2564 4218 είς
2596 4156 2658 4208 τὸ
2706 4151 2854 4228 ὅρος,
2887 4158 2982 4211 καὶ
3007 4155 3259 4212 τελεύτα.
3291 4175 3308 4209 ι
3335 4149 3742 4264 ιἘμῗιδοκεῖΛ

2129 4246 2213 4299 ὅτι
2265 4243 2460 4316 ῶσπερ
2501 4247 2597 4300 καὶ
2643 4247 2672 4299 ὁ
2725 4246 3224 4319 Ναδουχοδονόσυρ,
3263 4247 3356 4328 καὶ
3390 4249 3576 4315 Δασὶδ,
3617 4243 3737 4304 καὶξ

2126 4335 2278 4388 ἄλλοι
2299 4336 2445 4398 τινὲς
2478 4333 2742 4402 πολλάκις
2773 4338 3013 4409 πατέρες
3036 4337 3204 4407 λαῶν,
3231 4341 3326 4394 καὶ
3355 4339 3524 4396 ἐθνῶν
3559 4340 3719 4412 βασι-

425 4419 544 4460 rem
616 4409 965 4466 accessiones
1009 4419 1066 4466 et
1126 4419 1531 4486 successiones,
1593 4422 1934 4486 incrementa
1992 4448 2022 4488 a

2131 4426 2241 4492 λεῖς
2280 4428 2534 4499 μεγάλοι,
2563 4433 2702 4501 πρὸς
2742 4429 2842 4503 τὴν
2863 4431 2958 4485 τοῦ
2987 4431 3120 4486 λαοῦ
3153 4431 3314 4498 ἀξίαν
3339 4434 3434 4487 καὶ
3465 4409 3714 4505 προσθή-

425 4495 540 4551 Deo
589 4498 911 4571 obtigerunt
955 4521 969 4557 :
1017 4503 1090 4560 ita
1157 4509 1352 4564 crebro
1375 4495 1572 4582 \‘justis
1619 4515 1810 4575 itidem
1857 4523 2018 4578 addi-

425 4585 606 4642 tiones
677 4605 949 4648 annorum
1024 4595 1365 4668 obveniunt;
1441 4620 1564 4659 nam
1641 4609 1787 4681 Deus
1852 4629 2018 4685 supra

423 4681 735 4738 naturalem
785 4684 975 4753 vitam,
1012 4688 1180 4744 vitam
1229 4695 1480 4766 corporis
1526 4701 1773 4771 apponit.
1813 4681 2016 4769 Verum

425 4770 482 4827 in
514 4776 774 4844 praesenti
805 4793 916 4834 non
963 4791 1048 4836 est
1077 4783 1241 4840 nobis
1274 4802 1457 4843 sermo
1487 4789 1555 4845 de
1586 4770 1728 4849 raris
1757 4797 1877 4853 istis
1917 4800 2016 4856 ad-

421 4862 730 4923 ditionibus
779 4879 836 4924 ct
903 4873 1414 4953 subtractionibus,
1466 4883 1668 4953 quibus
1714 4888 1881 4946 vitam
1931 4893 2018 4949 vel

421 4957 732 5024 producere
777 4963 864 5018 vel
911 4951 1241 5038 contrahere
1297 4951 1514 5043 potest;
1567 4978 1664 5034 sed
1715 4981 2018 5053 disputatio

420 5054 509 5103 est
549 5047 618 5104 de
648 5055 930 5109 communi
958 5057 1084 5136 vitae
1123 5069 1178 5114 et
1219 5064 1414 5120 mortis
1445 5081 1632 5133 cursu,
1668 5073 1758 5128 cui
1784 5090 2016 5147 corpora
2089 5062 2097 5073 ’

417 5137 670 5192 omnium
713 5157 777 5196 ex
829 5145 1120 5205 elementis
1171 5163 1456 5224 compacta
1491 5157 1822 5237 subjacent:
1871 5137 2013 5237 quo-

422 5225 589 5282 modo
623 5229 836 5288 scilicet
866 5239 1148 5298 nonnullis
1187 5243 1242 5296 in
1280 5225 1606 5324 regionibus
1633 5235 1766 5308 sana
1794 5237 1852 5310 et
1879 5225 2012 5315 din-

423 5327 586 5374 tui-na
617 5322 958 5397 subsistant;
999 5331 1052 5385 in
1087 5333 1214 5390 aliis
1244 5322 1435 5392 contra
1482 5351 1768 5412 aegrotent,
1805 5355 1861 5402 et
1892 5350 2009 5404 exi-

401 5459 514 5540 .-.“
545 5458 562 5512 l
593 5457 727 5540 ρος.
753 5475 828 5526 ιι,
867 5463 958 5526 29,
991 5466 1121 5540 5οη
1197 5469 1419 5540 [Ειιοιι.
1449 5489 1544 5540 xu,
1571 5477 1660 5533 29.

421 5525 510 5582 Ξι.
593 5529 633 5560 ¹¹
664 5531 830 5586 Num.
867 5525 1036 5599 χιιι-ιι,
1067 5536 1156 5604 1'2,
1191 5537 1278 5594 l5.

1759 5482 1778 5512 ⁷
1801 5483 1926 5539 Job.
1959 5503 1996 5551 l,
2032 5487 2120 5542 19.

2129 4537 2232 4584 κας
2276 4521 2370 4574 καὶ
2417 4521 2742 4593 ὑφαιρέσεις
2771 4523 2882 4578 τῶν
2939 4525 3003 4576 ὲκ
3036 4523 3170 4577 Θεοῦ
3202 4525 3546 4594 κομίζονται,
3579 4525 3714 4580 πολ-

2127 4611 2286 4675 λάκις
2323 4611 2378 4664 δὲ
2420 4613 2513 4666 καὶ
2544 4613 2776 4678 δικαίοις
2808 4615 2951 4680 τισιν
2986 4617 3078 4668 ἐπὶ
3121 4605 3294 4670 πλείω
3323 4618 3601 4687 προκοπαὶ
3622 4616 3717 4672 διὰ

2125 4707 2226 4776 τῆς
2264 4691 2591 4776 προσθήκης
2636 4705 2730 4759 τοῦ
2781 4707 2976 4779 χρόνου
3034 4709 3310 4778 μέλλουσι,
3353 4701 3717 4782 προστίθησιν

2125 4803 2154 4854 ὁ
2183 4800 2314 4862 Θεὸς
2363 4801 2505 4873 ὑπὲρ
2549 4800 2644 4876 τὴν
2698 4801 2936 4874 φυσικὴν
2981 4803 3150 4874 ζωὴν,
3184 4805 3285 4876 τὴν
3319 4805 3416 4858 τοῦ
3462 4805 3717 4887 σώματος

2127 4889 2296 4960 ζωήν.
2341 4891 2482 4944 Ἀλλ’
2513 4892 2572 4945 ού
2617 4893 2748 4962 περὶ
2777 4894 2985 4947 τούτων
3032 4897 3164 4968 ἡμῖν
3195 4895 3290 4948 νῦν
3321 4893 3432 4950 τῶν
3453 4897 3714 4977 ¹σπανίων

2127 4983 2234 5041 ὑπὸ
2257 4983 2393 5038 Θεοῦ
2423 4984 2482 5038 ἓν
2511 5002 2620 5038 τισι
2648 4985 2979 5058 προσθηκῶν
3031 4989 3126 5068 καὶ
3158 4989 3506 5061 ύφαιρὲσεων
3565 4990 3712 5063 ζωῆς

2127 5075 2223 5129 καὶ
2256 5075 2488 5148 θανάτου
2517 5079 2545 5130 ὁ
2579 5076 2736 5146 λόγος
2775 5079 2923 5132 ἐστὶν
2945 5123 2958 5146 ,
2987 5080 3125 5146 ἀλλὰ
3156 5082 3250 5135 καὶ
3277 5083 3409 5154 περὶ
3444 5083 3543 5154 τῆς
3571 5084 3712 5138 κατὰ

2091 5233 2106 5240 γ
2127 5165 2308 5219 κοινοῦ
2359 5168 2416 5220 ἐν
2456 5167 2562 5238 ὅλῳ
2591 5167 2669 5238 τῷ
2693 5169 2839 5236 γένει
2870 5169 2972 5241 τῆς
3011 5173 3122 5236 τῶν
3157 5171 3464 5244 ἀνθρώπων
3495 5165 3712 5243 φύσεως

2123 5259 2269 5330 ζωῆς
2301 5277 2361 5314 τε
2389 5261 2482 5315 καὶ
2521 5261 2756 5315 θανάτου
2782 5263 2892 5318 τῶν
2932 5266 3222 5338 ἡμετέρων
3253 5259 3546 5348 σωμάτων.
3585 5269 3710 5333 Πῶς

2122 5354 2179 5408 ἕν
2227 5371 2336 5408 τισι
2373 5352 2472 5422 μὲν
2505 5353 2714 5427 χώραις
2753 5357 2972 5426 ὑγιεινὰ
3018 5359 3194 5415 ταῦτα
3247 5362 3343 5416 καὶ
3379 5362 3707 5434 πολυχρόνια

2213 5491 2234 5522 ⁸
2267 5491 2336 5545 iV
2367 5492 2505 5561 Reg.
2533 5507 2623 5557 xx,
2655 5495 2706 5548 6.
2735 5505 2743 5510 '
2810 5495 3008 5550 "Joan.
3042 5513 3116 5560 ιιι,
3149 5499 3237 5553 Aid.
3343 5500 3387 5532 ¹⁰
3417 5500 3580 5555 Num.
3613 5515 3700 5565 xx,

1698 5645 1924 5699 VARMS
1969 5645 2373 5708 LECTIONES.

509 5700 535 5729 “
559 5691 706 5764 Lego
753 5695 910 5760 ζωῶν
935 5715 964 5752 a
989 5699 1126 5770 ζωή.
