4056 6468
337 357 435 421 ’ἶ41

1743 353 2256 433 ΟΙἩΕΞΤΙΟΝΕΒ-

3489 361 3597 431 742

337 473 599 543 γίνονται,
630 471 688 522 ἐν
715 471 899 533 ἄλλαις
933 471 1010 533 δὲ,
1044 469 1242 540 νοτερὰ
1264 474 1357 525 καὶ
1381 473 1740 546 ὀλιγοχρόνια.
1771 473 1908 536 ’Πῶς

2032 487 2122 542 ςυο
2155 479 2398 540 tempore
2425 471 2652 536 durent,
2678 477 2735 526 ct
2764 469 3041 540 quomodo
3068 475 3316 543 quaedam
3342 475 3457 531 loca
3483 477 3596 533 sint

336 565 482 626 τινὲς
509 563 670 616 τόποι
712 563 926 635 συχνῶς
961 562 1231 616 θανατικὰ
1258 564 1619 634 ὑφίστανται·
1651 565 1808 620 ἄλλαι
1854 565 1912 617 δὲ

337 658 514 728 χῶραι
571 655 744 710 ἐθνῶν
794 653 1012 708 ἀσεϐῶν
1056 654 1295 719 ούδόλως
1344 656 1650 710 θανατικῶν
1715 658 1914 725 πεῖραν

333 748 690 820 γινώσκουσι.
735 750 845 802 Καὶ
886 749 1061 803 πόθεν
1085 751 1144 803 ὲν
1182 750 1262 820 τῷ
1305 751 1459 822 αὐτῷ
1489 752 1752 815 πολλάκις
1780 751 1915 804 ’Έλ-

335 841 537 911 λήνων.
569 842 603 912 ἢ
632 841 1007 912 Βαρϐάρων,ἢ
1043 842 1252 896 πιστῶν
1277 843 1425 912 γένει
1449 844 1596 907 τινὲς
1615 843 1713 914 μὲν
1750 843 1918 895 πολυ-

331 931 616 1000 τεκνοῦσι,
653 933 885 1003 πονηροὶ
907 932 1079 996 ὅντες,
1118 933 1266 986 ἄλλοι
1295 935 1352 987 δὲ
1377 935 1689 999 ἁτεκνοῦσι,
1721 933 1919 1002 ἀγαθοὶ

334 1024 704 1095 ὑπάρχοντες.
759 1025 870 1076 Καὶ
900 1023 1065 1077 πάλιν
1088 1025 1234 1090 τινὲς
1263 1025 1611 1089 εὐσεϐοῦντες
1639 1025 1891 1096 ὀλιγοχρὸ

331 1131 444 1168 νιοι
479 1115 743 1184 γίνονται,
771 1113 951 1184 ἕτεροι
979 1115 1034 1168 δὲ
1076 1117 1322 1186 πονηροὶ,
1365 1110 1709 1188 πολυχρόνιοι
1735 1118 1920 1170 τελευ·

329 1206 500 1261 τῶσι.
541 1208 650 1259 Καὶ
683 1207 823 1268 τινος
862 1208 1024 1277 χάριν
1060 1209 1110 1261 οι
1146 1209 1247 1277 μὲν
1283 1208 1486 1277 ἄφωνοι
1526 1211 1619 1263 καὶ
1653 1210 1924 1264 ἀδιάθετοι

334 1300 686 1370 ἁρπάξονται
757 1301 851 1352 καὶ
889 1283 1215 1370 θνήσκουσιν
1239 1318 1251 1330 ·
1292 1301 1442 1356 ἄλλοι
1487 1301 1567 1367 δὲ,
1601 1303 1693 1356 ἐπὶ
1733 1303 1925 1374 χρόνον

278 1379 290 1385 ’
334 1390 721 1457 ἀσθενοῦντες,
752 1391 813 1443 οὐ
837 1389 1148 1445 τελευτῶσι.

415 1665 528 1717 Καὶ
557 1663 704 1724 ὅπως
737 1661 1043 1731 σαφεστέρα
1067 1665 1100 1730 ἡ
1135 1660 1424 1728 διάγνωςις
1467 1662 1562 1714 καὶ
1589 1663 1622 1724 ἡ
1657 1661 1932 1727 ἀπόδειξις

2013 562 2234 616 sanitati
2259 561 2510 626 exitiosa,
2547 561 2650 615 alia
2685 577 2820 615 vero
2847 562 3142 630 impiorum
3167 562 3473 619 incolarum
3503 565 3594 621 vix

2015 651 2315 722 quidquam
2361 652 2520 707 bonae
2563 652 2864 706 valetudini
2896 652 3188 708 adversum
3221 653 3402 709 ferant
3441 673 3454 710 :
3489 672 3596 726 qua

2015 743 2244 812 insuper
2291 742 2504 798 ratione
2549 743 2831 812 contingat
2885 753 2943 798 ut
2994 744 3048 797 in
3097 744 3290 798 eodem
3341 745 3464 802 loco
3505 747 3602 801 de-

2017 845 2205 905 gentes
2237 851 2347 890 non
2391 834 2549 906 pauci
2581 843 2638 889 et
2670 834 2842 890 Grzeci
2892 843 2948 890 et
2993 836 3254 900 Barbari,
3303 837 3604 907 impietatis
3665 868 3670 875 ε

2018 929 2206 984 studio
2253 928 2448 994 dediti,
2489 929 2680 984 liberis
2723 928 3034 995 abundent;
3073 929 3166 983 alii
3210 944 3338 984 vero
3381 931 3604 1000 pietatis

2023 1020 2266 1076 cultores
2299 1020 2450 1074 omni
2493 1020 2664 1090 prolis
2697 1020 2895 1074 solatio
2921 1020 3313 1076 destituantur.
3341 1021 3476 1076 Item
3503 1038 3603 1076 cur

2021 1112 2272 1168 nonnulli
2301 1112 2595 1183 probitatis
2628 1113 2864 1168 studiosi
2888 1113 3086 1183 exiguo
3109 1123 3352 1184 tempore
3383 1113 3604 1180 vivant;

2023 1205 2115 1259 alii
2147 1213 2354 1272 autem,
2386 1205 2536 1274 iique
2583 1205 2857 1268 scelerati,
2890 1205 3054 1258 vitam
3090 1204 3157 1258 ad
3205 1206 3408 1260 multos
3433 1221 3608 1261 annos

2024 1305 2341 1370 prorogent.
2389 1297 2468 1350 Ad
2513 1297 2649 1362 haec,
2679 1314 2784 1366 qua
2817 1299 2884 1352 de
2913 1313 3076 1352 causa
3106 1298 3198 1352 alii
3232 1299 3385 1354 vocis
3414 1314 3610 1369 exper-

2028 1395 2130 1452 tes,
2176 1387 2463 1457 nulloque“
2491 1396 2814 1442 testamento
2861 1372 3124 1451 condito,
3170 1389 3516 1459 abripiantur
3553 1398 3611 1445 et

2029 1478 2368 1545 moriantur;
2411 1475 2502 1532 alii
2543 1488 2724 1534 autem
2756 1477 3019 1533 diuturno
3059 1481 3254 1535 morbo
3285 1481 3607 1546 conﬂictati,

2028 1571 2198 1628 vitam
2227 1587 2338 1626 non
2370 1571 2582 1626 ﬁniant.

2101 1663 2191 1731 Et,
2233 1673 2292 1718 ut
2319 1664 2636 1734 disquisitio
2665 1680 2728 1718 ac
2757 1663 3153 1719 demonstratio
3201 1663 3609 1735 propositarum

335 1752 456 1805 τῶν
534 1751 918 1821 προκειμένων
981 1751 1315 1821 ζητημάτων
1363 1750 1500 1803 Θεοῦ
1553 1753 1738 1821 χάριτι
1774 1751 1929 1821 γένη-

2032 1755 2398 1824 quaestionum
2429 1756 2725 1810 dilucidior
2760 1757 2873 1821 fiat,
2920 1756 3186 1811 faciamus
3226 1771 3346 1811 esse
3390 1757 3614 1826 provin-

335 1863 466 1907 ται,
516 1843 850 1914 ὑποθώμεθα
903 1844 1070 1897 πάλιν
1119 1843 1241 1898 τινὰ
1301 1843 1340 1913 ἤ
1387 1843 1574 1915 χώραν
1618 1844 1793 1911 ἀσεϐῆ
1832 1843 1927 1896 καὶ

2032 1845 2173 1900 ciam
2201 1847 2271 1900 ab
2293 1846 2445 1900 omni
2473 1847 2675 1916 pietate
2699 1855 2755 1900 et
2775 1848 3032 1918 aequitate
3056 1847 3313 1913 alienam,
3337 1847 3614 1903 diabolico

337 1939 670 2008 παράνομον
719 1937 798 2006 τῷ
844 1936 1076 2002 διαϐόλῳ
1123 1935 1518 2006 λατρεύουσαι),
1565 1937 1660 1987 καὶ
1689 1935 1928 1999 ὅλως,τε

339 2033 462 2083 ἐστι
493 2029 650 2094 Θεὸς,
681 2029 756 2100 μὴ
790 2027 1190 2098 γινώσκουσαν,
1223 2027 1360 2080 ἀλλὰ
1391 2027 1579 2091 λίθοις,
1611 2027 1703 2080 καὶ
1751 2027 1928 2092 ξύλοις

344 2122 642 2190 μυσαροῖς,
661 2121 756 2172 καὶ
805 2119 973 2188 μύαις
996 2127 1044 2186 ν,
1081 2120 1176 2171 καὶ
1213 2119 1468 2188 πιθήκοις
1509 2113 1928 2190 προσκυνοῦσαν

340 2217 440 2268 καὶ
477 2213 872 2266 δουλεύουσαν·
913 2211 1035 2264 εἰπέ
1075 2228 1166 2282 μοι
1194 2209 1382 2264 λοιπὸν
1430 2211 1494 2264 σὺ
1527 2211 1556 2262 ὁ
1588 2211 1762 2280 λέγων
1791 2227 1928 2280 προ-

341 2307 578 2380 ορισμὺν
605 2306 708 2376 τῆς
733 2305 882 2376 ζωῆς
909 2306 1143 2360 ἑκάστου
1179 2303 1469 2374 ἀνθρώπου
1492 2304 1928 2376 προγεγραμμέ-

345 2417 440 2454 νον
482 2399 639 2470 παρὰ
671 2397 792 2466 Θεῷ
837 2398 977 2468 πρὸς
1016 2399 1079 2450 τὸ
1126 2397 1429 2468 συμφέρον,
1465 2399 1604 2460 πῶς’
1632 2398 1726 2451 καὶ
1753 2398 1928 2465 δια-τι

347 2488 491 2552 τινὲς
533 2489 638 2558 τῆς
677 2486 912 2551 ἀσεϐοῦς
957 2487 1166 2553 πόλεως
1208 2488 1445 2559 ἐκείνης,
1473 2491 1522 2542 οἱ
1568 2489 1667 2560 μὲν
1701 2491 1925 2543 ἕκατον·

353 2581 564 2642 ταιτετς
603 2577 960 2639 τελευτῶσιν,
1012 2578 1062 2631 οἱ
1110 2576 1168 2630 δὲ
1201 2579 1720 2647 πεντηκονταετεῖς;
1748 2578 1796 2630 οἱ
1831 2577 1930 2647 μὲν

365 2671 588 2736 ἄτεκνοι,
637 2671 688 2722 οἱ
745 2669 802 2724 δὲ
853 2669 1178 2724 πολύτεκνοι
1212 2685 1228 2734 ;
1261 2669 1310 2722 οἱ
1377 2669 1434 2722 δὲ
1462 2668 1926 2738 περιπατοῦντες.

361 2766 524 2833 ἕτεροι
554 2763 614 2816 δὲ
640 2763 734 2816 ἐπὶ
763 2761 993 2833 πέμπτῃ
1023 2759 1306 2826 πολλάκις,
1329 2760 1362 2830 ἢ
1390 2760 1486 2814 καὶ
1513 2759 1720 2832 δεκάτῃ
1742 2760 1930 2830 ἡμέρᾳ

347 2850 820 2926 ψυχομαχοῦντες,
847 2853 942 2908 καλ
988 2854 1404 2924 ταραττόμενοι,
1433 2837 1587 2905 οὖτῶ
1609 2852 1703 2905 τοῦ
1737 2849 1930 2921 σώμα-

343 2963 438 3008 τος
493 2945 861 3016 χωρίζονταις
893 2944 1046 2997 ἄλλοι
1093 2943 1148 2997 δὲ
1190 2944 1483 3014 εἰρηναίως
1525 2943 1623 2998 καὶ
1679 2943 1932 3014 γαληνῶς

339 3041 450 3108 τὴν
484 3037 672 3107 ψυχὴν
712 3035 1122 3105 παραδιδοῦσιν.
1173 3035 1312 3088 Εἰπέ
1343 3051 1434 3106 μοι
1460 3035 1647 3088 λοιπδν
1685 3035 1770 3102 σὺ,
1793 3035 1930 3087 πάν-

339 3147 458 3184 των
498 3128 684 3182 αὐτῶν
718 3127 933 3182 ἀσεϐῶν
973 3127 1069 3182 καὶ
1105 3126 1362 3198 πονηρῶν
1407 3125 1598 3188 ὄντων,
1651 3127 1822 3178 πόθεν
1852 3143 1929 3179 τι·

2029 1922 2208 1991 οιιιιὶιί
2256 1937 2644 2007 mancipatam,
2690 1938 2918 2008 verique
2951 1939 3047 1994 Dei
3077 1955 3306 2010 prorsus
3347 1941 3611 2004 nesciam,

2027 2028 2126 2083 sed
2175 2028 2408 2098 lapides,
2457 2029 2780 2084 detestanda
2831 2031 2999 2100 ligna,
3051 2043 3270 2086 muscas
3322 2038 3380 2086 et
3428 2032 3615 2088 simias

2028 2119 2372 2185 adorantem,
2387 2121 2536 2176 .cedo
2557 2137 2676 2191 age,
2701 2129 2756 2175 tu
2775 2122 2868 2192 qui
2893 2123 3122 2194 singulis
3147 2123 3442 2178 terminum
3465 2125 3612 2186 vitae.

2027 2219 2192 2280 prout
2225 2211 2358 2266 utile
2385 2219 2492 2274 est,
2528 2227 2559 2265 a
2601 2212 2714 2266 Deo
2739 2213 3006 2282 prmstitui
3043 2213 3300 2277 allirmas,
3337 2217 3616 2285 quomodo

2029 2313 2086 2358 et
2115 2319 2222 2374 qua
2258 2303 2327 2360 de
2369 2319 2532 2360 causa
2563 2305 2656 2359 alii
2699 2321 2764 2360 ex
2800 2305 2982 2376 impia:
3012 2307 3160 2362 illius
3194 2307 3434 2363 civitatis
3466 2307 3617 2364 indi-

2029 2397 2189 2468 genis
2232 2396 2536 2452 centenarii
2573 2396 2701 2452 hinc
2741 2399 3031 2460 excedant,
3067 2400 3158 2454 alii
3195 2400 3617 2472 quinquagena-

2033 2489 2134 2556 rii;
2183 2481 2276 2544 alii
2325 2491 2446 2545 sine
2491 2489 2705 2554 liberis,
2738 2489 2831 2544 alii
2877 2492 3047 2546 multa
3075 2493 3264 2548 sobole
3294 2493 3487 2562 ditati;
3521 2493 3618 2550 alii

2031 2579 2466 2647 obambulantes,
2493 2582 2587 2636 alii
2617 2582 2816 2636 crebro
2839 2581 3086 2654 quinque
3113 2585 3199 2640 vel
3227 2587 3393 2640 etiam
3423 2586 3615 2641 decem

2031 2670 2151 2726 dies
2177 2686 2301 2726 cum
2329 2665 2502 2726 morte
2530 2673 2742 2740 luctati,
2777 2689 2921 2745 aegre
2945 2675 3184 2730 animam
3215 2676 3433 2744 ement;
3467 2677 3560 2731 alii
3585 2693 3618 2732 e

2033 2763 2313 2820 continrio
2341 2764 2557 2834 placide
2581 2776 2637 2820 et
2662 2765 2848 2836 quiete
2876 2767 3178 2838 exspirem.
3217 2768 3358 2823 Illud
3388 2778 3618 2838 printer-

2031 2870 2096 2910 ea
2129 2855 2424 2926 responde,
2480 2857 2780 2926 quomodo,
2813 2873 2936 2912 cum
2967 2875 3159 2914 omnes
3189 2875 3343 2930 aeque
3369 2859 3620 2930 impieta-

2033 2948 2104 3003 tis
2137 2948 2215 3002 rei
2262 2948 2392 3014 sint,
2428 2949 2648 3018 quidam
2697 2957 2871 3003 totum
2904 2950 3031 3005 vita:
3073 2949 3310 3021 spatium
3355 2966 3620 3020 prospera

2033 3040 2371 3106 valetudine,
2402 3041 2497 3094 alii
2525 3040 2692 3096 variis
2721 3041 3146 3112 azgritudinibus
3171 3041 3396 3096 obnoxii
3423 3041 3622 3097 decur-

2035 3141 2158 3189 rant
2191 3149 2204 3185 :
2237 3140 2294 3186 et
2317 3132 2394 3186 illi
2421 3117 2642 3202 quidem
2678 3134 2850 3188 multa
2883 3134 3037 3204 prole
3069 3133 3280 3198 relicta,
3310 3133 3400 3188 isti
3431 3133 3619 3196 nulla;

336 3223 439 3284 νὶς
469 3219 656 3274 αὐτῶν
688 3221 864 3290 ὑγιεῖς
907 3220 1000 3272 τὸν
1057 3219 1278 3274 ἅπαντα
1317 3218 1511 3289 χρόνον
1541 3217 1730 3287 διῆξαν
1749 3257 1762 3281 ,
1795 3217 1846 3269 οἱ
1874 3216 1929 3270 δὲ

2036 3219 2115 3276 illi
2161 3222 2310 3278 inter
2356 3223 2776 3290 ambulandum,
2813 3225 2902 3280 isti
2935 3234 3020 3280 sat
3049 3225 3214 3296 longo
3241 3234 3490 3296 tempore
3525 3225 3624 3281 de-

337 3315 570 3386 νοσεροὶ
601 3314 694 3367 καὶ
728 3309 1102 3379 πολυπαθετς;
1151 3311 1250 3364 καὶ
1297 3311 1348 3362 οἱ
1381 3311 1480 3381 μὲν
1516 3308 1856 3373 πολύτεκνοι,
1883 3308 1933 3360 οἱ

334 3409 400 3464 δὲ
437 3409 699 3472 ἄτεκνοι;
735 3407 828 3458 καὶ
871 3407 920 3458 οἱ
955 3405 1054 3475 μὲν
1095 3401 1531 3474 περιπαθοῦντες
1557 3415 1585 3442 ι
1638 3399 1933 3463 ἀπέθανον,

333 3505 388 3556 οἱ
429 3501 500 3554 δὲ
533 3501 628 3554 ἐπὶ
665 3500 856 3571 χρόνον
882 3500 1245 3566 νοσήσαντες
1281 3499 1377 3550 καὶ
1399 3497 1448 3548 οἱ
1485 3495 1584 3565 μὲν
1640 3495 1935 3548 ἑκατοντα-

317 3601 516 3660 ἐτεϊς,
547 3595 600 3648 oi
631 3593 689 3646 δὲ
727 3591 1240 3656 διακοσιονταετεϊς;
1261 3587 1426 3647 ,ἄλλοι
1456 3589 1662 3658 νήπιοι,
1691 3585 1787 3637 καὶ
1822 3584 1940 3637 ἓτε-

339 3707 440 3763 ροι
472 3685 797 3758 θηλάζοντες
831 3683 924 3736 τοῦ
949 3683 1064 3755 βίου
1093 3681 1504 3752 ὲπορεύθησανς
1539 3679 1598 3730 Ὁ
1637 3670 1774 3746 γοῦν
1800 3693 1937 3747 προ-

335 3778 588 3853 ορισμδν
607 3775 764 3848 ζωῆς
785 3775 992 3847 χρόνων
1021 3773 1261 3838 δοξάζων
1291 3770 1385 3826 καὶ
1407 3771 1608 3839 λέγων,
1637 3769 1726 3822 ἐπ’
1751 3768 1936 3830 αὐτοῖς

337 3871 691 3947 προσκρούει
717 3870 798 3940 τῷ
817 3868 957 3938 Θεῷ.
989 3869 1052 3922 Εἰ
1074 3866 1187 3936 γὰρ
1211 3863 1520 3936 πρόγνωσις
1545 3863 1716 3926 ἐστιν,
1743 3861 1936 3931 ὥσπερ

337 3961 448 4020 οὖν
483 3963 621 4026 ἐστι,
655 3962 803 4024 τίνος
847 3961 1030 4030 χάριν,
1074 3957 1251 4029 τούτῳ
1293 3957 1392 4028 μὲν
1441 3954 1518 4026 τῷ
1569 3951 1938 4024 εἰδωλολάτρῃ

337 4057 630 4129 ἀνθρώπῳ
653 4057 987 4110 πεντακόσια
1009 4055 1106 4125 ἐτη
1129 4054 1274 4122 ζωῆς
1291 4049 1618 4124 προώρισεν,
1643 4049 1716 4112 ὡς
1734 4047 1936 4116 λέγεις,

335 4149 534 4220 τούτῳ
568 4149 624 4203 δὲ
674 4148 836 4202 πάλιν
887 4147 1112 4212 ὲκατὸν;
1162 4144 1324 4198 τοῦτο
1371 4143 1429 4196 δὲ
1461 4144 1654 4214 νήπιον
1697 4138 1938 4209 καθαρὸν

339 4244 451 4296 καὶ
484 4241 662 4305 ἀθῶον
699 4242 800 4308 τῆς
827 4239 1104 4310 πατρικῆς
1131 4236 1300 4290 αὐτοῦ
1341 4233 1786 4305 εἰδωλολατρείας
1841 4232 1939 4282 ὲπο

337 4331 488 4401 ἦρεν
530 4331 595 4383 ἐκ
626 4329 721 4383 τοῦ
753 4329 897 4398 βίου;
938 4330 1002 4382 El
1032 4329 1141 4398 γὰρ
1187 4327 1327 4380 κατὰ
1381 4325 1716 4396 προορισμδν
1765 4321 1936 4375 ταῦτα

2036 3314 2397 3381 cumbentes;
2428 3315 2507 3370 illi
2537 3326 2785 3383 centum,
2809 3315 2898 3372 isti
2926 3317 3292 3372 ducentorum
3315 3331 3620 3384 annorum;

2037 3405 2130 3460 alii
2165 3405 2222 3460 in
2255 3405 2483 3462 infantia
2507 3415 2562 3462 et
2592 3408 2787 3462 matris
2807 3407 2911 3462 sub
2931 3407 3102 3462 ubere
3128 3421 3448 3476 supremum
3473 3405 3622 3462 diem

2036 3497 2260 3553 obeant.
2307 3497 2363 3554 Si
2395 3499 2544 3554 enim
2594 3501 2864 3570 praeuotio
2907 3515 3003 3555 seu
3049 3499 3342 3570 praeﬁnitio
3372 3509 3477 3564 est,
3523 3515 3626 3554 cur

2037 3586 2248 3644 homini
2302 3587 2626 3644 idololatria:
2673 3589 2860 3644 dedito
2897 3590 3228 3660 quingentos
3278 3603 3455 3643 annos
3498 3589 3624 3644 vitae

2037 3679 2352 3750 praestituit,
2389 3687 2450 3734 ut
2484 3692 2540 3734 tu
2575 3680 2794 3746 asseris,
2823 3679 2984 3735 alteri
3023 3687 3281 3746 centum;
3313 3680 3462 3735 hunc
3492 3695 3624 3734 vero

2039 3771 2276 3826 infantili
2306 3758 2571 3836 aetate,.et
2599 3773 2814 3843 paterni
2851 3773 3078 3828 sceleris
3103 3772 3263 3844 401
3295 3787 3496 3843 purum
3540 3772 3623 3825 in-

2019 3860 2442 3930 'noeentemque
2468 3873 2538 3915 ex
2559 3860 2682 3915 vita:
2702 3861 2868 3932 hujus
2896 3859 3134 3914 statione
3161 3858 3386 3913 educit?
3412 3857 3546 3911 Nam
3575 3857 3623 3910 si

2039 3951 2158 4006 haec
2180 3967 2249 4006 ex
2277 3950 2642 4022 praeﬁnitione
2671 3950 3018 4020 contingunt,
3050 3950 3196 4004 Deus
3229 3948 3337 4003 erit
3366 3955 3625 4017 acceptor

2037 4060 2422 4117 personarum,
2447 4053 2636 4114 utpote
2656 4045 2752 4115 qui
2781 4044 2927 4098 hunc
2947 4043 3220 4098 illibatum
3243 4043 3624 4110 intactumque

2040 4138 2209 4194 rebus
2265 4137 2522 4194 humanis
2572 4137 2796 4202 eximit,
2841 4136 3006 4192 “alteri
3053 4135 3392 4208 quingentos
3446 4147 3624 4188 annos

2039 4229 2361 4292 admetitur.
2375 4245 2487 4285 non
2505 4229 2728 4302 ignarus
2747 4245 2939 4284 omnes
2959 4229 3012 4282 in
3031 4227 3340 4283 idololatria
3365 4241 3626 4282 consum-

2039 4329 2195 4391 ptum
2237 4319 2327 4376 iri.

340 4425 571 4495 γέγονε,
605 4423 1082 4492 προτωπολήπτης
1142 4420 1501 4490 εὑρεβήσεται
1559 4419 1588 4470 ὁ
1622 4417 1780 4480 Θεὸς,
1810 4414 1869 4477 ὃς
1927 4413 2019 4466 τδν
2063 4415 2162 4485 μὲν
2187 4413 2432 4485 καθαρὸν
2452 4412 2637 4468 λαϐὼν
2661 4416 2768 4468 ἀπὸ
2805 4413 2903 4468 τοῦ
2935 4413 3073 4486 βίου,
3101 4414 3192 4468 τὸν
3225 4413 3281 4468 δὲ
3310 4413 3628 4484 προωρίσας

337 4513 748 4575 πεντακοτίους
799 4513 1026 4583 χρόνους
1067 4510 1236 4579 ζωῆς,
1284 4507 1702 4580 προγινώσκων,
1735 4507 1818 4559 ὅτι
1869 4507 1926 4557 ὲν
1966 4503 2386 4578 εἰδωλολατρείᾳ
2415 4505 2544 4570 τοὺς
2569 4506 2862 4570 τοσούτους
2898 4507 3280 4562 καταναλώσει
3303 4509 3553 4578 χρόνους.

435 4611 584 4664 Ἀλλ’
615 4609 717 4661 οὐκ
749 4606 864 4660 ἔστι
881 4605 1075 4670 ταῦτα,
1098 4605 1172 4676 μὴ
1198 4606 1408 4672 γένοιτο
1429 4622 1443 4637 ο
1471 4603 1592 4656 οὐδέ
1622 4605 1739 4655 ἐστι
1769 4599 1929 4654 κακοί

2120 4599 2227 4656 Sed
2262 4601 2408 4657 absit
2435 4608 2496 4654 ut
2535 4600 2652 4656 haec
2696 4600 2774 4654 ita
2812 4612 2872 4655 se
2911 4599 3180 4654 habeant!
3214 4599 3336 4654 Non
3367 4608 3452 4655 est
3482 4601 3629 4657 Deus

307 4683 533 4766 ἶιιῖτιος
577 4703 616 4756 .6
660 4700 795 4764 Θεὸς
836 4699 980 4752 κατὰ
1023 4699 1148 4760 τοὺς
1184 4697 1294 4750 τῶν
1344 4685 1664 4766 Μανιχαίων
1707 4693 1930 4766 μύθους.

356 4793 605 4850 Ἐκεῖνοι
655 4791 770 4860 γάρ
816 4805 1002 4858 φασιν,
1039 4789 1123 4842 ὅτι
1165 4789 1280 4850 τοῖς
1326 4786 1425 4856 μὲν
1456 4785 1682 4854 ἀγαθοῖς
1727 4783 1822 4838 καὶ
1853 4785 1934 4838 δι-

340 4883 538 4945 καίοις
563 4883 592 4934 ό
614 4871 820 4950 ἀγαθὸς
841 4877 937 4932 καὶ
958 4877 1165 4940 δίκαιος
1198 4875 1330 4938 Θεὸς
1361 4873 1636 4944 προώρισε
1653 4874 1751 4944 τὴν
1769 4872 1932 4942 ζωήν·

339 4975 470 5034 τοῖς
495 4969 558 5023 δὲ
581 4967 806 5024 ἀσεϐέσι
849 4968 942 5020 καὶ
991 4967 1250 5044 πονηροῖς
1281 4964 1590 5037 ἀνθρώποις
1621 4965 1650 5017 ὁ
1677 4963 1935 5034 πονηρὸς,

343 5064 513 5136 φασὶ,
531 5060 667 5124 Θεὸς
691 5060 855 5125 ποιεῖ,
880 5058 975 5112 καὶ
995 5059 1096 5130 τὴν
1133 5058 1407 5126 γέννησιν,
1435 5057 1529 5109 καὶ
1553 5055 1646 5128 τὸν
1685 5055 1934 5109 Θάνατον.

355 5152 422 5204 Ὅ
465 5149 522 5202 δὲ
553 5148 700 5218 ἱερὸς
730 5149 832 5202 καὶ
870 5146 1234 5210 ἀποστολικδς
1272 5145 1597 5208 διδάσκαλος
1623 5144 1850 5216 Κλήμης
1879 5145 1936 5206 ὲν

343 5242 432 5310 τῷ
491 5239 624 5308 Περὶ
669 5237 934 5310 προνοίας
989 5237 1085 5291 καὶ
1115 5235 1517 5304 δικαιοκρισίας
1559 5233 1695 5288 Θεοῦ
1737 5235 1936 5305 πρώτῳ

345 5334 502 5402 λύγῳ
533 5329 778 5384 τοιοῦτον
829 5347 882 5382 τι
919 5329 1102 5397 λέγει·
1147 5329 1357 5399 ’Ὠσπερ
1407 5327 1634 5380 δυνατὸν
1683 5327 1788 5379 καὶ
1843 5326 1936 5378 νῦν

346 5421 648 5490 ἄνθρωπον
690 5419 948 5474 πλάττειν
981 5419 1303 5490 ἀνθρώπους
1343 5417 1484 5470 κατά
1529 5417 1629 5486 τὴν
1663 5417 1936 5488 προτέραν

349 5512 460 5567 τοῦ
506 5512 679 5582 Ἀδὰμ
730 5510 1042 5574 διάπλασιν,
1087 5511 1186 5564 οὐκ
1231 5510 1312 5562 ἔτι
1364 5509 1506 5562 οὕτω
1555 5513 1703 5562 ποιεῖ
1736 5511 1824 5563 διὰ
1878 5510 1938 5562 τὸ

2044 4702 2240 4748 auctor
2263 4695 2558 4757 malorum,
2595 4702 2657 4747 ut
2685 4693 2969 4748 Manicbaai
3000 4693 3261 4756 delirant,
3305 4693 3401 4762 qui
3424 4693 3629 4750 docent

2041 4784 2208 4840 bonis
2235 4794 2292 4840 et
2317 4785 2484 4857 jusuis
2519 4785 2690 4838 Deum
2721 4785 2927 4838 bonum
2951 4792 3008 4838 et
3032 4785 3243 4854 justum
3267 4785 3398 4838 vitae
3432 4785 3624 4840 termi-

2043 4887 2148 4926 nos
2178 4873 2454 4942 posuisse,
2489 4871 2675 4941 impiis
2719 4885 2855 4925 vero
2889 4877 2946 4925 et
2978 4871 3266 4924 sceleratis
3294 4870 3470 4925 Deum
3515 4887 3630 4926 ma-

2044 4963 2164 5017 lum
2185 4971 2295 5018 tam
2329 4971 2487 5019 ortus
2515 4978 2680 5033 quam
2720 4961 2916 5016 mortis
2952 4961 3273 5016 effectorem
3317 4977 3460 5016 esse.
3511 4961 3604 5018 Cm

2044 5063 2224 5110 terum
2268 5063 2495 5110 sanctus
2534 5063 2591 5109 et
2637 5054 2976 5124 apostolicus
3021 5054 3217 5108 doctor
3261 5051 3516 5109 Clemens
3571 5055 3626 5108 in

2043 5144 2224 5216 primo
2255 5146 2324 5202 de
2350 5146 2700 5216 providentia
2733 5153 2790 5200 et
2813 5145 2965 5216 justo
2981 5145 3194 5217 judicio
3217 5146 3315 5201 Dei
3347 5159 3625 5208 sermone.

2042 5235 2318 5306 ejusmodi
2339 5221 2478 5306 quid
2508 5237 2704 5291 scribit
2736 5252 2750 5288 :
2785 5235 3265 5302 Quemadmodum
3291 5236 3410 5292 ﬁeri
3444 5246 3629 5307 potest

2045 5337 2106 5380 ut
2137 5335 2194 5380 et
2223 5339 2375 5381 nunc
2407 5327 2574 5382 homo
2623 5327 2828 5382 formet
2852 5327 3161 5392 hominem,
3211 5341 3278 5383 eo
3315 5337 3481 5398 pacto
3517 5345 3630 5398 quo

2042 5419 2521 5474 Adaml'ormatns
2544 5429 2649 5483 est,
2695 5419 2748 5474 id
2785 5428 3116 5475 tamennon
3153 5420 3224 5476 ῆι
3240 5437 3310 5476 eo
3341 5419 3489 5491 quod
3525 5420 3629 5474 im-

2045 5513 2180 5568 mini
2233 5513 2343 5568 vim
2375 5513 2676 5584 generandi
2725 5512 2980 5570 homines
3037 5513 3406 5578 concesserit,
3447 5512 3632 5569 verbis

1637 5672 1872 5729 vanae
1915 5675 2316 5760 Leonem-gs.

375 5815 382 5820 -
439 5795 472 5824 ν
504 5790 712 5859 μυῖαις.
792 5802 816 5829 κ
843 5789 1117 5859 interpres
1135 5788 1333 5858 legerit
1355 5787 1806 5859 περιπατοῦντες.
