4056 6426
470 258 578 325 Ἶσίό

1712 268 1771 325 S.
1815 265 2219 326 ANAS’I‘ASII
2259 268 2586 334 SINAIT/E

3637 283 3750 347 744

472 366 584 437 illis
616 379 684 435 ad
718 386 976 435 naturam
999 380 1300 437 humanam
1322 382 1553 453 prolatis
1598 398 1609 434 :
1651 399 1670 432 ι
1707 381 1980 442 Crescite,
2007 398 2037 435 e

2167 382 2315 451 ἅπαξ
2360 392 2688 461 χαρίσασθαι
2740 394 2821 466 τῷ
2864 394 3139 468 ἀνθρώπῳ
3171 396 3494 469 ἀνθρώπους
3521 406 3748 475 γεννᾷν,

470 468 941 541 multiplicamini,
977 480 1035 526 et
1063 474 1271 543 replete
1300 483 1507 528 terram
1537 474 1580 504 ¹³
1609 488 1626 540 ;
1665 491 1681 523 ι
1717 473 1813 538 ita,
1856 472 2058 542 inquit,

470 562 851 632 omnipotente
874 573 930 618 et
968 565 1204 634 provida
1230 582 1329 620 sua
1358 566 1589 625 virtute,
1637 580 1934 635 corporum
1973 581 2064 619 re-

470 654 805 709 solutionem
834 664 890 708 ct
914 657 1354 725 corruptionem,
1378 655 1618 710 naturali
1640 655 1882 724 quadam
1913 656 2060 711 serie

469 754 525 801 et
553 746 971 809 consecutione,
1006 748 1408 802 elementorum
1449 748 1744 805 mutationi
1783 747 2056 817 permisit,

469 842 527 886 et
555 834 835 887 commisit
880 835 1190 889 secundum
1222 836 1445 891 insitam
1471 837 1732 891 essentia:
1766 837 1917 891 illius
1966 853 2065 891 co~

468 923 773 995 gnitionem
817 935 874 980 et
901 926 1489 995 comprehensionem.
1550 928 1753 982 A‘udivi
1791 944 1916 998 qua:
1953 944 2058 985 nos

468 1014 631 1068 Pater
678 1013 905 1069 Patrum
956 1016 1174 1080 doceat,
1228 1033 1426 1087 nempe
1474 1019 1646 1072 Deum
1699 1018 1949 1073 bonitate
2000 1028 2057 1075 et

468 1107 817 1177 providentia
852 1124 951 1162 sua
983 1117 1195 1163 natura:
1230 1118 1434 1165 nostrae
1482 1112 1861 1167 essentialiter
1910 1112 2057 1167 indi-

466 1197 615 1252 disse
650 1207 757 1251 tam
802 1201 989 1252 carnis
1029 1199 1473 1269 generationem,
1525 1218 1593 1255 ex
1641 1200 2051 1261 elementorum

464 1288 673 1343 virtute
703 1289 985 1354 coalitam,
1029 1305 1195 1358 quam
1234 1291 1631 1346 resolutionem
1672 1293 1911 1364 vitaeque
1957 1310 2054 1349 ex-

464 1381 840 1436 stinctioncm.
870 1382 1065 1450 Igitur,
1095 1380 1141 1436 si
1164 1381 1372 1437 videris
1404 1383 1623 1452 aliquos
1649 1398 1717 1437 ex
1751 1383 2048 1453 impiorum

462 1490 696 1529 numero
727 1475 796 1529 ad
823 1489 1092 1528 summam
1118 1482 1337 1528 aetatem
1385 1475 1643 1543 provehi,
1698 1476 1838 1530 alios
1863 1486 2048 1540 autem

462 1566 654 1637 pietati
689 1566 939 1621 addictos
970 1581 1161 1637 paucis
1204 1581 1369 1622 amns
1407 1582 1725 1637 superesse,
1775 1569 1917 1623 nihil
1951 1570 2051 1625 ab-

460 1658 617 1713 surdi
644 1656 712 1713 de
744 1659 946 1735 Deo'in
995 1658 1244 1718 animum
1277 1657 1542 1724 admitte;
1588 1659 1688 1714 sed
1734 1659 1914 1730 cogita
1964 1659 2049 1714 di-

457 1750 647 1805 vinam
682 1748 1092 1821 providentiam
1118 1750 1525 1805 elementorum
1576 1758 1634 1805 et
1680 1751 1827 1807 aeris
1884 1760 2073 1831 natu-.

458 1852 574 1895 ram
598 1850 654 1896 et
690 1849 1192 1911 temperamentum
1224 1842 1536 1897 secundum
1590 1842 1794 1897 divinae
1841 1846 2047 1915 mentis

458 1945 741 1989 momenta
773 1933 1173 1997 administrare
1206 1943 1263 1990 et
1324 1936 1637 2006 gubernare
1682 1936 2040 2005 decrevisse;

456 2025 703 2091 omnem,
734 2027 985 2096 inquam,
1023 2042 1147 2097 quae
1177 2026 1282 2081 sub
1312 2036 1602 2098 aspectum
1645 2028 1817 2094 cadit,
1872 2012 2042 2099 peco-

457 2134 603 2183 rum,
626 2121 935 2183 volucrum,
967 2119 1202 2191 piscium
1236 2129 1291 2175 et
1339 2119 1629 2175 hominum
1677 2130 1954 2186 naturam,
1986 2131 2043 2176 et

458 2215 568 2265 tam
598 2218 783 2265 ortum
818 2226 985 2281 quam
1031 2210 1320 2265 interitum
1376 2225 1695 2280 corporum.
1746 2210 2038 2277 Quocirca,

453 2302 678 2373 quando
730 2302 1019 2359 humidum
1052 2312 1110 2357 et
1146 2301 1424 2377 liquidum
1467 2302 1811 2359 elementum
1850 2304 2039 2374 aliqua

455 2392 550 2449 lue
604 2391 854 2449 inficitur
886 2436 902 2460 ,
949 2395 1133 2465 pisces
1193 2395 1514 2461 intereunt;
1563 2394 1808 2465 quando-
1840 2404 1991 2451 terra
2020 2433 2037 2459 ,

446 2486 698 2559 iumenta
722 2486 1144 2542 contabeseunt.
1186 2486 1242 2542 Si
1297 2502 1393 2542 aer
1462 2487 1638 2542 nimio
1690 2488 1899 2559 frigore
1946 2504 2041 2543 ex-

455 2581 770 2646 asperetur,
791 2576 1117 2653 volucribus
1137 2577 1417 2647 pernicies
1447 2574 1703 2640 affertur,
1721 2576 1767 2630 si
1795 2577 2039 2632 elemen-

454 2668 572 2722 tum
602 2667 765 2739 ignis,
799 2676 938 2721 nutu
972 2666 1105 2733 Dei,
1151 2666 1320 2723 nimis
1359 2669 1680 2735 incalescat,
1718 2668 2037 2724 hominibus

451 2759 622 2816 fatale
650 2759 881 2816 exitium
908 2760 1148 2831 paritur.
1203 2760 1348 2833 Ergo
1372 2770 1602 2832 propter
1632 2762 2034 2818 elementorum

451 2851 645 2909 divino
668 2861 808 2908 nutu
844 2848 1149 2919 motiones,
1183 2867 1463 2918 accessus,
1496 2867 1784 2921 recessus,
1816 2854 2029 2917 mistio-

442 2946 553 3002 'nes
584 2953 641 3001 et
673 2941 837 3018 ΜΩ
874 2944 1174 3015 qualitates
1215 2945 1515 3015 provinciae
1552 2946 1838 3000 nonnulla:
1880 2960 2032 3001 mor-

2163 476 2335 568 εἰπὼν
2353 482 2488 550 πρὸς
2505 485 2605 554 τὴν
2627 484 2790 554 φύσιν
2810 486 2966 557 ἡμῶν
2987 487 3069 553 τὸ,
3106 506 3124 540 ι
3143 489 3471 557 Δῦξάνεσθε,
3493 495 3589 547 καὶ
3615 497 3755 568 πλη-

2163 565 2417 637 θῦνεσθε,
2439 575 2537 627 καὶ
2568 576 2893 647 πληρώσατε
2922 579 3090 649 γῆνοι
3111 579 3273 646 οὕτω,
3301 583 3455 653 φησὶ,
3472 588 3537 656 τῇ
3570 565 3753 641 παντ-

2160 660 2390 735 εξουσίῳ
2444 667 2540 720 καὶ
2579 673 2915 742 προνοητικῇ
2952 671 3120 725 αὐτοῦ
3185 673 3458 744 δυνάμει,
3499 677 3596 730 καὶ
3644 680 3756 749 τὴν

2159 754 2271 807 τῶν
2319 757 2589 827 σωμάτων
2629 760 2875 816 διάλυσιν
2922 764 3018 816 καὶ
3049 765 3336 834 τελευτὴν,
3380 771 3585 839 φυσικῇ
3636 787 3756 824 τινι

2159 846 2451 920 ἀκολουθίᾳ
2490 852 2585 904 καὶ
2641 853 2814 921 τάξει,
2855 856 2922 924 τῇ
2970 856 3079 909 τῶν
3140 859 3420 927 στοιχείων
3466 861 3750 934 μεταϐολῇ

2157 936 2481 1009 ᾡκονόμησε
2520 941 2793 1008 γίνεσθαι,
2834 943 2975 996 κατὰ
3029 944 3129 1014 τὴν
3159 945 3391 1016 οὐσιώδη
3422 948 3589 1020 αὐτοῦ
3624 949 3754 1002 θεοο

2156 1031 2396 1095 γνωσίαν
2436 1033 2533 1087 καὶ
2580 1034 2916 1103 κατάληψιν.
2976 1038 3277 1090 Ἧκουσαγ
3335 1042 3522 1109 φωνῆς
3588 1043 3749 1111 ἱερᾶς

2159 1119 2370 1189 Πατρὸς
2403 1123 2665 1193 Πατέρων
2690 1123 3050 1194 διδασκούσης
3075 1167 3091 1190 ,
3118 1129 3312 1197 ὅτιπερ
3334 1133 3399 1199 τῇ
3440 1133 3748 1201 παναγάοῳ

2155 1214 2249 1264 καὶ
2278 1215 2344 1282 τῇ
2376 1219 2709 1286 προνοητικῇ
2753 1218 2919 1271 αὑτοῦ
2956 1211 3189 1289 δυνάμει
3234 1222 3262 1271 ὀ
3290 1220 3424 1285 Θεὸς
3462 1223 3745 1288 οὐσιωδῶς

2153 1301 2426 1356 ὲντέθεικε
2471 1307 2536 1373 τῇ
2592 1307 2842 1378 ἡμετέρᾳ
2891 1309 3051 1377 φύσει
3090 1312 3184 1363 καὶ
3228 1313 3328 1379 τὴν
3400 1314 3490 1366 διά
3530 1317 3739 1384 σαρκὸς

2152 1396 2428 1464 γέννησιν,
2464 1396 2564 1467 τὴν
2593 1399 2657 1451 ἐκ
2691 1401 2972 1470 στοιχείων
2998 1402 3227 1471 δυνάμει
3249 1403 3384 1456 Θεοῦ
3417 1408 3741 1476 συνισταμέ-

2150 1502 2278 1555 νην·
2320 1487 2526 1554 ὁμοίως
2566 1489 2659 1541 καί¹
2692 1488 2791 1561 τὴν
2831 1491 3080 1545 διάλυσιν
3114 1494 3210 1546 καὶ
3238 1494 3575 1571 ἀποὸίωσινή
3609 1497 3742 1550 οῦκ-

2150 1577 2248 1631 οῦν
2311 1580 2553 1649 ὁπηνίκα
2586 1581 2701 1653 ἴδῃς
2745 1583 2900 1647 τινάς
2936 1583 3261 1656 ἀνθρώπους
3306 1588 3738 1659 ὑπεργηρῶντας

2151 1669 2371 1733 ἀσεϐεῖς
2402 1670 2585 1737 ὄντας,
2615 1672 2767 1737 τινὰς
2796 1674 2852 1728 δὲ
2876 1675 3149 1739 θεοσεϐεῖς
3175 1677 3590 1749 ὀλιγοχρονίους,
3623 1698 3734 1750 μη-

2154 1764 2242 1817 δὲν
2262 1765 2509 1835 ἀπρεπὲς
2522 1767 2650 1837 περὶ
2665 1766 2803 1820 Θεοῦ
2825 1767 3108 1837 ὲννοησίας
3130 1777 3151 1804 ⁷
3177 1768 3382 1837 μαθὼν,
3399 1769 3481 1821 ὅτι
3498 1770 3599 1841 τὴν
3619 1769 3731 1822 τῶν

2159 1857 2447 1925 στοιχείων
2486 1858 2584 1910 καὶ
2624 1858 2805 1929 ἀέρων
2834 1857 2999 1926 φύσιν
3025 1858 3120 1910 καὶ
3161 1860 3354 1927 κρᾶσιν
3374 1858 3730 1929 ᾠκονόμησεν

2150 1948 2182 2018 ἠ
2207 1947 2297 2000 τοῦ
2314 1947 2452 2002 Θεοῦ
2485 1948 2719 2018 πρόνοια,
2738 1948 2989 2012 διοικεῖν,
3017 1949 3114 2001 καὶ
3145 1949 3436 2020 κυϐερνᾷν,
3455 1951 3598 2003 κατά
3625 1951 3730 2020 τὴν

2149 2040 2243 2094 τοῦ
2268 2041 2404 2094 Θεοῦ
2428 2041 2628 2112 ῥοπὴν,
2656 2042 2836 2094 πᾶσαν
2861 2040 2964 2111 τὴν
2993 2040 3282 2111 ὁρωμένην
3312 2040 3527 2109 κτηνῶν
3549 2042 3733 2094 τε-καὶ

2151 2134 2442 2198 πετεινῶν,
2479 2136 2576 2186 καὶ
2638 2132 2861 2202 ίχθῦων,
2917 2132 3013 2186 καὶ
3065 2131 3372 2203 ἀνθρώπων
3426 2132 3731 2201 φύσιν,·καὶ

2147 2226 2425 2296 γέννησιν,
2453 2225 2548 2279 καὶ
2601 2224 2865 2290 διάλυσιν,
2896 2223 2991 2278 καὶ
3022 2224 3291 2295 σωμάτων
3320 2224 3534 2295 θνῆσιν.
3568 2226 3726 2278 Ὅθεν

2146 2319 2389 2387 ὁρῶμεν,
2429 2318 2626 2388 ὅτιπερ
2676 2317 2841 2388 ἡνίκα
2893 2319 3025 2387 περὶ
3073 2316 3135 2369 τὸ
3186 2316 3354 2386 ὑγρὸν
3404 2317 3714 2387 στοιχεῖονή

2146 2411 2333 2483 φθορά
2375 2411 2754 2482 περιγένηται,
2787 2410 3114 2481 θνήσκουσιν
3153 2409 3354 2479 ιχθύων
3402 2408 3717 2479 αὐτομάτων

2146 2502 2328 2575 πλήθη
2350 2518 2365 2532 ·
2397 2504 2485 2557 ὅτε
2515 2502 2573 2555 δὲ
2604 2503 2735 2572 περὶ
2763 2503 2826 2556 τὸ
2862 2503 2960 2571 τῆς
2986 2502 3093 2571 γῆς
3127 2500 3326 2572 ξηρὸν.
3352 2501 3616 2554 πίπτουσι
3656 2499 3721 2553 τά

2145 2597 2339 2669 κτήνη.
2390 2595 2517 2650 Ἐὰν
2568 2595 2628 2648 δὲ
2677 2594 2739 2647 τὸ
2794 2594 2888 2648 τοῦ
2933 2594 3100 2665 ἀέρος
3157 2593 3369 2664 ψυχρὸν
3428 2594 3721 2663 πλεονάσῃ,

2143 2689 2358 2760 φθείρει
2400 2689 2470 2743 τὰ
2513 2688 2768 2742 πετεινάυ
2812 2688 2864 2740 εί
2901 2686 2960 2740 δὲ
3003 2686 3067 2740 τὸ
3093 2685 3190 2740 τοῦ
3227 2686 3402 2756 πυρὸς
3431 2685 3720 2755 ὑπερζέσει

2144 2782 2433 2850 στοιχεῖον,
2473 2780 2784 2849 συνειδήσει
2827 2778 2924 2832 τοῦ
2970 2779 3199 2850 ποιητοῦ
3241 2778 3564 2832 τελευτῶσιν
3612 2778 3718 2830 ὑπὸ

2143 2872 2439 2929 θανατικοῦ
2474 2872 2756 2944 ἄνθρωποι
2791 2872 2858 2925 δι’
2874 2872 3076 2926 αὐτῶν.
3111 2873 3239 2926 Διὸ·
3273 2870 3451 2925 λοιπὸν
3480 2874 3578 2933 τὰς
3601 2869 3711 2922 τῶν

2142 2965 2425 3035 στοιχείων
2457 2964 2689 3036 προνοίᾳ
2736 2961 2873 3015 Θεοῦ
2914 2964 3178 3033 κινήσεις,
3219 2962 3314 3016 καὶ
3354 2962 3707 3031 πλημμύρας,

452 3037 632 3094 tiferis
658 3037 819 3092 malis
862 3045 1086 3103 carent,
1122 3052 1247 3092 cum
1302 3035 1561 3092 fruantur
1609 3053 1737 3093 aere
1784 3037 1933 3094 sicco
1976 3048 2034 3095 et

2144 3058 2237 3110 καὶ
2276 3035 2626 3119 ἐλαττώσεις,
2672 3057 2768 3109 καὶ
2813 3056 3060 3124 κράσεις,
3088 3057 3184 3108 καὶ
3217 3055 3534 3126 ποιότητας,
3570 3052 3714 3114 τινὲς

450 3145 614 3202 puro,
647 3128 808 3201 aquis
841 3127 1032 3183 itidem
1064 3128 1241 3199 puris,
1278 3136 1335 3187 et
1365 3129 1434 3185 ad
1467 3130 1766 3186 sanitatem
1802 3146 2031 3187 conser-

448 3224 684 3279 vandam
717 3223 1166 3299 accommodatis.
1203 3223 1502 3279 Testantur
1546 3225 1654 3281 hoc
1686 3241 1845 3296 aqua:
1881 3226 2030 3282 Jeri-

449 3317 734 3374 chuntinaa
758 3317 1105 3388 temporibus
1142 3318 1312 3373 Elisei
1341 3320 1628 3389 prophetae
1653 3360 1668 3387 ,
1704 3336 1828 3391 quae
1865 3320 2029 3376 steri-

448 3409 663 3464 litatem
698 3417 754 3464 et
784 3419 1017 3464 mortem
1062 3405 1372 3485 pariebant.
1417 3409 1597 3477 Quare
1630 3411 1901 3482 propheta
1936 3427 2032 3467 cu-

449 3508 673 3554 raturus
702 3499 823 3555 illas
844 3500 1025 3554 aiebat
1053 3517 1065 3552 :
1102 3518 1120 3551 ι
1164 3499 1290 3554 Haec
1324 3499 1461 3556 dicit
1489 3502 1753 3557 Dominus
1785 3521 1797 3555 :
1829 3502 2029 3559 Sanavi

446 3607 620 3662 aquas
651 3592 770 3656 has,
802 3600 858 3646 et
883 3606 993 3646 non
1019 3591 1127 3645 erit
1157 3591 1215 3645 in
1259 3591 1342 3646 eis
1381 3593 1620 3661 amplius
1660 3609 1811 3650 mors
1850 3611 2030 3666 neque

445 3683 711 3739 sterilitas
752 3683 816 3737 ".
859 3701 877 3733 ι
909 3681 1105 3747 Audis,
1160 3690 1242 3748 tu,
1302 3684 1397 3752 qui
1442 3684 1836 3753 przefinitiones
1867 3686 2031 3741 nobis

449 3775 638 3837 affers,
685 3780 875 3830 vecem
927 3775 1311 3845 propheticam
1343 3783 1398 3830 et
1426 3776 1692 3844 divinam,
1739 3762 2030 3850 perspicue

445 3874 826 3931 attestantem,
859 3878 1090 3922 mortem
1126 3876 1183 3922 et
1230 3868 1578 3923 sterilitatem
1624 3886 1691 3924 ex
1739 3871 1899 3941 aquis
1932 3872 2032 3926 ho-

446 3959 695 4014 minibus
748 3959 1038 4030 obtingere
1072 3999 1088 4025 ,
1145 3959 1289 4017 sicut
1350 3976 1381 4015 e
1435 3961 1711 4034 contrario
1757 3963 1928 4017 vitam
1973 3971 2032 4017 et

444 4049 846 4107 fecunditatem
893 4069 962 4108 ex
996 4068 1141 4123 aqua
1187 4053 1483 4123 provenire
1536 4055 1766 4124 planum
1818 4056 2031 4111 faciunt

444 4158 608 4211 aqua:
634 4141 904 4214 Egyptiaa
922 4143 1221 4199 admodum
1257 4144 1467 4200 feraces
1491 4156 1548 4200 et
1578 4146 1849 4202 fecundae.
1871 4148 2029 4215 Quod

445 4234 495 4287 si
535 4249 602 4288 ex
629 4235 788 4303 aquis
823 4248 1078 4304 corpora,
1110 4238 1383 4305 permissu
1417 4237 1535 4301 Dei,
1583 4238 1867 4294 intereunt
1890 4280 1904 4304 ,
1944 4255 2031 4295 se-

444 4326 662 4396 quitur,
688 4326 832 4380 idem
852 4342 918 4381 ex
943 4327 1176 4399 reliquis
1207 4329 1519 4395 elementis,
1553 4328 1856 4387 secundum
1881 4350 2032 4403 quae-

2137 3147 2313 3220 χῶραι
2342 3148 2671 3219 ἀπείραστοι
2701 3147 3007 3202 θανατικῶν
3028 3149 3380 3220 τυγχάνουσι,
3411 3145 3715 3218 ξηροτέρων

2138 3241 2403 3303 πολλάκις
2434 3240 2529 3295 καὶ
2558 3240 2820 3312 καθαρῶν
2849 3240 2944 3295 καὶ
2979 3239 3210 3310 ἀρύπων
3229 3240 3276 3304 δ,
3305 3238 3402 3293 καὶ
3425 3234 3714 3306 ὑγιοποιῶν

2136 3331 2317 3401 ἀέρων
2354 3329 2451 3384 καλ⁵
2478 3330 2687 3393 ὑδάτων
2722 3332 3090 3401 ὑπάρχουσαι.
3129 3331 3240 3385 Καὶ
3267 3328 3608 3401 μαρτυροῦσι
3648 3326 3716 3382 τὰ

2148 3426 2504 3497 ἰεριχούντια
2559 3427 2652 3479 ἐπὶ
2709 3426 2947 3481 Ἐλισαιὲ
2989 3426 3161 3495 ἄγονα
3220 3427 3314 3480 καὶ
3365 3425 3716 3494 θανατηφόρα

2138 3518 2472 3589 ὑπάρχοντα.
2513 3516 2678 3571 Ὅθεν
2706 3517 2937 3588 ἰώμενος
2965 3519 3106 3572 αὐτὰ
3147 3520 3176 3571 ὁ
3209 3517 3495 3587 προφήτης
3522 3515 3680 3581 ἔλεγε
3696 3514 3725 3545 ⁸

2141 3629 2161 3662 ι
2194 3609 2331 3663 Τάδε
2380 3609 2529 3677 λέγει
2576 3610 2805 3679 Κύριος·
2840 3611 3042 3679 ⁵’Ἰαμαι
3083 3610 3161 3663 τάο
3193 3609 3360 3663 ῦδατα
3380 3608 3587 3672 ταῦτα,
3619 3608 3715 3661 καὶ

2134 3702 2236 3755 οὐκ
2258 3701 2418 3754 ἔσται
2436 3703 2504 3773 ⁴ἐν
2532 3701 2718 3764 αὐτοῖς
2748 3701 3053 3772 θάνατος,ῆ
3078 3701 3381 3756 ἀτεκνοῦσα
3399 3711 3446 3753 ⁸.
3471 3719 3491 3752 ι
3522 3700 3708 3754 ’Δκού-

2136 3810 2240 3857 εις,
2286 3794 2314 3845 ὁ
2346 3793 2475 3855 τοὺς
2504 3794 2877 3863 προορισμοὺς
2915 3795 3050 3863 ἡμῖν
3085 3792 3543 3863 προϐαλλόμενος,
3580 3808 3712 3861 προ-
3792 3788 3807 3795 ’

2136 3881 2378 3953 φητικῆς
2411 3881 2504 3934 καὶ
2534 3880 2683 3945 θείας
2731 3881 2919 3951 φωνῆς
2951 3880 3357 3951 μαρτυρούσης,
3378 3882 3481 3933 -καὶ
3506 3880 3713 3933 ὑδάτων

2136 3973 2385 4042 γίνεσθαι
2432 3975 2546 4036 τοῖς
2602 3971 2913 4043 ἀνθρώποις
2965 3973 3231 4036 θανάτους
3276 3974 3374 4025 καὶ
3431 3972 3709 4034 ἀτεκνίας,

2137 4066 2283 4120 καθά
2323 4063 2487 4118 πάλιν
2527 4065 2622 4117 καὶ
2678 4065 2748 4118 τὰ
2807 4065 3086 4131 Αἰγύπτια
3144 4065 3314 4119 ὕδατα
3373 4062 3711 4134 μαρτυροῦσι

2138 4159 2415 4227 πολύγονα
2436 4160 2532 4212 καὶ
2561 4157 2793 4212 εὔτεκνα
2840 4160 3200 4230 τυγχάνοντα.
3231 4159 3294 4210 Εί
3325 4158 3383 4210 δὲ
3415 4157 3475 4221 ἐξ
3500 4157 3710 4210 ὑδάτων

2136 4252 2355 4322 θνήσεις
2381 4252 2660 4319 σωμάτων
2691 4252 2989 4321 συνειδήσει
3038 4250 3173 4303 Θεοῦ
3204 4249 3465 4316 γίνονται,
3497 4250 3710 4309 πάντως

2136 4342 2203 4396 ἂν
2238 4343 2334 4395 καὶ
2387 4342 2513 4395 τῶν
2545 4341 2751 4401 λοιπῶν
2806 4342 3086 4410 στοιχείων
3140 4340 3286 4438 κατά
3337 4356 3490 4403 τινας
3544 4335 3707 4393 αὑτοῦ

448 4418 574 4473 dam
612 4419 979 4484 incrementa,
1024 4421 1111 4475 vel
1147 4420 1523 4489 decrementa,
1560 4420 1816 4479 accidere
1847 4440 2029 4494 posse.

2144 4435 2540 4508 πλεονασμοῦς,
2570 4434 2603 4505 ἢ
2639 4432 2987 4494 ἐλαττώσεις.

520 4522 579 4579 Si
615 4538 749 4577 vero
788 4522 904 4577 inec
929 4523 1091 4578 aliter
1144 4538 1203 4578 se
1231 4522 1459 4589 habent,
1489 4524 1647 4590 cedo,
1690 4541 1861 4596 quare
1890 4528 2038 4583 Deus

443 4614 736 4672 scientiam
770 4615 1059 4671 medicinae
1092 4615 1417 4670 hominibus
1441 4616 1690 4681 tradidit,
1723 4610 2035 4687 herbasque

435 4716 506 4763 et
537 4707 719 4765 omnis
765 4708 984 4777 generis
1013 4707 1121 4787 alia
1164 4706 1235 4763 ad
1271 4710 1627 4773 curationem,
1666 4718 1791 4779 apta
1822 4725 2034 4779 praepa-

388 4786 401 4789 4
444 4799 635 4856 ravit?
681 4800 841 4866 Hinc,
878 4810 939 4854 ut
960 4814 1062 4869 ego
1107 4798 1333 4869 quidem
1382 4799 1642 4864 arbitror,
1692 4799 1893 4855 medici
1933 4799 2023 4855 ho-

444 4893 651 4947 minem
680 4893 907 4963 sazpius,
959 4900 1243 4947 annuente
1281 4891 1416 4955 Deo,
1463 4906 1493 4945 a
1539 4898 1717 4946 morte
1764 4890 2025 4947 liberant.

444 4983 637 5056 Itaque
678 4994 928 5040 veterum
973 4984 1252 5054 sapientes
1301 4983 1600 5053 diligenter
1653 4983 1800 5052 apud
1850 4983 2030 5054 philo-

443 5077 653 5145 sophos
684 5085 743 5130 et
789 5077 1036 5132 medicos
1060 5074 1362 5140 instabant,
1397 5083 1460 5130 ut
1504 5090 1682 5145 quam.
1722 5076 2026 5132 accuratis-

444 5165 586 5222 sime
608 5173 953 5235 exponerent
992 5180 1118 5236 qua:
1158 5166 1218 5221 in
1245 5166 1493 5237 qualibet
1524 5166 1749 5235 regione
1779 5167 2026 5224 elemen-

444 5261 635 5313 torum
687 5262 746 5311 et
777 5255 954 5327 ipsius
1001 5265 1164 5313 terra;
1217 5256 1518 5327 qualitates
1550 5266 1773 5322 essent;
1822 5257 2027 5329 quibus

446 5345 514 5401 fit
540 5354 603 5402 nt
643 5347 920 5419 mancipia
950 5364 1073 5420 qua:
1121 5348 1179 5403 in
1229 5349 1503 5405 orientem
1547 5358 2020 5420 transportantur,

515 5459 562 5493 “
586 5458 726 5516 Gen.
762 5476 804 5525 ι,
842 5461 934 5516 28.
1009 5463 1052 5496 ³³
1079 5462 1144 5517 ιν
1176 5462 1314 5534 Reg.
1342 5480 1402 5531 ιι,
1434 5464 1524 5518 2|.

509 5687 603 5743 δί’.
635 5689 893 5761 ἤκουσας.
1006 5703 1027 5731 ⁸
1086 5694 1357 5765 ὶννὸησον.
1437 5708 1461 5736 ι
1511 5697 1617 5749 διά.

1730 5694 1756 5733 δ
1793 5695 1829 5749 f.
1866 5696 2214 5766 ἀρῤυπάρων.

2208 4528 2272 4581 Εί
2300 4528 2358 4582 δὲ
2382 4527 2477 4599 ’μὴ
2522 4520 2694 4580 ταῦτα
2739 4526 2935 4591 οὕτως,
2968 4525 3092 4578 εἰπέ
3151 4543 3261 4595 μοι,
3307 4523 3451 4589 τίνος
3502 4525 3709 4596 χάρινὸ

2134 4619 2270 4684 Θεὸς
2299 4618 2399 4690 τὴν
2446 4618 2702 4689 ἰατρικῆς
2741 4618 3055 4688 επιστήμην
3082 4618 3207 4680 τοὺς
3235 4617 3556 4687 ἀνθρώπους
3584 4615 3705 4668 ἐσό-

2135 4727 2283 4780 φισε,
2325 4710 2543 4773 καὶτὰς
2574 4710 2825 4781 βοτάνας,
2857 4710 2951 4763 καὶ
2980 4709 3048 4761 τὰ
3079 4710 3194 4779 εἴδη
3224 4711 3401 4765 πάντα
3434 4709 3706 4780 θεραπευ-

2130 4803 2259 4858 τικά
2294 4803 2745 4874 προηυτρέπισες
2785 4800 2976 4864 Ὅθεν,
3002 4801 3252 4871 καθάπερ
3281 4801 3392 4869 ἐγὼ
3414 4797 3588 4871 οἶμαι,
3615 4802 3707 4855 καὶ

2137 4894 2369 4960 σώζουσι
2404 4894 2691 4957 πολλάκις,
2723 4891 2861 4947 Θεοῦ
2887 4894 3119 4964 προνοίᾳ
3159 4895 3208 4948 oi
3243 4894 3523 4964 ίατροὶ.ὶκ
3540 4893 3705 4947 θανά-

2133 5004 2228 5040 του
2248 4985 2557 5057 ἄνθρωπον.
2601 4984 2821 5055 ’Δμέλει
2847 4984 2979 5052 γοῦν
3007 4986 3055 5038 oi
3081 4983 3190 5037 τῶν
3211 4986 3456 5055 ἀρχαίων
3480 4985 3707 5055 ἐπιστή-

2138 5093 2298 5147 μονες
2353 5076 2717 5130 ἐπυνθάνοντο
2770 5078 2898 5140 τοὺς
2947 5076 3294 5145 φιλοσόφους,
3345 5080 3439 5133 καὶ
3483 5078 3705 5148 ἰατροὺς

2131 5168 2255 5231 τοὺς
2285 5169 2657 5237 επιστήλμονας
2688 5169 2768 5231 είς
2788 5168 3075 5237 ἀκρίϐειαν
3104 5169 3352 5235 αὐτοὺςά
3368 5170 3705 5239 διαγγέλλειν

2133 5260 2228 5324 τὰς
2254 5259 2572 5331 ποιότητας,
2622 5260 2718 5313 καὶ
2745 5258 2857 5312 τῶν
2897 5244 3182 5331 στοιχείων
3210 5263 3322 5314 τῶν
3361 5263 3579 5333 χωρῶν,
3612 5259 3704 5314 καὶ

2132 5354 2196 5404 ἐκ
2226 5348 2384 5413 ποίας
2419 5353 2543 5419 γῆς.
2575 5351 2656 5405 Δι’
2686 5345 2761 5405 ὧν
2790 5351 2871 5415 είς
2920 5369 2980 5405 τε
3020 5353 3087 5406 τά
3135 5354 3218 5417 είς
3264 5351 3533 5425 ἀνατολὴν
3554 5352 3700 5420 ὀφεί-

1720 5577 1956 5633 VARI!)
1996 5578 2392 5635 LECTIONES.

2332 5707 2353 5734 ε
2384 5696 2527 5750 Lxx
2568 5680 2777 5767 inrupi
2811 5700 3202 5773 ἀτεκνουμένη.
3308 5702 3335 5741 ἀ
3401 5701 3441 5756 r.
3496 5700 3697 5764 αὐτοῖς.
