4056 6416
336 378 444 442 ’ῐιὲὖ

1734 338 2255 448 QUESTIONES.

3504 366 3610 428 746

336 497 504 551 λοντα
534 493 1097 567 μεταπιπράσκεσθαι
1135 492 1390 564 σωμάτια
1424 495 1497 567 μὴ
1528 490 1762 562 ταχέως,
1783 490 1922 543 ἀπο-

2025 487 2120 541 diu
2152 488 2381 553 vivant;
2410 502 2533 557 qua:
2555 485 3121 543 itidemeonditiones
3154 485 3267 539 sint
3300 486 3417 557 ejus
3450 491 3613 539 terra:

338 589 601 658 θνήσκειν
621 601 637 617 ⁸
680 589 745 642 ἐκ
776 587 940 651 ποίας
963 586 1021 641 δὲ
1053 586 1218 640 πάλιν
1262 588 1342 649 είς
1372 584 1588 656 Βορρᾶν
1615 600 1630 614 υ
1660 582 1756 635 καὶ
1784 580 1929 634 οὕτω

340 679 586 750 καθεξῆς
623 681 755 749 περὶ
798 678 991 732 πασῶν
1037 677 1318 749 διηρώτων
1360 677 1472 730 τῶν
1502 675 1721 747 χωρῶν,
1758 675 1833 738 ὡς
1863 676 1927 727 ὲκ

335 770 541 841 πείρας
588 768 855 839 μαθόντες
895 764 1037 822 εἶναί
1077 785 1233 832 τινας
1275 768 1537 839 ἀστέρας,
1581 767 1676 820 καὶ
1717 765 1926 837 χώρας,

331 864 437 917 καὶ
468 862 640 917 ὕδατα
680 861 962 934 συντόμως
995 861 1291 932 φθείροντα
1319 861 1385 915 τά
1416 860 1474 927 ἐξ
1510 860 1714 931 ἐτέρων
1734 859 1928 930 χωρῶν

335 951 834 1023 μετακομιζόμενα
907 954 1090 1006 ἐκεῖσε
1161 954 1434 1023 σωμάτια.
1479 952 1587 1006 Καὶ
1630 951 1764 1020 γοῦν
1823 950 1929 1022 πρὸ

328 1038 538 1111 ὀλίγων
577 1043 785 1115 χρόνων
843 1043 1289 1115 παραγενόμενος
1340 1044 1424 1107 είς
1451 1043 1550 1114 τὴν
1599 1040 1797 1112 νεκρὰν
1829 1040 1929 1094 θάο

329 1134 550 1189 λασσαν
576 1137 657 1199 είς
706 1134 777 1188 τά
833 1135 974 1206 μέρη
1006 1134 1286 1207 Ζωηρῶνί
1326 1136 1420 1190 καὶ
1466 1137 1852 1208 Τετραπυρίας
1879 1137 1926 1202 ε,

331 1225 471 1280 ἔνθα
508 1226 738 1298 χαλεποί
773 1243 941 1294 τινες,
988 1228 1081 1282 καὶ
1123 1228 1440 1299 φθοροποιοὶ
1495 1229 1592 1282 καὶ
1626 1227 1927 1292 καυσώδεις

332 1319 439 1373 καὶ
479 1319 741 1390 σηπτικοὶ
782 1319 906 1373 καθ’
956 1320 1253 1391 ὁμοιότητα
1301 1320 1536 1391 Κύπρου
1588 1320 1926 1390 τυγχάνουσι

332 1414 390 1466 oi
422 1412 608 1484 άὲρες,
639 1407 800 1483 εὖρον
834 1414 1046 1477 πάντας
1078 1415 1207 1478 τοὺς
1235 1414 1619 1485 αἰχμαλώτους
1649 1414 1757 1468 τῶν
1784 1414 1927 1467 κατὰ

332 1506 564 1578 σπορῶν
591 1507 686 1559 τοῦ
713 1506 976 1577 δημοσίου
1006 1508 1291 1577 Κυπρίους
1316 1508 1716 1578 τυγχάνοντας’
1742 1506 1924 1579 κάμοῦ

334 1596 752 1663 θαυμάσαντος,
795 1596 893 1650 καὶ
938 1597 1039 1668 τὴν
1084 1598 1268 1651 αἰτίαν
1307 1599 1711 1670 ἐρωτήσαντος,
1755 1599 1806 1650 οἱ
1856 1597 1927 1652 τά

335 1687 531 1742 αὐτόθι
583 1688 985 1760 διοικήσαντες,
1018 1690 1226 1758 ταύτην
1259 1691 1398 1760 πρός
1450 1705 1518 1760 με
1563 1690 1664 1759 τὴν
1695 1688 1927 1761 ἀπόκρι-

332 1799 422 1837 σιν
445 1780 771 1845 δεδώκασιν,
798 1783 882 1836 ὅτι
907 1782 969 1834 οὐ
1004 1781 1396 1853 προσδέχονται
1416 1782 1467 1834 oi
1496 1782 1732 1836 ἐνταῦθα
1763 1781 1926 1852 άέρες

327 1873 504 1944 ἕτερα
553 1871 809 1943 σώματα,
847 1873 897 1925 εί
948 1869 1024 1942 μὴ
1079 1871 1148 1925 τὰ
1201 1870 1311 1923 ἀπὸ
1362 1870 1618 1941 Κύπρου.
1664 1870 1777 1924 Καὶ
1818 1868 1927 1939 γάρ

330 1964 622 2029 πολλάκις,
654 1962 1172 2033 φασὶ,πεμφθέντες
1202 1954 1308 2015 ὦδε
1335 1962 1399 2015 ὲκ
1428 1960 1703 2032 διαφόρων
1735 1960 1929 2031 χωρῶν

328 2058 700 2129 αἰχμάλωτοι,
749 2056 903 2120 ὲντδς
951 2054 1134 2125 ὀλίγου
1177 2054 1371 2127 χρόνου
1437 2053 1779 2126 ἐφθάρησαν,
1834 2053 1930 2106 καὶ

328 2150 628 2205 ἀπέθανον.

402 2241 621 2296 Οὐκοῦν
652 2240 902 2297 ἐντεῦθέν
927 2240 1045 2295 ἐστι
1073 2241 1261 2311 σαφῶς
1284 2239 1601 2309 διαγνῶναι,
1636 2241 1720 2294 ὅτι
1740 2241 1770 2293 6
1793 2239 1930 2294 πάν-

331 2353 440 2388 των
491 2334 863 2405 δημιουργὸς,
916 2333 1014 2388 καὶ
1060 2334 1292 2409 ποιητὴς
1335 2336 1364 2387 6
1391 2333 1547 2397 Θεὸς,
1576 2336 1605 2387 6
1631 2334 1728 2387 ἀπ’
1754 2334 1928 2405 ἀρχῆς

336 2429 458 2492 δοὺς
489 2428 700 2499 ἑκάστῃ
730 2428 894 2496 φύσει
920 2427 1033 2494 τῶν
1059 2428 1379 2498 κτισμάτων
1408 2426 1510 2499 τὴν
1535 2427 1747 2480 οἰκείαν
1776 2429 1928 2498 ἐνέρ-

348 2538 514 2589 γειαν,
575 2521 741 2584 αὐτὸς
768 2520 968 2575 δέδωκε
1018 2521 1113 2574 καὶ
1143 2523 1257 2583 τοῖς
1293 2521 1602 2592 στοιχείοις,
1657 2522 1800 2575 κατά
1826 2521 1927 2592 τὴν

353 2611 501 2665 αὐτοῦ
528 2612 793 2682 πρόνοιαν
825 2613 920 2666 καὶ¹
948 2612 1152 2681 γνῶσιν
1182 2613 1278 2668 καὶ
1306 2614 1483 2686 ῥοπὴν
1503 2654 1518 2680 ,
1572 2613 1798 2667 διοικεῖν
1827 2613 1926 2685 τὴν

348 2705 449 2757 τῶν
468 2703 757 2775 ἡμετέρων
789 2705 1059 2775 σωμάτων
1088 2705 1341 2776 γέννησιν
1364 2722 1425 2758 τε
1455 2708 1550 2759 καὶ
1574 2703 1802 2776 αὔξησιν
1832 2707 1928 2759 καὶ

334 2795 502 2868 ζωὴν,
540 2796 638 2849 καὶ
666 2795 757 2850 τδν
783 2796 1014 2851 θάνατον
1047 2797 1163 2864 καὶ,
1209 2798 1299 2851 διὰ
1321 2798 1422 2869 τῆς
1447 2797 1650 2864 αὐτῶν,
1685 2799 1829 2868 λέγω
1861 2800 1926 2871 δὴ

328 2889 439 2942 τῶν
483 2890 770 2961 τεσσάρων
805 2890 1091 2962 στοιχείων
1137 2895 1428 2963 κινήσεως,
1468 2891 1853 2963 ἢὲκλείψεως,
1890 2894 1924 2964 ἢ

324 2983 641 3054 αὐξήσεως.
674 2983 709 3055 ἢ
743 2983 1083 3055 διαιρέσεως,
1121 2985 1150 3037 6
1179 2983 1279 3036 τοῦ
1305 2983 1561 3055 σώματος
1589 2984 1798 3053 γίνεται
1825 2985 1925 3039 0d-

321 3090 513 3137 νατος.
570 3074 710 3127 Καθ’
737 3073 805 3145 ἢν
833 3074 941 3146 γάρ
970 3074 1143 3146 ὥραν,
1193 3075 1286 3130 καὶ
1320 3075 1527 3147 ῥοπὴν,
1554 3077 1588 3146 ἡ
1621 3076 1799 3148 θερμὴ
1829 3078 1923 3131 καὶ

2032 594 2155 648 qua:
2184 578 2361 633 estad
2394 579 2648 644 Boream,
2683 587 2739 634 et
2777 579 2855 633 ita
2893 578 3088 635 ordine
3135 576 3202 631 de
3247 575 3477 645 singulis
3515 568 3615 628 're-

2030 669 2290 740 gionibus
2337 670 2696 739 inquirebant
2721 711 2736 735 ,
2782 678 2843 724 ut
2872 669 3030 740 quasi
3054 665 3396 738 experientia
3435 664 3616 720 disce-

2031 774 2157 819 rent
2190 779 2314 819 esse
2353 764 2562 827 stellas,
2613 764 2929 833 provincias
2981 770 3038 818 et
3073 776 3244 831 aquas
3288 777 3411 831 qua:
3461 761 3556 814 ιιι-ο
3599 761 3614 813 i

2029 864 2279 925 tempore
2311 855 2442 909 illuc
2471 854 2684 910 delatos
2725 854 3043 908 absumant.
3099 852 3289 922 Atqui,
3335 867 3460 909 cum
3504 866 3615 904 non

2030 950 2105 1004 ita
2132 949 2344 1020 pridem
2372 948 2441 1003 ad
2473 963 2624 1003 mare
2657 948 2958 1013 Mortuum,
3009 947 3284 1017 prmcipue
3316 946 3385 999 ad
3427 952 3616 1015 partes

2030 1044 2333 1098 Zoerorum
2362 1041 2781 1113 etTetrapyriaa
2813 1040 3099 1109 profectus
3138 1055 3341 1103 essem,
3380 1038 3472 1093 ubi
3519 1054 3616 1092 aer

2029 1144 2114 1190 est
2139 1134 2431 1197 exitiosus,
2458 1140 2753 1197 wsluosus,
2797 1144 2854 1187 et
2888 1132 2956 1187 ad
3006 1131 3472 1202 putrefactionem
3514 1144 3611 1201 ge-

2029 1227 2333 1289 nerandam
2366 1226 2621 1291 idoneus,
2656 1226 2829 1280 instar
2873 1226 2997 1295 ejus
3046 1225 3141 1294 qui
3173 1232 3260 1278 est
3298 1223 3353 1277 in
3405 1222 3608 1292 Cypro,

2030 1320 2145 1374 illic
2180 1319 2369 1374 inveni
2407 1334 2601 1373 omnes
2647 1318 2900 1388 captivos
2928 1326 2985 1372 et
3035 1331 3225 1372 servos
3270 1331 3464 1370 eorum
3514 1314 3611 1385 qui

2029 1410 2272 1480 publicis
2321 1411 2472 1481 agris
2523 1409 2775 1464 colendis
2838 1417 3104 1479 praesunt,
3152 1407 3386 1480 Cyprios
3440 1422 3609 1471 esse;

2028 1516 2267 1572 cumque
2290 1517 2394 1573 ego
2427 1501 2756 1567 admirarer,
2791 1509 2847 1557 et
2881 1517 3102 1557 causam
3137 1500 3305 1570 hujus
3334 1500 3412 1553 rei
3444 1500 3612 1553 intel-

2026 1595 2197 1666 ligere
2219 1610 2501 1664 cuperem,
2527 1595 2564 1648 ii
2588 1595 2683 1665 qui
2714 1594 2882 1650 rebus
2909 1593 3138 1665 agendis
3161 1592 3405 1663 pmefecti
3430 1599 3611 1655 erant,

2029 1691 2137 1746 hoc
2175 1705 2501 1761 responsum
2538 1690 2848 1755 dederunt,
2900 1704 3083 1745 aerem
3139 1688 3307 1760 hujus
3349 1687 3456 1742 loci
3501 1703 3611 1742 non

2029 1782 2177 1838 ferre
2203 1783 2309 1837 alia
2359 1798 2591 1852 corpora
2645 1798 2810 1853 quam
2843 1798 2910 1835 ex
2942 1781 3143 1853 Cypro.
3184 1780 3609 1850 Addebantque,

2029 1873 2141 1929 huc
2178 1890 2246 1929 ex
2283 1873 2523 1929 diversis
2572 1874 2697 1929 aliis
2743 1872 3064 1945 regionibus
3114 1873 3317 1928 crebro
3365 1872 3614 1941 captivos

2029 1967 2252 2032 missos,
2287 1966 2433 2022 intra
2474 1967 2643 2022 breve
2681 1968 2950 2036 temporis
2988 1967 3228 2035 spatium
3280 1966 3450 2020 vitam
3484 1981 3610 2018 cum

2029 2067 2203 2114 morte
2231 2067 2618 2115 commutasse.

2099 2240 2261 2314 403
2304 2242 2382 2298 Ex
2423 2242 2511 2298 his
2552 2257 2684 2315 ergo
2733 2241 3093 2299 manifestum
3136 2242 3325 2299 evadit
3363 2243 3613 2298 omnium

2028 2334 2376 2389 conditorem
2429 2344 2488 2390 et
2534 2343 2846 2391 creatorem
2892 2336 3091 2401 Deum,
3127 2336 3223 2405 qui
3265 2352 3297 2389 a
3339 2334 3612 2405 principio

2028 2425 2262 2482 cuilibet
2310 2435 2523 2481 naturae
2556 2428 2860 2498 ~propriam
2918 2427 3303 2498 operationem
3358 2426 3610 2491 indidit,

2029 2517 2252 2574 dedisse
2278 2519 2447 2575 etiam
2471 2535 2538 2574 ex
2566 2535 2665 2575 sua
2689 2519 3065 2590 providentia,
3094 2519 3328 2575 scientia
3359 2527 3413 2574 et
3445 2528 3608 2580 nutu,

2027 2611 2319 2668 elementis
2348 2611 2474 2677 hoc,
2511 2621 2572 2666 ut
2620 2621 2870 2668 nostrum
2908 2622 3115 2678 ortum,
3163 2611 3566 2666 incrementum
3596 2651 3610 2673 ,

2029 2705 2200 2758 vitam
2227 2709 2286 2758 e‘t
2318 2710 2556 2759 mortem
2578 2703 2961 2769 moderentur,
2988 2702 3065 2758 ita
3118 2710 3179 2757 ut
3232 2697 3330 2771 per
3362 2702 3611 2771 ipsorum

2026 2804 2268 2866 quatuor
2291 2776 2698 2851 elementorum
2741 2804 2952 2850 motum
2977 2836 2993 2859 ,
3053 2795 3140 2849 vel
3168 2794 3608 2856 decrementum,

2025 2887 2114 2942 vel
2140 2897 2517 2959 augmentum,
2554 2892 2640 2942 vel
2677 2887 3009 2942 divisionem
3068 2902 3220 2942 mors
3252 2887 3471 2957 corpori
3507 2888 3609 2942 ob-

2025 2979 2232 3034 veniat.
2282 2977 2627 3048 Quocunque
2680 2976 2832 3032 enim
2895 2986 3143 3046 tempore
3184 2977 3270 3031 vel
3312 2977 3608 3032 occasione

2026 3068 2205 3124 calida
2255 3078 2313 3124 et
2364 3069 2552 3123 vitalis
2593 3069 2842 3138 operatio
2904 3066 3157 3138 corporis
3214 3066 3398 3138 aliqua
3442 3085 3608 3124 causa

318 3166 639 3237 ζωογονικὴ
691 3165 787 3219 τοῦ
837 3165 1090 3238 σώματος
1139 3169 1389 3239 ἐνέργεια
1435 3169 1498 3223 ἐκ
1546 3187 1692 3235 τινος
1737 3172 1916 3235 αἰτίας

2025 3162 2254 3228 desinit,
2297 3161 2480 3217 statim
2527 3160 2765 3216 moritur
2802 3176 2869 3215 ex
2922 3158 3215 3215 elementis
3264 3161 3612 3231 compositus

316 3258 575 3328 ἐκλείψει
603 3259 668 3313 ὲκ
692 3259 788 3312 τοῦ
821 3258 1075 3330 σώματος
1097 3298 1114 3324 ,
1172 3260 1374 3324 εὐθέως
1402 3262 1738 3333 ἀποθνήσκει
1769 3265 1798 3316 6
1824 3264 1917 3319 ἄν-

315 3347 552 3420 θρωπος
604 3351 634 3403 ὁ
687 3351 751 3403 ἐκ
800 3349 1078 3419 στοιχείων
1113 3349 1176 3403 τὸ
1218 3352 1378 3421 σῶμα
1408 3355 1787 3425 συγκείμενος,
1824 3356 1921 3409 καὶ

311 3443 432 3495 ὑπὸ
487 3440 641 3505 θείας
687 3442 754 3494 δι’
780 3441 960 3495 αὐτῶν
1002 3441 1288 3511 δυνάμεως
1325 3441 1785 3514 ζωοποιούμενος,
1826 3448 1921 3500 καὶ

311 3535 595 3605 λυόμενος
651 3534 858 3590 λοιπόν.
943 3536 1043 3589 Διὰ
1096 3534 1306 3589 τούτων
1383 3536 1478 3590 καί
1536 3555 1684 3602 τινες
1736 3540 1919 3611 νήπιοι

309 3627 739 3698 ἀποθνῄσκουσι
762 3645 775 3658 ο
813 3626 902 3681 διὰ
929 3627 1139 3682 τούτων
1182 3628 1279 3682 καί
1307 3646 1428 3683 τινα
1462 3631 1557 3684 καὶ
1584 3630 1800 3704 έμόρυα
1827 3650 1916 3687 τε-

307 3718 578 3784 λευτῶσι,
613 3718 757 3773 κατά
782 3736 904 3774 τινα
931 3719 1167 3792 φυσικὴν
1197 3720 1465 3793 στοιχείου
1495 3724 1676 3777 αἰτίαν
1703 3726 1796 3778 καὶ
1823 3727 1919 3781 ἀν-

306 3810 619 3866 τιπάθειαν
649 3811 1032 3883 ἀσθενησάσης
1071 3812 1171 3866 καὶ
1191 3812 1521 3884 ὲκλειψάσης
1551 3815 1651 3884 τῆς
1680 3814 1920 3888 ζωτικῆς

307 3903 541 3975 θέρμης
582 3903 678 3957 τοῦ
720 3904 954 3975 αἵματος
998 3904 1301 3977 ἐνεργείας,
1360 3908 1456 3959 καὶ
1498 3907 1575 3980 μὴ
1618 3909 1920 3979 ἱσχυσάσης

304 3996 413 4050 ἰπὶ
447 3994 587 4048 πολὺ
607 3994 942 4067 ζωογονῆσαι
962 3996 1023 4049 τὸ
1047 3996 1227 4067 σῶμα.
1246 3997 1332 4061 Ὠς
1349 3998 1459 4069 γὰρ
1485 4000 1582 4053 καὶ
1609 4000 1712 4069 ήδη
1736 4002 1920 4072 προεῖ-

2025 3256 2215 3321 homo,
2249 3265 2306 3308 et
2337 3269 2504 3325 quem
2533 3250 2831 3317 elementa,
2864 3252 2919 3306 vi
2960 3253 3198 3323 quadam
3223 3253 3434 3319 divina,
3470 3255 3612 3310 vivi-

2024 3349 2284 3413 ﬁcabant,
2328 3346 2588 3402 eumdem
2618 3355 2810 3417 postea
2855 3346 3171 3402 dissolvunt
3210 3363 3274 3403 ac
3305 3348 3603 3419 dissipant.

2022 3440 2373 3511 Quapropter
2402 3441 2657 3496 nonnulli
2686 3441 2856 3495 etiam
2888 3440 2943 3495 in
2977 3441 3213 3496 infantia
3234 3441 3468 3507 obeunt,
3495 3442 3616 3496 ima’

2020 3536 2187 3589 etiam
2218 3535 2553 3605 embryones
2595 3533 2938 3599 moriuntur,
2983 3533 3209 3603 quando
3251 3550 3318 3589 ex
3364 3535 3603 3590 naturali

2020 3622 2281 3677 elementi
2309 3638 2475 3687 causa
2493 3630 2550 3676 et
2576 3622 2886 3691 antipathia
2902 3624 3084 3678 vitalis
3107 3624 3260 3678 calor
3280 3623 3604 3680 debilitatur

2020 3722 2079 3769 et
2126 3713 2335 3778 delicit,
2378 3712 2460 3767 sic
2509 3719 2569 3766 ut
2612 3728 2817 3783 corpus
2873 3714 2969 3768 diu
3006 3713 3290 3769 viviﬁcare
3338 3727 3603 3785 nequeat.

2019 3804 2091 3861 Ut
2122 3805 2270 3859 enim
2300 3805 2413 3876 jam
2447 3804 2777 3874 praadictum
2806 3812 2911 3870 cst,
2942 3802 3392 3875 quandocunque
3424 3807 3604 3861 calida

2019 3898 2112 3952 illa
2164 3906 2222 3953 et
2261 3897 2463 3953 motrix
2512 3898 2759 3968 operatio
2802 3897 2859 3951 in
2904 3898 3171 3969 sanguine
3223 3899 3527 3971 evanescit,
3573 3916 3603 3954 θ

2019 3990 2253 4061 vestigio
2276 3990 2387 4046 vita
2415 4000 2613 4047 cessat.
2645 3990 2952 4061 Propterea
2981 3991 3229 4061 quidam,
3272 3992 3402 4046 dum
3428 3993 3483 4047 in
3515 3992 3601 4048 via

2017 4092 2225 4147 essent,
2257 4082 2562 4153 derepente
2587 4092 2915 4139 corruentes
2934 4084 3197 4139 exstincti
3230 4096 3389 4153 sunt;
3421 4086 3514 4140 alii
3545 4087 3602 4140 in

305 4106 462 4153 πον,
512 4089 601 4160 οἵᾳ.
629 4088 751 4161 ὥρᾳ.
797 4088 1038 4159 ἐκλείψει
1087 4092 1120 4161 ή
1161 4092 1221 4143 ὲν
1267 4091 1346 4162 τῷ
1372 4091 1564 4161 αἵματι
1597 4092 1775 4166 θερμὴ
1825 4095 1918 4148 καὶ

303 4179 579 4250 κινητική
606 4180 880 4249 ἐνέργεια,
926 4180 1129 4246 εὐθέως
1154 4183 1188 4253 ἡ
1212 4182 1328 4253 ζωὴ
1351 4184 1447 4237 τοῦ
1473 4182 1726 4254 σώματος
1753 4186 1918 4257 χωρί-

301 4272 496 4338 ζεται.
535 4272 644 4325 Καὶ
672 4271 761 4327 διὰ
789 4271 948 4326 τοῦτό
986 4290 1134 4336 τινες
1160 4275 1216 4326 ὲν
1243 4272 1347 4345 ὁδῷ
1375 4273 1635 4344 ἐξαίφνης
1661 4276 1916 4341 πεσόντες

301 4364 675 4431 ἐξέπνευσαν.
728 4364 828 4419 Διά
856 4365 1018 4419 τοῦτο
1063 4364 1213 4420 ἄλλοι
1245 4368 1302 4419 ἐν
1330 4366 1579 4441 τραπέζῃ
1602 4367 1913 4424 τελευτῶσι.

2025 4380 2240 4434 quoque
2275 4364 2335 4418 ﬁt
2368 4372 2429 4418 ut
2458 4364 2688 4435 quidam
2743 4381 2942 4437 magna
2998 4376 3055 4422 et
3103 4368 3367 4437 praeclara
3416 4369 3603 4425 animo

301 4459 414 4511 Διὰ
468 4457 628 4510 τοῦτό
688 4474 833 4522 τινες
887 4458 1105 4522 ἀσεϐεῖς
1158 4459 1538 4531 δπεργηρῶσι.
1604 4460 1707 4516 Διά
1754 4462 1915 4516 τοῦτό

2025 4458 2355 4521 volutantes,
2384 4457 2541 4527 prius
2569 4457 2793 4513 vivendi
2828 4457 2989 4517 ﬁnem
3012 4460 3267 4527 fecerint,
3297 4478 3461 4531 quam
3485 4479 3601 4518 rem

298 4567 468 4612 τινες
498 4549 707 4617 ἀγαθὸν
738 4552 964 4622 ποιῆσαι
990 4528 1325 4623 σκεψάμενοι
1352 4528 1453 4607 ob):
1477 4553 1742 4623 ἔφθασαν,
1774 4554 1913 4610 άλλά

2025 4549 2476 4619 aggrederentur.
2503 4550 2635 4605 Ideo
2677 4552 2932 4608 nonnulli
2972 4568 3040 4607 ex
3070 4554 3280 4609 sanctis
3316 4570 3344 4609 a
3380 4556 3605 4611 virtutis

300 4642 811 4714 προσεφθάρησαν.
869 4644 969 4697 me
1016 4644 1177 4698 τοῦτο
1227 4645 1324 4699 καί
1372 4663 1519 4710 τινες
1556 4646 1693 4699 ὅσιοι
1727 4663 1909 4716 παρα-

2025 4642 2238 4697 tramite
2278 4657 2406 4697 cum
2439 4643 2799 4708 excidissent,
2842 4660 2911 4699 eo
2938 4645 2993 4698 in
3038 4653 3183 4699 statu
3235 4646 3367 4702 hinc
3400 4647 3604 4719 migra-

299 4736 576 4798 πεσόντες
612 4734 786 4798 οὓτως
815 4734 1108 4791 ἀπέθανον.
1168 4738 1329 4792 Δοκεῖ
1352 4739 1464 4808 γάρ
1497 4755 1623 4808 μοι,
1679 4739 1765 4792 ὅτι
1799 4741 1905 4792 πᾶ-

2025 4743 2163 4789 runt.
2215 4735 2519 4791 Miltienim
2545 4735 2766 4791 videtur
2786 4736 3019 4791 cuilibet
3044 4737 3253 4807 regioni
3282 4752 3436 4793 suam
3477 4755 3601 4794 esse

301 4845 400 4881 σαι
440 4826 619 4897 χῶραι
661 4828 993 4897 φυλάττουσι
1025 4828 1356 4900 πολυχρόνια
1383 4830 1451 4883 τά
1484 4828 1773 4900 βρώματα,
1812 4830 1908 4884 καὶ

2025 4826 2122 4881 vim
2175 4835 2232 4880 et
2267 4826 2587 4882 facultatem
2639 4826 2736 4881 diu
2782 4828 2866 4882 vel
2922 4844 3031 4883 non
3077 4830 3172 4884 diu
3227 4833 3598 4887 conservandi

296 4922 373 4976 τά
404 4922 710 4992 σπέρματα
741 4923 960 4985 πάντως
991 4923 1074 4976 ὄτι
1098 4922 1192 4976 καί¹
1216 4923 1286 4976 τά
1312 4921 1632 4991 ἀνθρώπινα
1657 4920 1913 4999 σώματαν

2025 4920 2328 4984 esculenta,
2370 4920 2604 4984 semina,
2633 4927 2801 4991 atque
2846 4921 2988 4977 adeo
3031 4922 3148 4991 ipsa
3196 4924 3437 4979 humana
3474 4940 3599 4980 cor-

296 5008 507 5078 ὦσπερ
538 5008 632 5061 καὶ
665 5008 728 5061 τὸ
757 5010 1022 5064 ἐναντίον.
1065 5010 1177 5063 Καὶ
1206 5010 1295 5064 διὰ
1324 5010 1484 5064 τοῦτό
1512 5028 1661 5075 τινες
1686 5011 1909 5076 ἀσεϐεῖς

2025 5026 2173 5081 pora.
2208 5010 2361 5066 lianc
2392 5011 2465 5066 ob
2494 5026 2716 5067 causam
2749 5014 3002 5067 nonnulli
3038 5023 3365 5083 prrestantes
3390 5016 3596 5086 pietate

294 5101 479 5153 τέκνα
535 5100 819 5167 συντόμως
863 5100 1165 5155 θάπτουσι·
1221 5101 1386 5156 τινῶν
1411 5102 1468 5156 δὲ
1497 5104 1712 5158 ἀσεϐῶν
1740 5104 1905 5159 τέκνα

2025 5105 2224 5161 iiberos
2248 5121 2381 5161 suos
2419 5089 2718 5161 immaturo
2754 5105 2950 5162 funere
3004 5122 3219 5163 mersos
3271 5109 3381 5162 cito
3432 5125 3595 5180 sepe-

296 5191 730 5261 πολυχρονοῦσι.
788 5193 890 5247 Διὰ
930 5194 1090 5247 τοῦτο
1146 5196 1204 5248 ὲν
1252 5195 1425 5268 ταύτῃ
1471 5197 1571 5267 μὲν
1617 5202 1683 5269 τῇ
1722 5199 1901 5259 πόλει.

2032 5198 2194 5263 iunt,
2250 5215 2376 5254 cum
2426 5208 2624 5254 contra
2675 5198 3057 5269 improborum
3108 5201 3477 5270 quorumdam
3525 5202 3595 5256 li-

297 5282 611 5339 θανατικοῦ
641 5287 960 5355 γενομένου,
995 5287 1068 5340 τά
1094 5288 1267 5357 νήπια
1292 5289 1646 5354 τελευτῶσιν.
1698 5292 1756 5345 ὲν
1785 5292 1904 5345 ἐτέ-

2025 5292 2124 5346 teri
2156 5291 2478 5347 diuturnam
2517 5292 2685 5346 vitam
2716 5301 2882 5362 agant
2934 5292 3071 5348 Hinc
3107 5292 3297 5348 itidem
3320 5294 3595 5364 contingit

299 5391 377 5446 ρᾳ
411 5374 472 5426 δὲ
504 5375 660 5429 πόλει
694 5379 743 5430 οί
776 5378 977 5432 τέλειοι
1003 5379 1282 5451 ἄνθρωποι
1305 5420 1320 5444 ,
1356 5381 1451 5435 καὶ
1487 5383 1649 5437 πάλιν
1682 5385 1741 5437 ὲν
1767 5385 1902 5456 ἄλλῃ

2025 5397 2088 5449 ιι,
2120 5400 2244 5441 cum
2270 5386 2325 5441 in
2351 5386 2453 5441 hac
2496 5386 2634 5440 urbe
2663 5385 2980 5457 contagiosa
3032 5387 3153 5441 lues
3191 5386 3432 5450 exsistit,
3472 5403 3594 5441 mn-

295 5468 357 5520 αἱ
388 5468 673 5533 γυναῖκες,
722 5469 817 5522 καὶ
847 5472 896 5522 οί
926 5471 1212 5543 γέροντες·
1261 5473 1357 5526 καὶ
1389 5474 1519 5527 ποτὲ
1550 5474 1648 5544 μὲν
1678 5474 1902 5548 λοιμικὴ

2025 5476 2223 5531 ’ἱίιηιιιτ
2254 5476 2518 5541 infantes,
2560 5476 2616 5531 in
2665 5477 2773 5530 alia
2819 5477 3076 5532 homines
3126 5477 3346 5543 adulti,
3393 5477 3447 5534 in
3486 5480 3593 5533 alia

295 5558 502 5622 νόσος,
552 5560 685 5614 ποτὲ
713 5561 771 5613 δὲ
807 5564 1133 5635 πυρεκτική.
1178 5563 1286 5619 Καὶ
1319 5565 1506 5620 ἄλλοτε
1534 5566 1590 5621 δὲ
1629 5567 1899 5640 βρασμοῦ,

2025 5571 2271 5626 nulieres
2293 5580 2349 5625 et
2376 5584 2573 5637 senes;
2634 5579 2693 5625 ct
2734 5568 3037 5640 aliquando
3081 5570 3310 5641 quidem
3343 5571 3595 5626 nascitur

2017 4192 2209 4232 mensa
2242 4177 2507 4232 animam»
2535 4177 2743 4232 emant.
2794 4179 2926 4233 Eam
2959 4179 3030 4233 ob
3073 4194 3296 4237 causam
3344 4180 3599 4235 scelerati

2016 4271 2242 4340 quidam
2266 4271 2334 4325 ad
2359 4287 2628 4326 summam
2664 4255 3007 4327 senectutem
3026 4273 3437 4348 provehuntur.
3467 4273 3601 4329 Inde

547 5735 683 5822 urbe
714 5738 963 5822 Ζόηςινει
992 5738 1168 5822 Ζῴης,
1190 5740 1297 5822 _d_e_
1318 5758 1427 5813 qua
1448 5742 1575 5822 vide
1603 5742 1912 5822 Ortbclium

2025 5747 2313 5822 Thesauro.
2395 5758 2419 5793 κ
2448 5748 2485 5803 ί.
2521 5750 2962 5821 Τετραπυργίας.
2996 5751 3134 5806 Nam
3165 5751 3331 5822 huius
3351 5754 3593 5810 nominis

297 5816 529 5860 exstant
563 5808 678 5862 lora
715 5810 988 5881 quietiam,
1019 5820 1080 5865 ut
1104 5808 1505 5885 'videbis'apnd
1530 5815 1788 5871 eumdem
1823 5816 2155 5872 Ortbelium.

641 5907 910 5970 Pnaoc.
966 5910 1083 5971 Gn.
1146 5910 1495 5973 LXXXIX.
2688 6004 2697 6013 ν
2918 5980 2936 5992 ,
3223 5912 3301 5981 2h
