4056 6418
394 358 502 425 ’149

1775 352 2291 428 QU/ESTIONES.

3544 355 3651 417 75:0

391 466 547 534 οὗτος
580 470 645 541 δὴ
697 471 861 534 αὐτὸς
899 471 927 523 6
960 467 1180 523 πάντων
1206 467 1485 541 διοικητὴς
1536 467 1631 522 καὶ
1671 467 1977 540 προνοητὴς

2078 467 2443 539 compositum
2468 483 2483 534 ;
2509 480 2635 521 nam
2666 480 2733 520 ex
2753 465 2936 519 anima
2965 465 3260 520 immortali
3290 475 3346 521 et
3375 467 3651 531 rationali,

388 567 418 618 6
447 564 580 624 Θεὸς
601 603 617 627 ,
664 565 693 616 6
743 563 926 634 φέρων
959 564 1054 616 καὶ
1081 558 1301 616 διοικῶν
1331 560 1399 615 τὰ
1430 563 1609 616 πάντα
1641 560 1719 632 τῷ
1744 559 1974 631 νεύματι

387 657 492 726 τῆς
518 652 806 725 δυνάμεως
828 652 1015 719 αὑτοῦ,
1037 654 1213 708 διττὸν
1241 653 1303 706 τὸ
1332 652 1473 715 ζῶον
1485 652 1591 708 ἀπ’
1614 648 1791 722 ἀρχῆς
1815 666 1976 706 καταο

389 749 667 809 σκευάσας
698 743 788 797 τὸν
813 742 1124 815 ἄνθρωπον,
1177 743 1321 812 λέγω
1351 743 1416 814 δὴ
1454 742 1518 796 ὲκ
1560 743 1739 812 ψυχῆς
1771 740 1977 796 ἀθανά-

384 856 483 891 του
515 838 610 891 καὶ
639 838 832 908 νοερᾶς
858 877 873 901 ,
930 836 1027 890 καὶ
1061 835 1317 905 σώματος
1347 835 1607 911 συνθέτου
1643 836 1739 888 καὶ
1767 834 1974 899 ὑλικοῦ,

384 929 485 982 δύο
534 927 684 998 αὐτῷ
733 926 1034 996 διοικήσεις
1067 927 1340 995 φυσικὰς,
1393 928 1485 980 καὶ
1519 927 1798 991 οὐσιῶδεις
1824 928 1978 980 ἐντέ-

385 1020 529 1089 θηκε
548 1036 561 1049 ·
594 1018 694 1089 τὴν
724 1018 820 1087 μὲν
846 1016 1025 1088 ψυχὴν
1053 1014 1397 1088 κυϐερνήτην
1421 1017 1566 1081 δοὺς,
1597 1018 1697 1088 τὴν
1718 1016 1980 1082 αὐτεξού-

388 1125 509 1162 σιον
562 1110 888 1178 προαίρεσιν
913 1146 950 1172 ,.
996 1105 1187 1170 καθὼς
1236 1106 1302 1159 ἂν
1355 1104 1660 1178 βούληται,
1717 1108 1830 1160 εἴτε
1883 1106 1979 1162 ἐπὶ

385 1200 620 1272 ἀρετὴν,
642 1196 764 1252 ἐἴτε
789 1199 882 1251 ἐπὶ
904 1198 1105 1251 κακίαν
1133 1196 1314 1265 ἀπάγε
1325 1216 1371 1251 ιν
1393 1199 1490 1269 τὴν
1512 1197 1713 1269 ψυχὴν,
1733 1198 1978 1252 ἀναιτίου

385 1294 546 1356 ὖντος
578 1293 672 1347 τοῦ
702 1292 761 1344 ὲν
786 1290 993 1362 τούτῳ⁹
1045 1291 1109 1344 τὸ
1135 1291 1193 1344 δὲ
1223 1290 1386 1361 σῶμα
1415 1290 1552 1360 πρὸς
1581 1291 1728 1361 ζωὴν
1758 1289 1847 1344 διὰ
1871 1290 1980 1343 τῶν

387 1385 680 1454 στοιχείων
729 1382 949 1447 αὐτῶν,
1012 1383 1321 1453 συνειδήσει
1368 1381 1505 1435 Θεοῦ
1555 1381 1886 1452 κυδέρνησίν
1919 1399 1978 1434 τε

388 1477 491 1529 καὶ
520 1474 811 1544 διοίκησιν.
866 1474 998 1539 Καὶ,
1049 1473 1242 1542 ὥσπερ
1273 1473 1507 1526 δέδωκεν
1536 1473 1564 1525 6
1584 1472 1720 1534 Θεὸς
1751 1472 1980 1536 ἄνωθεν,

385 1569 491 1622 καὶ
536 1568 633 1620 ἀπ’
653 1566 829 1636 ἀρχῆς
852 1605 868 1631 ,
919 1566 999 1636 τῷ
1032 1565 1130 1635 μὲν
1161 1565 1301 1637 ἡλίῳ
1329 1568 1428 1635 τὴν
1460 1563 1794 1634 θερμοτικὴν
1825 1560 1982 1635 ἐνέρο

384 1678 590 1729 γειαν,
643 1655 741 1729 τὴν
770 1658 826 1711 δὲ
864 1656 1096 1728 σελήνην
1142 1660 1208 1727 τῇ
1244 1656 1403 1710 νυκτὶ
1438 1655 1706 1726 φωτεινὴν
1731 1655 1980 1725 δύναμιν,

380 1756 457 1822 τῇ
482 1746 540 1804 δὲ
572 1753 641 1820 γῇ
672 1747 772 1821 τὴν
806 1749 1254 1820 σπερμογονικὴν
1280 1746 1543 1817 αὔξησιν,
1577 1750 1690 1811 τοῖς
1714 1747 1770 1801 δὲ
1796 1750 1982 1816 φυτοῖς

2076 568 2191 613 tum
2214 556 2382 614 etiam
2403 574 2471 613 ex
2487 572 2746 628 corpore,
2765 572 2834 611 ex
2863 556 3154 611 clementis
3185 569 3570 627 coagmentato
3596 569 3655 614 ct

2075 649 2349 721 materiali
2377 656 2617 704 constat.
2654 647 2754 704 Cui
2781 648 2922 703 duas
2951 647 3466 704 administrationes
3490 660 3655 705 natu-

2076 742 2222 796 rales
2245 741 2640 797 etessentiales
2672 722 2950 806 attribuit,
2977 726 3217 795 animam
3243 742 3478 806 scilicet,
3507 752 3569 796 ut
3588 744 3661 797 sit

2074 831 2469 902 gubernatrix,
2503 839 2559 884 et
2588 831 2826 885 liberum
2875 830 3196 898 arbitrium,
3235 832 3383 902 quod
3416 835 3659 888 animam

2077 921 2192 977 sive
2223 920 2292 975 ad
2325 922 2588 976 virtutem
2615 962 2629 986 ,
2661 922 2777 976 sive
2800 920 2866 975 ad
2906 922 3104 975 vitium
3129 921 3315 988 ducat,
3354 923 3467 977 Deo
3494 922 3661 992 hujus

2077 1015 2159 1069 rei
2183 1014 2386 1069 nullam
2410 1015 2633 1084 penitus
2662 1014 2879 1085 culpam
2911 1016 3252 1081 sustinente;
3277 1031 3482 1086 corpus
3515 1016 3661 1071 insu-

2077 1123 2177 1178 per
2205 1106 2360 1163 dedit
2383 1108 2452 1162 ad
2491 1106 2657 1162 vitam
2683 1123 2782 1176 per
2808 1108 3229 1175 elementorum,
3257 1110 3445 1165 divina
3469 1112 3659 1181 provi-

2076 1200 2290 1263 dentia,
2316 1200 2775 1271 gubernationem
2800 1209 2858 1253 et
2875 1199 3436 1258 administrationem.
3452 1203 3658 1270 Quem-

2079 1292 2375 1347 admodum
2425 1291 2605 1363 405.
2635 1300 2823 1346 autem
2854 1291 3000 1347 Deus
3032 1307 3064 1347 a
3099 1295 3277 1363 primo
3310 1311 3494 1349 rerum
3534 1305 3659 1351 ortu

2081 1384 2183 1438 soli
2214 1384 2417 1438 indidit
2442 1384 2553 1439 vim
2581 1384 2974 1450 calefaciendi,
3010 1384 3154 1440 lunae
3193 1388 3263 1441 ad
3299 1389 3661 1445 illuminatio-

2083 1491 2212 1529 nem
2252 1476 2433 1530 noctis
2458 1476 2571 1530 vim
2606 1476 2947 1543 illustrandi,
3001 1486 3162 1533 terra:
3205 1479 3316 1533 vim
3360 1482 3658 1551 genitalem

2081 1582 2179 1622 seu
2210 1568 2532 1623 seminalem
2563 1569 2632 1623 ad
2666 1584 2851 1623 rerum
2872 1569 3295 1636 incrementum,
3321 1574 3527 1643 plantis
3546 1575 3658 1630 vim

2083 1658 2299 1715 fructus
2321 1660 2663 1730 proferendi,
2695 1663 3052 1729 animalibus,
3084 1674 3145 1719 ut
3165 1666 3333 1721 maris
3348 1677 3405 1720 et
3430 1667 3662 1722 femell=e

2084 1767 2381 1822 congressu
2400 1763 2862 1824 progenerentur,
2880 1764 2955 1823 et,
2984 1766 3045 1812 ut
3064 1772 3178 1811 rem
3199 1757 3254 1811 in
3272 1761 3660 1829 compendium

380 1844 491 1912 τὴν
543 1841 896 1911 καρποφόρον
942 1837 1263 1902 τελείωσιν,
1325 1840 1441 1899 τοῖς
1471 1836 1526 1890 δὲ
1561 1835 1722 1899 ζώοις
1763 1835 1979 1906 mea

2084 1844 2403 1907 conferam,
2448 1846 2611 1901 sicuti
2655 1847 2885 1904 cuilibet
2915 1857 3131 1903 natura:
3174 1866 3330 1906 suam
3375 1852 3660 1922 prepriam

383 1933 689 1995 συνουσίας
724 1930 984 1983 σύστασιν
1006 1970 1018 1990 ,
1078 1926 1173 1980 καὶ
1225 1926 1432 1997 ἑκάστῃ
1469 1925 1658 1989 ἁπλῶς
1688 1926 1849 1994 φύσει
1882 1925 1978 1995 τὴν

380 2023 604 2077 οἰκείαν
635 2023 919 2094 ἐνέργειαν
944 2035 959 2049 ⁸
1011 2017 1161 2071 οὕτω
1193 2002 1394 2071 δέδωκε
1429 2014 1525 2070 καὶ
1553 2014 1841 2086 στοιχείοις
1878 2017 1980 2085 τὴν

381 2115 500 2169 τῶν
536 2114 840 2184 σωμάτων,
876 2110 951 2173 ὡς
982 2108 1108 2179 ἐμοὶ
1138 2107 1308 2174 δοκεῖ,
1346 2108 1487 2160 κατὰ
1514 2105 1615 2177 τὴν
1642 2103 1810 2158 αὑτοῦ
1835 2104 1979 2172 γνῶν

385 2225 501 2273 σιν,
532 2205 672 2278 πρὸς
696 2204 842 2275 ζωὴν
869 2199 964 2256 καὶ
988 2199 1244 2266 θάνατον,
1279 2197 1550 2269 διοίκησίν
1577 2212 1635 2250 τε
1670 2197 1765 2250 καὶ
1791 2197 1981 2268 κυϐέρ-

384 2315 573 2371 νησιν.

463 2387 641 2443 Τοῦτο
666 2385 725 2439 δὲ
761 2382 1062 2453 ἀναγκαῖον
1093 2382 1235 2436 πάνυ
1266 2379 1417 2436 ἐστὶν
1456 2380 1604 2452 bna;
1632 2378 1980 2444 intercludat,

389 2479 459 2533 ἵν’
497 2477 743 2551 ὁπηνίκα
783 2474 956 2547 Θεάση
1003 2472 1224 2539 ἀσεϐεῖς
1256 2475 1356 2546 μὲν
1392 2470 1910 2543 πολυχρονιοὼτας,
1943 2473 1978 2544 ἢ

396 2575 552 2629 πάλιν
581 2570 687 2643 μὲν
707 2567 901 2624 τοῦτον
923 2567 1079 2638 ἄφνω
1101 2567 1465 2630 τελευτῶντα,
1497 2565 1690 2622 τοῦτον
1713 2565 1770 2621 δὲ
1792 2565 1979 2632 ἐξαπί-

403 2662 669 2735 νηςιιτὴν
720 2661 944 2732 ὁμιλίαν
990 2658 1376 2732 κρατηθέντα·
1437 2657 1533 2712 τοῦ
1581 2658 1641 2712 δὲ
1690 2657 1786 2712 τοῦ
1831 2657 1981 2712 ὁσίου

392 2757 564 2827 νήπια
617 2757 802 2808 πάντα
833 2750 903 2806 τὰ
930 2752 1102 2806 τέκνα
1130 2749 1474 2805 τελευτῶντα
1497 2765 1512 2780 °
1566 2750 1758 2805 τούτου
1791 2751 1849 2805 δὲ
1887 2749 1981 2804 τοῦ

380 2845 692 2911 ὃυσσεόοῦς
749 2847 877 2908 τοὺς
920 2845 1072 2908 υἱοὺς
1124 2843 1597 2917 ὕπεργηρῶντας’
1657 2843 1983 2898 καὶτοῦτον

385 2942 460 2996 ἂν
509 2940 604 2995 τὸν
652 2939 947 3009 θεάρεστον
1002 2937 1096 2989 ἐπὶ
1143 2935 1347 3002 πολλὰς
1397 2935 1501 3001 τὰς
1546 2935 1764 3008 ἡμέρας
1810 2935 1981 3008 ψυχο-

388 3033 677 3106 μχοῦντα
695 3073 711 3100 ,
763 3030 856 3085 τὸν
883 3030 940 3084 δὲ
962 3029 1203 3099 Ἕλληνα
1232 3030 1529 3099 εἰρηνικῶς
1562 3031 1658 3083 καὶ
1689 3030 1983 3100 ἀταράχως

378 3132 831 3201 τελευτήσαντα·
895 3125 990 3181 καὶ
1037 3125 1243 3198 ταύτην
1288 3127 1387 3197 μὲν
1425 3126 1527 3195 τὴν
1550 3126 1715 3195 ἁγίαν
1742 3127 1982 3195 γυναῖκα

382 3226 615 3295 στεῖραν
643 3216 831 3287 οὖσαν,
879 3219 1084 3288 ταύτην
1105 3216 1161 3272 δὲ
1191 3218 1289 3289 τὴν
1311 3216 1595 3286 Ἑλληνίδα
1625 3217 1979 3273 πολύτεκνοψ

378 3319 453 3369 ὲν
479 3314 652 3387 ταύτῃ
681 3315 779 3385 μὲν
807 3314 874 3384 τῇ
905 3308 1152 3365 θεοσεϐεῖ
1178 3310 1335 3383 χώρᾳ
1361 3311 1687 3365 ἀδιάλειπτα
1712 3310 1979 3366 θανατικᾶ

377 3409 657 3478 γινόμενα
677 3447 691 3470 ,
741 3404 929 3476 ἐκείνῃ
956 3403 1013 3457 δὲ
1047 3400 1345 3474 Ἐλληνικῇ
1366 3402 1555 3473 ὲνορία
1581 3401 1841 3455 οὐδέποτε
1867 3402 1978 3455 λοι-

379 3498 558 3568 μικὸν
596 3497 1015 3566 καταφθάνοντα
1042 3511 1057 3526 ’
1117 3496 1213 3548 καὶ
1246 3494 1438 3557 ἁπλῶς
1484 3494 1650 3565 ἡνίκα
1679 3493 1854 3549 ταῦτα
1886 3494 1982 3548 καὶ

379 3592 464 3647 τὰ
513 3582 741 3644 τοιαῦτα
786 3588 1000 3659 φοϐερὰ
1054 3588 1150 3641 καὶ
1192 3586 1472 3658 παράδοξα
1500 3585 1669 3657 θεάσῃ
1695 3586 1977 3656 γινόμενα,

383 3682 473 3754 μὴ
503 3680 796 3752 θαμὸηθῇς
820 3718 835 3741 ,
896 3676 1033 3749 μηδὲ
1067 3679 1176 3749 μὴν
1223 3676 1474 3748 ἀπρεπές
1500 3693 1552 3729 τι
1593 3677 1626 3748 ἢ
1658 3677 1980 3746 βλάσφημον

381 3772 535 3826 κατὰ
561 3770 699 3823 Θεοῦ
737 3769 1022 3841 ἐννοήσῃς,
1063 3765 1256 3838 μαθὼν
1286 3765 1532 3838 ἀκριϐῶς
1566 3767 1632 3818 ἐκ
1661 3765 1767 3819 τῶν
1792 3782 1980 3834 προει-

386 3881 465 3936 pr,
477 3863 675 3933 μένων,
708 3861 793 3914 ὅτι
818 3859 999 3912 πάντα
1022 3858 1199 3913 ταῦτα
1233 3858 1328 3911 καὶ
1353 3858 1420 3911 τὰ
1442 3855 1668 3909 τοιαῦτα
1697 3856 1798 3908 οὐκ
1822 3853 1982 3919 ὲκτδς

383 3956 497 4028 μὲν
536 3956 635 4025 τῆς
677 3952 1062 4009 παντεπὸπτου
1116 3952 1208 4005 καὶ⁴
1252 3953 1625 4022 προνοητικῆς
1670 3948 1766 4003 τοῦ
1800 3951 1978 4018 Δημι-

378 4049 617 4120 ουργοῧ,
651 4049 746 4102 καὶ
773 4048 1195 4117 διαπράττοντος
1218 4043 1491 4114 γνώσεως,
1518 4044 1663 4111 ὅμως
1687 4044 1785 4113 οὐχ
1808 4042 1981 4111 ἑτέρῳ

379 4141 504 4197 τινὶ
533 4142 722 4213 τρόπῳ
740 4185 754 4209 ,
793 4139 931 4194 ἀλλὰ
958 4138 1046 4193 διὰ
1076 4140 1175 4208 τῆς
1205 4138 1315 4191 τῶν
1341 4136 1673 4190 θεοκτίστων
1702 4135 1983 4204 στοιχείων

381 4236 692 4308 ὰρχεδότου
719 4273 733 4298 ,
789 4233 887 4289 καὶ
936 4231 1218 4286 θεοσδότου
1267 4230 1533 4284 εὐτάκτου
1577 4228 1979 4300 κυῦερνὴσεως,

382 4329 494 4383 καὶ
529 4327 763 4393 τάξεως,
808 4324 903 4379 καὶ
929 4323 1165 4393 φυσικῆς
1189 4320 1530 4391 διοικήσεως.
1566 4318 1727 4388 ,Πλὴν
1748 4317 1846 4388 οὐχ
1870 4318 1982 4386 69t-

381 4418 616 4476 στικὸν.
670 4416 791 4468 οὐδὲ
843 4413 1154 4486 ἐριστικὸν,
1206 4410 1346 4464 ἀλλὰ
1391 4409 1668 4478 γνωμικὸν
1708 4410 1803 4461 καὶ
1831 4410 1985 4462 είκα-

381 4505 579 4560 στικδν
606 4502 945 4574 εἰρήκαμεν,
1001 4498 1383 4562 δυσωποῦντες
1426 4497 1552 4562 τοὺς
1595 4501 1980 4567 γνωστικωτε-

382 4614 543 4670 ρους,
580 4593 913 4665 συγγνώμην
937 4592 1201 4656 διδόντας,
1229 4592 1322 4645 καὶ
1342 4589 1796 4663 ἀναπληροῦντας
1818 4589 1975 4662 ἡμῶν

380 4686 774 4759 ὑστερήματα.
1248 4718 1252 4723 -

757 4826 1291 4913 ΕΡΩΊῊΣΙΣ
1384 4818 1576 4922 HZ’.

851 4968 910 5020 Τί
935 4966 1107 5020 ἐστιν
1134 4964 1514 5033 ὑπερηφανία
1531 4954 1567 5027 ῖλ

995 5079 1389 5133 ΔΠΟΚΡΙΣΙΣ.

464 5172 539 5228 τὸ
598 5174 734 5236 ὅλως
785 5171 930 5242 ἔχειν
985 5171 1077 5225 τὸν
1132 5171 1420 5242 ἄνθρωπον
1469 5169 1527 5220 ὲν
1579 5167 1788 5237 ἑαυτῷ,
1845 5168 1873 5221 δ
1928 5183 1983 5221 τι

385 5268 661 5339 πράττειν
689 5265 927 5335 ἀγαθὸν,
966 5262 1043 5335 μὴ
1088 5262 1380 5333 νοουμένου
1433 5259 1528 5314 τοῦ
1570 5258 1821 5329 λέγοντος
1851 5300 1867 5325 ,
1900 5259 1984 5313 ὅτι

393 5377 415 5410 ι
444 5357 604 5413 Πᾶσα
641 5354 958 5427 δικαιοσύνη
987 5355 1017 5408 ὑ
1027 5353 1145 5426 μῶν
1173 5351 1404 5408 ἐνώπιον
1426 5350 1521 5406 τοῦ
1549 5349 1686 5405 Θεοῦ
1708 5349 1785 5414 ὡς
1817 5349 1982 5420 ῥάκος

388 5449 830 5521 ἁποκαθημένης
856 5447 1027 5502 ἐστίν.
1058 5466 1078 5500 ι
1126 5465 1130 5468 ‘

466 5587 511 5619 "
554 5584 694 5640 Gen.
722 5600 763 5639 ι.
845 5583 890 5615 ¹⁸
923 5582 1031 5638 Isa.
1067 5597 1210 5646 ιιιν,
1238 5580 1292 5636 6.

2053 1934 2282 2008 ‘agendi
2329 1934 2650 2017 facultatem
2694 1939 2961 2009 impertiit
2998 1940 3070 2006 "’,
3122 1942 3195 1996 ita
3234 1958 3457 2013 quoque.
3484 1986 3499 2010 ,
3539 1960 3659 2000 mea

2080 2027 2377 2091 sententia,
2396 2028 2863 2099 deditcorporum
2885 2031 3175 2087 elementis
3198 2041 3261 2087 ut
3281 2033 3407 2089 vita:
3430 2045 3486 2090 ct
3512 2050 3663 2089 mor—

2082 2119 2154 2173 tis
2195 2120 2732 2177 administrationem
2770 2132 2828 2178 et
2875 2124 3336 2195 gubernationem
3378 2127 3484 2183 sub
3534 2144 3663 2200 pro-

2080 2210 2326 2267 videntis
2344 2227 2443 2268 sua
2465 2212 2727 2271 habeant.
3572 2216 3577 2222 ’

2153 2372 2279 2429 Haec
2305 2386 2469 2430 nosse
2494 2375 2653 2431 valde
2683 2377 3058 2432 necessarium
3087 2386 3192 2445 est,
3217 2386 3279 2433 ut
3303 2379 3663 2449 quandocun-

2076 2478 2190 2533 que
2224 2463 2431 2519 videris
2464 2465 2667 2536 impios
2697 2466 2768 2521 ad
2799 2467 3006 2523 multos
3036 2483 3212 2525 annos
3240 2469 3409 2525 vitam
3452 2471 3661 2541 produ-

2080 2572 2230 2624 cere,
2261 2558 2412 2614 hunc
2442 2558 2710 2615 velociter
2745 2560 3045 2631 exstingui,
3075 2558 3230 2615 illum
3260 2561 3317 2617 in
3354 2553 3470 2633 i'psa
3498 2563 3661 2619 fami-

2080 2648 2205 2703 liari
2247 2649 2616 2706 collocutione
2657 2650 2917 2721 opprimi,
2952 2651 3119 2723 hujus
3155 2651 3262 2707 viri
3306 2654 3439 2709 boni
3476 2663 3532 2711 et
3561 2656 3661 2725 pii,

2078 2740 2291 2796 liberos
2328 2756 2521 2796 omnes
2555 2741 2611 2797 in
2647 2742 2877 2798 infantia
2907 2759 2941 2798 a
2974 2752 3153 2799 morte
3188 2745 3399 2816 abripi,
3432 2746 3665 2803 alterius

2081 2832 2338 2888 scelerati
2384 2832 2530 2889 ﬁlios
2565 2842 2782 2889 etatem
2824 2834 3001 2902 ferre;
3039 2836 3186 2891 hunc
3219 2837 3332 2892 Deo
3368 2849 3584 2908 gratum
3609 2849 3667 2897 et

2080 2925 2311 2981 charum
2336 2926 2590 2995 pluribus
2614 2926 2813 2983 diebus
2836 2943 2962 2983 cum
2986 2928 3099 2984 leto
3127 2929 3351 2997 luctari;
3377 2932 3663 2989 ethnicum

2082 3031 2218 3071 vero
2242 3025 2301 3071 et
2325 3031 2356 3071 a
2384 3026 2531 3072 recta
2559 3017 2667 3075 fide
2696 3020 2961 3085 alienum,
2989 3019 3178 3092 quiete
3210 3030 3267 3077 et
3295 3016 3501 3093 absque
3534 3039 3663 3095 per-

2084 3108 2401 3165 turbatione
2450 3111 2690 3166 animam
2735 3112 2948 3180 efﬂare;
2995 3113 3139 3181 hanc
3185 3115 3506 3178 mulierem,
3536 3118 3664 3173 vita:

2008 3190 2056 3251 Ο
2090 3196 2407 3253 innocentia
2446 3199 2823 3269 spectabilem,
2859 3202 3148 3258 sterilitate
3185 3206 3391 3273 premi;
3433 3207 3599 3274 illam,
3628 3225 3662 3265 a

2085 3290 2348 3360 religione
2392 3307 2523 3346 vera
2574 3307 2854 3357 aversam,
2898 3295 3071 3349 multa
3123 3297 3277 3365 prole
3327 3297 3658 3364 exliilarari;

2082 3398 2274 3437 rursus
2315 3382 2372 3437 in
2421 3383 2524 3438 hac
2563 3385 2675 3439 Deo
2715 3384 2899 3440 dedita
2930 3386 3176 3456 regione,
3220 3389 3400 3443 omnis
3443 3391 3660 3460 generis

2081 3474 2305 3528 morbos
2332 3473 2553 3529 assidue
2584 3476 2851 3545 grasSari;
2884 3476 3048 3531 aliam
3075 3489 3258 3534 autem
3289 3483 3656 3550 provinciam,

2079 3581 2224 3620 verte
2254 3566 2383 3620 lidei
2416 3574 2719 3636 expertem,
2750 3569 2902 3623 nulla
2934 3571 3259 3641 contagione
3292 3590 3535 3643 unquam
3571 3577 3658 3630 in-

2080 3656 2302 3724 festari;
2329 3673 2440 3712 uno
2465 3659 2654 3723 verbo,
2680 3673 2802 3713 cum
2832 3657 2947 3714 ιιιοε
2976 3668 3083 3715 tam
3110 3664 3382 3733 stupenda
3406 3676 3463 3720 et
3486 3666 3656 3721 admi-

2081 3751 2253 3805 randa
2295 3750 2520 3816 videris,
2549 3767 2619 3807 ne
2654 3752 3036 3823 obstupescas.
3070 3769 3209 3809 neve
3252 3768 3445 3811 contra
3484 3759 3657 3814 Deum

2081 3840 2347 3898 indecens
2387 3840 2522 3911 quid
2569 3849 2664 3896 aut
2701 3842 3083 3912 blasphemum
3127 3844 3312 3899 animo
3354 3846 3656 3916 concipias,

2080 3942 2337 3988 accurate
2377 3949 2444 3988 ex
2482 3933 2761 4002 prtedietis
2796 3933 3049 4000 edoctus,
3086 3935 3204 3990 hate
3239 3936 3369 3991 talia
3390 3953 3501 3992 non
3539 3940 3657 3993 fieri

2080 4024 2303 4094 quidem
2337 4024 2546 4095 absque
2580 4024 2901 4080 Conditoris
2928 4026 3277 4096 providentia
3311 4038 3367 4083 et
3397 4029 3655 4096 scientia;

2078 4116 2176 4170 sed
2214 4125 2395 4175 tamen
2436 4131 2551 4172 non
2586 4117 2699 4172 alio
2735 4118 2898 4173 modo
2932 4135 3096 4189 quam
3132 4135 3232 4190 per
3258 4121 3657 4178 elementorum

2083 4208 2339 4276 primitus
2374 4224 2406 4264 a
2445 4209 2558 4264 Deo
2600 4211 2957 4265 constitutam
2998 4211 3479 4281 gubernationem,
3505 4215 3661 4269 ordi-

2082 4315 2207 4354 nem
2250 4309 2307 4355 et
2345 4302 2654 4359 naturalem
2693 4303 3251 4367 administrationem.
3281 4303 3553 4361 Cancrum
3596 4322 3660 4363 ea

2083 4409 2205 4463 quae
2239 4394 2500 4455 diximus.
2528 4411 2641 4450 non
2675 4396 2975 4451 definiendi
3010 4407 3105 4452 aut
3134 4400 3505 4456 contendendi
3540 4411 3661 4458 stu-

2085 4486 2178 4540 dio
2208 4487 2560 4557 protulimus,
2591 4489 2687 4543 sed
2717 4505 2820 4545 ceu
2847 4484 3174 4560 probabilia,
3205 4502 3263 4548 et
3292 4494 3349 4548 in
3381 4497 3666 4566 conjectu-

2085 4578 2161 4633 ris
2200 4579 2375 4649 posita
2414 4580 2774 4646 adduximus,
2808 4592 3066 4653 rogantes
3099 4592 3159 4639 ut
3191 4584 3470 4643 doctiores
3505 4588 3665 4644 nobis

2082 4669 2390 4739 ignoscant,
2417 4678 2474 4724 et
2498 4671 2750 4727 defectus
2778 4682 3000 4729 nostros
3031 4676 3342 4746 suppleam.

2361 4805 2931 4909 QUIESTIO
3003 4809 3392 4896 XCVII.

2600 4953 2740 5020 Quid
2765 4958 2835 5010 sit
2864 4956 3152 5028 superbia?

2676 5066 3075 5125 RESPONSIO.

2159 5157 2254 5214 Est
2275 5157 2483 5230 opinio,
2504 5159 2660 5229 quasi
2686 5161 2811 5228 quis
2835 5159 3105 5230 quidquid
3130 5160 3260 5215 boni
3284 5159 3342 5215 in
3367 5159 3666 5232 semetipso

2082 5252 2239 5319 facit,
2267 5268 2299 5307 a
2332 5251 2515 5322 seipse
2548 5252 2600 5306 id
2632 5252 2865 5319 habeat;
2899 5256 3009 5311 non
3041 5253 3097 5309 in
3131 5262 3373 5309 mentem
3408 5265 3665 5310 revocato

2038 5390 2044 5397 ,
2084 5346 2180 5402 illo
2202 5346 2297 5417 qui
2322 5345 2459 5400 dicit
2486 5362 2499 5398 :
2533 5363 2552 5397 ι
2583 5343 2775 5402 Omnis
2788 5347 3007 5417 iustitia
3029 5357 3214 5403 vestra
3236 5354 3323 5403 est
3348 5347 3403 5403 in
3433 5359 3662 5418 conspe-

2086 5449 2178 5495 ctu
2212 5441 2308 5495 Dei
2335 5439 2493 5512 quasi
2525 5454 2739 5509 pannus
2768 5449 3127 5499 menstruam
3148 5439 3214 5497 “.
3248 5458 3270 5495 ι

1715 5670 1951 5728 VARIA'S
1993 5670 2394 5730 LECTiOXES.

474 5772 503 5813 ιι
531 5769 762 5832 Videtur
786 5769 979 5827 deesse
1007 5764 1170 5821 κατὰ.
