4056 6450
345 290 449 355 759

1556 298 1617 356 S.
1648 297 2046 360 ANASTASII
2098 303 2424 367 ΞΙΝΑΙΤίΕ

3512 313 3620 376 7οὓ

343 407 511 463 corde
554 417 659 470 est,
704 408 777 463 ita
814 415 872 463 ut
910 424 1091 480 neque
1123 420 1353 481 propter
1386 410 1498 465 vita
1540 408 1781 475 functos,
1825 425 1920 465 ne-

2031 416 2124 469 καὶ
2157 420 2295 490 μήτε
2334 422 2428 475 ἐπὶ
2476 423 2711 495 νεκροῖς,
2748 424 2885 496 μήτε
2917 425 3011 478 ἐπὶ
3047 426 3159 488 τοῖς
3191 425 3345 490 ἰδίοις
3378 425 3616 493 τεκνοις,

343 516 451 566 que
520 510 749 571 propter
804 502 1064 573 proprios
1116 504 1344 568 liberos,
1403 517 1581 572 neque
1633 503 1705 557 ob
1756 502 1921 556 ullam

343 593 509 647 aliam
544 588 912 649 calamitatem
944 594 1241 667 lacrymari
1265 595 1351 649 vel
1389 594 1456 648 ad
1495 594 1669 648 Deum
1702 608 1923 662 gemere

342 684 532 751 queat,
584 684 676 740 hic
702 694 898 755 pectus
948 686 1164 750 tundet,
1198 686 1370 740 risum
1407 690 1743 754 compescet,
1793 698 1927 737 ocu-

343 774 538 845 losque
583 776 862 843 demittet,
904 786 959 832 et
1003 779 1107 833 hac
1152 779 1366 833 ratione
1407 777 1675 849 lacrymas
1730 791 1760 829 a
1816 774 1925 829 D‘eo

344 865 685 934 impetrabit.
731 866 1028 923 Sciendum
1069 876 1254 922 autem
1291 868 1463 921 multo
1499 864 1922 921 fructuosiorem

314 972 463 1012 ~esse
483 960 814 1024 orationem,
839 961 893 1015 in
915 960 1105 1015 abdito
1127 961 1374 1015 conclavi
1399 961 1728 1023 institutam,
1757 974 1920 1029 quam

342 1064 465 1118 qua:
506 1048 567 1104 ﬁt
617 1066 804 1106 coram
853 1052 1115 1108 omnibus
1164 1053 1219 1106 in
1260 1049 1517 1105 ecclesia.

823 1286 1058 1343 uxrna
1098 1286 1432 1343 ORDINEM.
1728 1360 1743 1365 _

591 1380 734 1437 Num
778 1383 968 1436 bonum
1015 1391 1092 1437 est
1130 1388 1347 1454 peccata
1389 1381 1673 1448 conﬁteri?

930 1473 1335 1529 RESPONSIO.

409 1565 619 1619 Bonum
662 1576 718 1621 et
769 1565 1064 1621 admodum
1096 1568 1231 1622 utile
1273 1578 1358 1625 est
1408 1567 1683 1634 confiteri,
1718 1565 1813 1622 sed
1849 1566 1922 1620 ita

338 1665 401 1712 nt
445 1657 720 1713 confessio
772 1654 880 1714 non
932 1659 1026 1715 ﬁat
1082 1661 1329 1725 cuilibet,
1379 1660 1601 1732 quando
1646 1674 1826 1728 neque
1865 1666 1920 1711 tu

2030 512 2168 582 μηδὲ
2196 514 2283 566 ἐπ’
2306 513 2442 588 ἄλλῃ
2466 518 2724 589 συμφορᾷ
2744 517 3361 590 δακρύσαιδυνάμενος,
3403 521 3437 591 ἢ
3490 537 3617 573 στυ-

2027 602 2225 671 γνάσαι
2250 606 2384 676 πρὸς
2420 608 2510 660 τὸν
2537 607 2691 672 Θεὸν,
2739 607 2800 661 τὸ
2835 609 3032 679 στῆθος
3066 609 3245 680 τύψει,
3284 611 3375 665 τὸν
3401 612 3616 680 γέλωτα

2030 696 2340 766 περικόψει,
2375 700 2502 762 τοὺς
2540 700 2856 771 ὀφθαλμοὺς
2879 700 3230 766 ταπεινώσει,
3263 702 3436 766 οὕτως
3455 703 3617 773 χαρί-

2028 788 2181 853 ζεται
2214 790 2363 861 αὖτῷ
2388 794 2416 844 ὁ
2445 791 2579 855 Θεὸς
2623 794 2718 846 καὶ
2748 793 2808 847 τὸ
2843 794 3104 865 δάκρυον.
3130 796 3253 866 Χρὴ
3290 795 3346 849 δὲ
3382 796 3615 848 ἐπίστα-

2029 879 2169 941 σθαι,
2199 880 2282 933 ὅτι
2317 880 2451 934 πολὺ
2478 882 2749 953 συμφέρει
2774 885 2806 954 ή
2836 883 3115 955 προσευχὴ
3142 886 3174 953 ἠ
3202 886 3258 936 ὲν
3290 884 3371 955 τῷ
3401 884 3617 955 ταμείῳ

2030 987 2124 1023 σου
2170 971 2463 1041 γενομένη,
2510 972 2653 1043 ὑπὲρ
2693 972 2787 1026 τὸν
2839 974 2896 1026 ὲν
2944 976 3012 1045 τῇ
3057 973 3328 1045 ἐκκλησίᾳ
3380 973 3614 1028 ενώπιον

2030 1064 2247 1117 πάντων
2282 1064 2699 1137 ἐπιτελουμένη.

2508 1191 3070 1279 ΕΡΩΤΗΣΙΣ.

2155 1328 2358 1383 Καλὸν
2391 1322 2506 1399 ἄρα
2537 1329 2602 1384 τὸ
2633 1330 3129 1401 ἐξομολογεῖσθαι
3164 1330 3491 1401 ἁμαρτίαςέ

2625 1467 3013 1522 ΔΠΟΚΡΙΣΙΣ.

2097 1558 2299 1621 Καλὸν,
2330 1570 2427 1613 και
2457 1560 2600 1614 πάνυ
2629 1558 2933 1631 ὠφέλιμον,
2969 1559 3107 1615 ἀλλὰ
3149 1561 3223 1632 μὴ
3263 1562 3377 1625 τοῖς
3420 1563 3606 1631 πᾶσιν,

2026 1650 2148 1702 ἐπεὶ
2172 1647 2297 1703 οὔτε
2324 1650 2583 1729 σοι’τοῦτο
2610 1650 2831 1718 ὠφελεῖ,
2863 1651 3000 1725 ἀλλᾲ
3031 1652 3126 1706 καὶ
3158 1653 3283 1714 τοὺς
3311 1651 3607 1718 ἀκούοντας

340 1750 632 1806 utilitatem
665 1750 793 1807 inde
830 1753 1002 1823 capis,
1049 1761 1106 1807 et
1136 1753 1364 1824 insuper
1395 1753 1688 1808 audientes
1722 1750 1919 1805 inﬁcis.

2030 1739 2302 1811 μολὺνεις.
2336 1740 2463 1794 Ἐὰν
2491 1740 2585 1794 οὖν
2614 1740 2784 1814 εὕρῃς
2813 1741 2982 1812 ἄνδρα
3032 1743 3404 1813 πνευματικὸν
3444 1742 3604 1797 δυνά-

338 1843 395 1898 Si
440 1852 623 1898 autem
656 1844 907 1901 invenias
935 1845 1116 1900 virum
1148 1847 1517 1916 spiritualem,
1547 1844 1640 1915 qui
1672 1843 1768 1898 tibi
1807 1858 1922 1898 me-

336 1935 575 1990 dicinam
609 1935 813 2000 facere,
840 1943 896 1992 et
927 1953 1031 2008 pro
1061 1947 1113 1993 te
1145 1941 1339 2008 preces
1368 1938 1435 1992 ad
1475 1938 1648 1993 Deum
1688 1934 1921 1991 fundere

337 2023 532 2093 possit,
575 2023 705 2079 huic
750 2025 854 2080 soli
895 2026 1270 2083 conﬁteberis.

719 2158 1282 2263 QUXESTIO
1359 2162 1598 2249 CVI.

338 2304 486 2360 Unde
518 2308 779 2378 cognoscit
808 2310 960 2364 homo
979 2309 1075 2363 sibi
1101 2326 1131 2363 a
1162 2307 1267 2362 Deo
1298 2317 1508 2375 peccata
1539 2314 1757 2364 remissa
1787 2326 1916 2374 esse,

406 2384 454 2431 et
476 2394 531 2431 se
558 2379 973 2433 misericordiam
1008 2381 1060 2433 in
1094 2380 1177 2433 die
1197 2379 1380 2449 indicii
1410 2379 1851 2434 consecuturum?

923 2520 1329 2578 RESPONSIO.

407 2609 484 2664 Ex
535 2610 759 2682 prepria
816 2613 1179 2681 conscientia,
1235 2622 1291 2669 et
1343 2629 1410 2671 ex
1463 2615 1716 2671 libertate
1755 2632 1920 2688 quam

2028 1832 2189 1903 μενὸν
2220 1849 2281 1886 σε
2308 1832 2617 1903 ἰατρεῦσαι,
2650 1836 2746 1887 καὶ⁵
2777 1832 3041 1899 εῦξασθαι
3082 1834 3223 1906 ὑπὲρ
3257 1833 3373 1903 σοῦ,
3410 1835 3606 1905 ἐκείνῳ

2028 1924 2171 1993 αόνῳ
2201 1922 2623 1994 ἐξομολόγησον.

2439 2132 2973 2222 ΕΡΩΤΗΣΙΣ
3009 2122 3215 2234 Ραή

2021 2277 2216 2330 Πόθεν
2244 2275 2524 2345 γινώσκει
2561 2281 2592 2331 d
2624 2276 2957 2344 ἅνθρωπος,
2992 2275 3079 2329 ὅτι
3123 2274 3561 2343 συνεχώρησεν
3583 2277 3615 2328 δ

2096 2345 2239 2412 Θεὸς
2275 2346 2381 2411 τὰς
2425 2349 2715 2415 ἁμαρτίας
2773 2346 2983 2408 αὐτοῦ,
3042 2346 3135 2398 καὶ
3197 2345 3288 2398 ὅτι
3341 2345 3610 2411 εὑρίσκει

2094 2416 2267 2484 ἕλεος
2292 2416 2533 2489 πάντως
2559 2419 2630 2471 ἐν
2651 2416 2727 2487 τῇ
2752 2416 2944 2486 ἡμέρᾳ
2966 2415 3078 2484 τῆς
3108 2416 3402 2485 κρίσεως;

2616 2528 3015 2582 ΑΠΟΚΡΙΣΙΣ.

2109 2622 2204 2675 Ἐκ
2234 2621 2335 2692 τῆς
2353 2619 2489 2683 ἰδίας
2520 2619 2905 2690 συνειδήσεως,
2929 2619 3023 2672 καὶ
3051 2618 3117 2671 ἐκ
3147 2619 3245 2688 τῆς
3271 2617 3608 2689 παρρησίας,

333 2699 501 2755 habet
548 2703 734 2758 anima
785 2703 843 2758 in
884 2705 1135 2767 oratione
1176 2705 1484 2764 ad.Deum.
1513 2707 1744 2776 Quando
1771 2712 1920 2767 enim

2025 2705 2090 2785 ἧς
2120 2710 2234 2783 ἔχει
2268 2712 2301 2782 ή
2330 2709 2479 2781 ψυχὴ
2510 2711 2569 2763 ὲν
2601 2712 2881 2781 προσευχῇ
2927 2709 3069 2782 πρὸς
3110 2709 3206 2761 τὸν
3245 2708 3401 2762 Θεόν.
3440 2705 3609 2761 Ὅταν

334 2792 504 2847 homo
534 2803 617 2849 est
640 2794 875 2867 alicujus
896 2812 1072 2867 paenae
1100 2814 1250 2864 reus,
1273 2807 1404 2855 tunc
1437 2809 1580 2857 astat
1609 2804 1722 2858 Deo
1752 2804 1920 2859 instar

2025 2804 2136 2874 γὰρ
2167 2806 2197 2857 ὁ
2226 2803 2512 2874 ἄνθρωπος
2560 2800 2866 2865 ὑπεύθυνός
2897 2804 3015 2855 ἐστι
3063 2801 3362 2864 κολάσεως,
3395 2810 3421 2849 ι’
3449 2799 3604 2870 δίκην

334 2884 605 2951 damnati,
641 2887 735 2957 qui
771 2889 1194 2961 assistitjudici,
1220 2893 1402 2948 omnis
1431 2894 1649 2954 ﬁducia:
1680 2914 1920 2969 expers:

2025 2896 2320 2951 καταδίκου
2345 2895 2494 2960 τινὸς
2517 2893 2938 2966 παρισταμένου
2973 2893 3052 2965 τῷ
3080 2894 3304 2964 ἄρχοντι
3340 2892 3412 2962 μὴ
3449 2891 3601 2961 ἔχον-

335 2978 416 3031 sie
449 2986 506 3032 et
539 2979 724 3035 anima
774 2980 831 3036 in
862 2982 1114 3038 oratione
1150 2983 1359 3057 assistit
1393 2986 1527 3053 Deo,
1572 3004 1685 3044 non
1708 2990 1820 3061 jam
1862 2998 1920 3045 ut

2025 3008 2115 3054 τος
2147 2991 2409 3044 παντοίαν
2441 2987 2778 3061 παρρησίαν,
2803 2986 2946 3041 οὕτω
2974 2987 3071 3041 καὶ
3100 2987 3134 3052 ἡ
3163 2985 3310 3056 ψυχή
3347 2983 3606 3053 παρίστα-

334 3070 677 3126 damnationi
717 3071 979 3137 obnoxia,
1007 3074 1104 3143 sed
1141 3084 1201 3130 ut
1229 3075 1395 3133 homo
1424 3077 1666 3147 debitor,
1697 3082 1792 3151 qui
1819 3081 1918 3137 de-

2027 3101 2117 3138 ται
2142 3082 2220 3154 τῷ
2254 3082 2375 3152 Θεῷ
2407 3083 2466 3136 ὲν
2496 3085 2564 3153 τῇ
2591 3083 2895 3153 προσευχῇ,
2921 3083 3022 3133 οὐκ
3054 3078 3137 3134 ἔτι
3167 3078 3245 3142 ὡς
3291 3076 3599 3140 κατάδικος,

334 3164 512 3219 bitnm
556 3165 659 3220 sibi
693 3165 1019 3233 condonari,
1064 3168 1218 3224 etab
1256 3169 1362 3226 hoc
1400 3172 1599 3228 ordine
1633 3173 1920 3230 transferri

334 3258 507 3329 cupit.
546 3258 660 3314 Deo
700 3258 928 3331 insuper
957 3269 1120 3326 astat,
1174 3269 1433 3333 tanquam
1463 3279 1659 3321 servus
1701 3266 1919 3322 Domini

334 3364 527 3405 amans
565 3360 622 3406 et
650 3351 976 3418 observans,
1023 3353 1172 3408 etab
1202 3354 1308 3409 hoc
1336 3355 1509 3426 gradu
1541 3356 1772 3411 ulterius
1796 3373 1925 3427 pro-

334 3440 539 3497 cedens
580 3442 917 3514 colloquitur
953 3460 1079 3499 cum
1128 3444 1240 3501 Deo
1272 3445 1444 3501 instar
1469 3448 1820 3512 mercenarii,
1852 3447 1921 3502 ab

335 3540 487 3594 omni
533 3538 722 3595 debito
753 3539 920 3596 soluti
955 3550 1012 3596 et
1044 3540 1227 3596 liberi.
1258 3541 1418 3615 411
1464 3541 1709 3598 Tandem
1738 3540 1920 3598 anima

330 3632 579 3703 pondere
595 3649 706 3703 qtto
723 3634 1097 3703 premebatur,
1119 3648 1413 3706 progressu
1442 3635 1703 3707 temporis
1718 3636 1916 3701 levata,

330 3724 585 3795 loquitur
611 3735 670 3781 et
698 3725 915 3780 assistit
942 3727 1057 3782 Deo
1094 3728 1247 3782 velut
1286 3732 1498 3783 amicus
1526 3728 1727 3795 amico,
1769 3736 1825 3784 et
1860 3736 1922 3784 ut

329 3829 534 3885 sponsa
569 3816 797 3887 proprio
839 3833 1064 3887 sponso,
1099 3826 1155 3873 et
1199 3828 1263 3874 ut
1302 3818 1449 3876 ﬁlius
1488 3835 1591 3876 suo
1629 3821 1791 3891 patri,
1824 3821 1919 3876 ubi

330 3907 470 3962 nihil
507 3909 746 3980 amplius
795 3910 903 3966 loci
954 3911 1292 3982 relinquitur
1326 3912 1538 3978 timori,
1588 3929 1769 3985 neque
1809 3916 1918 3971 ulla

329 4009 415 4056 est
460 3999 529 4057 de
572 4002 847 4074 supplicio
905 4003 1204 4077 inﬂigendo
1258 4006 1541 4077 cogitatio,
1589 4007 1683 4062 sed
1719 4008 1918 4062 'omnia

329 4094 481 4149 aliud
526 4110 637 4150 non
682 4106 810 4152 sunt
844 4110 1009 4167 quam
1042 4097 1304 4163 charitas,
1345 4099 1474 4170 juge
1519 4098 1803 4169 gaudium,
1847 4100 1919 4155 li-

330 4184 519 4239 bertas
569 4185 920 4253 indeﬂeiens,
970 4188 1168 4244 animae
1218 4176 1811 4260 laetitiaftripudium,
1862 4199 1920 4246 et

328 4276 626 4331 exsultatio
656 4277 1037 4343 interminata,
1066 4288 1235 4350 prout
1266 4280 1430 4336 nobis
1457 4280 1685 4336 tradunt
1715 4282 1791 4337 illi
1823 4281 1917 4353 qui

331 4368 506 4437 gratia
550 4368 758 4429 Christi
812 4371 1037 4439 adhoc
1088 4372 1368 4445 fastigium
1414 4373 1591 4430 evecti
1656 4384 1804 4431 sunt.

678 4506 1244 4612 QUIESTIO
1319 4509 1613 4597 CVII.

333 4649 391 4705 Si
425 4651 562 4721 quod
615 4667 747 4722 opus
783 4655 1088 4724 aggrediar,
1132 4654 1272 4709 unde
1303 4654 1603 4724 conjiciam,
1642 4672 1767 4708 num
1812 4654 1916 4710 Deo

855 4724 1085 4778 ulaceat.
1137 4742 1207 4778 an
1240 4738 1351 4778 ’non
1384 4725 1407 4778 ?

855 4732 1085 4795 placeat,
1137 4742 1207 4781 an
1240 4738 1351 4780 ’non
1384 4732 1394 4778 Ξ

927 4841 1333 4898 RESPONSIO.

404 4933 777 5006 l’erfectorum
822 4944 881 4991 et
924 4935 1293 5006 spiritualium
1329 4935 1578 4990 virorum
1621 4946 1707 4992 est
1736 4937 1918 4991 omnia

332 5004 592 5083 accurate
634 5004 1052 5100 dijudicare'",
1100 5037 1162 5084 ιιι
1211 5029 1286 5083 ait
1333 5027 1653 5099 Apostolus.
1699 5028 1921 5083 Solidus

331 5121 480 5174 enim
528 5121 691 5177 cibus
737 5131 821 5178 est
866 5123 1242 5193 perfectorum
1291 5124 1358 5187 ⁸⁸,
1408 5123 1501 5192 qui
1551 5131 1781 5193 prepter
1818 5122 1920 5177 hac

332 5211 511 5265 bitum
554 5211 763 5269 habent
816 5229 1014 5270 sensus
1063 5214 1131 5268 ad
1181 5213 1634 5286 tlijudicationcm
1680 5214 1811 5269 boni
1863 5225 1920 5270 ct

402 5345 446 5378 ²⁷
480 5343 501 5399 1
535 5342 662 5401 Cor.
695 5360 754 5409 tt,
787 5345 875 5401 l5.
952 5346 998 5379 ’°
1026 5345 1194 5401 Hebr.
1226 5362 1279 5411 v,
1307 5346 1394 5399 M.

2024 3175 2137 3230 ἀλλ’
2169 3176 2244 3240 ὡς
2273 3173 2561 3246 ἄνθρωπος
2593 3171 2921 3243 χρεωστῶν,
2941 3172 3036 3225 καὶ
3087 3168 3430 3242 παρακαλῶν
3476 3183 3600 3236 συγ-

2024 3265 2339 3338 χωρηθῆναι
2366 3262 2477 3317 ἀπὸ
2512 3262 2718 3333 ταύτης
2749 3262 2850 3332 τῆς
2895 3258 3126 3345 τάξεοις,
3183 3259 3280 3314 ἐὰν
3308 3258 3606 3331 φροντίσῃς

2024 3356 2212 3413 αὐτοῦ.
2265 3355 2436 3411 Πάλιν
2494 3354 2830 3427 παρίσταται
2860 3355 2933 3419 ὠς
2964 3353 3151 3417 δοῦλος
3192 3353 3606 3424 φιλοδέσποτος,

2023 3451 2120 3503 καὶ
2148 3447 2257 3501 ἀπὸ
2274 3445 2466 3501 τούτου
2501 3446 2830 3519 προκόπτων
2860 3444 3115 3498 συλλαλεῐ
3152 3443 3229 3514 τῷ
3257 3441 3378 3514 Θεῷ
3407 3442 3485 3506 ὡς
3523 3443 3612 3513 μί-

2025 3541 2194 3604 σθιος,
2232 3538 2307 3611 μὴ
2334 3538 2474 3611 ἔχων
2512 3538 2673 3611 χρέος
2703 3539 2889 3593 ἐπάνω
2921 3536 3087 3591 αὑτοῦ
3128 3537 3221 3589 καὶ
3246 3535 3432 3590 λοιπὸν
3464 3535 3609 3589 κατὰ

2023 3634 2327 3705 πρόσϐασιν
2356 3629 2731 3701 κουφιζομένη
2761 3628 2856 3684 τοῦ
2895 3630 3094 3701 βάρους
3129 3630 3161 3700 ἡ
3206 3627 3375 3699 ψυχὴ,
3408 3625 3608 3680 συλλα-

2022 3725 2123 3789 λεῖ,
2157 3724 2253 3778 καὶ
2296 3720 2635 3793 παρίσταται
2677 3717 2755 3783 ὼς
2801 3717 2953 3788 φίλος
2984 3716 3124 3788 πρὸς
3169 3715 3345 3786 φίλον,
3385 3713 3483 3767 καὶ
3529 3713 3605 3775 ὼς

2023 3816 2211 3887 νύμφη
2249 3813 2326 3885 τῷ
2366 3812 2481 3885 ἰδίῳ
2507 3812 2750 3882 νυμφίῳ,
2784 3810 2880 3865 καὶ
2904 3810 2980 3872 ὡς
3011 3810 3129 3873 υἰδς
3152 3808 3229 3879 τῷ
3271 3807 3386 3877 ἰδίῳ
3414 3804 3604 3875 πατρὶ,

2021 3911 2157 3964 ὅπου
2184 3908 2286 3961 οὐκ
2314 3904 2429 3959 ἔστι
2463 3903 2626 3972 φόϐος
2648 3901 2857 3966 λοιπὸν,
2893 3900 3013 3954 οὐδὲ
3050 3899 3235 3971 χρέος,
3276 3896 3397 3952 οὐδὲ
3426 3896 3608 3949 ἔννοια

2021 4003 2140 4067 οἵας
2167 4001 2369 4072 δήποτε
2400 3997 2701 4061 κολάσεως,
2731 3993 2868 4050 ἀλλὰ
2900 3994 3055 4048 πᾶσα
3086 3992 3304 4062 ἀγάπη.
3333 3990 3429 4044 καὶ
3459 3988 3604 4060 χαρὰ

2020 4092 2429 4165 διηνεκὴς,“καὶ
2461 4089 2750 4162 παρρησία
2802 4087 3107 4150 ἄπαυστος,
3151 4085 3249 4137 καὶ
3280 4082 3465 4154 ψυχῆς
3519 4080 3607 4134 εὑ-

2022 4187 2264 4260 φροσύνη
2298 4186 2394 4238 καὶ
2440 4182 2816 4253 σκιρτήματα,
2875 4179 2974 4233 καὶ
3021 4176 3346 4247 ἀγαλλίασις
3400 4174 3609 4229 ἀκατά-

2021 4295 2287 4342 παυστος,
2310 4274 2567 4344 καθάπερ
2591 4276 2726 4345 ἡμῖν
2749 4269 3068 4344 διηγοῦνται
3107 4270 3158 4324 οἰ
3190 4271 3257 4341 τῇ
3299 4269 3486 4341 χάριτι
3514 4263 3607 4320 τοῦ

2021 4371 2263 4446 Χριστοῦ
2291 4371 2371 4435 εἰς
2395 4367 2622 4424 τοιαῦτα
2647 4366 3095 4437 καταντήσαντες
3122 4362 3321 4435 μέτρα.

2421 4509 2958 4600 ΕΡΩΤΗΣΙΣ
3020 4504 3183 4593 PZ'.

2028 4665 2173 4721 Ἐὰν
2206 4659 2445 4728 θελήσω
2485 4657 2708 4731 πρᾶξαι
2740 4651 3004 4731 ξτρᾷγμα,
3053 4651 3133 4731 ᾡς
3157 4647 3391 4731 Ϊορίζερ,
3425 4649 3612 4731 πόθεν

2125 4718 2349 4806 dgnus}
2384 4718 2636 4800 μαθεεῖῖιν,⁷
2657 4729 2710 4780 εἰ
2734 4718 2981 4793 ἀρέσκει
3028 4721 3110 4787 τῷ
3148 4720 3296 4786 Θεῷ,
3327 4718 3365 4789 ἢ
3392 4720 3531 4784 ο.ῡ;‹

2608 4833 3004 4892 ΑΠΟΚΡΙΣΙΣ.

2100 4936 2222 4991 Τῶν
2272 4932 2500 4987 τελείων
2553 4930 2651 4984 καὶ
2700 4923 3093 4996 πνευματικῶν
3139 4919 3352 4992 ἀνδρῶν
3393 4916 3615 5003 ὲστιιτὺ

2027 5032 2208 5087 πάντα
2234 5025 2480 5098 ἀκριϐῶς
2509 5022 2830 5094 διακρίνειν,
2860 5016 3041 5081 καθώς
3081 5032 3248 5087 φησιν
3276 5015 3306 5067 ὁ
3348 5010 3612 5067 Ἀπόστο-

2028 5125 2136 5188 λος.
2169 5121 2404 5176 Τελείων
2436 5117 2546 5190 γάρ
2574 5119 2721 5170 ἐστιν
2744 5115 2777 5186 ἡ
2802 5111 2999 5182 στερεὰ
3025 5106 3222 5182 τροφὴ,
3254 5107 3364 5160 τῶν
3399 5105 3487 5159 διὰ
3516 5102 3615 5172 τὴν

2026 5218 2139 5282 ἕξιν
2199 5215 2270 5268 τὰ
2324 5210 2659 5280 αἰσθητήρια
2713 5204 2950 5276 ἑχόντων
2990 5197 3425 5272 γεγυμνασμένα
3477 5194 3613 5267 πρὸς

1626 5433 1863 5489 νλιιω
1908 5430 2312 5489 LECTIONES.

404 5564 434 5607 Ρ
470 5556 739 5613 Videntur
773 5557 865 5615 hic
892 5557 1194 5613 desiderari
1232 5558 1347 5613 haec
1367 5557 1450 5613 vel
1478 5556 1679 5612 similia
1711 5556 1876 5611 verba
1909 5573 1922 5609 :
1957 5555 2289 5626 παρίσταται
2314 5551 2390 5623 τῷ
2412 5548 2550 5620 Θεῷ,

1858 5685 2086 5742 NOTAE.

408 5781 518 5856 (95)
540 5781 751 5840 Similis
774 5789 971 5856 quast.
1002 5781 1095 5837 l2!
1131 5782 1199 5838 ad
1232 5781 1589 5851 Antiochum,
1628 5791 1683 5839 et
1722 5794 1913 5854 qua‘st.
1958 5782 2077 5837 151.
