4056 6428
451 298 566 366 763

1652 297 1714 355 S.
1754 285 2153 354 ANASTASII
2193 283 2519 351 SINAITE

3603 283 3713 348 76$

455 413 666 467 tionem
699 405 894 461 incidit
925 422 938 460 :
970 405 1226 476 pluribus
1271 415 1455 460 autem
1498 403 1808 467 orantibus,
1839 408 1896 456 et
1938 413 2032 454 ac-

2147 395 2454 468 λαμϐάνων,
2490 394 2751 459 πολλάκις
2779 395 2858 459 είς
2894 394 3064 465 τῦφον
3081 381 3394 465 ’ἐμπίπτειο
3447 395 3719 460 πλειόνων

457 499 813 571 eipientibus,
861 499 1009 554 intra
1050 497 1379 553 humilitatis
1424 505 1623 553 metam
1663 511 1722 550 se
1765 492 2033 550 continet.

459 592 576 647 Hoc
601 591 770 662 igitur
785 606 910 646 cum
928 591 1150 656 crebro,
1169 589 1444 660 adjunetis
1469 588 1612 652 aliis,
1633 586 1798 642 sociis
1825 584 2038 658 praesti-

461 685 671 746 tissem,
719 682 931 737 obtinui
979 681 1124 752 quod
1155 681 1329 746 volui,
1378 689 1434 736 et
1465 679 1668 734 suadeo
1701 677 1859 734 vobis
1888 676 2037 730 utin

459 774 658 829 vestris
697 773 764 828 ad
812 775 984 835 Deum
1019 775 1282 844 precibus
1309 771 1458 829 idem
1487 771 1787 828 factitetis:
1815 767 2038 840 quando

460 867 608 920 enim
657 865 768 920 duo
819 865 906 920 vel
956 875 1068 920 tres
1103 882 1169 920 ex
1203 873 1317 920 toto
1351 863 1536 918 animo
1577 871 1761 926 orant,
1805 860 1894 915 vel
1939 859 2041 914 ali-

461 955 683 1024 quando
747 955 816 1010 ad
868 957 1104 1010 aiterum
1167 957 1499 1024 tertiumque
1552 954 1698 1009 diem
1745 953 2036 1024 jejunant,

463 1049 688 1101 omnino
735 1049 855 1104 sive
898 1065 998 1118 per
1023 1049 1310 1112 visionem,
1347 1047 1463 1126 sive
1511 1047 1620 1101 alio
1663 1046 1827 1100 modo
1869 1045 1916 1099 is
1943 1042 2038 1113 qui

464 1137 670 1207 aiiquid
714 1137 954 1194 instituit
997 1154 1156 1208 agere
1211 1137 1416 1193 certior
1468 1136 1583 1191 lict.

839 1269 1398 1376 QUESTIO
1471 1270 1663 1359 CX.

469 1409 692 1476 Quando
714 1417 974 1484 principes
1001 1415 1168 1468 nostri
1187 1421 1309 1468 sunt
1335 1413 1528 1484 Judtri,
1563 1410 1644 1466 vel
1672 1409 2042 1484 inﬂdeles._vel

545 1486 797 1596 haeretici),
831 1481 960 1540 nam
995 1502 1092 1557 pro
1128 1485 1234 1539 illis
1255 1486 1338 1538 ,ιιι
1372 1483 1586 1538 ecclesia
1618 1497 1794 1552 preces
1824 1481 2044 1550 {undere

536 1565 740 1612 avertet
769 1597 781 1608 .

569 1565 740 1626 portet
769 1565 781 1608 ι

1056 1668 1458 1726 RESPONSIO.

2135 489 2192 542 δὲ
2241 487 2554 559 εὐχομένων
2610 487 2707 541 καλ⁸
2755 487 3199 558 είσακουομένων
3252 487 3309 540 ἐν
3359 489 3716 562 ταπεινότητι

2141 577 2382 648 μένουσι.
2433 576 2608 632 Τοῦτο
2634 573 2726 632 οῦν
2765 575 3029 640 πολλάκις
3077 577 3195 647 μεθ’
3231 578 3437 648 ἐτέρων
3479 581 3715 652 ποιήσας

2137 669 2422 738 ἐπέτυχον,
2451 670 2544 722 καὶ
2570 669 2699 740 ὑμῖν
2724 669 2786 722 τὸ
2811 668 2944 722 αὐτὸ
2966 668 3062 722 νῦν
3085 686 3150 722 συ
3159 668 3442 739 μϐουλεύω
3467 671 3562 724 ἐπὶ
3602 675 3718 736 τοῖς

2139 760 2281 814 κατὰ
2308 760 2443 814 Θεὸν
2470 761 2800 832 αἰτήμασιν·
2834 761 2998 830 ἡνίκα
3049 760 3158 832 γὰρ
3184 761 3299 827 δύο,
3348 762 3383 833 ἢ
3421 766 3570 834 τρεῖς
3597 764 3710 818 ὀλο-

2137 851 2325 923 3.346ch
2364 851 2617 923 εὔχονται
2646 855 2776 924 περὶ
2821 854 3170 925 πράγματος,
3203 854 3235 924 ἢ
3265 855 3362 908 καὶ
3391 857 3719 925 νηστεύουσι

2139 942 2398 1006 πολλάκις
2423 943 2515 996 ἐπὶ
2543 943 2804 1014 δευτέραν
2847 945 2941 999 καὶ
2991 945 3184 1016 τρίτην
3222 945 3458 1017 ἡμέραν,
3503 949 3722 1012 πάντως

2141 1035 2250 1086 εἴτε
2280 1033 2348 1088 δι’
2374 1034 2672 1106 ὁράματος,
2722 1034 2779 1088 et
2808 1052 2866 1089 τε
2899 1045 2920 1073 ι’
2960 1036 2994 1106 ἠ
3033 1035 3233 1106 καρδία
3262 1035 3356 1090 τοῦ
3391 1037 3720 1108 βουλομένου

2141 1129 2349 1199 πρᾶξαι
2371 1131 2476 1202 πλη
2484 1133 2822 1203 ροφορεῖται.

2563 1277 3098 1374 ΕΡΩΤΗΣΙΣ
3162 1279 3308 1362 ΡΙ’.

2156 1415 2300 1472 Ἐάν
2371 1416 2544 1486 εισινί
2592 1419 2648 1470 ol
2707 1416 3000 1486 ἄρχοντες
3067 1416 3240 1485 ἡμῶν·
3315 1413 3614 1486 Ἰουδαῖοι,
3652 1415 3722 1486 ’ἦ

2213 1488 2480 1558 ἄπιστοι,
2517 1485 2556 1553 ἢ
2585 1483 2889 1558 αΙρεέιάιοὶ,
2927 1487 3026 1544 δεῖ
3043 1483 3326 1558 εὔχεσθαι
3347 1485 3500 1556 ὑπὲρ
3524 1483 3726 1540 αὐτῶν⁵

2212 1559 2286 1610 ἐν
2312 1555 2386 1625 τῇ
2422 1557 2742 1627 ἐκκλησίᾳ,
2768 1557 2805 1626 ἣ
2852 1558 2960 1623 oti;
3116 1555 3149 1558 ’ί
3411 1561 3419 1571 ⁸

2755 1669 3150 1726 ΔΠΟΚΡΙΣΙΣ.

536 1748 756 1836 Utique.
805 1762 1034 1830 Quando
1064 1763 1212 1817 enim
1244 1761 1536 1832 Apostolus
1564 1759 1726 1831 jussit
1757 1774 1918 1815 orare
1945 1772 2044 1829 pro

2213 1762 2344 1824 Ναί.
2379 1763 2502 1816 Ὀτι
2539 1761 2648 1834 γὰρ
2679 1763 2916 1834 ἔγραψεν
2949 1764 2977 1818 6
3021 1761 3365 1826 Ἀπόστολος,
3419 1758 3722 1832 προσεύχεο

467 1855 688 1925 regibus
727 1861 782 1908 et
816 1853 1072 1907 omnibus
1101 1852 1208 1906 illis
1231 1852 1324 1922 qui
1361 1859 1488 1906 sunt
1515 1850 1569 1905 in
1608 1850 1949 1906 sublimitate
1973 1850 2042 1914 ⁸⁸,

465 1947 747 2018 principes
803 1945 994 2000 mundi
1049 1961 1194 2000 verse
1247 1943 1528 2014 religionis
1554 1952 1801 1998 exsortes
1860 1949 2041 1997 erant.

464 2037 622 2092 Adde
674 2035 820 2105 quod
869 2034 1123 2091 etiamin
1170 2049 1324 2089 saera
1357 2033 1634 2088 oblatione
1677 2031 1934 2086 sacerdos
1962 2031 2045 2086 sic

463 2137 727 2200 precatur
757 2145 770 2180 :
808 2146 824 2178 ι
848 2128 1142 2191 Memento,
1176 2126 1428 2189 Domine,
1460 2126 1639 2179 omnis
1665 2124 1862 2180 animae
1887 2123 2045 2194 cujus

463 2219 786 2275 memoriam
813 2219 1072 2284 fecimus;
1123 2219 1368 2273 omnium
1397 2217 1680 2280 miserere,
1704 2225 1761 2272 et
1787 2215 2044 2272 omnibus

463 2311 686 2368 veniam
730 2309 995 2370 concede.
1035 2329 1054 2362 ι

846 2440 1411 2548 QUIES'FIO
1474 2441 1719 2530 CXI.

466 2593 608 2662 Quid
643 2595 804 2666 igitur
822 2593 857 2666 ?7
882 2608 951 2646 an
996 2599 1047 2648 et
1076 2607 1170 2661 pro
1195 2593 1430 2654 ethnicis,
1464 2600 1588 2647 ante
1625 2589 1820 2646 Christi
1844 2589 2042 2666 advert-

536 2675 648 2789 ἕνα
665 2659 906 2787 mortariis,
931 2659 1088 2720 orare
1105 2670 1329 2734 oportet,
1354 2678 1541 2733 eosque
1557 2676 1891 2732 nequaquam
1913 2659 2042 2722 diris

575 2750 784 2790 evovere

1052 2839 1456 2900 RESPONSIO.

537 2933 896 3005 Nequaquam
954 2933 1090 2990 diris
1142 2933 1440 2989 devovebis
1479 2931 1760 2987 hominem
1788 2931 1883 3002 qui
1913 2937 2040 2986 ante

466 3026 670 3086 Christi
701 3026 999 3084 adventum
1023 3024 1318 3082 defunctus
1347 3033 1463 3088 est;
1498 3039 1626 3084 nam
1650 3033 1706 3079 et
1741 3024 1807 3080 ad
1839 3023 2044 3079 inferos
2070 3063 2113 3124 α

464 3117 788 3190 praedicatio
839 3118 1140 3174 Salvatoris
1199 3117 1470 3190 pervenit.
1526 3116 1770 3172 Primum
1821 3117 2045 3187 quidem

461 3209 682 3265 Joanne
710 3223 1053 3280 praecursore
1078 3207 1359 3265 Christum
1388 3207 1501 3263 illic
1529 3206 1927 3272 annuntiante;
1951 3207 2049 3262 de-

467 3295 604 3356 inde
651 3300 776 3372 ipso
807 3299 1032 3356 Christo
1059 3301 1415 3372 praedicante,
1462 3298 1624 3374 413
1659 3299 1727 3359 de
1776 3307 1887 3368 quo
1917 3297 2048 3352 audi

465 3391 608 3462 quid
660 3401 886 3448 sanctus
931 3392 1130 3450 Petrus
1159 3393 1368 3449 scribat
1401 3409 1416 3446 :
1459 3410 1477 3443 ι
1507 3392 1568 3446 In
1601 3406 1712 3462 quo
1736 3399 1793 3446 et
1834 3389 1924 3445 his
1953 3387 2049 3458 qui

471 3481 531 3538 in
559 3497 778 3538 carcere
807 3492 969 3538 erant
1001 3483 1307 3552 spiritibus,
1337 3482 1566 3538 veniens
1589 3481 1930 3552 praedicavit.
1952 3479 2049 3550 qui

472 3568 747 3625 increduli
790 3569 1011 3625 fuerant
1059 3569 1357 3641 aliquando
1395 3571 1465 3626 ³⁸.
1504 3590 1522 3622 ι
1575 3570 1774 3627 Fertur
1824 3570 2050 3638 antiqua

473 3663 699 3719 traditio
734 3663 802 3720 de
849 3664 1178 3722 scholastico
1225 3664 1462 3735 quodam
1515 3663 1610 3736 qui
1646 3663 1818 3718 multa
1847 3662 2050 3733 probra

473 3753 530 3826 in
563 3754 848 3810 Platonem
881 3755 1269 3825 philosophum
1309 3755 1568 3826 iaciebat,
1615 3753 1702 3808 eui
1745 3751 2049 3808 secundum

469 3825 715 3912 quietem
763 3843 1020 3912 apparuit
1061 3845 1238 3908 Plato,
1272 3825 1509 3913 eumque
1558 3843 1637 3898 sic
1684 3841 1883 3898 allatus
1921 3849 2046 3895 est:

473 3929 622 3986 Heus
653 3941 731 3994 tu.
767 3931 959 3988 desine
999 3949 1029 3988 a
1080 3933 1388 4006 maledictis
1424 3933 1480 3988 in
1517 3948 1603 3987 me
1645 3931 1950 3994 vibrandis,
1980 3945 2050 3990 ne

469 4021 608 4091 quid
652 4023 782 4076 mali
831 4023 932 4076 tibi
981 4038 1249 4079 accersas.
1281 4023 1546 4080 Peecator
1589 4013 1688 4088 fui,
1722 4039 1833 4078 non
1889 4038 2047 4092 nego.

469 4109 766 4177 Caeterum,
815 4111 1038 4182 quando
1077 4112 1336 4168 Christus
1385 4113 1452 4169 ad
1486 4112 1696 4168 inferos
1743 4111 2048 4176 descendit,

469 4210 602 4258 ante
635 4217 828 4258 omnes
875 4203 1015 4258 alios
1063 4218 1165 4275 ego
1203 4204 1258 4257 in
1286 4203 1441 4263 illum
1491 4203 1724 4260 credidi.
1771 4203 1896 4258 ll:ec
1926 4218 2051 4256 cum

470 4291 655 4357 audis,
700 4307 769 4347 ne
819 4307 1048 4348 censeas
1090 4293 1146 4348 in
1198 4293 1416 4349 inferno
1460 4309 1677 4364 semper
1705 4291 1825 4348 dari
1873 4293 2052 4363 penni-

2144 1851 2272 1906 σθαι
2311 1852 2452 1923 ὑπὲρ
2499 1851 2787 1923 βασιλέων,
2843 1853 2939 1906 καὶ
2973 1852 3196 1907 πάντων
3241 1851 3348 1906 τῶν
3389 1853 3445 1904 ἐν
3475 1851 3722 1921 ὑπεροχῇ

2142 1943 2334 1998 ὄντων.
2395 1943 2604 2006 Πάντες
2647 1943 2698 1996 οἱ
2762 1943 3027 2014 βασιλεῖς,
3080 1946 3175 1998 καὶ
3223 1943 3275 1998 οί
3313 1944 3567 2014 ἄρχοντες
3624 1940 3722 1994 τοῦ

2144 2037 2353 2106 κόσμου
2386 2035 2615 2089 ἐλειεινολ⁵
2644 2034 2914 2106 ὑπῆρχον.
2969 2035 3118 2107 Πλὴν
3149 2037 3233 2090 ὅτι
3276 2039 3372 2094 καὶ
3406 2038 3463 2088 ἐν
3497 2038 3564 2106 τῇ
3593 2035 3728 2106 ἁγίᾳ

2143 2126 2508 2203 ⁸ιιῇοσκομιδῇ.
2538 2132 2570 2184 ὀ
2601 2131 2782 2201 ἱερεὺς
2802 2129 2945 2184 οὕτω
2972 2131 3217 2188 δυσωπεῖ
3246 2129 3339 2183 τὸν
3355 2129 3490 2182 Θεὸν
3515 2127 3690 2196 λέγων
3706 2143 3724 2162 ·

2149 2240 2168 2278 t
2198 2221 2504 2293 Μνήσθητι,
2537 2222 2735 2291 Κύριε,
2767 2221 2952 2292 πάσης
3003 2222 3182 2292 ψυχῆς
3221 2215 3298 2275 ὧν
3345 2220 3718 2292 ἐμνήσθημεν,

2143 2315 2237 2370 καὶ
2269 2316 2476 2379 πάντας
2503 2314 2750 2386 ἐλέησον,
2781 2315 2877 2368 καὶ
2902 2315 3113 2379 πάντας
3143 2312 3531 2385 συγχώρησον.
3570 2331 3590 2364 ι

2518 2449 3050 2535 ΕΡΩΤΗΣΙΣ
3123 2444 3351 2534 ΡΙΑ’.

2147 2585 2210 2639 Τί
2233 2581 2395 2666 apri
2431 2588 2528 2641 καὶ
2570 2589 2693 2666 {07(-
2725 2590 2989 2666 Ἕλλησι
3018 2591 3147 2666 τοῖς
3181 2588 3726 2666 τελευτήσασι.πῴ

2211 2659 2321 2732 τῆς
2349 2659 2606 2732 Χριστοῦ
2654 2663 3014 2728 παρουσίας,
3056 2661 3148 2716 δεῖ
3177 2661 3483 2732 εὔχεσθαι,
3511 2659 3610 2716 καὶ
3639 2659 3726 2732 μὴ

2212 2726 2690 2798 ἁναθεματίῶιη

2735 2837 3129 2894 ΑΠΟΚΡΙΣΙΣ.

2213 2926 2498 2996 Μηδαμῶς
2529 2927 2944 3004 ἀναθεματίσῃς
2967 2930 3260 3002 ἄνθρωπον
3285 2929 3391 3000 πρὸ
3415 2927 3510 2998 τῆς
3531 2927 3724 2998 ἐπιδη-

2150 3019 2276 3090 μίας
2321 3018 2560 3090 Χριστοῦ
2591 3021 2996 3093 τελευτήσαντα
3023 3039 3038 3055 °
3071 3024 3169 3077 καὶ
3199 3025 3258 3078 ἐν
3303 3021 3382 3093 τῷ
3423 3021 3522 3094 ᾅδῃ
3555 3037 3728 3090 προσ-

2147 3111 2294 3178 ἁπαξ
2322 3113 2418 3166 καὶ
2448 3111 2610 3176 μόνον
2642 3113 2863 3183 ἐγένετο
2890 3113 2952 3168 τὺ
2979 3115 3222 3186 Χριστοῦ
3259 3115 3544 3187 κήρυγμα.
3583 3116 3729 3184 [ipo-

2145 3201 2327 3258 λαϐὼν
2349 3202 2460 3274 γὰρ
2505 3205 2764 3276 Ἰωάννης
2806 3207 2834 3260 ὁ
2876 3205 3188 3278 πρόδρομος
3233 3207 3469 3279 ἐκήρυξε
3507 3207 3733 3260 κάκεῖσε

2145 3295 2238 3348 τὸν
2279 3296 2517 3366 Χριστόν
2540 3314 2553 3328 ο
2584 3297 2676 3352 καὶ
2700 3297 2936 3351 ἄκουσον
2965 3296 3060 3352 τοῦ
3093 3296 3250 3366 ἁγίου
3286 3297 3500 3368 Πέτρου
3545 3297 3733 3366 λέγονο

2147 3405 2237 3453 τος
2264 3388 2398 3461 περὶ
2423 3389 2686 3460 Χριστοῦ,
2731 3391 2815 3444 ὅτι
2871 3409 2890 3442 ι
2913 3391 3228 3462 Πορευυεὶς,
3261 3391 3452 3461 φησιν,
3501 3387 3733 3460 ἐκήρυξε

2147 3481 2378 3543 καὶτοῖς
2421 3480 2482 3533 ἐν
2519 3479 2620 3552 ᾅδῃ
2654 3478 2673 3519 ι
2703 3480 2983 3546 πνεύμασι
3018 3483 3134 3546 τοῖς
3161 3498 3295 3536 ποτε
3324 3479 3684 3553 ἀπειθήσασι.
3709 3497 3727 3530 ι

2147 3570 2260 3624 Καὶ⁵
2310 3569 2408 3624 νῦν
2433 3571 2660 3640 φέρεται
2707 3572 2789 3637 είς
2833 3571 3070 3642 ἀρχαίας
3113 3571 3466 3642 παραδόσεις,
3519 3570 3602 3624 ὃτι
3650 3586 3735 3633 τις

2151 3664 2506 3735 σχολαστικὸς
2555 3665 2728 3722 πολλὰ
2782 3667 3140 3738 κατηράσατο
3183 3666 3282 3720 τὸν
3327 3667 3594 3733 Πλάτωνα
3641 3665 3735 3718 τὸν

2150 3757 2466 3828 φιλόσοφον.
2490 3759 2751 3822 Φαίνεται
2777 3756 2872 3816 οὖν
2893 3761 3045 3831 αὐτῷ
3076 3761 3200 3822 καθ’
3220 3759 3424 3824 ὕπνους
3449 3762 3477 3814 ὁ
3511 3759 3736 3814 Πλάτων

2147 3850 2361 3920 λέγων·
2420 3852 2750 3922 Ἄνθρωπε,
2823 3853 3034 3914 παῦσαι
3090 3854 3184 3911 τοῦ
3241 3853 3588 3925 καταρᾶσθαι
3643 3870 3734 3923 με,

2151 3944 2380 4002 σεαυτὸν
2411 3945 2521 4016 γὰρ
2552 3945 2833 4016 βλάπτεις,
2859 3947 2942 4002 ὅτι
2979 3945 3080 4018 μὲν
3104 3947 3390 4018 ἄνθρωπος
3413 3945 3738 4022 ἁμαρτωλὸς

2149 4037 2378 4105 γέγονα·
2405 4037 2505 4100 οὐκ
2530 4037 2819 4110 ἀρνοῦμαι.
2847 4039 2992 4112 Πλὴν
3009 4039 3364 4104 κατελθόντος
3387 4039 3480 4094 τοῦ
3497 4037 3736 4112 Χριστοῦ

2151 4129 2213 4180 ἐν
2261 4127 2338 4198 τῷ
2385 4127 2513 4201 ᾄδῃ,
2551 4128 2724 4194 ὅντως
2757 4129 2934 4194 οὐδεὶς
2979 4131 3272 4186 ἐπίστευσε
3321 4129 3430 4202 πρὸ
3475 4128 3608 4200 ἐμοῦ
3657 4130 3739 4195 εἰς

2151 4220 2338 4275 αὐτόν.
2371 4221 2558 4275 Ταῦτα
2587 4220 2643 4276 δέ
2669 4221 2908 4287 ἁκούων,
2939 4222 3016 4294 μὴ
3046 4223 3276 4296 νομίσῃς
3323 4217 3465 4276 εἶναι
3505 4220 3739 4274 πάντοτε

2155 4314 2214 4366 ἐν
2252 4311 2331 4381 τῷ
2363 4311 2464 4384 ᾄδῃ
2513 4312 2834 4382 μετάνοιανο
2895 4313 3046 4379 ἅπαξ
3085 4315 3196 4386 γὰρ
3241 4313 3336 4368 καὶ
3387 4313 3548 4384 μόνον
3582 4310 3740 4366 τοῦτο

474 4383 662 4438 tentia:
695 4384 898 4439 locum.
924 4383 1106 4441 Semel
1133 4385 1187 4440 id
1223 4385 1444 4449 accidit,
1468 4383 1688 4456 quando
1714 4385 2047 4456 Redemptor

2153 4383 2506 4473 γέγονεν,
2560 4404 2798 4476 Χριστὸς
2825 4405 2884 4458 ἐν
2938 4407 3052 4470 τοῖς
3093 4383 3478 4476 καταχθονίοις
3501 4403 3738 4476 κατελή-

473 4484 664 4532 noster
713 4477 783 4532 ad
827 4478 946 4532 loca
998 4479 1359 4534 subterranea
1397 4477 1704 4541 descendit,
1755 4486 1814 4532 ut
1858 4491 2054 4534 omnes

470 4569 566 4638 qui
609 4583 641 4623 a
686 4569 909 4624 condito
944 4569 1152 4626 mundo
1180 4569 1437 4626 obierant
1471 4568 1752 4624 inviseret.

789 4699 1354 4808 QUIESTIO
1427 4701 1712 4790 CXII.

471 4843 615 4902 Num
645 4863 826 4902 verum
851 4853 928 4901 est
956 4846 1232 4901 mulierem
1262 4846 1418 4902 illam
1445 4847 1825 4917 pythonissam,
1857 4845 2045 4905 Saulis

721 4925 935 4990 rogatu,
965 4917 1270 4973 Samuelem
1290 4933 1410 4973 vere
1437 4919 1688 4972 excitasse
1722 4917 1806 4971 '3?

1053 5024 1456 5082 RESPONSIO.

545 5117 774 5188 Utique,
811 5119 946 5190 quia
984 5119 1041 5174 in
1082 5128 1358 5190 potestate
1401 5119 1612 5176 diaboli
1651 5130 1813 5178 erant
1863 5137 2053 5181 omnes

474 5217 587 5263 tam
647 5210 924 5278 iustorum
977 5225 1144 5280 quam
1197 5209 1529 5280 iniustorum
1579 5211 1820 5276 animae,
1875 5211 2056 5269 donec

471 5297 728 5355 Christus
768 5301 835 5355 ad
874 5300 1082 5355 inferos
1119 5300 1422 5370 profectus,
1441 5301 1512 5357 iis
1563 5302 1658 5372 qui
1712 5283 1770 5358 in
1819 5302 2055 5359 vinculis

473 5387 854 5445 attinebantur
883 5389 1026 5448 dixit
1062 5408 1074 5444 :
1119 5389 1300 5446 Exite.
1349 5389 1495 5448 Audi
1541 5389 1797 5460 Paulum,
1847 5392 1940 5464 qui
1975 5392 2055 5454 ait

2155 4496 2309 4562 λυθε,
2373 4499 2500 4562 τοὺς
2561 4497 2658 4552 ἀπ’
2732 4498 2932 4563 αἰῶνος
2999 4499 3443 4571 κεκοιμημένους
3514 4495 3739 4552 ἐπισκέο

2155 4586 2377 4657 quem.

2549 4711 3082 4797 ΕΡΩΤΗΣΙΣ
3146 4708 3351 4795 ΡΙΒ’.

2157 4844 2312 4918 Ἀρα
2335 4849 2562 4920 ἀληθὲς
2587 4848 2675 4920 ὅτι
2717 4851 2824 4903 τὸν
2859 4850 3144 4920 Σαμουὴλ
3177 4849 3217 4916 ἡ
3263 4847 3740 4920 ἐγγαστρίμυθος

2509 4918 2817 4990 ἀνήγαγεν
2863 4918 2964 4974 ἐπὶ
3003 4921 3109 4975 τοῦ
3153 4919 3390 4984 idem;

2733 5031 3124 5090 ΔΠΟΚΡΙΣΙΣ.

2230 5123 2358 5188 Ναὶ,
2388 5123 2493 5177 ὑπὸ
2523 5117 2624 5190 τὴν
2661 5125 2822 5195 χεῖρα
2865 5122 2962 5178 τοῦ
3007 5121 3258 5180 διαὸόλου
3288 5123 3549 5194 ὑπῇρχον.
3567 5121 3738 5174 πᾶσαι

2157 5212 2216 5268 αῖ
2258 5212 2450 5284 ψυχαὶ,
2495 5211 2608 5269 τῶν
2653 5213 2824 5282 ἁγίων
2856 5213 2955 5272 καὶ
2996 5213 3108 5268 τῶν
3135 5212 3503 5284 ἁμαρτωλῶν,
3549 5212 3656 5275 ἐως
3677 5201 3740 5264 οῦ

2156 5301 2438 5357 κατελθὼν
2459 5301 2519 5356 ἐν
2545 5301 2624 5373 τῷ
2645 5301 2748 5374 ᾅδῃ
2783 5305 2813 5355 ὁ
2839 5301 3101 5374 Χριστὸς,
3124 5297 3252 5354 εἷπε
3275 5302 3387 5364 τοῖς
3412 5301 3471 5353 ἐν
3492 5298 3736 5369 δεσμοῖς,

2169 5396 2471 5463 Ἐξέλθετε,
2489 5383 2584 5456 καὶ
2609 5398 2720 5463 τοῖς
2744 5391 3615 5468 κατεχομένοις,Ὲλευθερώθητε.
3629 5387 3740 5444 Καὶ

547 5503 592 5534 ³⁸
621 5503 642 5559 1
667 5503 811 5559 Tim.
834 5520 892 5569 ιι,
920 5504 975 5559 Ξ.
1048 5505 1133 5561 ³⁸1
1163 5506 1313 5561 Petr.
1347 5521 1426 5571 nt,
1454 5505 1542 5562 19.
1619 5506 1666 5540 ”
1699 5505 1720 5561 1
1751 5507 1889 5578 Reg.
1919 5522 2122 5582 xxvrn,
2159 5512 2250 5569 il.

1781 5623 2019 5683 ῩΔΠΙᾹζ
2048 5623 2447 5683 LECTIONES.

617 5712 717 5769 Hic
743 5713 898 5770 deest
921 5715 1148 5787 aliquid.
1227 5727 1248 5756 ³
1275 5717 1510 5788 φυλακῇ.
1559 5733 1573 5750 ·
