4056 6454
441 373 550 436 767

1654 375 1717 435 S.
1758 372 2160 434 ANASTASII
2202 369 2528 434 SINAITIE

3618 367 3730 428 768

444 484 612 540 aeris.
663 479 921 538 Arbitror
964 481 1134 553 igitur
1177 481 1295 537 fieri
1340 496 1502 553 posse
1530 491 1591 538 ut
1636 482 1783 552 quis,
1834 481 2032 536 volun-

2145 480 2395 545 πολλάκις
2426 479 2686 552 βουλήσει
2713 471 2859 552 Θεοῦ,
2876 479 3168 549 διαφυγεῖν
3204 479 3268 533 ἔκ
3305 478 3474 532 τόπου
3502 481 3586 543 είς
3614 480 3734 536 ἑτέ-

444 585 558 632 tate
605 576 727 640 Dei,
768 563 1155 647 contagionem
1186 576 1336 631 illam
1361 592 1484 647 quae
1514 585 1600 632 est
1638 592 1707 631 ex
1729 592 1857 632 aere
1889 578 2032 632 etfu-

445 668 580 739 giat,
621 665 846 737 quando
892 682 953 723 se
1004 667 1073 722 ad
1127 668 1234 723 alia
1270 667 1389 723 loca
1438 667 1682 723 salubria
1725 668 2028 736 transfert;

448 757 597 813 illam
627 773 759 813 vero
788 773 911 828 qum
939 773 1007 812 ex
1045 758 1479 814 comminatione
1509 759 1606 814 Dei
1632 759 1892 825 infertur,
1916 776 2031 816 non

447 850 687 921 effugies
730 865 1064 920 quocunque
1113 849 1310 921 fugias,
1341 851 1559 906 etiamsi
1589 851 1695 907 sub
1728 852 1835 908 ima
1869 861 2033 909 terra:

447 951 746 1011 penetres;
796 941 892 997 sed
946 942 1294 998 moriendum
1355 944 1482 999 erit.
1530 943 1586 999 Si
1642 954 1825 999 tamen
1882 961 2033 1002 mors

448 1033 688 1088 necdum
726 1034 991 1089 adversus
1024 1033 1179 1087 illum
1226 1034 1450 1090 decreta
1472 1043 1577 1098 est.
1604 1052 1713 1092 non
1740 1036 2032 1093 morietur.

448 1124 623 1179 Nemo
675 1139 807 1179 vero
861 1139 986 1178 cum
1041 1124 1200 1180 audit
1262 1141 1365 1181 nos
1406 1142 1655 1183 asserere
1713 1128 2033 1199 pestiferam

449 1218 832 1287 contagionem
878 1233 945 1273 ex
989 1233 1119 1274 aere
1172 1219 1331 1284 oriri,
1362 1221 1641 1275 existimet
1670 1236 1791 1276 eam
1824 1222 2035 1293 absque

451 1306 547 1363 Dei
596 1317 734 1363 nutu
788 1309 944 1364 oriri.
992 1308 1272 1381 Scriptum
1322 1320 1407 1367 est
1454 1312 1653 1368 enim:
1695 1332 1715 1365 ι
1748 1313 1867 1369 Duo
1915 1330 2039 1385 pas-

451 1415 604 1455 seres
648 1400 917 1470 dipondio
943 1412 1208 1468 veneunt,
1237 1412 1294 1459 et
1323 1420 1469 1461 unus
1495 1422 1563 1460 ex
1597 1406 1706 1461 illis
1742 1423 1854 1463 non
1886 1408 2039 1465 cadit

452 1505 621 1559 super
656 1500 858 1546 terram
904 1491 1112 1564 absque
1146 1495 1432 1551 voluntate
1475 1497 1654 1552 Patris
1683 1499 1792 1555 mei
1842 1499 1938 1569 qui
1978 1499 2035 1555 in

450 1581 606 1636 emlis
648 1590 734 1637 est
777 1584 843 1639 ⁸⁸.
883 1602 904 1636 ι
942 1584 1309 1653 Quamobrem
1360 1589 1545 1643 omnia
1582 1604 1705 1659 qua:
1765 1590 1939 1645 stellae
1984 1599 2042 1647 et

451 1670 574 1725 alia:
624 1682 897 1729 creatura:
937 1676 1268 1732 naturaliter
1300 1675 1564 1745 efﬁciunt,
1610 1679 1706 1734 Dei
1745 1685 1884 1735 nutu
1920 1678 2039 1735 eiii-

453 1762 697 1819 ciuntur.

788 1897 1356 2003 QUIES'I‘IO
1427 1902 1699 1996 CXV.
1750 1924 1754 1928 '

453 2041 595 2097 Num
646 2045 791 2098 debet
838 2044 1168 2106 Christianus
1219 2050 1315 2106 illo
1360 2053 1444 2106 die
1488 2071 1588 2123 quo
1642 2053 2039 2110 Eucharistiam

523 2124 831 2223 enimpgurus
858 2128 956 2186 est,
987 2137 1019 2174 a
1065 2124 1295 2193 propria:
1335 2126 1515 2179 uxoris
1559 2141 1841 2197 congressu
1872 2126 2038 2181 absti-

527 2201 559 2223 η
598 2201 650 2223 νο

525 2200 650 2239 nere
670 2200 680 2238 Ξ

1041 2283 1445 2343 RESPONSIO.

522 2368 756 2435 Quando
801 2372 972 2428 David
1024 2384 1081 2430 ct
1114 2378 1249 2433 socii
1298 2381 1418 2451 ejus
1451 2379 1838 2439 manducaturi
1880 2394 2040 2439 erant

449 2475 623 2530 panes
676 2466 1096 2534 propositionis,
1148 2470 1244 2540 qui
1292 2474 1543 2542 corporis
1571 2473 1775 2531 Christi
1809 2474 2038 2546 figuram

448 2551 737 2622 gerebant,
778 2554 941 2628 415
988 2559 1092 2614 hoc
1140 2571 1270 2617 ante
1321 2564 1505 2618 omnia
1543 2581 1609 2621 ex
1660 2566 1866 2623 Davide
1914 2584 2042 2639 per-

448 2653 710 2702 contatus
749 2657 835 2703 est
866 2649 1131 2706 Abiathar
1181 2651 1553 2727 [Abimelech]
1592 2656 1843 2726 pontifex
1879 2678 1892 2714 :
1930 2679 1948 2711 ι
1980 2660 2038 2715 Si

452 2738 658 2793 munda
711 2751 842 2794 sunt
892 2758 1017 2797 vasa
1053 2759 1356 2813 puerorum
1400 2763 1429 2801 a
1487 2748 1860 2806 mulieribus?
1895 2771 1913 2803 ι
1971 2752 2040 2808 Et

452 2829 678 2896 quando
728 2832 932 2887 munda
977 2849 1100 2890 esse
1148 2836 1427 2906 cognovit,
1458 2844 1589 2894 tunc
1621 2839 1891 2911 impertiit
1932 2844 2040 2899 illis

452 2935 624 2989 panes
668 2923 733 2977 ³⁸.
777 2924 1001 2990 Verum,
1055 2930 1322 2999 quoniam
1370 2946 1463 2987 res
1523 2941 1728 2989 nostra:
1772 2935 1841 2990 ad
1885 2951 2037 2991 sum-

453 3028 599 3068 mam
647 3015 923 3072 miseriam
980 3019 1234 3077 adductae
1263 3030 1415 3089 sunt,
1467 3024 1513 3079 si
1566 3041 1635 3081 ex
1694 3026 1895 3083 itinere
1944 3037 2040 3084 aut

453 3121 685 3177 peregre
715 3108 900 3174 rediit,
928 3110 1181 3167 fortassis
1223 3114 1443 3170 veniam
1485 3116 1790 3173 merehitur
1839 3118 1911 3173 ob
1942 3134 2038 3175 co-

454 3197 662 3274 pulum,
712 3199 1014 3258 dummodo
1067 3203 1313 3275 seipsum
1343 3206 1416 3263 ob
1460 3208 1568 3265 hoc
1606 3209 1848 3275 damnet,
1891 3220 1949 3267 et
1983 3213 2040 3267 in

454 3291 671 3347 caeteris
707 3294 985 3351 emendet.

770 3428 1339 3533 QUIESTIO
1414 3436 1748 3529 CXVI.

457 3569 599 3638 Quid
627 3573 847 3643 faciam,
881 3578 928 3632 si
951 3580 1016 3634 ab
1031 3581 1296 3663 .hwreticia
1338 3584 1403 3640 de
1418 3584 1897 3663 ﬁde‘interroger,
1943 3610 2038 3649 nec

956 3650 1164 3707 valeam
1200 3650 1518 3727 respondere
1536 3660 1564 3713 7

1073 3765 1474 3828 RESPONSIO.

531 3849 703 3921 Loqui
733 3851 801 3908 de
827 3853 931 3911 fide
958 3871 1069 3913 non
1093 3860 1270 3916 solum
1287 3862 1411 3929 tibi,
1436 3848 1531 3935 qui
1563 3866 1825 3939 ignorans
1840 3887 1920 3936 es,
1948 3875 2046 3929 sed

458 3954 517 3997 et
544 3945 784 4001 eruditis
829 3949 1143 4018 periculum
1174 3953 1357 4013 affert.
1395 3957 1497 4014 Dic
1532 3960 1703 4032 igitur
1741 3966 2047 4024 sciscitanti

460 4034 672 4105 aliquid
706 4054 773 4093 ex
824 4048 912 4095 te:
950 4042 1066 4115 Ego
1091 4045 1259 4102 homo
1288 4047 1462 4105 idiota
1509 4061 1567 4108 et
1611 4053 1871 4113 indoctus
1899 4075 2043 4115 sum.

462 4125 593 4191 Sed,
627 4130 672 4184 si
704 4130 758 4185 in
797 4133 1035 4190 veritate
1086 4139 1374 4195 veritatem
1423 4144 1648 4212 quaeris,
1680 4148 1807 4202 veni
1841 4149 1908 4203 ad
1939 4150 2047 4206 Ec-

460 4219 706 4290 clesiam,
739 4231 796 4278 et
818 4223 894 4279 ibi
916 4241 1102 4282 veram
1135 4231 1401 4299 pietatem
1434 4233 1635 4291 disces.

682 4417 1249 4522 QUAESTIO
1326 4430 1666 4524 CXVII
1730 4415 1851 4525 (ι).

460 4559 546 4616 Au
594 4573 796 4653 nonest
821 4565 1003 4653 aliqua
1037 4575 1404 4653 compendiosa
1436 4582 1576 4634 ratio
1615 4599 1723 4653 qua
1760 4585 1915 4640 homo
1951 4603 2046 4641 ru-

637 4633 717 4688 dis
756 4633 1044 4695 instructus
1083 4633 1329 4701 heretico
1350 4633 1869 4723 occurrere,

1047 4756 1451 4820 RESPONSIO.

532 4840 607 4896 De
634 4841 740 4899 hoc
766 4847 956 4917 accipe
980 4848 1209 4907 brevem
1240 4853 1799 4928 disputatiunculam,
1828 4877 1939 4918 non
1967 4863 2043 4918 ita

459 4932 673 5026 pridem
716 4935 1064 4998 Alexandriae
1120 4945 1453 5005 institutam.
1507 4950 1837 5026 Congregati
1895 4956 2044 5011 enim

462 5024 769 5119 Deveriani,
793 5031 1064 5091 Gaianitae
1095 5047 1152 5092 et
1173 5038 1641 5114 Barsanuphiani,
1673 5024 1818 5117 apud
1854 5064 2049 5119 quem-

460 5116 585 5208 dam
622 5120 909 5180 indoctum
954 5128 1181 5198 quidem
1209 5147 1490 5202 sermone,
1547 5116 1887 5208 prudentem
1911 5157 2047 5198 vero

462 5207 517 5261 in
545 5211 797 5281 Domino,
829 5219 1114 5278 catholicae
1136 5222 1263 5281 fidei
1296 5207 1653 5296 sectatorem,
1684 5245 1810 5286 cum
1848 5232 2045 5288 eodem

462 5297 532 5353 de
566 5301 671 5358 (ide
723 5307 1128 5381 disceptabant.
1173 5317 1543 5391 Interrogavit
1598 5322 1768 5392 igitur
1810 5324 1955 5391 illos,
1996 5327 2043 5382 si

537 5442 581 5474 ³⁸
605 5441 741 5499 Luc.
766 5461 860 5512 xu,
887 5447 942 5503 6.
1018 5451 1062 5483 ³⁸
1086 5452 1105 5506 1
1139 5452 1274 5522 Reg.
1303 5470 1415 5519 χιιι,
1452 5454 1575 5511 4ο6.

2136 588 2261 640 ρους
2302 572 2615 639 ὕγιοποιοὺς
2663 570 2835 642 ἀέρας
2874 572 2971 626 καὶ
3008 573 3231 638 τόπους,
3271 573 3373 643 τὴν
3412 573 3479 624 ὲκ
3519 571 3736 644 φθορᾶς

2131 665 2314 735 ἀέρων
2349 663 2647 735 γινομένην
2684 664 2898 735 Θνῆσιν.
2924 663 3037 735 Τὴν
3069 665 3127 719 δὲ
3154 663 3297 718 κατὰ
3328 662 3468 717 Θεοῦ
3496 663 3736 738 ἀπειλὴν

2135 757 2567 827 ἐπιφερομένην,
2599 755 2694 810 ἐὰν
2722 752 2816 810 οὖν
2844 752 2954 828 ἄρα
2982 757 3080 810 καὶ
3116 756 3197 820 είς
3225 756 3569 826 θνήσκοντας
3605 772 3731 811 κατ’

2135 848 2307 920 ετάγη
2332 852 2360 902 ό
2383 849 2626 919 φεύγων,
2656 849 2921 903 ἀδύνατον
2952 850 3116 903 αὑτὸν
3145 848 3220 919 μὴ
3240 849 3567 914 ἀποθανεῖν,
3594 850 3723 903 ὅπου

2136 942 2231 995 ἐὰν
2265 941 2438 1013 φύγῃ.
2478 944 2539 995 Et
2571 941 2628 996 δὲ
2667 942 2768 996 οὐκ
2804 941 3088 1012 ὲπεφάνθη
3134 950 3163 978 ι
3205 941 3438 1005 θάνατος
3466 940 3567 994 νῦν
3609 943 3728 997 κατ’

2136 1034 2329 1097 αὐτοῦ,
2373 1034 2473 1085 οὐκ
2503 1033 2863 1103 ἀποθνήσκει.
2920 1032 3131 1104 Μηδεὶς
3179 1031 3237 1085 δὲ
3274 1034 3523 1097 ἀκούσας
3572 1036 3734 1106 ἡμῶν

2136 1125 2437 1197 εἰρηκότων
2472 1125 2531 1193 ἐξ
2559 1126 2738 1197 ἀέρων
2762 1125 3055 1196 γινομένην
3080 1125 3293 1196 θνῆσιν,
3320 1128 3537 1195 νομξσει
3561 1129 3735 1201 χωρὶς

2136 1217 2275 1271 Θεοῦ
2305 1217 2512 1287 ταύτην
2545 1217 2811 1287 γίνεσθαι.
2835 1219 3154 1290 Είρήκαμεν
3185 1219 3316 1290 γὰρ,
3348 1221 3430 1274 ὅτι
3462 1240 3481 1270 ι
3503 1220 3633 1286 Δύο,
3655 1219 3734 1287 ὡς

2138 1312 2473 1383 γέγραπται,
2522 1312 2785 1382 στρουθία
2826 1312 3093 1382 ἀσσαρίου
3134 1312 3418 1377 πωλεῖται,
3449 1314 3547 1368 καὶ
3580 1314 3641 1368 ἓν
3674 1316 3737 1381 ἐξ

2140 1402 2322 1456 αὐτῶν
2344 1403 2404 1456 οὐ
2429 1405 2682 1455 πεσεῖται
2707 1402 2802 1456 ἐπὶ
2831 1404 2930 1474 τῆς
2954 1404 3059 1472 γῆς
3097 1402 3227 1455 ἀνευ
3258 1402 3353 1457 τοῦ
3380 1404 3598 1475 Πατρός
3628 1423 3733 1476 μου

2137 1495 2234 1550 τοῦ
2279 1498 2337 1549 ὲν
2360 1497 2472 1559 τοῖς
2512 1495 2785 1565 οὐρανοῖς.
2815 1514 2835 1547 ι
2868 1495 3090 1567 Διόπερ,
3112 1496 3205 1549 καὶ
3238 1496 3383 1568 ἅπερ
3411 1498 3461 1550 οἱ
3500 1498 3733 1569 ἀστέρες

2143 1589 2235 1641 καὶ
2282 1590 2314 1661 ή
2363 1589 2544 1654 κτίσις
2577 1590 2729 1643 πᾶσα
2763 1587 3011 1659 φυσικῶς
3042 1591 3279 1661 ἐνεργεῖ,
3314 1589 3550 1662 νεύματι
3592 1591 3730 1646 Θεοῦ

2143 1681 2500 1735 ἐπιτελεῖται.

2519 1894 3054 1983 ΕΡΩΤΗΣΙΣ
3118 1891 3336 1983 ΡΙΕ’.

2144 2029 2286 2112 Ἆρα
2305 2034 2649 2112 Δὰᾼπαιτεῖτᾳι
2677 2038 3036 2112 Χριστιανὸς
3058 2036 3349 2112 τῇήμέρᾳ
3372 2037 3576 2112 ἐκείνῃ
3595 2033 3737 2112 ὲν·λῇ

2206 2105 2419 2178 μέλλει
2437 2108 2924 2178 μεταλαμϐάνειν
2952 2105 3593 2178 παραφυλάξασθαιίέκ
3621 2105 3731 2178 τῆξ

2213 2174 2362 2239 ἰδίας
2390 2174 2697 2243 γυναικὸς,
2724 2178 2820 2230 καί
2839 2177 2926 2245 μὴ
2955 2174 3350 2248 προσεγγίσαι
3379 2177 3567 2247 aerii;

2739 2291 3133 2348 ΑΠΟΚΡΙΣΙΣ.

2217 2382 2347 2435 Ὅτε
2396 2381 2625 2454 ἔμελλεν
2659 2385 2687 2437 ὁ
2731 2383 2920 2449 Δαϐὶδ,
2977 2386 3073 2438 καὶ
3120 2385 3171 2438 οῖ
3208 2385 3302 2438 σὺν
3340 2385 3484 2456 αὐτῷ
3519 2387 3722 2441 ἐσθίειν

2139 2476 2266 2539 τοὺς
2307 2475 2506 2546 ἄρτους
2539 2476 2636 2545 τῆς
2666 2476 3001 2547 προθέσεως,
3031 2477 3231 2540 οἵτινες
3258 2478 3494 2548 ὑπῆρχον
3521 2477 3726 2548 προτύ-

2140 2583 2318 2630 πωσις
2341 2566 2438 2622 τοῦ
2462 2568 2713 2640 σώματος
2739 2568 2834 2623 τοῦ
2852 2569 3113 2640 Χριστοῦ,
3143 2570 3306 2625 τοῦτο
3328 2570 3487 2634 εὐθὺς
3515 2570 3730 2642 ἠρώτη-

2142 2676 2234 2713 σεν
2284 2659 2549 2733 Ἀϐιάθαρ
2581 2669 2608 2699 V
2661 2662 2691 2715 ὁ
2721 2662 3020 2733 ἀρχιερεὺς
3056 2662 3149 2716 τὸν
3199 2662 3371 2716 Δαδῖδ
3392 2662 3591 2728 λέγων,
3623 2682 3643 2715 ι
3670 2663 3732 2716 Εἰ

2140 2753 2374 2825 καθαροί
2401 2755 2541 2808 εἰσιν
2566 2753 2676 2807 ἀπὸ
2713 2755 2905 2826 κοίτης
2942 2755 3205 2823 γυναικός
3231 2772 3245 2819 ς
3268 2775 3286 2808 ι
3325 2756 3422 2811 καὶ
3440 2757 3528 2809 ὅτε
3570 2755 3730 2825 ἔγνω.

2140 2847 2224 2900 δτι
2275 2847 2385 2912 ναὶ,
2434 2847 2556 2901 τότε
2601 2846 2839 2902 δέδωκεν
2866 2850 3052 2913 αὐτοῖς
3097 2850 3227 2915 τοὺς
3271 2850 3492 2920 ἄρτους.
3544 2849 3734 2919 Ὅμως

2142 2938 2331 3011 ἐπειδὴ
2365 2940 2446 3003 είς
2492 2938 2672 3010 ἄκραν
2707 2938 3092 3011 ταλαιπωρίαν
3136 2942 3463 3011 κατήγησαν
3510 2940 3577 2994 τά
3612 2940 3734 2996 καθ’

2142 3034 2315 3103 ἡμᾶς.
2357 3033 2404 3085 εἰ
2440 3032 2540 3103 μὲν
2578 3032 2688 3086 ἀπὸ
2735 3032 2860 3086 ὀδοῦ
2903 3050 3049 3098 τινος
3096 3035 3197 3090 καὶ
3247 3034 3409 3105 ξένης
3455 3034 3732 3107 ἐλήλυθεν,

2146 3124 2277 3187 ἴσως
2328 3120 2666 3194 συγγνώμης
2686 3113 2867 3187 τινος,
2906 3124 3101 3179 ἑαυτὸν
3142 3126 3495 3198 κατακρίνων
3538 3126 3629 3180 ἐπὶ
3658 3125 3737 3197 τῷ

2145 3215 2493 3287 συνδυασμῷ,
2510 3215 2898 3289 ἀξιωθήσεται,
2921 3206 2980 3272 ἐν
3006 3220 3119 3283 τοῖς
3144 3217 3351 3282 λοιποῖς
3374 3219 3571 3273 ἑαυτὸν
3599 3219 3740 3291 διορο

2144 3308 2240 3363 θού
2249 3326 2429 3380 μενος.

2516 3436 3050 3527 ΕΡΩΤΗΣΙΣ
3135 3434 3378 3533 PIC'.

2160 3577 2301 3632 Ἐὰν
2327 3575 2628 3645 ἐρωτῶμαι
2656 3577 2789 3646 περί
2828 3579 3088 3644 πίστεως
3116 3579 3237 3634 ὑπὸ
3268 3577 3601 3646 αἰρετικῶν,
3632 3579 3730 3632 καὶ

2289 3651 2401 3703 οὐκ
2433 3647 2759 3718 ἐπίσταμαι
2794 3648 3175 3719 δογματίσαι,
3227 3649 3285 3703 τί
3322 3648 3598 3718 ποιήσιος

2748 3759 3143 3817 ΔΠΟΚΡΙΣΙΣ.
3280 3835 3289 3842 1

2220 3856 2296 3910 Οὐ
2334 3855 2495 3925 μόνον
2529 3871 2614 3909 σοι
2643 3853 2721 3925 τῷ
2763 3853 2840 3924 μὴ
2879 3852 3237 3924 ἐπισταμένῳ
3293 3852 3557 3919 κίνδυνος,
3601 3852 3740 3906 ἀλλά

2150 3950 2245 4003 καὶ
2276 3951 2389 4013 τοῖς
2429 3947 2818 4017 ἐπισταμένοις
2846 3945 2908 4000 τὸ
2938 3946 3068 4018 περὶ
3091 3946 3330 4010 πίστεως
3356 3944 3562 4000 λαλεῖν.
3603 3945 3741 3999 Εἰπὲ

2148 4037 2243 4097 οὖν
2269 4040 2348 4113 τῷ
2380 4039 2656 4112 ὲρωτῶντί
2697 4056 2757 4093 σε
2781 4052 2798 4071 '
2854 4037 2999 4109 Ἐγὼ
3024 4037 3320 4109 ἄνθρωπος
3353 4038 3572 4111 ἰδιώτης
3601 4037 3738 4108 είμί.

2163 4134 2329 4188 Ἀλλά
2353 4132 2451 4187 ἐὰν
2479 4133 2589 4204 ἄρα
2616 4133 2711 4187 καὶ
2744 4133 2803 4186 ὲν
2843 4132 3078 4204 ἀληθείᾳ
3115 4131 3214 4202 τὴν
3253 4130 3513 4204 ἀλήθειαν
3551 4130 3739 4202 ἐπιζη-

2148 4226 2268 4295 τῇς,
2294 4222 2415 4277 ἐλθὲ
2445 4222 2584 4294 πρὸς
2614 4221 2715 4294 τὴν
2749 4221 3103 4292 Ἐκκλησίαν,
3132 4223 3298 4277 κάκεῖ
3317 4220 3613 4294 μανθάνεις
3639 4220 3742 4293 τὴν

2149 4314 2459 4370 εὐσέϐειαν.
2870 4338 2873 4341 <

2507 4450 3044 4538 ΕΡΩΤΗΣΙΣ
3116 4445 3331 4537 ΡΙΖ’.

2153 4587 2299 4649 Εἶτα
2335 4598 2448 4646 οὐκ
2481 4591 2662 4663 ἔστιν.
2699 4589 2855 4663 ὅλως
2901 4589 3157 4663 μέθοδός
3188 4609 3303 4663 τις,
3344 4591 3421 4645 δι’
3445 4587 3524 4663 ἧς
3554 4591 3738 4659 δυνή-

2346 4676 2517 4717 σεται
2547 4659 2785 4729 ίδιώτης
2805 4659 3112 4717 ἀντειπεῖν
3136 4661 3217 4729 τῷ
3241 4659 3515 4733 αἱρετικῷ
3528 4679 3549 4730 ;

2750 4776 3148 4831 ΑΠΟΚΡΙΣΙΣ.

2225 4869 2362 4941 Περὶ
2418 4867 2615 4922 τούτου
2654 4866 2889 4921 ἄκουσόν
2939 4884 3087 4931 τινος
3136 4866 3430 4936 διαλέξεως
3473 4869 3739 4940 συντόμου

2154 4958 2457 5032 γενομένης
2486 4960 2545 5012 ἐν
2582 4956 2963 5028 Ἀλεξανδρείᾳ
2987 4957 3097 5028 πρὸ
3135 4957 3324 5027 ὀλίγου
3350 4960 3566 5031 χρόνου.
3613 4961 3742 5014 Συν-

2152 5050 2536 5122 αθροισθέντες
2580 5049 2690 5121 γὰρ
2727 5048 2778 5104 oi
2812 5048 2922 5103 ἀπὸ
2945 5048 3210 5120 Σεϐήρου,
3232 5052 3327 5105 καὶ
3361 5049 3613 5118 Γαῖανοῦ,
3647 5050 3743 5105 καὶ

2152 5142 2567 5215 Βαρσανουφίου
2595 5142 2733 5211 πρός
2768 5157 2890 5194 τινα
2933 5137 3152 5211 ἰδιώτην
3182 5140 3282 5211 μὲν
3307 5140 3388 5212 τῷ
3413 5141 3576 5213 λόγῳ,
3609 5141 3740 5212 φρό-

2151 5250 2311 5305 νιμον
2359 5232 2418 5287 δὲ
2444 5234 2503 5285 ὲν
2547 5232 2761 5304 Κυρίῳ,
2788 5230 2889 5300 τὴν
2923 5230 3109 5284 πίστιν
3138 5233 3240 5301 τῆς
3277 5232 3576 5303 καθολικῆς
3621 5232 3745 5285 Ἐκ-

2151 5327 2380 5399 κλησὶας
2406 5325 2775 5399 κηρύττοντα,
2802 5323 3125 5396 διεμάχοντο
3158 5322 3297 5395 πρὸς
3334 5324 3521 5380 αὐτόν.
3566 5321 3736 5399 Ἡρών

1780 5549 2012 5606 ινΑιιΙίΕ
2053 5549 2459 5610 LECTIONES.

539 5637 563 5665 ι
600 5626 913 5697 ἀπεφάνθη.
1006 5638 1034 5676 7
1078 5629 1393 5703 Ἀϐιμέλεχ.

1981 5729 2207 5787 NCT/II.

535 5804 608 5882 (l)
641 5809 773 5867 Vide
805 5820 1000 5883 quaest.
1037 5815 1107 5870 Η
1136 5816 1203 5872 ad
1236 5818 1593 5879 Antiochum.
