4056 6436
283 369 392 434 769

1645 356 2184 432 omsrronss.
2202 337 2206 342 ’

3446 364 3553 428 770

283 505 304 538 τ
319 500 448 558 ησεν
460 473 559 536 οῦν
578 479 778 543 αὐτοὺς
800 477 975 547 λέγων
991 494 1004 510 ·
1035 475 1164 530 Ἐὰν
1187 473 1287 548 ἔχῃ
1313 474 1342 526 6
1368 473 1622 546 βασιλεὺς
1640 472 1864 542 ταμεῐα,

1983 469 2100 540 quis
2133 485 2230 524 rex
2262 467 2496 525 haberet
2541 469 2844 534 conclavia,
2901 469 3208 542 domosque
3253 473 3550 545 pretiosas,

279 577 380 631 καὶ
409 573 595 637 οῐκους
617 571 854 642 τιμίους,
879 570 1012 624 ἔνθα
1038 570 1465 639 διαπράττονται
1493 565 1564 620 τὰ
1593 565 1870 634 ἀναγκαῖα

281 667 569 738 μυστήρια
616 662 805 731 αὐτοῦ,
835 663 944 717 τίνι
977 659 1249 728 πιστεύει,
1285 661 1474 724 αὐτοῖς
1505 661 1622 722 τοῖς
1657 658 1872 720 πιστοῖς

277 750 604 830 ἀνθρώποις
633 755 824 822 αὑτοῦ,
868 755 902 827 ἢ
948 757 1062 819 τοῖς
1091 755 1382 820 ἀπίστοις;
1433 751 1671 820 Λέγουσι
1731 748 1872 820 πρὸς

274 849 450 904 αὑτὸν
480 851 680 904 ἐκεῖνοι
703 863 719 880 ·
757 846 1055 920 Πρόδηλον,
1090 847 1174 900 ὅτι
1209 848 1323 910 τοῖς
1363 843 1711 915 πιστοτέροις
1733 842 1872 894 ὅλων

273 943 394 996 τῶν
418 941 722 1014 ἀνθρώπων
756 940 920 994 αὑτοῦ
946 939 1197 993 πιστεύει
1222 940 1350 1003 τοὺς
1376 937 1656 1000 τοιούτους
1683 935 1869 997 οἴκους

271 1035 306 1089 6
335 1033 614 1106 βασιλεύς.
646 1033 781 1086 Τότε
812 1031 1132 1104 ἀποκριθεὶς
1165 1031 1195 1084 6
1220 1029 1520 1103 ὀρθὸδοξος,
1580 1025 1702 1082 εἷπε
1735 1025 1872 1099 πρὸς

270 1125 514 1187 αὐτούς·
577 1125 785 1179 «Ὥστε
843 1125 1068 1194 μάθετε,
1121 1125 1204 1178 ὅτι
1257 1123 1358 1177 οὐκ
1412 1123 1560 1177 ἔστιν
1616 1121 1709 1176 ἐπὶ
1765 1119 1874 1190 γῆς

276 1219 474 1282 πίστις
509 1217 812 1290 ὀρθόδοξος,
854 1218 904 1270 εί
947 1218 1023 1288 μὴ
1049 1216 1151 1288 τῆς
1179 1215 1479 1285 καθολικῆς
1518 1213 1870 1282 Ἐκκλησίας.

275 1312 399 1366 Καὶ
430 1310 520 1364 διὰ
538 1309 698 1362 τοῦτο
725 1309 1114 1362 ὲνεπίστευσεν
1134 1311 1269 1380 ἡμῖν
1301 1309 1328 1362 6
1351 1307 1485 1372 Θεὸς
1508 1307 1720 1368 πάντας
1744 1305 1873 1367 τοὺς

280 1401 480 1470 ἁγίους
523 1398 619 1452 καὶ
653 1397 993 1468 ἀναγκαίους
1033 1397 1218 1461 οἴκους
1249 1395 1438 1462 αὐτοῦ,
1478 1398 1537 1449 ἐν
1571 1389 1652 1458 οἷς
1686 1393 1876 1464 ἐπιδη-

284 1496 472 1566 μήσας
501 1491 570 1544 τὰ
599 1491 880 1562 μυστήρια
929 1489 1096 1544 αὑτοῦ
1141 1490 1438 1561 πεποίηκε·
1483 1487 1736 1542 τουτέστι
1773 1489 1874 1558 τὴν

283 1582 567 1654 Ναζαρὲτ,
613 1580 676 1635 τὸ
721 1579 944 1654 Ταόὼρ,
995 1581 1096 1654 τὴν
1126 1579 1396 1652 Βηθλεὲμ,
1437 1579 1531 1632 τὸν
1575 1577 1872 1650 Ἰορδάνην,

280 1681 384 1751 τὴν
438 1678 598 1744 Σιὼν,
657 1677 720 1732 τὸ
765 1675 1028 1744 Γολγοθᾶ,
1074 1673 1176 1746 τὴν
1240 1673 1582 1735 Ἀνάστασιν,
1653 1669 1750 1722 καὶ
1810 1668 1873 1721 οὐ

288 1773 491 1843 μόνον,’
519 1771 658 1828 ἀλλὰ
691 1770 788 1825 καὶ
819 1769 882 1824 τὸ
910 1770 1061 1834 Σινᾶ,
1121 1769 1217 1823 καὶ
1254 1766 1451 1830 ἁπλῶς·
1493 1766 1705 1828 πάντας
1747 1761 1874 1824 τοὺς

288 1865 490 1929 ἄλλους
517 1864 717 1926 τόπους
741 1862 841 1928 τῆς
876 1861 1096 1932 καινῆς,
1121 1860 1344 1932 καὶτῆς
1377 1858 1636 1922 παλαιᾶς,
1687 1856 1736 1910 οἱ
1775 1855 1876 1926 τῆς

287 1959 486 2030 καινῆς
521 1960 616 2014 καὶ
647 1957 948 2029 καθολικῆς
989 1955 1325 2027 Ἐκκλησίας
1359 1955 1690 2025 κατέχομεν.
1749 1949 1876 2004 Ἐὰν

285 2049 381 2107 οῦν
411 2051 699 2119 κακόδοξοί
729 2053 918 2122 ἐσμεν,
961 2049 1121 2120 ὑμεῖς
1165 2047 1440 2122 ὀρθόδοξοι
1481 2049 1781 2120 ὑπάρχετε,
1815 2046 1875 2100 οὐ

285 2145 472 2209 καλῶς
504 2143 764 2215 ἐποίησεν
796 2145 824 2196 6
855 2143 989 2208 Θεὸς
1031 2144 1164 2213 ἡμῖν
1203 2139 1504 2204 πιστεύσας
1533 2142 1660 2202 τοὺς
1685 2139 1878 2208 ἁγίους

289 2241 490 2301 τόπους
521 2237 708 2293 αὐτοῦ.
763 2236 884 2292 Κᾶν
928 2235 1146 2306 εἴπητε,
1195 2235 1276 2293 ὅτι
1327 2233 1474 2304 χειρὶ
1500 2232 1756 2304 βασιλικῇ
1784 2233 1880 2286 κα)⁸

284 2332 597 2402 τυραννικῇ
624 2329 845 2392 τούτους
870 2327 1197 2398 κατέχομεν,
1215 2324 1504 2396 ἐλέγχεσθε
1532 2323 1878 2396 ψευδόμενοι.

299 2423 437 2477 Ἰδοὺ
486 2423 600 2494 γὰρ
652 2420 948 2494 βαρϐάρων
991 2419 1338 2491 κρατούντων
1390 2417 1489 2489 τὴν
1529 2416 1716 2489 χώραν
1770 2415 1881 2470 τῶν

289 2516 466 2583 ἁγίων
488 2513 820 2578 τόπων,οὐκ
856 2511 1061 2584 ἐπῆρεν
1105 2510 1307 2574 αὐτοὺς
1345 2509 1403 2576 ἐξ
1449 2510 1610 2579 ἡμῶν
1652 2508 1682 2560 6
1725 2507 1877 2578 836;,

295 2608 355 2660 Εἰ
385 2607 444 2660 δὲ
489 2606 610 2668 καὶ,
660 2604 734 2668 ὡς
788 2604 958 2670 εἰκὸς,
995 2601 1179 2668 δόξετε
1213 2601 1414 2671 λέγειν,
1443 2601 1524 2654 ὅτι
1567 2599 1882 2670 ἐκράτησαν

296 2699 424 2753 ποτὲ
445 2699 501 2752 oi
555 2696 824 2766 Ἀρειανοὶ
855 2695 959 2765 πρὸ
1003 2695 1200 2764 ὀλίγων
1245 2695 1456 2766 χρόνων
1504 2696 1634 2758 τοὺς
1692 2693 1883 2762 ἁγίους

287 2791 534 2857 τόπους,
590 2790 700 2843 ἰδοὺ
752 2787 974 2860 ἀληθῶς
1012 2788 1210 2860 ἐκεῖνοι
1248 2787 1337 2840 διὰ
1365 2786 1548 2858 χειρὸς
1594 2783 1884 2856 βασιλικῆς

283 2885 384 2938 καὶ
439 2879 733 2952 τυραννίας
759 2879 1038 2950 ’ἥρπασαν
1069 2879 1196 2942 τοὺς
1247 2876 1438 2944 ἁγίους
1495 2877 1718 2946 τόπους,
1763 2871 1883 2926 ἀλλ’

281 2976 448 3030 οὐδὲν
476 2968 706 3046 ἴσχυσαν
731 2994 744 3008 ’
797 2976 1001 3040 εὐθέως
1029 2975 1140 3047 γὰρ
1181 2975 1344 3030 πάλιν
1377 2976 1406 3028 6
1438 2973 1572 3038 θεὸς
1607 2975 1741 3044 ἡμῖν
1771 2973 1886 3036 τοῖς

281 3064 601 3136 ὀρθοδὸξοις
635 3065 953 3133 παρέδωκεν
989 3065 1208 3129 αὐτούς.
1253 3065 1382 3119 Ἰδοὺ
1418 3063 1604 3118 λοιπὸν
1642 3055 1887 3119 ἑπτακό-

285 3172 401 3209 ato:
453 3155 652 3226 χρόνοι.
703 3156 815 3209 Καὶ
866 3159 1040 3210 ταῦτα
1091 3148 1432 3221 ἀκούσαντες
1485 3157 1535 3210 οἱ
1586 3153 1878 3228 αίρετικοὶ,
1907 3171 1956 3234 ο

280 3249 680 3320 αἰσχυνθέντες
711 3250 1086 3322 ἀνεχώρησαν.

674 3368 1208 3456 ΕΡΩΤΗΣΙΣ
1289 3371 1516 3456 PIH’.

281 3507 470 3574 Τίνος
497 3507 677 3576 χάριν
703 3510 776 3562 οὐ
809 3510 1141 3577 πεποίηκεν
1183 3512 1218 3564 ό
1257 3507 1531 3574 Σατανᾶς
1585 3507 1888 3572 τοσαύτας

354 3577 650 3650 αἱρέσεις.
675 3579 773 3632 καὶ
811 3581 1146 3650 σχίσματα,
1171 3580 1241 3634 ἐν
1267 3579 1438 3650 ἑτέρᾳ
1471 3581 1692 3646 πίστει,
1718 3579 1772 3633 εί
1797 3578 1885 3648 μὴ

355 3648 444 3702 ἐν
463 3647 538 3716 τῇ
563 3648 684 3702 τῶν
700 3647 1077 3717 Χριστιανῶν
1087 3666 1109 3715 ;

893 3763 1289 3818 ΔΠΟΚΡΙΣΙΣ.

359 3855 495 3908 Ὅτι
560 3857 733 3909 πᾶσαι
791 3858 849 3910 αί
895 3856 1083 3910 λοιπαὶ
1135 3857 1256 3926 τῶν,
1300 3857 1657 3913 ἀϐαπτίστων
1712 3856 1892 3934 ἐθνῶν⁵

282 3950 518 4012 πίστεις
550 3950 838 4022 ἀγαπηταὶ
863 3949 942 4019 τῷ
981 3949 1218 4003 διαϐόλω
1243 3951 1374 4018 εἰσὶ,
1397 3951 1494 4005 καὶ
1528 3951 1706 4015 οὐδεὶς
1733 3949 1886 4022 αὐτῷ

277 4040 459 4108 λόγος
491 4038 802 4109 πολεμῆσαι
859 4039 1070 4110 ἰσχύσει
1101 4041 1291 4104 αὐτὸς,
1330 4043 1378 4096 εξ
1423 4041 1500 4113 μὴ
1555 4043 1658 4114 τὴν
1699 4043 1885 4096 πίστιν

278 4131 388 4186 τοῦ
424 4130 665 4203 Χριστοῦ
691 4131 766 4195 ὡς
795 4126 1204 4205 ἀντικειμένην,
1255 4134 1352 4188 καὶ
1395 4123 1760 4205 πολεμοῦσαν,
1791 4135 1888 4191 καὶ

281 4221 586 4284 πολλάκις,
635 4222 730 4276 καὶ
784 4221 1173 4294 κατάρχουσαν
1195 4223 1382 4280 αὐτοῦ.
1421 4225 1532 4278 Καὶ⁵
1561 4226 1642 4280 ὅτι
1669 4225 1887 4298 ἀληθῶς

277 4311 472 4376 οὓτως
495 4313 667 4375 ἐστὶν,
701 4311 913 4367 ἐκεῖθεν
939 4313 1055 4368 ἐστι
1082 4315 1298 4386 μαθεῖν.
1323 4316 1436 4388 Πρὸ
1465 4317 1566 4388 τῆς
1589 4319 1888 4390 ἐπιδημίας

278 4405 392 4462 τοῦ
423 4405 665 4477 Χριστοῦ
697 4407 800 4460 οὐκ
824 4402 894 4478 ἦν
921 4406 1073 4470 έθνος
1123 4406 1397 4472 θεοσεϐὲς.
1423 4411 1505 4468 ,εί
1557 4412 1634 4483 μὴ
1679 4411 1740 4464 τὸ
1788 4411 1884 4465 τοῦ

1974 559 2068 615 ubi
2092 569 2492 631 peragerentur
2517 560 2703 616 omnia
2727 563 2852 632 ejus
2891 578 3092 619 arcana
3139 565 3392 630 consilia,
3425 571 3553 638 qui-

1972 651 2078 707 bus
2103 667 2176 707 ea
2196 651 2421 708 credet?
2449 653 2592 708 Num
2620 653 2728 708 sibi
2762 652 2905 718 ﬁdis,
2935 669 3004 709 an
3034 654 3258 712 inﬁdis?
3301 657 3554 728 Respon-

1972 744 2177 800 derunt
2216 745 2296 799 illi
2343 745 2699 801 manil‘estum
2747 761 2869 801 esse
2919 746 3241 819 hujusmodi
3292 749 3411 804 loca
3441 767 3553 807 non

1973 833 2083 891 nisi
2111 834 2370 891 ﬁdelibus
2389 851 2422 890 a
2457 851 2586 906 rege
2612 838 2995 893 concreditum
3027 839 3116 894 iri.
3145 841 3301 896 Tunc
3331 843 3400 897 ad
3430 845 3556 900 illos

1973 927 2352 982 orthodorus:
2407 928 2612 984 Discite
2642 944 2775 1000 ergo
2809 913 3019 985 nullam
3049 931 3104 986 in
3132 934 3296 988 terris
3320 936 3552 1005 reperiri

1971 1033 2162 1073 veram
2203 1018 2392 1084 ﬁdem,
2437 1018 2545 1074 nisi
2603 1019 2750 1074 illam
2778 1035 2944 1090 quam
2993 1023 3266 1078 catholica
3306 1025 3554 1080 Ecclesia

1976 1110 2294 1180 proﬁtetur.
2323 1109 2634 1181 Eapropter
2681 1112 2962 1167 commisit
2986 1113 3151 1170 nobis
3194 1115 3340 1170 Deus
3368 1118 3556 1172 omnia

1971 1201 2094 1256 loca
2119 1211 2330 1266 sancta,
2360 1211 2418 1258 et
2441 1201 2716 1258 domicilia
2748 1206 3078 1271 necessaria,
3098 1205 3154 1260 in
3179 1207 3386 1276 quibus
3420 1219 3560 1264 tem-

1973 1309 2108 1365 pore
2160 1295 2624 1366 peregrinationis
2669 1313 2784 1352 suae
2839 1300 3102 1370 mysteria
3165 1315 3266 1356 sua
3318 1304 3556 1374 peregit.

1975 1386 2090 1442 Hoc
2125 1397 2232 1453 est,
2281 1387 2576 1454 Nazaretb,
2634 1397 2879 1470 montem
2932 1391 3193 1457 Thabor,
3249 1393 3556 1458 Bethleem,

1973 1479 2295 1546 Iordanem,
2317 1490 2572 1538 montem
2606 1481 2759 1548 Sion,
2791 1483 3140 1555 Golgotham,
3169 1485 3558 1542 Resurrectio-

1973 1587 2103 1628 nem
2128 1589 2146 1629 :
2173 1589 2352 1644 neque
2378 1574 2496 1630 haec
2523 1582 2760 1644 tantum,
2791 1577 2887 1632 sed
2913 1585 2970 1633 et
2999 1585 3242 1632 montem
3271 1577 3424 1642 Sina,
3450 1594 3562 1634 uno

1977 1663 2173 1729 verbo,
2204 1679 2396 1720 omnes
2426 1665 2564 1720 alios
2605 1665 2759 1720 locos
2803 1665 2943 1721 Novi
2998 1675 3057 1722 et
3108 1667 3326 1722 Veteris
3371 1666 3564 1722 Testa-

1983 1755 2178 1822 menti,
2215 1771 2338 1822 nos,
2398 1757 2495 1826 qui
2542 1757 2874 1814 catholicam
2910 1759 3212 1815 Ecclesium
3251 1758 3562 1830 sequimur,

1986 1845 2353 1916 possidemus.
2409 1845 2466 1901 Si
2522 1847 2692 1920 igitur
2735 1865 2838 1904 nos
2868 1851 3008 1905 male
3041 1849 3110 1906 de
3139 1853 3308 1906 rebus
3357 1852 3564 1907 divinis

1979 1929 2283 2005 sentimus,
2300 1955 2398 1995 vos
2442 1949 2626 1996 autem
2667 1940 2830 2008 bene,
2879 1941 3027 1997 haud
3074 1941 3242 2014 416
3269 1951 3419 1998 recte
3452 1943 3566 2016 egit

1983 2034 2131 2090 Deus
2163 2050 2288 2090 cum
2313 2045 2500 2092 sancta
2535 2051 2632 2091 sua
2665 2035 2788 2090 loca
2811 2035 3252 2110 nobistradidit.
3287 2036 3347 2092 Si
3395 2053 3563 2108 ogge-

1982 2127 2121 2182 ratis
2149 2143 2252 2182 nos
2283 2143 2450 2182 manu
2502 2129 2652 2199 regia
2683 2142 2740 2185 et
2764 2129 3050 2201 tyrannica
3104 2129 3221 2184 hac
3264 2129 3384 2185 loca
3419 2130 3566 2185 obti—

1981 2232 2138 2282 nere,
2166 2217 2374 2272 nullius
2400 2218 2606 2289 negotii
2627 2226 2752 2274 erat
2770 2233 2870 2274 vos
2916 2217 3172 2274 falsitatis
3205 2218 3566 2290 redarguere.

1981 2309 2125 2366 Ecce
2157 2310 2305 2366 enim
2335 2326 2462 2366 cum
2502 2310 2735 2366 Barbari
2757 2311 3038 2383 regionem
3062 2313 3118 2365 in
3148 2327 3257 2382 qua
3288 2311 3410 2366 loca
3434 2326 3567 2367 san-

1983 2411 2070 2458 cta
2103 2411 2234 2457 sunt
2263 2411 2558 2472 occupent,
2613 2403 2763 2458 haud
2799 2404 2944 2458 Deus
2987 2417 3114 2464 eaa
3143 2403 3306 2458 nobis
3354 2401 3567 2458 auferri

1983 2511 2180 2566 passus
2202 2502 2306 2549 est.
2335 2495 2393 2550 Si
2423 2511 2580 2561 vero,
2631 2502 2694 2549 ut
2747 2495 3036 2565 probabile
3058 2504 3162 2558 est,
3190 2494 3390 2550 dicturi
3431 2495 3568 2550 estis

1982 2585 2220 2641 Arianos
2261 2601 2370 2642 non
2407 2586 2483 2640 ita
2529 2586 2745 2656 pridem
2778 2586 2898 2653 loca
2949 2595 3139 2642 sancta
3181 2585 3447 2650 tenuisse,
3481 2601 3572 2644 re.-

1986 2676 2328 2746 s’pondemus'
2358 2677 2465 2732 hoc
2491 2677 2650 2748 plane
2675 2676 2940 2731 violentia
2972 2676 3260 2748 tyrannica
3289 2677 3568 2732 evenisse.

1987 2769 2095 2824 Sed
2126 2768 2332 2824 frustra
2356 2769 2510 2824 fuere
2549 2787 2562 2822 :
2599 2769 2870 2824 continuo
2917 2769 3067 2824 enim
3121 2769 3268 2822 Deus
3291 2763 3455 2822 nobis
3479 2783 3574 2822 or-

1987 2861 2248 2918 thodoxis
2269 2861 2392 2916 loca
2420 2869 2608 2916 sancta
2635 2861 2904 2916 restituit.
2952 2852 3022 2914 Et
3045 2861 3156 2932 jam
3195 2860 3574 2930 septingente-

1981 2957 2158 3013 simus
2186 2971 2366 3012 annus
2395 2955 2596 3026 agitur.
2622 2953 2718 3010 His
2738 2952 3243 3020 auditis,-haeretici
3287 2951 3572 3024 pudefactl

1986 3051 2360 3106 recesserunt.

2145 3347 2714 3456 ουλΕδτιο
2807 3289 3204 3444 CXVIII
3282 3331 3402 3439 (2).
3515 3418 3520 3424 .

1985 3499 2095 3556 Cur
2133 3495 2370 3554 Satanas
2401 3498 2456 3552 in
2491 3493 2645 3550 nulla
2694 3495 2808 3550 alia
2848 3494 3173 3564 professione
3225 3505 3338 3550 tam
3372 3497 3572 3554 multas

2065 3571 2287 3692 luere”;
2314 3575 2364 3623 et
2392 3567 2681 3622 schismata
2715 3567 2985 3632 excitavit,
3015 3581 3178 3636 quam
3208 3567 3262 3620 in
3292 3566 3400 3635 ﬁde
3428 3570 3571 3622 chri-

2054 3650 2236 3697 stiana
2385 3687 2395 3697 .

2573 3751 2980 3810 RESPONSIO.

2057 3853 2197 3922 Quia
2246 3866 2442 3908 omnes
2479 3861 2644 3908 secta:
2675 3852 2922 3924 gentium
2964 3851 3242 3922 baptismo
3279 3849 3572 3906 destituta-

1989 3963 2115 4003 rum
2179 3945 2402 4002 diabolo
2466 3952 2635 4016 gratae
2675 3952 2808 3999 sunt
2862 3953 2919 3998 et
2977 3949 3241 4012 acceptae.
3295 3940 3571 4008 Quocirca

1988 4044 2258 4099 adversus
2337 4040 2460 4096 illas
2538 4055 2786 4111 pugnare
2856 4037 3209 4110 superscdet.
3277 4036 3334 4091 1n
3397 4036 3570 4091 solam

1985 4135 2192 4193 Christi
2248 4132 2452 4197 ﬁdem,
2507 4148 2610 4188 ceu
2661 4131 2765 4187 sibi
2831 4129 3142 4202 oppositam
3193 4139 3251 4186 e‘t
3314 4128 3576 4185 adversa-

1991 4230 2131 4284 riam
2175 4229 2394 4300 sibique
2443 4243 2588 4297 szepe
2628 4226 3030 4290 dominantem,
3065 4225 3280 4295 spicula
3313 4239 3410 4278 sua
3436 4223 3576 4278 diri-

1989 4323 2086 4395 git.
2125 4323 2260 4378 Rem
2284 4321 2359 4376 ita
2391 4335 2450 4376 se
2482 4310 2712 4384 habere,
2735 4319 2826 4374 vel
2861 4317 2990 4374 inde
3021 4317 3223 4372 disces.
3260 4317 3401 4371 Ante
3417 4315 3577 4371 Chri-

1990 4416 2060 4470 sti
2099 4414 2398 4470 adventum
2445 4427 2554 4467 non
2599 4422 2721 4468 erat
2773 4427 2911 4482 gens
2957 4426 3080 4480 quae
3110 4410 3286 4466 Deum
3343 4409 3576 4468 coleret.

295 4498 558 4571 Ἰσραήλ.
597 4499 712 4553 Οὐκ
749 4499 971 4570 ίσχυσεν
1010 4501 1040 4553 6
1079 4503 1324 4566 Σατανᾶς
1360 4502 1490 4559 ἄλλο
1527 4503 1683 4571 ἔθνος
1727 4507 1884 4560 πολε-

1993 4507 2241 4578 exceptis
2287 4505 2578 4562 lsraelitis.
2631 4505 2774 4560 Hinc
2817 4503 3186 4561 Caeodtemon
3251 4518 3366 4558 non
3395 4502 3580 4572 potuit

287 4587 477 4660 μῆσαί
509 4604 662 4654 ποτε,
711 4589 760 4641 εί
788 4590 864 4662 μὴ
903 4591 1059 4644 αὐτὸ.
1097 4591 1261 4647 Ὅθεν
1297 4593 1393 4648 καὶ
1423 4595 1480 4649 αί
1516 4595 1687 4664 φυλαὶ
1709 4596 1890 4668 διῃρέ-

285 4683 500 4751 θησαν,
533 4681 680 4752 καὶή
715 4680 968 4752 βασιλεία
991 4683 1191 4752 αὐτῶν,
1234 4687 1330 4740 καὶ
1359 4685 1624 4752 πολλάκις
1661 4689 1891 4754 ἑαυτοὺς
1933 4697 1950 4716 ’

286 4773 680 4844 ἐπολέμησαν,
743 4776 840 4828 καὶ
913 4775 1115 4848 μυρίας
1185 4777 1424 4843 πίστεις,
1492 4781 1588 4832 καὶ
1649 4781 1892 4852 αἱρέσεις

288 4869 630 4936 κέκτηνται,
665 4865 764 4920 καὶ
812 4866 926 4921 εἴθε
977 4877 1000 4905 ι
1041 4868 1146 4923 κᾶν
1183 4871 1314 4940 περὶ
1349 4870 1488 4926 Θεοῦ
1527 4871 1804 4943 ἐμάχοντο
1834 4875 1892 4928 ἐν

287 4959 426 5020 ταῖς
455 4957 726 5028 αἱρέσεσι,
769 4959 865 5014 καὶ
909 4961 968 5013 ἐν
1013 4963 1131 5025 τοῖς
1170 4961 1467 5032 σχίσμασιν
1509 4965 1712 5032 αὐτῶν,
1758 4966 1894 5020 ἀλλὰ

290 5051 436 5120 περὶ
478 5049 740 5118 εἰδώλων,
777 5051 962 5116 καθὼς
1004 5051 1154 5106 ἔστιν
1203 5055 1269 5108 ὲκ
1299 5056 1410 5110 τῶν
1432 5056 1750 5124 Βασιλειῶν,
1797 5061 1893 5114 καὶ

293 5142 366 5196 ἐκ
395 5138 507 5194 τῶν
536 5143 836 5211 προφητῶν
863 5143 1076 5213 μαθεῖν.
1110 5143 1276 5213 Λέγει
1299 5140 1393 5198 οὖν
1418 5148 1448 5200 ὀ
1486 5147 1778 5220 Ἱερεμίας,
1809 5151 1893 5205 ὅτι

300 5254 322 5287 ο
342 5235 494 5290 κατᾶ
527 5235 619 5290 τὸν
655 5234 892 5308 ἀριθμὸν
912 5235 1024 5290 τῶν
1053 5237 1263 5294 πόλεων
1303 5239 1523 5312 Ἰσραὴλ
1567 5242 1812 5314 ὑπῆρχον
1843 5247 1892 5298 oi

291 5328 422 5384 θεοὶ
467 5328 652 5383 αὐτῶν
690 5349 711 5383 ι
747 5329 840 5384 καὶ
877 5331 935 5382 αἱ
966 5331 1212 5402 αἱρέσεις
1242 5333 1346 5404 τῆς
1383 5337 1621 5405 ματαίας
1657 5338 1895 5406 πίστεως

331 5462 341 5468 ’
378 5470 444 5505 ³⁸⁸
475 5469 683 5528 Jerem.
719 5487 780 5538 II,
807 5470 878 5526 28
903 5489 917 5539 ;
947 5489 1022 5538 xI,
1050 5473 1134 5528 i3.

1993 4601 2141 4658 bella
2187 4615 2432 4666 movere,
2493 4599 2603 4655 nisi
2653 4599 2712 4654 in
2759 4598 2919 4654 istos.
2966 4598 3044 4653 Ea
3087 4597 3158 4653 de
3185 4612 3354 4653 causa
3402 4597 3582 4654 tribus

1994 4695 2216 4751 illorum
2271 4693 2501 4758 divisas,
2556 4708 2786 4764 regnum
2821 4693 3079 4756 scissum,
3141 4689 3404 4760 ipsosque
3437 4703 3581 4758 saepe

1993 4788 2202 4845 mutuis
2223 4781 2385 4843 bellis
2415 4787 2658 4848 attritos,
2694 4793 2752 4839 et
2787 4785 2842 4838 in
2871 4784 3051 4838 varias
3080 4791 3262 4838 sectas
3304 4797 3370 4838 ac
3398 4781 3582 4842 haere-

1995 4897 2086 4938 ses
2113 4881 2385 4937 dissectos
2408 4878 2688 4934 novimus.
2727 4877 2920 4946 Neque
2948 4891 3050 4946 pro
3108 4876 3221 4929 Deo
3263 4882 3584 4944 pugnarunt

1999 4977 2056 5031 in
2079 4976 2196 5032 suis
2218 4973 2524 5044 haeresibus
2559 4980 2618 5026 et
2657 4970 2994 5033 schismatis,
3027 4969 3123 5025 sed
3158 4983 3260 5038 pro
3301 4967 3488 5032 idolis,
3523 4977 3586 5022 ut

2000 5074 2234 5136 apparet
2257 5063 2494 5119 exlibris
2519 5063 2754 5134 Regum,
2778 5071 2836 5118 et
2858 5078 2928 5116 ex
2952 5059 3260 5133 prophetis,
3283 5075 3353 5116 ex
3381 5059 3588 5130 quibus

1998 5158 2267 5215 Jeremias
2323 5157 2425 5221 ait,
2497 5175 2517 5208 ‹
2557 5155 2868 5211 secundum
2929 5168 3224 5209 numerum
3292 5150 3587 5207 civitatum

1999 5252 2165 5308 Israel
2195 5250 2588 5320 multiplicatos
2617 5263 2738 5304 esse
2763 5247 2902 5303 deos
2921 5263 3115 5304 eorum
3143 5246 3232 5311 π’,
3255 5265 3274 5298 ι
3311 5260 3592 5314 vanasque

1999 5345 2243 5401 haereses
2276 5352 2334 5399 et
2359 5342 2683 5398 schismata.
2740 5340 3046 5410 Pr0pterea
3092 5349 3156 5396 ut
3207 5353 3380 5403 nunc,
3421 5337 3497 5393 ita
3534 5345 3595 5392 et

1585 5576 1817 5634 VARIIL
1855 5579 2258 5637 LECTIONES.

1789 5719 2025 5779 NOTE.

383 5648 408 5679 ³
433 5638 568 5711 Leg.
596 5639 692 5695 καὶ
717 5637 862 5694 οὔτε.

371 5802 458 5876 (2)
487 5802 694 5874 Qttzcst.
728 5805 795 5860 43
823 5804 893 5862 ad
917 5804 1178 5862 Antioch.
1285 5831 1295 5833 -
