4056 6446
329 386 431 448 τῖἸ

1552 17 2423 44 W

1698 381 2219 460 QU/ESTIONES.

3497 390 3602 466 πει

323 517 513 553 meum.
551 499 651 569 τὴν
681 498 869 569 γονὴν,
915 499 1106 571 ὥσπερ
1132 501 1225 554 καὶ
1255 502 1348 556 ἐπὶ
1371 503 1479 556 τῶν
1503 503 1792 574 ἑταιρίδων
1820 502 1885 570 γίι

2009 501 2076 555 ad
2105 503 2392 560 lasciviam
2447 506 2730 579 frequenti
2761 513 2913 568 coitu
2951 529 3011 570 se
3044 515 3338 587 abjieiunt,
3383 521 3602 590 genitu-

317 608 502 647 νεται’
533 592 814 662 δυσχερῶς
846 593 956 665 γὰρ
1007 595 1214 648 ἐκεῖναι
1260 595 1756 665 συλλαμϐάνονται.
1809 596 1909 650 Διὰ

314 685 476 742 τοῦτο
506 682 598 741 οὖν
627 687 909 756 διαφόροις
938 687 1124 752 τόποις
1150 688 1298 752 τινὲς
1339 687 1587 742 πλούσιοι
1615 689 1710 742 καὶ
1737 688 1904 760 ἀϐροο

307 777 514 834 δίαιτοι
555 779 884 834 ἐπιποθοῦσι
925 779 1150 856 τέκνων,
1185 780 1280 835 καὶ
1315 783 1376 834 οὐ
1421 783 1804 851 τυγχάνουσιν.
1841 782 1904 835 Oi

313 869 380 924 δὲ
422 873 651 943 πένητες
709 872 972 936 πολλάκις
1009 873 1332 926 πολύτεκνοι
1366 865 1611 941 γίνονται
1644 886 1658 901 '
1699 873 1904 943 ἀναξη-

311 963 614 1036 ραινομένη
656 962 766 1035 γὰρ
799 965 833 1033 ἠ
869 963 1034 1034 φύσις
1065 963 1171 1016 ὕπὸ
1206 964 1308 1033 τῆς
1339 962 1572 1029 ἐνδείας,
1607 956 1797 1036 ὥσπερ
1828 963 1902 1036 γῆ

305 1053 547 1124 διψῶσα,
577 1055 780 1119 εὐθέως
803 1055 1098 1126 δράσσεται
1137 1055 1240 1125 τῆς
1274 1054 1576 1126 ὑγρότητος
1605 1058 1704 1127 τῆς
1733 1073 1903 1109 κατα-

317 1144 654 1216 δαλλομένης
677 1145 864 1214 γονῆς,
899 1144 1042 1198 καθᾶ
1067 1145 1342 1216 πάσχουσι
1373 1145 1468 1198 καὶ
1493 1139 1657 1207 οὗτοι,
1689 1145 1740 1198 οἱ
1770 1145 1900 1216 παρ’

321 1237 445 1305 ἡμῖν
492 1221 824 1305 πανάττοροι,
860 1236 954 1289 καὶ
996 1236 1224 1308 πτωχοὶ,
1269 1233 1565 1308 ἐρημῖται,
1603 1235 1700 1315 καὶ
1729 1237 1900 1306 Ἀρα-

322 1330 430 1394 ϐες,
461 1327 630 1399 ἄρτου
668 1330 767 1398 μὲν
815 1329 1004 1400 σχεδὸν
1050 1329 1126 1400 μὴ
1167 1328 1570 1400 εὐποροῦντες,
1606 1329 1815 1399 πλῆθος
1844 1329 1900 1384 δὲ

322 1423 516 1476 τέκνων
548 1421 674 1476 καθ’
701 1421 1012 1494 ὑπερϐολὴν
1044 1422 1280 1494 ἔχοντες.
1315 1423 1427 1505 Kal
1465 1422 1617 1491 γοῦν,
1647 1422 1722 1488 ὥς
1765 1442 1900 1494 φασι

313 1513 403 1566 καὶ
431 1513 477 1566 οξ
513 1511 613 1575 τὰς
645 1512 898 1583 ἰατρικὰς
929 1513 1244 1592 ἐπιστήμας
1273 1514 1354 1578 είς
1385 1513 1558 1584 ἄκρον
1589 1511 1901 1586 ἐξησκημέ-

312 1619 411 1666 νοι,
443 1603 536 1655 καὶ¹
563 1601 706 1670 γάλα
739 1601 1004 1666 πολλάκις
1043 1603 1362 1676 εὑρίσκεται
1393 1602 1567 1657 κακοῦ
1595 1606 1773 1676 χυμοῦ
1804 1607 1898 1660 καὶ

306 1695 564 1766 κράσεως
599 1688 912 1766 διαφθεῖρον
939 1678 998 1749 ab
1029 1697 1242 1768 νήπιον.

364 1787 439 1842 ἘΞ
461 1787 518 1841 δὲ
549 1787 728 1856 λέγεις
758 1805 870 1860 μοι,
901 1787 1297 1843 (τιδι’ὲναντίον·
1321 1770 1530 1856 Τίοῦν;
1563 1769 1713 1843 ἐστιν
1739 1770 1896 1854 ἐκτός
1929 1849 1967 1860 Δ

2013 611 2130 650 ram
2185 614 2298 654 non
2352 602 2630 668 retinent,
2681 614 2742 660 ut
2791 617 2850 662 et
2902 610 3297 666 meretricibus
3350 613 3596 680 accidit;

2011 689 2312 766 difliculter
2342 693 2493 748 enim
2513 697 2861 778 concipiunt.
2908 700 3210 771 Propterea
3263 705 3436 761 variis
3460 707 3602 762 locis

2009 782 2260 851 apulenti
2295 785 2522 854 quidam
2555 796 2614 843 et
2641 789 2858 846 deliciis
2876 791 3188 870 afﬂuentes,
3223 806 3423 866 petunt
3451 797 3595 854 libe-
3673 820 3681 832 ·π

2009 885 2124 936 ros,
2147 887 2253 927 nec
2294 873 2574 932 obtinent.
2605 877 2888 950 Pauperes
2913 898 3046 939 vero
3085 884 3412 956 frequenter
3445 888 3596 942 mul-

2009 969 2117 1042 tam
2144 967 2359 1042 prolem
2380 980 2679 1025 numerant
2707 989 2719 1025 :
2748 984 2953 1030 natura
2989 977 3140 1032 enim
3182 980 3255 1035 ob
3289 992 3596 1052 egestatem

2003 1053 2316 1123 exsiccata,
2361 1059 2572 1125 subito,
2630 1061 2808 1118 instar
2860 1071 3024 1121 terra:
3075 1068 3338 1137 sitientis,
3395 1073 3597 1143 arripit

2005 1144 2269 1202 immissae
2313 1152 2585 1220 geniturae
2626 1153 3045 1212 humiditatem.
3105 1158 3453 1218 Testimonio
3484 1165 3598 1218 sint

2003 1235 2099 1306 qui
2123 1236 2268 1307 apud
2297 1253 2400 1295 nos
2429 1241 2848 1311 egentissimam
2876 1246 3047 1301 vitam
3073 1248 3286 1305 ducunt
3326 1253 3592 1318 mendici,

2004 1325 2312 1398 solivagiet
2330 1329 2566 1396 Arabes,
2593 1334 2800 1403 quibus
2834 1352 2960 1391 cum
2993 1339 3082 1394 vix
3117 1343 3276 1410 panis
3306 1354 3590 1414 suppetat.

2003 1417 2300 1475 innumera
2318 1421 2516 1479 sobole
2539 1426 2842 1495 stipantur.
2878 1429 3034 1500 Same
3067 1433 3234 1487 ctiam
3275 1435 3382 1500 lac,
3412 1447 3472 1490 ut
3502 1454 3592 1492 re-

2003 1526 2124 1565 rum
2159 1513 2506 1594 medicarum
2533 1519 2861 1586 peritissimi
2891 1523 3140 1590 tradunt,
3167 1529 3590 1596 perversisucci

2000 1593 2057 1658 et
2088 1593 2514 1677 temperamenti
2543 1611 2729 1680 perdit
2777 1611 3069 1672 infantem.

2071 1775 2130 1843 Si
2180 1787 2538 1848 adversarius
2575 1773 2754 1850 dicat:
2786 1779 2928 1864 Quid
2959 1802 3132 1870 ergo?
3171 1803 3254 1858 An
3290 1813 3449 1860 extra
3485 1807 3583 1864 Dei

303 1880 440 1934 θεοῦ
472 1879 904 1950 πολυτεκνῆσαι,
949 1873 983 1950 ἢ
1021 1879 1262 1950 ζητῆσαι
1312 1893 1358 1945 ε,
1397 1881 1428 1953 ἢ
1476 1881 1773 1936 ἀποθανεῖν
1801 1882 1885 1936 άν-

1995 1881 2255 1936 notitiam
2279 1892 2365 1938 est
2387 1893 2449 1938 ut
2483 1885 2652 1941 homo
2683 1887 2942 1959 pluribus
2989 1893 3181 1949 liberis
3205 1896 3471 1964 abundet,
3510 1901 3590 1956 vi-

303 1963 557 2043 θρωπον;
624 1972 736 2042 ἐρῶ
782 1989 865 2025 σοι
910 1971 1089 2040 κάγὼ,
1128 1973 1212 2026 ὃτι
1267 1973 1362 2026 καὶ
1395 1974 1462 2027 τά
1492 1973 1580 2028 διὰ
1626 1973 1736 2028 τῶν
1779 1992 1896 2028 κτι-

300 2061 532 2133 σμάτων
553 2101 567 2127 ,
601 2067 697 2115 καὶ
729 2061 1012 2132 στοιχείων
1032 2105 1047 2129 ,
1107 2064 1201 2116 καὶ
1244 2063 1446 2134 ἀέρων,
1479 2066 1574 2118 καὶ
1617 2062 1892 2136 κράσεων,

298 2157 396 2208 καὶ⁸
429 2155 661 2222 ὑδάτων,
702 2159 798 2208 καὶ
852 2155 1130 2225 γάλακτος
1187 2156 1433 2227 φυσικῶς
1478 2159 1780 2228 γινόμενα,
1829 2160 1894 2212 ού

297 2248 470 2320 χωρὶς
499 2245 639 2300 Θεοῦ
667 2242 890 2316 λέγεται
932 2245 1203 2316 γίνεσθαι.
1238 2251 1376 2322 Ηαρ’
1415 2250 1582 2304 αὐτοῦ
1623 2250 1732 2322 γὰρ
1764 2253 1893 2306 ἕλα-

296 2335 391 2393 ϐον
424 2338 527 2391 ἀπ’
559 2337 738 2410 ἀρχῆς
778 2339 960 2394 πάντα
991 2339 1056 2393 τὰ
1087 2341 1368 2412 κτίσματα
1397 2341 1586 2407 αὐτοῦ,
1619 2345 1758 2398 κατὰ
1797 2345 1890 2398 τοῦ

295 2430 469 2485 αὐτοῦ
507 2429 762 2502 βούλησιν
790 2432 885 2486 καὶ
916 2434 1198 2504 πρόνοιαν,
1230 2435 1325 2487 καὶ
1352 2433 1453 2499 τὰς
1487 2435 1766 2500 ούσιώδεις
1797 2438 1921 2512 αύιχ

1997 1975 2112 2042 vat,
2166 1975 2479 2032 moriatur?
2523 1981 2896 2050 respondebo,
2949 1999 3016 2039 ea
3063 2001 3185 2056 qua:
3233 2003 3336 2058 per
3367 2001 3588 2046 creatu—

1999 2082 2113 2134 ras,
2142 2069 2442 2135 elementa,
2478 2086 2688 2138 aerem,
2723 2081 3182 2152 temper-amenta,
3211 2095 3386 2150 aquas
3413 2091 3471 2138 et
3499 2083 3588 2139 lae

1996 2159 2331 2233 naturaliter
2369 2159 2533 2227 ﬁunt,
2558 2163 2708 2242 haud
2743 2164 2953 2236 absque
2995 2177 3134 2224 nutu
3173 2170 3269 2224 Dei
3301 2171 3478 2241 eﬂici;
3514 2175 3586 2230 ab

1996 2249 2120 2320 ipso
2147 2251 2298 2306 enim
2323 2253 2513 2309 statim
2543 2271 2572 2309 a
2593 2257 2777 2326 primo
2803 2268 2930 2314 ortu
2950 2275 3146 2317 omnes
3169 2272 3456 2330 creaturae,
3492 2283 3585 2322 sc-

1996 2342 2243 2423 cundum
2269 2345 2618 2402 voluntatem
2649 2357 2706 2403 et
2737 2352 3147 2420 providentiam
3181 2355 3324 2427 ejus,
3347 2368 3582 2415 natura-

2000 2417 2083 2491 les
2111 2445 2170 2492 et
2201 2437 2272 2492 ab
2308 2439 2553 2494 essentia
2575 2440 2812 2499 fluentes
2827 2445 3075 2500 actiones
3097 2459 3457 2518 acceperunt.
3483 2452 3584 2507 Die

295 2519 409 2576 τῶν
437 2521 537 2576 καὶ
571 2519 810 2594 φυσικὰς
843 2525 1153 2596 ἐνεργείας.
1198 2527 1372 2593 Ἐπεὶ,
1403 2527 1592 2596 πόθεν,
1623 2529 1744 2582 εἰπὲ
1777 2547 1885 2601 μοι,

1995 2528 2158 2592 mihi,
2185 2529 2335 2614 u_nde
2388 2531 2533 2587 inest
2557 2531 2816 2589 basilisco
2861 2536 2945 2591 vis
2991 2537 3369 2606 interimendi,
3397 2553 3454 2598 et
3502 2543 3584 2599 vi-

299 2617 566 2687 πρόσεστι
599 2616 677 2687 τῷ
704 2616 1007 2690 βασιλίσκω
1035 2621 1068 2690 ἡ
1097 2617 1423 2692 ἀναιρετικὴ
1453 2620 1760 2695 δύναμις,ἢ
1799 2625 1885 2678 καὶ

2001 2635 2142 2695 tene
2163 2623 2515 2679 mortiferum
2547 2641 2849 2692 venenum,
2882 2629 3006 2684 aliis
3055 2646 3190 2687 vero
3218 2635 3579 2700 animalculis

297 2713 355 2781 τῇ
387 2709 580 2782 ἐχίδνῃ
621 2707 650 2764 ὁ
702 2711 1086 2784 θανατηφόρος
1133 2713 1242 2780 ἰὸς,
1274 2714 1452 2770 ἄλλων
1480 2715 1538 2770 δὲ
1576 2716 1885 2790 ζωῦφίωνή

1992 2708 2238 2796 facultas.
2298 2713 2614 2782 medendi,
2686 2727 2746 2773 et
2808 2719 3132 2776 venenifera
3193 2725 3338 2779 mala
3391 2725 3583 2798 depel-

293 2804 570 2875 ίαματικὴ
597 2803 691 2858 τοῦ
718 2803 1106 2879 θανατηφόρου
1132 2805 1420 2878 ὲνὲργεια;
1454 2811 1688 2866 Βοτάναι
1724 2811 1885 2868 θανα·

1992 2801 2192 2857 lendi?
2261 2804 2420 2860 Unde
2490 2807 2696 2878 planta
2765 2819 2822 2866 et
2899 2812 3090 2870 herbie
3149 2816 3272 2872 aliae
3351 2819 3580 2889 quidem

287 2895 548 2967 τηφόροι,
579 2895 765 2967 ἕτεραι
823 2895 880 2952 δὲ
940 2900 1298 2971 καθαρτικαὶ,
1356 2903 1452 2957 καὶ
1483 2904 1760 2973 ἀϐλαϐεῖς,
1794 2908 1885 2962 καὶ

1991 2896 2361 2977 perniciales,
2431 2899 2554 2956 aliae
2621 2902 2906 2973 innoxite,
2979 2905 3050 2962 ad
3115 2911 3462 2980 purgandum
3522 2920 3581 2970 et

287 2987 609 3057 ίαματικαί.
643 2983 804 3042 Ὅθεν
832 2990 1007 3045 ταῦτα
1047 2992 1145 3046 καὶ
1192 2993 1262 3047 τά
1300 2993 1530 3050 τοιαῦτα
1567 2997 1750 3075 καλῶς
1793 2999 1885 3053 καὶ

1991 2965 2328 3048 medendum
2365 2995 2547 3065 aptae?
2579 2995 2706 3054 Haec
2731 3009 2792 3055 et
2820 2965 2912 3056 his
2933 2965 3136 3058 similia
3161 2965 3580 3080 postquam

285 3078 618 3144 θεοδείκτως
657 3071 1218 3152 ἀναψηλαφῆσαντες,
1247 3086 1336 3136 ἐπ’
1379 3084 1446 3139 ἄν
1475 3103 1605 3140 ποτε
1632 3083 1772 3144 εἶδόν
1804 3108 1885 3144 τι-

1990 3095 2178 3142 rentes
2203 3090 2458 3144 nonnulli
2488 3091 2649 3160 quasi
2689 3092 2960 3150 divinitus
2984 3096 3168 3152 edocti
3221 3099 3607 3160 animadver—.

283 3188 377 3235 νες
411 3172 520 3226 τῶν
553 3173 933 3244 προκειμένων
964 3175 1151 3240 αὐτοῖς
1181 3177 1385 3246 γονέων
1425 3179 1486 3230 τὸ
1530 3173 1748 3252 πρῶτον
1786 3183 1884 3237 καὶ

1996 3187 2205 3245 terunt,
2263 3180 2640 3252 videruntque
2672 3185 2930 3254 primam,
2961 3187 3215 3252 alteram,
3242 3192 3576 3264 tertiamque

281 3266 544 3336 δεύτερον
575 3267 670 3320 καὶ
699 3267 882 3338 τρίτον
911 3267 1104 3323 τέκνον
1141 3270 1158 3308 τ
1191 3268 1512 3348 θηλάσασαν
1539 3273 1882 3354 τελευτῆσαι,

316 3358 704 3426 υνεϐούλευον,
745 3361 946 3432 μηκέτι
971 3363 1145 3435 αὐτὴν
1171 3363 1431 3436 θηλάζειν
1465 3368 1532 3422 τὰ
1560 3369 1692 3442 παρ’
1709 3371 1883 3442 αὐτῆς

278 3449 613 3520 τικτόμενα.
648 3451 838 3524 Ὅμως
868 3453 964 3506 ἐπὶ
993 3456 1160 3510 πᾶσιν
1190 3457 1355 3512 καλὸν
1389 3459 1450 3514 τὸ
1483 3459 1686 3530 λέγειν’
1725 3481 1744 3514 ι
1793 3463 1880 3528 Ὠς

278 3541 640 3615 ἐμεγαλύνθη
695 3528 762 3599 τά
808 3545 949 3618 ἔργα
981 3549 1347 3622 σου,Κύριεῖ
1393 3528 1573 3610 πάντα
1608 3557 1666 3610 ἐν
1715 3559 1880 3628 σοφίᾳ

277 3639 574 3708 ἐποίησας.
615 3657 634 3691 ι
789 3715 796 3724 ,
1182 3719 1186 3724 ἱ
1340 3720 1346 3726 ι

357 3731 558 3802 Ὅμως
597 3733 690 3786 καὶ
714 3715 910 3805 ἑτέραν
933 3735 1056 3790 τινὰ
1101 3719 1236 3810 πρδς
1267 3720 1388 3805 ταῖς
1414 3743 1736 3814 εἰρημέναις
1785 3747 1875 3800 ἐν·

273 3825 600 3881 υπόστατον
626 3826 720 3880 καὶ
748 3827 953 3900 ἀψευδῆ
995 3831 1312 3902 παραγάγω
1345 3836 1716 3905 παράστασιν,
1754 3839 1875 3892 πεί-

275 3917 375 3972 θου
387 3933 491 3971 σαν
517 3917 610 3970 καὶ
634 3919 725 3972 τὸν
745 3918 867 3974 λίαν
889 3922 1218 3992 φιλόνεικον,
1240 3925 1324 3979 ὅτι
1345 3925 1432 3980 διὰ
1460 3927 1566 3980 τῶν
1595 3933 1874 4002 στοιχείων

269 4008 641 4082 ᾠκονόμησεν
672 4013 700 4066 ό
730 4011 865 4078 Θεὸς
893 4014 1216 4070 διοικεῖσθαι
1261 4019 1355 4072 καὶ
1390 4017 1798 4090 ζωογονεῖσθαι,
1839 4025 1872 4094 ἢ

271 4119 376 4155 και
413 4101 749 4158 τελειοῦσθαι
783 4105 844 4159 τὸ
885 4107 1154 4179 ἡμέτερον
1200 4109 1360 4182 σῶμα
1386 4131 1400 4144 ·
1431 4115 1572 4186 τάχα
1606 4116 1682 4182 δὲ,
1721 4119 1781 4171 ού
1811 4119 1874 4173 τὸ

273 4195 452 4265 σῶμα
487 4195 670 4266 μόνον,
708 4198 844 4253 ἀλλὰ
877 4201 974 4254 καὶ
1003 4203 1208 4268 αὐτοὺς
1239 4206 1412 4277 ἡμᾶς,
1437 4205 1537 4279 τῆς
1569 4211 1868 4282 ἀσωμάτου

267 4287 462 4359 ψυχῆς
491 4289 589 4351 τὰς
621 4291 866 4362 κινήσεις
925 4291 1020 4347 καὶ
1071 4295 1172 4360 τὰς
1220 4297 1528 4370 ἐνεργείας.
1565 4301 1708 4374 Ὅρα
1734 4301 1866 4378 γὰρ,

269 4379 354 4432 ὃτι
422 4379 731 4450 ἀρχομένης
775 4381 876 4454 μὲν
929 4384 1029 4455 τῆς
1079 4385 1312 4457 ἡμέρας,
1366 4392 1558 4465 ἐπειδὴ
1593 4396 1866 4470 εύθέωςή

269 4471 500 4540 κίνησις
534 4471 631 4542 τῆς
663 4473 841 4550 ¹χολῆς
887 4477 1106 4546 πρωῖας
1136 4479 1318 4534 εἰώθει
1353 4481 1624 4554 γίνεσθαι,
1669 4492 1866 4558 πικρόα

1988 3270 2201 3339 prolem
2239 3289 2271 3327 a
2325 3287 2385 3328 se
2441 3273 2724 3343 laetatam,
2762 3292 3085 3348 supremum
3131 3281 3280 3352 diem
3341 3285 3572 3352 obiisse,

1985 3373 2147 3438 natos
2181 3381 2250 3420 ex
2297 3381 2356 3421 se
2390 3367 2598 3424 laetare
2615 3367 2882 3442 deinceps
2933 3373 3303 3440 destiterunt,
3358 3377 3576 3434 Nihilo-

1986 3455 2172 3536 minus
2209 3457 2264 3511 in
2304 3457 2392 3514 bis
2419 3459 2685 3516 omnibus
2711 3465 3141 3522 exclamandum
3179 3479 3298 3524 est:
3345 3490 3363 3522 ι
3395 3471 3571 3539 Quam

1983 3546 2336 3621 magniﬁcata
2397 3545 2528 3610 sunt
2593 3571 2763 3626 opera
2808 3565 2922 3628 tua,
2971 3559 3232 3617 Domine!
3294 3565 3482 3622 omnia
3513 3567 3570 3622 in

1979 3643 2254 3713 sapientia
2275 3643 2454 3701 feciin
2491 3646 2558 3700 δ”.
2585 3665 2603 3700 ι

2047 3733 2323 3792 Czeterum
2352 3739 2516 3794 aliam
2549 3744 2771 3813 qucque
2800 3729 3190 3815 probationem
3215 3751 3452 3806 solidam
3508 3764 3567 3809 et

1977 3823 2278 3893 efﬁcacem,
2309 3836 2365 3883 et
2407 3845 2532 3900 quae
2563 3833 2644 3888 vel
2689 3834 2849 3890 valde
2883 3839 3298 3895 contentiosum
3339 3845 3568 3900 convin-

1980 3925 2093 3982 eat,
2120 3918 2392 3974 adducam
2427 3921 2494 3977 ad
2526 3922 3024 3982 demonstrandum
3063 3929 3291 3988 decreto
3321 3919 3418 3988 Dei
3443 3951 3567 3991 cor-

1976 4026 2082 4080 pus
2106 4023 2358 4068 nostrum
2378 4030 2478 4085 per
2503 4016 2780 4074 elementa
2818 4015 3226 4092 administrari,
3291 4027 3564 4085 vivificari

1975 4111 2030 4158 et
2057 4103 2286 4174 perﬁci;
2319 4104 2575 4164 fortassis
2599 4118 2784 4166 autem
2817 4131 2928 4168 non
2973 4131 3179 4187 corpus
3206 4119 3408 4186 solum,
3463 4124 3562 4179 sed

1975 4205 2032 4250 et
2081 4213 2184 4253 nos
2241 4197 2410 4268 ipsos,
2465 4211 2521 4256 et
2557 4203 2902 4274 incorporea:
2945 4207 3147 4265 animae
3193 4213 3468 4269 motiones
3509 4228 3566 4274 et

1976 4289 2224 4344 actiones
2254 4307 2267 4343 :
2297 4291 2527 4348 adverte
2559 4294 2718 4368 421
2753 4297 2906 4352 enim
2924 4317 2942 4374 _:
2975 4301 3080 4355 sub
3111 4303 3400 4362 exordium
3427 4307 3562 4374 diei,

1977 4381 2202 4458 quando
2235 4385 2418 4439 motio
2451 4384 2578 4442 bilis
2609 4403 2771 4444 mane
2785 4372 3112 4462 contingere
3135 4395 3296 4464 solet,
3319 4400 3568 4459 acriores

1977 4483 2034 4528 et
2068 4475 2522 4534 vehementiores
2553 4478 2766 4535 sumus.
2819 4481 3052 4552 Deinde,
3085 4499 3310 4560 sumpto
3359 4491 3486 4548 cibo
3510 4505 3569 4550 et

267 4580 431 4633 τεροι
459 4563 552 4616 καὶ
581 4556 824 4637 ὀξύτεροι
853 4566 1133 4640 ἄνθρωποι
1159 4572 1258 4638 τὰς
1281 4577 1495 4646 πρωῖας
1522 4556 1866 4655 ὑπάρχομεν.

1988 4567 2274 4624 moderato
2297 4569 2454 4638 vino,
2486 4569 2828 4642 pacatiOrcm
2860 4577 2914 4631 et
2944 4579 3278 4647 quietibrcm
3316 4585 3566 4642 animum

269 4650 420 4706 Εἶτα
451 4655 753 4726 γενομένης
808 4659 1020 4730 τροφῆς
1077 4664 1172 4715 καὶ
1205 4662 1351 4718 οἴνου
1398 4650 1720 4744 συμμέτρου
1746 4650 1874 4746 ’με-

266 4744 592 4815 ταλήψεως,
635 4747 996 4823 ἀγαθωτέραν
1030 4755 1126 4808 καὶ
1151 4757 1515 4832 ἡμερωτέραν
1544 4764 1646 4836 τὴν

269 4839 501 4908 ἔχομεν.
533 4841 703 4895 Πάλιν
737 4859 796 4896 τε
825 4843 1242 4918 ὁδοιποροῦντες
1267 4893 1281 4917 ,
1317 4853 1407 4906 καὶ
1441 4856 1745 4924 κοπιῶντες
1775 4863 1870 4916 ἐπὶ

271 4930 442 4992 πολὺ,
471 4930 670 4995 εὐθέως
693 4933 1056 4998 ὲξοιτονοῦσαν
1091 4939 1191 5012 τὴν
1225 4941 1408 5016 ψυχὴν
1438 4947 1532 5000 καὶ
1554 4953 1867 5024 χαυνονμέ-

268 5038 374 5091 νην
416 5020 632 5091 ἔχομεν.
670 5025 780 5078 Καὶ
805 5028 936 5081 ποτὲ
986 5029 1088 5100 μὲν
1126 5031 1348 5106 νύκτωρ
1385 5039 1736 5111 ἡσυχάζοντα
1767 5047 1863 5098 καὶ

269 5112 520 5181 νήφοντα
565 5113 658 5166 τὸν
695 5115 822 5171 νοῦν
862 5121 894 5189 ἡ
931 5120 1132 5192 ἡσυχία
1157 5125 1250 5180 τὸν
1283 5127 1515 5200 θόρυϐον
1542 5135 1858 5204 ἐργάζεται’

269 5201 414 5254 ποτὲ
441 5202 498 5256 δὲ
531 5203 638 5257 ὑπὸ
671 5205 938 5278 θορύϐων,
971 5211 1004 5284 ἢ
1047 5215 1333 5283 καύσωνὸς
1363 5237 1510 5288 τινος
1533 5229 1863 5300 συνερχομέ-

269 5309 371 5344 νου
401 5293 494 5346 τοῦ
517 5311 792 5364 σωματος,
825 5299 1129 5372 διαχεῖσθαι
1154 5307 1250 5360 καὶ
1272 5307 1349 5374 ὡς
1369 5311 1663 5383 ἀσώματος
1685 5320 1712 5370 ὁ
1735 5318 1858 5381 νοῦς

271 5384 440 5455 ἡμῶν
487 5386 750 5455 πέφυκεν.
794 5391 1015 5464 Ἀμέλει
1062 5395 1188 5464 γοῦν
1239 5401 1438 5470 νηπίου
1491 5407 1588 5458 καὶ
1631 5408 1860 5472 ἀτελοῦς

269 5473 430 5538 ὖντος
467 5475 558 5529 τοῦ
595 5478 870 5551 σώματος,
907 5486 1104 5558 νήπιος
1161 5491 1254 5545 καὶ
1305 5493 1506 5565 ἀτελὴς
1563 5498 1722 5568 ἡμῶν
1768 5501 1862 5554 καὶ

271 5567 473 5640 ἄφρων
513 5571 540 5623 ὁ
583 5570 706 5636 νοῦς
737 5575 1068 5648 καθέστηκε,
1127 5582 1295 5654 μηδὲν
1343 5586 1529 5657 σχεδὸν
1560 5588 1863 5663 διακρίνειν

348 5686 400 5718 ⁸⁵
425 5689 539 5744 Psal
591 5706 695 5764 cut,
725 5696 815 5753 Ἦ.

1985 4661 2292 4743 induimus.
2322 4659 2462 4722 Cum
2511 4667 2618 4722 iter
2651 4667 2908 4736 facimus,
2947 4673 3236 4743 multoque
3266 4677 3460 4735 labore
3485 4681 3568 4736 fa-

1975 4739 2238 4828 tigamur,
2272 4766 2389 4812 tum
2419 4757 2602 4814 anima
2637 4768 2829 4814 nostra
2875 4752 3185 4834 languescit
3218 4776 3274 4822 et
3303 4769 3518 4825 laxatur
3545 4791 3560 4837 ;

1970 4859 2026 4906 et
2058 4835 2362 4922 aliquando
2411 4860 2581 4907 noctu
2639 4867 2765 4906 cum
2809 4869 2966 4909 mens
3009 4856 3250 4926 quiescit
3287 4871 3344 4914 et
3395 4863 3560 4931 plane

1972 4942 2161 4998 sobria
2208 4951 2327 5008 est,
2392 4943 2510 5012 ipsa
2568 4943 2728 5012 quies
2800 4945 3102 5001 tumultum
3169 4949 3302 5004 ciet.
3371 4952 3550 5008 Inter-

1975 5036 2106 5090 dum
2150 5051 2182 5091 ιι
2243 5037 2482 5090 tumultu
2547 5037 2634 5091 vel
2686 5045 2823 5091 cestu
2879 5038 3120 5107 quodam
3167 5047 3561 5104 concurrentis

1976 5129 2252 5200 corporis,
2284 5144 2441 5183 mens
2493 5127 2648 5182 velut
2691 5138 2845 5207 extra
2875 5145 3080 5200 corpus
3108 5131 3347 5192 diffundi
3392 5139 3556 5196 solet.

1975 5221 2170 5292 Igitur,
2195 5219 2419 5289 quando
2441 5233 2648 5288 corpus
2676 5217 2860 5274 adhuc
2903 5219 3157 5276 infantile
3197 5232 3254 5278 et
3289 5225 3558 5298 imperfe:

1975 5323 2124 5370 ctum
2157 5321 2262 5378 est,
2291 5311 2563 5368 infantilis
2585 5311 2800 5376 itidem,
2824 5312 3146 5383 imperfecta
3191 5327 3249 5372 et
3285 5319 3559 5391 insipiens

1973 5409 2133 5462 niens
2154 5413 2340 5462 nostra
2375 5407 2480 5470 est,
2509 5405 2584 5460 ita
2607 5413 2670 5460 ut
2711 5405 2862 5460 nulla
2901 5406 3256 5466 discernendi
3291 5411 3557 5472 facultate

1971 5502 2186 5556 valeat:
2223 5499 2491 5556 membris
2522 5515 2658 5555 vero
2689 5501 3119 5571 augescentibus
3157 5513 3215 5559 et
3246 5511 3556 5565 crescenti-

1971 5594 2311 5662 bus,-mens
2347 5604 2570 5664 quoque
2635 5599 2824 5645 nostra
2865 5594 3255 5664 progressione
3312 5582 3556 5669 quadam

1558 5785 1788 5845 VARIxE
1829 5789 2234 5850 LECTIONES.

359 5843 384 5870 ε
411 5831 584 5902 ζῆσαι.
669 5837 687 5876 ῐ
725 5838 905 5896 Locus
943 5857 1255 5918 corruptus.

517 5932 787 5994 Ριιτιιοι.
836 5938 954 5998 (In.
999 5939 1319 6004 LXXXIX.
