4056 6426
493 366 603 434 ’πρ
1712 362 1774 423 s.
1813 358 2218 421 ANASTASII
2257 357 2584 421 SINAIT/E
2664 301 2684 321 ’
3218 332 3229 346 ’
3678 354 3801 417 τεο

493 478 662 539 simul
698 484 934 551 augetur
978 487 1034 534 et
1076 477 1410 533 illustratur.
1443 475 1503 533 Si
1536 475 1706 549 igitur
1752 475 2085 548 incorporea

2202 475 2509 547 ἰυνάμενος.
2544 476 2975 548 Προκοπτόντων
3006 475 3063 532 δὲ
3101 472 3211 531 τῶν
3250 474 3429 546 μελῶν
3491 472 3585 528 καὶ
3621 467 3807 529 a550-

493 580 552 629 et
580 571 1004 643 inaspectabilis
1027 572 1228 628 animae
1264 580 1472 627 nostrae
1519 578 1686 641 atque
1744 569 1950 625 mentis
1996 568 2083 624 fa-

2202 567 2394 639 μένων,
2423 566 2567 620 οὔτω
2601 562 2747 622 κάτά
2792 567 3102 639 πρὸσΰασιν
3132 569 3227 623 καὶ
3268 568 3298 621 ὁ
3343 566 3471 631 νοῦς
3516 565 3794 632 συναύξει

494 666 676 722 cultas
725 666 796 721 ab
820 665 1232 721 elementorum
1259 673 1317 719 et
1350 663 1602 733 corporis
1638 669 2082 734 temperamento

2202 660 2288 714 καὶ
2318 659 2639 729 φωτίζεται.
2681 661 2743 715 El
2782 656 2878 716 οὖν
2907 663 3003 716 καὶ
3053 660 3194 733 αὕτη
3244 663 3278 733 ἡ
3329 659 3627 731 ἀσώματος
3695 657 3807 711 καὶ

492 760 861 831 gubernatur,
880 764 1135 829 augetur,
1163 756 1391 813 ducitur
1418 764 1476 812 et
1511 755 1745 827 regitur,
1775 755 1934 826 jussu
1956 754 2077 822 Dei,

2202 753 2426 826 ἀόρατος
2457 755 2558 825 τῆς
2585 753 2768 827 ψυχῆς
2811 755 2975 826 ἡμῶν
3008 754 3215 811 καὶτοῦ
3243 755 3363 818 νοὸς
3390 753 3647 825 δύναμις,
3685 749 3806 805 ene

495 867 564 907 ne
588 852 832 923 amplius
847 850 1117 921 ambigas,
1139 847 1365 920 quando
1385 847 1547 904 audis
1564 889 1579 915 ,
1598 845 1849 917 corporis
1863 861 1932 900 ex
1960 860 2079 901 ma-

2202 845 2291 917 τῆς
2319 847 2679 918 συγκράσεως
2710 847 2819 902 τῶν
2852 847 3135 920 στοιχείων
3161 848 3257 902 καί⁸
3275 847 3370 901 τοῦ
3394 845 3656 917 σώματος
3690 862 3806 898 κυ-

494 944 635 1000 teria
670 943 917 1000 concreti
947 941 1389 1014 generationem,
1437 941 1868 1004 incrementum,
1923 953 2088 1009 coag-

2202 939 2477 1012 δερνᾶται,
2509 944 2607 997 καὶ
2634 940 2879 1010 αὔξεται,
2923 944 3019 998 καὶ
3048 942 3358 1009 ἀκολουθεῖ,
3390 943 3485 997 καὶ
3514 939 3804 1012 κατακρί»

494 1034 900 1090 mentationem
935 1041 993 1089 et
1026 1032 1453 1089 dissolutionem
1487 1046 1554 1088 ex
1585 1030 1685 1087 Dei
1729 1028 2087 1102 providentia

2202 1048 2370 1100 νεται,
2411 1034 2459 1087 εί
2485 1036 2949 1106 κατακυριεύεται
2981 1036 3231 1092 κελεύσει
3257 1035 3419 1099 Θεοῦ,
3461 1033 3662 1105 μηκέτι
3702 1049 3803 1104 μοι

494 1127 788 1183 elementis
807 1126 1041 1183 ascribi.

2105 1160 2123 1176 ο
2198 1123 2541 1199 ἀμφιϐάλῃς,
2590 1126 2757 1198 ἡνίκα
2809 1128 3054 1203 ἀκούσῃς
3103 1130 3200 1182 καὶ
3238 1129 3339 1199 τὴν
3378 1126 3477 1182 τοῦ
3529 1127 3801 1197 σώματος

491 1218 592 1271 τοῦ
626 1219 815 1273 ὑλικοῦ
864 1216 1123 1289 γέννησίν
1152 1235 1214 1272 τε
1263 1219 1362 1272 καὶ
1402 1218 1630 1289 αὔξησιν
1676 1216 1773 1270 καὶ
1837 1214 2120 1281 σύστασιν,
2161 1215 2256 1270 καὶ
2314 1216 2563 1272 διάλυσιν
2593 1219 2822 1292 προνοίᾳ
2860 1219 3018 1287 Θεοῦ,
3067 1220 3156 1274 διὰ
3210 1219 3310 1290 τῆς
3355 1219 3466 1272 τῶν
3507 1215 3801 1287 στοιχείων

496 1309 883 1382 κυϐερνήσεως
907 1313 1234 1382 γενομένην.

566 1400 731 1457 Certe
776 1402 907 1472 ipsae
930 1402 1097 1458 etiam
1129 1403 1403 1460 inanimes
1433 1404 1511 1476 (7')
1532 1405 1733 1479 planta:
1756 1403 1823 1459 ad
1845 1404 2091 1459 elemen-

496 1505 679 1550 torum
736 1502 793 1550 et
877 1494 1025 1551 aeris
1105 1496 1560 1553 constitutionem
1647 1495 2086 1552 conformantur.

494 1589 799 1660 Propterea
834 1588 952 1644 haec
977 1586 1204 1659 quidem
1229 1588 1382 1660 regio
1411 1603 1520 1643 non
1550 1589 1808 1659 producit
1831 1589 2043 1659 palmas
2072 1604 2088 1654 ;

496 1682 603 1736 alia
631 1697 744 1737 non
765 1681 874 1736 fert
905 1683 1149 1748 oliveta;
1182 1680 1289 1736 alia
1310 1681 1492 1736 nullas
1523 1682 1712 1737 vineas
1743 1697 1759 1747 ;
1796 1680 1902 1735 alia
1929 1679 2086 1751 glan-

495 1770 663 1826 dibus
719 1776 894 1825 carct.
923 1770 1065 1827 Hinc
1109 1771 1489 1828 accuratiores
1534 1766 2090 1841 cosmographiaflir-

496 1872 650 1920 mant
706 1864 1024 1935 paradisum
1070 1866 1289 1921 caeteris
1337 1864 1604 1920 omnibus
1645 1863 1894 1919 universi
1925 1863 2093 1935 hujus

496 1954 964 2033 partibusmagis
991 1957 1060 2013 ad
1094 1958 1366 2013 orientem
1401 1955 1650 2020 tendere,
1678 1954 1942 2027 illiusque
1976 1953 2093 2009 vcl-

496 2057 561 2104 ιιι
595 2049 770 2105 altare
819 2050 1098 2121 quoddam
1138 2065 1284 2106 esse.
1315 2048 1592 2105 Plantavit
1629 2047 1779 2104 enim
1826 2046 2094 2103 Dominus

497 2139 815 2210 paradisum
846 2139 914 2195 ad
942 2140 1215 2196 orientem
1256 2139 1311 2194 in
1343 2138 1497 2194 Edon
1524 2138 1607 2206 “;
1633 2137 1725 2192 cui
1754 2137 2095 2208 propinquat

495 2230 761 2287 Indorum
815 2232 990 2305 regio,
1016 2241 1073 2288 et
1111 2232 1301 2287 omnia
1342 2231 1517 2289 ferme
1564 2230 2011 2302 fragrantissima
2036 2239 2095 2286 et

495 2322 887 2380 odoratissima
937 2333 1183 2380 aromata
1235 2323 1593 2395 fragrantiam
1647 2331 1705 2377 et
1764 2322 2098 2378 suaveolen-

499 2414 632 2469 tiam
667 2430 825 2471 suam
857 2432 926 2471 ex
967 2415 1375 2472 odoratissimis
1416 2413 1659 2486 paradisi
1701 2413 1906 2485 plantis
1949 2413 2095 2469 acci-

497 2508 679 2577 piunt,
707 2508 893 2564 ventis
926 2506 1282 2579 fragrantiam
1317 2506 1705 2563 deferentibus
1737 2514 1795 2561 et
1840 2505 2096 2560 dividen-

501 2598 670 2664 tibus,
711 2599 779 2653 ad
814 2599 1239 2655 similitudinem
1288 2614 1485 2655 eorum
1541 2599 1640 2669 qui
1692 2613 1795 2668 per
1839 2607 2034 2653 ventos
2063 2613 2095 2652 a

500 2690 752 2747 maribus
806 2700 1099 2763 acceptum
1131 2700 1321 2749 semen
1364 2691 1491 2747 aliis
1542 2690 1866 2746 infundunt.
1903 2689 2097 2747 Omnis

498 2798 635 2840 vero
692 2785 1108 2851 suaveolentia,
1149 2784 1426 2856 praecipue
1478 2783 1573 2838 illa
1632 2797 1798 2854 quam
1847 2791 2096 2838 aromata

502 2875 691 2932 Indica
723 2876 934 2942 elllant,
958 2877 1167 2947 absque
1198 2876 1535 2931 humiditate
1564 2874 1675 2931 olei
1718 2884 1775 2930 et
1826 2874 2094 2929 similium

500 2972 830 3034 praeparata,
852 2965 1094 3033 salubris
1119 2972 1225 3031 est,
1257 2974 1315 3021 et
1353 2979 1557 3036 corpus
1603 2964 1908 3020 humanum
1961 2979 2095 3019 con-

2279 1402 2499 1475 Ἃμέλει
2554 1404 2687 1474 γοῦν
2722 1404 2819 1460 καὶ
2857 1403 2997 1460 αὐτὰ
3031 1403 3103 1457 τά
3136 1403 3320 1474 ἀψυχα
3375 1404 3514 1477 πρὸς
3544 1404 3643 1476 τὴν
3678 1406 3799 1461 τῶν

2199 1496 2485 1567 στοιχείων
2509 1498 2602 1550 καὶ
2628 1498 2813 1569 ἀέρων
2839 1496 3001 1551 εἴωθε
3042 1499 3279 1567 στοιχεῖν
3307 1496 3652 1553 ἀκολουθίαν.
3675 1500 3800 1553 Καὶ

2195 1586 2285 1642 διὰ
2312 1585 2470 1642 τοῦτο
2499 1588 2641 1660 αῦτη
2673 1588 2774 1659 μὲν
2802 1592 2836 1660 ἡ
2865 1587 3021 1661 χώρα
3051 1588 3113 1641 οὐ
3152 1586 3418 1657 ζωογονεῖ
3440 1588 3711 1655 (ponam;
3741 1590 3795 1654 ⁸,

2127 1673 2170 1769 ἡ
2198 1676 2342 1748 αὕτη
2359 1677 2416 1731 δὲ
2450 1678 2512 1731 οὐ
2544 1680 2690 1732 ποιεῖ
2720 1678 2988 1742 ὲλαιῶνας
3014 1694 3026 1706 ·
3060 1678 3246 1750 ἐκείνη
3281 1677 3341 1731 δὲ
3373 1678 3536 1733 πάλιν
3556 1679 3616 1732 οὐ
3647 1697 3797 1750 καρ-

2197 1771 2424 1839 πογονεῖ
2446 1771 2806 1842 ἀμπελῶνας,
2836 1771 2932 1826 καὶ
2964 1770 3100 1842 ἄλλη
3131 1772 3194 1824 οὐ
3231 1771 3497 1842 κέκτηται
3527 1771 3791 1842 βάλανον.

2196 1862 2359 1917 Ὅθεν
2388 1864 2483 1917 καὶ
2507 1863 2725 1918 θέλουσι
2756 1863 2938 1931 λέγειν
2965 1864 3015 1917 oi
3046 1863 3293 1935 ἀκριϐεῖς
3320 1863 3420 1934 τῆς
3451 1864 3794 1935 οἰκουμένης

2196 1955 2606 2027 κοσμογράφοι,
2639 1957 2722 2010 ὅτι
2750 1954 3219 2027 ἀνατολικὼτερος
3254 1955 3435 2026 πάσης
3465 1959 3565 2027 τῆς
3599 1958 3795 2011 οἰκου-

2196 2046 2395 2117 μένης,
2429 2047 2621 2121 ὥσπερ
2669 2046 3067 2119 θυσιαστήριον
3120 2046 3291 2116 αὐτῆς
3326 2048 3591 2116 τυγχάνει
3621 2050 3651 2101 ὁ
3683 2065 3791 2101 πα-

2195 2139 2469 2212 ράδεισος.
2517 2139 2817 2211 Ἐφύτευσε
2847 2140 2982 2212 γάρ,
3024 2141 3214 2212 φησιν,
3237 2139 3421 2202 ὁΘεδς
3457 2140 3787 2212 παράδεισον

2195 2231 2341 2286 κατά
2365 2233 2634 2298 ἀνατολάς
2660 2235 2720 2288 ὲν
2762 2233 2925 2304 Ἐδέμ
2954 2249 2967 2262 ·
3005 2234 3103 2288 καὶ
3132 2232 3325 2286 τούτου
3357 2233 3529 2305 χάριν
3555 2232 3781 2305 πλησιά-

2196 2324 2279 2389 ζει
2306 2324 2457 2396 αὐτῷ
2486 2327 2522 2394 ἡ
2544 2326 2652 2378 τῶν
2693 2324 2873 2379 Ἰνδῶν
2904 2323 3061 2396 χώρα
3084 2341 3099 2355 ·
3136 2325 3231 2378 καὶ
3277 2324 3485 2389 πάντες
3536 2326 3710 2396 σχεδὸν
3729 2328 3777 2380 oi

2196 2420 2404 2489 καρποὶ
2448 2419 2559 2474 τῶν
2606 2420 2996 2474 εὐωδεστάτων
3043 2418 3362 2492 ἀρωμάτων
3407 2420 3541 2487 εἰσὶ,
3571 2420 3659 2476 διὰ
3686 2420 3783 2489 τῆς

2194 2512 2372 2584 αὐρας
2420 2513 2531 2567 τῶν
2574 2513 2796 2585 ἀνέμων
2849 2513 3367 2585 μετακομιζομένης
3429 2515 3526 2568 καὶ
3574 2514 3791 2585 μεταδι-

2194 2606 2433 2675 δομένης
2464 2605 2646 2669 αὐτοῖς
2673 2606 2774 2676 τῆς
2812 2605 3042 2671 εὐωδίας
3088 2607 3156 2660 ὲκ
3193 2605 3303 2659 τῶν
3333 2605 3427 2660 τοῦ
3459 2606 3794 2678 παραδείσου

2197 2695 2583 2750 εὐωδεστάτων
2638 2696 2849 2766 φυτῶν,
2893 2696 3018 2751 καθ’
3048 2697 3349 2768 ὁμοιότητα
3387 2698 3496 2751 τῶν
3541 2698 3798 2770 ἀλλήλοις

2195 2783 2283 2840 διὰ
2350 2785 2462 2839 τῶν
2502 2786 2750 2858 ,ἀνέμων
2828 2792 2892 2843 ὲκ
2959 2789 3066 2843 τῶν
3121 2790 3370 2861 ἀρρένων
3422 2791 3482 2845 τὸ
3549 2791 3800 2863 σπερμά-

2197 2892 2355 2944 γονον
2413 2874 2574 2938 ἀνθος
2637 2877 2687 2932 ιι.
2753 2879 2912 2932 Πᾶσα
2979 2880 3038 2934 δὲ
3099 2878 3340 2947 εὐωδία,
3412 2882 3505 2935 καὶ
3558 2882 3798 2952 μάλιστα

2196 2971 2233 3041 η
2264 2970 2351 3025 διὰ
2407 2968 2515 3023 τῶν
2552 2970 2787 3025 Ἰνδικῶν
2831 2973 3166 3043 ἀρωμάτων,
3202 2974 3377 3047 χωρὶς
3424 2976 3599 3045 ὑγρᾶς
3646 2992 3797 3038 τινος

502 3063 724 3123 servat;
761 3057 925 3124 sicut,
962 3057 1084 3114 vice
1127 3072 1309 3120 versa,
1340 3059 1717 3129 graveolentia
1755 3058 2086 3128 corrumpit.

2202 3060 2447 3131 ἐλαίου,ἢ
2470 3059 2645 3114 ἀλλων
2664 3062 2774 3114 τῶν
2796 3060 3056 3116 τοιούτων
3079 3064 3460 3135 σκευαζομένη
3499 3062 3800 3134 ὐγροποιδς

499 3145 659 3201 Unde
687 3145 767 3200 ait
794 3146 1167 3218 philosophus
1189 3146 1419 3218 quidam
1457 3167 1471 3204 :
1514 3147 1570 3205 Si
1599 3149 1868 3206 incideris
1892 3148 1948 3203 in
1980 3163 2098 3204 mo-

500 3236 808 3292 ribundum
839 3280 855 3304 ,
918 3246 1217 3310 antequam
1260 3248 1503 3297 mentem
1568 3241 1835 3308 amittat,
1892 3240 2099 3311 poterit

501 3338 766 3398 paratura
817 3330 1055 3402 quadam
1108 3340 1423 3389 aromatum
1472 3333 1542 3388 ad
1591 3334 1929 3389 semihoram
1957 3334 2100 3389 ratio

442 3466 449 3469 Α
501 3420 624 3491 ejus
682 3420 848 3478 illzesa
908 3422 1144 3490 servari,
1174 3430 1237 3478 ut
1300 3423 1371 3479 de
1421 3424 1592 3482 rebus
1646 3424 1764 3480 suis
1802 3424 2100 3496 disponere

501 3510 707 3567 valeat.

710 3808 1279 3917 QUIESTIO
1358 3812 1898 3909 CXXVIII.

504 3959 670 4034 ωε
703 3957 845 4034 Quid
882 3968 959 4013 est
1007 3959 1279 4034 talentum
1306 3961 1448 4034 quod
1480 3960 1741 4034 Dominus
1772 3963 2101 4017 inconsum-

581 4031 815 4085 ῡὴιιιίοηε
848 4031 1034 4084 mundi
1063 4046 1118 4084 se
1145 4049 1176 4084 a
1212 4031 1357 4085 malo
1394 4047 1545 4085 servo
1575 4031 1887 4087 ablaturum
1926 4034 2104 4087 mina-

579 4109 688 4165 tur,
725 4100 1086 4173 daturumque
1107 4100 1217 4173 illis
1248 4102 1339 4172 qui
1358 4103 1589 4173 quinque
1606 4102 1826 4157 talentis
1842 4102 2104 4173 prwclare

579 4170 837 4242 περσείαιὶ
873 4171 1089 4240 fuerant
1117 4170 1163 4203 "°
1187 4171 1210 4225 ?

1098 4283 1502 4341 RESPONSIO.

578 4378 816 4447 Quidam
839 4378 1036 4434 dicunt
1064 4393 1187 4434 esse
1239 4378 1508 4449 Spiritum
1552 4385 1826 4443 sanctum,
1851 4393 2018 4449 quem
2047 4378 2102 4433 in

2203 3153 2300 3207 καὶ
2359 3154 2706 3227 συγκρατικὴ
2754 3156 2848 3209 τοῦ
2905 3156 3257 3227 ἀνθρωπείου
3315 3155 3570 3227 σώματός
3619 3158 3801 3219 ἐστιν,

2202 3243 2396 3314 ὥσπερ
2446 3244 2611 3299 πάλιν
2641 3246 2676 3317 ἡ
2724 3244 2961 3300 δυσωδία
3009 3246 3359 3318 φθοροποιὸς.
3389 3246 3559 3300 Ὅθεν
3595 3247 3803 3317 φάσκει

2202 3355 2286 3403 τις
2333 3337 2447 3392 τῶν
2498 3338 2921 3408 φιλοσοφιστῶν,
2964 3340 3028 3395 Εί
3061 3337 3367 3394 καταλάϐοι
3421 3339 3515 3392 τὸν
3556 3337 3804 3408 ἀποθνή-

2204 3448 2408 3486 σκοντα
2442 3430 2551 3503 πρὸ
2573 3431 2671 3485 τοῦ
2705 3433 2974 3486 ἀπολέσαι
2997 3431 3090 3485 τὸν
3117 3431 3260 3496 νοῦν,
3289 3431 3514 3487 δύναται
3537 3432 3626 3487 διά
3655 3448 3803 3494 τινος

2202 3525 2555 3596 κατασκευῆς
2586 3525 2922 3596 ἀρωμάτων,
2946 3526 3041 3577 ἐπὶ
3063 3523 3334 3595 ἡμιὼριον
3364 3523 3532 3578 αὐτοῦ
3554 3525 3803 3595 τηρῆσαι

2203 3616 2468 3689 νηφάλιον
2530 3617 2622 3671 τὸν
2683 3616 2969 3689 λογισμὸν,
3000 3619 3151 3682 ὅπως
3200 3618 3296 3672 καὶ
3343 3617 3412 3672 τά
3452 3615 3577 3672 καθ’
3604 3617 3807 3671 ἑαυτὸν

2202 3709 2487 3766 διαθέσθαι
2522 3710 2843 3783 δυνήσηται.

2567 3832 3104 3923 ΕΡΩΤΗΣΙΣ
3159 3834 3429 3922 ΡΚΗό

2205 3973 2270 4029 Τί
2300 3974 2434 4026 ἐστι
2472 3972 2538 4026 τὸ
2579 3974 2901 4039 τάλαντον,
2929 3975 3075 4041 ὅπερ
3103 3973 3267 4042 λέγει
3299 3971 3490 4039 αἱρεῖν
3518 3974 3553 4026 ὁ
3576 3972 3801 4041 Κύριος

2277 4046 2348 4099 ἐν
2379 4043 2453 4112 τῇ
2503 4046 2832 4112 συντελείᾳ
2873 4045 2980 4098 τοῦ
3019 4043 3237 4110 αἰῶνος
3274 4045 3342 4097 ἐκ
3375 4042 3482 4112 τοῦ
3521 4042 3799 4112 πονηροῦ

2274 4111 2525 4185 δούλου,
2553 4114 2652 4185 καὶ
2674 4111 2962 4185 παρέχειν
2980 4114 3129 4167 αὐτὸ
3161 4114 3286 4179 τοῖς
3314 4111 3516 4180 καλῶς
3544 4111 3801 4185 ἐργασα-

2270 4184 2480 4257 μένοις
2510 4183 2581 4237 τὰ
2615 4183 2797 4239 πέντε
2825 4182 3138 4250 adjuvat;

2803 4295 3202 4356 ΔΠΟΚΡΙΣΙΣ.

2280 4391 2341 4443 Οἱ
2372 4389 2471 4460 μὲν
2494 4385 2737 4458 λέγουσι,
2767 4388 2831 4441 τὸ
2865 4388 3089 4458 Πνεῦμα
3114 4388 3176 4442 τὺ
3209 4388 3385 4457 ἅγιον,
3412 4387 3549 4461 ὅπερ
3573 4384 3789 4453 ἕλεγενί

509 4472 786 4543 baptismo
804 4471 1043 4540 adeptus
1058 4469 1384 4538 est.Quibus
1401 4486 1512 4525 non
1534 4469 1808 4526 assentior
1828 4487 1841 4524 :
1858 4485 1983 4524 nam
2006 4469 2096 4540 qui

2209 4483 2267 4537 ἐν
2293 4481 2371 4554 τῷ
2400 4481 2756 4554 βαπτίσματι.
2786 4480 2930 4553 Πρὸς
2948 4480 3040 4545 οὓς
3066 4480 3355 4549 ἀντιλέγω,
3380 4481 3509 4533 ὅτιὸ
3536 4479 3605 4532 τά
3632 4478 3795 4532 πέντε

512 4566 761 4638 quinque
800 4566 1007 4620 talenta
1054 4570 1369 4635 acceperat,
1404 4562 1648 4618 habebat
1677 4560 1871 4632 utique
1901 4570 1961 4617 et
1984 4560 2096 4631 ipse

2208 4576 2450 4630 τάλαντα
2472 4571 2673 4637 λαϐὼν,
2703 4568 2817 4645 εἶχε
2853 4574 2949 4627 καὶ
2986 4573 3148 4636 αὐτὸς
3187 4572 3251 4626 τδ
3275 4571 3500 4641 Πνεῦμα
3529 4571 3589 4623 τὸ
3618 4571 3796 4638 ἀγιον,

512 4654 782 4728 Spiritum
839 4664 1093 4711 sanctum
1154 4664 1212 4710 et
1256 4668 1369 4709 non
1416 4648 1615 4724 egebat
1651 4651 1829 4708 altero
1875 4651 2100 4722 spiritu.

512 4747 655 4803 Hinc
687 4745 955 4802 discimus
982 4744 1159 4799 Deum
1186 4742 1487 4814 aliquando
1516 4739 1762 4810 indignis
1786 4753 2013 4809 quoque
2043 4747 2103 4793 et

510 4855 543 4895 a
578 4854 713 4896 vera
761 4836 870 4893 ﬁde
905 4836 1116 4892 aversis
1143 4836 1353 4908 gratias
1379 4833 1679 4890 nonnullas
1708 4840 1767 4887 et
1798 4834 1944 4887 dona
1987 4832 2103 4885 lar-

2208 4667 2305 4721 καῖ
2323 4667 2423 4720 οὐκ
2446 4666 2642 4719 ίδαίετο
2668 4664 2682 4716 i
2720 4666 2910 4736 ἐτέρου
2941 4665 3276 4735 πνεύματος.
3297 4662 3511 4718 Οὐκοῦν
3548 4661 3796 4717 ἐντεῦθεν

2216 4761 2583 4832 μανθάνομεν,
2618 4761 2701 4814 ὅτι
2730 4761 2824 4815 καὶ
2848 4759 3195 4821 ἀλλοπίστοις
3218 4757 3483 4820 πολλάκις
3511 4755 3747 4826 παρέχει
3771 4756 3796 4808 ό

2207 4852 2343 4917 Θεὸς
2398 4853 2746 4924 χαρίσματα,
2776 4853 2928 4915 ὅπως
2976 4849 3322 4915 αἰδεσθέντες
3362 4849 3455 4903 τὸν
3501 4849 3793 4914 δεδωκότα,

510 4929 639 5001 giri,
677 4937 743 4984 ut
787 4928 1039 4983 datorem
1086 4925 1339 4993 reveriti,
1366 4924 1435 4980 ad
1481 4922 1710 4979 virtutis
1760 4922 2015 4977 semitam
2048 4935 2096 4977 se

2211 4943 2348 5016 πρὸς
2377 4922 2579 5016 ἀρετὴν
2607 4944 2855 5000 ἔλθωσιν.
2893 4943 3053 4998 Ἀλλά
3079 4942 3238 4997 τοῦτό
3258 4960 3404 5009 τινες
3433 4943 3794 5013 ἀγνοήσαντες

511 5019 868 5077 transferant.
908 5018 1221 5085 Caeterum,
1251 5032 1380 5073 cum
1440 5014 1682 5086 improbi
1731 5013 1957 5084 quidam
2002 5013 2096 5069 hoc

2210 5013 2442 5108 πονηροί
2470 5013 2643 5103 ὄντες,
2668 5036 2931 5109 ἐνόμισαν
2956 5036 3195 5103 ,ἑαυτοὺς
3225 5035 3473 5100 δικαίους
3498 5029 3640 5089 εἶναι
3658 5073 3673 5098 ,
3708 5033 3801 5089 καὶ

512 5115 876 5184 ignorarent,
928 5112 1185 5169 arbitrati
1234 5118 1369 5167 sunt
1410 5111 1626 5180 seipsos
1666 5117 1863 5179 suopte
1920 5106 2096 5163 studia

2211 5128 2303 5184 διὰ
2332 5106 2426 5184 τοῦ
2457 5128 2604 5200 ἔχειν
2627 5129 2690 5184 τὸ
2714 5106 2967 5202 χάρισμα
2988 5170 3005 5197 ,
3032 5128 3377 5200 τυφωθνέντες
3407 5123 3503 5184 οὖν
3542 5126 3680 5199 ὁμοῦ
3707 5125 3798 5180 καὶ

511 5206 690 5277 justos
745 5200 888 5271 esse,
920 5205 1178 5276 donoque
1221 5218 1333 5275 quo
1367 5201 1814 5273 insigniebantur
1844 5198 2019 5257 inflati
2050 5208 2096 5256 el

2214 5198 2594 5291 τυφλωθέντες
2644 5198 2764 5276 ἐκεί
2791 5198 3009 5276 ’τοῦτον
3064 5198 3433 5294 ’στερούμενοι
3484 5219 3545 5275 ὲν
3582 5198 3801 5287 γεέννῃ

513 5300 794 5366 excaecati,
831 5301 1000 5372 inque
1053 5302 1227 5356 altera
1263 5301 1378 5355 vita
1421 5296 1617 5354 eodem
1650 5296 1875 5368 privati,
1912 5297 1969 5350 in
2015 5311 2108 5367 ge-

515 5392 757 5448 hennam
779 5393 1207 5452 descenderunt.

597 5504 642 5537 ”
670 5504 808 5561 Gen.
846 5522 905 5576 ιι,
939 5506 992 5562 8.
1070 5507 1117 5541 ⁸⁸
1147 5507 1341 5564 Matth.
1372 5523 1501 5576 xxv,
1528 5507 1620 5564 28.

2215 5312 2575 5386 ἀπέρχονται.

1927 5576 2168 5632 νᾹῘὶΙᾹΞ
2210 5576 2619 5636 LECTIONES.

595 5670 619 5708 8
651 5668 917 5737 φοίνικας.
993 5670 1022 5710 h
1047 5670 1204 5725 deest
1240 5670 1333 5726 hic
1358 5669 1554 5725 vocula
1587 5686 1600 5723 :
1631 5668 2045 5743 μεταδιδόντων,
2077 5671 2163 5725 vel
2195 5669 2414 5728 similis.

2507 5675 2521 5714 i
2567 5673 2778 5729 ἔλαϐεν.
2857 5675 3089 5732 ιὲδεττο.

597 5831 671 5900 (ἶ)
706 5826 982 5911 ιρεῃὶιορε
1030 5827 1212 5911 anima
1261 5827 1641 5916 sensitivaet
1671 5828 1951 5899 rationﬂi,
1995 5756 2469 5902 ng?:$etativa.
