4056 6462
441 396 548 463 783

1643 391 1702 452 S.
1745 390 2142 450 ANASTASII
2186 391 2512 454 SINAITIE

3595 391 3700 454 785

436 524 565 566 cum
627 521 826 565 revera
887 507 1028 561 mala
1071 507 1204 561 sint.
1238 503 1657 562 Observandum
1706 513 1786 558 est
1838 510 2009 557 auten

2128 503 2426 560 Γινώσκειν
2449 507 2508 560 δὲ
2549 505 2835 576 προσήκει,
2870 503 2950 557 ὅτι
2986 503 3156 558 πολλά
3181 507 3285 557 είσι
3316 503 3456 558 κατά
3485 504 3706 573 ἄγνοιαν

437 601 616 657 multa
641 619 706 657 cx
734 598 1048 672 ignorantia
1081 599 1165 669 agi
1192 585 1497 653 secundum
1530 610 1816 651 excessum
1849 595 2013 665 majo-

437 711 560 750 rum
583 693 944 766 judiciorum.
971 691 1174 746 Omnes
1196 691 1343 744 enim
1367 690 1602 744 ba2reses
1626 687 1884 742 videntur
1916 686 2020 742 sibi

436 797 590 844 recte
639 786 890 843 credere.
926 784 1148 840 Ethnici
1203 784 1390 848 etiam,
1417 781 1514 852 qui
1569 780 1699 836 olim
1753 791 2023 851 martyres

437 879 726 950 suppliciis
782 877 1114 941 adiciebant,
1149 873 1568 930 arbitrabantur
1631 888 1691 928 se
1757 873 2020 942 prmclare

436 987 622 1042 agere,
658 981 714 1026 et
755 971 848 1040 qui
906 967 1170 1024 ecclesias
1218 965 1611 1030 incendebant,
1671 963 1727 1018 id
1789 963 1844 1017 in
1897 963 2020 1016 loco

437 1063 692 1120 sacriﬁcii
743 1065 856 1118 Deo
893 1061 1066 1118 oblati
1094 1059 1455 1130 deputabant,
1488 1065 1545 1112 et
1597 1057 1691 1126 qui
1737 1055 2017 1111 Christum

437 1155 853 1220 crucifixerunt,
877 1153 1199 1210 nesciebant
1225 1151 1360 1222 quid
1389 1158 1619 1222 agerent
1647 1149 1694 1181 ⁵⁸
1719 1165 1734 1216 ;
1760 1158 1816 1204 et
1847 1148 2020 1203 Hero-

441 1251 540 1305 des
569 1249 642 1304 ob
681 1246 1072 1320 jusjurandum
1107 1245 1370 1302 credebat
1404 1243 1752 1298 seJoannem
1775 1242 1899 1312 jure
1935 1240 2018 1294 in-

437 1339 750 1396 terﬁcere”
778 1355 792 1405 ;
825 1346 882 1394 et
921 1353 1078 1393 soror
1096 1335 1316 1408 Moysis,
1343 1335 1494 1406 lepra
1524 1347 1806 1404 percussa,
1831 1331 2020 1386 existi—

433 1432 618 1486 mabat
641 1446 698 1486 se
723 1445 834 1485 non
861 1429 1063 1502 injuste
1085 1427 1378 1484 maledicta
1401 1427 1458 1482 in
1491 1426 1730 1497 Moysem
1749 1425 1932 1496 jacere
1949 1423 2014 1476 ⁸⁸.

432 1523 558 1578 Haec
591 1523 732 1578 scire
767 1529 1008 1593 oportet,
1048 1537 1119 1576 ne
1140 1521 1365 1591 impune
1398 1535 1498 1574 nos
1532 1518 1744 1573 laturos
1775 1531 2014 1580 reamur,

433 1617 478 1671 si
507 1616 638 1687 quid
667 1631 736 1671 ex
760 1614 1071 1687 ignorantia
1099 1611 1525 1671 deliuuerimus.

690 1762 1254 1874 QUIESTIO
1329 1763 1761 1854 CXXXI.

431 1919 563 1974 dum
587 1916 726 1970 Deus
766 1916 823 1970 in
873 1915 1038 1969 sacris
1079 1893 1292 1968 Litteris
1334 1911 1610 1982 prwcipiat
1654 1909 1880 1964 liberare
1931 1923 2016 1982 eos

501 1989 593 2060 qui
633 1987 904 2040 ducuntur
933 1987 1280 2060 admortem,
1399 1977 1698 2060 consultum
1743 1987 1818 2034 est
1843 1987 1900 2033 ut
1929 1977 2014 2034 la-

503 2051 679 2112 trones
699 2071 904 2128 quoque
931 2063 979 2108 et
1007 2053 1296 2109 homicidas
1321 2051 1600 2106 liberemus
1624 2051 1648 2104 ?

1019 2163 1424 2223 RESPONSIO.

499 2284 656 2340 Haud
689 2283 944 2339 dixerim.
987 2282 1125 2337 Nam
1184 2282 1298 2336 Deo
1337 2295 1503 2336 nemo
1562 2288 1649 2336 est
1695 2280 2010 2352 benignior,

426 2377 523 2446 qui
554 2377 879 2446 sanguinem
905 2389 1006 2445 pro
1036 2372 1309 2444 sanguine
1353 2371 1567 2428 eﬂ'undi
1598 2371 1764 2444 jussit
1783 2373 1851 2425 “.
1881 2370 2012 2426 Atsi

424 2465 551 2536 quis
597 2473 827 2535 propter
866 2463 1050 2530 ﬁdem,
1089 2462 1174 2518 vel
1209 2469 1441 2532 propter
1479 2461 1668 2517 debita
1697 2462 1796 2534 (9),
1827 2461 1912 2516 vel
1940 2461 2012 2516 ob

423 2556 766 2612 iracundiam
815 2556 936 2610 lteri
965 2555 1202 2621 sui,vel
1241 2554 1484 2610 similem
1540 2555 1614 2611 ob
1661 2570 1886 2611 causam
1942 2553 2010 2608 ad

424 2657 662 2703 mortem
686 2647 804 2702 abri
813 2648 1019 2717 piatur,
1047 2647 1139 2701 tali
1153 2661 1314 2716 opem
1339 2645 1485 2702 ferre
1502 2645 1668 2719 424
1685 2645 2025 2732 praeclarum

425 2747 532 2795 est.
563 2737 838 2794 Caeterum
903 2747 1034 2794 sunt
1065 2739 1160 2810 qui
1190 2739 1357 2794 etiam
1389 2753 1516 2794 reos
1541 2739 1738 2794 mortis
1761 2743 2006 2803 servant,

423 2837 481 2885 et.
518 2829 872 2886 monasteriis
907 2829 1248 2900 pmnitentize
1277 2843 1442 2884 causa
1491 2827 1790 2884 includunt
1821 2844 1833 2880 :
1867 2843 2008 2897 quo-

422 2934 546 2974 rum
573 2919 816 2974 studium
841 2935 954 2974 non
993 2927 1078 2974 est
1108 2917 1650 2989 reprehendendum.

679 3023 1239 3177 cumsrlo
1312 3070 1794 3160 CXXXII.

2125 597 2526 668 ἐπιτελούμενα
2563 576 2686 652 κᾶθ’
2720 596 3026 669 ὑπερϐολὴν
3077 596 3339 666 μειζόνων
3395 599 3704 667 χριμάτων.

2128 691 2308 742 Πᾶσαι
2341 691 2452 762 γὰρ
2486 691 2543 744 αἱ
2573 691 2816 762 αἱρέσεις
2845 689 3116 754 δοκοῦσιν,
3150 691 3231 742 ὅτι
3262 688 3444 753 καλῶς
3481 690 3706 742 πιστεύ-

2123 800 2263 838 ουσι.
2299 784 2410 837 Καὶ
2450 785 2498 837 οἱ
2525 783 2808 854 Ἕλληνες,
2837 785 2886 837 oi
2939 783 3066 846 τοὺς
3111 781 3394 852 μάρτυρας
3441 781 3710 835 κολάσαν-

2121 891 2234 938 τες,
2268 875 2540 946 ἐνόμιζον,
2573 877 2657 928 ὅτι
2695 874 2878 939 καλῶς
2909 874 3363 946 διαπράττονται,
3397 875 3494 929 καὶ
3521 876 3571 928 οί
3604 874 3706 938 τὰς

2125 967 2424 1037 ἐκκλησίας
2502 967 2785 1035 καίοντες,
2840 966 3090 1038 ἐνόμιζον
3153 964 3310 1018 τοῦτι
3364 966 3446 1029 είς
3509 964 3706 1018 θυσίαν

2121 1057 2280 1124 Θεοῦ,
2305 1061 2400 1114 καὶ
2446 1061 2494 1113 οἰ
2528 1059 2764 1129 Χριστὸν
2814 1059 3254 1129 σταυρώσαντες,
3283 1073 3383 1110 sax
3425 1053 3602 1111 οἴδασι
3651 1055 3706 1107 τί

2123 1151 2340 1204 ἐποίουν
2371 1169 2384 1182 ·
2416 1151 2510 1204 καὶ
2547 1149 2791 1222 Ἡρώδης
2824 1149 2890 1202 δι’
2919 1149 3198 1222 εύορκίαν,
3228 1147 3304 1211 ὡς
3335 1147 3566 1216 νομίζει,
3600 1165 3702 1220 κα-

2121 1242 2230 1308 λῶς
2261 1242 2352 1297 τὸν
2394 1242 2649 1314 Ἰωάννην
2674 1245 2932 1314 ἐφύτευσε
2957 1258 2970 1274 ο
3005 1243 3098 1296 καὶ
3129 1239 3335 1310 ἀδελφὴ
3364 1239 3646 1302 Μωῡσέως
3670 1241 3702 1310 ἡ

2119 1333 2486 1406 λεπρωοεῖσα,
2524 1335 2718 1402 ἐδόκει,
2754 1337 2835 1389 ὅτι
2885 1336 3133 1406 νομίμως
3159 1333 3252 1387 τὸν
3280 1331 3524 1403 Μωῦσῆν
3562 1333 3698 1385 ἐλοι-

2119 1426 2289 1499 δόρει.
2323 1428 2510 1482 Ταῦτα
2534 1429 2832 1498 ἀναγκαῖον
2867 1427 3217 1493 ἐπίστασθαι,
3251 1427 3340 1481 ἵνα
3371 1427 3445 1496 μὴ
3466 1424 3702 1494 νομίσω-

2123 1539 2245 1593 μεν,
2289 1521 2614 1586 ἀνευθύνους
2667 1523 2891 1586 ἑαυτοὺς
2935 1516 3077 1574 εἶναι
3127 1521 3218 1573 ἐπὶ
3260 1523 3373 1585 τοῖς
3419 1520 3478 1572 ὲν
3506 1518 3699 1589 ἀγνοίᾳ

2119 1615 2338 1687 ἀμαρτὴ
2348 1633 2530 1686 μασιν.
2781 1597 2792 1610 ⁸

2485 1782 3016 1869 ΕΡΩΤΗΣΙΣ
3069 1779 3326 1866 ΡΛΑ’.

2121 1918 2233 1974 Τοῦ
2257 1918 2404 1973 Θεοῦ
2433 1920 2720 1984 λέγοντος
2747 1919 2818 1972 ἐν
2844 1917 2918 1986 τῇ
2951 1917 3188 1986 Γραφῇ,
3219 1917 3306 1970 ὅτι
3344 1916 3555 1971 Ῥῦσαι
3579 1915 3691 1986 ἁπ-

2190 1983 2525 2058 αγομένους(
2546 1992 2634 2054 εὶς
2659 1983 2936 2053 mir-away
2962 1983 3020 2042 τί
3051 1983 3166 2044 075i-
3195 1987 3387 2041 καλὸν
3414 1987 3515 2041 καὶ
3549 1985 3693 2052 τοὺς

2186 2064 2424 2130 λῃστὰς
2471 2061 2568 2113 καὶ
2609 2059 3025 2128 ἀνδροφόνους
3040 2061 3389 2128 ῥύσασοαω

2712 2170 3106 2226 ΑΠΟΚΡΙΣΙΣ.

2186 2285 2262 2339 Ού
2294 2285 2459 2353 λέγω.
2491 2284 2684 2348 Οὐδεὶς
2711 2285 2818 2356 γὰρ
2859 2285 2952 2338 τοῦ
2987 2283 3124 2338 Θεοῦ
3151 2283 3688 2355 φιλανθρωπότερος,

2114 2373 2254 2449 αἷμα
2310 2376 2638 2448 ἐκχύνεσθαι
2685 2377 2806 2430 ἀντὶ
2854 2377 3086 2446 αἵματος
3133 2375 3517 2438 κελεύσαντος.
3561 2374 3689 2428 Ἀλλ’

2113 2471 2208 2525 ἐάν
2253 2487 2336 2534 τις
2393 2469 2484 2522 διὰ
2537 2469 2723 2523 πίστιν
2749 2512 2764 2536 ,
2793 2470 2826 2540 ἢ
2859 2470 2947 2524 διὰ
2987 2469 3244 2532 τοιαύτας
3293 2469 3491 2540 ἑτέρας
3517 2469 3692 2532 αἰτίας

2116 2562 2302 2634 μέλλει
2343 2563 2426 2626 είς
2467 2561 2702 2616 θάνατον
2747 2560 3080 2630 ἀπάγεσθαι,
3118 2560 3286 2616 καλὸν
3307 2559 3498 2614 τοῦτον
3530 2559 3698 2630 ῥύσα-

2114 2655 2260 2709 σθαι.
2295 2654 2444 2725 Πλήν
2488 2655 2596 2708 sisi
2625 2671 2772 2718 τινες
2803 2655 2896 2708 καὶ
2932 2653 3259 2718 καταδίκους
3308 2652 3541 2709 θανάτου
3595 2652 3699 2706 σώ-

2114 2765 2305 2812 σαντες
2325 2789 2340 2815 ,
2370 2748 2466 2802 καὶ
2500 2747 2560 2802 ἐν
2600 2747 2994 2818 μοναστηρίοις
3039 2747 3239 2811 αὐτοὺς
3275 2748 3559 2817 μετανοεῖν
3589 2764 3700 2799 πα-

2111 2841 2582 2914 ρασκευάσαντες,
2623 2838 2801 2904 καλῶς
2836 2840 3189 2911 ποιήσαντες.

2442 3077 2976 3164 ΕΡΩΤΗΣΙΣ
3026 3077 3230 3164 ΡΛΒ
3256 3139 3276 3156 .

419 3217 480 3274 Si
525 3220 580 3274 in
620 3221 891 3281 servitute,
919 3217 1000 3272 vel
1057 3217 1364 3285 captivitate
1413 3231 1609 3282 verser,
1647 3233 1740 3270 nec
1774 3217 2005 3285 valeant,

2127 3211 2276 3285 Ἐὰν
2316 3215 2638 3285 ὑπόκειιμαι
2684 3217 2772 3280 εὶς
2813 3215 3119 3282 δουλείαν,
3146 3215 3186 3285 ἢ
3217 3216 3647 3284 αἰχμαλωσίαν
3681 3257 3696 3280 ,

489 3291 750 3360 quomodo
780 3297 830 3342 et
867 3289 1080 3360 quando
1101 3287 1266 3360 labet,
1297 3287 1404 3341 Deo
1443 3289 1496 3340 in
1528 3287 1766 3360 ecclesia
1795 3305 2006 3360 vacare,

489 3357 574 3414 uel
588 3357 976 3430 jejunarcﬂel
1007 3357 1253 3429 vigilare,
1280 3375 1386 3428 qna
1422 3359 1634 3411 ratione
1661 3368 1842 3430 potero
1861 3358 2009 3414 salu-

486 3429 660 3486 tentet
687 3430 1044 3483 remissionem
1082 3437 1416 3499 peccatorum
1443 3430 1688 3500 consequi
1717 3429 1743 3481 Ζ)

1020 3625 1420 3682 RESPONSIO.

485 3745 543 3802 Si
581 3747 694 3802 Deo
723 3744 956 3818 singulis
988 3745 1249 3800 aetatibus
1286 3760 1397 3800 non
1425 3743 1766 3814 placuissent
1803 3743 1881 3798 illi
1908 3744 2003 3814 qui

413 3841 472 3895 in
490 3838 718 3904 mundo,
742 3838 798 3892 in
824 3837 1180 3892 matrimonio
1204 3847 1261 3892 ct
1283 3836 1339 3890 in
1362 3837 1686 3907 magistratu
1720 3837 2000 3901 vivebant,

412 3933 694 4002 rebusque
722 3929 924 3986 creatis
947 3930 1401 4000 perfruebantur,
1433 3929 1708 3985 haberent
1732 3929 1874 3984 forte
1909 3945 2005 4002 pa-

411 4033 588 4079 ratam
622 4022 1002 4078 defensionem
1032 4021 1126 4077 isti
1162 4021 1257 4092 qui
1305 4031 1572 4077 excusant
1615 4023 2002 4077 excusationes

411 4117 470 4172 in
499 4115 742 4186 peccatis
769 4114 835 4168 °°.
869 4113 1027 4168 Nunc
1075 4129 1144 4168 ex
1178 4113 1382 4168 divinis
1428 4113 1736 4184 Scripturis
1791 4115 1991 4184 liquet,

411 4223 608 4263 omnes
654 4207 828 4262 ferme
875 4222 1017 4276 quos
1075 4206 1224 4260 Deus
1252 4205 1450 4260 charos
1484 4205 1680 4261 habuit
1727 4207 1998 4276 placuisse

403 4301 528 4354 ει)εο
557 4299 722 4355 etiam
753 4299 808 4352 in
833 4297 1067 4361 divitiis,
1103 4299 1158 4352 in
1185 4298 1416 4366 mundo,
1453 4299 1509 4354 in
1545 4299 1738 4355 sobole
1772 4317 1785 4353 :
1819 4298 1997 4355 Abra-

411 4391 660 4453 lzamum,
693 4390 939 4461 inquam,
969 4390 1173 4460 Joseph
1196 4399 1252 4444 et
1271 4398 1524 4460 posteros
1553 4409 1568 4458 ;
1599 4391 1825 4462 insuper
1850 4392 1997 4464 Moy-

409 4496 530 4537 scm
565 4492 621 4537 et
669 4483 972 4546 Danielem,
1025 4483 1276 4553 aliosque
1321 4483 1588 4540 inﬁnitos.
1625 4485 1828 4540 Verum
1879 4485 1996 4541 luec
2026 4522 2073 4583 υ

411 4583 633 4644 quoque
666 4589 776 4628 una
802 4591 869 4630 ex
897 4574 1103 4629 diaboli
1131 4575 1396 4630 versutiis
1421 4586 1527 4642 est,
1560 4575 1774 4632 homini
1799 4593 1995 4649 sugge-

409 4682 535 4722 rere
561 4675 619 4723 ut
638 4666 939 4722 mundanis
965 4667 1132 4722 rebus
1158 4682 1217 4722 se
1247 4667 1488 4736 abdicet,
1517 4671 1852 4726 monachum
1907 4672 1994 4727 in-

409 4760 566 4822 duat,
608 4768 664 4814 et
693 4757 746 4812 in
782 4759 1139 4815 solitudinem
1174 4761 1445 4829 recedat;
1481 4762 1690 4833 alioqui
1715 4763 1836 4819 ﬁeri
1883 4779 1994 4820 non

407 4868 572 4924 posse
612 4861 670 4906 ut
705 4851 940 4908 salutem
997 4861 1409 4923 consequatur:
1439 4855 1650 4910 multos
1703 4855 1852 4911 enim
1909 4857 1994 4912 his

407 4943 844 5013 cogitationibus
872 4943 1194 4999 demulcens
1225 4960 1288 5000 ac
1337 4945 1784 5004 circumveniens
1808 4945 1996 5006 ell‘ecit

407 5043 472 5088 ut
495 5050 590 5103 spe
610 5035 770 5106 longa
791 5045 1054 5106 concepta
1075 5037 1479 5094 abdicationem
1500 5043 1992 5110 procrastinarent,

408 5132 466 5178 et
495 5124 716 5179 interim
739 5125 795 5179 in
816 5127 1000 5182 omnia
1037 5127 1372 5198 ﬂagitiorum
1398 5147 1602 5201 genera
1629 5147 1750 5189 sese
1777 5133 1997 5189 immer-

409 5225 644 5284 gerent,
699 5217 1066 5288 tandemque,
1129 5220 1424 5292 desperata
1479 5222 1871 5294 abdicatione,
1924 5225 1994 5282 ad

408 5306 732 5376 sempiterni
761 5310 903 5380 ignis
931 5311 1263 5382 supplicium
1286 5314 1712 5372 descenderent.

480 5571 528 5602 "
551 5573 684 5631 Luc.
710 5525 968 5640 “111,.54.
1009 5627 1020 5633 _
1044 5571 1088 5603 ⁸⁷
1112 5573 1281 5631 Marc.
1301 5595 1372 5643 γι,
1395 5578 1484 5636 26.
1561 5581 1606 5614 "'
1627 5583 1792 5640 Num.
1816 5601 1910 5652 xu,
1939 5585 2023 5643 10.

2183 3283 2283 3336 καί
2335 3287 2408 3338 οὐ
2467 3279 2757 3355 δϊῖναμαι,
2788 3286 2868 3351 ὠς
2917 3279 3452 3350 θέλωίείσειῗθεῖν,
3501 3286 3539 3355 ἣ
3594 3279 3705 3340 ἐπ’τά

2183 3355 2335 3426 θέλω
2386 3354 2698 3426 σχολάσαι
2729 3355 2804 3426 τῇ
2840 3356 3161 3424 ἐκκλησίᾳ,
3184 3355 3227 3426 ᾖ
3261 3356 3617 3424 νηστεῦσαι,
3661 3359 3703 3426 ἢ

2181 3423 2591 3504 ᾀγρυπιςῆσαι,
2615 3424 2743 3504 πῶς
2763 3423 3020 3495 δύναμαι
3040 3423 3328 3496 σώθῆὸινλι,
3351 3427 3448 3480 καί
3471 3423 3705 3498 ἇεοεσιιὲ

2180 3494 2480 3566 ἁμαρτιῶν
2502 3496 2742 3564 sepsit“;

2705 3631 3099 3688 ΑΠΟΚΡΙΣΙΣ.

2181 3749 2240 3800 El
2302 3748 2402 3817 μὲν
2457 3747 2532 3820 μὴ
2569 3749 2948 3820 εύηρέστησαν
3003 3749 3084 3819 τῷ
3136 3747 3256 3821 Θεῷ
3291 3747 3413 3803 καθ’
3443 3749 3698 3821 ἑκάστην

2106 3838 2302 3908 γενεὰν
2360 3839 2593 3893 τοιοῦτοι
2649 3840 2862 3910 ἄνδρες,
2921 3841 3066 3910 λέγω
3113 3841 3178 3912 δὴ
3237 3842 3298 3895 ἐν
3355 3842 3567 3912 κόσμῳ,
3595 3843 3700 3896 καὶ

2105 3929 2351 4002 ἐξουσίᾳ,
2377 3932 2472 3985 καὶ
2519 3931 2820 3986 ἀπολαύσει
2870 3931 3234 4002 ὑπάρχοντες,
3264 3931 3408 4002 τάχα
3443 3933 3512 3988 ἀν
3540 3930 3698 4005 εἶχον

2104 4022 2405 4092 ἀπολογίαν
2443 4023 2586 4090 τινὰ,
2627 4024 2678 4078 οἱ
2711 4024 2811 4088 τὰς
2839 4025 3101 4088 τοιαύτας
3135 4027 3441 4098 προφάσεις
3479 4043 3698 4098 προφα-

2106 4115 2384 4186 σιζόμενοι
2433 4117 2493 4169 ὲν
2543 4118 2666 4180 ταῖς
2699 4116 3002 4187 ἁμαρτίαις
3031 4115 3232 4172 αὐτῶν.
3255 4117 3368 4172 Νῦν
3388 4115 3444 4171 δὲ
3473 4115 3695 4188 ὁρῶμεν

2102 4210 2161 4262 ἐν
2183 4211 2304 4272 ταῖς
2334 4207 2512 4272 θείαις
2543 4208 2790 4278 Γραφαῖς
2837 4207 3047 4271 πάντας
3077 4209 3267 4279 σχεδον
3302 4210 3430 4272 τοὺς
3460 4209 3538 4278 τῷ
3571 4209 3695 4279 Θεῷ
3761 4203 3772 4210 ’

2103 4301 2446 4372 προσφιλεῖς,
2480 4300 2578 4354 καὶ
2628 4301 2686 4354 ὲν
2737 4299 2977 4370 πλούτῳ,
3004 4300 3099 4354 καὶ
3143 4301 3203 4352 ὲν
3249 4301 3474 4372 κόσμῳ,
3508 4301 3600 4354 καὶ
3629 4303 3694 4354 ὲν

2101 4392 2317 4456 τέκνοις
2341 4391 2420 4463 τῷ
2453 4390 2572 4463 Θεῷ
2601 4391 3083 4464 εύαρεστήσαντας
3105 4409 3118 4424 ο
3143 4391 3288 4461 λέγω
3307 4393 3372 4466 δὴ
3401 4396 3528 4457 τοὺς
3558 4395 3690 4462 περὶ

2113 4483 2368 4554 Ἀϐραάμ
2411 4483 2506 4538 καὶ
2565 4482 2781 4553 Ἰωσὴφ,
2833 4483 2929 4536 καὶ
2987 4484 3116 4548 τοὺς
3174 4484 3684 4547 κατάύτοὺς,καὶ

2104 4573 2370 4638 Μωῦσέα,
2423 4572 2522 4627 καὶ
2577 4573 2798 4644 Δανιὴλ,
2830 4573 2928 4627 καὶ
2979 4573 3176 4638 ἄλλους
3229 4575 3481 4646 μυρίους.
3525 4572 3674 4634 Ἀλλ(

2104 4665 2199 4718 καὶ
2252 4663 2394 4734 α’ύτη
2441 4663 2540 4735 μία
2599 4663 2711 4718 τῶν
2759 4663 2968 4734 τεχνῶν
3019 4663 3118 4717 τοῦ
3169 4664 3419 4719 διαϐόλου
3467 4667 3582 4720 ἐστὶ
3625 4667 3694 4720 τὸ

2105 4755 2434 4810 ὑποϐάλλειν
2472 4755 2552 4828 τῷ
2589 4755 2886 4829 ἀνθρώπῳ,
2919 4757 3005 4810 ὅτι
3040 4757 3304 4811 ἀδύνατόν
3331 4775 3389 4811 σε
3421 4757 3690 4826 σωθῆναι,
3727 4773 3732 4792 ε

2103 4850 2153 4902 εί
2185 4846 2260 4920 μὴ
2302 4848 2398 4902 τοῦ
2431 4849 2549 4919 βίου
2589 4849 2858 4922 ἀποτάξῃ,
2897 4851 2989 4905 καὶ
3039 4851 3301 4920 μονάσῃς,
3349 4851 3443 4904 καὶ
3475 4851 3535 4902 ὲν
3569 4855 3694 4915 ταῖς
3729 4841 3733 4844 ’

2105 4942 2334 5016 ἐρήμοις
2364 4940 2628 5013 ἀπέλθῃς.
2666 4939 2906 5004 Πολλοὺς
2937 4938 3048 5010 γάρ
3070 4940 3180 4992 τῶν
3214 4939 3524 5010 ἀνθρώπων
3566 4944 3691 5003 ταῖς

2101 5035 2385 5098 τοιαύταις
2427 5033 2657 5098 ἐννοίαις
2684 5033 2945 5096 δελεάσας
2970 5033 3066 5085 καὶ
3101 5033 3424 5102 ἀπατήσας,
3458 5034 3538 5094 είς
3579 5049 3694 5101 μα-

2102 5128 2244 5202 κρὰς
2275 5127 2608 5197 προσδοκμιις
2663 5126 2888 5188 ἐλπίδας
2917 5125 3141 5195 ἔχοντας
3179 5123 3556 5190 ἀποτάξασθαι
3591 5122 3692 5176 τοῦ

2105 5222 2245 5294 βίου,
2279 5222 2371 5275 καὶ
2432 5220 2520 5274 διὰ
2589 5218 2799 5289 ταύτης
2852 5221 2952 5288 τῆς
3005 5217 3218 5280 ἐννοίας
3275 5217 3447 5280 ἀδεῶς
3501 5215 3694 5268 λοιπὸν

2101 5313 2536 5385 ἁμαρτάνοντες,
2598 5312 2694 5364 καὶ
2745 5309 3126 5374 ἀποτάξασθαι
3182 5307 3258 5381 μὴ
3311 5307 3636 5380 δυνηθέντες
3671 5345 3688 5364 .

2105 5408 2239 5480 πυρὶ
2263 5405 2470 5476 αἰωνίῳ
2501 5403 3008 5476 παρεπέμφθησαν.

2099 5587 2144 5617 ⁵9
2165 5586 2512 5664 Num._xva,
2553 5585 2642 5642 55.
2719 5586 2764 5618 ⁶⁰
2785 5585 2929 5641 Psal.
2954 5601 3072 5652 exn,
3096 5586 3152 5641 4.

1929 5741 2162 5802 NOTAE.

484 5854 558 5924 (9)
595 5852 687 5908 Vel
725 5851 856 5907 alias
896 5852 1209 5922 hujuszuodi
1235 5869 1447 5908 causas.

937 6004 966 6017 ’κ
