4056 6472
403 299 468 362 ΤΠ
1405 351 1414 362 ,
1737 294 1970 368 QU/ES'.

2074 291 2254 360 lNES.

3543 299 3648 362 7‘93

364 429 478 474 τος,
517 413 608 464 καὶ
653 408 713 463 οὔ
731 426 828 473 τως
866 409 944 474 είς
989 410 1194 474 πάντας
1217 403 1539 478 ἀνθρώπους
1571 409 1870 482 είςῆλθεν],
1899 412 1956 463 ἐν

2074 431 2189 486 gere
2221 423 2441 486 oportet
2485 416 2632 486 quod
2683 417 2751 471 ab
2777 416 3040 487 Apostolo
3063 417 3271 474 dictum
3325 427 3452 474 est:
3489 437 3505 469 ι
3539 417 3649 473 Per
3739 471 3746 478 .

363 497 408 570 ᾧ
445 503 648 565 πάντες
697 503 970 574 ἥμαρτον,
1013 521 1028 552 ι
1065 505 1114 555 εἱ
1150 503 1226 574 μὴ
1265 501 1326 554 ὃν
1369 501 1637 574 τρόπονή
1683 501 1952 572 καθολιλιὴ

2065 524 2236 562 unum
2284 508 2564 563 hominem
2619 515 2906 580 peccatum
2947 509 3203 566 introivit
3254 511 3314 564 in
3350 508 3643 577 mundum,

291 590 306 604 ’
378 595 677 668 Ἐκκλησία
705 596 918 666 ἐνόησε.
964 595 1064 649 Διὰ
1099 593 1256 647 τοῦτο
1287 595 1394 666 γὰρ
1448 595 1543 648 καὶ
1584 597 1632 649 οἱ
1682 597 1873 666 μικροὶ
1901 597 1952 649 ot

2074 609 2116 656 ει
2155 616 2255 670 per
2282 608 2571 672 peccatum
2603 617 2774 667 mors,
2832 609 2889 656 et
2924 601 3005 656 sic
3064 601 3120 656 in
3145 617 3340 656 omnes
3388 600 3648 656 homines

370 688 538 758 μηδὲν
587 687 1008 758 ἁμαρτημάτων
1063 689 1143 751 εἰς
1211 687 1440 750 ἑαυτοὺς
1481 685 1562 738 ἔτι
1602 687 1951 758 πλημμελεῖν

364 781 677 848 δυνάμενοι,
699 780 780 840 εἰς
807 777 1005 847 ἄφεσιν
1019 777 1308 849 ἁμαρτιῶν
1325 775 1546 846 ἀληθῶς
1567 775 1946 847 βαπτίζονται,

2059 689 2326 764 pervasit,
2359 693 2414 747 in
2452 709 2562 763 quo
2595 709 2787 748 omnes
2812 702 3188 764 peccaverunt
3217 693 3287 760 ",
3322 713 3340 744 ι
3373 691 3648 762 nisiquo-

2060 785 2226 840 modo
2269 785 2546 841 catholica
2613 785 2858 842 Ecclesia
2909 801 3130 856 semper
3195 783 3493 841 intellexit.
3541 783 3650 838 Per

371 872 462 926 ἵνα
500 871 753 942 καθαρθῇ
790 872 848 924 ὲν
875 871 1062 934 αὐτοῖς
1097 869 1186 923 διὰ
1210 868 1779 940 τῆςπαλιγγενεσίας,
1815 869 1952 941 ὅπερ

2074 891 2207 931 tunc
2267 877 2417 931 enim
2448 876 2577 932 fidei
2631 892 2902 932 canonem
2952 875 3191 932 infantes
3243 890 3488 947 quoque,
3549 874 3646 944 qui

369 966 630 1019 εἵλκυσαν
655 965 743 1018 διὰ
774 963 874 1035 τῆς
899 963 1306 1036 ἀρχαιογονίας;

2056 967 2272 1024 nullum
2331 983 2401 1024 ex
2460 983 2520 1024 se
2573 977 2861 1040 peccatum
2899 969 3247 1028 committere
3312 975 3647 1037 potuerunt,

367 1073 500 1114 vere
530 1059 587 1114 in
615 1068 964 1130 peccatorum
1011 1059 1393 1115 remissionem
1423 1057 1781 1128 baptizantur
1823 1075 1836 1111 :
1881 1065 1942 1113 ut
1978 1074 2080 1130 per
2118 1063 2596 1134 regenerationem
2637 1063 2692 1118 in
2720 1063 2802 1120 eis
2830 1063 3129 1119 mundctur
3185 1061 3337 1134 quod
3375 1059 3448 1116 ab
3495 1058 3640 1115 anti-

368 1167 481 1222 qua
511 1151 721 1220 origine
743 1157 1162 1205 contraxerunt.

719 1275 1254 1366 ΕΡΩΤΗΣΙΣ
1317 1274 1584 1364 ΡΜ.Δό

2295 1241 2905 1379 ὀυλΈδιιο
2975 1272 3382 1362 CXLIV.

382 1420 444 1474 Τί
491 1415 715 1484 δήποτε
753 1415 894 1470 οὔτε
943 1415 1217 1496 πλείονα,
1240 1414 1382 1496 οὔτε
1405 1415 1700 1470 ἐλάττονά
1744 1415 1863 1468 εἰσι
1891 1411 1962 1465 τὰ

2074 1421 2174 1478 Cur
2202 1436 2296 1476 nec
2326 1420 2487 1490 plura
2523 1435 2621 1474 nec
2649 1421 2906 1492 pauciora
2957 1427 3080 1496 sunt
3133 1421 3435 1494 Evangelia
3487 1440 3654 1496 quam

985 1485 1033 1540 Ε
1041 1486 1321 1554 ἰθαγγέλια
1341 1503 1362 1552 ;

983 1597 1376 1654 ΔΠΟΚΡΙΣΙΣ.

2721 1499 2952 1560 quatuor
2982 1491 3008 1544 ?

2668 1602 3072 1661 RESPONSIO.

460 1695 680 1764 Ἐπειδὴ
701 1693 945 1766 τέσσαρα
975 1693 1218 1763 κλίματα
1241 1691 1338 1745 τοῦ
1369 1691 1598 1762 κόσμον,
1616 1692 1674 1743 ὲν
1694 1683 1737 1759 ᾧ
1766 1691 1958 1758 ἐσμεν,

2136 1697 2274 1756 Cum
2301 1697 2494 1752 mundi
2533 1699 2588 1754 in
2619 1713 2730 1768 quo
2755 1697 2996 1752 vivimus
3028 1705 3269 1767 quatuor
3295 1695 3466 1770 plagae
3507 1708 3651 1766 smt,

377 1788 505 1852 εἰσὶ,
536 1786 628 1840 καὶ
660 1785 904 1856 τέσσαρα
945 1783 1214 1838 καθολικᾶ
1241 1783 1550 1855 πνεύματα,
1576 1782 1962 1854 κατέσπαρται

376 1883 432 1936 δὲ
467 1882 500 1951 ἡ
538 1879 840 1948 Ἐκκλησία
893 1877 985 1932 ἐπὶ
1024 1877 1208 1947 πάσης
1253 1877 1354 1946 τῆς
1383 1873 1510 1946 γ’ἧς,
1545 1874 1736 1938 στύλος
1769 1875 1826 1928 δὲ
1866 1873 1963 1927 καὶ

378 1974 662 2044 στήριγμα
705 1969 1036 2041 Ἐκκλησίας
1083 1970 1142 2022 τ’)
1166 1969 1522 2038 Εὗαγγέλιον,
1555 1968 1651 2022 καὶ
1691 1987 1710 2018 ι
1748 1965 1967 2037 πνεῦμα

377 2063 546 2134 ζωῆς,
575 2086 594 2117 ›
624 2065 853 2126 εἰκότως
880 2063 1154 2131 τέσσαρας
1173 2061 1341 2132 ἐχρῆν
1365 2060 1590 2124 στύλους
1629 2059 1967 2131 πανταχόθεν

377 2157 644 2220 πνέοντας
668 2155 767 2228 τὴν
803 2153 1138 2228 ἀφθαρσίαν,
1174 2154 1272 2208 καὶ
1302 2153 1802 2224 ἀναζωπυροῦντας
1839 2153 1968 2216 τοὺς

375 2247 723 2319 ἀνθρώπους.
767 2246 859 2312 Ἐξ
910 2239 986 2301 ὧν
1045 2246 1306 2318 φανερὸν,
1329 2247 1414 2300 ὅτι
1469 2246 1498 2299 ό
1548 2243 1658 2298 τῶν
1711 2243 1968 2298 ἁπάντων

375 2343 628 2412 τεχνίτης
661 2341 852 2408 Λόγος,
888 2358 906 2390 ι
931 2341 958 2394 ό
988 2339 1303 2410 καθήμενος
1333 2337 1427 2392 ἐπὶ
1457 2335 1566 2390 τῶν
1600 2335 1903 2407 Χερουϐὶμ,
1941 2355 1960 2388 ι

376 2435 474 2490 καὶ
509 2435 750 2504 συνέχων
783 2432 850 2488 τὰ
881 2433 1082 2499 πάντα,
1115 2431 1458 2502 φανερωθεὶς
1496 2432 1611 2492 τοῖς
1653 2427 1969 2500 ἀνθρώποις

377 2528 582 2582 ἔδωκεν
613 2529 747 2599 ἡμῖν
795 2526 1181 2598 τετράμορφον
1245 2525 1306 2579 τὸ
1359 2521 1720 2592 Εὐαγγέλιον,
1773 2521 1852 2574 ἐνὶ
1909 2521 1967 2576 δὲ

378 2617 653 2690 πνεύματι
701 2617 1097 2689 συνεχόμενον,
1126 2614 1312 2678 καθὼς
1356 2614 1385 2667 ό
1429 2611 1597 2666 Δαϐὶδ
1640 2611 1968 2680 αἰτούμενος

378 2711 548 2772 αὐτοῦ
599 2710 700 2782 τὴν
753 2710 1066 2781 παρουσίαν
1092 2749 1108 2774 ,
1141 2707 1330 2777 φησιν,
1369 2725 1387 2757 ι
1437 2705 1494 2758 ’0
1520 2703 1831 2775 καθήμενος
1873 2702 1968 2758 ἐπὶ

375 2801 490 2855 τῶν
525 2801 828 2874 Χερουϐὶμ,
867 2799 1167 2872 ὲμιρᾶινηθι.
1211 2817 1229 2851 ι
1256 2796 1368 2852 Καὶ
1403 2795 1514 2866 γὰρ
1563 2797 1633 2850 τὰ
1683 2793 1970 2872 Χερουϐὶμ

377 2892 821 2966 τετραπρόσωπα
849 2910 862 2922 ·
903 2895 997 2946 καὶ
1017 2891 1084 2945 τὰ
1121 2890 1390 2962 πρόσωπα
1419 2886 1602 2942 αὐτῶν
1637 2887 1846 2950 εἰκόνες
1869 2885 1969 2956 τῆς

2067 1801 2124 1848 et
2154 1799 2395 1862 quatuor
2423 1791 2770 1847 universales
2803 1790 2978 1857 venti,
3005 1790 3254 1846 Ecclesia
3301 1799 3488 1846 autem
3545 1790 3655 1848 dif-

2067 1877 2330 1934 fundatur
2357 1895 2454 1950 per
2488 1889 2655 1934 totam
2699 1889 2930 1944 terram,
2965 1881 3127 1952 cujus
3177 1881 3433 1936 columna
3466 1891 3523 1936 et
3561 1882 3656 1936 fir-

2069 1983 2409 2029 mamentum
2473 1981 2558 2028 est
2615 1973 2977 2044 Evangelium
3003 1973 3074 2039 θ’,
3129 1984 3186 2030 et
3227 1991 3244 2024 ι
3301 1974 3536 2044 spiritus
3574 1975 3660 2030 vi-

2070 2075 2138 2121 tae
2165 2066 2230 2096 ⁹²⁶
2254 2083 2271 2134 ;
2299 2087 2317 2119 ι
2357 2066 2556 2120 merito
2587 2074 2828 2137 quatuor
2855 2065 3136 2121 columnae
3177 2075 3382 2122 erecta:
3405 2076 3560 2135 sunt,
3589 2084 3659 2124 ex

2070 2157 2272 2229 quibus
2303 2155 2442 2212 ﬂans
2465 2156 2695 2226 spiritus
2720 2154 2974 2212 homines
3015 2155 3310 2222 refocillet,
3347 2165 3403 2212 et
3445 2155 3522 2211 ad
3572 2157 3656 2211 in-

2069 2251 2483 2322 corruptionem
2527 2249 2789 2304 adducat.
2851 2247 2993 2304 Hinc
3037 2249 3238 2318 liquet,
3298 2248 3368 2303 ab
3403 2249 3655 2304 omnium

2071 2344 2361 2401 conditore
2389 2343 2524 2398 Filio
2541 2343 2661 2406 Dei,
2685 2361 2704 2392 ι
2729 2342 2824 2412 qui
2841 2340 3000 2396 sedet
3021 2357 3191 2412 super
3211 2340 3517 2396 Cherubim
3535 2340 3605 2408 ⁸³³,
3633 2359 3655 2394 ι

2069 2447 2126 2493 et
2154 2436 2402 2492 continet
2431 2435 2714 2495 universa.
2745 2451 2871 2489 cum
2927 2449 2988 2490 se
3026 2433 3356 2489 hominibus
3421 2433 3659 2491 manife-

2071 2535 2290 2594 stasset,
2325 2525 2708 2598 quadriforme
2731 2525 3115 2596 Evangelium,
3139 2539 3252 2578 uno
3275 2524 3477 2595 spiritu
3501 2539 3652 2580 com-

2071 2619 2408 2689 prehensum
2441 2617 2777 2688 processisse
2807 2633 2821 2670 :
2857 2625 3026 2686 prout
3052 2624 3110 2670 et
3139 2614 3317 2670 David
3351 2615 3656 2670 adventum

2071 2709 2279 2765 Christi
2302 2708 2608 2779 efflagitans
2641 2709 2718 2763 ait
2761 2726 2774 2762 :
2811 2729 2830 2760 ‹
2863 2707 2966 2776 Qui
3031 2707 3192 2763 sedes
3226 2723 3397 2777 super
3443 2706 3660 2762 Cheru-

2073 2804 2208 2870 bim,
2258 2802 2611 2858 manifestare
2642 2803 2709 2856 ".
2747 2821 2764 2854 ι
2792 2801 2929 2856 Nam
2983 2799 3284 2856 Cherubim
3311 2807 3553 2870 quatuor
3579 2799 3660 2854 fa-

2073 2895 2269 2951 eiebus
2305 2901 2581 2958 constant,
2606 2907 2844 2963 quorum
2881 2889 3053 2946 facies
3084 2905 3271 2946 rerum
3307 2905 3338 2944 a
3361 2888 3501 2943 Filio
3559 2886 3660 2942 Dei

381 2985 768 3057 πραγματείας
801 2983 895 3040 τοῦ
935 2982 1064 3038 Υίοῦ
1103 2982 1196 3038 τοῦ
1229 2981 1388 3037 Θεοῦ.
1427 2981 1500 3036 Τὸ
1533 2980 1630 3052 μὲν
1655 2980 1765 3051 γὰρ
1795 2977 1968 3050 πρόσο

2074 2985 2444 3060 gerendarum
2492 2984 2762 3056 imagines
2813 2991 2961 3039 sunt.
3005 2981 3190 3038 Prima
3239 2981 3414 3036 facies
3462 2978 3664 3036 similis

379 3096 529 3132 ωπον
553 3091 581 3120 ι
599 3078 736 3146 ζῶον
763 3088 788 3128 1
813 3121 828 3143 ,
861 3077 1017 3148 φασὶ,
1059 3075 1260 3137 λέοντι,
1285 3075 1348 3128 τὸ
1400 3072 1722 3146 ἔμπρακτον
1773 3067 1966 3132 αὑτοῦ.

384 3170 480 3223 καὶ
531 3170 863 3241 ἡγεμονικὸν
889 3169 982 3223 καὶ
1025 3166 1308 3239 βασιλικὸν
1332 3162 1770 3236 χαρακτηρίζον.
1805 3161 1880 3214 Τὺ
1905 3159 1964 3214 δὲ

383 3261 660 3328 δεύτερον,
693 3261 882 3332 ὅμοιον
919 3261 1128 3332 μόσχῳ,
1157 3260 1258 3330 τὴν
1292 3257 1654 3329 ίερουργικὴν
1682 3255 1777 3310 καὶ
1825 3254 1975 3326 lepa-

382 3356 544 3426 τικὴν
581 3353 734 3420 τάξιν
767 3356 1052 3425 ἐμφαῖνον.
1086 3351 1158 3405 Τὸ
1183 3351 1240 3405 δὲ
1286 3349 1472 3422 τρίτον
1505 3348 1628 3420 ἕχον
1679 3345 1974 3417 πρόσωπον

383 3445 697 3518 ἀνθρώπου,
732 3447 832 3516 τὴν
889 3444 1033 3500 κατὰ
1083 3443 1370 3515 ἄνθρωπον
1422 3439 1590 3494 αὐτοῦ
1667 3435 1972 3510 παρουσίαν

384 3537 746 3611 φανερώτατα
770 3536 1076 3610 διαγράφον
1096 3575 1111 3589 .
1140 3535 1214 3590 Τὸ
1243 3534 1302 3588 δὲ
1323 3533 1584 3604 τέταρτον
1608 3532 1798 3600 ὅμοιον
1829 3525 1974 3598 ἀετῷ

385 3631 670 3704 πετομένῳ
695 3673 708 3696 ,
732 3630 832 3703 τὴν
867 3629 966 3684 τοῦ
1003 3627 1321 3698 Πνεύματος
1370 3624 1465 3678 ἐπὶ
1505 3623 1604 3694 τὴν
1641 3619 1975 3692 Ἐκκλησίαν

384 3725 762 3794 ἐφιπταμένην
789 3721 936 3776 δόσιν
962 3717 1280 3792 σαφηνίζον.
1307 3717 1420 3776 Καὶ
1445 3713 1514 3770 τὰ
1548 3710 1860 3782 Εὐαγγέλια
1881 3706 1976 3764 οῦν

383 3817 596 3880 τούτοις
642 3814 936 3885 σύμφωνα,
975 3815 1034 3866 ὲν
1085 3805 1166 3874 οἷς
1201 3797 1564 3878 ἐγκαθέζεται
1611 3803 1868 3878 Χριστός.
1900 3804 1976 3858 Τδ

388 3909 488 3980 μὲν
522 3907 633 3978 γὰρ
663 3907 807 3962 κατὰ
845 3905 1100 3976 Ἰωάννην
1140 3901 1241 3974 τὴν
1274 3901 1383 3955 ἀπὸ
1431 3899 1526 3954 τοό
1556 3897 1772 3971 Πατρός
1804 3897 1973 3951 αὐτοῦ

385 4000 726 4074 ἡγεμονικὴν
777 3999 874 4057 καί
918 3995 1130 4062 ἔνδοξον
1179 3993 1376 4063 γενεὰν
1427 3993 1732 4064 διηγεῖται,
1765 3989 1926 4058 λέγον
1959 4006 1972 4022 ·

392 4111 413 4150 ι
465 4093 555 4146 Ἐν
597 4093 741 4162 ἀρχῇ
772 4085 842 4162 ἦν
875 4091 904 4142 ό
930 4087 1125 4157 Λόγος.
1167 4105 1186 4139 ι
1223 4084 1320 4138 Τὸ·
1343 4083 1402 4138 δὲ
1429 4083 1574 4137 κατὰ
1613 4083 1862 4148 Λουκᾶν,
1887 4082 1978 4134 ὅτε

370 4163 539 4254 ’ἱεροῦ
564 4195 587 4222 ι
625 4182 977 4256 χαρακτῆρος
1009 4181 1280 4252 ὑπάρχον,
1314 4176 1427 4231 ἀπὸ
1450 4175 1544 4230 τοῦ
1579 4174 1851 4248 Ζαχαρίου
1882 4172 1979 4227 τοῦ

390 4278 584 4348 ἱερέως
624 4275 935 4347 θυμιῶντας
980 4273 1060 4344 τῷ
1088 4271 1208 4341 Θεῷ
1249 4267 1474 4340 ἤρξατο.
1513 4267 1671 4340 ’ᾘδει
1712 4265 1824 4338 γὰρ
1848 4307 1864 4334 ,
1896 4266 1981 4320 ὅτι

2073 3077 2220 3133 Ιοοηί
2246 3077 2314 3142 ⁸⁸,
2341 3091 2448 3147 qua
2473 3075 2820 3146 significatur
2853 3073 3064 3130 Christi
3127 3072 3185 3128 in
3243 3072 3456 3144 agendo
3492 3069 3658 3144 432

2073 3165 2389 3230 eflicacitas,
2415 3164 2719 3220 dominatio
2737 3179 2833 3218 seu
2877 3159 3245 3234 prlcipatus,
3277 3169 3335 3216 et
3367 3160 3516 3232 regia
3562 3175 3665 3230 po-

2077 3267 2268 3316 testas.
2293 3257 2545 3320 Secunda
2571 3256 2742 3313 facies
2767 3257 2966 3312 similis
2991 3255 3169 3311 vitulo
3196 3255 3264 3322 ",
3289 3271 3397 3326 qua
3453 3253 3667 3311 Christi

2044 3345 2437 3402 'sace‘rdotalis
2464 3353 2522 3399 et
2543 3343 2876 3414 pontificalis
2929 3344 3170 3416 dignitas
3220 3344 3492 3400 innuitur.
3523 3342 3666 3398 Ter-

2079 3437 2174 3502 tia,
2203 3435 2373 3490 facies
2399 3435 2644 3490 hominis
2671 3435 2744 3500 ’7,
2785 3450 2908 3505 qua:
2948 3435 3302 3505 praesentiam
3358 3433 3570 3490 Christi
3609 3435 3667 3490 in

2082 3529 2323 3583 humana
2359 3543 2525 3583 carne
2573 3526 2866 3583 evidenter
2920 3527 3184 3582 delineat.
3218 3527 3423 3594 Quarta
3473 3526 3666 3592 facies,

2079 3621 2278 3678 similis
2325 3620 2524 3691 aquilze
2571 3619 2781 3675 volanti
2829 3621 2897 3686 ’³,
2934 3620 3145 3676 indicat
3210 3619 3454 3690 Spiritus
3489 3619 3668 3675 sancti

2079 3725 2247 3780 super
2313 3710 2618 3766 Ecclesiam
2661 3709 2902 3764 volantis
2957 3709 3189 3764 donum.
3245 3711 3315 3766 Et
3369 3709 3668 3782 Evangelia

2079 3799 2326 3870 quidem,
2367 3800 2422 3854 in
2457 3800 2662 3870 quibus
2687 3798 2949 3854 Christus
3005 3799 3234 3864 residet,
3285 3798 3374 3854 his
3421 3814 3668 3854 consona

2081 3897 2211 3946 sunt
2249 3907 2262 3942 :
2295 3905 2425 3944 nam
2454 3889 2589 3944 illud
2623 3888 2930 3944 secundum
2972 3887 3266 3954 Joannem,
3298 3888 3668 3959 principalem

2081 3980 2229 4035 illam
2261 3987 2318 4035 et
2345 3980 2638 4052 gloriosam
2689 3977 3105 4050 generationem
3161 3991 3232 4032 ex
3263 3977 3428 4032 Patre
3492 3991 3670 4046 expo-

2081 4073 2165 4128 nit
2193 4091 2205 4128 :
2239 4093 2257 4126 ι
2279 4073 2339 4128 In
2364 4070 2642 4143 principio
2667 4079 2788 4126 erat
2806 4070 3059 4126 Verbum
3091 4071 3161 4124 θ’.
3192 4089 3212 4124 ι
3245 4069 3386 4124 lllud
3414 4084 3548 4124 vero
3578 4083 3668 4123 sc-

2083 4166 2329 4222 cundum
2371 4163 2600 4228 Lucam,
2637 4175 2900 4233 tanquam
2955 4162 3320 4218 sacerdotalis
3378 4160 3608 4225 ordinis,
3634 4177 3668 4216 a

2083 4257 2348 4316 Zacharia
2381 4255 2668 4310 sacerdote
2713 4255 3002 4309 incensum
3045 4255 3156 4309 Deo
3225 4254 3484 4310 adolente
3520 4254 3534 4284 ¹
3581 4253 3673 4308 in-

389 4345 638 4434 σιτευτδς
665 4345 1021 4439 ἑτοιμάζεται
1047 4365 1250 4438 μόσχος
1286 4363 1428 4434 ὑπὲρ
1458 4363 1559 4434 τῆς
1586 4363 1929 4435 ἀνευρέσεως
1949 4374 1970 4403 ε

2084 4349 2340 4405 choatur.
2371 4347 2597 4403 Sciebat
2632 4346 2784 4403 enim
2817 4345 3057 4400 vitulum
3090 4345 3398 4418 saginatum
3456 4361 3670 4418 prtepa—

387 4464 480 4519 τοῦ
519 4464 788 4534 νεωτέρου
832 4461 1023 4524 παιδὸς
1060 4459 1270 4531 μέλλων
1327 4455 1574 4511 θύεσθαι.
1607 4455 1681 4509 Τὸ
1735 4455 1792 4510 δὲ
1827 4455 1972 4510 κατὰ

389 4555 672 4611 Ματθαῖον
739 4552 840 4625 τὴν
931 4550 1077 4606 κατὰ
1139 4548 1432 4620 ἄνθρωπον
1493 4544 1658 4600 αὑτοῦ
1717 4546 1980 4617 γέννησιν

392 4647 657 4720 κηρύττει
683 4645 842 4716 λέγον
873 4660 888 4677 ·
933 4663 952 4696 ι
985 4643 1177 4706 Βίϐλος
1205 4641 1476 4712 γενέσεως
1510 4637 1686 4710 Ἰησοῦ
1715 4637 1979 4709 Χριστοῦ,

393 4736 513 4792 υἱοῦ
563 4734 747 4802 Δασὶδ,
787 4732 905 4788 υίοῦ
948 4731 1218 4803 Ἀϐραάμ.
1253 4749 1272 4782 ι
1299 4729 1376 4783 To
1423 4727 1480 4784 δὲ
1528 4729 1670 4782 κατὰ
1729 4727 1980 4798 Μάρκον,

392 4828 502 4884 ἀπὸ
556 4825 652 4886 τοῦ
711 4823 1056 4900 προφητικοῦ
1117 4821 1428 4894 πνεύματος
1456 4861 1472 4886 ,
1526 4817 1622 4874 τοῦ
1673 4819 1732 4888 ἐξ
1812 4817 1983 4890 ὕψους

393 4921 642 4984 ἐπιόντος
673 4919 790 4982 τοῖς
829 4916 1141 4988 ἀνθρώποις
1180 4914 1281 4987 τὴν
1319 4912 1499 4984 ἀρχὴν
1544 4911 1863 4983 ἐποιήσατο,
1889 4911 1983 4988 λέ..

391 5033 488 5084 γον
517 5029 534 5046 ο
569 5031 589 5066 ι
638 5012 808 5084 Ἀρχὴ
845 5010 941 5064 τοῦ
987 5007 1321 5077 Εὑαγγελίου
1368 5003 1544 5078 Ἰησοῦ
1607 5004 1871 5076 Χριστοῦ,
1906 5003 1984 5066 ὡς

391 5108 708 5180 γέγραπται
745 5107 804 5158 ὲν
845 5102 1023 5175 ἰσατᾳ
1047 5101 1128 5172 τῷ
1157 5100 1437 5174 προφήτῃ.
1473 5117 1493 5152 ι
1527 5099 1640 5155 Καὶ
1666 5099 1830 5163 αὐτὸς
1855 5097 1912 5152 δὲ
1945 5099 1974 5152 ὁ

392 5200 569 5270 Λόγος
595 5196 692 5252 τοῦ
720 5195 857 5251 Θεοῦ
911 5197 1026 5258 τοῖς
1068 5195 1166 5266 μὲν
1215 5192 1324 5264 πρὸ
1364 5190 1641 5255 Μωῦσέως
1699 5189 1982 5260 πατριάρ-

392 5308 542 5365 χαις,
578 5289 722 5344 κατὰ
751 5286 813 5342 τὸ
852 5285 1038 5343 θεῖκὸν
1070 5286 1166 5338 καὶ
1196 5282 1408 5348 ἔνδοξον
1465 5281 1646 5352 ὁμιλεῖ
1677 5283 1704 5322 b
1727 5297 1740 5311 ·
1769 5283 1882 5345 τοῖς
1923 5281 1982 5334 δὲ

2076 4441 2211 4507 rari,
2237 4455 2402 4511 quem
2427 4439 2497 4494 ob
2530 4439 2818 4495 inventum
2865 4441 3151 4512 iuniorem
3191 4438 3366 4496 ﬁlium
3416 4439 3674 4496 immola-

2076 4533 2190 4590 turi
2229 4539 2408 4588 erant.
2439 4532 2802 4602 Evangelium
2833 4533 3144 4588 secundum
3194 4532 3514 4588 Matthseum
3563 4531 3673 4586 hu-

2077 4638 2295 4680 manam
2326 4623 2448 4694 ejus
2478 4622 2893 4692 generationem
2947 4621 3280 4676 annuntiat:
3319 4639 3338 4672 ι
3367 4620 3534 4676 Liber
3575 4635 3674 4692 ge-

2078 4715 2387 4774 nerationis
2405 4713 2535 4770 Jcsu
2559 4713 2790 4781 Christi,
2813 4713 2910 4768 filii
2941 4713 3136 4776 David,
3161 4712 3259 4768 filii
3283 4713 3559 4767 Abraham
3584 4713 3625 4766 ’.
3648 4731 3670 4764 ι

2086 4810 2227 4867 Illud
2273 4807 2580 4865 secundum
2607 4807 2851 4862 Marcum
2893 4807 3185 4862 exordium
3219 4806 3458 4874 sumpsit
3489 4821 3518 4860 a
3542 4820 3678 4874 pro-

2089 4903 2312 4976 phetico
2341 4902 2564 4972 spiritu,
2602 4890 2697 4970 (ιιῗί
2719 4915 2787 4954 ex
2811 4899 2922 4954 alto
2948 4899 3270 4954 hominibus
3307 4897 3672 4968 supervenit:

2095 5015 2114 5048 ι
2146 4994 2375 5058 Initium
2424 4991 2708 5064 Evangelii
2754 4991 2886 5047 Jcsu
2928 4978 3161 5058 Ch’risti,
3217 4991 3364 5046 sicut
3399 4990 3676 5058 scriptum

2085 5095 2174 5144 est
2215 5087 2272 5142 in
2315 5087 2456 5143 Isaia
2504 5084 2778 5158 propheta
2819 5083 2862 5138 ³.
2893 5104 2912 5135 ι
2949 5084 3094 5150 Quid
3140 5082 3288 5154 quod
3331 5083 3512 5154 ipsum
3575 5083 3674 5138 Dei

2089 5183 2332 5239 Verbum
2367 5179 2605 5252 gloriosa
2635 5193 2735 5234 sua
2762 5177 3052 5233 divinitate
3083 5177 3517 5234 conversabatur
3545 5193 3672 5232 cum

2089 5272 2447 5346 patriarchis,
2489 5270 2586 5342 qui
2641 5269 2882 5341 Moysem
2911 5275 3355 5335 antecesserunt;
3397 5265 3508 5321 illis
3543 5279 3676 5320 vero

469 5428 514 5460 ³·
551 5424 712 5480 Rom.
744 5440 798 5488 v,
843 5422 927 5478 12.
1003 5419 1242 5489 νηπίω.
1269 5416 1472 5489 "1,15.
1549 5415 1856 5489 '_"_Ezeclt.
1899 5431 1938 5489 |_,

2091 5481 2111 5489 _
2141 5411 2186 5444 ³³
2226 5410 2372 5489 Psal_._
2409 5424 2593 5489 αρτιξλε,
2763 5407 2810 5440 ’⁸
2848 5407 2995 5489 f’sal1
3031 5424 3210 5489 sitm,
3247 5407 3303 5462 2.
3340 5477 3356 5489 _
3378 5402 3672 5489 "AEzcch.

399 5514 440 5564 l,
486 5496 569 5552 IO.
639 5496 687 5528 "
728 5486 866 5549 ibid.
942 5492 986 5524 "
1028 5486 1165 5546 ibid.
1242 5490 1288 5523 ⁸⁸
1327 5487 1462 5544 ibid.
1539 5487 1583 5519 ⁹⁹
1621 5486 1779 5542 Joan.
1820 5503 1859 5552 ι,
1903 5487 1953 5540 1.

2035 5484 2049 5514 ¹
2091 5481 2225 5536 Luc.
2262 5497 2301 5545 ι,
2341 5480 2394 5535 5.
2471 5481 2490 5510 ⁸
2533 5478 2721 5534 Matth.
2765 5493 2804 5543 ι,
2849 5481 2896 5535 Ι.

2975 5479 2996 5512 ³
3036 5479 3202 5535 M'arc.
3247 5493 3286 5544 ι,
3335 5477 3388 5547 l,
3429 5475 3464 5530 2

1687 5620 1918 5677 ἾΑΒΙΑΞ
1957 5617 2360 5675 LECTIONI'S.

473 5734 495 5764 τ
529 5726 760 5798 πρῶτον.
837 5732 868 5774 1'
889 5738 990 5796 pro
1021 5720 1154 5786 ζῶον
1185 5721 1301 5793 lege
1340 5720 1543 5792 ὅμοιον.
1624 5728 1644 5756 κ
1671 5715 1968 5788 ἱερατικοῦ.
2046 5727 2068 5755 ⁸
2090 5711 2446 5784 ἀναιρέσεως.
2524 5711 2552 5750 b
2577 5710 2791 5781 ὡμίλει.
