4056 6488
346 342 452 436 τοο
1024 375 1032 382 ·
1563 371 1625 430 s.
1665 370 2068 432 ANASTASII
2112 372 2444 434 smama
3527 367 3635 430 800
3694 453 3700 464 η

349 487 444 559 qui
487 485 592 543 sub
632 487 752 558 lege
792 493 970 550 erant,
1012 484 1413 540 sacerdotalem
1461 483 1737 546 ordinem,
1785 483 1934 553 leges
1965 491 1985 545 Α

2091 485 2206 556 ιτῷ
2247 485 2420 555 νόμῳ,
2455 481 2740 554 ἱερατικὴν
2800 479 2955 546 τάξιν
3003 476 3256 550 ἀμένημε
3289 487 3336 530 ο,
3378 477 3535 529 Μετὰ
3573 469 3634 530 δὲ

351 587 411 634 et
463 577 718 633 instituta
741 577 1096 647 praescripsit.
1131 579 1401 647 Deinceps
1423 584 1705 646 assumpta
1738 575 1938 630 huma-

2091 577 2218 630 ιῦτα
2271 576 2563 648 ἄνθρωπος
2615 573 2916 643 γενόμενος
2947 571 3048 640 τὴν
3093 569 3306 640 δωρεὰν
3334 568 3428 622 τοῦ
3472 570 3638 637 ἁγίου
3720 598 3741 617 .

356 685 426 724 na
461 680 680 734 natura,
721 667 962 738 Spiritus
987 669 1162 724 sancti
1191 668 1335 723 dona
1369 668 1426 723 in
1469 666 1787 722 universam
1833 676 1944 722 ter-

2095 671 2366 740 νεύματος
2397 673 2478 734 είς
2515 669 2697 722 πᾶσαν
2728 665 3006 734 ἐξέπεμψε
3042 665 3144 732 τὴν
3175 663 3302 731 γῆν,
3341 662 3638 726 σκεπάξων

355 774 473 813 ram
510 758 714 824 emisit,
737 758 842 814 alis
861 759 976 813 suis
1001 772 1105 814 nos
1129 765 1319 828 tegens
1340 765 1396 812 et
1414 765 1729 828 protegens.
1753 756 1942 822 Qualis

2091 763 2193 834 μᾶς
2229 763 2352 824 ταῖς
2401 757 2596 814 ἑαυτοῦ
2635 754 2918 826 πτέρυξιν.
2956 753 3149 806 Ὀποία
3191 748 3284 807 οὖν
3315 749 3342 790 (ι
3370 755 3404 824 ἠ
3456 769 3640 823 πραγ.

357 851 526 922 igitur
556 858 642 906 est
659 849 1010 905 conversatio
1037 857 1094 904 et
1121 849 1262 904 ratio
1295 848 1489 920 agendi
1517 848 1640 902 Filii
1667 847 1788 914 Dei,
1818 847 1944 902 talis

2092 853 2249 910 ατεία
2275 850 2370 905 τοῦ
2395 850 2527 904 Υἱοῦ
2561 848 2657 902 τοῦ
2687 845 2848 912 Θεοῦ,
2883 845 3109 914 τοιαύτη
3141 845 3239 899 καὶ
3268 844 3379 898 τῶν
3413 843 3572 909 ζώων
3601 847 3636 915 ἡ

352 951 442 999 est
475 951 532 998 et
559 942 883 997 animalium
921 941 1115 1013 ﬁgura.
1159 941 1228 994 Et
1271 939 1450 1010 qualis
1497 947 1580 994 est
1619 939 1945 994 animalium

2091 949 2256 1018 ορφὴ,
2289 947 2386 1000 καὶ
2417 943 2579 998 ὁποία
2603 945 2636 1014 ἡ
2663 942 2771 998 τῶν
2798 941 2954 1007 ζώων
2979 941 3190 1014 μορφὴ,
3221 939 3470 1005 τοιοῦτος
3494 943 3592 995 καὶ
3613 945 3651 996 δ’

358 1033 593 1105 species,
634 1033 759 1088 talis
787 1033 954 1088 etiam
998 1039 1083 1088 est
1129 1031 1410 1100 Evangelii
1451 1031 1764 1085 character.
1797 1030 1946 1096 Qua-

2091 1039 2336 1111 αρακτὴρ
2386 1035 2744 1106 Εὑαγγελίου.
2785 1034 3162 1106 Τετράμορφα
3215 1032 3326 1106 γὰρ
3379 1034 3451 1087 τὰ
3499 1033 3638 1098 ζῶα,

359 1126 648 1181 dril'ormia
689 1125 893 1196 quippe
916 1124 1194 1187 animalia,
1225 1122 1615 1192 quadriforme,
1641 1129 1732 1177 est
1773 1122 1946 1176 etiam

2091 1130 2428 1201 ετράμορφον
2459 1128 2555 1182 καὶ
2585 1127 2650 1180 τὸ
2680 1124 3040 1194 Εύαγγὲλιον,
3066 1125 3162 1188 καὶ
3199 1125 3232 1196 ἡ
3280 1124 3643 1194 πραγματεία.

359 1219 741 1289 Evangelium,
787 1225 843 1273 et
877 1217 1095 1272 Domini
1127 1216 1475 1270 conversatio
1511 1214 1822 1286 agendique
1861 1231 1950 1269 ra-

2091 1223 2143 1277 3'3
2175 1222 2404 1295 Κυρίου.
2452 1221 2564 1280 Καὶ
2591 1221 2682 1275 διὰ
2727 1218 2890 1272 τοῦτο
2914 1219 3185 1289 τέσσαρες
3216 1217 3484 1287 ἐδόθησαν
3515 1217 3645 1270 καο-

362 1308 458 1363 tio.
491 1309 802 1378 Eapmpter
833 1317 1071 1377 quatuor
1118 1307 1450 1362 universalia
1487 1314 1818 1362 testamenta
1849 1305 1950 1359 ho-

2091 1316 2229 1370 ttxal.
2257 1314 2518 1384 διαθῆκαι
2542 1316 2607 1385 τῇ
2649 1311 3051 1383 ἁνθρωπότητι·
3088 1310 3186 1382 μία
3216 1311 3318 1380 μὲν
3349 1309 3445 1363 τοῦ
3477 1327 3646 1364 κατα·
3739 1365 3744 1372 ,

360 1398 498 1454 mini
542 1397 670 1452 data
707 1406 876 1452 sunt:
914 1413 1086 1451 unum
1115 1397 1171 1451 in
1203 1412 1335 1451 arcu
1362 1395 1574 1451 caelesti
1605 1393 1949 1464 temporibus

2091 1406 2293 1478 λυσμοῦ
2321 1406 2414 1460 τοῦ
2442 1405 2566 1459 Νῶε
2599 1415 2646 1470 ο,
2677 1403 2776 1458 ἐπὶ
2798 1403 2895 1458 τοῦ
2925 1403 3083 1469 τόξου
3119 1418 3133 1432 ·
3188 1402 3426 1480 δευτέρα
3458 1402 3516 1455 δὲ
3551 1402 3641 1455 τοῦ

359 1487 577 1543 Noetici
635 1487 862 1554 diluvii;
915 1487 1154 1543 alterum
1217 1486 1534 1542 Abrahamo
1579 1501 1678 1556 per
1730 1486 1949 1556 signum

361 1581 844 1648 circumcisionis;
875 1581 1098 1637 tertium
1121 1581 1224 1636 fuit
1243 1579 1516 1650 legislatio
1541 1594 1642 1650 per
1676 1577 1948 1650 Moysem;

2121 1590 2222 1662 τῆς
2253 1589 2582 1660 νομοθεσίας
2611 1587 2702 1642 διὰ
2753 1587 3038 1652 Μωῦσέως
3073 1603 3087 1618 ·
3124 1588 3366 1658 τετάρτη
3397 1587 3454 1640 δὲ
3490 1587 3639 1656 ἡτοῦ

363 1683 623 1754 quartum
667 1688 768 1745 per
811 1674 1171 1745 Evangelium
1213 1689 1244 1728 a
1292 1672 1528 1728 Domino
1580 1678 1777 1726 nostro
1825 1670 1954 1726 .Iesu

2091 1680 2416 1750 εὐαγγελίου,
2448 1679 2536 1734 διὰ
2569 1678 2662 1732 τοῦ
2693 1678 2904 1752 Κυρίου
2932 1681 2965 1748 ἡ
2977 1677 3098 1748 μῶν
3144 1677 3328 1749 Ἰησοῦ
3376 1676 3636 1748 Χριστοῦ.

367 1765 595 1821 Christo
639 1765 974 1820 institutum.
1021 1765 1159 1820 Cum
1201 1766 1319 1822 hanc
1351 1766 1422 1820 ita
1450 1782 1509 1822 se
1535 1765 1799 1831 habeant,
1827 1765 1955 1820 vani

2091 1773 2278 1828 ὀύτων
2335 1772 2393 1826 δὲ
2451 1769 2624 1835 οὕτως
2680 1771 2942 1842 ἐχόντων,
2991 1770 3214 1842 μάταιοι
3277 1769 3477 1832 πάντες
3543 1770 3640 1822 καὶ

373 1873 622 1929 prorsus,
655 1857 884 1924 indocti,
922 1859 1057 1928 quin
1085 1867 1142 1913 et
1179 1858 1420 1914 audaces
1452 1868 1600 1924 sunt,
1629 1859 1724 1930 qui
1757 1866 1957 1913 statam

2091 1862 2316 1934 ιμαθείς,
2347 1861 2578 1932 προσέτι
2605 1861 2663 1914 δὲ
2687 1836 2786 1914 καὶ
2804 1836 3092 1932 τολμηροὶ,
3118 1861 3166 1913 οί
3195 1858 3511 1922 ἀθετοῦντες
3541 1857 3642 1928 τὴν

371 1949 654 2020 Evangelii
701 1949 933 2006 fortnam
969 1959 1360 2020 aspernantur,
1406 1959 1463 2005 et
1497 1966 1596 2006 seu
1627 1951 1817 2020 plures
1859 1966 1959 2005 seu

2091 1956 2208 2008 δέαν
2239 1953 2333 2008 τοῦ
2365 1953 2727 2022 Εὐαγγελίου,
2770 1953 2864 2007 καὶ
2904 1952 3014 2006 εἴτε
3045 1951 3294 2015 πλείονα,
3328 1951 3438 2004 εἴτε
3485 1950 3643 2003 ἐλάτ-

369 2041 664 2113 pauciores
723 2041 1150 2112 Evangeliorum
1203 2041 1374 2097 facies
1416 2041 1776 2096 introducunt
1825 2059 1838 2096 :
1878 2042 1959 2098 illi

2091 2065 2191 2102 τονα
2241 2046 2352 2100 τῶν
2404 2045 2716 2116 εἰρημένων
2763 2044 3242 2114 παρεισφέροντες
3290 2041 3648 2110 Εὐαγγε).ίων

371 2133 620 2204 quidem,
657 2143 718 2190 ut
757 2133 1054 2188 videantur
1082 2135 1240 2204 plura
1269 2150 1436 2205 quam
1471 2133 1678 2190 veritas
1705 2134 1849 2189 ferat
1880 2135 1964 2188 in—

2091 2140 2354 2211 τρὸσωπα·
2387 2140 2438 2191 οἱ
2473 2139 2594 2208 μὲν,
2645 2139 2731 2192 ἵνα
2785 2135 3006 2191 πλείονα
3035 2137 3228 2203 δόξωσι
3262 2135 3366 2205 τῆς
3395 2133 3653 2204 ἀληθείας

373 2225 624 2292 venisse,
671 2225 760 2280 isti
793 2241 948 2292 vero,
990 2235 1050 2281 ut
1100 2225 1467 2282 oeconomiam
1503 2234 1560 2281 et
1599 2225 1967 2296 dispensatio-

2098 2233 2443 2304 ἐξευρηκέναι,
2463 2232 2510 2284 οί
2533 2229 2607 2296 δὲ,
2629 2229 2726 2294 τὰς
2750 2228 3057 2300 οἰκονομίας
3083 2225 3256 2282 Θεοῦ(
3292 2226 3652 2298 ἁθετήτωσιν.

2065 1497 2335 1569 Ἀὕραᾶμ,
2367 1499 2462 1551 ἐπὶ
2486 1494 2582 1550 τοῦ
2615 1495 2849 1567 σημείου
2873 1499 2976 1564 τῆς
3000 1495 3316 1566 περιτομῆς
3348 1513 3362 1528 ο
3396 1493 3560 1565 τρίτη
3583 1493 3638 1547 δὲ

374 2334 500 2374 nem
543 2318 638 2373 Dei
685 2317 993 2390 despicatui
1044 2319 1305 2374 habeant.

573 2448 736 2521 433
777 2447 1342 2555 ρυλΕδῚἸΟ
1415 2449 1768 2538 CXLV.

512 2597 652 2664 Quid
691 2605 766 2651 est
811 2597 1178 2652 circumcisum
1222 2596 1434 2652 Domini
1473 2600 1838 2668 prwputium?

973 2774 1240 2832 RESPON
1254 2771 1382 2832 SIO.

457 2867 752 2938 Exponam
778 2865 940 2921 nobis
983 2881 1204 2936 quoque
1241 2865 1322 2919 illi
1361 2865 1456 2935 qui
1479 2864 1736 2928 obscura,
1771 2867 1978 2936 scripto

391 2973 505 3014 non
537 2957 759 3024 tradita,
779 2967 835 3013 et
863 2957 1090 3013 silentio
1121 2956 1371 3012 involuta
1390 2957 1608 3012 curiose
1637 2967 1974 3020 scrutantur,

391 3065 496 3108 cur
525 3050 778 3107 Christus
822 3050 1045 3106 sublimi
1088 3051 1144 3105 in
1175 3051 1386 3120 stipite,
1427 3059 1484 3105 et
1523 3066 1633 3104 non
1679 3051 1784 3105 sub
1837 3059 1980 3104 tecto

393 3145 712 3201 immolatus
759 3143 863 3200 sit?
897 3143 1138 3219 An‘qpn
1173 3143 1298 3198 ideo
1335 3159 1582 3212 prorsus,
1621 3152 1682 3197 ut
1719 3143 1863 3199 aeris
1887 3161 1982 3200 tia--

397 3247 576 3296 turam
627 3237 1047 3294 sanctiﬁcaret?
1092 3237 1162 3292 Et
1223 3236 1385 3292 sicuti
1437 3236 1823 3292 immaculatus
1859 3239 1983 3309 ejus

395 3329 624 3398 sanguis
700 3343 826 3385 cum
881 3345 1045 3398 aqua,
1083 3335 1332 3399 tempore
1374 3328 1647 3398 passionis
1682 3329 1738 3384 in
1780 3339 1982 3384 terram

398 3419 710 3486 destillans,
765 3419 1019 3476 eamdem
1067 3419 1384 3486 inundavit;
1445 3419 1520 3475 ita
1563 3429 1620 3476 et
1677 3419 1982 3476 abscissum

399 3513 732 3584 praeputium
779 3513 1136 3578 occultatum,
1195 3512 1376 3568 eidem
1433 3523 1591 3569 teme
1634 3515 1982 3572 sanctitatem

401 3603 693 3673 impertiit.
726 3601 964 3658 Omnino
1010 3613 1196 3659 autem
1240 3603 1419 3658 modis
1471 3619 1612 3674 quos
1667 3606 1822 3660 novit
1869 3607 1986 3677 ipse

397 3695 496 3764 qui
528 3695 836 3750 voluntarie
860 3693 1222 3750 circumcisus
1259 3703 1364 3761 est,
1401 3697 1731 3766 praeputium
1762 3713 1986 3755 conser-

399 3787 567 3853 vavit,
618 3795 680 3842 ut
727 3787 860 3843 illud
911 3789 966 3844 in
1015 3789 1425 3844 resurrectione
1469 3803 1570 3843 sua
1619 3789 1926 3843 resumeret
1967 3805 1984 3845 :

396 3895 510 3950 quo
559 3888 620 3934 ut
651 3871 996 3952 incorrupto,
1043 3881 1124 3938 sie
1169 3889 1226 3937 et
1278 3881 1514 3952 integro,
1559 3881 1852 3952 omnisque
1891 3882 1990 3937 de-

398 3975 580 4032 fectus
617 3986 843 4046 experte
877 3993 1108 4048 corpore
1140 3987 1420 4034 οοηεισιθει
1449 3995 1461 4031 Ξ
1491 3993 1616 4033 nam
1656 3985 1713 4033 et
1735 3988 1986 4034 nostrum

399 4081 610 4136 corpus
657 4067 715 4122 in
753 4069 1162 4126 resurrectione
1193 4071 1454 4126 omnibus
1484 4071 1740 4141 partibus
1767 4072 1990 4128 absolu-

405 4165 522 4212 tum
571 4159 699 4213 erit.

681 4291 1245 4396 QUIESTIO
1319 4295 1728 4384 CXLVI.

404 4430 637 4500 Quinam
676 4435 890 4505 {uerunt
929 4439 1010 4493 illi
1031 4457 1264 4512 quorum
1287 4445 1600 4512 sanguinem
1643 4443 1847 4498 Pilatus
1871 4462 1989 4499 cum

899 4510 1174 4579 sacriﬁciis
1223 4510 1432 4566 miscuit
1480 4513 1536 4564 ‘5'

1000 4623 1397 4680 RESPONSIO.

477 4707 704 4776 Galilaai,
731 4711 1155 4782 quidectrinam
1180 4715 1332 4770 .ludre
1359 4715 1567 4772 Calilrei
1597 4719 1951 4775 sectabantur
1972 4761 1988 4785 ,

405 4803 564 4874 cujus
591 4803 756 4859 etiam
786 4804 964 4861 Lucas
994 4805 1048 4861 in
1078 4809 1456 4878 apostolorum
1490 4810 1641 4866 Actis
1669 4813 1919 4868 meminit
1945 4816 1986 4872 ⁵.

407 4895 646 4950 Docebat
680 4907 887 4962 autem,
932 4905 990 4952 ut
1020 4907 1075 4953 et
1114 4898 1389 4970 Iosephus
1415 4901 1469 4956 in
1513 4912 1796 4972 postremo
1821 4918 1990 4976 Opere

404 4987 759 5043 Judaicarnm
835 4990 1244 5056 Antiquitatum
1315 5000 1588 5060 testatur,
1652 4995 1990 5066 multiplices

407 5081 725 5148 phantasias
775 5093 1046 5154 praetextu
1101 5085 1322 5156 pietatis
1371 5095 1655 5153 eructans,
1710 5091 1991 5147 neminem

409 5185 478 5224 ne
529 5171 695 5226 labiis
742 5174 966 5243 quidem
1005 5175 1165 5230 titulo
1215 5175 1415 5231 domini
1465 5177 1814 5234 adiciendum
1849 5196 1991 5247 esse,

409 5269 466 5314 et
501 5261 609 5317 hoc
648 5280 826 5334 neque
878 5267 1126 5327 honoris.
1172 5284 1276 5324 nec
1320 5269 1600 5325 civilitatis
1629 5279 1686 5326 et
1727 5271 1997 5328 decentia:

412 5353 606 5420 gratia.
639 5353 719 5408 Ex
755 5357 960 5425 quibus
989 5359 1168 5423 multi,
1215 5361 1364 5430 quod
1409 5360 1681 5417 Caesarem
1721 5363 1998 5418 dominum

413 5444 691 5512 appellare
735 5447 1136 5517 detrectarent,
1189 5453 1542 5522 gravissimas
1589 5471 1780 5524 pinnas
1833 5457 2002 5511 susti—

415 5545 690 5601 nuerunt;
745 5541 838 5608 qui
892 5541 1057 5596 etiam
1103 5543 1378 5623 docebant
1423 5546 1690 5601 sacriﬁcia
1727 5548 1836 5602 Deo
1885 5565 1996 5604 non

489 5650 512 5682 ³
551 5651 684 5707 Luc.
766 5671 863 5710 xm
891 5695 904 5719 ,
991 5659 1040 5712 l.
1117 5659 1138 5690 "
1183 5661 1302 5715 Act.
1344 5679 1395 5716 v.
1440 5663 1528 5717 57.

2432 2439 2964 2526 ΕΡΩΤΙῘΣΙΣ
3019 2433 3285 2528 ΡΜΕ.

2183 2579 2243 2632 Τί
2267 2579 2439 2632 ἐστιν
2467 2580 2498 2646 ἡ
2523 2579 2949 2647 περιτμηοεῖσα
2979 2577 3086 2632 τοῦ
3121 2577 3342 2646 Κυρίου
3371 2575 3551 2644 ἀπρο-

2740 2649 2998 2714 (Tuccia;

2671 2761 3062 2816 ΑΠΟΚΡΙΣΙΣ.
3647 2835 3652 2840 ,

2154 2857 2478 2913 Εἱπὰτωσαν
2510 2841 2761 2927 ιαῗήμῖν
2791 2856 2841 2908 οἱ
2867 2853 2974 2907 τῶν
3006 2852 3237 2925 ἀδήλων,
3258 2853 3352 2906 καὶ
3377 2854 3659 2930 ἀγράφων,

2084 2953 2176 3004 καὶ
2204 2950 2636 3020 σεσιωπημὲνων
2671 2945 3188 3019 περιεργαζόμενοι,
3213 2947 3359 3010 τίνος
3381 2947 3546 3000 ἓνεκα
3577 2945 3660 3012 ἐφ’

2083 3045 2286 3114 ὑψηλοῦ
2340 3044 2434 3096 τοῦ
2483 3043 2658 3115 ίκρίου
2714 3042 2900 3094 θύεται
2961 3041 3341 3112 Χριστὸς,καὶ
3407 3043 3511 3111 οὐχ
3564 3039 3664 3093 imi)

2087 3139 2283 3206 στέγην
2320 3155 2334 3201 ;
2374 3136 2445 3188 Ἢ
2478 3134 2696 3198 πάντως
2732 3133 2819 3187 ἵνα
2845 3133 2937 3186 τοῦ
2969 3133 3134 3204 ἀέρος
3173 3133 3274 3204 τὴν
3302 3132 3467 3201 φύσιν
3501 3131 3662 3186 καθά-

2090 3241 2156 3296 ρῃ
2185 3243 2199 3292 ;
2235 3226 2342 3278 Καὶ
2385 3223 2575 3296 ὥσπερ
2622 3224 2684 3278 τὸ
2719 3225 2987 3295 ἄχραντον
3019 3223 3190 3278 αὑτοῦ
3229 3219 3369 3296 αἷμα
3399 3224 3538 3294 μετὰ
3575 3222 3668 3278 τοῦ

2087 3317 2278 3382 ὓδατος
2322 3320 2380 3372 ἐν
2429 3317 2507 3388 τῷ
2544 3315 2724 3389 καιρῷ
2761 3315 2854 3370 τοῦ
2883 3315 3091 3380 πάθους
3131 3317 3369 3388 ἐκάθηρε
3405 3317 3506 3388 τὴν
3539 3316 3670 3388 γῆν,

2087 3411 2290 3476 στάξαν
2329 3412 2388 3464 ὲν
2419 3410 2580 3482 αὐτῇ,
2611 3409 2757 3463 οὕτω
2787 3409 2882 3462 καὶ
2909 3410 2942 3480 ὴ
2978 3408 3382 3480 περιτμηθεῖσα
3428 3409 3672 3480 ἀκροϐυ-

2088 3502 2209 3556 στία
2250 3501 2646 3574 κατορυχθείσα
2668 3545 2682 3567 ,
2715 3501 2924 3574 ταύτην
2981 3501 3200 3572 ὴγίασε.
3239 3501 3459 3563 Πάντως
3488 3500 3544 3552 δὲ
3575 3501 3671 3553 καὶ

2086 3585 2168 3656 οἷς
2197 3587 2302 3644 οἶδε
2332 3591 2530 3658 λόγοις,
2567 3591 2594 3642 ὁ
2623 3589 2888 3654 ἑκουσίως
2924 3589 3286 3660 περιτμηοεὶς
3327 3586 3562 3657 ἐφύλαξε
3611 3588 3674 3639 τδ

2087 3681 2444 3756 περιτμηθὲν,
2477 3682 2626 3746 ὅπως
2655 3681 2797 3736 κατὰ
2822 3681 2912 3734 τὸν
2943 3681 3134 3753 καιρὸν
3162 3681 3262 3751 τῆς
3319 3680 3672 3744 ἀναστάσεως

2087 3771 2275 3836 αὐτοῦ,
2308 3772 2402 3826 καὶ
2444 3773 2585 3826 κατὰ
2629 3770 2793 3824 τοῦτο
2845 3771 3150 3834 summa);
3187 3769 3328 3839 ἔχων
3378 3769 3512 3822 αὐτὸ
3541 3769 3676 3822 ἀνα·-

2090 3867 2189 3936 στῇ
2217 3879 2230 3891 ’
2261 3863 2478 3934 πλήρης
2509 3863 2777 3934 ὑπάρχων
2811 3863 2906 3916 καὶ
2935 3862 3215 3933 ἄῳθαρῖος
3239 3860 3347 3932 ὅλῳ
3375 3859 3454 3930 τῷ
3488 3857 3677 3929 σώμα-

2088 3971 2142 4008 τι
2169 3971 2182 3986 ·
2217 3955 2312 4008 καὶ
2341 3955 2450 4026 γὰρ
2480 3955 2572 4007 καὶ
2611 3955 2772 4023 ἡμεῖς
2805 3954 2862 4005 ὲν
2892 3955 2959 4024 τῇ
2993 3953 3292 4007 ἀναστάσει
3318 3951 3379 4005 τὸ
3404 3951 3677 4024 ἡμέτερον

2093 4048 2254 4120 σῶμα
2291 4047 2494 4120 πλῆρες
2525 4045 2940 4118 ἀποληψόμεθα.

2430 4299 2964 4388 ΕΡΩΤΗΣΙΣ
3020 4292 3284 4394 ΡΜίῗ
3305 4361 3326 4379 .

2175 4443 2333 4506 Τίνες
2389 4440 2693 4510 ὑπῆρχον,
2722 4435 2810 4494 ὧν
2851 4441 2938 4510 ,τὸ
2979 4435 3126 4504 αἷμα
3193 4437 3314 4492 τῶν
3381 4433 3610 4492 θυσιῶν

2595 4510 2802 4580 ἔμιξεν
2829 4506 2863 4558 ό
2897 4510 3186 4575 Πιλάτος;

2682 4626 3076 4680 ΑΠΟΚΡΙΣΙΣ.

2169 4719 2232 4772 Οἱ
2269 4716 2564 4782 Γαλιλαῖοι,
2597 4717 2648 4770 οἱ
2701 4716 2796 4772 καὶ
2855 4718 2968 4780 τοῖς
3007 4716 3275 4786 δόγμασιν
3324 4711 3684 4783 ὲξακολουθήυ

2101 4826 2293 4874 σαντες
2353 4807 2525 4862 Ἰούδα
2585 4808 2679 4862 τοῦ
2751 4807 3061 4872 Γαλιλαίου,
3115 4802 3176 4862 οὗ
3225 4807 3322 4860 καὶ
3371 4807 3590 4868 Λουκᾶς
3627 4804 3684 4856 ἐν

2100 4905 2222 4967 ταῖς
2307 4901 2550 4973 Πράξεσι
2611 4900 2722 4955 τῶν
2771 4901 3092 4956 ἀποστόλων
3148 4899 3447 4973 μέμνηται.
3481 4895 3591 4952 Ἦν
3628 4896 3684 4951 δὲ

2100 4993 2280 5065 δόγμα
2307 4993 2400 5047 τοῦ
2446 4993 2639 5058 Ἰούδα,
2670 4993 2747 5056 ὡς
2769 4993 2865 5047 καὶ
2915 4992 3180 5064 Ἰώσηπος
3235 4995 3294 5046 ἐν
3341 4995 3455 5054 τοῖς
3497 4989 3684 5044 τελευ-

2099 5087 2278 5151 ταίοις
2307 5085 3158 5158 τῆςἸουδαῖκῆςἈρχαιογονίας
3183 5094 3212 5136 σ
3238 5085 3410 5152 ἔδειξε
3431 5126 3446 5150 ,
3477 5097 3685 5154 φαντα-

2108 5181 2231 5234 σίαν
2260 5179 2604 5248 ἐξαγγέλλων
2635 5179 2836 5248 πολλὴν
2874 5179 3150 5250 προφάσει
3183 5177 3347 5248 δῆθεν
3378 5175 3686 5238 εύσεεείας,

2099 5272 2310 5342 κύριον
2341 5273 2398 5324 δὲ
2448 5270 2585 5341 μηδὲ
2636 5269 2801 5341 μέχρι
2852 5271 3127 5342 στόματος
3176 5269 3385 5338 ἔφασκε
3411 5270 3526 5324 δεῖν
3566 5282 3690 5326 τινα

2099 5363 2302 5432 λέγειν,
2341 5365 2478 5434 μήτε
2521 5363 2662 5417 κατὰ
2690 5379 2738 5416 τι
2751 5363 2878 5433 μὴν,
2915 5365 3050 5434 μήτε
3077 5361 3221 5425 κατὰ
3274 5357 3688 5432 φιλοσωφροσύο

2100 5471 2220 5524 νην.
2262 5453 2372 5507 Καὶ
2403 5452 2588 5506 πολλοί
2614 5469 2675 5520 γε
2710 5453 2890 5505 αὐτῶν
2926 5453 3054 5523 περὶ
3084 5451 3180 5506 τοῦ
3217 5453 3289 5524 μὴ
3333 5454 3510 5506 εἰπεῖν
3543 5448 3681 5504 Καί-

2106 5566 2249 5619 σαρα
2286 5549 2526 5617 κύριον,
2553 5545 2947 5617 χαλεπωτὰτας
2999 5544 3181 5610 αἰκίας
3253 5546 3553 5616 ὑπέμειναν
3586 5558 3603 5576 ⁸
3637 5537 3688 5594 οἳ

1749 5733 1984 5788 ΥΛΙΗᾹΞ
2018 5734 2424 5789 ιιειϊιιυΝιςδ.

492 5826 514 5854 τ
545 5817 826 5886 ἀπένειμε.
907 5821 1039 5876 "eia
1068 5823 1183 5876 οὖν.
1268 5827 1378 5893 (³τῷ
1427 5827 1568 5881 Νῶε.
1659 5829 1950 5896 τΧριστοῦ.

2037 5832 2061 5869 ε
2088 5829 2490 5902 ἀρχαιολογίας.
