4056 6478
1612 385 1662 396 ιιι-ν

366 477 464 543 801
795 507 806 521 -
1757 469 2274 551 QUIESTIONES.
2733 469 2737 474 ’
3532 463 3638 529 8ὓί

363 591 456 642 καὶ
483 585 788 651 ἐδίδασκον,
821 582 955 655 μηδὲ
988 582 1144 654 παρά
1186 584 1285 648 τὰς
1319 581 1756 652 διατεταγμένας
1787 586 1844 634 ὲν
1876 583 1954 652 τῷ

2073 595 2176 636 :sse
2219 575 2507 634 offerenda
2555 574 2662 631 nisi
2693 592 2761 630 ex
2818 577 3140 647 praescripto
3181 577 3320 649 legis
3362 577 3634 634 Mosaicm.

361 678 645 741 Μωῦσέως
686 677 838 748 νόμῳ
870 676 1064 739 θυσίας
1109 677 1408 746 ἀναφέρειν
1436 675 1467 717 Ιι
1503 674 1582 745 τῷ
1612 675 1750 745 Θεῷ.
1785 674 1952 728 Ὀοεν

2073 671 2407 741 Quapropter
2423 667 2694 723 sacriﬁcia
2713 685 2742 722 a
2763 678 2959 724 senatu
2976 685 3076 739 pro
3094 670 3269 724 salute
3292 670 3642 740 imperatoris

363 769 510 844 [καὶ]
537 765 778 824 ἐκώλυον
799 769 901 832 τὰς
929 769 1034 823 ὑπὸ
1058 771 1153 840 τῆς
1178 768 1469 838 γερουσίας
1494 767 1588 821 τοῦ
1611 767 1744 821 λαοῦ
1771 785 1952 840 παρα-

2073 773 2114 818 :t
2154 763 2528 817 Romanorum
2582 761 2852 830 imperata
2888 761 3280 831 prohibebant.
3312 762 3442 818 Iure
3473 762 3644 832 igitur

361 861 654 932 δεδομένας
701 858 951 928 γίνεσθαι
1005 861 1138 932 περὶ
1175 859 1278 928 τῆς
1323 857 1599 928 σωτηρίας
1650 857 1747 912 τοῦ
1798 859 1954 929 βασι-

2073 859 2270 914 Pilatus
2304 857 2376 912 ob
2406 858 2525 912 haec
2544 855 2783 912 Galilaais
2809 869 3161 919 succensens,
3183 852 3350 925 jussit
3375 868 3471 907 eos
3498 852 3645 906 inter

361 953 500 1016 λὲως
556 951 654 1005 καὶ
708 949 818 1004 τῶν
861 950 1150 1020 Ῥωμαίων
1196 946 1385 1012 ἔθνους
1441 948 1656 1013 Θυσίας.
1710 951 1954 1014 Εἰκότως

2073 947 2346 1013 tacriﬁcia,
2381 963 2504 1019 qua:
2545 947 2650 1003 sibi
2686 947 3020 1001 videbantur
3045 959 3114 1000 ex
3141 943 3342 1016 Moysis
3388 942 3649 997 instituto

362 1040 458 1098 οὖν
499 1043 594 1096 ἐπὶ
635 1041 847 1106 τούτοις
880 1039 1300 1111 ἀγανακτοῦντα
1347 1039 1488 1110 πρὸς
1514 1039 1833 1105 Γαλιλαίους
1864 1041 1954 1095 τὸν

2073 1040 2283 1106 )li‘erre,
2333 1039 2624 1104 trucidari,
2675 1038 2750 1092 ita
2804 1045 2865 1092 ut
2890 1053 3019 1092 cum
3054 1035 3254 1091 oblatis
3297 1033 3492 1090 hostiis
3519 1047 3646 1088 sau-

363 1133 602 1189 Πιλᾶτον
645 1132 904 1186 κελεῦσαι
936 1133 954 1173 ί
991 1132 1146 1202 παρὰ
1173 1133 1296 1194 ταῖς
1327 1129 1566 1195 θυσίαις,
1599 1128 1688 1195 αἷς
1735 1133 1957 1186 ἐδόκουν

2073 1131 2184 1204 guis
2229 1146 2452 1201 quoque
2495 1127 2850 1184 oﬂ‘erentium
2891 1127 3240 1182 misceretur.

364 1225 510 1280 κατά
541 1225 636 1280 τὸν
663 1224 828 1296 νόμον
853 1222 1152 1294 ἀναφέρειν
1171 1265 1186 1290 ,
1219 1220 1579 1294 ἀναιρεθῆναι
1599 1263 1614 1288 ,
1644 1223 1786 1278 ὥστε
1817 1225 2188 1296 ἀναμιχθῆναι
2253 1224 2376 1287 ταῖς
2439 1220 2926 1294 προσφερομέναις-
2952 1221 3168 1284 Θυσίαις
3231 1219 3292 1274 τδ
3356 1214 3498 1289 αἷμα
3535 1217 3649 1274 τῶν

367 1315 811 1391 προσφερόντων.

671 1437 1197 1525 ΕΡΩΤΗΣΙΣ
1245 1435 1521 1528 ΡΜΖ’.

369 1581 504 1648 Πῶς
535 1577 706 1635 πᾶσα
722 1579 1093 1646 βλασφημία
1139 1577 1508 1648 ἀφεθήσεται
1556 1578 1678 1642 τοῖς
1725 1577 1954 1646 ἀνθρὼ-

440 1667 606 1717 accc;
638 1651 677 1720 ἡ
715 1650 783 1703 δὲ
818 1649 923 1704 τοῦ
957 1649 1310 1718 Πνεύματος
1335 1652 1445 1703 οὐκ
1473 1649 1880 1718 ἀφεθήσεται,

971 1763 1359 1818 ΑΠΟΚΡΙΣΙΣ.

442 1855 624 1910 Πολλὰ
651 1853 784 1925 γὰρ,
812 1853 970 1925 φησὶ,
1005 1853 1128 1907 κατ’
1156 1853 1293 1924 ἐμοῦ
1317 1854 1601 1926 εἰρήκατε,
1643 1855 1724 1909 ὅτι
1759 1855 1961 1918 πλάνος

371 1949 491 2018 εἰμὶ
554 1947 652 2002 καὶ
709 1944 998 2009 ἀντίθεος.
1053 1944 1242 1998 Ταῦτα
1297 1941 1393 2000 οῦν
1456 1964 1600 2017 φημι
1661 1949 1811 2019 ύμῖν,
1860 1947 1960 2000 οὐκ

379 2044 628 2100 ἁπαιτῶν
681 2043 840 2114 δίκην
883 2043 1050 2114 ὑμᾶς.
1084 2043 1268 2096 Ἔστω
1291 2041 1424 2114 γὰρ,
1452 2042 1574 2113 ἐμοὶ
1614 2040 1960 2111 παραπαίετε

377 2137 463 2190 διὰ
502 2135 607 2207 τὴν
655 2135 858 2206 σάρκα,
895 2135 961 2206 ἦν
1002 2134 1331 2204 περίκειμαι
1364 2147 1380 2164 °
1409 2133 1498 2188 διὰ
1547 2133 1600 2186 τί
1645 2135 1740 2186 καὶ
1779 2134 1858 2194 εἰς
1899 2131 1963 2183 τὸ

375 2227 604 2297 Πνεῦμα
659 2225 720 2278 τὸ
771 2224 927 2292 ἅγιον
983 2225 1365 2296 ἁμαρτάνετε;
1401 2223 1494 2296 Μὴ
1538 2225 1649 2294 γὰρ
1687 2224 1784 2277 καὶ
1832 2223 1964 2293 περὶ

374 2319 542 2373 αὐτοῦ
583 2316 736 2388 ἔχετὲ
765 2334 816 2370 τι
840 2318 1038 2383 εἰπεῖν,
1071 2317 1154 2371 ὅτι
1198 2315 1530 2387 Ἀγνοοῦμεν
1557 2316 1726 2382 aia-r6;
1770 2315 1869 2368 Διὰ
1899 2315 1964 2386 δὴ

374 2409 533 2464 τοῦτο
591 2407 687 2462 καὶ
743 2407 978 2461 ἐνταῦθα
1038 2407 1467 2480 κολασθήσεσθε,
1503 2409 1594 2462 καὶ
1647 2408 1784 2461 ἐκεῖ.
1823 2409 1964 2460 Ὅσα

380 2500 480 2572 μὲν
513 2500 610 2555 οῦν
656 2501 1124 2571 ἐόλασφημήσατε
1174 2501 1295 2554 κατ’
1329 2501 1488 2572 ἐμοῦ,
1520 2501 1678 2572 φησὶ,
1713 2501 1823 2571 πρὸ
1869 2498 1962 2552 τοῦ

379 2589 613 2654 πάθους,
644 2591 848 2660 ἀφίημι
895 2591 1046 2660 ὑμῖν,
1095 2589 1192 2644 καὶ
1232 2591 1367 2644 αὐτὸ
1405 2591 1462 2644 δὲ
1505 2591 1599 2644 τοῦ
1635 2589 1875 2660 σταυροῦ
1902 2589 1964 2643 τὸ

375 2683 658 2753 τόλμημα.
692 2681 833 2735 ὐσα
861 2681 918 2734 δὲ
951 2682 1035 2743 είς
1065 2681 1126 2734 τὸ
1152 2681 1380 2752 Πνεῦμα
1421 2681 1482 2736 τὸ
1513 2683 1669 2751 ἅγιον
1701 2684 1958 2753 ἁμαρτά-

379 2790 524 2840 νετε,
552 2774 650 2826 ὲάν
691 2771 766 2844 μὴ
799 2773 1199 2844 μετανοήσητε,
1239 2777 1332 2826 καὶ
1381 2766 1485 2828 ὧδε
1532 2773 1962 2844 κολασθήσεσθε,

357 2857 475 2920 ’καὶ
506 2867 627 2919 ἐκεῖ
653 2881 668 2897 ο
699 2865 794 2918 καὶ
836 2864 944 2936 γὰρ
981 2865 1029 2918 οἱ
1083 2866 1185 2934 μὲν
1233 2863 1546 2936 ἀνθρώπων
1581 2867 1676 2920 καὶ
1731 2865 1966 2919 ἐνταῦθα

380 2956 729 3021 κολάζονται,
767 2957 862 3009 καὶ
917 2954 1158 3020 ἑκεί,ὼς
1222 2955 1273 3008 οἱ
1326 2955 1638 3026 Σοδομῖται,
1666 2956 1762 3012 καὶ
1819 2951 1966 3012 οὗτοι

2299 1438 2866 1547 ΩΒΑΞΞΤΙΟ
2939 1440 3403 1530 CXLVII.

2065 1591 2337 1661 Quomodo
2367 1592 2538 1661 anulis
2575 1591 2903 1661 blasphemia
2956 1589 3254 1642 remittetur
3299 1586 3656 1661 horninibus?

2099 1681 2216 1735 qua:
2239 1680 2358 1717 vero
2381 1664 2435 1716 in
2455 1658 2714 1731 Spiritum
2729 1671 2975 1714 sanctum
3001 1667 3099 1723 est,
3121 1675 3226 1712 non
3245 1659 3540 1711 remittetur
3555 1658 3610 1712 °?
3719 1689 3731 1704 .

2659 1772 3060 1836 liESPONSlO.

2133 1869 2322 1933 Multa,
2370 1866 2552 1936 inquit
2600 1865 2888 1930 Dominus,
2939 1873 3129 1919 contra
3154 1877 3241 1917 me
3292 1861 3531 1926 dixistis,
3563 1870 3654 1926 ut,

2063 1979 2150 2017 me
2177 1977 2299 2016 esse
2340 1959 2714 2022 seductorem,
2741 1967 2795 2012 et
2832 1957 2946 2011 Deo
2971 1955 3335 2010 contrarium.
3369 1955 3494 2010 Haec
3521 1953 3660 2008 dico

2062 2053 2241 2117 vobis,
2261 2051 2426 2124 434.
2449 2067 2559 2104 non
2599 2058 2867 2120 appetens
2893 2047 3182 2102 ultionem.
3213 2047 3346 2101 Esto
3381 2045 3553 2109 enim,
3589 2045 3648 2099 in

2064 2161 2152 2199 me
2199 2141 2560 2213 impegeritis,
2594 2149 2822 2211 propter
2858 2153 3078 2194 carnem
3112 2153 3219 2208 qua
3249 2137 3474 2191 indutus
3502 2151 3648 2197 sum,

2064 2252 2174 2306 qua
2209 2235 2276 2289 de
2320 2249 2486 2289 causa
2523 2233 2578 2288 in
2615 2232 2794 2304 ipsum
2844 2245 3066 2301 quoque
3098 2229 3364 2298 Spiritum
3395 2238 3658 2290 sanctum

2067 2325 2433 2396 delinquitis?
2463 2324 2580 2379 Non
2616 2323 2762 2378 enim
2790 2321 2978 2377 dicere
3018 2321 3252 2390 potestis
3277 2337 3404 2376 eum
3435 2338 3465 2376 a
3491 2321 3652 2376 vobis

2067 2418 2330 2492 ignorari.
2375 2417 2647 2485 Quocirca
2691 2423 2748 2471 et
2799 2415 2891 2470 hic
2927 2423 2984 2469 et
3012 2413 3123 2469 illic
3155 2414 3480 2483 punicmini.
3519 2413 3652 2481 Quae

2067 2522 2262 2566 contra
2306 2525 2392 2566 Ine
2434 2506 2886 2580 blaspllemastis,
2934 2506 3136 2576 inquit,
3159 2515 3286 2562 ante
3316 2506 3648 2576 passionem,

2068 2603 2322 2660 condono
2363 2601 2546 2666 vobis,
2606 2600 2786 2671 ipsum
2833 2613 3053 2669 quoque
3098 2598 3282 2653 crucis
3316 2599 3652 2668 supplicium

2067 2710 2180 2765 quo
2221 2709 2308 2749 me
2369 2692 2651 2748 aﬂecistis.
2701 2693 2772 2744 At
2811 2690 3009 2746 delicta
3053 2699 3236 2745 vestra
3285 2689 3342 2744 in
3382 2689 3652 2760 Spiritum

2067 2796 2344 2854 sanctum,
2389 2787 2497 2842 nisi
2552 2785 2917 2856 resipiscatis,
2974 2793 3032 2840 et
3079 2784 3171 2840 hic
3213 2791 3271 2838 et
3319 2783 3395 2838 ibi
3445 2783 3652 2850 luetis;

2069 2897 2196 2936 nam
2233 2889 2289 2936 et
2335 2896 2404 2935 ex
2433 2877 2755 2934 hominibus
2787 2877 3010 2947 quidam
3043 2876 3136 2931 hic
3180 2883 3236 2931 et
3281 2875 3396 2931 illic
3437 2875 3654 2946 suppli-

2070 2971 2174 3028 eiis
2214 2977 2548 3034 mactantur,
2585 2978 2646 3024 ut
2691 2965 3010 3031 Sodomitas,
3059 2973 3116 3021 et
3143 2965 3232 3020 isti
3265 2964 3407 3036 ipsi;
3443 2980 3569 3020 nam
3597 2974 3658 3020 et

381 3048 554 3102 αὐτοί.
597 3047 710 3100 Καὶ
751 3046 859 3118 γάρ
904 3045 999 3099 καὶ
1045 3043 1285 3098 ἐνταῦθα
1336 3044 1548 3100 ἔδωκαν
1597 3046 1776 3118 δίκην,
1800 3047 1962 3118 ἡνίκα

2073 3063 2164 3118 hic
2226 3060 2501 3116 dederunt
2552 3073 2781 3130 pmnas,
2845 3057 3066 3128 quando
3116 3065 3362 3113 extrema
3424 3073 3658 3127 qumque

383 3139 584 3196 ἔπαθον
638 3139 709 3193 τὰ
767 3139 1045 3210 ἀνήκεστα
1109 3137 1294 3191 ἐκεῖνα
1345 3137 1446 3209 τῆς
1513 3138 1722 3203 πόλεως
1787 3139 1962 3193 αὐτῶν

2076 3154 2322 3226 perpessi
2373 3162 2524 3218 sunt,
2557 3161 2716 3222 capta
2757 3165 2953 3208 eorum
2983 3149 3223 3215 civitate,
3253 3158 3310 3206 et
3347 3149 3421 3205 ibi
3453 3150 3660 3221 gravis-

385 3233 626 3304 ἁλὼσης,
661 3231 758 3286 καὶ
797 3233 917 3286 ἐκεῖ
946 3231 1345 3302 χαλεπωτάτην
1378 3231 1762 3302 ὑπομενοῦσιν.
1796 3233 1862 3287 Ol
1915 3232 1962 3286 δὲ

2074 3248 2216 3304 sima
2237 3245 2507 3317 supplicia
2538 3244 2842 3311 subibunt;
2872 3242 2966 3298 alii
2993 3257 3130 3298 vero
3160 3241 3236 3297 ibi
3285 3241 3484 3308 solum,
3514 3242 3660 3297 sicut

385 3329 504 3383 ικετ
551 3327 740 3397 μόνον,
769 3324 844 3388 ὡς
888 3324 917 3376 ὁ
953 3323 1232 3388 πλούσιος.
1279 3325 1342 3378 Ol
1379 3324 1438 3378 δὲ
1480 3323 1718 3380 ἐνταῦθα
1786 3326 1971 3396 μόνον,

2077 3340 2234 3395 dives
2259 3339 2352 3394 ille
2387 3338 2554 3409 epulo
2587 3339 2630 3392 ".
2666 3335 2776 3392 Alii
2813 3336 2907 3392 hic
2940 3337 3143 3402 solum,
3176 3335 3322 3390 sicut
3358 3335 3662 3390 fornicator

384 3421 519 3484 ὼςό
571 3416 966 3489 πεπορνευκὼς
1019 3418 1170 3488 παρὰ
1241 3416 1588 3488 Κορινθίους.
1623 3421 1687 3472 Ol
1729 3419 1787 3473 δὲ
1847 3417 1962 3472 οὔτε

2079 3431 2172 3486 ille
2215 3429 2362 3500 apud
2391 3427 2712 3485 Corinthios
2747 3429 2788 3486 ’³.
2819 3429 2925 3485 Alii
2963 3443 3147 3498 neque
3193 3427 3304 3492 hic,
3334 3442 3513 3497 neque
3553 3425 3660 3492 ibi;

386 3510 646 3576 ἐνταῦθα,
679 3509 804 3564 οὕτε
857 3510 996 3574 ἐκεῖ,
1027 3509 1104 3574 ὥς
1155 3526 1303 3575 τινες
1347 3510 1632 3582 προφῆται
1687 3509 1785 3564 καὶ
1834 3509 1962 3564 ἀπό·

2077 3521 2541 3592 quemadmodum
2576 3519 2863 3590 propheta:
2903 3527 2961 3574 et
3010 3519 3270 3590 apostoli.

387 3604 586 3660 στολοι.

675 3719 1001 3775 Βασιλειου
1028 3719 1098 3773 ἐκ
1143 3717 1262 3773 τῶν
1310 3717 1689 3787 Ἆσκητικῶν.

2457 3719 2641 3776 Sancti
2685 3719 2876 3775 Basilii
2915 3735 2980 3772 ea:
3023 3718 3292 3774 Asceticis.

473 3811 713 3873 Ἐκεῖνος
742 3809 1060 3880 βλασφημεῖ
1085 3809 1168 3871 εἰς
1193 3807 1254 3860 τὸ
1288 3806 1515 3876 Πνεῦμα
1541 3807 1602 3859 τὸ
1624 3804 1798 3875 ἅγιον,
1825 3805 1853 3858 ὁ
1878 3803 1962 3867 τὰς

2153 3814 2250 3868 Ille
2298 3813 2649 3883 blaSphemat
2682 3813 2738 3867 in
2788 3811 3056 3882 Spiritum
3100 3823 3375 3874 sanctum,
3404 3809 3498 3880 qui
3529 3825 3665 3879 0pc-

389 3901 703 3974 ὲνεργείας,
731 3901 830 3956 καὶ
876 3901 1004 3964 τοὺς
1040 3900 1292 3972 καρποὺς
1327 3899 1424 3952 τοῦ
1458 3897 1615 3968 ἁγίου
1654 3896 1962 3967 [Ινεύματος

2081 3907 2326 3960 rationes
2347 3913 2404 3960 et
2434 3906 2648 3960 fructus
2679 3905 2854 3960 sancti
2887 3903 3128 3974 Spiritus
3161 3903 3456 3959 contrariis
3484 3902 3636 3957 nomi

385 3997 450 4053 τὸ
474 3993 718 4052 ἐναντίον
746 3994 1126 4066 ἐπιφημίζων,
1149 3995 1290 4063 ὅπερ
1316 3991 1648 4062 πάσχουσινι
1687 3991 1734 4044 οἱ
1768 3988 1962 4053 πολλοὶ,

2078 3998 2245 4054 nibus
2295 3997 2494 4063 allicit;
2529 4005 2589 4051 ut
2636 3997 2837 4052 accidit
2871 3995 2981 4052 illis
3016 3997 3110 4066 qui
3161 3994 3414 4050 sedulum
3459 4002 3514 4049 ct
3544 4002 3633 4048 stu

389 4087 482 4144 τὸν
537 4087 638 4160 μὲν
675 4087 966 4141 σπουδαῖον
1007 4086 1272 4150 πολλάκις
1317 4083 1711 4158 ῥιψοκινδύνως
1763 4080 1962 4137 κενόδο·

2079 4091 2304 4146 diosum
2330 4089 2687 4144 ambitiosum
2716 4097 2772 4144 et
2791 4089 3039 4160 Spurium
3064 4087 3330 4143 audacter
3349 4087 3664 4149 nominant,

393 4180 484 4247 ξον
519 4177 636 4252 [καὶ
677 4177 854 4252 νόθον]
881 4178 1282 4243 ἀποκαλοῦντες
1316 4193 1330 4208 ·
1373 4175 1464 4231 τὸν
1492 4176 1546 4231 δὲ
1579 4175 1743 4247 ζῆλον
1773 4174 1962 4245 multa»

2082 4181 2238 4239 illum
2265 4197 2398 4238 vero
2421 4181 2515 4252 qui
2543 4181 2690 4236 bono
2731 4181 2850 4238 zelo
2879 4181 3146 4252 praeditus
3183 4189 3286 4246 est,
3312 4178 3664 4244 iracundum,

390 4271 878 4344 ἐπιδεικνύμενον,
939 4271 1196 4342 ὀργίλον,
1249 4269 1346 4324 καὶ
1403 4267 1574 4324 πολλὰ
1634 4266 1866 4323 τοιαῦτα
1920 4270 1962 4322 ὲι

2082 4281 2140 4330 et
2185 4273 2280 4345 qui
2313 4271 2485 4328 multa
2521 4272 2628 4327 alia
2669 4272 2836 4344 hujus
2869 4272 3086 4344 generis
3113 4271 3280 4327 tacito
3308 4270 3412 4327 sub
3439 4278 3664 4341 pectore

393 4365 671 4428 ὑπονοίαις
705 4363 1178 4436 καταψευδόμεθα.

2081 4367 2334 4422 volvunt.

733 4507 1268 4595 ΕΡΩΤΗΣΙΣ
1313 4511 1592 4598 PMH’.
1788 4481 1794 4487 ’

2313 4497 2874 4604 ουΑῖςτιΟ
2949 4499 3468 4612 cxi.an

399 4639 527 4766 Πᾶἂς
603 4641 858 4710 νοητέον
911 4641 944 4696 ὃ
1002 4639 1175 4698 εἶπεν
1229 4647 1262 4698 ὀ
1321 4645 1546 4732 μύριος
1574 4661 1587 4674 ο
1623 4662 1644 4696 ι
1697 4643 1840 4698 Ἐὰν
1887 4644 1962 4712 μή

505 4711 734 4768 πέλθω.
767 4717 798 4766 d
840 4715 1243 4768 Παοάκλητοο
1272 4731 1383 4768 ουκ
1409 4719 1728 4768 ελευσεται
1753 4731 1768 4745 ο
1806 4734 1824 4766 ι
1857 4715 1962 4768 ἤδτ

2094 4647 2368 4714 Quomodo
2413 4646 2814 4719 intelligendum
2868 4648 3004 4702 illud
3055 4647 3269 4702 Domini
3319 4664 3338 4702 :
3407 4667 3423 4698 ι
3453 4646 3512 4702 Si
3565 4666 3674 4703 non

2162 4719 2362 4768 abiero.
2388 4717 2701 4768 Paracletus
2731 4733 2834 4768 non
2865 4719 3031 4768 veniet
3061 4719 3112 4768 ἐ
3144 4737 3162 4768 ι
3194 4735 3313 4768 cum
3340 4726 3518 4768 tamen
3551 4717 3672 4768 Sni-

463 4715 734 4777 ἀπέλθω,
767 4717 798 4766 d
840 4715 1243 4782 Παράκλητος
1272 4715 1383 4768 οὐκ
1409 4715 1728 4769 ἐλεύσεται
1753 4731 1768 4745 ο
1806 4734 1824 4766 ι
1857 4715 1962 4784 ἤδη

460 4782 532 4836 δὲ
563 4783 630 4835 τὸ
658 4783 905 4858 Πνεῦμα
935 4783 1145 4838 δίδωσι
1181 4784 1307 4850 τοῖς
1343 4785 1716 4852 ἀποστόλοις
1737 4785 1836 4840 διὰ
1867 4785 1962 4840 toi

2162 4719 2362 4782 abiero,
2388 4715 2701 4772 Paracl'etus
2731 4733 2834 4771 non
2865 4719 3031 4772 veniet
3061 4719 3112 4782 ⁹;
3144 4737 3162 4768 ι
3194 4735 3313 4770 cum
3340 4726 3518 4770 tamen
3551 4717 3672 4788 Spi-

2163 4791 2328 4842 ritum
2376 4797 2621 4842 sauctum
2679 4788 2929 4858 apostolis
2984 4804 3078 4858 per
3115 4789 3520 4858 insuﬁlationem
3570 4792 3674 4842 im-

479 4850 896 4924 .yyvmiyaroc
921 4869 943 4918 ;
1691 4850 1703 4852 “

2159 4860 2358 4930 pertiat
2381 4859 2406 4912 Ρ

997 4967 1390 5023 ΔΠΟΚΡΙΣῙΣ.

463 5059 566 5144 Διά
619 5059 718 5130 μὲν
769 5058 865 5112 τοῦ
907 5061 1308 5131 ἐμφυσήματος
1374 5059 1626 5126 ἐξουσίαν
1671 5063 1766 5118 καὶ
1821 5061 1982 5134 χάριν

400 5151 780 5223 πνευματικὴν
821 5151 1054 5223 παρέχει
1088 5152 1271 5215 αὐτοῖς
1297 5155 1432 5224 πρὸς
1458 5152 1520 5206 τὸ
1549 5154 1770 5222 ἀφιέναι
1801 5155 1962 5226 ἁμαρ

2091 5163 2322 5234 gratiam
2345 5162 2688 5233 spiritualem
2712 5160 3025 5216 remittendi
3054 5169 3275 5230 peccata
3293 5176 3305 5212 :
3322 5157 3476 5214 addit
3493 5156 3672 5214 enim:

403 5246 620 5317 τήματα
648 5261 662 5275 ⁶
705 5246 903 5315 ἐπάγει
929 5247 1061 5317 γὰρ,
1101 5263 1120 5297 ι
1154 5246 1256 5298 Ἂν
1284 5263 1447 5300 τινων
1478 5247 1653 5316 ἀφῆτε
1681 5247 1782 5310 τὰς
1803 5248 1958 5319 ἁμαρ

2097 5274 2114 5306 ι
2151 5255 2398 5322 Quorum
2472 5253 2800 5309 rcmiseritis
2851 5263 3108 5324 peccata,
3161 5253 3562 5318 remittemur;
3619 5259 3676 5305 et

396 5337 540 5400 τίας,
591 5336 846 5405 ἀφίενται
872 5354 887 5368 ο
920 5338 986 5392 ἄν
1024 5353 1189 5390 τινων
1240 5338 1504 5409 κρατῆτε,
1539 5338 1928 5409 κεκράτηνται.

2090 5362 2328 5416 quorum
2381 5346 2749 5410 retinueritis,
2791 5353 3002 5400 retenta
3037 5352 3202 5400 erunt
3243 5343 3304 5398 ³⁸.
3339 5362 3357 5397 ι
3426 5343 3531 5400 Per
3575 5340 3675 5397 de-

398 5428 499 5479 Διά
522 5427 578 5480 δὲ
607 5428 707 5498 τῆς
739 5429 1142 5499 ὲπιςροιτήσεως
1176 5429 1276 5499 τῆς
1303 5431 1364 5482 ὲν
1388 5431 1455 5500 τῇ
1488 5429 1864 5501 Πεντηκοστῇ,
1885 5433 1962 5502 τὴε

2093 5436 2348 5493 εορὶιειιιῐι
2407 5453 2542 5492 vero
2591 5439 2644 5492 in
2676 5439 3001 5492 Pentecoste
3052 5438 3284 5509 gratiam
3336 5434 3678 5508 baptismatis

395 5518 494 5573 τοῦ
527 5520 906 5592 βαπτίσματος
941 5519 1110 5576 αὐτοῦ
1143 5523 1326 5592 χάριν,
1356 5522 1453 5574 καὶ
1480 5521 1579 5593 τὴν
1606 5523 1716 5575 τῶν
1744 5525 1962 5594 σημείω

2092 5539 2150 5584 et
2204 5531 2484 5602 signorum
2511 5530 2895 5600 operationem
2925 5531 3033 5584 illis
3057 5531 3285 5600 largitus
3309 5539 3394 5586 est
3425 5531 3493 5585 ιι.
3520 5526 3679 5587 Unda

2687 4974 3088 5030 RESPONSIO.

2162 5071 2268 5127 Per
2323 5070 2749 5126 insulilationem
2809 5069 3018 5138 przebet
3066 5067 3174 5122 illis
3234 5073 3563 5138 potestatem
3618 5076 3675 5120 et

471 5663 492 5695 '
533 5661 671 5720 Luc.
719 5679 812 5730 xu,
867 5664 952 5720 10.
1031 5664 1047 5696 ³
1092 5663 1226 5719 Luc.
1268 5680 1377 5718 xw.
1454 5663 1475 5695 ⁸
1517 5663 1537 5718 l
1577 5663 1705 5719 Cor.
1750 5681 1798 5720 ν.
1879 5669 1900 5700 ⁹
1935 5669 1962 5724 J

2082 5710 2094 5726 .
2134 5687 2241 5737 xw,
2283 5673 2334 5726 7.
2419 5673 2460 5703 ³ο
2497 5672 2657 5728 Joan.
2701 5688 2790 5736 xx,
2830 5671 2918 5725 25.
2999 5671 3038 5704 ¹¹
3079 5670 3198 5726 Act.
3241 5685 3297 5732 ιι.
3339 5670 3430 5728 45.

1676 5807 1911 5864 ΥΑΙὶΙιΕ
1955 5811 2356 5868 LECTIOXES.

475 5897 503 5938 ι·
527 5895 918 5972 ἀνα-θέρεσθαι.
1006 5895 1019 5937 ί
1054 5895 1411 5952 κελεύσαντα.
1495 5897 1507 5950 i
1540 5898 1844 5974 πάσχομεν.
