4056 6488
365 438 468 501 805

1749 428 2262 503 QUIESTIONES.

3533 430 3638 492 838
3708 421 3712 425 “

342 553 525 607 ὄολον
582 548 752 622 ἀνδρα
803 549 1026 621 ἔχουσα,
1082 549 1176 604 καὶ
1232 547 1375 621 [ὡς]
1430 544 1809 618 ἀπορρίψασα,
1856 562 1996 605 καιλ

2082 561 2143 601 na
2172 546 2275 600 sub
2307 552 2637 616 potestatem
2666 546 2908 612 redacta,
2939 547 3028 603 cui
3065 547 3360 619 aliquando
3385 550 3641 609 diabolus

366 644 605 717 Χριστὸν
635 643 1123 715 ὲνστερνισαμένη,
1147 644 1294 713 χήρα
1327 640 1622 711 τυγχάνει·
1658 639 1753 691 καὶ
1780 637 1953 691 δεῖται

367 736 493 791 καθ’
524 736 765 806 ἑκάστην
791 736 1012 806 ἡμέραν
1048 735 1139 788 καὶ
1183 736 1356 787 νύκτα
1384 731 1479 785 τοῦ
1516 729 1731 801 κριτοῦ,
1765 729 1956 800 λέγου-

371 846 462 882 σαο
503 847 522 880 ι
555 826 878 899 Ἐκδίκησόν
926 842 992 896 με
1045 824 1153 879 ἀπὸ
1183 823 1277 878 τοῦ
1324 821 1601 876 ἀντιδίκου
1654 838 1824 893 μου.»
1860 820 1959 885 Τίς

368 920 424 976 δέ
451 921 603 974 ἐστιν
632 920 659 971 6
688 916 983 981 ἀντίδικος,
1006 916 1130 971 καθ’
1160 907 1222 970 οὗ
1264 914 1669 985 ἐντυγχάνομεν
1700 913 1956 977 πάντοτε,

357 1013 580 1082 ,λεγέτω
615 1011 826 1082 Πέτρος
851 1028 866 1043 ο
908 1030 926 1060 ι
956 1009 1184 1072 Τεκνία,
1232 1008 1588 1080 γρηγορεῖτε,
1617 1007 1699 1060 ὅτι
1748 1006 1777 1058 6
1819 1004 1962 1059 ἀντί-

373 1104 521 1167 δικος
559 1101 710 1174 ὑμῶν
740 1104 768 1155 6
797 1099 1070 1163 διάδολος,
1099 1099 1173 1164 ὡς
1209 1099 1349 1153 λέων
1378 1097 1685 1169 ὠρυόμενος
1718 1112 1960 1168 περιπα-

371 1198 478 1259 τεῖ,
515 1192 696 1264 ζητῶν
725 1190 852 1246 τίνα
900 1191 1153 1263 καταπίῃ
1175 1202 1229 1230 ι’
1272 1207 1292 1239 ι
1321 1181 1364 1257 ᾧ
1394 1189 1684 1257 ἀντιστητε
1747 1186 1961 1257 στερεοὶ

374 1289 441 1358 τῇ
481 1286 685 1340 πίστει.
720 1303 739 1337 ›
778 1284 845 1338 Τί
884 1283 939 1337 δὲ
974 1279 1131 1337 εἶπεν
1184 1283 1213 1336 6
1268 1274 1518 1353 κριτής;’
1558 1298 1576 1331 ι
1602 1281 1667 1333 Ei
1720 1281 1823 1333 καὶ
1868 1279 1961 1333 τὸν

376 1379 510 1434 Θεὸν
565 1379 629 1432 οὐ
690 1377 988 1448 φοϐοῦμαι,
1051 1373 1178 1428 οὔτε
1245 1371 1532 1441 ἄνθρωπον
1581 1371 1960 1440 ἐντρέπομαι’

378 1472 497 1525 ἀλλ’
530 1466 626 1525 οὖν
655 1486 720 1539 γε
756 1467 1000 1532 ἀναστὰς
1033 1465 1312 1536 ἐκδικήσω
1341 1461 1535 1526 αὐτὴν,
1564 1462 1652 1517 ἵνα
1690 1460 1765 1533 μὴ
1804 1463 1964 1532 ἐρχο-

381 1563 519 1636 μένη
545 1561 846 1633 ὑπωπιάζῃ
878 1578 966 1631 με.
988 1579 1007 1611 ι
1043 1559 1157 1612 Καὶ
1186 1556 1444 1628 ἐπιφέρει
1476 1557 1504 1609 6
1537 1553 1743 1626 Κύριος
1766 1552 1962 1622 λέγων·

385 1676 405 1710 ι
436 1656 706 1719 Ἀκούεις,
750 1653 805 1707 τί
834 1653 985 1722 λέγει
1027 1653 1056 1706 6
1090 1650 1286 1723 κριτής
1311 1649 1409 1718 τῆς
1432 1645 1668 1710 ἀδικίας,
1702 1664 1721 1698 ι
1765 1644 1859 1698 καὶ
1903 1643 1965 1697 οὐ

380 1748 770 1818 δικαιοσύνης;
802 1747 1016 1818 Κριτής
1044 1745 1195 1798 ἐστιν
1238 1741 1466 1807 ἀδίκων,
1504 1756 1522 1790 ι
1547 1736 1831 1792 Δικαίωνὶι
1858 1734 1968 1807 γὰρ

381 1845 547 1915 νόμος
579 1843 640 1896 οὐ
665 1843 869 1896 κεῖται.
899 1857 915 1889 ι

771 1999 1310 2089 ΕΡΩἹῊΣΙΣ
1363 1999 1544 2085 PN'.

390 2142 517 2210 ηὼς
542 2141 818 2210 νοητέονή
854 2159 872 2190 ι
896 2136 1404 2210 ’Θέσεων-ἱμάτιον,
1428 2130 1772 2200 πωλησάτω
1800 2129 1977 2194 αὐτὸ,

730 2209 827 2264 καί
855 2205 1210 2281 ἀγορᾶσάτω
1231 2205 1569 2277 μάχαιραν;
1598 2224 1617 2255 ι

983 2320 1376 2376 ΔΠΟΚΡΙΣΙΣ.

460 2443 573 2511 Τὴν
629 2439 751 2492 κατ’
798 2435 965 2491 αὐτοῦ
1007 2435 1198 2504 ἔφοδον
1239 2433 1352 2488 τῶν
1392 2430 1663 2486 Ἰουδαίων
1708 2427 1978 2502 γνωρίσαι

387 2536 500 2596 τοῖς
558 2530 880 2592 ἀποστόλοις
911 2528 940 2579 ὁ
984 2526 1194 2599 Κύριος
1227 2524 1576 2597 βουλόμενος,
1622 2520 1691 2575 δι’
1723 2521 1977 2590 αἰνίγμα-

388 2641 482 2688 τος
511 2623 610 2695 τῆς
646 2620 924 2693 μαχαίρας
963 2619 1258 2691 ἐδήλωσεν.
1302 2614 1492 2670 Εἰπὼν
1527 2614 1658 2684 γὰρ,
1695 2632 1713 2665 ι
1750 2613 1981 2684 Ἀγορα-

393 2718 543 2773 σάτω
568 2717 878 2788 μάχαιραν,
907 2733 927 2767 ι
959 2715 1243 2782 ἐπήγαγεν
1267 2728 1280 2743 ·
1331 2729 1350 2763 ι
1379 2709 1503 2763 Ὅτι
1523 2706 1698 2760 δεῖτά
1729 2722 1982 2777 γεγραμ-

393 2810 534 2882 μένα
573 2811 704 2880 περὶ
750 2806 888 2878 ἐμοῦ
922 2805 1265 2875 τελεσθῆναι,
1300 2803 1386 2856 ὅτι
1421 2800 1577 2857 Μετά
1610 2800 1831 2869 ἀνόμων
1864 2798 1984 2850 ἐλο-

392 2903 579 2973 γίσθη.
613 2922 633 2956 ι
695 2899 839 2955 Οὔτε
877 2896 971 2954 οὖν
1019 2897 1245 2961 τελείως
1289 2893 1744 2968 παρεσιὼπησεν,
1777 2892 1866 2945 ἵνα
1910 2891 1986 2962 μὴ

392 2998 458 3068 τῇ
489 2995 663 3068 ἀθρόᾳ
713 2993 888 3065 ἐφόδῳ
935 2988 1317 3061 ταραχθῶσιν,
1362 2986 1487 3041 οὔτε
1542 2985 1709 3040 πάλιν
1764 2983 1986 3047 τελείως

394 3088 720 3159 ἐγνώρισεν,
753 3086 841 3140 ἵνα
874 3085 950 3157 μὴ
980 3081 1153 3154 δειλίᾳ
1187 3081 1297 3135 τινὶ⁵
1318 3078 1758 3150 κατασχεθῶσιν.
1793 3076 1989 3130 Εἰπόν-

2056 638 2292 692 maritus
2333 646 2475 701 erat,
2517 646 2573 693 et
2604 654 2727 708 quae
2754 639 2849 693 illo
2879 640 3167 711 repudiato
3201 640 3484 697 Christum
3526 660 3643 699 am.

2057 730 2341 799 plectitur,
2404 731 2572 785 vidua
2614 741 2731 798 est;
2770 741 3001 803 oratque
3044 734 3274 805 singulis
3320 735 3523 791 diebus
3579 752 3646 791 ac

2057 823 2321 878 noctibus
2364 823 2608 895 iudicem
2651 842 2665 878 :
2726 843 2745 877 ι
2790 825 3020 882 Vindica
3069 844 3159 883 me
3202 828 3273 883 ab
3324 828 3646 884 adversario

2060 926 2184 966 meo
2224 911 2291 966 “.
2327 930 2346 961 ι
2398 911 2533 979 Quis
2590 921 2676 969 est
2723 914 3101 982 adversarius,
3153 916 3423 972 adversus
3479 934 3646 988 quem

2061 1012 2329 1072 perpetue
2373 1002 2745 1059 dimicamus?
2779 1004 2929 1061 dicat
2977 1016 3201 1063 sanctus
3233 1007 3433 1063 Petrus
3465 1025 3481 1062 :
3512 1028 3530 1059 ‹
3562 1009 3652 1063 Fi-

2061 1094 2461 1167 lioli,vigilate,
2494 1096 2624 1167 quia
2654 1097 3006 1154 adversarius
3033 1107 3218 1155 vester
3250 1100 3506 1157 diabolus
3533 1112 3653 1156 tan-

2063 1204 2228 1258 quam
2271 1189 2360 1244 leo
2391 1190 2617 1263 rugiens
2648 1191 2870 1256 circuit,
2903 1208 3160 1262 quaerens
3188 1209 3352 1264 quem
3383 1194 3649 1261 devoret;

2065 1282 2155 1337 cui
2206 1283 2446 1340 resistite
2500 1282 2672 1341 fortes
2707 1286 2764 1341 in
2809 1285 2917 1341 ﬁde
2947 1286 2993 1317 "
3019 1304 3037 1337 ι
3093 1286 3236 1352 Quid
3277 1302 3411 1341 vero
3439 1286 3654 1358 iudex?

2075 1394 2093 1426 ‹
2122 1374 2239 1429 Etsi
2287 1375 2460 1430 Deum
2500 1390 2611 1430 non
2658 1376 2848 1442 timeo,
2895 1393 2999 1432 nec
3037 1377 3320 1433 hominem
3365 1393 3651 1443 revereor,

2066 1467 2362 1524 vindicabo
2386 1477 2567 1524 tamen
2592 1469 2765 1533 illam,
2798 1485 2870 1525 ne
2891 1469 3123 1525 veniens
3151 1470 3407 1542 suggillet
3430 1485 3516 1525 me
3544 1471 3610 1524 ".
3630 1490 3649 1520 ι

2070 1559 2369 1632 Subiungit
2390 1561 2661 1617 Dominus
2687 1579 2701 1615 :
2731 1580 2748 1613 ι
2771 1561 2947 1617 Audis
2962 1561 3098 1631 quid
3122 1561 3272 1616 dicat
3295 1561 3467 1633 iudex
3493 1561 3661 1634 A36

2071 1654 2387 1725 iniquitatis
2414 1676 2431 1707 ι
2461 1664 2520 1711 et
2546 1672 2656 1711 non
2691 1655 2957 1726 jnstitite?
2977 1655 3153 1712 Judex
3184 1663 3269 1711 est
3294 1655 3655 1725 injusterum;

2070 1759 2198 1798 nam
2238 1765 2255 1796 ‹
2282 1745 2441 1800 Justo
2487 1760 2596 1801 non
2628 1753 2713 1801 est
2756 1745 2846 1800 lex
2894 1746 3073 1816 posita
3115 1746 3182 1798 ’⁷.
3223 1764 3241 1796 ι

2469 1984 3031 2091 QUIESTIO
3121 1986 3295 2075 CL.

2078 2134 2350 2203 Quomodo
2391 2133 2801 2201 intelligendum
2826 2133 2965 2188 illud
2997 2151 3011 2187 :
3053 2152 3071 2183 σ
3104 2132 3209 2199 Qui
3244 2133 3396 2203 habet
3428 2135 3669 2189 tunicam

2325 2206 2519 2260 vendat
2568 2203 2743 2269 illam,
2796 2214 2845 2257 et
2877 2212 3019 2258 emat
3039 2205 3280 2275 gladium
3296 2202 3389 2257 ’3?
3426 2224 3444 2255 ι

2667 2302 3074 2375 ΒἘΒΡΟΝΞΙΟ.

2150 2433 2287 2490 Cum
2334 2434 2604 2489 Dominus
2631 2433 2921 2505 discipulis
2950 2431 3067 2488 suis
3107 2431 3425 2488 Iudaeorum
3470 2433 3668 2488 adver-

2081 2545 2178 2585 sus
2191 2545 2249 2584 se
2264 2528 2674 2601 aggressionem
2693 2526 3192 2597 ct’impressioncm
3216 2525 3464 2581 indicare
3482 2526 3671 2591 vellet,
3759 2518 3800 2579 :i'

2081 2621 2374 2694 aenigmate
2418 2619 2658 2690 quodam
2715 2618 2883 2689 gladii
2933 2618 2987 2673 id
3041 2617 3191 2673 iecit.
3242 2616 3377 2672 Nam
3423 2633 3549 2672 cum
3584 2618 3673 2672 di-

2084 2714 2295 2773 sisset:
2348 2731 2367 2765 ι
2396 2712 2561 2768 Emat
2604 2710 2881 2783 gladium,
2930 2731 2948 2762 ι
2984 2708 3235 2766 subdidit
3294 2722 3374 2764 :‘c
3401 2709 3675 2776 Quoniam

2085 2807 2268 2863 adhuc
2296 2805 2402 2861 hoc
2438 2804 2588 2876 quod
2624 2805 2893 2874 scriptum
2953 2812 3056 2869 est,
3095 2810 3314 2874 oportet
3348 2802 3569 2873 impleri
3618 2803 3679 2860 in

2086 2915 2175 2955 me
2206 2916 2219 2953 :
2257 2898 2325 2954 Et
2356 2913 2482 2953 cum
2518 2895 2728 2967 iniquis
2759 2895 3061 2965 deputatus
3086 2903 3173 2951 est
3205 2896 3271 2949 ”.
3308 2914 3327 2946 ι
3371 2896 3546 2966 igitur
3577 2909 3679 2949 ne-

2089 3008 2197 3064 que
2244 2991 2473 3047 omnino
2518 2989 2806 3053 subticuit,
2845 3005 2913 3044 ne
2954 2988 3264 3058 improviso
3295 2988 3506 3058 impetu
3567 2997 3685 3043 tur-

2090 3085 2378 3160 barentur,
2422 3099 2605 3155 neque
2651 3082 2879 3139 omnino
2934 3078 3218 3151 patefecit,
3267 3095 3338 3135 ne
3382 3079 3684 3135 formidine

392 3196 505 3233 των
542 3177 599 3231 δὲ
636 3175 746 3230 τῶν
791 3173 1053 3246 μαθητῶν
1075 3189 1089 3204 ·
1125 3169 1316 3233 ‹,Ἰδοὺ
1358 3164 1461 3224 ὧδε
1499 3167 1770 3238 μάχαιραι
1819 3163 1932 3231 δύο,
1962 3181 1980 3214 ι

2093 3177 2274 3248 aliqua
2322 3177 2782 3248 percellerentur.
2831 3173 2902 3229 At
2930 3188 3055 3228 cum
3088 3171 3348 3244 discipuli
3383 3172 3682 3228 dicerent:

396 3273 493 3325 καὶ
523 3271 583 3325 τὸ
608 3236 804 3341 λεχθὲν
837 3236 1276 3339 μὲι-συνιέντων,
1326 3236 1510 3324 αὐτός
1533 3236 1700 3330 φησιν
1724 3271 1738 3287 ’
1790 3277 1810 3310 ι
1843 3255 1987 3311 Ἱκα-

2102 3290 2121 3324 ι
2156 3236 2461 3328 έοεεᾟιιο
2507 3270 2674 3343 gladii
2725 3270 2819 3325 hic
2871 3271 2938 3337 ια,
2984 3289 3003 3322 ι
3057 3284 3160 3325 nec
3213 3236 3426 3324 dictum
3479 3266 3688 3324 Christi

396 3366 488 3418 νύν
518 3366 659 3434 ἐστι.
698 3381 718 3416 ι
750 3361 948 3415 Καίτοι
987 3359 1089 3413 οὐκ
1116 3352 1185 3428 ἦν
1208 3354 1413 3410 ἱκανόνο
1440 3355 1488 3408 εί
1517 3351 1620 3423 μὲν
1648 3350 1758 3421 γὰρ
1782 3348 1994 3423 ἀνθρωο

400 3456 533 3527 πίνη
587 3451 813 3525 βοηθείᾳ
850 3448 1163 3522 κεχρῆσθαι
1204 3446 1409 3509 αὐτοὺς
1459 3443 1736 3517 ἐβούλετο,
1766 3439 1907 3503 οὐδὲ,
1945 3440 1994 3492 εί

400 3550 597 3602 ἑκατὸν
632 3542 778 3618 ἦσαν
839 3544 1132 3616 μάχαιραι,
1173 3539 1359 3593 ἱκανὸν
1387 3533 1478 3608 ἦν.
1516 3536 1579 3591 El
1612 3536 1668 3589 δὲ
1704 3534 1781 3606 μὴ
1812 3533 1993 3597 τοῦτο,

401 3642 498 3695 καὶ¹
544 3640 602 3694 αἱ
638 3639 734 3693 δύο
778 3634 1056 3708 περιτταί.
1099 3633 1212 3687 Καὶ
1250 3631 1425 3702 ὅμως,
1458 3630 1562 3683 οὐκ
1605 3626 1894 3698 ἐξάλειψεν
1935 3625 1996 3679 τὸ

403 3734 657 3803 αἴνιγμα.
696 3729 808 3784 Καὶ
847 3729 958 3801 γὰρ
998 3722 1276 3796 πολλαχοῦ
1311 3722 1565 3794 φαίνεται
1613 3720 1775 3774 τοῦτο
1804 3719 1994 3774 ποιῶν.

417 3825 673 3879 Ἐπειδὰν
728 3823 787 3877 δὲ
845 3822 920 3894 μὴ
956 3823 1195 3892 νοήσωσι
1247 3817 1310 3872 τὸ
1375 3815 1595 3887 λεχθὲν,
1655 3811 2000 3885 παρατρέχει

404 3918 588 3984 τοῦτο,
637 3916 733 3970 καὶ
776 3914 973 3987 ἀφίησι
1016 3915 1086 3986 τῇ
1137 3911 1244 3966 τῶν
1281 3910 1630 3981 πραγμάτων
1676 3906 1900 3961 ἐκϐάσει
1939 3903 2002 3958 τὸ

414 4013 532 4082 μετ’
563 4007 772 4063 αὐτοῦε
809 4006 908 4079 τὴν
963 4005 1302 4076 κατανόησιν
1354 4002 1463 4057 τῶν
1512 3999 1825 4073 εἰρημένων
1879 3999 2003 4051 ἐπι-

409 4104 630 4176 τρέπων
664 4101 880 4166 λοιπὸν,
915 4098 1108 4171 ὥσπερ
1140 4099 1238 4153 καὶ
1267 4098 1356 4151 ὅτε
1394 4092 1583 4149 εἶπενο
1619 4113 1639 4145 ι
1669 4092 1880 4146 Λύσατε
1910 4089 2004 4144 τὸν

412 4197 542 4251 ναὸν
566 4194 660 4249 τοῦ
696 4192 855 4250 Θεοῦ.
883 4211 903 4246 ι

762 4349 1299 4441 ΕΡΩΤΗΣΙΣ
1355 4341 1605 4433 ΡΝΑ’.

417 4480 553 4584 ιίῶς
586 4498 620 4573 d
651 4513 846 4586 φιλῶν
875 4513 992 4585 τὴν
1015 4510 1232 4583 ψυχὴν
1251 4509 1443 4566 αὑτοῦ
1465 4506 1757 4564 ἀπολέσει
1788 4509 2004 4575 aimir;

2093 3362 2491 3432 intelligerent,
2533 3363 2822 3434 respondit
2860 3363 3128 3419 Dominus
3160 3380 3174 3416 :
3212 3380 3230 3413 ι
3266 3360 3413 3416 Satis
3447 3369 3535 3416 est
3564 3359 3631 3414 ³³.
3660 3379 3680 3411 ι

2092 3454 2422 3525 Quanquam
2471 3454 2607 3510 satis
2660 3470 2774 3510 non
2822 3463 2974 3522 erat;
3030 3469 3158 3510 nam
3204 3454 3251 3509 si
3292 3453 3535 3508 humana
3583 3467 3689 3524 ope

2094 3548 2178 3603 uti
2230 3547 2522 3614 voluisset,
2574 3562 2645 3602 ne
2693 3554 2919 3604 centum
2968 3546 3195 3617 quidem
3246 3544 3410 3617 gladii
3436 3543 3690 3600 suilecis—

2098 3648 2245 3696 sent.
2293 3639 2351 3697 Si
2389 3654 2493 3695 nec
2537 3647 2640 3708 tot,
2692 3639 2862 3695 etiam
2908 3639 3021 3694 duo
3066 3637 3334 3709 superﬂui
3371 3645 3552 3692 erant.
3591 3636 3692 3692 Ni-

2099 3730 2407 3788 hilominus
2464 3730 2695 3803 aanigma
2742 3746 2856 3785 non
2910 3729 3184 3785 dissolvit.
3235 3728 3396 3796 Quod
3453 3737 3512 3785 et
3558 3729 3723 3795 alibi,

2098 3825 2302 3895 saepius
2345 3824 2496 3880 fecit.
2528 3824 2666 3880 Nam
2699 3839 2826 3879 cum
2870 3838 3101 3878 sensum
3129 3823 3271 3894 ejus,
3300 3822 3448 3892 quod
3482 3822 3703 3878 dictum

2100 3925 2243 3982 erat,
2292 3932 2403 3972 non
2457 3924 2909 3987 assequerentur,
2960 3914 3206 3986 praeterit
3266 3914 3425 3979 illud,
3482 3923 3540 3971 et
3589 3914 3695 3984 ipsi

2102 4025 2291 4065 rerum
2339 4011 2565 4066 eventui
2594 4025 2781 4065 veram
2834 4009 3263 4080 intelligentiam
3305 4002 3703 4065 declarandam

2103 4101 2410 4173 permittit;
2458 4109 2521 4156 ut
2566 4109 2623 4157 et
2669 4108 2806 4157 tunc
2841 4116 2969 4157 cum
2998 4100 3141 4156 dixit
3186 4118 3197 4152 :
3238 4118 3256 4152 ‹
3286 4099 3499 4155 Solvite
3554 4108 3698 4155 temo

2107 4195 2260 4266 plum
2311 4195 2419 4252 hoc
2459 4196 2526 4249 ³⁸.
2558 4214 2578 4248 ι

2491 4345 3057 4454 ΩΗᾹῖΞἹΙΟ
3131 4350 3362 4436 CLI.

2118 4518 2392 4586 Quomodo
2434 4520 2526 4590 qui
2574 4528 2723 4573 amat
2767 4519 3008 4574 animam
3054 4536 3210 4573 suam
3253 4520 3439 4590 perdet
3471 4535 3590 4573 eam
3621 4517 3719 4573 ’3?

1026 4644 1419 4701 ΔΠΟΚΡῘΣΙΣ.
2043 4587 2089 4643 D

503 4765 567 4820 '0
599 4764 699 4837 μὲν
744 4763 916 4834 φιλῶν
948 4762 1049 4833 τὴν
1074 4760 1256 4833 ψυχὴν
1286 4760 1454 4816 αὑτοῦ
1514 4762 1664 4816 ἐστιν
1687 4763 1716 4814 6
1743 4761 1843 4827 τὰς
1887 4762 1996 4816 ἀτό-

2190 4769 2353 4823 Amat
2381 4766 2806 4839 animamvsuam
2835 4763 2931 4832 qui
2971 4762 3187 4818 illicitis
3224 4763 3346 4832 ejus
3387 4762 3714 4831 cupiditati-

424 4872 563 4921 πους
610 4854 914 4925 ἐπιθυμίας
973 4845 1145 4923 αὐτῆς
1194 4851 1403 4907 ποιῶν·
1442 4852 1471 4906 6
1505 4853 1567 4907 δὲ
1616 4852 1792 4925 μισῶν
1846 4855 1996 4926 αύτήε

2122 4862 2229 4916 bus
2255 4861 2605 4930 obsequitur.
2652 4857 2782 4914 Odit
2810 4856 2959 4913 illam
2986 4855 3087 4925 qui
3116 4869 3283 4910 noxia
3311 4854 3562 4910 suadenti
3597 4871 3716 4910 non

425 4951 578 5004 ἐστιν
598 4951 627 5004 6
658 4948 733 5020 μὴ
767 4947 934 5002 εἴκων
960 4947 1100 5019 αὐτῇ
1133 4945 1203 5000 τὰ
1237 4945 1550 5016 βλάπτοντα
1581 4946 1906 5019 κελευούσῃ.
1955 4946 1996 5003 ’ί

2121 4953 2490 5024 obtemperat.
2521 4951 2619 5007 llle
2642 4964 2775 5005 vero
2792 4950 2887 5019 qui
2908 4948 3197 5018 plusquam
3222 4955 3443 5017 oportet
3468 4947 3719 5001 animam

422 5045 485 5098 δὲ
536 5044 713 5097 θέλων
762 5040 938 5095 σῶσαι
983 5040 1155 5111 αὐτήν
1202 5040 1352 5093 ἐστιν
1387 5041 1416 5092 6
1465 5038 1569 5109 τὴν
1609 5039 1762 5112 παρὰ
1806 5038 1867 5093 τὸ
1897 5040 1996 5095 δέος

2127 5061 2283 5103 suam
2306 5061 2374 5102 ex
2391 5043 2654 5117 periculis
2666 5042 2880 5099 salvere
2896 5039 3113 5104 nititur,
3128 5038 3326 5110 perdet
3346 5054 3488 5094 eam.
3507 5038 3716 5105 Quem-

426 5136 708 5210 σωτηρίαν
737 5135 838 5205 τὴν
868 5136 932 5188 ἐκ
957 5132 1068 5188 τῶν
1103 5131 1367 5186 κινδύνων
1389 5132 1680 5202 διαφυγεῖν
1708 5132 1995 5204 ἐφιέμενος

2130 5138 2429 5195 admodum
2498 5137 2679 5195 etiam’
2723 5141 2958 5193 mortem
3026 5147 3128 5202 pro
3184 5131 3304 5202 ipso
3346 5131 3403 5186 in
3451 5131 3725 5202 periculis

426 5222 584 5293 οὗτος
614 5228 889 5281 ἀπολέσει
919 5225 1113 5297 αὑτήν·
1150 5224 1341 5295 ὥσπερ
1387 5224 1557 5278 αὐτοῦ
1605 5226 1664 5279 ἐν
1692 5228 1808 5290 τοῖς
1838 5226 2019 5280 κινδύ-

427 5336 548 5382 νοις
576 5317 873 5390 γινομένην
895 5315 1177 5372 ἀπὼλειαν
1214 5315 1493 5386 σωτηρίαν
1521 5316 1831 5386 ὠνόμασεν.
1869 5336 1889 5369 ι
1916 5312 2024 5373 Οὗ-

427 5428 524 5477 τος
540 5411 671 5483 γὰρ,
694 5411 889 5483 φησὶν,
915 5409 1210 5481 εὐρίσκειί
1242 5408 1417 5480 αὐτὴν
1450 5410 1533 5474 εἰς
1554 5409 1701 5473 ζωὴν
1727 5409 1967 5465 αἰώνιον.
1997 5431 2016 5464 ι

2710 4648 3118 4706 RESPONSIO.

2130 5230 2363 5295 obitam,
2399 5229 2635 5285 salutem
2673 5235 2854 5282 vocat.
2887 5244 2905 5277 ι
2926 5223 3028 5280 Hic
3058 5221 3230 5288 enim,
3251 5221 3720 5294 inquit,inveniet

2130 5337 2254 5377 eam
2286 5320 2341 5377 in
2361 5321 2532 5379 vitam
2565 5328 2826 5379 sternam
2850 5317 2915 5371 ³⁸.
2945 5335 2964 5369 ι

508 5571 555 5603 ’⁸
581 5571 716 5627 Luc.
741 5587 891 5633 mu,
925 5572 980 5625 5.
1051 5570 1139 5626 ’⁸1
1170 5570 1318 5626 Petr.
1347 5585 1399 5632 v,
1423 5567 1476 5631 8,
1521 5568 1575 5623 9.
1653 5569 1701 5601 “
1735 5569 1870 5624 Luc.
1891 5587 2042 5637 xvm,
2062 5574 2115 5629 ι.

435 5639 477 5653 ..
501 5571 555 5653 ,Ἴ
581 5571 716 5653 Ll'f'
741 5587 899 5653 ‘1'").
924 5572 980 5653 .5:
1051 5570 1139 5653 ’Π
1162 5570 1318 5653 Peli“
1347 5585 1399 5632 Vo
1521 5568 1575 5623 9.
1595 5569 1701 5653 η’]
1735 5569 1870 5624 Luc.
1891 5587 1996 5625 xvu

2082 5575 2115 5629 i.
2164 5573 2464 5653 __"’__l_'l_'im.
2495 5590 2532 5640 ι,
2561 5574 2613 5629 9.
2692 5574 2736 5607 ’³
2771 5572 2905 5627 Luc.
2945 5586 3078 5640 xm,
3107 5571 3197 5629 '56.
3277 5572 3321 5605 ²⁹
3352 5570 3488 5627 ibid.
3511 5571 3601 5627 57.
3675 5567 3729 5602 ³ο

436 5642 577 5698 ibid.
617 5642 710 5697 58.

784 5644 826 5674 "
865 5641 1000 5696 ibid.
1078 5642 1123 5675 "
1155 5641 1314 5697 Joan.
1340 5655 1398 5702 II,
1427 5639 1516 5694 i9.
1593 5638 1638 5671 ³³
1661 5638 1821 5694 Joan.
1865 5656 1960 5707 xu,
1993 5642 2084 5699 25.
2162 5645 2208 5677 ⁸⁵
2244 5645 2378 5700 ibid.

1737 5803 1970 5860 VARIA‘Z
2008 5804 2412 5862 LECTIONES.

514 5931 537 5955 λι
562 5921 870 5971 καταπιεῖν.
956 5919 981 5958 b
1005 5918 1222 5989 δικαίῳ.
1306 5929 1327 5956 ί·
1357 5920 1495 5989 μετὰ
1534 5918 1728 5974 ταῦτα.
1804 5918 2087 5989 δεύρήσει.
