4056 6474
1569 413 1622 462 5.

365 413 465 478 8οἸ
702 529 1264 642 QUIESTIO
1336 533 1622 622 CLII.

365 683 636 752 Quomodo
667 679 1016 752 intelligenda
1050 681 1118 733 sit
1163 679 1428 752 triduano
1455 675 1755 748 sepultura,
1782 684 1829 728 ct
1863 690 1944 726 rc-

872 751 1132 805 surrcctio
1180 748 1378 803 Christi
1407 749 1432 800 .9

685 862 781 917 EX
837 860 1108 918 SEVERO
1161 858 1620 914 ANTIOCHENO.

433 955 754 1024 Quemlihet
795 953 940 1008 diem
1000 969 1030 1006 a
1075 966 1303 1021 vespera
1347 950 1694 1020 computare,
1729 957 1787 1004 et
1817 947 1943 1002 cum

363 1047 710 1117 praecedente
735 1053 899 1100 nocte
952 1059 1052 1098 ceu
1083 1057 1252 1097 unum
1283 1042 1542 1112 copulare
1564 1041 1826 1096 solemus.
1854 1038 1944 1094 Sic

363 1139 512 1195 enim
545 1147 603 1192 et
643 1137 874 1208 Moyses,
907 1149 1030 1188 cum
1065 1135 1118 1188 in
1163 1133 1350 1187 Exodo
1380 1132 1736 1186 caarcmonias
1779 1131 1942 1204 537

363 1229 589 1285 Pascha:
623 1237 682 1284 et
731 1228 1062 1297 Atymorum
1115 1223 1518 1278 solemnitatem
1573 1223 1937 1289 describeret,

363 1320 502 1375 dixit
533 1337 548 1372 :
587 1337 606 1369 ι
639 1318 939 1387 Incipiente
966 1323 1160 1385 quarta
1191 1315 1402 1370 decima
1427 1315 1516 1369 die
1545 1316 1706 1386 primi
1738 1316 1942 1372 mensis

363 1425 396 1463 a
425 1423 672 1478 vespera,
697 1405 998 1461 comedetis
1025 1419 1196 1474 panes
1215 1403 1511 1474 azymos“.
1545 1421 1563 1454 ι
1587 1402 1687 1458 Ubi
1723 1401 1939 1457 initium

361 1498 648 1568 sequentis
685 1497 794 1552 diei
825 1495 895 1550 ab
923 1503 1240 1566 antegressa
1269 1509 1496 1564 vespera
1533 1493 1864 1558 numeravit,
1885 1500 1942 1548 et

361 1590 704 1646 vacationem
735 1603 765 1642 a
795 1587 1076 1642 laboribus
1108 1586 1166 1641 in
1213 1586 1453 1642 Sabbato
1502 1585 1576 1640 ita
1627 1585 1938 1654 descripsit,

361 1689 428 1734 ut
470 1687 528 1734 et
581 1679 928 1747 praecedente
988 1687 1174 1742 nocte,
1227 1685 1284 1732 et
1322 1675 1572 1746 sequenti
1631 1675 1720 1730 die
1763 1677 1940 1730 otium

361 1779 611 1841 agerent.
673 1770 866 1824 Testes
927 1768 999 1824 do
1044 1769 1284 1832 Iud-mos,
1337 1767 1431 1837 qui
1505 1782 1681 1836 usque
1726 1767 1780 1820 in
1835 1767 1938 1821 ho:-

1569 404 1629 462 s.
1670 355 2070 460 ANASTASII
2112 399 2442 463 SINAlT/E

1971 517 2021 572 Δ

3521 395 3628 458 803

2387 537 2917 622 ΕΡΩΤΗΣΙΣ
2981 538 3224 620 ΡΝΒέ

2051 676 2184 744 Πῶς
2212 675 2468 746 νοητέον
2495 674 2612 743 τὴν
2639 675 2748 760 τ.οῆ
2779 675 3004 760 Ῑςυριόυ
3038 673 3352 745 τριήμερον
3410 669 3630 743 ταφὴν,
3717 753 3726 760 _

2582 746 2680 798 καὶ
2717 745 3088 808 ἁνάστασινξ

2226 853 2600 908 ΑΠΟΚΡῘΣΙΣ
2638 851 2956 905 ΣΕΒΗΡΟΥ
2992 850 3430 906 ΑΝΤΙΟΧΕΙΛΣ.

2134 947 2408 1017 Ἐκάστην
2429 947 2642 1018 ἡμέραν
2663 944 2756 1014 ἀφ’
2785 946 3024 1014 ἑσπέρας
3055 942 3310 1014 ἀριθμεῖν
3333 943 3630 1016 εἰώθαμεν,

2053 1043 2148 1096 καὶ
2187 1041 2326 1112 μετὰ
2349 1041 2447 1110 τῆς
2483 1037 2866 1109 προλαϐούσης
2894 1036 3090 1100 νυκτὸς
3123 1039 3200 1100 εἰς
3219 1036 3286 1090 ’ἓν
3314 1038 3629 1095 συνάπτειν.

2057 1134 2216 1188 Οὕτω
2271 1133 2382 1202 γὰρ
2417 1131 2510 1185 καὶ
2560 1133 2618 1182 ἐν
2651 1132 2716 1201 τῇ
2756 1129 2922 1198 ἐξόδῳ
2951 1127 3012 1180 τὸ
3041 1129 3236 1197 Πάσχα
3268 1131 3362 1183 καὶ
3395 1129 3495 1202 τὴν
3524 1133 3632 1185 τῶν

2050 1227 2307 1296 ’Λζύμων
2339 1223 2534 1294 ἑορτὴν
2577 1223 2996 1292 διαταττόμενος
3035 1223 3062 1274 ὁ
3099 1221 3345 1290 Μωῦσῆς
3389 1221 3628 1294 ἔφησεν·

2057 1339 2076 1372 ι
2117 1317 2455 1388 Ἀρχομένης
2487 1315 2590 1384 τῆς
2645 1313 3252 1384 τεσσαρεσκαιδεκάτης
3278 1313 3373 1366 τοῦ
3411 1314 3630 1386 πρώτου

2053 1409 2244 1480 μηνὸς.
2271 1407 2360 1475 ἀφ’
2389 1405 2631 1476 ἑσπέρας
2675 1404 2858 1458 ἔθεσθε
2894 1404 3099 1474 ἄζυμα,
3145 1423 3164 1454 ι
3202 1405 3296 1458 καὶ
3330 1404 3428 1476 τὴν
3455 1405 3631 1476 ἀρχὴν

2054 1501 2156 1570 τῆς
2215 1499 2346 1569 ἑξῆς
2381 1497 2592 1569 ἡμέρας
2643 1495 2750 1550 ἀπὸ
2785 1497 2884 1564 τῆς
2941 1493 3322 1566 προλαεούσης
3371 1493 3630 1568 ἡμέραςο

1986 1575 2008 1597 ’⁵
2051 1591 2352 1663 ἠρίθμησε,
2408 1590 2500 1642 καὶ
2548 1586 2642 1640 τοῦ
2676 1586 2952 1640 Σαϐὃάτου
2981 1587 3038 1639 δὲ
3091 1587 3190 1654 τὴν
3243 1585 3443 1658 ἀργίαν
3488 1587 3630 1641 οὕτω

2051 1683 2394 1753 παρέδωκεν,
2429 1679 2572 1734 ὥστε
2605 1665 2705 1749 τὴν
2738 1678 3118 1752 προλαϐοῦσαν
3149 1678 3344 1744 νύκτα,
3389 1680 3484 1733 καὶ
3531 1681 3630 1750 τὴν

2049 1776 2246 1845 ἐφεξῆς
2277 1773 2488 1846 ἡμέραν
2521 1771 2718 1842 σχολὴν
2748 1766 2922 1848 ἆγε-ινδ
2954 1771 3049 1822 καὶ
3076 1770 3330 1840 δηλοῦσιν
3369 1770 3628 1837 Ἰουδαῖοι,

361 1863 622 1917 diernum
663 1860 812 1916 diem
847 1859 900 1913 id
938 1859 1253 1924 observant,
1283 1858 1489 1928 quippe
1522 1857 1617 1926 qui
1649 1873 1760 1912 non
1795 1857 1936 1912 illam

2051 1865 2214 1935 μέχρι
2255 1864 2352 1917 καὶ⁸
2397 1863 2639 1933 τήμερον
2678 1859 2838 1912 τοῦτο
2885 1860 3268 1928 φυλάττοντες,
3299 1861 3393 1914 καὶ
3429 1862 3489 1914 οὐ
3533 1860 3630 1932 τὴν

359 1963 580 2009 noctem
608 1969 730 2022 qua:
757 1951 1056 2008 Sabbatum
1089 1950 1472 2020 subsequitur,
1507 1951 1603 2006 sed
1643 1951 1789 2005 illam
1821 1965 1944 2020 quae

360 2044 765 2125 antegreditur,
791 2044 1098 2098 cessatione
1141 2042 1210 2096 ab
1249 2041 1514 2111 operibus
1551 2049 1607 2096 et
1636 2041 1822 2111 quiete
1851 2057 1944 2096 co-

358 2138 502 2192 lunt.
551 2137 622 2190 Et
660 2151 762 2190 nos
797 2135 852 2190 in
884 2135 1273 2191 observatione
1315 2134 1591 2189 Dominiei
1638 2134 1770 2200 diei,
1799 2149 1940 2204 pra:-

359 2229 646 2284 cedentem
697 2236 942 2293 noctem,
989 2236 1249 2297 tanquam
1281 2241 1408 2282 cum
1455 2225 1547 2280 die
1603 2226 1938 2294 copulatam,

356 2331 416 2377 et
460 2338 569 2376 non
621 2329 943 2391 sequentem
994 2328 1212 2373 noctem
1259 2331 1608 2372 veneramur.
1644 2315 1942 2382 Quodlibet

358 2414 507 2470 enim
549 2415 729 2468 noctis
755 2411 979 2480 dieique
1012 2410 1362 2464 intervallum
1387 2417 1494 2465 est.
1533 2417 1592 2462 ut
1620 2409 1695 2463 ita
1725 2408 1939 2478 loquar,

359 2521 531 2560 unum
577 2520 799 2574 corpus,
853 2514 910 2559 et
949 2502 1220 2572 quidquid
1261 2501 1464 2571 aliquis
1513 2499 1679 2555 iaciat
1719 2500 1829 2554 illis
1861 2499 1943 2553 vi-

359 2597 498 2668 ginti
545 2603 786 2666 quatuor
830 2595 1005 2655 horis,
1064 2595 1119 2649 id
1169 2594 1264 2648 illo
1305 2592 1396 2648 die
1455 2591 1654 2648 fecisse
1715 2591 1936 2647 dicitur.

359 2687 610 2758 Exempli
657 2685 853 2756 gratia,
904 2701 1030 2740 cum
1078 2687 1224 2756 quis,
1255 2684 1470 2740 modica
1494 2684 1941 2755 peregrinatione

362 2780 541 2843 ﬁnita,
595 2781 651 2834 in
687 2780 921 2851 patriam
961 2780 1048 2834 vel
1099 2779 1376 2833 civitatem
1428 2793 1582 2832 suam
1614 2777 1938 2842 revertitur,

361 2873 480 2928 sive
517 2872 780 2937 secunda,
817 2870 934 2926 sive
983 2871 1142 2924 tertia
1167 2868 1637 2925 hcbdomadisdie
1656 2879 1752 2924 aut
1780 2869 1937 2934 hora,

360 2981 556 3020 omnes
587 2965 784 3020 dicunt
809 2964 958 3019 hunc
996 2963 1236 3018 secunda
1261 2964 1348 3017 vel
1379 2964 1536 3019 tertia
1563 2962 1656 3020 die,
1683 2963 1936 3029 rediisse,

362 3064 641 3127 totamque
670 3056 816 3111 diem
839 3071 960 3127 qua:
990 3063 1074 3110 est
1100 3071 1207 3110 una
1233 3072 1356 3112 cum
1385 3055 1729 3127 praecedente
1753 3066 1935 3122 nocte,

361 3149 794 3220 peregrinationi
840 3150 959 3220 ejus
1005 3148 1296 3218 deputant.

429 3325 659 3397 Oportet
707 3325 873 3398 igitur
919 3339 1021 3380 nos
1063 3333 1280 3395 tempus
1329 3324 1596 3380 triduana:
1640 3323 1942 3396 sepultum

360 3418 650 3472 desnmcre
683 3417 752 3471 ab
780 3432 846 3471 eo
879 3425 1122 3486 tempore
1153 3432 1262 3486 quo
1294 3415 1614 3472 incarnatus
1638 3416 1735 3472 Dei
1770 3417 1941 3472 Filius

360 3507 428 3562 ad
465 3507 668 3562 inferos
708 3507 994 3562 descendit
1027 3523 1040 3558 :
1071 3505 1274 3560 abhinc
1308 3505 1458 3560 enim
1504 3522 1635 3562 vere
1667 3515 1724 3562 et
1759 3507 1939 3576 reipsa

360 3600 416 3654 in
443 3599 606 3654 corde
636 3609 792 3652 terra:
828 3597 1057 3652 exstitit.
1090 3599 1160 3652 At
1187 3613 1322 3653 vero
1349 3597 1403 3652 in
1430 3598 1596 3653 corde
1627 3612 1787 3654 terrae
1813 3597 1936 3664 fuit,

359 3698 648 3761 postquam
681 3690 734 3744 in
763 3705 926 3745 cruce
951 3689 1281 3760 exspiravit;
1311 3697 1441 3745 tunc
1467 3692 1616 3746 enim
1656 3710 1674 3741 ι
1712 3689 1940 3745 descen-

347 3783 441 3837 ‘llit
473 3783 527 3836 in
557 3782 845 3836 inferiores
875 3789 1060 3850 partes
1091 3791 1250 3836 terra:
1280 3782 1347 3848 ³⁸,
1381 3801 1398 3833 ο
1436 3789 1494 3836 ut
1521 3783 1598 3837 ait
1622 3781 1934 3852 Apostolus.

359 3875 529 3945 Igitur
575 3876 645 3930 ab
685 3875 982 3930 emissione
1023 3874 1252 3944 spiritus
1292 3875 1648 3930 nmnerandae
1685 3887 1794 3932 tres
1833 3877 1939 3931 illae

357 3965 476 4019 dies
506 3973 562 4018 et
605 3971 816 4019 noctes.
864 3964 1038 4018 Porro
1080 3963 1338 4034 spiritum
1384 3964 1568 4018 emisit
1611 3964 1744 4020 hora
1793 3966 1936 4019 n'oua

357 4055 706 4119 Parasccves,
741 4054 952 4108 relictis
989 4053 1171 4108 adhuc
1213 4069 1279 4106 ex
1312 4053 1402 4108 illa
1429 4053 1518 4108 die
1549 4054 1726 4109 tribus
1763 4055 1933 4109 horis.

357 4145 496 4212 Quia
529 4146 692 4217 igitur
715 4147 1018 4200 Parasccve
1054 4161 1179 4200 cum
1225 4154 1538 4216 antegressa
1580 4155 1739 4201 nocte
1769 4163 1938 4217 copu—

357 4237 522 4301 latur,
571 4237 872 4292 secundum
921 4237 1375 4292 consuetudinem
1417 4253 1448 4291 a
1497 4239 1668 4292 sacris
1707 4239 1937 4294 Litteris

359 4327 636 4391 traditam,
663 4336 830 4382 totam
860 4328 1190 4383 Parasccves
1219 4326 1366 4381 diem
1405 4335 1458 4382 et
1491 4337 1708 4383 noctem
1747 4330 1936 4384 Domi-

357 4433 487 4470 num
523 4417 577 4470 in
621 4417 786 4473 corde
811 4425 974 4472 terrae
997 4418 1274 4487 peregisse
1307 4417 1630 4488 cogitamus.
1665 4419 1935 4489 Deinceps

356 4516 482 4575 post
515 4507 664 4584 'solis
711 4523 966 4562 occasum
1019 4507 1310 4562 inchoatur
1371 4507 1670 4563 Sabbatum
1725 4517 1780 4564 et
1827 4527 1932 4564 nox

2054 1957 2192 2026 μετὰ
2249 1955 2310 2008 τὸ
2364 1952 2662 2016 Σαϐϐατον,
2713 1951 2848 2005 ἀλλὰ
2899 1952 2998 2021 τὴν
3053 1952 3160 2022 πρὸ
3211 1951 3302 2005 τοῦ
3351 1953 3629 2007 Σαϐὄάτου

2049 2047 2220 2101 νύκτα
2253 2047 2317 2116 τῇ
2353 2047 2521 2116 ἀργίᾳ
2576 2046 2670 2098 καὶ
2703 2047 2768 2114 τῇ
2799 2043 2960 2114 σχολῇ
2986 2044 3280 2112 τιμῶντες.
3323 2045 3432 2096 Καὶ
3461 2046 3628 2112 ἡμεῖς

2048 2139 2103 2192 δὲ
2137 2138 2237 2208 τὴν
2261 2139 2400 2190 κατᾶ
2447 2137 2548 2206 τὴν
2593 2136 2879 2206 Ιίυριακὴν
2915 2136 3150 2206 ἡμέραν,
3181 2134 3280 2206 τὴν
3320 2134 3630 2206 προλαεοῦἑ

2051 2247 2148 2282 σαν
2174 2227 2344 2280 νύκτα
2379 2227 2654 2296 τιμῶμεν,
2687 2226 2760 2288 ὡς
2787 2229 2852 2297 τῇ
2886 2212 3075 2298 ἡμέρα
3100 2229 3166 2297 τῇ
3206 2229 3302 2298 μιᾷ
3356 2244 3626 2281 συναπτο.

2051 2319 2250 2388 μένην,
2305 2317 2399 2370 καὶ
2461 2316 2522 2367 ού
2578 2315 2676 2386 τὴν
2719 2315 2920 2384 ἐφεξῆς
2967 2317 3159 2369 νύκτα.
3206 2317 3466 2370 Ἐκάο⁴τσυ
3517 2318 3624 2389 γὰρ

2049 2406 2396 2476 νυχθήμερον
2425 2405 2506 2469 ἓν,
2555 2403 2628 2468 ὡς
2675 2405 2741 2458 ἄν
2778 2423 2862 2468 τις
2905 2405 3036 2476 εἴπῃ
3066 2403 3111 2470 ί,
3151 2406 3311 2477 σῶμά
3354 2409 3490 2468 ἐστι,
3527 2411 3621 2462 καὶ

2046 2498 2182 2566 ὅπερ
2210 2496 2274 2550 ἄν
2298 2513 2381 2558 τις
2405 2497 2608 2568 ποιήσῃ
2629 2499 2684 2549 ἐν
2713 2496 2810 2566 μιᾷ
2838 2495 2945 2548 τῶν
2959 2497 3412 2568 εἰκοσιτεσσάρων
3439 2497 3620 2569 ὡρῶν,

2048 2590 2233 2659 ἐκείνῃ
2259 2592 2325 2659 τῇ
2348 2588 2531 2660 ἡμέρᾳ
2561 2590 2710 2659 πάσῃ
2737 2589 2956 2657 λέγεται
2988 2592 3330 2660 πεπραχέναι
3359 2593 3420 2644 τὸ
3452 2595 3628 2663 πρᾶγ·

2050 2701 2148 2754 μα.
2185 2679 2312 2736 Οίον
2359 2682 2488 2735 ὃταν
2520 2699 2602 2745 τις
2633 2680 2834 2752 μικρὰν
2883 2683 3202 2753 ἀποδημίαν
3248 2684 3622 2755 στειλάμενος,

2047 2777 2126 2835 εἰς
2159 2773 2257 2843 τὴν
2293 2771 2430 2826 ἰδίαν
2459 2772 2842 2842 ἐπιστρέψοιεν
2882 2774 3114 2841 πατρίδα
3145 2774 3240 2827 καὶ
3272 2775 3450 2841 πόλιν,
3491 2774 3523 2846 ἡ
3569 2777 3626 2829 ὲν

2045 2867 2112 2934 τῇ
2170 2863 2422 2934 δευτέρᾳ,
2466 2863 2499 2933 ἡ
2547 2865 2613 2933 τῇ
2655 2863 2810 2933 τρίτη
2852 2863 2948 2931 τῆς
3001 2865 3296 2932 ἐεδομόδις
3341 2865 3544 2936 ἡμέρα,
3591 2868 3623 2936 ἢ

2045 2955 2185 3029 ὥρα,
2226 2953 2732 3023 πάντεςκλέγουσιν,
2763 2953 2838 3018 ὡς
2875 2949 2930 3006 ⁵0
2958 2954 3105 3006 δεῖνα
3135 2957 3199 3026 τῇ
3225 2955 3456 3026 δευτέρᾳ
3489 2974 3623 3027 παρ-

2047 3049 2354 3118 εείένετο,ἢ
2393 3050 2457 3118 τῇ
2505 3046 2700 3118 τρίτη·
2743 3046 2836 3098 καὶ
2882 3046 2980 3115 τὴν
3005 3048 3185 3100 πᾶσαν
3233 3046 3470 3118 ἡμέραν,
3503 3047 3620 3116 ἥτις

2045 3140 2164 3193 ἐστὶ
2203 3139 2298 3210 μία
2331 3139 2472 3208 μετὰ
2509 3139 2608 3206 τῆς
2640 3137 3020 3210 προλαεούσης
3055 3137 3266 3203 νυκτὸς,
3295 3138 3392 3208 τὴν
3437 3138 3624 3208 ἐπιδηο

1967 3225 2008 3280 C
2043 3230 2174 3300 μίαν
2205 3229 2372 3282 αὑτοῦ
2405 3227 2878 3298 προσλογίζονται.

2115 3321 2234 3392 Χρὴ
2291 3316 2383 3372 οὖν
2429 3321 2638 3372 ἐκεῖνον
2683 3319 2774 3372 τὸν
2819 3320 3010 3390 καιρὸν
3047 3321 3194 3390 ἡμᾶς
3242 3323 3468 3375 σκοπεῖν
3522 3321 3622 3392 τῆς

2040 3413 2342 3483 τριημέρου
2375 3413 2576 3480 ταφῆς,
2611 3410 2707 3480 τῆς
2740 3411 2822 3474 εἰς
2858 3412 2948 3464 τὸν
2981 3413 3114 3483 ᾅδην
3144 3415 3501 3478 καταϐάσεως
3527 3414 3621 3468 τοῦ

2044 3502 2423 3572 σαρκωθέντος
2457 3500 2592 3553 Θεοῦ
2627 3501 2831 3568 Λόγουο
2873 3503 2933 3566 ἐξ
2963 3496 3024 3557 οὗ
3059 3505 3199 3558 κατὰ
3230 3505 3490 3577 ἀλήθειαν
3523 3507 3620 3576 γέ-

2041 3613 2198 3664 γονεν
2228 3597 2285 3648 ὲν
2329 3598 2392 3666 τῇ
2430 3595 2628 3665 καρδίᾳ
2670 3595 2770 3664 τῆς
2805 3595 2930 3664 γῆς.
2983 3597 3174 3665 Γέγονε
3225 3597 3282 3650 δὲ
3342 3599 3484 3668 μετὰ
3522 3598 3620 3672 τὴν

2040 3691 2338 3744 ἕκπνευσιν
2393 3706 2410 3739 ι
2461 3688 2712 3750 καταϐὰς
2756 3690 2836 3750 εἰς
2887 3687 2956 3740 τὰ
3002 3689 3290 3762 κατώτερα
3333 3692 3472 3762 μέρη
3519 3689 3620 3762 τῆς

2039 3783 2164 3851 γῆς,
2186 3800 2203 3831 ι
2249 3780 2324 3844 ὥς
2357 3797 2522 3848 φησιν
2555 3781 2584 3831 ὁ
2633 3778 2984 3843 Ἀπόστολος.
3021 3779 3156 3833 Ἀπὸ
3192 3782 3256 3834 ἐκ
3288 3783 3568 3845 πνεύσεως
3593 3785 3618 3822 ε

2038 3876 2222 3926 τοίνυν
2252 3871 2586 3942 ὰριΟμητέον
2619 3870 2686 3922 τὰ
2729 3871 2854 3940 τρία
2887 3871 3210 3942 νυχθήμερα
3235 3889 3248 3904 ο
3282 3875 3470 3941 γέγονε
3494 3874 3550 3927 δὲ
3586 3875 3618 3944 ἡ

2039 3965 2336 4026 ἕκπνευσις
2368 3965 2426 4014 ὲν
2453 3965 2519 4033 τῇ
2551 3963 2746 4034 ἐννάτῃ
2793 3961 2914 4034 ὥρα
2957 3963 3057 4033 τῆς
3090 3965 3474 4035 Παρασκευῆς,
3511 3965 3619 4018 λει-

2039 4061 2292 4130 πομένων
2326 4058 2436 4110 τῶν
2473 4058 2644 4127 τριῶν
2681 4057 2840 4128 ὡρῶν
2886 4057 2990 4127 τῆς
3037 4058 3273 4128 ἡμέρας.
3321 4059 3474 4112 Ἐπεὶ
3525 4055 3617 4112 οὖν

2036 4154 2069 4222 ἡ
2097 4149 2432 4220 Παρασκευὴ
2462 4151 2526 4218 τῇ
2553 4148 2903 4220 προλαϐούσῃ
2934 4150 3090 4202 νυκτὶ
3115 4149 3448 4203 συνάπτεται
3477 4149 3618 4203 κατὰ

2037 4245 2137 4314 τὴν
2164 4245 2221 4296 ἐν
2262 4245 2327 4312 τῇ
2366 4243 2560 4312 Γραφῇ
2603 4241 3056 4312 παραδεδομένην
3085 4242 3400 4312 συνήθειαν,
3438 4244 3618 4295 πᾶσαν

2036 4335 2136 4404 τὴν
2177 4335 2274 4402 τῆς
2305 4331 2668 4403 Παρασκευῆς
2697 4333 2914 4402 ἡμέραν
2942 4333 3036 4387 καὶΙ
3087 4335 3260 4386 νύκτα
3293 4331 3618 4403 λογιζόμεθα

2035 4427 2128 4478 τὸν
2157 4426 2362 4496 Κύριον
2396 4427 2455 4477 ὲν
2483 4427 2548 4492 τῇ
2579 4423 2782 4494 καρδίᾳ
2812 4424 2912 4492 τῆς
2937 4425 3041 4495 γῆς
3076 4425 3460 4494 πεποιηκέναι.
3494 4427 3618 4478 Λοι-

2037 4518 2138 4570 πον
2167 4517 2224 4568 δὲ
2253 4517 2397 4587 μετὰ
2430 4515 2528 4588 τὴν
2559 4517 2654 4569 τοῦ
2679 4516 2832 4588 ἡλίου
2868 4516 3020 4569 δύσιν
3050 4517 3226 4587 ἀρχὴν
3255 4516 3525 4586 λαμϐάνει
3557 4519 3619 4570 τὸ

354 4579 700 4665 ο]ιιε.ἰιυοηι
734 4595 908 4650 Judaei
944 4612 1163 4666 quoque
1199 4597 1451 4668 religiose
1477 4598 1791 4654 observant.
1820 4599 1932 4655 Hac

2043 4579 2350 4674 Σάϐϐατον,
2389 4579 2496 4663 καὶ⁷
2519 4610 2553 4680 ἡ
2589 4579 2754 4662 αὐτοῦ
2803 4608 2900 4674 νὺξ
2931 4579 3354 4680 παραλαμϐάνει
3391 4611 3450 4662 τὸ
3480 4611 3618 4664 Σάϐ-

355 4688 469 4741 sola
507 4689 642 4758 (tota
673 4697 728 4742 et
759 4688 989 4760 integra)
1021 4703 1144 4742 cum
1185 4688 1555 4760 subsequente
1581 4691 1670 4746 die
1701 4691 1756 4744 in
1796 4692 1934 4748 locis

353 4779 729 4834 subterraneis
774 4779 1038 4834 Dominus
1089 4789 1338 4836 versatus
1377 4789 1482 4836 est.
1531 4783 1760 4838 Peracto
1797 4783 1934 4839 Sab-

349 4869 496 4934 bato,
531 4880 588 4926 et
616 4887 716 4941 per
753 4872 884 4927 solis
924 4887 1180 4927 occasum
1211 4874 1449 4943 expleto,
1486 4876 1655 4945 erepit
1683 4892 1792 4930 nox
1821 4877 1930 4933 dici

353 4962 665 5027 Dominicze,
697 4964 785 5018 cui
814 4963 964 5039 nocti
1002 4979 1240 5034 sequens
1265 4965 1386 5020 dies
1427 4981 1494 5020 ex
1527 4970 1928 5024 consuetudine

351 5053 647 5124 Scriptum
689 5064 1092 5124 consequenter
1131 5054 1548 5111 adnumeratur.
1597 5058 1676 5112 Ita
1711 5059 1926 5114 videbi-

351 5161 472 5198 mus
505 5145 794 5200 Dominum
823 5147 879 5201 in
903 5147 1166 5201 noetiduo
1199 5147 1498 5204 Dominicaa
1523 5165 1554 5204 a
1578 5150 1811 5206 mortuis
1843 5168 1931 5207 rc—

349 5236 652 5290 surrexisse
683 5254 696 5290 :
723 5254 848 5292 nam
872 5239 965 5308 qui
995 5248 1204 5308 partem
1242 5241 1390 5296 illius
1409 5243 1654 5296 noctidui
1684 5244 1736 5297 in
1761 5244 1925 5301 corde

352 5334 511 5381 terra:
533 5330 766 5398 peregit.
791 5338 965 5384 totum
991 5330 1066 5385 ibi
1094 5333 1370 5402 peregisse
1393 5343 1651 5388 censetur
1676 5353 1688 5386 :
1718 5351 1746 5389 a
1768 5345 1924 5404 parte

348 5417 494 5470 enim
531 5426 703 5471 totum
749 5421 1114 5490 cognoscitur.
1145 5421 1491 5492 Quapropter
1528 5423 1582 5477 in
1625 5425 1923 5482 Parasceve

2036 4701 2221 4754 σατον.
2277 4703 2388 4754 Καὶ
2431 4703 2465 4772 ἡ
2515 4701 2683 4754 αὐτοῦ
2726 4700 2844 4764 νὺξ,
2887 4701 2955 4771 ἣν
3011 4701 3103 4754 καὶ
3161 4702 3404 4756 Ἰουδαῖοι
3456 4704 3617 4771 ἁγίαν

2034 4792 2290 4862 τιμῶσιν.
2325 4792 2547 4863 Ταύτην
2574 4789 2668 4846 οὖν
2694 4795 2722 4846 ὁ
2754 4793 2958 4864 Κύριος
2993 4792 3160 4863 μόνην
3193 4793 3331 4862 μετὰ
3360 4796 3460 4865 τῆς
3489 4793 3614 4863 ἑξῆς

2036 4886 2396 4956 συνημμένης
2418 4886 2634 4957 ἡμέρας
2663 4888 2722 4938 ὲν
2767 4889 2881 4950 τοῖς
2914 4885 3290 4957 καταχθονίοις
3321 4887 3611 4958 πεποίηκε.

2035 4975 2143 5032 Τοῦ
2182 4977 2240 5030 δὲ
2285 4977 2566 5038 Σαῦϐἀτου
2605 4977 3012 5048 διαγενομένου,
3065 4980 3161 5032 καὶ
3202 4979 3268 5049 τῇ
3313 4979 3408 5032 τοῦ
3461 4979 3610 5049 ἡλίου
3667 4987 3680 5048 ι

2033 5067 2185 5120 δύσει
2239 5066 2662 5136 περαιωθέντος.
2718 5067 2922 5138 ἡρξατο
2956 5067 3143 5120 λοιπὸν
3173 5069 3206 5136 ἡ
3251 5067 3348 5133 νὺξ
3373 5069 3472 5136 τῆς
3501 5069 3608 5120 Κυ-
3685 5051 3702 5062 ’

2036 5159 2256 5228 ριακῆς.
2290 5157 2370 5228 Τῇ
2399 5157 2455 5211 δὲ
2498 5157 2660 5212 νυκτὶ
2691 5159 2874 5220 πάλιν,
2912 5159 3008 5212 καὶ
3052 5161 3118 5229 τῇ
3155 5158 3358 5230 ἐφεξῆς
3391 5159 3608 5230 ἡμέραθ

2029 5247 2172 5307 κατὰ
2206 5246 2306 5317 τὴν
2351 5247 2522 5318 αὐτῆς
2557 5247 2850 5318 συνήθειαν
2892 5249 2990 5319 τῆς
3025 5249 3268 5320 Γραφῆς,
3301 5245 3615 5308 ἀκολούθως

2029 5339 2434 5410 προλογίζεται.
2458 5341 2562 5394 Καὶ
2583 5341 2938 5411 εὑρεθήσεται
2965 5343 2992 5394 ὁ
3022 5341 3222 5412 Κύριος
3258 5343 3316 5394 ἐν
3340 5339 3604 5412 siit-rotati-

2025 5451 2104 5498 τῳ
2137 5431 2471 5502 νυχθημέρῳ
2520 5433 2620 5501 τῆς
2661 5435 2948 5504 Κυριακῆς
2993 5433 3236 5498 ἀναστὰς
3268 5432 3332 5486 ἐκ
3374 5431 3602 5503 νεκρῶν.

349 5515 679 5576 postremam
703 5509 949 5565 noctidui
973 5521 1179 5582 partem
1204 5513 1257 5566 in
1281 5508 1660 5569 subterraneis
1683 5519 1920 5588 peregit;

2041 5524 2136 5575 Kal
2186 5522 2294 5591 γὰρ
2333 5524 2361 5574 ὁ
2402 5522 2502 5592 τὴν
2545 5522 2722 5594 ἀρχὴν
2760 5519 2854 5575 τοῦ
2896 5521 3241 5595 νυχθημέρου
3283 5525 3516 5594 ποιήσας
3545 5524 3602 5576 ἐν

419 5643 462 5676 ³³
501 5643 675 5701 Exod.
707 5663 802 5711 xu,
854 5648 939 5703 18.
1019 5650 1064 5680 ³⁸
1089 5651 1292 5722 Ενῐιοε-
1341 5667 1414 5717 ’τ’
1440 5651 1494 5706 9'

1652 5721 1881 5778 VM}le
1920 5723 2317 5780 LECTIONES.

375 5847 380 5852 .
429 5805 721 5876 εέσπέρας.
809 5807 822 5845 ί
852 5809 1012 5862 εἴποι.
1094 5812 1118 5849 ε
1143 5809 1358 5864 videtur
1387 5827 1494 5864 una
1535 5827 1637 5864 vox
1669 5812 1720 5866 in
1751 5811 1858 5868 MS.

1941 5816 1966 5856 b
1987 5817 2016 5888 ἡ
2048 5815 2242 5888 ἐφεξῆς
2269 5803 2475 5886 ἡμέρα.
