4056 6506
415 440 525 510 ειτι

1809 438 2324 512 QU/ESTIONES.

3597 440 3706 505 Si’.

411 565 525 634 Τὴν
553 561 724 633 αὐτὴν
771 560 831 614 δὲ
886 558 1110 632 Μαρίαν
1140 557 1242 630 τὴν
1283 557 1656 629 Μαγδαληνὴν
1685 556 2003 626 εἰσάγονται

2128 573 2220 613 ton
2253 557 2452 630 tetigit,
2486 560 2710 630 quando
2739 561 2927 626 ﬂebat,
2961 569 3016 616 et
3051 577 3158 615 non
3193 559 3484 629 credebat;
3533 565 3712 634 tetigit

413 658 490 730 μὴ
519 655 842 726 ἁπτομένην
873 655 1144 726 πρότερον
1169 653 1266 707 τοῦ
1285 653 1519 725 Κυρίου,
1549 652 1640 706 ὅτε
1673 649 1880 714 ἔκλαιε,
1911 651 2006 704 καὶ

411 750 635 822 ἠπίστει
663 765 678 780 ο
720 749 818 804 καὶ
852 749 1172 818 ἁπτομένην
1208 745 1398 811 αὐτοῦ,
1455 748 1545 800 ὅτε
1597 744 1813 817 χαίρειν
1869 742 2009 814 μετὰ

407 843 511 912 τῆς
533 841 706 913 ἄλλης
730 841 954 912 Μαρίας
985 841 1076 894 ὑπ’
1107 839 1272 894 αὑτοῦ
1302 837 1609 893 κελεύεται.
1657 838 1876 908 Ἐπειδή
1899 836 2008 909 γὰρ

407 935 484 998 ὡς
516 933 652 987 Θεὸν
709 932 874 986 αὐτὸν
921 930 1303 1001 προσεκύνησε
1339 929 1592 1000 ἔσχατον,
1645 929 1744 982 καὶ
1792 927 1892 998 οὐχ
1933 927 2010 988 ὡς

410 1027 725 1098 ἄνθρωπον,
760 1025 836 1088 ὡς
866 1026 1161 1097 πρότερον,
1197 1025 1289 1077 ὅτε
1318 1023 1503 1077 ἔκλαιε
1533 1021 1628 1076 καὶ
1655 1021 1901 1091 ἠπίστει.

483 1120 622 1190 Περὶ
653 1117 711 1172 δὲ
739 1117 836 1172 τοῦ
869 1119 1177 1188 ὲπαπορεῖν
1225 1115 1410 1179 πάλιν,
1448 1121 1565 1178 πῶς
1610 1106 1760 1186 παρὰ
1802 1113 1902 1182 μὲν
1931 1111 2011 1181 τῷ

410 1211 682 1282 Mathqu
720 1212 803 1274 είς
836 1209 936 1280 τὴν
983 1209 1282 1264 Γαλιλαίαν
1311 1197 1625 1278 ὦφθαίτὺν
1658 1206 1866 1278 Κύριον
1897 1209 2010 1270 τοῖς

416 1306 691 1381 μαθηταῖς
723 1308 782 1359 ὲν
807 1305 888 1377 τῷ
913 1306 1056 1372 ὄρει,
1081 1307 1239 1378 παρὰ
1269 1304 1328 1358 δὲ
1358 1302 1438 1374 τῷ
1470 1303 1701 1376 Ἰωάννῃ
1733 1301 1886 1374 παρὰ
1911 1301 2012 1373 τὴν

417 1399 831 1468 θάλασσαν-τῆς
881 1397 1229 1470 Τιϐεριάδος,
1288 1395 1548 1468 ἐροῦμεν,
1597 1395 1682 1454 ὅτι
1733 1395 1795 1448 οὐ
1852 1395 2010 1464 μόνον

418 1493 566 1560 ἅπαξ
599 1494 694 1547 καὶ
722 1493 827 1556 δὶς,
863 1490 1000 1546 ἀλλὰ
1035 1491 1132 1545 καὶ⁹
1157 1489 1424 1553 πολλάκις
1469 1483 1653 1558 ὦφθαι
1696 1487 1886 1542 αὐτόν.
1921 1486 2014 1540 Διὸ

414 1567 687 1657 τετάρτην
716 1585 991 1640 ὀπτασίαν
1023 1585 1125 1638 οὐκ
1157 1582 1223 1638 ἂν
1254 1583 1284 1623 1³
1315 1581 1589 1655 ἁμάρτοις
1617 1582 1718 1652 τὴν
1756 1579 1911 1652 παρὰ
1935 1577 2014 1651 τῷ

415 1679 684 1749 Ματθαίῳ
736 1678 919 1748 φήσας
967 1673 1108 1734 εἶναι
1141 1688 1187 1744 ο,
1230 1675 1297 1746 ἣν
1329 1675 1390 1729 οὐ
1423 1673 1576 1746 παρὰ
1605 1673 1706 1746 τὴν
1732 1672 2014 1727 Θάλασσαν

412 1773 518 1842 τῆς
573 1771 870 1834 Γαλιλαίας
905 1769 954 1844 [Δ
977 1770 1098 1825 οὐδὲ
1131 1773 1246 1834 τοῖς
1271 1768 1656 1841 όπτανομένης
1693 1765 1770 1840 0],
1803 1766 1920 1821 ἀλλ’
1955 1767 2014 1820 ἐν

413 1865 493 1936 τῷ
519 1865 662 1939 ὄρει,
694 1867 808 1928 τοῖς
844 1863 1038 1917 ἕνδεκα
1077 1861 1419 1934 πεποιῆσθαι
1455 1861 1768 1932 ἀνέγραψεν
1797 1861 1826 1914 ὁ
1856 1861 2014 1915 Ματ-

417 1960 570 2022 θαῖος
601 1957 776 2012 εἰπών
805 1973 820 1988 ο
859 1976 879 2010 ι
913 1957 977 2010 Οἱ
1023 1957 1082 2010 δὲ
1127 1955 1324 2010 ἕνδεκα
1357 1942 1604 2026 μαθηταὶ
1630 1953 2015 2026 ἐπορεύθησαν

416 2053 500 2115 εἰς
527 2050 590 2106 τὸ
619 2049 747 2122 ὅρος
777 2045 840 2104 οῦ
870 2047 1100 2114 ἐτάξατο
1133 2047 1318 2111 αὐτοῖς
1342 2047 1372 2100 ὁ
1408 2044 1638 2118 Ἰησοῦς.
1667 2047 1777 2100 Καὶ
1816 2045 2020 2110 ἰδόντες

417 2145 602 2211 αὑτὸν,
661 2141 1106 2216 προσεκύνησαν.
1148 2159 1166 2193 ι
1219 2141 1334 2194 Καὶ
1384 2139 1524 2211 μετὰ
1579 2137 1742 2194 τοῦτο
1795 2139 1899 2193 οὐκ
1951 2137 2019 2194 ἂν

417 2235 690 2307 σφαλείης
720 2233 912 2301 εἰπὼν,
945 2233 1083 2305 ὁμοῦ
1117 2233 1240 2289 κατ’
1269 2231 1404 2286 αὐτὸ
1435 2231 1805 2302 συνηγμένοις
1832 2232 2019 2296 αὐτοῖς

421 2334 537 2394 τοῖς
585 2328 788 2384 ἕνδεκα
837 2326 1110 2398 μαθηταῖς
1158 2326 1280 2396 ἅμα
1315 2326 1414 2384 καὶ
1470 2325 1583 2388 τοῖς
1641 2322 2022 2394 ἑϐδομήκοντα

419 2407 608 2492 ὦφθαι
626 2419 819 2474 αὐτόν.
855 2419 914 2472 '0
938 2417 1343 2481 δὲἈπόστολος
1368 2417 1464 2471 καὶ
1484 2416 1566 2470 ἑτι
1585 2415 1775 2470 τοῦτον
1800 2414 1821 2455 ί
1847 2415 2023 2470 πλείο-

423 2531 513 2567 σιν
547 2512 828 2585 ἑωρᾶσθαι
857 2511 951 2566 τδν
995 2511 1204 2584 Κύριον
1237 2510 1377 2584 μετὰ
1402 2511 1504 2583 τὴν
1537 2510 1838 2565 ἀνάστασιν
1872 2512 2019 2564 ἱστο-

432 2609 520 2678 ρεῖ
549 2606 728 2675 λέγων
751 2623 766 2637 ·
796 2623 816 2657 ι
859 2604 988 2660 Ὅτι
1015 2605 1322 2676 ἐγήγερται
1347 2606 1416 2676 τῇ
1450 2606 1610 2677 τρίτῃ
1658 2603 1846 2674 ἡμέρᾳ
1875 2603 2019 2656 κατὰ

430 2701 535 2762 τὰς
564 2699 784 2770 Γραφάς
807 2715 822 2730 ·
856 2697 950 2752 καὶ
985 2697 1142 2769 ὤφθη
1173 2698 1365 2768 Κηφᾷ,
1403 2695 1598 2750 ἔπειτα
1629 2699 1744 2761 τοῖς
1769 2696 2016 2752 δὼδεκα’

431 2793 622 2845 ἒπειτα
638 2789 790 2863 ὤφθη
817 2791 1006 2848 ἐπάνω
1030 2788 1408 2853 πεντακοσίοις
1428 2789 1683 2860 ἀδελφοῖς
1710 2791 1796 2859 ἐφ’
1814 2789 1981 2856 ἅπαξ.
1997 2809 2015 2842 ι

443 2884 623 2956 Ὁρᾷς,
639 2885 830 2948 ὁσάκις
885 2883 982 2938 καὶ
1009 2884 1158 2946 ὅσοις
1188 2880 1347 2953 ὤφθη
1369 2881 1510 2952 μετὰ
1537 2881 1639 2953 τὴν
1671 2882 1976 2936 ἀνάστασιν
2003 2899 2018 2948 ;

427 2975 586 3031 οὕτω
631 2977 726 3030 καὶ
756 2977 873 3040 τοῖς
905 2976 964 3030 ὲν
997 2975 1362 3046 Ἰερουσαλὴμ
1415 2972 1902 3046 κρυπταξομένοις
1935 2973 2024 3028 διὰ

423 3071 518 3126 τὶν
540 3069 706 3141 φόϐον
731 3071 842 3124 τῶν
871 3067 1146 3124 Ἰουδαίων
1170 3079 1188 3098 σ
1210 3067 1304 3121 καὶ
1334 3065 1441 3138 πρό
1469 3083 1536 3135 γε
1561 3066 1782 3120 πάντων
1808 3065 2024 3136 ἀνδρῶν

424 3165 632 3235 Σίμωνι
661 3161 740 3234 τῷ
768 3161 996 3234 Πέτρῳο
1029 3160 1310 3231 γυναικῶν
1353 3160 1431 3225 δὲ,
1461 3161 1582 3224 ταῖς
1613 3159 1760 3229 ἀμφὶ
1774 3161 1840 3230 τῇ
1871 3161 2026 3228 Μαγ-

2111 659 2322 716 autem,
2352 654 2579 723 quando
2601 671 2728 710 cum
2765 655 2936 710 altera
2989 655 3158 709 Maria
3195 670 3225 708 a
3269 655 3501 712 Domino
3535 657 3714 711 audiit

2111 743 2249 799 illud
2280 763 2292 798 :
2329 763 2346 794 ι
2395 748 2564 802 Areto.
2634 749 2678 779 ⁶¹
2709 765 2723 801 :
2763 769 2780 799 ο
2812 757 2946 802 tunc
2991 747 3255 802 nimirum
3289 747 3512 818 quando
3557 749 3709 802 Illum

2111 837 2364 892 adoravit
2407 839 2688 906 ntDcum,
2727 848 2784 895 et
2815 856 2925 896 non
2951 840 3191 911 amplius
3227 856 3328 911 pro
3360 841 3586 896 homine
3617 841 3716 896 ha-

2113 927 2252 1002 buit,
2301 929 2467 985 sicuti
2497 932 2671 1002 prius.
2701 947 2826 988 cum
2866 931 3024 987 ﬂeret
3066 929 3122 987 et
3165 931 3405 987 necdum
3436 931 3712 990 crederet.

2181 1112 2264 1168 Ad
2297 1113 2703 1170 dubitationem
2751 1113 2924 1183 illam,
2955 1104 3238 1188 quomodo
3281 1115 3428 1188 apud
3461 1125 3715 1172 sanctum

2113 1205 2429 1262 Matthreum
2460 1204 2731 1264 Dominus
2775 1211 3067 1282 discipulis
3096 1197 3359 1282 appareat
3393 1211 3450 1266 in
3492 1210 3716 1267 Galilaza

2114 1297 2169 1352 in
2205 1309 2392 1356 monte
2421 1299 2488 1367 "’,
2532 1301 2681 1372 apud
2725 1302 2995 1358 Joannem
3018 1319 3154 1358 vero
3183 1304 3330 1359 circa
3362 1319 3516 1359 mare
3545 1303 3716 1360 Tibe-

2113 1391 2286 1447 riadis
2313 1394 2387 1460 ⁵³;
2434 1396 2859 1464 respondemus,
2900 1396 3185 1454 Christum
3216 1413 3326 1452 nc'n
3359 1398 3531 1454 semel
3575 1398 3718 1453 dun-
3788 1465 3799 1474 ‘

2118 1493 2298 1553 taxat,
2350 1487 2447 1542 sed
2516 1489 2716 1559 szepius
2765 1490 3109 1560 apparuisse.
3165 1489 3515 1562 Quapropter
3562 1491 3716 1549 haud

2115 1577 2482 1646 aberraveris,
2534 1575 2618 1647 si,~
2646 1597 2812 1652 quam
2863 1583 3153 1640 Matthteus
3199 1593 3410 1652 narrat,
3459 1594 3714 1656 quartam

2117 1672 2521 1742 apparitionem
2569 1689 2692 1730 esse
2725 1683 2958 1742 statuas,
2995 1690 3161 1746 quam
3205 1691 3318 1732 non
3357 1677 3515 1749 juxta
3563 1693 3717 1732 mare
3793 1741 3797 1744 _

2116 1761 2372 1830 Galilaeaa,
2403 1765 2500 1820 sed
2536 1766 2590 1820 in
2622 1776 2812 1822 monte
2845 1768 3104 1824 undecim
3130 1769 3423 1840 discipulis
3448 1770 3718 1827 accidisse
3793 1783 3798 1829 ἶ

2117 1855 2312 1910 scribit
2367 1855 2456 1912 his
2510 1859 2700 1916 verbis
2747 1877 2760 1913 :
2814 1879 2833 1912 ι
2890 1858 3161 1916 Undecim
3217 1869 3403 1918 autem
3456 1861 3717 1933 discipuli

2117 1945 2376 2001 abierunt
2415 1947 2472 2002 in
2509 1947 2812 2013 Galilmam,
2849 1951 2904 2004 in
2938 1958 3186 2007 montem
3217 1967 3382 2022 quem
3415 1953 3722 2010 constitue-

2119 2046 2205 2092 rat
2251 2037 2362 2092 illis
2407 2037 2588 2094 Jesus.
2623 2040 2692 2100 Et
2734 2039 2990 2097 videntes
3018 2057 3145 2096 eum
3187 2041 3561 2099 adoraverunt
3589 2045 3653 2098 “.
3695 2065 3712 2094 ι

2118 2129 2234 2185 Nec
2280 2129 2664 2196 aberraveris,
2713 2130 2759 2186 si
2811 2131 2963 2186 dicas
3005 2141 3130 2202 post
3177 2133 3295 2189 lucc
3339 2135 3639 2190 excitatum
3689 2152 3719 2190 a

2120 2223 2356 2278 mortuis
2386 2223 2646 2278 undecim
2691 2224 2959 2293 apostolis
2991 2233 3048 2280 ct
3096 2226 3444 2297 septuaginta
3476 2227 3722 2298 discipu-

2119 2315 2190 2371 lis
2231 2316 2394 2371 simul
2435 2317 2783 2388 congregatis
2820 2318 3002 2373 visum
3053 2333 3196 2373 esse.
3225 2318 3526 2390 Apostolus
3569 2333 3722 2377 certe

2121 2407 2306 2463 adhuc
2325 2407 2580 2478 pluribus
2605 2409 2928 2479 apparuisse
2953 2417 3207 2476 testatur,
3232 2427 3358 2466 cum
3380 2411 3459 2467 ait
3487 2430 3499 2466 :
3537 2433 3556 2464 ‹
3581 2413 3721 2481 Quia

2121 2501 2428 2556 resurrexit
2459 2501 2622 2556 tertia
2665 2501 2755 2556 die
2799 2501 3107 2556 secundum
3138 2502 3475 2573 Seripturas,
3507 2511 3565 2559 et
3592 2504 3722 2575 quia

2122 2593 2278 2648 visus
2305 2601 2392 2649 est
2418 2593 2641 2664 Cephte,
2677 2603 2734 2650 et
2766 2602 2892 2665 post
2931 2595 3038 2650 hoc
3066 2595 3356 2663 undecim;
3407 2596 3608 2652 deinde
3642 2596 3724 2650 vi-

2125 2699 2224 2742 sus
2261 2693 2347 2742 est
2382 2687 2676 2758 plusquam
2723 2687 3048 2758 quingentis
3081 2687 3349 2743 fratribus
3393 2689 3555 2744 simul
3588 2691 3654 2744 '5.
3698 2711 3714 2738 ι

2124 2779 2292 2834 Vides
2318 2779 2540 2850 quoties
2569 2787 2627 2834 et
2669 2795 2832 2850 quam
2869 2781 3060 2836 multis
3089 2788 3212 2850 post
3253 2783 3721 2838 resurrectionem

2124 2885 2282 2926 suam
2317 2885 2378 2926 se
2408 2870 2770 2940 spectandum
2798 2871 3119 2942 prtebuerit.
3154 2873 3234 2928 Ita
3269 2873 3436 2930 etiam
3465 2877 3726 2946 apparuit

2127 2964 2236 3019 illis
2266 2965 2361 3034 qui
2404 2964 2800 3038 Hierosolymis
2841 2964 3326 3022 abscondebantur
3351 2976 3581 3039 propter
3611 2985 3727 3023 mc-

2128 3064 2244 3111 tum
2273 3055 2616 3122 Judacorum,
2641 3065 2700 3112 et
2733 3065 2860 3112 ante
2885 3073 3080 3113 omnes
3102 3057 3252 3114 viros
3290 3057 3501 3116 Simoni
3535 3062 3722 3126 Petro,

2127 3160 2184 3210 et
2221 3145 2656 3210 ex'mulieribus
2684 3153 2754 3209 iis
2785 3169 2907 3224 quae
2937 3170 3063 3209 eum
3109 3155 3428 3226 Magdalena
3461 3168 3622 3213 erant
3654 3160 3721 3212 ⁵⁸⁸.

422 3257 626 3328 δαληνῇ
665 3254 771 3310 εἰι.
825 3253 991 3307 ’Ὀθεν
1030 3253 1126 3307 καὶ
1172 3254 1202 3306 ό
1246 3253 1464 3318 Λουκᾶς
1499 3270 1655 3325 φησι,
1687 3254 1766 3307 Δι’
1799 3253 2021 3328 ἡμερῶν

2129 3245 2402 3314 Quocirca
2429 3255 2484 3302 et
2507 3246 2688 3302 Lucas
2717 3247 2855 3302 dicit
2894 3261 3020 3302 eum
3062 3263 3163 3318 per
3205 3247 3323 3304 dies
3362 3249 3728 3322 quadraginta

421 3349 844 3420 τεσσαράκοντα
873 3345 1268 3416 ὀπτανόμενος,
1323 3345 1422 3399 καὶ
1473 3345 1900 3417 συναλιζόμενος
1927 3346 2026 3398 αὖα

421 3444 562 3507 τοῖς,
618 3442 687 3497 τὰ
735 3441 838 3513 τῆς
871 3439 1154 3510 βασιλείας
1184 3437 1281 3492 τοῦ
1311 3436 1448 3492 Θεοῦ
1503 3437 1792 3511 παρεδίδου
1849 3439 2024 3512 μαθή-

428 3550 604 3605 ματα.

782 3655 1321 3745 ΕΡΩΤΗΣΙΣ
1383 3650 1636 3744 ΡΝΔ’.

423 3797 710 3868 Μαξίμου
744 3800 1044 3870 μοναχοῦ.
1077 3801 1244 3866 τινος
1293 3799 1492 3854 τύπον
1521 3798 1623 3867 καὶ
1653 3799 1860 3856 εἰκόνα
1899 3800 2024 3868 ἔχει

849 3873 888 3940 ἡ
919 3871 1218 3940 καθολικὴ
1255 3871 1628 3940 Ἐκκλησία;

1035 3987 1431 4044 ΑΠΟΚΡΙΣΙΣ.

517 4084 585 4137 Ἥ
625 4081 891 4152 καθολικὴ
925 4080 1230 4150 Ἐκκλησία
1255 4079 1428 4144 τύπος
1453 4079 1583 4137 ’ἐστὶ
1606 4079 1700 4134 τοῦ
1731 4097 1794 4134 τε
1829 4081 2026 4154 νοητοῦ

422 4175 665 4246 κόσμου,
695 4175 791 4229 καὶ
821 4173 918 4228 τοῦ
949 4171 1241 4245 αἰσθητοῦ,
1277 4171 1374 4226 καὶ
1408 4170 1505 4227 τοῦ
1540 4171 1855 4246 ἀνθρώπου.
1918 4175 2029 4229 Καὶ

419 4268 530 4324 τοῦ
564 4271 663 4340 μὲν
689 4267 886 4339 νοητοῦ
912 4267 1123 4337 κόσμου
1159 4265 1434 4337 σύμϐολόν
1463 4267 1583 4319 ἐστι
1624 4264 1689 4320 τὺ
1719 4267 1987 4338 ἱερατεῖον
2009 4309 2022 4333 ,

422 4359 532 4414 τοῦ
554 4359 614 4413 δὲ
645 4357 910 4432 αἰσθητοῦ
939 4359 968 4411 ὁ
996 4359 1144 4422 ναός.
1167 4355 1276 4410 Τοῦ
1306 4356 1364 4410 δὲ
1387 4355 1682 4430 ἀνθρώπου
1712 4356 1878 4412 εἰκών
1909 4359 2028 4411 ἐστι

424 4455 500 4509 τὸ
533 4455 804 4524 ἱερατεῖον
839 4451 940 4524 μὲν
970 4450 1068 4522 τῆς
1115 4449 1300 4522 ψυχῆς
1325 4466 1338 4480 ·
1369 4450 1398 4502 ὁ
1427 4449 1486 4503 δὲ
1519 4450 1670 4514 ναὸς,
1711 4449 1807 4503 τοῦ
1847 4451 2030 4520 σώμαι

428 4565 552 4612 τος.
583 4547 692 4616 Τῆς
723 4545 782 4598 δὲ
812 4545 1152 4616 τελουμένης
1183 4545 1242 4596 ἐν
1265 4544 1404 4616 αὐτῇ
1433 4543 1599 4613 ἁγίας
1625 4537 1908 4610 συνάξεως
1933 4583 1948 4608 ,
1993 4545 2026 4616 ὴ

2129 3339 2418 3411 discipulis
2465 3341 2810 3412 apparuisse,
2862 3341 3051 3396 cibum
3096 3341 3259 3397 simul
3305 3343 3628 3414 sumpsisse,
3671 3354 3728 3400 et

2125 3433 2457 3490 documenta
2487 3435 2732 3490 cmlestis
2759 3434 2914 3507 regni
2948 3433 3238 3492 tradidisse
3265 3437 3334 3492 ⁸⁷.

2444 3654 3011 3764 ρυίΕδΤΙΟ
3084 3639 3404 3746 CLIV.

2197 3808 2282 3865 Ea:
2309 3808 2544 3864 Maximo
2579 3810 2856 3881 monacho,
2888 3809 3040 3880 cujus
3072 3788 3254 3880 typum
3288 3817 3338 3862 et
3367 3807 3654 3881 imaginem

2699 3879 3111 3950 Ecclesia’gerai
3132 3881 3158 3934 1’

2719 3995 3124 4052 RESPONSIO.
3545 4045 3558 4056 .

2197 4089 2480 4147 Catholica
2513 4087 2764 4144 Ecclesia
2791 4098 2876 4144 est
2911 4089 3085 4161 ﬁgura
3114 4091 3304 4146 mundi
3336 4090 3723 4164 intclligibilis,

2129 4183 2432 4247 sensibilis,
2465 4189 2523 4236 et
2553 4179 2794 4239 hominis
2863 4183 3234 4254 mtelligibilis
3265 4185 3491 4256 quidem
3531 4187 3725 4242 mundi

2131 4277 2444 4350 symbolum
2500 4283 2586 4332 est
2635 4275 2940 4331 sacrarium
2980 4292 3075 4331 seu
3115 4278 3556 4334 tabernaculum.
3591 4279 3728 4335 Sen.

2132 4369 2331 4436 sibilis,
2366 4368 2632 4438 templum
2666 4383 2762 4426 seu
2795 4384 2924 4439 pars
2960 4370 3147 4440 templi
3174 4369 3334 4444 44],
3363 4380 3519 4429 extra
3547 4387 3730 4429 sacra-

2131 4460 2275 4516 rium
2308 4475 2406 4515 seu
2447 4459 2702 4526 chorum,
2731 4459 3054 4517 hominibus
3083 4462 3262 4534 imago
3291 4473 3374 4519 cst
3397 4464 3579 4534 quoad
3611 4465 3733 4521 ani-

2133 4568 2300 4618 mam,
2331 4552 2670 4619 sacrarium;
2719 4553 3010 4623 templum,
3061 4554 3331 4624 corporis.
3370 4555 3602 4623 Quando
3645 4574 3732 4613 sa-

429 4640 543 4711 μὲν
567 4639 760 4709 πρώτη
791 4637 998 4702 εἴσοδος
1025 4637 1122 4690 τοῦ
1146 4637 1339 4710 ἱερέως
1369 4637 1524 4708 δηλοῖ
1553 4637 1654 4706 μὲν
1669 4635 1768 4708 τὴν
1802 4633 2021 4708 πρώτην

2137 4663 2231 4704 cra
2261 4645 2482 4718 synaxis
2510 4662 2607 4702 seu
2645 4646 2812 4701 missa
2855 4647 3162 4716 perﬁcitur,
3213 4649 3426 4718 primus
3471 4651 3734 4707 introitus

431 4731 536 4787 τοῦ
571 4730 812 4801 Χριστοῦ
848 4730 1152 4802 παρουσίαν
1175 4746 1191 4762 ⁶
1223 4729 1293 4783 τὰ
1323 4729 1380 4782 δὲ
1411 4729 1677 4799 γινόμενα
1726 4726 1866 4798 μετὰ
1895 4726 2028 4782 ταύ-

432 4843 542 4896 την
583 4823 600 4862 ί
633 4822 1066 4894 άναγνώσματα,
1109 4823 1178 4876 τὰ
1206 4821 1328 4876 θεῖα
1359 4821 1648 4894 θελήματα
1680 4820 1829 4875 καθὰ
1863 4821 1878 4871 i
1922 4821 2031 4893 χρὴ

429 4920 567 4981 τοὺς
597 4917 808 4981 πάντας
839 4915 1192 4971 παιδεύεσθαι
1219 4916 1314 4968 καὶ
1337 4913 1718 4968 πολιτεύεσθαι
1751 4913 2028 4984 σημαίνει.

430 5012 519 5066 Τὸ
555 5006 614 5064 δὲ
641 5011 798 5079 ἆγιον
849 5009 1186 5078 Εὑαγγέλιον
1244 5006 1516 5078 σύμϐολόν
1557 5009 1676 5060 ἐστι
1707 5007 1808 5077 τῆς
1841 5023 2032 5060 συντε-

429 5105 594 5168 λείας
629 5103 726 5157 τοῦ
760 5103 959 5166 αἰῶνος
981 5103 1203 5167 τούτου,
1233 5103 1328 5155 καὶ
1361 5101 1454 5154 τοῦ
1490 5101 1786 5165 παντελοῦς
1803 5101 1900 5172 τῆς
1932 5104 2034 5173 ἁρ-

429 5197 604 5268 χαίας
632 5195 843 5266 πλάνης
871 5195 1208 5266 ἀφανισμοῦ.
1251 5195 1315 5248 Ἦ
1359 5195 1415 5248 δὲ
1463 5193 1557 5248 τοῦ
1595 5195 1898 5266 ἀρχιερέως
1930 5197 2038 5249 ἀπὸ

429 5286 538 5343 τοῦ
577 5287 772 5357 θρόνου
804 5288 1132 5353 κατάϐασις,
1164 5289 1260 5340 καὶ
1291 5289 1323 5358 ἡ
1350 5287 1460 5340 τῶν
1486 5287 1920 5358 κατηχουμένων
1943 5290 2038 5342 ἐκ·

431 5379 579 5452 ϐολὴ
615 5379 812 5452 μηνύει
840 5379 937 5453 τὴν
960 5377 1055 5434 ἀπ’
1075 5380 1308 5450 ούρανοῦ
1342 5381 1584 5452 Χριστοῦ
1615 5379 1876 5452 δευτέραν
1907 5399 2042 5454 παρ-

529 5519 572 5552 ¹⁵²
603 5519 796 5574 Matth.
861 5534 1048 5582 xxrtu,
1101 5519 1154 5574 9.
1244 5517 1288 5550 ³³
1326 5518 1461 5574 ibiJ.
1511 5519 1597 5573 16.

434 5593 488 5625 ⁵⁵
526 5589 663 5646 Luc.
703 5607 848 5647 XXIV.
925 5591 970 5622 ⁸⁷
993 5591 1117 5645 Act.
1147 5607 1187 5659 ι,
1208 5591 1264 5654 5.

1677 5519 1722 5552 ⁵³
1759 5519 1921 5575 Joan.
1959 5537 2084 5587 χιιι,
2130 5522 2179 5576 i.

2137 4737 2446 4794 sacerdotis
2471 4745 2828 4807 reprzesentat
2848 4737 3084 4808 primam
3109 4739 3316 4797 Christi
3344 4743 3730 4810 prmscntiam;

2137 4833 2426 4896 lectiones,
2455 4846 2578 4902 qum
2607 4839 2800 4900 postea
2844 4829 3238 4896 instituuntur,
3265 4831 3508 4888 divinam
3537 4833 3737 4888 volun-

2142 4934 2331 4988 tatem,
2383 4923 2449 4978 ad
2503 4938 2665 4993 quam
2720 4937 2914 4978 omnes
2969 4922 3255 4978 informari
3301 4931 3356 4979 ct
3399 4924 3734 4982 conformari

2141 5021 2382 5087 Oportet,
2419 5012 2749 5084 significant.
2801 5011 3062 5067 Sanctum
3100 5013 3458 5086 Evangelium
3505 5016 3737 5073 exhibet

2139 5105 2673 5162 consummationem
2721 5104 2886 5175 hujtn
2933 5105 3141 5170 Steculi,
3172 5117 3228 5162 ct
3269 5107 3475 5162 vetusti
3525 5108 3739 5164 erroris

2139 5201 2442 5271 perfectam
2480 5199 2861 5254 abolitionem.
2891 5198 3148 5270 Episcopi
3180 5201 3248 5255 de
3281 5200 3481 5256 throno
3507 5201 3738 5258 descen-

2141 5307 2258 5356 sus,
2290 5299 2345 5344 et
2373 5288 2897 5344 catecltumenorum
2920 5290 3194 5358 expulsio,
3229 5290 3282 5344 in
3307 5299 3550 5346 mentem
3575 5292 3740 5348 nobis

2143 5391 2367 5438 revocat
2397 5381 2703 5436 secundum
2732 5380 2939 5436 Christi
2970 5397 3037 5436 ex
3069 5383 3210 5438 cmlo
3243 5382 3542 5440 adventum
3577 5395 3634 5440 et
3656 5399 3740 5440 sc-

2287 5523 2332 5552 “
2383 5521 2576 5575 Matth.
2627 5537 2812 5587 xxvm,
2867 5521 2955 5586 16,
3006 5521 3092 5575 l7.
3200 5521 3737 5591 "lCor.xv,4-6.

1751 5681 1986 5738 VARI/IS
2025 5683 2430 5742 LECTIONES.

519 5849 550 5888 ι)
571 5847 678 5902 Mai
710 5849 776 5902 ἂν
799 5848 977 5908 abest.

447 5919 841 5969 MavBaimvr'w.
928 5924 944 5962 ἰ
985 5917 1100 5969 μετ’
1131 5907 1324 5969 ταῦ-τήν.
1405 5929 1418 5969 t
1455 5907 1616 5969 καθ’έὲ

447 5919 841 5992 Μαγδαληνήν.
928 5924 944 5962 1
983 5917 1100 5992 μετ’
1131 5916 1324 5990 αὐτὴν.
1405 5929 1418 5969 t
1455 5916 1658 5976 mota.

1057 5857 1096 5919 ογ
1121 5847 1380 5917 ὀφθεῖσαν
1409 5842 1674 5919 εἶναιτμά
1707 5848 1980 5906 Videntur
2007 5849 2241 5906 intrusa.
2312 5862 2334 5891 ο
2356 5848 2460 5905 Mai
2507 5847 2921 5919 όπτανομένοις.

3004 5846 3025 5888 τ
3059 5849 3287 5908 τούτων.
3367 5853 3395 5895 ⁸
3427 5850 3455 5892 δ
3495 5851 3600 5908 Mai
