4056 6454
385 435 391 443 ”
410 414 518 483 815

1659 406 1721 464 s.
1748 393 2148 460 ANASTASII
2179 368 2505 454 suum

3568 382 3685 447 .Siti

415 533 760 608 partitionem
802 538 1157 599 peccatorum
1203 541 1234 581 a
1278 519 1504 586 sanctis,
1546 524 1602 573 ct
1643 516 1863 587 dignam
1906 526 2004 584 pro

2126 510 2320 571 ιυσίαν,
2365 511 2458 563 καί¹
2520 506 2612 561 τδν
2666 506 2775 562 ἀπὸ
2836 505 2943 559 τῶν
2992 507 3165 575 ἁγίων
3220 501 3523 575 ἀφορισμίιν
3570 502 3685 555 τῶν

412 629 680 700 cujusque
712 621 926 679 meritis
955 618 1403 679 retributionem.
1427 613 1496 667 At
1520 625 1653 665 vero
1686 609 1867 679 ianua:
1891 620 1999 676 Ioc-

2105 601 2471 675 ἁμαρτωλῶν,
2501 604 2596 656 καὶ
2625 603 2725 672 τὴν
2746 600 2965 654 δικαίαν
2993 601 3127 672 πρὸς
3152 600 3251 670 τὴν
3273 597 3503 652 ἑκάστου
3526 595 3686 662 ἀξίαν

415 719 623 783 clusiu,
673 721 989 770 sanctorum
1036 709 1422 782 mysteriorum
1479 703 1763 773 ingressus
1815 695 2003 751 divina

2126 697 2363 768 ιμοιϐἠν.
2413 695 2480 749 Ἦ
2503 696 2559 748 δὲ
2587 695 2698 748 τῶν
2718 694 2900 766 θυρῶν
2931 694 3162 758 κλεῖσις,
3195 693 3289 745 καὶ
3317 694 3350 761 ἡ
3378 690 3488 743 τῶν
3515 690 3688 758 ἁγίων

415 807 692 873 salutatio,
722 814 778 861 et
819 803 1087 875 Symboli,
1118 814 1227 870 quo
1270 797 1435 851 ﬁdem
1480 791 1830 864 proﬁtemur,
1863 787 2004 841 reci-

417 901 573 967 tatio,
623 896 872 953 indicant
918 891 1262 950 sensibilium
1321 886 1636 944 transitum,
1686 876 2009 947 intelligibi-

416 995 550 1050 lium
572 987 1099 1049 manifestationem,
1128 996 1322 1037 novam
1352 975 1515 1032 nobis
1541 971 1728 1028 traditi
1755 966 2006 1038 mysterii

418 1083 853 1146 successionem;
880 1076 1190 1150 generalem
1216 1069 1465 1128 omnium
1489 1081 1617 1123 cum
1645 1064 1760 1119 Deo
1780 1068 1837 1117 et
1861 1059 2007 1115 inter

419 1193 479 1234 se
506 1173 881 1236 concordiam,
913 1166 1354 1228 consensionem,
1389 1158 1716 1240 charitatem
1762 1159 1819 1210 st
1848 1150 2008 1205 iden~

421 1271 659 1332 titatem,
685 1274 742 1321 et
763 1277 866 1335 pro
890 1260 1071 1315 modis
1091 1257 1296 1328 quibus
1322 1254 1557 1311 salutem
1583 1244 1770 1317 adepti
1794 1255 2007 1305 sumus,

421 1362 718 1435 gratiarum
745 1357 1042 1414 actionem.
1069 1349 1469 1408 Sanctissimus
1493 1339 1727 1412 Trisagii
1749 1338 2008 1409 hymnus,

422 1433 492 1511 ab
521 1450 733 1523 angelis
763 1446 1144 1504 indesinenter
1166 1440 1450 1523 decantari
1475 1437 1692 1500 solitus,
1720 1433 1886 1487 docet
1909 1442 2012 1483 nos

422 1519 674 1601 cmlestes
702 1544 1076 1597 et‘terrestres
1119 1536 1360 1589 virtutes
1382 1520 1652 1587 iconsonis
1681 1522 1913 1580 vocibus
1956 1519 2013 1573 in

422 1636 596 1690 altera
641 1633 757 1688 vita
805 1631 979 1686 Deum
1010 1626 1352 1683 laudaturas.
1385 1618 1666 1678 lnvocatio
1697 1622 1880 1670 autem
1915 1610 2013 1666 Dei

423 1723 621 1789 Patris,
654 1730 710 1777 et
735 1719 1118 1793 pronuntiatio
1148 1717 1301 1772 illius
1331 1733 1344 1768 :
1378 1713 1521 1769 Unus
1547 1711 1785 1769 sanctus,
1814 1713 1872 1759 et
1894 1715 2016 1793 quae

424 1820 756 1884 sequuntur,
785 1819 842 1866 et
872 1817 1189 1865 sanctorum
1220 1803 1608 1877 mysteriorum
1637 1792 2012 1871 participatio,

423 1906 586 1961 docet
607 1918 801 1960 omnes
824 1902 941 1957 fore
968 1900 1112 1955 ﬁlios
1142 1905 1199 1954 et
1220 1896 1377 1968 quasi
1409 1903 1673 1965 c0gnatos
1700 1889 1817 1945 Dei.

2108 789 2427 861 μυστηρίων
2460 787 2683 852 εἴσοδος,
2718 788 2813 841 καὶ
2841 789 2870 839 ὁ
2900 786 3045 849 θεῖος
3070 784 3381 854 ἀσπασμὸς,
3413 785 3506 837 καὶ
3532 785 3567 852 ἡ
3590 781 3688 835 τι)ιῖ

2110 879 2386 951 συμϐόλου
2443 879 2545 949 τῆς
2589 879 2827 941 πίστεως
2879 877 3187 948 ὲκφώνησις
3236 877 3390 947 δηλοῖ
3443 876 3546 946 τὴν
3580 874 3692 926 τῶν

2109 970 2390 1040 αἰσθητῶν
2422 970 2679 1041 πάροδον,
2712 969 2807 1023 καὶ
2837 968 2935 1041 τὴν
2964 968 3074 1022 τῶν
3110 968 3335 1040 νοητῶν
3359 968 3690 1038 φανέρωσιν,

2109 1060 2207 1116 καὶ
2236 1059 2339 1132 ,τὴν
2365 1062 2560 1130 καινὴν
2586 1058 2680 1113 τοῦ
2712 1062 2853 1132 περὶ,
2874 1061 3022 1131 ἡμᾶς
3049 1059 3195 1112 θείου
3233 1059 3541 1129 μυστηρίου
3574 1057 3694 1110 δια-

2107 1151 2293 1222 δοχὴν,
2318 1151 2416 1205 καὶ
2443 1150 2545 1221 τὴν
2574 1151 2792 1205 πάντων
2824 1151 2969 1225 πρὸς,
2984 1150 3209 1214 ἑαυτούς
3231 1166 3291 1203 τε
3318 1151 3412 1205 καὶ
3442 1149 3534 1202 τὸν
3560 1147 3694 1201 Θεὸν

2109 1241 2487 1313 γενησομένην
2504 1242 2783 1312 ὁμόνοιαν,
2811 1243 2904 1295 καὶ
2925 1239 3411 1311 όμογνωμοσύνην,
3439 1238 3532 1292 καὶ
3558 1238 3691 1306 ἀγά-

2114 1348 2248 1405 πην,
2281 1331 2379 1386 καὶ
2403 1332 2735 1402 ταυτότητα,
2770 1332 2865 1385 καὶ
2892 1332 2993 1401 τήν
3020 1331 3104 1401 ἐφ’
3128 1325 3210 1394 οἷς
3248 1329 3536 1400 ἐσώθημεν
3566 1329 3696 1400 τρό-

2113 1441 2239 1488 ποις
2270 1424 2650 1497 εὺχαριστίαν.
2695 1426 2760 1478 Ἦ
2786 1425 2845 1478 δὲ
2872 1426 2970 1479 τοῦ
3006 1424 3305 1496 Τρισαγίου
3336 1426 3439 1495 τὴν
3476 1422 3575 1477 ἀπ’
3596 1423 3697 1474 αὺ-

2115 1516 2225 1587 τῶν
2258 1517 2285 1556 ¹ι
2322 1518 2434 1570 τῶν
2463 1518 2717 1585 ἀγγέλων
2735 1517 3062 1586 ἁγιαστικὴν
3085 1516 3399 1585 δοξολογίαν
3425 1515 3698 1583 ἐκφαίνει,

2118 1610 2214 1662 καί
2253 1607 2354 1681 τὴν
2381 1611 2758 1682 γενησομένην
2783 1611 2925 1665 κατὰ
2953 1610 3043 1663 τὸν
3073 1610 3343 1681 μέλλοντα
3384 1608 3559 1661 αἰῶνα
3590 1607 3702 1658 τῶν

2116 1697 2387 1769 οὐρανίων
2442 1701 2537 1753 καὶ
2575 1701 2836 1768 ἐπιγείων
2890 1701 3202 1770 δυνάμεων,
3250 1698 3327 1763 ὡς
3365 1694 3433 1771 ἧν
3465 1696 3507 1763 ι,
3545 1697 3703 1751 πολι·

2118 1792 2269 1845 τείαν
2311 1794 2407 1847 καὶ
2449 1794 2696 1865 ἀγωγὴν,
2730 1794 2826 1848 καὶ
2880 1795 3204 1864 συμφωνίαν
3243 1796 3344 1865 τῆς
3373 1792 3701 1860 δοξολογίας.

2050 1872 2090 1931 Β
2130 1883 2197 1935 Ἥ
2227 1883 2284 1937 δὲ
2321 1884 2568 1958 μακαρία
2594 1885 2692 1939 τοῦ
2720 1885 2857 1940 Θεοῦ
2889 1887 2981 1940 καὶ
3016 1884 3230 1957 Πατρδς
3265 1884 3577 1955 ἐπίκλησις,
3610 1882 3705 1936 καὶ

424 2000 459 2067 ἡ
485 1996 579 2051 τοῦ
610 1991 716 2062 Εἷς
756 1994 945 2065 ἅγιος,
978 1993 1074 2048 καὶ
1127 1990 1409 2059 τῶν’ὲξῆς
1444 1985 1779 2057 ὲκφώνησις,
1835 1977 1928 2033 καὶ
1978 1975 2011 2043 ή
2048 1973 2157 2026 τῶν
2187 1975 2361 2045 ἁγίων
2394 1979 2714 2050 μυστηρίων
2781 1978 3120 2049 μετάληψις,
3169 1978 3269 2049 τήν
3303 1977 3396 2033 ἐπὶ
3421 1977 3556 2030 πᾶσι
3609 1974 3708 2029 καὶ

425 2095 516 2147 ἰπὶ
545 2095 763 2148 παντων
786 2088 1057 2159 ἐσομένην
1085 2085 1358 2140 υἱοθεσίαν
1391 2084 1488 2137 καὶ
1511 2080 1821 2148 οἰκειότητα
1851 2070 2024 2145 δηλοῖ.

426 2206 620 2262 Isidori
663 2203 948 2258 Pelusiotae
975 2216 1038 2256 ea;
1079 2197 1337 2272 Epistolis
1371 2197 1491 2267 (lib.
1517 2213 1557 2262 ι,
1585 2195 1675 2260 25,
1709 2191 1833 2256 122,
1869 2189 2012 2259 156).

498 2301 697 2376 Pacem
748 2294 1007 2353 sacerdos
1060 2309 1128 2348 et
1167 2290 1447 2348 cathedrae
1493 2288 1711 2360 fastigio
1760 2281 2021 2341 Ecclesiae

431 2392 743 2457 annuntiat,
794 2390 1091 2445 Dominum
1126 2386 1343 2443 scilicet
1382 2385 1605 2440 imitans
1638 2382 1694 2437 in
1730 2380 1900 2436 cmlos
1929 2391 2019 2430 as-

426 2494 733 2556 sumptum,
795 2481 1019 2552 quando
1066 2477 1358 2548 discipulis
1403 2475 1520 2531 suis
1574 2470 2020 2529 benedictionem

416 2590 488 2634 tet
528 2576 761 2647 reliquit
801 2583 857 2629 et
906 2572 1082 2628 dedit.
1142 2570 1285 2625 Illud
1333 2577 1543 2630 autem,
1588 2566 1736 2637 quod
1784 2580 1815 2619 a
1862 2563 2023 2634 plebe

435 2667 803 2741 respondetur
837 2682 851 2719 :
885 2664 954 2720 Et
979 2680 1097 2719 cum
1123 2663 1314 2732 spiritu
1358 2670 1469 2725 tuo,
1502 2659 1647 2717 hanc
1698 2656 1866 2711 habet
1895 2670 2023 2710 scn-

436 2762 666 2819 tentiam
700 2778 712 2813 :
747 2759 942 2814 Pacem
976 2756 1203 2827 quidem
1234 2754 1398 2809 nobis
1427 2750 1736 2833 praebuisti.
1769 2748 2022 2813 Domine,

326 2884 351 2891 —
438 2855 546 2910 hoc
572 2861 678 2920 est,
713 2850 963 2904 mutuam
994 2845 1349 2902 concordiam
1386 2862 1399 2899 :
1433 2858 1625 2916 pacem
1653 2850 1837 2897 autem
1868 2840 2029 2895 nobis

422 2947 527 3014 da,
574 2945 684 3001 hoc
726 2950 831 3007 est,
878 2940 1152 3013 ejusmodi
1187 2948 1368 2994 tecum
1416 2936 1864 3007 coniunctionem
1905 2948 2026 3003 quae

436 3039 590 3096 nullo
631 3035 797 3093 modo
836 3033 1026 3090 divelli
1057 3032 1254 3103 possit,
1287 3039 1348 3087 ut
1377 3044 1501 3087 cum
1534 3028 1746 3098 Spiritu
1796 3034 1893 3081 tuo
1927 3041 2027 3096 pa-

422 3132 569 3196 cati,
613 3144 777 3200 quem
830 3126 996 3182 nobis
1045 3126 1099 3179 in
1133 3123 1434 3179 creationis
1464 3120 1627 3189 initio.
1664 3118 1943 3185 indidisti,
1996 3133 2027 3173 a

429 3234 531 3279 tua
568 3221 843 3279 charitate
897 3217 1132 3272 distrahi
1183 3229 1548 3285 nequeamus,

510 3315 655 3369 Pura
703 3310 799 3365 illa
848 3307 1049 3364 sindon
1092 3321 1216 3377 quae
1262 3305 1366 3359 sub
1409 3297 1724 3359 divinorum
1755 3299 2028 3355 donorum

418 3402 751 3467 ministerio
800 3414 1041 3471 expansa
1093 3405 1197 3463 est,
1248 3395 1473 3467 Josephi
1512 3391 1919 3450 Arimathensis
1946 3397 2033 3444 est

434 3494 833 3552 ministerium.
881 3492 952 3548 Ut
981 3491 1128 3545 enim
1178 3490 1270 3547 ille
1302 3487 1535 3542 Domini
1565 3500 1766 3556 corpus
1797 3482 2032 3540 sindone

438 3587 755 3644 involutum
813 3583 1117 3654 sepulturae
1175 3580 1457 3635 mandavit
1499 3578 1566 3642 ³³,
1629 3576 1826 3632 eodem
1869 3573 2033 3629 modo

441 3694 545 3735 nos
574 3668 976 3750 propositionis
1006 3689 1205 3745 panem
1253 3672 1306 3727 in
1342 3670 1576 3727 sindone
1600 3667 2029 3730 sanctiﬁcantes,

441 3770 648 3828 ChriSLi
672 3783 878 3845 corpus
908 3766 1028 3821 sine
1047 3763 1397 3821 dubitatione
1421 3762 1750 3832 reperimus.
1777 3758 2033 3813 Linteum

444 3864 605 3929 ill'ud,
643 3877 768 3916 cum
815 3875 926 3931 quo
967 3857 1133 3932 M2
1162 3855 1381 3911 diaconi
1419 3855 1473 3909 in
1518 3854 1724 3909 sanctis
1754 3848 2035 3921 mysteriis

445 3972 648 4013 munus
707 3970 868 4011 suum
927 3953 1173 4016 obeunt,
1230 3948 1600 4004 humilitatem
1658 3940 2033 4012 Domini,qui

447 4049 847 4120 discipulorum
884 4043 1054 4115 pedes
1096 4042 1232 4096 lavnt
1261 4049 1317 4096 et
1345 4039 1597 4104 extersit,
1632 4036 1795 4092 nobis
1826 4035 1879 4089 in
1917 4049 2035 4101 me-

448 4142 680 4197 moriam
731 4132 951 4207 redigit.
996 4134 1139 4189 illud
1189 4142 1373 4188 autem
1400 4130 1703 4185 amiculum
1737 4125 2036 4197 quod'epi-

450 4246 652 4305 scapus
691 4229 935 4285 humeris
970 4233 1171 4297 gestat,
1205 4235 1371 4292 atque
1401 4238 1466 4278 ex
1510 4223 1654 4284 lana,
1682 4236 1795 4275 non
1824 4236 1892 4273 ex
1923 4218 2036 4272 lino

450 4331 768 4381 contextum
793 4329 900 4383 est,
930 4319 1053 4373 ovis
1089 4317 1239 4370 illius
1269 4330 1434 4386 quam
1479 4313 1747 4368 Dominus
1774 4311 2037 4366 aberran-

400 4442 408 4451 ι
450 4428 561 4473 tem
607 4415 885 4487 quaesivit,
914 4414 1309 4479 inventamque
1341 4407 1589 4462 humeris
1633 4406 1752 4460 suis
1789 4404 2033 4469 sustulit,

2418 2185 2715 2255 Ἰσιδώρου
2751 2188 2821 2243 ἐκ
2867 2186 2987 2242 τῶν
3036 2187 3422 2245 Ἐπιστολῶν.

2195 2277 2438 2349 Εἰρήνην
2472 2280 2500 2333 ό
2533 2280 2711 2351 ἱερεὺς
2744 2281 2851 2334 ἀπὸ
2882 2281 2976 2336 τοῦ
3003 2281 3172 2350 ὕψους
3202 2281 3299 2352 τῆς
3337 2280 3608 2351 καθέδρας
3637 2282 3705 2354 τῇ

2138 2368 2442 2443 Ἐκκλησία
2499 2373 2925 2441 ἐπιφθέγγεται·
2983 2375 3075 2428 τὸν
3113 2375 3321 2445 Κύριον
3371 2373 3527 2447 [ἀπὸ]
3575 2375 3710 2429 καθ-

2127 2462 2291 2534 έδρας
2334 2464 2696 2536 μιμούμενος,
2744 2466 3286 2536 ἀναλαμϐανόμενον,
3342 2468 3565 2537 εἰρήνην
3608 2468 3709 2537 τὴν

2128 2553 2361 2620 οἰκείαν,
2400 2556 2498 2609 καὶ
2546 2557 2800 2625 ἀφιέντα,
2838 2558 2931 2611 καὶ
2980 2559 3213 2612 διδόντα.
3251 2558 3323 2611 Ti:
3362 2558 3439 2611 δέ·
3472 2558 3583 2614 Καὶ
3630 2558 3711 2624 τῷ

2127 2648 2424 2714 πνεύματι
2449 2663 2590 2713 σου,
2620 2648 2771 2718 παρὰ
2794 2649 2889 2702 τοῦ
2911 2648 3041 2703 λαοῦ
3070 2651 3517 2723 ἀποκρινόμενον,
3553 2651 3711 2704 τοῦτο

2127 2739 2316 2811 δηλοῖ*
2358 2741 2603 2812 Εἰρήνην
2638 2741 2741 2812 μὲν
2791 2745 2927 2812 ἡμῖν
2954 2743 3250 2815 παρέσχες,
3283 2745 3483 2816 Κύριε,
3510 2746 3613 2815 τὴν
3653 2748 3711 2798 ἐν

2129 2831 2383 2904 ἀλλήλοις
2412 2834 2697 2904 ὁμόνοιαψ
2758 2837 2982 2906 εἰρήνην
3020 2835 3077 2890 δὲ
3126 2837 3219 2901 δὸς
3256 2840 3411 2907 ἡμῖν,
3443 2839 3542 2909 τὴν
3575 2836 3711 2910 προς

2134 2924 2195 2983 σὲ
2223 2924 2533 2997 ἀδιαίρετον
2584 2926 2802 2992 ἕνωσιν,
2859 2930 2952 2981 ἵνα*
2995 2928 3073 3000 τῷ
3112 2930 3388 2999 πνεύματί
3433 2947 3526 2984 σου
3558 2933 3711 3001 εἰρη-

2134 3017 2409 3083 νεύοντες,
2440 3019 2468 3072 δ
2493 3020 2626 3089 ἡμῖν
2653 3020 2712 3072 ὲν
2734 3021 2876 3091 ἀρχῇ
2907 3020 3005 3091 τῆς
3032 3021 3397 3092 δημιουργίας
3423 3022 3708 3094 ἐνέθηκας,

2135 3111 2432 3182 ἀχώριστοι
2470 3112 2569 3179 τῆς
2604 3111 2705 3180 σῆς
2733 3114 2956 3181 ἀγάπης
2986 3113 3370 3185 τυγχάνωμεν.

2217 3291 2280 3345 Ἡ
2310 3292 2366 3345 δὲ
2403 3291 2622 3365 καθαρὰ
2655 3290 2848 3347 σινδὼν
2876 3294 2908 3360 ή
2943 3292 3341 3364 ὑφαπλουμένη
3373 3296 3441 3366 τῇ
3474 3294 3585 3349 τῶν
3613 3295 3714 3350 δὼ-

2137 3399 2245 3451 ρων
2299 3382 2577 3454 διακονία,
2638 3385 2671 3454 ή
2729 3383 2824 3437 τοῦ
2882 3385 3246 3456 Ἀριμαθαίου
3304 3385 3453 3438 ἐστὶν
3517 3386 3713 3458 Ἰωσὴφ

2134 3475 2473 3542 λειτουργία.
2516 3475 2602 3537 Ὠς
2651 3475 2762 3545 γὰρ
2816 3477 3024 3540 ἐκεῖνος
3067 3476 3128 3529 τὸ
3174 3476 3268 3529 τοῦ
3301 3477 3509 3548 Κυρίου
3558 3478 3715 3548 σῶμα

2138 3565 2338 3618 σινδόνι
2379 3565 2663 3636 ὲνειλήσας
2711 3566 2789 3638 τῷ
2821 3566 3399 3638 τάφῳοπαρέπεμψεν,
3430 3566 3575 3621 οὕτω
3621 3567 3715 3622 καὶ

2136 3656 2231 3708 ἐπὶ
2265 3656 2499 3719 σινδόνος
2533 3659 2696 3728 ἡμεῖς
2747 3657 2839 3710 τὸν
2864 3660 3036 3729 ·ᾶρτον
3078 3660 3176 3729 τῆς
3205 3660 3519 3730 προθέσεως
3554 3660 3716 3729 ἅγιά-

2138 3746 2346 3811 ζοντες,
2374 3748 2536 3820 σῶμα
2565 3748 2801 3818 Χριστοῦ
2830 3749 3171 3814 ἀδιστάκτως
3200 3752 3551 3822 εὑρίσκομεν.
3569 3753 3634 3806 Ἦ
3661 3751 3718 3806 δὲ

2137 3840 2318 3911 ὀθόνη.
2352 3840 2470 3910 μεθ’
2497 3837 2565 3915 ἦς
2580 3841 3006 3913 ,λειτουργοῦσιν
3026 3843 3084 3894 ὲν
3111 3845 3223 3907 τοῖς
3247 3844 3425 3913 ἁγίοις
3456 3847 3507 3897 οί
3533 3843 3718 3898 διάκο-

2137 3948 2240 3995 νοι,
2279 3931 2377 4001 τὴν
2413 3931 2506 3985 τοῦ
2541 3930 2782 4000 Χριστοῦ
2813 3933 3228 4003 ἀναμιμνήσκει
3257 3933 3612 3996 ταπείνωσιν,
3635 3932 3716 3986 νί-

2137 4023 2337 4094 ψαντος
2360 4024 2486 4087 τοὺς
2509 4024 2676 4088 πόδας
2706 4023 2814 4077 τῶν
2843 4023 3109 4095 μαθητῶν
3136 4025 3231 4078 καὶ
3258 4024 3620 4095 ἐκμάξαντος.
3646 4025 3719 4078 Τὸ

2138 4115 2195 4167 δὲ
2230 4115 2323 4168 τοῦ
2358 4116 2666 4168 ἐπισκόπου
2717 4114 3035 4186 ὡμοφόριον
3067 4115 3179 4185 (12)
3213 4115 3278 4182 ἐξ
3307 4114 3467 4187 ἐρέας
3494 4114 3574 4179 δν,
3603 4113 3717 4168 ἀλλ’

2139 4207 2199 4260 οὐ
2231 4207 2403 4271 λίνου,
2436 4204 2536 4277 τήν
2583 4205 2681 4259 τοῦ
2714 4205 2993 4276 προϐάτου
3036 4205 3201 4278 δορὰν
3254 4207 3533 4277 σημαίνει,
3585 4207 3718 4277 ὅπερ

2142 4297 2416 4369 πλανηθὲν
2448 4296 2689 4368 ζητήσας
2709 4298 2738 4350 ὁ
2760 4297 2965 4369 Κύριος
2986 4298 3082 4350 ἐπὶ
3111 4298 3222 4351 τῶν
3245 4297 3413 4369 ὤμων
3437 4298 3714 4352 ἀνέλαϐεν.

2152 4387 2210 4442 '0
2246 4390 2356 4460 γὰρ
2395 4390 2698 4452 ἐπίσκοπος
2754 4391 2836 4452 εἰς
2897 4390 3063 4443 τόπον
3096 4387 3173 4442 ὣν
3214 4388 3310 4444 τοῦ
3361 4389 3624 4461 Χριστοῦ,
3659 4389 3720 4441 τὸ

452 4478 649 4581 pellem
681 4507 953 4577 designat.
977 4502 1284 4574 Episcopus
1303 4500 1474 4566 enim,
1497 4499 1593 4569 qui
1611 4497 1815 4553 Christi
1847 4506 2023 4569 typum

2142 4480 2303 4552 ἔργον
2351 4479 2564 4534 ἐκείνου
2623 4480 2844 4552 πληροῖ,
2885 4481 2981 4534 καὶ
3013 4480 3256 4535 δείκνυσι
3309 4483 3445 4535 πᾶσι
3490 4480 3578 4534 διὰ
3626 4478 3720 4534 τοῦ

382 4629 414 4675 κ,
451 4601 617 4674 gerit,
662 4600 838 4671 ipsius
867 4571 1097 4652 munere
1148 4593 1419 4664 fungitur,
1472 4592 1592 4661 ipso
1633 4591 1800 4646 etiam
1840 4588 2023 4643 habitu

2146 4575 2446 4644 σχήματος,
2486 4573 2571 4629 ὅτι
2605 4577 2851 4644 μιμητής
2889 4574 3006 4626 ἐστι
3035 4571 3134 4626 τοῦ
3165 4573 3404 4642 μεγάλου
3442 4571 3721 4641 ποιμένος.

453 4694 587 4751 illud
617 4693 879 4749 omnibus
911 4686 1177 4753 ostendit,
1207 4701 1266 4740 se
1302 4684 1435 4739 boni
1468 4683 1620 4738 illius
1654 4691 1709 4738 et
1729 4682 1909 4753 magni
1942 4696 2033 4751 pa-

452 4785 623 4842 storis
660 4783 995 4840 imitatorem
1026 4795 1170 4843 esse,
1201 4777 1294 4849 qui
1329 4777 1513 4849 gregis
1550 4774 1903 4830 inﬁrmitates
1930 4772 2035 4828 sibi

454 4876 713 4934 ferendas
745 4874 1056 4947 proposuit.

455 4965 639 5022 Sancti
669 4964 861 5021 Basilii
890 4979 954 5018 ea:
996 4962 1128 5017 libro
1163 4962 1227 5014 de
1266 4959 1469 5031 Spiritu
1520 4963 1706 5010 sancto
1746 4955 1891 5026 (cap.
1920 4955 2040 5022 27).

527 5118 791 5189 Dogmata
825 5131 948 5187 quae
990 5132 1045 5168 In
1094 5111 1337 5168 Ecclesia
1367 5109 1758 5181 praedicantur,
1790 5092 2039 5178 quaedam

462 5207 733 5277 habemus
764 5222 796 5263 e
841 5204 1092 5262 doctrirfa
1135 5202 1470 5273 scriptorum
1518 5199 1760 5270 prodita,
1791 5198 2039 5268 quaedam

466 5314 661 5356 rursus
692 5313 762 5354 ex
801 5298 1178 5369 apostolorum
1225 5294 1522 5350 traditione
1571 5294 1627 5347 in
1661 5292 1946 5364 mysterio,
1987 5290 2039 5345 id

465 5399 569 5455 est,
600 5390 656 5444 in
685 5389 905 5445 occulto
936 5387 1136 5444 tradita
1166 5384 1496 5455 recepimus.
1522 5381 1769 5449 Quorum
1803 5393 2040 5453 utraque

542 5528 590 5591 ξ’
624 5526 761 5583 Luc.
782 5539 932 5587 nm,
967 5522 1054 5578 53.

2144 4669 2235 4721 καὶ
2263 4666 2361 4730 τὰς
2397 4665 2683 4729 ἀσθενείας
2711 4666 2932 4721 πάντων
2963 4666 3154 4737 φέρειν
3183 4664 3649 4737 προϐεϐλημένος.

2153 4937 2262 4993 Τοῦ
2295 4936 2567 5009 μεγάλου
2597 4934 2920 5009 Βασιλείου
2976 4935 3046 4990 ἐκ
3078 4934 3185 4990 τοῦ
3229 4936 3361 5003 περὶ
3400 4935 3508 4989 τοῦ
3553 4934 3722 5004 ἁγίου

2643 5008 2991 5075 Πνεύματος·
3021 5008 3227 5075 λόγου.

2218 5102 2344 5156 Τῶν
2383 5103 2442 5155 ὲν
2486 5103 2552 5171 τῇ
2602 5100 2903 5172 Ἐκκλησ¹ᾳ
2952 5100 3392 5171 πεφυλαγμένων
3439 5099 3725 5171 δογμάτων

2149 5195 2218 5249 τὰ
2248 5194 2348 5265 μὲν
2388 5194 2453 5247 ὲκ
2482 5193 2583 5263 τῆς
2613 5194 2892 5263 ἐγγράφου
2918 5193 3269 5256 διδασκαλίας
3297 5193 3517 5263 ἔχομεν,
3558 5191 3627 5247 τὰ
3670 5191 3723 5243 δὲ

2150 5292 2215 5341 ὲκ
2249 5287 2349 5358 τῆς
2373 5286 2483 5341 τῶν
2524 5287 2843 5341 ἀποστόλων
2870 5287 3223 5358 παραδόσεως
3248 5284 3565 5340 διαδοθέντα
3596 5286 3727 5356 ἡμῖν

2150 5384 2209 5435 ὲν
2241 5378 2531 5451 μυστηρίῳ
2587 5377 3027 5449 παρεδεξάμεθα.
3061 5377 3241 5449 Ἀπερ
3299 5377 3590 5451 ἀμφότερα
3631 5378 3726 5446 τὴν

1778 5583 2012 5639 VAle
2049 5580 2447 5639 LECTIONES.

1983 5721 2215 5779 ΝΟΤᾸΣ.

489 5904 503 5933 δ
544 5833 656 5906 (1‘2)
705 5830 1072 5902 Ὠμοφόριον.
1120 5826 1264 5892 Νοιι,
1292 5832 1359 5878 ιιι
1403 5822 1518 5889 alii,
1559 5821 1830 5892 ἐπωμίδα,
1864 5819 2320 5892 ευμενὴιιηιεταίο,
2349 5817 2445 5879 sed
2474 5816 2722 5890 pallium.
2760 5818 3085 5890 (Διιιιιιιις.)

539 5669 568 5710 ¹ι
600 5669 899 5723 ἄπαυστον.
978 5661 1099 5725 lsi;
1131 5661 1281 5729 μίαν.
