4056 6450
444 421 461 446 ‘
485 412 544 472 l'i
1830 405 2230 479 QUAES‘I'ION
2239 406 2350 468 ES.

3622 399 3751 465 ωδ

436 517 605 587 αὐτὴν
670 516 825 583 taxi»)
863 514 973 590 ἔχει
1027 518 1162 590 πρὸς
1196 518 1294 590 τὴν
1333 517 1640 573 εύσέδειαν.
1680 518 1789 573 Καὶ
1817 517 2030 581 τούτοις
2062 566 2071 597 λ

2179 533 2325 578 atem
2354 515 2467 573 vim
2500 486 2709 572 habent
2731 515 2800 571 ad
2836 511 3123 586 pietatem.
3173 514 3286 570 Nec
3315 513 3405 569 his
3434 504 3728 585 quisquam

436 612 617 675 οὲδεὶς
641 612 881 682 ἀντερεῖ,
917 613 1067 675 ὅστις
1121 611 1225 665 κᾶν
1282 611 1481 684 μικρὸν
1514 611 1646 680 γοῦν
1698 610 1902 681 θεσμὸν
1939 613 2032 665 ἔκ·

2135 609 2491 676 cOntradicit,
2519 609 2776 681 quisquis
2805 624 2939 665 sane
2968 609 3054 664 vel
3083 608 3328 664 tenuiter
3354 612 3619 677 expertus
3646 610 3733 659 est

435 705 834 775 κληοιαστικδν
865 706 1223 778 πεπείραται.
1252 707 1315 759 El
1349 707 1458 776 γὰρ
1488 706 1937 777 ἐπεχειρήσαμεν
1964 703 2034 758 τὰ

2179 703 2258 762 ιιέε
2298 705 2411 762 sint
2452 707 2576 777 jura
2606 703 3006 760 ecclesiastica.
3038 702 3176 758 Nam
3219 700 3263 756 si
3297 696 3735 757 consuetudines

433 799 667 867 ἄγραφα
694 797 805 850 τῶν
834 798 975 852 ἐθῶν
1012 799 1088 862 ὡς
1125 799 1200 872 μὴ
1245 799 1492 870 μεγάλην
1522 800 1717 870 ἔχοντα
1752 800 1849 868 τὴν
1877 797 2036 852 δύνα-

2138 814 2261 869 quae
2289 797 2496 873 scripto
2525 796 2763 868 proditae
2791 810 2904 863 non
2922 790 3086 858 sunt,
3117 802 3379 864 tanquam
3407 790 3556 846 haud
3588 788 3734 844 mul-

440 907 537 959 μιν
569 890 987 961 παραιτεῖσθαι,
1041 890 1304 961 λάθοιμεν
1352 891 1418 944 ἂν
1461 893 1543 954 είς
1572 891 1715 945 αὐτὰ
1743 892 1813 945 τὰ
1843 889 2037 961 καίρια

2179 908 2257 947 im
2297 891 2569 946 habentes
2598 890 2888 951 momenti,
2938 900 3206 942 conemur
3233 885 3485 956 rejicere,
3520 882 3737 953 impru-

438 983 750 1055 ζημοῢντες
785 993 824 1020 ω
852 975 917 1037 τδ
955 983 1318 1051 Εὗαγγέλιον,
1355 983 1555 1053 μᾶλλον
1589 984 1647 1036 δὲ
1683 984 1762 1048 είς
1794 980 2039 1052 τοῦνομα

436 1075 599 1146 ψιλὸν
624 1075 997 1148 περιστῶντες
1025 1076 1086 1129 τὸ
1117 1076 1406 1147 κήρυγμα.

525 1250 648 1310 οἷον
678 1253 767 1307 ῐνα
795 1251 895 1307 τοῦ
929 1254 1153 1324 πρώτου
1188 1254 1283 1307 καὶ
1329 1253 1650 1308 κοινοτάτου
1684 1253 1904 1322 πρῶτον
1940 1253 2045 1322 μά-

449 1350 532 1402 θω
569 1357 618 1415 ﬂ,
650 1345 728 1418 τῷ
754 1346 1031 1419 τύπῳτοῦ
1071 1346 1310 1419 σταυροῦ
1341 1349 1471 1411 τοὺς
1515 1347 1599 1409 είς
1637 1346 1699 1399 τὸ
1729 1343 1902 1415 δνομα
1945 1340 2043 1396 τοῦ

450 1440 664 1512 Κυρίου
685 1440 719 1507 ἡ
728 1439 845 1509 μῶν
859 1437 1036 1509 ἰησοῦ
1060 1437 1303 1510 Χριστοῦ
1323 1437 1629 1508 ὴλπικότας
1654 1435 2044 1510 σημαίνεσθαι,

446 1531 536 1593 τίς
567 1531 598 1583 ὁ
635 1529 724 1582 διὰ
768 1528 1102 1600 γράμματος
1154 1526 1420 1595 διδάξας;
1456 1530 1531 1582 Τὸ
1584 1530 1722 1600 πρὸς
1778 1528 2047 1593 ἀνατολὰς

448 1622 792 1691 στρέφεσθαι
824 1622 971 1676 κατὰ
1002 1622 1102 1693 τὴν
1130 1622 1448 1694 προσευχὴν
1480 1624 1612 1676 ποῖα
1660 1623 1811 1693 ἡμᾶς
1840 1619 2049 1688 ἐδίδαξε

448 1712 848 1785 Γραμμάτων;
910 1714 1023 1784 Τῆς
1061 1712 1363 1782 ἐκκλησίας
1419 1713 1490 1767 τά
1549 1708 1783 1784 ῥήματα
1836 1711 1929 1765 ἐπὶ
1980 1713 2048 1783 τῇ

447 1805 730 1872 ἀναδείξει
759 1805 854 1861 τοῦ
879 1805 1047 1877 ἄρτου
1079 1806 1183 1878 τῆς
1215 1804 1607 1878 Εὐχαριστίας.
1627 1804 1724 1860 καὶ
1759 1803 1856 1859 τοῦ
1889 1821 2053 1876 ποτη-

2141 984 2338 1039 dentes
2373 989 2432 1037 et
2476 996 2540 1039 ea
2589 979 2980 1036 damnabimus
3026 966 3150 1048 qua:
3190 979 3249 1031 in
3292 973 3597 1045 Evangelio
3641 987 3742 1027 nee

2142 1074 2387 1132 cessaria
2438 1074 2508 1129 ad
2550 1074 2787 1129 salutem
2836 1070 3154 1142 habentur;
3188 1068 3303 1124 imo
3336 1068 3525 1139 potius
3561 1066 3746 1137 ipsam

2145 1167 2274 1224 ﬁdei
2293 1166 2744 1239 praedicationem
2772 1166 2840 1221 ad
2855 1165 3071 1219 nudum
3101 1177 3303 1217 nomen
3321 1160 3745 1217 contrahemus.

2217 1261 2375 1329 Quod
2423 1277 2598 1339 genus
2642 1269 2751 1326 est,
2795 1268 2856 1314 ut
2905 1260 3050 1331 eius,
3095 1256 3242 1328 quod
3274 1256 3517 1327 primum
3560 1262 3647 1309 est
3689 1262 3748 1308 et

2145 1350 2590 1422 vulgatissimum
2617 1348 2801 1421 primo
2830 1351 2955 1405 loco
2986 1362 3422 1405 commemorem
3448 1364 3462 1401 :
3496 1354 3558 1400 ut
3587 1348 3747 1418 signo

2148 1444 2334 1502 crucis
2379 1454 2478 1500 eos
2522 1445 2619 1514 qui
2663 1460 2817 1515 spem
2861 1444 3215 1499 collocarunt
3249 1441 3305 1496 in
3336 1438 3624 1495 Christum
3666 1441 3748 1494 si-

2150 1550 2404 1606 gnemus,
2427 1534 2555 1605 quis
2579 1534 2789 1605 scripto
2812 1535 3043 1590 docuit?
3090 1534 3162 1590 Ut
3200 1532 3269 1589 ad
3296 1532 3569 1587 orientem
3600 1530 3748 1585 versi

2150 1644 2448 1700 precemur
2484 1643 2609 1700 quae
2637 1643 2741 1684 nos
2783 1628 2976 1685 docuit
3006 1623 3345 1697 Scriptura?
3375 1622 3752 1679 lnvocationis

2150 1720 2343 1789 verba,
2379 1737 2508 1777 cum
2562 1720 2879 1785 ostenditur
2910 1721 3070 1792 panis
3099 1720 3467 1776 Eucharistiae
3496 1725 3551 1773 et
3580 1730 3752 1787 pocu-

2153 1814 2269 1869 lum
2293 1813 2728 1880 benedictionis,
2753 1813 2881 1885 quis
2909 1821 3233 1869 sanctorum
3268 1814 3324 1867 in
3354 1813 3564 1883 scripto
3590 1808 3755 1863 nobis

455 1898 578 1968 ρίου
606 1897 710 1968 τῆς
744 1898 1023 1968 εὐλογίας,
1076 1899 1165 1962 τίς
1219 1898 1330 1952 τῶν
1370 1899 1544 1967 άγίων
1574 1896 1874 1969 ἐγγράφως
1918 1898 2052 1970 ἡμῖν

2179 1906 2435 1978 'eliquit?
2475 1906 2588 1963 Nec
2610 1908 2762 1963 enim
2799 1907 2886 1963 bis
2918 1907 3169 1971 contenti
3211 1921 3406 1961 sumus
3448 1918 3572 1974 quae
3600 1916 3755 1957 com-

453 1991 789 2059 κατέλιπενς
844 1992 920 2046 Οὐ
963 1991 1074 2063 γὰρ
1127 1992 1192 2063 δὴ
1248 1992 1462 2055 τούτοις
1512 1990 1859 2062 ἀρκούμεθα.
1901 1983 1977 2045 ὧν
2024 1991 2054 2044 ὁ

471 2082 803 2148 ’Δπόστολος
838 2084 933 2137 καὶ
976 2083 1039 2137 τὸ
1072 2082 1416 2151 Εὐαγγέλιον
1460 2082 1734 2163 ἐμνήσθη,
1779 2081 1919 2138 ἀλλὰ
1959 2079 2054 2136 καὶ

458 2176 835 2247 προλέγομεν,
891 2176 985 2231 καὶ
1040 2176 1376 2247 ὲπιλὲγομεν
1427 2176 1615 2249 ἕτερα,
1668 2175 1747 2239 ὡς
1810 2173 2056 2245 μεγάλην

458 2270 659 2339 ἔχοντα
693 2269 834 2339 πρὸς
863 2269 927 2322 τὸ
959 2269 1264 2340 μυστήριον
1295 2268 1396 2339 τὴν
1438 2268 1596 2339 ἰσχὺν
1627 2268 1693 2323 ὲκ
1728 2267 1829 2338 τῆς
1876 2266 2056 2338 άγράι

461 2380 568 2433 φου
592 2360 948 2426 διδασκαλίας
976 2360 1529 2433 παραλαμϐάνοντες.

541 2453 908 2522 Εὐλογοῦντες
933 2454 992 2507 δὲ
1020 2455 1116 2507 καὶ¹
1144 2453 1205 2507 τὸ
1233 2451 1382 2525 ὕδωρ
1405 2452 1500 2507 τοῦ
1530 2452 1932 2523 βαπτίσματος.
1965 2450 2063 2505 καὶ

470 2550 537 2603 ab
564 2549 736 2603 ελαιον
762 2549 863 2620 τῆς
888 2549 1147 2621 κρίσεως,
1173 2550 1269 2604 καὶ
1291 2548 1519 2622 προσέτι
1554 2548 1717 2603 αὑτὸν
1743 2548 1837 2602 τὸν
1868 2546 2063 2619 βαπτι-

478 2642 727 2713 ζόμενον,
757 2642 866 2697 ἀπὸ
904 2643 1078 2697 ποίων
1113 2643 1447 2715 ὲγγράφωνς
1483 2642 1601 2696 Οὐκ
1631 2639 1742 2697 άπδ
1789 2640 1893 2710 τῆς
1928 2656 2064 2693 σιω-

481 2732 740 2805 πιομένης
792 2735 890 2789 καὶ
926 2735 1202 2805 μυστικῆς
1234 2732 1633 2803 παραδόσεωςς
1676 2731 1742 2784 Τί
1792 2730 1850 2784 δὲ
1895 2728 2066 2799 αὐτὴν

479 2826 577 2880 τοῦ
607 2825 788 2880 ἐλαίου
816 2826 917 2900 τὴν
957 2826 1161 2899 κρίσιν,
1201 2828 1289 2891 τίς
1317 2825 1476 2895 λόγος
1520 2823 1914 2895 γεγραμμένος
1963 2820 2069 2876 ἐδί-

475 2919 636 2987 δαξες
668 2918 743 2972 Τὸ
763 2918 823 2973 δὲ
856 2920 978 2992 τρὶς
1011 2918 1376 2991 βαπτίζεσθαι
1404 2917 1501 2970 τὸν
1530 2915 1720 2980 αὐτὸν,
1746 2914 1916 2969 πόθεν
1942 2930 1956 2980 ;

550 3012 723 3068 ’Δλλα
753 3014 833 3081 δὲ,
867 3015 971 3068 ὅσα
1018 3015 1153 3085 περὶ
1196 3013 1261 3067 τὸ
1300 3011 1609 3083 βάπτισμα,
1661 3006 2072 3065 άποτάττεσθαι

476 3107 562 3179 τῷ
595 3108 817 3179 Σατανᾷ
860 3108 1091 3171 καὶτοῖς
1118 3106 1377 3177 ἀγγέλοις
1414 3104 1605 3171 αὑτοῦ,
1637 3105 1704 3158 ὲκ
1749 3102 1917 3166 ποίας
1953 3101 2074 3155 ἐστὶ

477 3202 704 3274 γραφῆς
726 3218 742 3269 ;
762 3203 866 3256 οὐκ
894 3203 960 3257 ἐκ
985 3203 1086 3274 τῆς
1109 3199 1510 3273 άδημοσιεύτου
1530 3198 1738 3268 ταύτης
1780 3197 1878 3252 καὶ
1899 3195 2075 3267 ἀπορ-

2157 2002 2433 2050 memorat
2476 1994 2779 2065 Apostolus
2827 2003 2924 2050 aut
2973 1996 3372 2067 Evangelium;
3426 2009 3621 2050 verum
3650 1992 3755 2047 alia

2157 2099 2406 2156 quoque,
2438 2094 2496 2142 et
2523 2095 2652 2142 ante
2682 2096 2740 2143 et
2769 2095 2898 2158 post
2930 2087 3194 2154 dicimus,
3226 2096 3489 2159 tanquam
3519 2084 3755 2140 multum

2160 2177 2423 2233 habentia
2467 2180 2735 2235 momenti
2780 2179 2850 2235 ad
2890 2181 3245 2252 mysterium,
3294 2196 3418 2251 quae
3469 2193 3537 2235 ex
3591 2175 3761 2233 tradi-

2162 2273 2313 2329 tione
2366 2272 2512 2329 citra
2550 2273 2821 2344 scriptum
2862 2273 3204 2345 accepimus.

2235 2454 2644 2513 Consec'ramus
2663 2466 2850 2525 autem
2879 2472 3077 2528 aquam
3098 2456 3470 2528 baptismatis,
3495 2462 3551 2512 et
3578 2442 3760 2511 oleum

2168 2550 2475 2615 unctionis,
2524 2558 2795 2621 praeterea
2828 2551 3037 2621 ipsum,
3092 2551 3188 2621 qui
3236 2551 3577 2621 baptismum
3614 2548 3764 2605 acci-

2168 2639 2273 2712 pit,
2311 2656 2379 2695 ex
2406 2640 2612 2710 quibus
2641 2641 2906 2717 scriptis?
2934 2642 3130 2698 Nonne
3167 2659 3199 2697 a
3233 2641 3396 2707 tacita
3441 2648 3767 2711 secretaque

2170 2732 2508 2789 traditione?
2524 2732 2703 2804 Ipsam
2720 2750 2889 2805 porro
2907 2734 3015 2791 olei
3036 2734 3418 2791 inunctionem
3437 2735 3564 2806 quis
3582 2748 3767 2789 sermo

2171 2828 2379 2899 scripto
2400 2822 2657 2899 proditus
2695 2827 3055 2885 docuit?Jam
3093 2827 3451 2899 terimmergi
3484 2826 3767 2882 hominem

2173 2922 2324 2978 unde
2372 2931 2458 2978 est
2505 2920 2813 2978 traditum?

2246 3014 2481 3085 Reliqua
2525 3015 2657 3070 item
2692 3028 2816 3084 qua:
2854 3010 2998 3067 ﬁunt
3039 3012 3098 3067 in
3128 3011 3429 3082 baptismo,
3478 3008 3652 3064 veluti
3686 3022 3774 3061 re-

2177 3107 2443 3164 nuntiare
2494 3106 2712 3163 Satanae
2766 3113 2824 3161 ct
2869 3105 3083 3177 angelis
3134 3105 3277 3176 ejus,
3331 3101 3495 3177 443
3552 3114 3622 3157 ex
3664 3114 3771 3171 qua

2180 3202 2461 3273 scriptura
2504 3200 2817 3255 habemus?
2864 3198 3061 3255 Nonne
3114 3212 3184 3254 ex
3226 3195 3440 3268 privata
3480 3202 3537 3250 et
3572 3208 3772 3249 arcana

483 3269 670 3365 ῥητόο
715 3269 1093 3358 διδασκαλίας,
1150 3269 1232 3364 ἢν-
1266 3293 1327 3345 ὲν
1377 3288 1941 3361 άπολυπραγμονὴτῳ
1978 3285 2071 3340 καὶ

2179 3269 2660 3350 hac—traditione?
2707 3293 2904 3350 Nonne
2952 3306 3022 3347 ex
3067 3289 3323 3346 doctrina
3362 3303 3529 3359 quam
3578 3286 3775 3342 Patres

478 3386 890 3458 ἁπεριγράπτῳ
919 3385 1048 3456 σιγῇ
1090 3384 1139 3438 οί
1164 3382 1412 3453 Πατέρες
1436 3379 1595 3453 ἡμῶν
1619 3377 1896 3450 ἐφύλαξαν
1917 3416 1933 3440 ,
1976 3392 2077 3431 κα-

479 3477 594 3540 λῶς
623 3477 827 3530 ἐκεῖνοι
858 3472 1258 3544 δεδιδαγμένοι,
1302 3470 1412 3525 τῶν
1448 3469 1766 3541 μυστηρίων
1795 3466 1868 3522 τά
1900 3466 2077 3538 σεμνά

484 3571 669 3640 σιωπῇ
702 3564 1111 3633 διασώζεσθαις
1147 3567 1220 3619 ‘A‘
1245 3565 1354 3637 γὰρ
1384 3564 1510 3618 οὐδὲ
1537 3560 1866 3617 ἐποπτεύειν
1897 3558 2077 3626 ἔξεστι

481 3665 600 3726 τοῖς
626 3662 917 3733 ἀμυήτοις,
945 3660 1156 3715 τούτων
1204 3658 1324 3723 πῶς
1380 3658 1447 3713 ἂν
1479 3653 1547 3731 ἦν
1583 3655 1732 3720 εἰκὸς
1780 3652 1882 3727 τὴν
1926 3654 2077 3709 διδα-

486 3754 722 3810 σκαλίαν
756 3751 1120 3826 θριαμϐεύειν
1149 3754 1208 3806 ὲν
1239 3752 1571 3823 γράμμασιν
1601 3765 1614 3816 ;

565 3937 733 3991 Ἀλλο
760 3936 943 3991 τοίνυν
977 3935 1181 4007 δόγμα,
1233 3934 1329 3990 καὶ
1363 3931 1495 3988 άλλο
1537 3931 1827 4004 κήρυγμα.
1859 3928 1944 3982 Τά
1978 3926 2080 3998 μὲν

484 4030 606 4102 γάρ
629 4029 877 4100 δόγματα
893 4030 1173 4083 σιωπᾶται
1191 4042 1207 4060 ο
1230 4026 1300 4081 τὰ
1313 4024 1370 4079 δὲ
1394 4023 1735 4096 κηρύγματα
1755 4021 1820 4091 δη
1829 4019 2082 4093 μοσιεύε-

486 4141 611 4178 ται.
645 4123 862 4194 Σιωπῆς
890 4123 949 4176 δὲ
981 4117 1125 4185 εἶδος
1153 4121 1250 4174 καὶ
1280 4121 1314 4190 ἡ
1342 4116 1604 4187 ἀσάφεια,
1644 4110 1903 4189 ᾗχρῆται
1936 4112 2079 4184 Γρα-

491 4215 592 4288 φὴ,
620 4216 1000 4288 δυσθεώρητον
1026 4212 1520 4277 κατασκευάζουσα
1547 4210 1659 4265 τῶν
1678 4208 1970 4279 δογμάτων
1990 4205 2084 4259 τὸν

492 4307 624 4360 νοῦν
664 4307 804 4377 πρὸς
832 4306 894 4360 τὸ
917 4306 1028 4361 τῶν
1051 4304 1496 4375 ἐντυγχανόντων
1524 4300 1827 4362 λυσιτελές.
1875 4297 2083 4351 Τούτου

492 4394 660 4465 χάριν
687 4394 889 4457 πάντες
922 4394 1024 4465 μὲν
1046 4393 1314 4464 ὁρμῶμεν
1345 4390 1491 4447 κατὰ
1536 4388 1821 4452 ἀνατολάς
1853 4389 1948 4441 ἐπὶ
1977 4385 2088 4441 τῶν

493 4486 844 4557 προσευχῶν,
884 4487 1057 4556 ὀλίγοι
1096 4487 1154 4541 δὲ
1197 4484 1380 4557 ἴσμεν,
1403 4486 1489 4539 ὅτι
1515 4484 1617 4555 τὴν
1648 4481 1890 4554 ἀρχαίαν
1920 4480 2087 4535 πάλιν

2180 3386 2359 3443 nostri
2393 3387 2448 3441 in
2477 3385 2723 3451 silentio,
2752 3383 2901 3455 quod
2936 3382 3190 3440 curiosos
3218 3390 3276 3438 et
3305 3381 3516 3437 otiosos
3550 3378 3775 3435 submo-

2178 3485 2294 3545 vet,
2326 3476 2663 3533 servarunt?
2691 3476 2931 3531 Pulchre
2977 3475 3207 3546 quidem
3240 3473 3344 3539 illi,
3381 3471 3648 3529 nimirum
3678 3471 3777 3526 do-

2179 3569 2277 3634 cti,
2329 3582 2662 3624 arcanorum
2707 3568 3129 3624 venerationem
3172 3565 3398 3622 silentio
3428 3564 3773 3620 conservari.

2180 3660 2316 3716 Nam
2362 3674 2487 3730 quae
2535 3672 2643 3714 nec
2688 3658 2898 3713 intueri
2948 3656 3032 3713 fas
3075 3666 3158 3713 est
3209 3671 3321 3712 non
3370 3636 3628 3719 initiatis,
3679 3654 3775 3724 qui

2182 3750 2551 3809 conveniebat
2585 3753 2779 3808 borum
2824 3750 3135 3806 doctrinam
3180 3748 3486 3820 publicitus
3518 3748 3777 3803 .circum-

2181 3845 2317 3902 ferri
2361 3835 2608 3917 scripto?

2254 3935 2423 3992 Aliud
2471 3943 2658 3991 autem
2715 3940 2803 3991 est
2849 3933 3070 4005 dogma,
3118 3931 3269 3988 aliud
3318 3931 3588 3987 edictum.
3642 3931 3777 3986 Nam

2185 4030 2443 4103 dogmata
2491 4029 2769 4096 silentur,
2834 4027 3019 4083 edicta
3066 4040 3201 4081 vero
3256 4024 3632 4097 publicantur.
3685 4023 3782 4078 Est

2185 4132 2373 4185 autem
2421 4122 2629 4180 silentii
2662 4122 2877 4194 species
2898 4120 3066 4177 etiam
3107 4118 3421 4177 obscuritas
3461 4133 3570 4189 qua
3608 4115 3783 4174 utitur

2187 4216 2500 4287 Scriptura,
2536 4221 2780 4271 mentem
2803 4210 2883 4270 ad
2903 4213 3432 4283 contemplationem
3464 4210 3782 4282 dogmatum

2188 4308 2494 4365 inhabilem
2517 4320 2804 4373 exercens,
2828 4305 2998 4376 idque
3021 4304 3091 4360 ad
3120 4303 3417 4360 utilitatem
3445 4302 3500 4357 in
3531 4301 3784 4372 Scriptu-

2189 4404 2268 4460 ris
2297 4402 2657 4459 versantium.
2696 4399 2852 4455 Hanc
2876 4398 2950 4454 ob
2984 4413 3208 4456 causam
3239 4411 3437 4452 omnes
3470 4405 3786 4466 spectamus

2189 4495 2259 4551 ad
2286 4492 2561 4552 orientem
2591 4507 2719 4550 cum
2751 4505 3063 4563 precamur.
3094 4489 3265 4545 Pauci
3288 4498 3475 4544 tamen
3505 4486 3784 4542 novimus.

492 4579 867 4651 ἐπιζητοῦμεν
899 4580 1137 4653 πατρίδα
1167 4579 1262 4634 τὸν
1301 4579 1654 4651 παράδεισον,
1685 4575 1747 4629 ὃν
1780 4572 2071 4645 ὲφύτευσει

2190 4588 2342 4659 quod
2377 4585 2434 4642 id
2478 4586 2748 4643 facientes
2797 4583 3084 4655 antiquam
3127 4581 3472 4653 requirimus
3526 4577 3783 4650 patriam,

494 4669 528 4720 ὁ
555 4668 688 4731 Θεὸς
716 4671 775 4723 ὲν
813 4669 973 4741 Ἐδὲμ
1001 4670 1147 4725 κατὰ
1168 4668 1458 4733 ἀνατολάς.
1493 4668 1605 4724 Καὶ⁹
1629 4666 1782 4738 ὀρθοὶ
1817 4665 1917 4738 μὲν
1948 4664 2089 4736 πλη-

500 4759 707 4831 ροῦμεν
733 4760 836 4825 τάς
866 4763 1033 4834 εὐχάς
1079 4764 1137 4817 ὲν
1166 4764 1234 4835 τῇ
1273 4763 1375 4834 μιᾷ
1402 4759 1512 4814 τῶν
1544 4758 1839 4814 Σαϐϐάτων
1864 4774 1877 4788 ·
1911 4757 2005 4812 τὸν
2033 4756 2091 4811 δὲ

499 4852 662 4919 λόγον
685 4854 744 4907 οὐ
776 4855 980 4918 πάντες
1014 4855 1255 4926 οἴδαμεν.
1285 4855 1360 4908 Οὐ
1391 4853 1502 4927 γὰρ
1542 4852 1706 4924 μόνον
1735 4850 1812 4915 ὡς
1855 4866 2091 4906 συνανα-

501 4943 733 5009 στάντες
760 4945 840 5016 τῷ
868 4946 1112 5017 Χριστῷ,
1146 4947 1242 5000 καὶ
1294 4945 1362 4999 τὰ
1404 4946 1519 5001 ἄνω
1564 4943 1752 5016 ζητεῖν
1781 4942 2093 5012 ὀφείλοντες

499 5036 564 5088 ἐν
586 5038 652 5108 τῇ
678 5038 1043 5109 άναστασίμῳ
1076 5039 1266 5110 ᾑμέρᾳ
1292 5041 1393 5110 τῆς
1419 5036 1718 5107 δεδομένης
1758 5036 1892 5106 ἡμῖν
1930 5034 2094 5105 χάρι-

499 5140 623 5188 τος,
649 5125 736 5179 διὰ
764 5128 865 5198 τῆς
892 5130 1036 5183 κατὰ
1062 5128 1163 5197 τὴν
1183 5128 1496 5200 προσευχὴν
1526 5126 1754 5189 ἑαυτοὺς
1789 5125 2100 5195 ὑπομιμνή-

508 5233 739 5287 σκομεν,
794 5219 911 5273 ἀλλ’
965 5220 1049 5274 ὅτι
1099 5219 1252 5274 δοκεῖ
1290 5220 1424 5274 πᾶσι
1476 5218 1571 5271 τοῦ
1634 5216 2095 5289 προσδοκωμένου

505 5310 933 5383 προσδιδομένου
952 5312 1149 5376 αἰῶνος
1176 5308 1315 5367 εἶναι
1336 5309 1523 5366 είκὼν.
1552 5311 1643 5364 Διῖι
1679 5311 1775 5364 καὶ
1795 5310 1940 5383 ἀρχὴ
1963 5306 2022 5364 οὗ
2032 5326 2100 5363 σα

505 5405 756 5475 ἡμερῶν,
780 5406 902 5476 οὐχ).
934 5406 1125 5477 πρώτη
1159 5405 1314 5479 παρὰ
1350 5404 1619 5468 Μωσέως,
1650 5403 1786 5458 ἀλλὰ
1828 5404 1926 5475 μία
1957 5403 2099 5457 aves.

513 5513 744 5568 μασται.
776 5516 795 5550 ι
835 5498 1086 5566 Ἐγένετο
1121 5497 1250 5571 γὰρ,
1281 5497 1468 5569 φησιν,
1500 5495 1731 5566 ἑσπέρα,
1760 5496 1857 5549 καὶ
1877 5495 2100 5565 ἐγένετο

510 5588 683 5659 πρωῒ.
704 5589 889 5661 ἡμέρα
914 5589 1033 5659 μία,
1063 5610 1080 5642 ι
1106 5588 1182 5652 ὡς
1204 5588 1306 5659 τῆς
1334 5586 1793 5659 άνακαλουμένης
1814 5587 2095 5651 πολλάκις.

586 5728 632 5759 ⁸⁵⁵
660 5725 793 5781 Gen.
825 5744 862 5792 ι,
898 5728 951 5782 5.

2191 4680 2457 4738 videlicet
2505 4678 2849 4750 paradisum,
2880 4690 3048 4748 quem
3078 4674 3333 4731 consevit
3364 4674 3515 4729 Deus
3544 4673 3600 4728 in
3631 4671 3787 4728 Eden

2193 4774 2263 4830 ad
2310 4773 2609 4830 orientem.
2659 4774 2731 4827 At
2770 4770 2827 4825 in
2875 4785 2929 4841 pa
2946 4767 3057 4824 ima
3110 4766 3338 4823 Sabbati
3389 4765 3566 4823 erecti
3618 4764 3789 4836 perii-

2194 4867 2376 4922 cimus
2403 4862 2845 4935 deprecationes,
2875 4860 2972 4918 sed
3014 4861 3287 4917 rationem
3322 4857 3433 4914 non
3465 4872 3659 4913 omnes
3687 4871 3789 4912 no-

2196 4959 2399 5014 vimus.
2449 4957 2570 5013 Non
2609 4955 2788 5013 solum
2841 4954 2992 5011 enim
3038 4952 3189 5023 quod
3227 4951 3399 5006 veluti
3447 4948 3613 5005 simul
3663 4963 3789 5005 cum

2198 5048 2423 5106 Christo
2457 5046 2797 5111 resuscitati,
2831 5062 2955 5118 qua:
2996 5057 3217 5101 sursum
3253 5049 3383 5098 sunt
3415 5057 3667 5113 qumrere
3698 5030 3822 5133 (ιε-ξ

2202 5143 2454 5221 beamus,
2491 5141 2549 5197 in
2595 5141 2688 5196 die
2734 5139 3168 5196 resurrectionis
3216 5137 3359 5194 datae
3391 5137 3556 5193 nobis
3604 5135 3796 5208 gratias

2199 5235 2401 5292 stando
2460 5243 2756 5307 precantes
2829 5234 3203 5304 nosmetipsos
3240 5229 3796 5293 commonefacimus.

2200 5326 2299 5382 sed
2346 5325 2496 5397 quod
2527 5326 2575 5381 is
2603 5324 2726 5381 dies
2749 5324 3006 5380 videatur
3028 5324 3218 5395 aliquo
3247 5324 3411 5379 modo
3447 5323 3630 5395 imago
3657 5337 3795 5377 ven-

2207 5419 2314 5475 turi
2340 5419 2551 5475 saaculi.
2589 5418 2781 5489 quue
2803 5434 2929 5475 cum
2951 5419 3026 5474 sit
3044 5418 3383 5490 principium
3415 5417 3655 5483 dierum,
3684 5432 3797 5473 non

2204 5513 2420 5584 primus
2445 5529 2478 5568 a
2503 5512 2707 5585 Moyse,
2731 5513 2827 5568 sed
2853 5529 2996 5568 unus
3023 5513 3335 5584 appellatus
3381 5520 3489 5567 est.
3530 5530 3547 5564 ι
3567 5510 3797 5568 Factum

2204 5616 2311 5671 est,
2352 5605 2554 5677 inquit,
2583 5621 2817 5677 vespere
2858 5614 2913 5661 ct
2941 5622 3100 5662 mane
3126 5605 3249 5662 dies
3288 5621 3434 5662 unus
3468 5606 3558 5659 ":
3597 5623 3616 5657 ι
3671 5609 3797 5658 tan-

1805 5822 2038 5878 VARl/E
2083 5819 2490 5880 LECTIONES.

586 5926 627 5955 ω
651 5915 963 5989 ζυμοῦντες.
1044 5927 1070 5956 ιι
1096 5915 1340 5989 μνησθῶ,
