4056 6418
403 322 507 388 819

1609 335 1667 396 S.
1741 337 1780 393 Α
1790 333 2137 395 NASTASII
2192 334 2516 396 SlNAlTAi

3585 339 3691 404 820

404 463 572 516 quam
617 448 713 518 qui
755 465 899 522 saepe
950 461 1225 521 recurrat,
1276 461 1333 508 et
1376 470 1516 508 unus
1567 453 1640 508 sit
1671 453 1815 508 idem
1847 464 1991 507 octa-

2104 455 2197 507 καὶ
2240 453 2341 522 μία
2399 455 2609 521 λοιπὸν,
2647 457 2681 527 ή
2722 455 2862 527 αὐτὴ
2902 457 3000 512 καὶ
3031 457 3194 528 ὀγδόη
3222 459 3324 530 τὴν
3357 458 3490 530 μίαν
3517 459 3691 524 ὅντως

405 556 529 606 vus,
568 557 740 595 unum
791 542 948 597 illum
986 543 1322 615 singularem
1365 561 1428 600 ac
1477 560 1671 600 verum
1711 559 1994 611 octavum,

407 633 565 703 cujus
604 630 896 690 I'salmista
945 635 1149 690 alicubi
1197 637 1254 690 in
1301 637 1535 692 Psalmis
1581 635 1854 701 meminit,
1897 651 1999 706 per

407 741 467 779 se
521 726 864 796 sngnificans,
917 725 1086 795 diem,
1141 729 1390 800 inquam,
1443 739 1568 800 post
1608 731 1810 785 horum
1861 737 2000 784 tem-

407 833 610 888 porum
668 829 873 876 statum
936 839 1221 894 nunquam
1271 822 1598 889 finiendum,
1647 839 1711 878 ac
1752 839 1998 894 vespera:

407 911 682 976 nescium,
731 927 835 968 nec
877 914 1184 970 successori
1218 913 1534 977 cedentem,
1579 913 1684 969 hoc
1711 908 1810 969 'est
1841 924 2001 969 aeter-

408 1004 659 1069 nitatem,
698 1020 824 1076 quae
867 1021 972 1061 nec
1003 1006 1168 1062 finem
1202 1007 1390 1067 habet.
1433 1022 1538 1061 nec
1572 1007 1789 1060 senium
1818 1006 1995 1062 novit.

408 1098 735 1153 Necessario
826 1099 998 1171 igitur
1029 1099 1082 1154 in
1125 1099 1230 1154 hoc
1259 1099 1350 1154 die
1376 1099 1623 1154 Ecclesia
1660 1115 1791 1155 suos
1819 1099 1997 1152 alum-

320 1237 330 1270 λ
407 1206 508 1246 nos
530 1189 692 1246 docet
719 1196 932 1246 stantes
952 1189 1240 1245 absolvere
1269 1205 1465 1261 preces
1493 1206 1641 1256 suas,
1678 1196 1738 1243 ut
1772 1187 1998 1244 assidua

408 1281 845 1337 commonitione
884 1282 1012 1337 vita:
1051 1281 1202 1337 illius
1251 1297 1538 1352 nunquam
1575 1281 1858 1342 desiturte,
1885 1294 1998 1334 non

407 1375 753 1448 negligamus
805 1375 875 1432 ad
911 1389 1032 1430 eam
1088 1374 1549 1446 demigrationem
1594 1387 1792 1443 parare
1839 1370 2002 1426 viati-

407 1483 553 1522 cum.
596 1467 742 1534 Quin
771 1476 828 1522 et
859 1476 1034 1523 totum
1070 1475 1291 1535 tempus
1313 1479 1487 1534 usque
1511 1463 1577 1517 ad
1609 1462 1997 1527 Pentecosten,

404 1559 711 1616 admonitio
760 1569 845 1616 est
874 1559 1308 1616 resurrectionis
1351 1573 1518 1628 quam
1565 1556 1621 1610 in
1665 1555 1760 1610 illo
1797 1553 2001 1609 saeculo

403 1659 810 1722 exspectamus.
843 1651 981 1708 Nam
1015 1668 1158 1706 unus
1189 1651 1280 1706 ille
1312 1661 1369 1704 et
1399 1649 1614 1720 primus
1649 1647 1767 1702 dies
1797 1646 2002 1718 septies

2103 547 2190 602 ἐκι
2207 565 2324 619 ιιην
2355 550 2452 602 καὶ
2483 549 2742 620 ἀληθινὴν
2766 550 2979 621 ὁγδόην,
3002 547 3071 624 ἦς
3096 552 3194 606 καὶ
3218 553 3247 604 ὁ
3274 551 3437 606 Δαυῒδ
3465 552 3524 605 ἐν
3547 569 3692 606 τισιν

2103 640 2439 711 ἐπιγραφαῖς
2494 640 2604 695 τῶν
2673 642 2910 714 Υαλμῶν
2953 643 3306 716 ἐπεμνήσθη,
3355 644 3422 698 δι’
3481 645 3691 716 ἑαυτῆς

2102 734 2483 803 ἐμφανίζουσα
2505 736 2604 806 τὴν
2622 737 2760 808 μετὰ
2782 737 2874 792 τὸν
2898 736 3090 808 χρόνον
3109 737 3302 792 τοῦτον
3326 737 3690 804 κατάστασιν,

2101 826 2200 896 τὴν
2216 825 2494 899 ἄπαυστον
2516 828 2754 899 ἡμέραν,
2777 829 2877 898 τὴν
2901 829 3104 883 ἀνέσπε
3114 846 3228 901 ρον,
3252 830 3355 902 τὴν
3385 829 3688 899 ἁδιάδοχον,

2101 921 2194 973 τὸν
2225 919 2462 992 ἄληκτον
2495 923 2703 977 ἐκεῖνον
2744 921 2839 976 καὶ
2871 922 3070 994 ἀγήρω
3102 921 3300 978 αίῶνα.
3342 923 3691 990 Ἀναγκαίως

2103 1009 2198 1064 οὖν
2234 1010 2336 1074 τὰς
2370 1011 2428 1065 ἐν
2469 1012 2608 1083 αὐτῇ
2666 1011 2978 1086 προσευχὰς
3031 1011 3280 1077 ἑστῶτας
3334 1013 3693 1084 ἀποπληροῦν

2102 1105 2228 1166 τοὺς
2257 1104 2460 1174 ἐξαυτῆς
2503 1103 2808 1175 τροφίμους
2858 1105 2892 1175 ή
2939 1095 3242 1174 Ἐκκλησία
3289 1105 3562 1171 παιδεύει,
3603 1105 3690 1159 ἵνα

2101 1199 2168 1267 τῇ
2203 1199 2420 1268 συνεχεῖ
2465 1196 2774 1268 ὑπομνήσει
2831 1196 2933 1266 τῆς
2977 1196 3348 1266 ἀτελευτήτου
3394 1197 3542 1266 ζωῆς
3581 1198 3690 1252 τῶν

2104 1289 2242 1362 πρὸς
2285 1289 2384 1361 τὴν
2436 1290 2772 1360 μετάστασιν
2808 1291 3028 1360 ἐκείνην
3061 1290 3294 1360 ἐφοδίων
3351 1289 3430 1362 μὴ
3472 1289 3686 1360 ἀμελῶ-

2107 1400 2228 1453 μεν.
2263 1384 2374 1436 Καὶ
2405 1383 2555 1437 πᾶσα
2591 1383 2650 1436 δε
2686 1384 2720 1454 ἡ
2751 1383 3103 1454 Πεντηκοστὴ
3133 1383 3236 1454 τῆς
3278 1383 3339 1436 ἐν
3397 1383 3476 1452 τῷ
3529 1383 3688 1436 αίῶνι

2104 1477 2565 1548 προσδοκωμένης
2618 1475 2976 1540 ἀναστάσεως
3029 1477 3180 1530 ἐστιν
3213 1475 3560 1544 ὑπόμνημα.
3626 1475 3690 1526 'Il

2102 1571 2213 1640 γὰρ
2247 1571 2347 1641 μία
2379 1569 2566 1641 ἐκείνη
2599 1570 2693 1637 καὶ
2712 1567 3113 1640 πρώτηήμὲρα
3145 1567 3381 1631 ἑπτάκις
3407 1567 3694 1622 ἐπταπλα·

2107 1661 2418 1725 σιασθεῖσα,
2449 1660 2550 1724 τὰς
2608 1659 2750 1714 ἑπτὰ
2773 1660 2888 1731 τῆς.
2916 1661 3072 1730 ἱερᾶς
3111 1659 3501 1728 Πεντηκοστῆς
3537 1656 3694 1712 ἐϐδο-

403 1745 825 1818 multiplicatus,
860 1754 1072 1818 septem
1099 1762 1269 1801 sacrae
1301 1745 1658 1800 Pentecostes
1690 1739 1996 1798 hebdoma-

2104 1752 2278 1824 μάδας
2309 1752 2584 1808 ἀποτελεῖ.
2615 1753 2712 1806 Ἐκ
2755 1725 2981 1824 πρῶτης
3007 1751 3118 1822 γὰρ
3145 1725 3465 1823 ιίιρχομένη,⁷
3483 1750 3566 1813 εἰς
3591 1749 3694 1817 τὴν

402 1841 505 1895 das
551 1840 811 1896 absolvit.
863 1840 910 1896 Α
946 1840 1128 1912 primo
1176 1840 1324 1896 enim
1371 1837 1646 1910 incipiens
1689 1838 1745 1891 in
1787 1835 2000 1907 princi~

403 1932 558 2005 pium
593 1932 822 1999 desinit,
857 1941 966 1988 etc.
993 1933 1226 2002 insuper
1247 1933 1468 2003 quoties
1489 1945 1666 2002 genua
1699 1929 1996 1993 flectimus,

401 2033 460 2080 et
487 2040 680 2081 rursus
709 2025 998 2096 erigimur,
1027 2025 1154 2096 ipso
1185 2025 1332 2079 facto
1361 2023 1709 2078 ostendimus
1740 2021 1887 2093 quod
1927 2021 1999 2077 ob

401 2129 694 2191 peccatum
741 2119 797 2174 in
829 2127 1032 2174 terram
1071 2116 1280 2188 delapsi
1319 2132 1536 2182 sumus,
1585 2125 1642 2170 et
1673 2131 1772 2186 per
1798 2114 1998 2168 huma-

401 2213 633 2269 nitatem
687 2213 809 2285 ejus
845 2211 942 2283 qui
985 2211 1196 2266 creavit
1240 2225 1361 2276 nos,
1407 2209 1464 2263 in
1503 2208 1706 2262 emtum
1757 2206 1997 2262 revocati

405 2321 621 2362 sumus.

476 2396 706 2453 Deficiet
731 2411 818 2452 mc
849 2395 991 2462 dies,
1026 2395 1072 2451 si
1110 2393 1380 2450 Ecclesia)
1402 2393 1661 2466 mysteria
1689 2392 1827 2448 citra
1859 2389 1999 2446 scri-

405 2499 562 2560 ptum
623 2486 831 2545 tradita
881 2504 1106 2563 pergam
1156 2503 1467 2543 recensere.
1524 2486 1731 2540 Omitto
1776 2493 1994 2550 czetera,

405 2585 582 2652 ipsam
634 2581 764 2638 fidei
800 2580 1203 2654 professionem
1245 2577 1414 2652 444.
1466 2585 1572 2649 qlia
1621 2575 1901 2632 credimus
1939 2573 1995 2628 in

403 2676 649 2738 Patrem,
693 2681 752 2729 et
795 2672 1021 2738 Filium,
1069 2679 1125 2728 et
1157 2671 1433 2742 Spiritum
1484 2677 1758 2732 sanctum,
1804 2682 1836 2722 e
1876 2665 2000 2738 qui-

405 2770 514 2825 bus
554 2767 830 2824 habemus
871 2766 1126 2837 scriptis?
1159 2763 1381 2820 Etenim
1431 2762 1476 2818 si
1512 2761 1773 2833 quoniam
1803 2776 1872 2817 ex
1899 2760 1995 2816 ba-

405 2861 598 2933 ptismi
639 2855 958 2923 traditione,
1008 2859 1164 2930 juxta
1206 2855 1428 2928 pietatis
1457 2856 1902 2926 congruentiam,
1939 2861 2006 2908 ut

405 2955 776 3025 baptizamur,
829 2955 905 3011 ita
949 2955 1178 3010 credere
1224 2952 1518 3013 debemus,
1553 2949 1790 3004 similem
1819 2947 1998 3021 bapti-

405 3063 527 3104 smo
560 3047 966 3121 professionem
1003 3046 1353 3111 exhibemus,
1385 3043 1696 3099 concedant
1743 3043 1907 3098 nobis
1937 3051 1999 3096 ut

399 3143 558 3214 juxta
609 3139 863 3196 eamdem
905 3139 1362 3210 consequentiam
1413 3137 1671 3193 similiter
1717 3133 1996 3206 gloriﬁce-

408 3250 534 3289 mus
572 3232 772 3297 Deum,
806 3240 870 3287 ut
898 3231 1199 3288 credimus.
1229 3229 1386 3296 Quod
1418 3229 1462 3284 si
1498 3227 1844 3300 glorificandi
1879 3241 1999 3281 mo-

406 3331 540 3383 dmn
559 3327 732 3382 veluti
759 3326 971 3396 scripto
991 3341 1100 3379 non
1125 3325 1389 3380 traditum
1410 3323 1691 3394 rejiciunt.
1717 3311 2002 3393 proferant

407 3419 572 3475 nobis
611 3427 670 3477 ct
727 3417 856 3477 ﬁdei
917 3416 1318 3489 professionis,
1363 3424 1420 3470 et
1468 3407 1800 3470 cmterorum
1879 3429 2003 3482 qua:

408 3526 935 3576 commemoramus,
988 3510 1372 3582 probationem
1425 3525 1454 3566 e
1501 3508 1826 3580 Scripturis.
1860 3505 2000 3562 illud

411 3605 656 3663 dicimus
685 3625 700 3662 :
726 3604 784 3661 Si
816 3605 954 3660 nihil
981 3603 1131 3660 aliud
1175 3614 1261 3659 est
1300 3613 1588 3674 receptum
1615 3603 1824 3672 absque
1856 3601 2003 3655 Scri-

407 3698 623 3772 pturis,
688 3712 758 3752 ne
807 3696 915 3752 hoc
963 3695 1187 3766 quidem
1237 3691 1562 3765 recipiatur.
1617 3693 1715 3748 Sin
1763 3692 2002 3763 plurima

407 3807 612 3850 arcana
651 3790 790 3847 citra
841 3791 1112 3861 scriptum
1167 3797 1389 3858 recepta
1437 3796 1564 3841 sunt
1625 3784 1810 3864 nobis,
1874 3800 2000 3839 cum

408 3884 535 3942 aliis
582 3884 833 3952 piuribus
873 3897 930 3939 et
971 3884 1078 3938 hoc
1125 3881 1475 3958 recipiamus.
1526 3878 1785 3934 Arbitror
1816 3886 2002 3932 autem

409 3979 776 4048 apostolicum
814 3993 936 4034 esse
982 3977 1150 4032 etiam
1195 3991 1306 4029 non
1344 3971 1568 4043 scriptis
1607 3969 2004 4025 traditionibus

397 4071 704 4148 inhaerere.
743 4091 760 4124 ι
793 4071 1004 4136 Laudo,
1053 4069 1256 4140 inquit,
1316 4083 1436 4132 vos,
1479 4065 1627 4135 quod
1663 4064 1846 4118 omnia
1881 4078 2000 4118 mea

412 4167 762 4234 meministis,
811 4173 868 4220 et
900 4161 1366 4235 quemadmodum
1419 4159 1620 4214 tradidi
1669 4157 1848 4222 vobis,
1897 4166 2006 4210 tra-

412 4261 654 4317 ditiones
697 4258 988 4323 obtinetis,
1012 4243 1156 4327 quas
1192 4253 1482 4325 accepistis
1521 4253 1637 4307 sive
1671 4268 1768 4322 per
1793 4260 2006 4306 sermo-

412 4370 542 4412 nem
597 4353 715 4409 sive
767 4367 869 4422 per
913 4349 1206 4421 epistolam
1253 4349 1320 4402 °°.
1356 4369 1374 4400 ι

639 4466 895 4538 Ejusdem
940 4481 1005 4519 ea:
1047 4464 1178 4518 libro
1219 4463 1282 4516 de
1327 4462 1530 4533 Spiritu
1577 4471 1782 4516 sancto.

481 4559 655 4614 Vetus
703 4557 1120 4612 Testamentum
1170 4555 1347 4624 palam
1389 4552 1710 4623 prwdicavit
1748 4552 2003 4616 Patrem;

413 4653 615 4710 Filium
636 4667 770 4709 vero
791 4649 1115 4715 obscurius;
1150 4664 1313 4718 quem
1339 4647 1552 4700 Novum
1587 4645 2007 4698 Testamentum

414 4743 811 4807 manifestavit,
856 4750 915 4797 et
953 4741 1194 4811 Spiritus
1233 4739 1409 4794 sancti
1443 4737 1793 4792 divinitatem
1820 4742 2008 4790 osten-

413 4839 515 4894 dit.
540 4836 660 4893 Non
692 4836 841 4892 enim
864 4842 1044 4890 tutum
1073 4843 1213 4896 erat,
1247 4831 1424 4886 Patris
1451 4829 1741 4884 divinitate
1769 4829 2003 4882 necdum

415 4931 638 5000 penitus
655 4943 919 4986 concessa
942 4935 998 4981 et
1024 4925 1330 4996 propalata,
1362 4923 1429 4978 de
1459 4922 1596 4976 Filio
1619 4932 1810 4990 aperte
1838 4919 2004 4976 verba

414 5024 597 5079 facere
623 5041 638 5076 :
663 5038 768 5078 nec
795 5021 916 5076 Filii
948 5019 1241 5074 divinitate
1273 5017 1520 5071 nondum
1545 5025 1765 5083 recepta
1797 5023 1850 5068 et
1875 5029 2004 5083 pro-

415 5117 678 5186 mulgata,
734 5114 971 5169 multum
1015 5112 1082 5168 dc
1129 5111 1338 5182 Spiritu
1388 5117 1602 5171 sancto,
1648 5118 1707 5162 ut
1737 5106 2006 5160 audacius

416 5207 628 5278 aliquid
687 5207 900 5274 dicam,
954 5205 1244 5268 laborare,
1294 5219 1383 5268 ue,
1438 5201 1588 5272 quod
1641 5200 1847 5254 accidit
1901 5198 2010 5252 iilis

417 5300 512 5371 qui
540 5299 755 5354 deliciis
797 5314 963 5369 supra
993 5297 1141 5352 vires
1183 5303 1502 5366 gravantur,
1551 5293 1605 5346 in
1641 5293 1820 5348 lucem
1863 5291 2006 5346 sola-

419 5407 534 5450 rem
565 5390 805 5447 debilius
826 5392 1016 5446 oculos
1054 5389 1416 5460 conj-icerant,
1441 5388 1621 5457 doque
1644 5395 1754 5440 tota
1788 5383 2010 5440 videndi

420 5483 683 5538 facultate
733 5483 1208 5553 periclitarcntur.
1263 5481 1536 5538 Caeterum
1578 5477 2010 5551 particularibus

420 5575 835 5642 additamcntis,
879 5583 966 5641 et,
1023 5586 1084 5630 ut
1131 5574 1302 5631 David
1358 5573 1656 5644 appellavit
1700 5573 1768 5636 θ’,
1817 5587 2010 5626 ascen-

420 5669 675 5724 sionibus
709 5679 768 5722 et
817 5684 887 5723 ex
937 5669 1110 5740 gloria
1151 5667 1205 5721 in
1246 5667 1476 5738 gloriam
1524 5663 2012 5735 progressionibus

424 5775 469 5816 el
497 5762 841 5830 profectibus
861 5762 1046 5817 lumen
1073 5759 1362 5814 Trinitatis
1386 5758 1784 5813 illustrioribus
1811 5756 2006 5812 iiluxit.

485 5873 528 5906 ‘°
563 5877 602 5932 ll
647 5875 840 5932 Thess.
876 5894 931 5944 ιι,
965 5877 1047 5932 l-i.
1129 5877 1169 5908 ⁶¹
1199 5876 1343 5932 Psal.
1371 5892 1588 5944 LXXMU,
1616 5877 1667 5932 6.

2098 1847 2270 1915 αὐτὴν
2310 1845 2635 1916 καταλήγει.
2679 1845 2792 1900 Καὶ
2825 1843 2951 1898 καθ’
2981 1843 3224 1914 ἑκάστην
3251 1842 3310 1896 δὲ
3341 1842 3693 1911 γονυκλισίαν

2099 1939 2195 1992 καὶ
2218 1937 2569 1991 διανάστασιν
2614 1935 2762 2007 ἔργῳ
2811 1935 3127 2007 δείκνυμεν,
3175 1936 3256 1989 ὅτι
3315 1935 3414 1989 καὶ
3451 1933 3543 1988 διὰ
3589 1935 3688 2004 τῆς

2099 2030 2376 2102 ἁμαρτίας
2413 2031 2491 2092 εἰς
2525 2029 2631 2100 γῆν
2666 2028 3076 2100 κατερρύημεν,
3112 2027 3210 2081 καὶ
3247 2026 3335 2081 διὰ
3360 2027 3463 2098 τῆς
3494 2022 3688 2094 φιλαν-

2099 2122 2350 2194 Θρωπίας
2379 2123 2476 2176 τοῦ
2517 2122 2810 2186 κτίσαντος
2841 2121 2989 2192 ἡμᾶς
3020 2121 3102 2185 είς
3132 2120 3363 2192 οὐρανὸν
3392 2117 3698 2192 ἀνεκλήθη-

2103 2235 2225 2289 μεν.

2185 2404 2487 2476 Ἐπιλείψει
2538 2420 2606 2474 με
2655 2402 2689 2475 ή
2735 2402 2919 2475 ἡμέρα
2955 2402 3024 2456 τὰ
3057 2401 3286 2473 ἄγραφα
3314 2399 3417 2470 τῆς
3456 2397 3686 2468 Ἐκκλη-

2102 2498 2224 2562 σίας
2259 2499 2539 2569 μυστήρια
2567 2495 2759 2568 διηγού
2770 2512 2953 2566 μενον.
2977 2494 3098 2550 εἘῶ
3122 2494 3192 2548 τὰ
3219 2493 3354 2548 ἄλλα
3374 2510 3388 2525 ο
3432 2491 3606 2562 αὐτὴν
3633 2490 3688 2544 δέ

2098 2592 2198 2660 τὴν
2227 2591 2525 2662 ὁμολογίαν
2558 2589 2659 2658 τῆς
2691 2589 2935 2652 πίστεως
2988 2586 3270 2642 πιστεύειν
3316 2588 3396 2651 εἰς
3443 2585 3688 2655 Πατέρα,

2099 2679 2249 2747 Υίὺν,
2287 2680 2382 2733 καὶ
2413 2679 2569 2748 ἅγιον
2599 2677 2851 2748 Πνεῦμα,
2885 2680 2950 2732 ἐκ
2982 2677 3158 2731 ποίων
3181 2675 3537 2748 γραμμάτων
3569 2675 3692 2746 ἐχο-

2103 2791 2238 2845 μεν;
2275 2774 2340 2828 Εἰ
2373 2773 2473 2843 μὲν
2511 2773 2577 2825 ἐκ
2621 2773 2721 2843 τῆς
2755 2771 2851 2824 τοῦ
2895 2769 3276 2840 βαπτίσματος
3308 2768 3690 2840 παραδόσεως,

2099 2866 2245 2921 κατὰ
2274 2865 2336 2918 τὸ
2359 2865 2455 2936 τῆς
2487 2863 2776 2927 εὐσεϐείας
2814 2864 3142 2934 μυστήριον,
3175 2861 3251 2924 ῶς
3286 2859 3693 2932 βαπτιζόμεοα,

2095 2960 2274 3024 οὕτως
2308 2959 2405 3012 καὶ
2457 2958 2750 3011 πιστεύειν.
2785 2956 3121 3027 ὀφείλοντες,
3159 2955 3355 3028 ὁμοίαν
3383 2954 3464 3025 τῷ
3497 2951 3695 3025 βαπτί-

2105 3067 2273 3122 σματι
2305 3051 2406 3120 τὴν
2439 3049 2734 3121 ὁμολογίαν
2766 3047 3179 3119 κατατιθέμεϐα
3199 3062 3213 3077 ·
3249 3045 3696 3118 συγχωρησάτω-

2107 3163 2205 3200 σαν
2229 3147 2363 3217 ἡμῖν
2397 3145 2464 3197 ἐκ
2492 3143 2593 3214 τῆς
2627 3141 2957 3206 ἀκολουθίας
2989 3141 3182 3214 ὁμοίαν
3233 3142 3301 3212 τῇ
3355 3140 3543 3194 πίστει
3594 3140 3695 3210 τὴν

2102 3239 2262 3306 δόξαν
2295 3239 2628 3315 διποδιδόναι.
2663 3239 2728 3292 Et
2771 3237 2829 3290 δὲ
2875 3237 3079 3310 τρόπον
3119 3237 3219 3306 τῆς
3267 3235 3582 3304 δοξολογίας
3621 3232 3698 3295 ὡς

2103 3335 2354 3406 ἄγραφον
2377 3331 2788 3405 παρωθοῦνται,
2824 3329 3070 3384 δότωσαν
3113 3329 3248 3399 ἡμῖν
3289 3327 3394 3396 τῆς
3437 3343 3500 3380 τε
3553 3323 3697 3378 κατὰ

2103 3428 2206 3499 τὴν
2238 3427 2422 3480 πίστιν
2453 3423 2768 3496 ὁμολογίαν,
2802 3422 2898 3478 καὶ
2928 3421 3039 3475 τῶν
3075 3420 3308 3483 λοιπῶν,
3343 3413 3416 3474 ὧν
3443 3417 3696 3488 ἀπηριθ-

2110 3518 2435 3592 μησάμεθα,
2467 3519 2783 3588 ἐγγράφους
2810 3515 2910 3579 τὰς
2936 3514 3269 3578 ἀποδείξεις.
3301 3515 3511 3567 Ἐκεῖνο
3538 3511 3697 3580 λέγο-

2111 3629 2247 3682 μεν,
2281 3611 2363 3664 ὅτι
2424 3611 2475 3663 εἰ
2520 3608 2688 3680 μηδὲν
2745 3607 2934 3678 ἓτερον
2999 3607 3288 3678 ἄγραφον,
3343 3605 3482 3677 μηδὲ
3539 3602 3698 3658 τοῦτο

2107 3701 2530 3774 παραδεχθήτω,
2555 3701 2618 3754 Εἰ
2643 3700 2699 3753 δὲ
2729 3699 2796 3753 τὰ
2826 3698 3055 3753 πλεῖστα
3084 3699 3192 3752 τῶν
3225 3697 3507 3768 μυστικῶν
3532 3694 3698 3768 ἀγρά-

2108 3813 2222 3865 φως
2254 3797 2388 3866 ἡμῖν
2417 3793 2862 3864 ἐμπολιτεύεται,
2909 3791 3050 3862 μετὰ
3101 3790 3316 3846 πολλῶν
3361 3791 3568 3862 ἐτέρων
3607 3789 3699 3842 καὶ

2105 3889 2264 3942 τοῦτο
2293 3887 2732 3958 κατεδεξάμεθα.
2765 3884 3157 3939 Ἀςποστολικὸν
3199 3885 3256 3938 δέ
3305 3880 3461 3954 οἶμαι
3511 3885 3608 3938 καὶ
3641 3884 3700 3937 τδ

2107 3983 2226 4044 ταῖς
2255 3979 2533 4049 ἀγράφοις
2583 3978 2926 4050 παραδόσεσι
2975 3977 3344 4048 παραμένειν.
3385 3996 3404 4029 ι
3455 3976 3702 4030 Ἐπαινῶ

2107 4077 2238 4144 γὰρ.
2276 4072 2465 4142 φησὶν,
2517 4071 2682 4138 ὑμᾶς,
2733 4071 2816 4123 ὅτι
2871 4069 3054 4123 πάντα
3095 4087 3198 4140 μου
3266 4069 3570 4141 μέμνησθε,
3604 4071 3699 4123 καὶ

2108 4165 2294 4230 καθὼς
2329 4163 2625 4234 παρέδωκα
2661 4163 2791 4233 ὑμῖν
2823 4162 2924 4223 τὰς
2977 4161 3330 4232 παραδόσεις,
3362 4160 3430 4225 ἃς
3459 4159 3700 4232 παρελά-

2110 4259 2259 4319 ϐετε,
2294 4257 2404 4310 εἴτε
2429 4255 2519 4311 διὰ
2551 4255 2738 4324 λόγου,
2771 4253 2884 4307 είτε
2911 4253 2980 4306 δι’
3016 4254 3330 4324 ἐπιστολῆς.
3367 4274 3386 4307 ι

2034 4437 2086 4495 D
2170 4463 2282 4519 Τοῦ
2311 4463 2498 4518 αὐτοῦ
2527 4465 2597 4518 ἐκ
2628 4463 2732 4516 τοῦ
2769 4463 2898 4530 περὶ
2935 4461 3041 4518 τοῦ
3067 4462 3240 4532 ἁγίου
3273 4461 3636 4530 Πνεύματος.

2195 4557 2503 4626 Ἐκήρυσσε
2540 4554 2797 4625 φανερῶς
2837 4557 2870 4626 ή
2927 4553 3144 4608 Παλαιὰ
3191 4554 3282 4606 τὸν
3319 4552 3575 4622 Πατέρα·
3611 4550 3701 4604 τὸν

2109 4652 2166 4705 δὲ
2197 4649 2592 4720 ἀμυδρᾶτερον,
2623 4649 2973 4720 ἐφανέρωσεν
3003 4650 3036 4719 ή
3086 4647 3264 4715 Καινὴ
3295 4645 3385 4698 τὸν
3413 4645 3562 4700 Υίδν.
3598 4644 3700 4696 ὑπ-

2114 4742 2286 4809 έδειξε
2313 4741 2408 4794 τοῦ
2435 4741 2757 4810 Πνεύματος
2781 4741 2879 4810 τὴν
2907 4741 3160 4811 θεότητα.
3187 4740 3257 4792 Οἱ.
3293 4740 3398 4806 γὰρ
3428 4733 3504 4808 ἦν
3527 4739 3702 4805 ἀσφα-

2113 4835 2223 4899 λὲς,
2263 4834 2432 4906 μήπω
2466 4833 2566 4902 τῆς
2594 4833 2690 4886 τοῦ
2717 4833 2931 4904 Πατρὸς
2958 4833 3214 4904 θεότητος
3247 4829 3698 4900 ὁμολογηθείσης,

2112 4927 2206 4980 τὸν
2233 4924 2347 4977 υἱὸν
2381 4922 2624 4992 ἐκδήλως
2673 4922 3046 4992 κηρύττεσθςι
3067 4939 3080 4952 ·
3128 4921 3283 4990 μηδὲ.
3309 4921 3411 4985 τῆς
3441 4919 3537 4972 τοῦ
3573 4917 3702 4971 Υἱοῦ

2113 5014 2554 5087 παραδεχθείσης
2588 5015 2649 5067 τὸ
2703 5013 2859 5083 ἅγιον
2902 5012 3151 5085 Πνεῦμα,
3199 5013 3264 5065 ἵν’
3321 5012 3460 5063 εἴπω
3509 5028 3564 5064 τι
3612 5010 3700 5063 καὶ

2114 5109 2538 5180 τολμηρότερον,
2569 5107 3022 5179 ἐπιφορτίξεσθαι
3047 5125 3058 5136 ·
3095 5108 3171 5176 μὴ
3235 5106 3493 5174 καθάπερ
3523 5103 3702 5176 τρυε,ςῇ

2116 5204 2184 5272 ’τῇ
2215 5204 2356 5254 ὑπίο
2391 5200 2622 5272 δύναμιν
2651 5201 3002 5270 βαρυθέντες,
3032 5201 3127 5254 καὶ
3178 5198 3394 5270 ἡλιακῷ
3436 5198 3580 5268 φωτὶ
3611 5213 3705 5249 σαι

2115 5295 2380 5368 Οροτέραν
2413 5295 2494 5349 ἔτι
2525 5295 2927 5365 προσῦαλόντες
2953 5295 3054 5366 τὴν
3079 5294 3223 5364 ὄψιν,
3248 5294 3340 5347 καὶ
3363 5293 3444 5356 εἰς
3474 5291 3536 5344 τὸ
3569 5287 3705 5344 κατὰ

2116 5390 2349 5460 δύναμιν
2375 5385 2802 5443 κινδυνεύσωσι·
2836 5392 2957 5454 ταῖς
2988 5389 3044 5442 δὲ
3076 5388 3220 5443 κατὰ
3255 5388 3423 5460 μέρος
3457 5385 3705 5458 προσθή-

2118 5499 2245 5544 καις
2271 5523 2286 5549 ,
2324 5481 2418 5536 καὶ
2449 5481 2526 5546 ὡς
2551 5478 2676 5535 εἷπε
2703 5481 2887 5550 Δαυῖδ,
2935 5481 3261 5547 ἁναὸἀσεσι,
3306 5480 3404 5534 καὶ
3439 5481 3519 5542 είς
3549 5477 3706 5541 δόξαν

2121 5575 2379 5647 προόδοις
2422 5575 2517 5629 καὶ
2573 5577 2902 5646 προκοπαῖς,
2951 5578 3012 5628 τὸ
3040 5576 3140 5646 τῆς
3171 5572 3408 5644 Τριάδος
3449 5571 3566 5643 φῶς
3615 5571 3707 5624 ἐκο

2125 5667 2334 5740 λάμ-ᾇει
2362 5671 2476 5733 τοῖς
2508 5667 2609 5738 λαμ
2625 5668 2936 5740 προτέροις.
