4056 6428
382 362 484 430 821

1772 388 2295 462 ΟΠΛΞΞΤΙΟΝΕΞ.

3556 399 3666 463 822

381 478 501 535 Τοῦ
542 476 832 576 adtendi»
857 486 972 576 τοῦ
1000 489 1162 573 πρὸς,
1186 491 1523 576 Εὔϐουλογ,
1553 495 1710 576 πῶςΔ
1740 500 1776 552 δ
1836 499 1969 566 Υἱὸς

2074 504 2331 576 Ejusdem
2374 501 2446 556 ad
2478 499 2770 570 Eubutum,
2805 505 3097 576 quomodo
3118 503 3669 567 ,γενίηιωηεπηραιη

584 555 687 608 καὶ
719 556 915 630 Λόγος
945 558 1015 614 ἐκ
1040 555 1164 617 ’τοῦ
1191 564 1424 633 Πατρός
1455 555 1775 637 ἐῴεννῆθη.

456 669 675 742 Ὥσπερ·
701 670 812 742 γάρ
860 674 889 726 6
920 673 1195 746 ἡμέτερος
1223 676 1383 747 λόγος
1406 679 1469 734 τὸ
1501 680 1709 751 ἀφανὲς
1738 682 1839 753 τῆς
1865 683 1971 754 ψυ-

378 762 488 834 χῆς
516 763 907 836 βουλευτήριον
957 768 1038 831 εἷς
1084 768 1202 838 φῶς
1257 773 1582 845 προσφέρει,
1623 774 1767 830 οὕτω
1809 779 1907 831 καὶ
1944 780 1973 832 6

377 854 511 919 Υἱὸς
538 855 634 909 καὶ
662 856 838 925 Λόγος
864 856 961 911 τοῦ
1002 858 1140 913 Θεοῦ
1171 861 1233 916 τὸ
1269 863 1766 938 ἀποκεκρυμμένον
1795 870 1854 922 ὲν
1893 870 1972 942 τῷ

376 947 563 1018 Πατρὶ
592 948 701 1019 πρὸ
740 948 956 1005 αίῶνων
991 955 1294 1026 μυστήριον
1332 959 1398 1029 τῇ
1436 959 1732 1032 οἰκουμένῃ
1778 962 1974 1032 ἐφανέο

376 1057 549 1110 ρωσε.
576 1042 692 1095 Καὶ
715 1041 909 1114 ὥσπερ
950 1046 980 1098 6
1014 1044 1172 1115 λόγος
1199 1047 1428 1119 προῖὼν,
1456 1049 1577 1106 οὐδὲ
1610 1052 1705 1107 τὸν
1742 1053 1971 1124 λέγοντα

373 1136 584 1203 γυμνοῖ
628 1133 850 1190 καὶτὸν
895 1136 1168 1194 ἀκούοντα
1201 1140 1422 1213 πληροῖ·
1475 1142 1696 1216 ἔρχεται
1745 1145 1857 1218 γὰρ
1890 1149 1970 1213 είς

373 1228 474 1281 τὸν
514 1226 791 1282 ἀκούοντα
826 1228 927 1283 οὐκ
977 1231 1351 1304 ἀφιστάμενος
1379 1234 1475 1289 τοῦ
1508 1236 1792 1306 λέγοντοςσ
1826 1237 1971 1305 οὕτω

376 1320 480 1374 καὶ
510 1322 540 1373 6
580 1320 717 1374 Θεοῦ
752 1321 929 1392 Λόγος
956 1322 1043 1379 ὢν
1060 1325 1119 1380 ὲν
1151 1325 1230 1398 τῷ
1258 1328 1455 1399 Πατρὶ,
1491 1312 1789 1403 ἦλθεπρδς
1823 1305 1972 1404 ἡμάς

379 1413 583 1485 σαρκί·
635 1411 763 1468 οὔτε
792 1415 889 1469 τοῦ
930 1416 1148 1489 Πατρδς
1191 1421 1488 1491 χωρισθεὶς
1515 1422 1604 1476 διὰ
1649 1423 1750 1495 τὴν
1781 1424 1968 1494 φύσιν,

375 1507 479 1560 καὶ
508 1508 641 1578 ἡμῖν
683 1506 908 1572 ὲνωθεὶς
932 1508 1022 1564 διά
1051 1509 1154 1581 τὴν
1196 1512 1550 1584 χάριν,,Θεὸς
1580 1514 1656 1569 ὢν
1679 1518 1747 1587 τῇ
1784 1516 1969 1586 φύσει,

371 1600 557 1668 Λόγος
606 1599 664 1653 δὲ
704 1599 805 1673 τὴν
854 1605 1269 1674 προσωνυμίαν.
1316 1607 1532 1680 Ὥσπερ
1571 1609 1681 1681 γὰρ
1717 1610 1973 1681 Ἰωάννης

369 1691 672 1763 ἄνθρωπος
703 1693 780 1747 ὣν
804 1694 870 1764 τῇ
897 1693 1080 1764 φύσει,
1108 1697 1259 1767 φωνὴ
1288 1697 1469 1769 βοῶσα
1504 1700 1712 1772 ἐκλήθη
1743 1711 1764 1733 °
1802 1702 1892 1756 διὰ
1911 1702 1972 1757 τὸ

372 1782 593 1847 ἀπαθὲς
620 1783 724 1854 τῆς
747 1783 984 1855 φύσεως.
1026 1806 1045 1840 ι
1085 1788 1176 1842 Ἐν
1211 1789 1355 1863 ἀρχῇ
1396 1786 1466 1862 ἦν
1509 1794 1537 1845 6
1570 1794 1765 1862 Λόγος,
1800 1813 1819 1847 ι
1853 1794 1970 1849 ἀλλ’

2692 575 2932 647 genitum
2964 575 3055 632 sit.

2143 669 2584 757 Quemamodum
2628 687 2866 744 verbum
2904 695 3159 744 nostrum
3205 688 3444 745 obscura
3482 696 3540 744 et
3575 705 3669 744 ar-

2073 799 2208 839 cana
2250 786 2455 839 mentis
2503 782 2739 838 consilia
2785 782 2845 838 in
2886 784 3064 838 lucem
3114 781 3346 854 profert,
3386 781 3468 839 sic
3494 782 3670 838 Filius

2072 886 2129 934 et
2171 877 2414 935 Verbum
2446 875 2546 931 Dei
2573 876 2962 932 absconditum
3000 876 3059 931 in
3087 876 3250 939 Patre
3289 885 3422 933 ante
3466 878 3669 945 secula

2072 970 2400 1043 mysterium
2443 970 2565 1026 orbi
2611 978 2883 1026 terrarum
2912 968 3196 1041 patefecit.
3238 970 3305 1025 Et
3342 969 3508 1026 sicuti
3546 962 3671 1027 ver-

2071 1062 2226 1127 bum,
2286 1061 2510 1133 quando
2550 1060 2855 1133 profertur,
2895 1060 3219 1132 loquentem
3254 1044 3367 1116 non
3398 1061 3666 1123 denudat.

2072 1158 2130 1208 et
2168 1158 2355 1207 tamen
2413 1151 2691 1207 auditoris
2726 1166 2894 1233 aures
2929 1151 3142 1221 implet,
3190 1150 3343 1207 venit
3387 1152 3542 1208 enim
3597 1151 3668 1210 ad

2072 1245 2409 1312 auditorem,
2450 1260 2561 1300 non
2605 1243 2915 1300 abscedens
2945 1244 3015 1299 ab
3044 1259 3113 1300 eo
3142 1245 3244 1318 qui
3271 1245 3524 1315 loquitur
3554 1245 3666 1301 :ita

2072 1340 2241 1395 etiam
2278 1339 2378 1393 Dei
2422 1338 2696 1405 Verbum,
2739 1337 2889 1409 quod
2924 1346 3011 1394 est
3068 1336 3125 1393 in
3161 1338 3362 1404 Patre,
3393 1324 3669 1413 venit‘."ad

2072 1445 2177 1485 nos
2218 1429 2275 1485 in
2314 1444 2501 1497 carne,
2548 1445 2654 1485 nec
2688 1437 3007 1499 separatum
3041 1436 3128 1485 est
3155 1445 3185 1485 a
3223 1430 3385 1486 Patre
3438 1438 3669 1501 pr0pter

2073 1531 2352 1590 naturam,
2401 1522 2568 1579 nobis
2613 1532 2803 1579 tamen
2847 1524 3215 1595 coniunctum
3263 1532 3493 1595 propter
3540 1540 3669 1596 gra-

2075 1614 2230 1678 tiam,
2255 1613 2405 1668 Deus
2427 1611 2703 1668 exsistens
2730 1620 2952 1680 natura,
2985 1612 3225 1668 Verbum
3255 1628 3389 1669 vero
3418 1615 3668 1685 appella-

2073 1705 2249 1761 tione.
2295 1703 2776 1772 Quemadmodum
2813 1702 2965 1760 enim
3015 1703 3280 1771 Joannes,
3323 1705 3423 1776 qui
3466 1713 3668 1763 natura

2073 1797 2243 1853 homo
2269 1804 2412 1863 erat,
2440 1796 2752 1867 appellatus
2773 1804 2860 1853 est
2883 1797 3274 1853 vox.clamans
3298 1798 3414 1857 ⁸³...
3438 1807 3670 1868 propter

371 1873 444 1928 οὐ
483 1873 646 1943 λόγος
690 1874 1065 1941 ἀνυπόστατος
1088 1892 1104 1907 ·
1138 1878 1187 1931 oi
1227 1878 1328 1950 μὲν
1355 1881 1464 1953 γὰρ
1505 1882 1657 1937 ἄλλοι
1686 1885 1969 1956 προστάγ-

2074 1888 2580 1961 impassibilitatem
2611 1887 2775 1961 M5
2802 1895 3019 1945 natura:
3048 1906 3113 1961 :t
3146 1890 3202 1949 ln
3236 1867 3514 1960 principio
3546 1867 3672 1946 erat

376 1983 533 2036 ματα
568 1967 666 2020 καὶ
706 1965 1060 2037 δικαιώματα
1101 1970 1438 2042 τυγχάνουσι
1486 1974 1646 2029 Θεοῦ.
1686 1977 1743 2031 '0
1787 1977 1845 2031 δὲ
1874 1995 1972 2050 μο⁶

374 2061 611 2132 νογενὴς
639 2059 772 2124 Υίδς
786 2060 962 2131 Λόγος
983 2062 1159 2129 ἐστὶν,
1184 2064 1248 2118 οὐ
1277 2064 1575 2131 συλλαϐαῖς
1603 2068 1698 2121 καὶ
1728 2070 1972 2140 ῥήμασιν

374 2156 630 2225 ὲκφωνού
638 2173 823 2224 μενος,
853 2156 994 2212 ἀλλά
1020 2158 1194 2227 Λόγος
1219 2157 1379 2229 λόγον
1417 2159 1560 2233 ζωῆς
1586 2162 1967 2234 χαριζόμενος.

371 2248 517 2318 Φησὶ
541 2248 677 2318 γάρ·
712 2266 733 2303 ι
767 2248 837 2303 Et
853 2265 939 2315 τις
967 2249 1157 2306 ἀκούει
1195 2269 1303 2325 μου
1329 2252 1422 2308 τὸν
1466 2253 1790 2327 ).όγον,,έχει
1824 2255 1971 2329 ζωὴν

374 2340 621 2397 αἰώνιον.
653 2359 675 2395 ι

462 2539 574 2594 Τοῦ
600 2540 783 2597 αὐτοῦ
812 2542 883 2598 ἐκ
917 2543 1024 2599 τοῦ
1054 2544 1209 2615 πρὸς
1257 2544 1560 2617 Εὑάῃοιον
1593 2551 1895 2620 μοναχόν.

467 2635 567 2686 Ὃν
595 2633 791 2706 τρόπον
836 2634 896 2689 δὲ
955 2638 985 2690 6
1035 2639 1374 2710 προφορικδς
1433 2639 1593 2711 λόγος
1657 2642 1968 2714 ἀδιαίρετος

392 2722 496 2794 μέν
534 2726 646 2779 ἐστι
687 2726 788 2797 τῆς
831 2730 1360 2803 προσενεγκαμένης
1421 2731 1627 2803 ψυχῆς,
1693 2734 1786 2788 καὶ
1846 2737 1968 2800 ταῖς

382 2817 582 2888 ψυχαῖς
613 2819 669 2873 δὲ
695 2819 808 2874 τῶν
844 2821 1219 2894 ἀκροωμένων
1266 2824 1418 2879 οὐδὲν
1461 2819 1626 2898 ἦττον
1674 2827 1733 2881 ὲν
1782 2827 1970 2899 ταυτῷ

376 2910 730 2979 καθίσταται,
760 2914 1025 2987 κάκείνης
1067 2915 1143 2988 μὴ
1174 2918 1572 2991 χωριζόμενος,
1606 2921 1703 2976 καὶ
1752 2920 1966 2988 τούτοις

374 3003 792 3075 εὑρισκόμενος,
825 3006 1024 3063 ἕνωσιν
1046 3008 1103 3062 δὲ
1133 3009 1338 3080 μᾶλλον
1381 3010 1423 3083 ἢ
1467 3011 1737 3084 διαίρεσιν
1782 3015 1966 3071 αὐτῶν

372 3109 439 3145 τε
481 3095 576 3176 καὶ
616 3095 730 3151 τῶν
787 3097 1077 3172 ἡμετέρων
1116 3099 1309 3172 ψυχῶν
1361 3103 1735 3176 ἐργαζόμενος
1756 3086 1779 3140 θ’
1821 3107 1966 3163 οὕτω

2074 1983 2319 2040 Verbum
2367 1982 2435 2049 “,
2466 2001 2485 2034 ι
2526 1981 2625 2039 sed
2672 1981 2916 2039 Verbum
2962 1981 3301 2049 subsistens;
3359 1982 3468 2037 alia
3514 1982 3666 2039 enim

2069 2077 2239 2137 verba
2283 2066 2416 2133 sunt
2447 2075 2708 2143 mandata
2739 2084 2796 2132 et
2818 2072 3248 2147 justiﬁcationes
3284 2075 3405 2132 Dei.
3442 2075 3512 2133 At
3542 2076 3667 2133 uni-

2070 2170 2297 2243 genitus
2340 2168 2518 2226 Filius
2565 2168 2813 2225 Verbum
2841 2176 2950 2235 est,
2972 2182 3085 2223 non
3114 2166 3340 2240 syllabis
3376 2176 3435 2225 et
3461 2168 3665 2225 dictio-

2069 2263 2238 2319 nibus
2262 2261 2565 2334 prolatum,
2590 2259 2689 2317 sed
2721 2260 2986 2329 Verbum,
3022 2258 3172 2331 quod
3198 2260 3369 2317 vitam
3396 2261 3665 2333 suppedio

2071 2362 2192 2411 tat:
2226 2374 2244 2408 ι
2278 2355 2336 2410 Si
2361 2353 2493 2424 quis
2527 2367 2844 2411 sermonem
2876 2369 3062 2412 meum
3089 2353 3267 2423 audit,
3301 2352 3471 2410 habet
3493 2354 3662 2413 vitam

2069 2456 2332 2507 aeternam
2377 2447 2444 2503 “.
2483 2467 2503 2502 ι
2814 2482 2823 2491 ο
2888 2442 2892 2446 ’
3673 2432 3681 2439 ’

2309 2565 2567 2637 Ejusdem
2611 2565 2683 2620 ad
2733 2563 3030 2637 Evagrium
3080 2567 3422 2621 monachum.

2140 2658 2621 2726 Quemadmodum
2676 2673 2865 2715 sermo
2905 2659 3003 2730 qui
3050 2660 3338 2730 profertur
3389 2658 3664 2715 lndivisus

2069 2760 2155 2809 est
2185 2754 2254 2809 ab
2291 2753 2474 2809 anima
2508 2768 2634 2824 quae
2676 2752 2908 2824 profert,
2939 2761 2999 2809 et
3028 2753 3397 2811 nihilominus
3427 2753 3662 2808 audien-

2072 2846 2211 2902 tium
2255 2845 2760 2915 animisjllabitur,
2787 2847 2863 2902 ita
2888 2854 2953 2903 ut
2980 2847 3051 2903 ab
3086 2847 3189 2902 illa
3209 2862 3318 2901 non
3350 2855 3661 2916 separetur,

2069 2946 2126 2993 et
2169 2944 2357 2992 tamen
2415 2937 2474 2992 in
2518 2936 2835 3004 illisinsit,
2890 2938 3191 3009 potiusque
3244 2937 3392 2993 inter
3448 2936 3666 2992 animos

2070 3035 2292 3084 nostros
2324 3039 2383 3086 et
2411 3029 2655 3096 illorum,
2706 3030 2973 3086 unionem
3024 3045 3191 3100 quam
3234 3027 3660 3100 disiunctionem

2070 3121 2273 3178 eﬁiciat
2304 3140 2317 3178 :
2343 3123 2425 3179 sic
2454 3124 2634 3195 cogita
2665 3123 2865 3179 Filium
2896 3139 2927 3178 a
2958 3123 3122 3179 Patre
3148 3123 3372 3194 penitus
3400 3137 3511 3178 non
3538 3136 3664 3178 esse

378 3200 475 3254 μοι
497 3174 607 3239 νόει
637 3188 734 3240 καὶ
764 3188 860 3242 τὸν
883 3189 1012 3245 Υίδν
1060 3191 1156 3245 τοῦ
1214 3174 1434 3266 Πατρδς
1486 3174 1583 3268 μὴ-
1623 3198 1967 3270 χωρισθέντα

2074 3224 2408 3286 separatum,
2432 3224 2491 3271 ut
2524 3174 2635 3272 :iec
2662 3215 2930 3287 Spiritum
2970 3174 3220 3271 sancturm
3249 3231 3279 3273 a
3309 3213 3474 3279 F-ilio,
3496 3223 3665 3286 prout

371 3276 621 3344 πώποτε,
640 3281 739 3335 καὶ
769 3280 961 3337 τούτου
984 3283 1044 3338 δὲ
1076 3285 1240 3340 πάλιν
1263 3287 1323 3341 τὸ
1353 3287 1510 3359 ἀγιον
1532 3290 1784 3363 Πνεῦμα.
1806 3294 1991 3365 όμοίο.

369 3388 455 3435 ως
481 3371 556 3436 ὠς
592 3374 651 3427 ὲν
686 3373 767 3445 τῷ
800 3374 877 3448 νῷ
908 3376 1009 3448 τὴν
1042 3377 1369 3452 ἐνθύμησιν.
1410 3381 1500 3447 Ὠς
1530 3383 1667 3457 γὰρ.
1696 3386 1800 3440 οὐκ
1846 3386 1968 3443 ἔστι

373 3465 587 3536 μεταξὺ
621 3466 716 3521 νοῦ
744 3470 839 3523 καὶ
865 3465 1243 3549 ἐνθυμήσεως,
1308 3474 1406 3528 καὶ
1457 3476 1639 3549 ψυχῆς
1700 3479 1970 3552 διαίρεσιν

369 3556 742 3629 ὲπινοηθῆναί
770 3577 896 3615 τινα
933 3562 1030 3616 καὶ
1059 3566 1265 3636 τομὴν,
1297 3565 1472 3633 οὕτως
1507 3568 1630 3622 ούδὲ
1675 3569 1771 3624 τοῦ
1807 3571 1968 3640 ἁγίου

368 3646 723 3719 Πνεῦματος,
761 3653 857 3706 καὶ
882 3653 979 3708 τοῦ
1018 3654 1152 3710 Υίοῦ
1186 3658 1404 3730 Πατρὸς
1463 3661 1522 3714 ὲν
1575 3660 1727 3732 μέσῳ
1769 3663 1965 3735 τομὴν,

365 3737 409 3809 ἢ
451 3738 720 3812 διαίρεσιν
751 3745 1111 3821 ἐπινοηθῆναι
1169 3767 1326 3804 ποτε.
1383 3750 1530 3805 Διότι
1594 3752 1702 3807 τῶν
1759 3756 1968 3826 νοητῶν

367 3829 479 3883 καὶ
519 3830 683 3886 θείων
729 3832 1041 3906 ἀδιαίρετος
1091 3839 1125 3908 ἡ
1175 3838 1359 3908 φύσις,
1416 3840 1450 3912 ἢ
1502 3841 1597 3895 καὶ¹
1645 3842 1705 3898 ὃν
1765 3845 1968 3915 τρόπον

363 3920 480 3990 οὐχ
508 3916 705 3978 οἷόντε
762 3927 927 3984 πάλιν
985 3930 1044 3985 ὲν
1100 3931 1252 4005 μέσῳ
1302 3933 1399 3988 τοῦ
1440 3934 1666 4005 κύκλου,
1724 3939 1820 3994 καὶ
1867 3941 1968 4011 τῆς

363 4016 600 4082 ἀκτῖνος
628 4018 723 4074 ’δῦ
763 4021 921 4092 ήλίου
949 4023 1215 4096 διαίρεσιν
1243 4028 1622 4100 εὑρίσκεσθαι,
1653 4032 1771 4087 ἀλλ’
1800 4035 1832 4105 ἡ
1867 4034 1968 4106 μὲν

367 4107 543 4171 ἀκτὶς
597 4113 870 4184 συνῆπται
925 4113 1004 4185 τῷ
1059 4116 1270 4190 κύκλῳ,
1326 4121 1417 4174 καὶ
1445 4123 1473 4174 6
1502 4121 1704 4191 κύκλος
1732 4118 1846 4178 οἷόν
1882 4143 1970 4191 τις

366 4193 659 4281 ὀφθαλμὸς
690 4200 1014 4257 ἀποστέλλει
1044 4210 1328 4278 πανταχοῦ
1357 4209 1458 4281 τὰς
1499 4212 1746 4279 ἀκτῖνας,
1793 4214 1971 4281 οὕτως

365 4279 496 4340 οἶόν
544 4305 691 4354 τινες
747 4293 843 4347 τοῦ
892 4295 1109 4369 Πατρδς
1165 4298 1390 4365 ἀκτῖνες
1430 4280 1827 4376 ἀπεστάλησαν
1882 4279 1969 4377 sq);

366 4381 549 4471 ἡμᾶς,
575 4383 604 4436 ὃ
629 4399 691 4436 τε
716 4384 1084 4461 φθεαγγώδης
1104 4399 1132 4439 P
1158 4390 1310 4456 Υἱὸς,
1334 4394 1430 4449 καὶ
1449 4394 1512 4448 τὸ
1535 4396 1689 4466 ἀγιον
1714 4398 1966 4471 Πνεῦμα.

371 4470 602 4544 ’Ὠσπερ
623 4474 735 4548 γὰρ
752 4478 809 4531 αἱ
828 4478 927 4533 τοῦ
953 4482 1130 4550 φωτὸς
1160 4482 1381 4549 ἀκτῖνες
1420 4487 1723 4559 ἀμέριστον
1746 4470 1967 4563 ἔχουσαι

2071 3319 2176 3360 nec
2219 3320 2250 3359 a
2294 3313 2480 3361 mente
2526 3306 2799 3378 cogitatio
2819 3307 3152 3379 seiungitur.
3185 3305 3663 3373 Quemadmodum

2070 3396 2216 3452 enim
2264 3397 2419 3452 nulla
2448 3408 2535 3457 est
2550 3399 2709 3454 inter
2744 3408 3008 3467 mentem,
3041 3399 3431 3466 cogitationem
3460 3408 3519 3454 et
3546 3398 3667 3454 ani-

2070 3503 2214 3543 mam
2261 3488 2463 3545 divisio
2517 3505 2616 3545 seu
2665 3492 2867 3559 sectio,
2915 3492 2994 3548 ita
3046 3506 3150 3547 nec
3199 3492 3344 3548 inter
3390 3490 3664 3563 Spiritum

2070 3568 2359 3647 sanctum,
2385 3582 2610 3648 Filium,
2652 3592 2711 3639 et
2764 3584 2989 3640 Patrem
3040 3585 3150 3640 ulla
3196 3585 3460 3641 distantia
3514 3582 3667 3639 inve-

2070 3673 2251 3740 nitur,
2310 3674 2442 3744 quia
2493 3675 2957 3731 intellectualium
3020 3684 3220 3733 natura
3268 3676 3507 3733 indivisa
3556 3686 3663 3733 est.

2070 3765 2306 3832 Rursus,
2370 3767 2845 3838 quemadmodum
2898 3770 3049 3825 inter
3093 3771 3286 3831 orbem
3331 3779 3389 3826 et
3447 3773 3662 3827 radium

2070 3860 2397 3925 solisnulla
2433 3861 2637 3918 divisio
2674 3862 2993 3929 intercedit,
3025 3863 3122 3919 sed
3153 3864 3343 3919 radius
3369 3879 3496 3921 cum
3529 3865 3664 3920 orbo

2070 3951 2404 4021 conjunotus
2445 3962 2552 4019 est,
2591 3962 2650 4008 et
2696 3953 2854 4009 orbis
2878 3960 3149 4024 tanquam
3201 3954 3397 4011 oculus
3438 3955 3664 4027 quidam

2069 4042 2273 4098 emittit
2342 4058 2769 4114 quoquoversus
2820 4045 3026 4109 radios,
3070 4046 3176 4102 'sic
3235 4055 3498 4118 tanquam
3546 4048 3662 4104 duo

2070 4132 2250 4188 Patris
2300 4135 2441 4191 radii
2489 4135 2559 4190 ad
2605 4151 2709 4191 nos
2741 4136 3051 4193 transmissi
3082 4146 3237 4202 sunt,
3270 4138 3539 4205 Verbum,
3564 4156 3663 4196 seu

2070 4225 2264 4291 Filius,
2291 4234 2348 4281 et
2372 4226 2618 4298 Spiritus
2647 4237 2877 4284 sanctus
2911 4246 2926 4283 :
2959 4229 3128 4286 sicuti
3163 4231 3313 4286 enim
3346 4232 3490 4288 lucis
3519 4233 3663 4288 radii

2071 4317 2279 4373 habent
2304 4319 2452 4375 inter
2483 4336 2543 4377 se
2577 4329 2775 4378 mutuo
2802 4322 3100 4381 indivisam
3145 4324 3566 4400 habitudinem,
3589 4327 3665 4381 ita

2071 4418 2134 4465 ut
2160 4426 2265 4466 nec
2293 4427 2324 4467 a
2354 4413 2478 4468 luce
2502 4415 2608 4470 nec
2655 4431 2687 4470 a
2718 4430 2777 4471 se
2819 4415 3057 4472 invicem
3104 4426 3486 4489 segregentur,
3516 4430 3574 4474 et
3596 4418 3663 4474 ad

2071 4516 2176 4557 nos
2225 4518 2401 4573 usque
2436 4505 2792 4576 splendorem
2821 4522 2983 4563 suum
3032 4509 3430 4575 transmittant,
3468 4510 3663 4565 eodem

360 4563 522 4674 κατά
573 4570 886 4674 φύσινητὴν
935 4574 1076 4645 πρὸς
1121 4575 1357 4649 ἀλλήλας
1419 4580 1629 4650 σχέσιν,
1686 4583 1814 4637 οὔτε
1868 4586 1963 4640 τοῦ

2074 4594 2239 4650 modo
2287 4563 2483 4652 Ιῖἰιὶιιει⁵
2508 4606 2565 4653 et
2607 4597 2851 4669 Spiritus
2884 4610 3131 4664 sanctus.
3180 4603 3435 4674 geminus
3487 4603 3667 4659 Patris

359 4655 556 4725 φωτὸς
607 4661 974 4733 χωρίζονται,
1033 4667 1159 4721 οὔτε
1216 4669 1464 4742 ἀλλήλων
1524 4675 1966 4746 ἀποτέμνονται,

360 4748 477 4804 καὶ
513 4750 711 4823 μέχρις
737 4756 899 4827 ἡμῶν
932 4759 1034 4829 τὴν
1090 4762 1252 4834 χάριν
1302 4763 1397 4817 τοῦ
1452 4765 1633 4835 φωτὸς
1693 4768 1967 4824 ἀποστέλ-

360 4844 584 4910 λουσιν,
616 4845 763 4902 οὕτω
798 4850 893 4903 καὶ
922 4853 952 4904 6
984 4852 1134 4918 Υἱὸς,
1188 4854 1282 4908 κοιλ⁸
1314 4856 1376 4909 τὸ
1403 4857 1633 4928 Πνεῦμα
1670 4861 1732 4913 τὸ
1787 4860 1967 4930 ἅγιον,

362 4938 409 5005 ἡ
444 4934 662 5008 δίδυμος
690 4941 786 4995 τοῦ
823 4943 1041 5016 Πατρδς
1074 4947 1254 5015 ἀκτὶς,
1294 4949 1391 5003 καὶ
1441 4949 1639 5022 μέχρις
1687 4953 1846 5024 ἡμῶν
1894 4955 1975 5008 δι-

367 5032 616 5085 ικνεῖται
653 5034 753 5106 τῆς
783 5037 1044 5109 ἀληθείας
1074 5039 1136 5093 τὸ
1172 5041 1310 5111 φῶς,
1340 5043 1437 5096 καὶ
1478 5043 1559 5115 τῷ
1600 5046 1784 5118 lia.th
1842 5066 1970 5102 συν-

365 5129 611 5199 ήνωιιαι.
671 5134 771 5188 Ὃν
819 5135 1024 5206 τρόπον
1072 5136 1129 5191 δὲ
1176 5139 1270 5193 ἐπί
1318 5157 1462 5205 τινος
1511 5142 1724 5197 ὑδάτων
1762 5147 1970 5213 πηγῆς,

365 5222 749 5294 νεκταριῶδες
780 5227 1032 5295 ἀφθόνως
1067 5231 1409 5303 προϊεμένης
1467 5232 1614 5305 ὕδωρ
1675 5236 1970 5307 συμϐαίνει

370 5314 622 5389 ῥεύματι
648 5320 1001 5393 παμπληθὲς,
1034 5323 1131 5378 καὶ
1191 5326 1409 5398 ῥεῖθρον
1452 5327 1834 5399 ἀκατάσχετον
1889 5332 1972 5395 εἰς

369 5414 669 5481 ποταμοὺς
729 5414 823 5469 δύο
877 5415 955 5486 τῷ
1016 5416 1251 5489 ῥεύματι
1312 5419 1662 5490 τέμνεσθαι·
1729 5422 1861 5492 μίαν
1902 5425 1970 5490 ἐξ

371 5500 506 5566 ἑνὸς
558 5503 841 5579 ὀφθαλμοῦ
882 5506 983 5579 τὴν
1038 5510 1169 5581 ῥοὴν
1196 5511 1255 5578 ἐξ
1284 5512 1460 5584 ἀρχῆς
1493 5513 1821 5584 ἐσχηκότας,
1854 5514 1972 5585 διρ-

475 5639 873 5713 °’Joan.1,25.
929 5646 973 5677 ⁸³
1001 5645 1134 5702 ibid.
1166 5647 1215 5702 l.
1298 5645 1341 5678 ⁸⁵
1366 5646 1526 5703 Joan.
1562 5664 1617 5717 ν,
1650 5649 1740 5704 2i.

2071 4686 2284 4753 radius,
2316 4704 2441 4744 cum
2482 4691 2645 4746 Patre
2677 4691 2872 4748 intime
2902 4680 3196 4759 uniuutur,
3240 4703 3296 4749 et
3347 4702 3527 4749 tamen
3552 4695 3661 4750 ‘vc-

2071 4778 2253 4834 ritatis
2286 4780 2475 4835 lumen
2507 4780 2573 4836 ad
2601 4796 2704 4836 nos
2740 4797 2917 4852 usque
2943 4782 3359 4837 transfundam.
3397 4783 3468 4837 Et
3500 4784 3662 4838 sicuti

2073 4872 2127 4927 in
2150 4873 2303 4929 fonte
2335 4876 2619 4945 perpetuis
2653 4876 2819 4946 aquis
2840 4876 3066 4947 eopioso
3087 4876 3350 4947 perennis
3371 4876 3462 4931 ille
3486 4875 3663 4932 ﬂuxus

2074 4979 2219 5035 saepe
2247 4965 2304 5019 in
2326 4964 2469 5021 duos
2499 4964 2697 5022 fluvios
2724 4967 2864 5032 abit,
2895 4967 2989 5038 qui
3021 4967 3091 5021 ab
3125 4968 3285 5022 initio
3308 4983 3375 5021 ex
3405 4982 3515 5021 una
3547 4983 3655 5022 sca-

2079 5060 2233 5111 tebra
2265 5059 2608 5125 scaturiunt;
2655 5059 2921 5131 deinceps
2950 5060 3090 5115 duos
3124 5060 3420 5116 distinctos
3468 5077 3663 5117 cursus

2078 5154 2292 5212 tenent,
2341 5148 2482 5202 nihil
2530 5149 2854 5206 nocumenti
2904 5150 3231 5207 substantiae
3276 5167 3346 5207 cx
3390 5151 3663 5207 divisione

2074 5237 2248 5302 illata,
2276 5239 2378 5294 etsi
2401 5240 2549 5294 enim
2585 5256 2756 5297 cursu
2795 5250 2853 5298 et
2890 5243 3002 5298 situ
3034 5243 3178 5298 facta
3210 5252 3296 5299 est
3324 5242 3553 5310 divisio,
3584 5251 3663 5308 at,

2073 5331 2120 5385 si
2164 5331 2402 5401 liquoris
2448 5333 2770 5403 qualitatem
2830 5344 3078 5407 spectes,
3138 5336 3438 5409 utrobique
3499 5352 3663 5392 unam

2072 5424 2440 5496 eamdemque
2470 5441 2700 5496 prorsus
2732 5428 2985 5486 invenies
3012 5446 3027 5496 ;
3060 5438 3117 5485 et
3138 5431 3395 5501 quamvis
3417 5429 3662 5501 przedicti

2075 5516 2231 5574 ﬂuvii
2284 5520 2481 5591 procul
2511 5536 2540 5575 a
2572 5535 2632 5575 se
2664 5519 2904 5578 invicem
2952 5520 3344 5595 dispescantur
3372 5531 3429 5581 ct
3465 5523 3536 5579 ab
3555 5521 3657 5577 ori-

1680 5766 1775 5823 'VA
1785 5766 1924 5824 iile
1959 5765 2369 5827 LECTIONES.

456 5861 482 5889 °
510 5853 734 5928 Aliquid
759 5859 849 5915 hic
880 5859 1055 5916 deest.
1140 5861 1223 5917 pl‘.
1256 5860 1569 5934 φεγγώδης.
