4056 6486
360 35 369 41 ,
407 14 412 15 ⁷
424 14 615 39 "'—-;';"_"
624 6 2068 36 Tm”

427 345 534 410 827

1650 343 1712 403 S.
1753 343 2117 404 ANASTASI
2129 343 2155 403 l
2196 344 2368 404 SINA
2378 345 2523 406 ΙΤἘ

3619 345 3738 410 828

432 471 579 511 emm
613 469 728 511 non
778 464 996 525 potest,
1051 453 1158 509 nisi
1210 454 1337 525 quis
1383 453 1633 510 sedulam
1685 456 2026 526 multamque

2147 455 2302 520 ιαίως
2335 455 2652 510 ὑποτίθεται
2676 453 2754 526 (9.)
2776 453 2954 521 λέγων
2972 470 2984 484 ·
3010 455 3371 525 Σχολὰσατε
3399 454 3499 510 καὶ
3513 453 3734 524 γνῶτε,

434 564 660 618 operam
713 547 980 613 orationi,
1006 563 1288 616 sacraeque
1343 547 1645 617 Scriptura:
1673 547 1899 602 lectioni
1928 549 2032 602 im-

437 641 664 711 pendat,
698 651 761 694 ut
791 651 888 695 aut
916 640 1195 710 postulata
1226 657 1258 695 a
1288 641 1401 694 Deo
1432 641 1712 710 impetret,
1732 650 1828 695 aut
1855 642 2032 696 Deum

439 753 458 787 \
473 750 568 790 ere
592 741 914 806 cognoscat.

403 1028 408 1040 -
506 998 567 1054 Si
625 998 780 1053 enim
827 997 881 1052 in
925 995 1298 1067 pereuntibus
1349 995 1555 1052 artium
1608 996 1816 1054 scholis
1869 999 2034 1071 longo

440 1105 692 1162 tempore
735 1091 1009 1162 quispiam
1065 1090 1346 1146 interdum
1376 1099 1648 1158 versatus,
1676 1091 1770 1145 vix
1814 1093 2034 1148 tandem

441 1187 724 1257 vulgarem
759 1185 1031 1240 condiscit
1054 1192 1264 1251 artem;
1301 1191 1513 1255 quanto
1548 1185 1724 1256 magis
1759 1201 1890 1241 eum
1939 1189 2036 1258 qui

442 1277 539 1330 Dei
591 1275 964 1346 cognitionem
1013 1274 1180 1346 450
1241 1275 1534 1346 acquirere
1590 1277 1756 1347 eique
1813 1279 2037 1348 placere

442 1368 652 1434 studet,
688 1383 884 1424 vacare
907 1377 1130 1438 Oportet
1157 1369 1288 1434 Deo,
1321 1377 1377 1425 et
1409 1385 1583 1440 usque
1613 1371 1682 1426 ad
1718 1369 1884 1426 linem
1910 1372 2038 1428 vita:

440 1461 683 1514 animam
731 1475 889 1516 suam
947 1461 1232 1516 ferventer
1283 1471 1340 1517 et
1395 1461 1679 1526 ardenter,
1728 1463 1886 1532 quasi
1933 1463 2039 1518 alis

443 1551 780 1622 quibusdam
813 1550 882 1606 ad
913 1567 1041 1606 eum
1065 1552 1320 1608 elevare?
1341 1552 1540 1608 Nonne
1573 1553 1732 1608 vides
1757 1553 2038 1623 quomodo

2135 545 2224 601 ὅτι
2257 547 2372 616 ἐγώ
2406 550 2524 617 εἶμι
2552 549 2585 600 ὀ
2617 545 2780 609 Θεός.
2837 544 3024 608 Ἐκτδς
3059 546 3159 615 μὲν
3211 545 3325 618 γὰρ
3375 544 3574 616 σχολῆς
3634 547 3741 600 καὶ

2138 637 2342 705 πολλῆς
2390 637 2722 708 προσεδρίας
2767 636 2868 708 τῆς
2913 637 2972 691 ὲν
3031 639 3156 703 ταῖς
3206 640 3571 709 προσευχαῖς,
3636 624 3743 691 καὶ

2135 732 2194 783 ἐν
2232 733 2353 794 ταῖς
2397 729 2574 794 θείαις
2614 730 2724 782 τῶν
2756 728 2991 800 Γραφῶν
3017 729 3416 800 ἀναγνώσεσιν,
3447 731 3549 785 οὐκ
3579 731 3744 785 ἔστιν

2135 821 2260 876 οὔτε
2289 824 2358 876 τὰ
2407 825 2686 895 αίτήματα
2732 820 2944 890 λαϐεῖν,
3006 823 3132 878 οὗτε
3190 823 3284 879 τὸν
3323 823 3466 878 θεὸν
3512 822 3746 894 ἀληθῶς

2135 915 2457 983 ἐπιγνῶναι.

2207 1010 2272 1064 Et
2296 1011 2406 1082 γὰρ
2431 1013 2488 1064 έν
2513 1013 2632 1075 ταῖς
2663 1011 3078 1082 ἀπολλυμέναις
3104 1009 3218 1064 τῶν
3263 1008 3473 1081 τεχνῶν
3514 1009 3748 1080 σχολαῖς

2139 1102 2408 1167 πολλάκις
2465 1121 2554 1168 τις
2601 1106 2832 1175 χρόνους
2891 1105 3115 1168 ἱκανοὺς
3169 1102 3514 1174 πεποιηκὼς,
3579 1101 3750 1174 μόλις

2138 1193 2271 1248 ποτὲ
2304 1195 2403 1266 τὴν
2434 1196 2707 1266 τυχοῦσαν
2759 1195 3005 1268 ἠδυνήθη
3062 1196 3260 1268 μαθεῖν
3314 1197 3536 1268 τέχνην,
3586 1196 3764 1265 πόσῳ.

2141 1285 2348 1358 μᾶλλον
2404 1289 2434 1342 ὁ
2471 1289 2571 1359 τὴν
2597 1288 2693 1342 τοῦ
2723 1289 2860 1344 Θεοῦ
2895 1288 3123 1359 γνῶσιν,
3156 1291 3251 1344 καὶ
3274 1291 3374 1361 τὴν
3399 1291 3538 1361 πρὸς
3571 1289 3753 1342 αὑτὸν

2138 1379 2505 1451 εὐαρέστησιν
2543 1381 2894 1452 κατορθῶσαι
2956 1380 3312 1453 βουλόμενος,
3355 1381 3568 1452 ὀφείλει
3621 1397 3754 1452 σχο-

2138 1471 2323 1537 λάζειν
2352 1474 2410 1526 ὲν
2461 1471 2605 1542 Θεῷ,
2663 1474 2762 1528 καὶ⁵
2811 1473 3032 1544 θερμῶς
3089 1473 3186 1527 καὶ
3243 1472 3512 1546 ὲμπύρως
3569 1472 3752 1543 μέχρι

2137 1564 2330 1629 τέλους
2378 1561 2526 1636 ζωῆς
2556 1564 2654 1637 τὴν
2701 1564 2903 1618 ἑαυτοῦ
2952 1564 3135 1636 ψυχὴν
3187 1564 3333 1636 ἔχειν
3388 1565 3526 1636 πρὸς
3571 1565 3754 1619 αὐτὸν

446 1645 523 1699 illi
567 1645 666 1715 qui
727 1645 1035 1715 temporale
1078 1653 1136 1700 et
1195 1645 1468 1700 caducum
1505 1645 1800 1716 imperium
1849 1645 2041 1718 adepti

2147 1659 2557 1733 Emaptopévnv;
2583 1660 2695 1730 Ούχ
2714 1659 2850 1730 ὁρᾷς
2870 1658 2998 1722 τοὺς
3027 1659 3128 1722 τὰς
3157 1657 3421 1728 βιωτικὰς
3447 1657 3546 1712 καὶ
3568 1675 3757 1730 προσ-

444 1746 597 1800 sunt,
632 1736 816 1791 oblata
847 1737 928 1790 rei
955 1737 1211 1806 gerendae
1245 1737 1560 1802 occasione,
1595 1754 1625 1792 a
1676 1739 1916 1808 prepriis
1942 1754 2038 1794 co-

2141 1752 2369 1824 καίρους
2425 1751 2808 1822 λαμὸάνοντας
2850 1751 3052 1822 ἀρχὰς,
3092 1749 3211 1814 πῶς
3263 1748 3498 1804 ἐπειδὰν.
3540 1748 3752 1820 καιροῦ

441 1829 808 1898 gitationibus
842 1830 998 1884 velut
1024 1829 1094 1884 ab
1137 1829 1618 1900 ignc'incitentur
1650 1839 1708 1884 et
1741 1830 2036 1900 impellan-

2147 1862 2282 1908 τινος
2313 1842 2638 1915 δράξωνται,
2671 1844 2748 1908 ὡς
2775 1844 2881 1898 ὑπὸ
2913 1843 3086 1916 πυρὸς
3122 1842 3430 1914 ὠθούμενοι
3471 1842 3578 1895 ὑπὸ
3640 1841 3756 1894 τῶν

445 1931 555 1988 tur,
587 1922 662 1976 ita
686 1930 746 1976 ut
771 1921 1007 1992 quilibet
1048 1921 1269 1976 illorum
1315 1921 1463 1976 dicat
1491 1941 1504 1977 :
1533 1922 1806 1989 Quantam
1839 1931 2036 1979 nactus

441 2028 565 2068 sum
608 2013 1327 2084 opportunitatcleuam
1376 2013 1488 2070 late
1528 2014 1825 2070 dominor!
1855 2015 2032 2082 Quam

443 2120 642 2176 magno
693 2105 930 2175 imperio
982 2105 1196 2176 potior!
1253 2105 1429 2172 Quam
1481 2105 1622 2160 laetis
1681 2106 2036 2162 successibus

441 2199 630 2254 omnia
665 2197 802 2253 mihi
833 2198 1138 2254 eveniunt!
1191 2197 1491 2263 Ditescam,
1525 2207 1834 2264 exstruam,
1871 2197 2036 2268 plan-

443 2292 593 2357 tabo,
648 2291 880 2361 rapiam,
936 2289 1246 2362 ampliabo,
1293 2298 1674 2359 antevertam,
1739 2299 2036 2361 antequam

441 2385 684 2439 fortunae.
709 2393 764 2438 et
813 2383 1126 2438 occasionis
1150 2383 1385 2439 mutatio
1414 2383 1652 2439 accidat.
1688 2383 1812 2439 Non
1836 2399 2037 2455 exspe—

441 2474 626 2540 ctabo,
659 2489 770 2528 non
803 2472 1133 2528 cunctabor.
1177 2471 1378 2528 Nescio
1424 2473 1575 2530 enim
1624 2474 1761 2544 quid
1813 2483 2037 2544 postera

443 2568 585 2621 ferat
607 2565 752 2621 dies.
781 2565 868 2620 Ab
909 2564 998 2619 his
1027 2573 1084 2619 et
1129 2547 1197 2619 'id
1225 2581 1402 2636 genus
1429 2565 1556 2622 aliis
1602 2567 2038 2637 cogitationibus

443 2659 674 2730 plurimi
704 2658 1045 2723 mortalium,
1088 2659 1248 2728 quasi
1275 2673 1304 2712 a
1352 2658 1704 2714 daemonibus
1757 2659 1948 2730 agitati
1979 2670 2039 2715 et

449 2751 700 2806 instincti
730 2752 1114 2821 impelluntttr,
1143 2761 1200 2806 et
1224 2751 1281 2805 in
1328 2751 1496 2822 hujus
1521 2752 1650 2808 vita:
1701 2753 2044 2808 sollicitudi-

444 2844 614 2899 nibus
641 2842 1036 2914 praefocantur,
1067 2843 1280 2914 absque
1327 2845 1442 2898 ullo
1494 2844 1770 2915 profectu.
1810 2845 1926 2901 Nec
1952 2846 2042 2901 ul-

445 2939 556 2992 lam
590 2936 660 2991 de
718 2937 904 2991 anima
955 2951 1148 2992 curam
1182 2937 1520 3007 suscipiunt.
1569 2939 1684 2994 Nec
1735 2939 1804 2994 de
1838 2948 2038 3006 morte,

445 3044 552 3084 nec
577 3028 644 3083 de
670 3029 852 3098 pmnis
879 3028 1103 3097 futuris,
1140 3044 1245 3084 nec
1269 3029 1337 3083 de
1365 3030 1601 3100 judicio.
1647 3031 1755 3086 Sed
1801 3032 1916 3087 fere
1941 3049 2043 3088 nos

447 3121 600 3191 ipsos
625 3121 966 3191 ignoramus,
989 3131 1048 3178 et
1090 3122 1426 3193 decipimus.
1473 3124 1542 3178 Et
1581 3124 1794 3180 utinam
1821 3125 1930 3180 hoc
1951 3142 2044 3181 so-

447 3213 566 3268 lum
591 3213 774 3269 levius
810 3215 1017 3269 malum
1043 3214 1220 3271 foret!
1255 3216 1395 3286 quin
1455 3224 1512 3271 et
1543 3226 1736 3272 mutuo
1778 3234 1884 3273 nos
1912 3218 2044 3274 odio

448 3307 864 3378 prosequimur,
899 3309 1193 3374 conviciis,
1226 3309 1714 3375 insidiis,invidia,
1747 3311 2046 3368 calumniis

448 3409 507 3454 ct
528 3401 851 3457 seommatis
876 3402 1215 3472 appetimus,
1231 3403 1580 3468 divexamus,
1599 3413 1656 3459 et
1687 3404 2042 3462 incessimus:

450 3493 753 3564 nullusque
779 3505 1036 3550 nostrum
1073 3495 1141 3550 ad
1175 3506 1402 3566 peccata
1436 3513 1535 3552 sua
1561 3497 1807 3551 animum
1843 3497 2044 3554 adver-

455 3587 557 3640 tit:
592 3587 782 3642 nullus
811 3588 882 3647 de
927 3604 1101 3644 onere
1127 3605 1230 3644 suo
1258 3591 1538 3646 sollicitus
1573 3599 1692 3656 est;
1723 3591 1818 3646 sed
1859 3592 2048 3662 proxi-

453 3696 671 3736 morum
717 3691 1038 3738 nostrorum
1093 3694 1319 3755 peccata
1355 3685 1576 3740 curiose
1607 3687 1931 3741 lustramus.
1961 3685 2045 3741 Ad

449 3773 655 3828 collum
709 3790 887 3845 usque
938 3791 1099 3830 coeno
1145 3775 1304 3831 obliti
1351 3792 1566 3843 sumus,
1608 3792 1713 3832 nec
1737 3777 2044 3848 quidquam

451 3865 610 3935 pensi
640 3865 934 3923 habemus.
955 3867 1038 3922 Ad
1060 3876 1406 3924 senectutem
1453 3883 1631 3938 usque
1653 3868 1836 3923 aliena
1879 3883 2048 3924 cura-

451 3973 596 4023 mus,
634 3975 815 4028 neque
861 3959 920 4016 in
976 3960 1099 4030 ἰρὲο
1133 3961 1291 4016 senio
1337 3962 1478 4015 mala
1522 3961 1750 4032 propria
1773 3961 2046 4032 expendi-

453 4068 598 4107 mus.
635 4052 847 4108 Minuta
865 4053 1099 4108 fratrum
1134 4063 1454 4109 nostrorum
1484 4065 1668 4110 errata
1717 4055 2043 4121 intuemur;

450 4155 508 4199 at
531 4145 766 4211 trabem,
795 4163 918 4216 qua:
939 4147 1108 4202 estin
1147 4148 1312 4204 oculo
1363 4158 1580 4213 nostro,
1625 4165 1739 4203 non
1770 4148 2044 4203 videmus.

452 4234 705 4292 Pandere
729 4238 1027 4292 criminum
1070 4248 1396 4295 nostrorum
1448 4239 1817 4309 deprimimur
1863 4248 1920 4295 et
1958 4240 2048 4294 in-

451 4327 753 4384 ﬂectimur.
781 4330 851 4384 Et
889 4339 1072 4386 tamen
1100 4333 1324 4388 curiose
1358 4333 1416 4388 in
1448 4332 1688 4386 aliorum
1733 4331 2048 4387 defectibus

452 4419 786 4492 delictisque
813 4423 1144 4494 iudagandis
1189 4440 1556 4495 occupamur.
1601 4425 1792 4494 Neque
1825 4425 1912 4480 vel
1944 4424 2049 4479 hac

2143 1936 2290 1991 ἰδίων
2335 1936 2616 2007 λογισμῶν
2643 1935 2967 1990 ἐλαύνονται
3003 1935 3100 1990 καλ⁵
3145 1933 3554 1998 ,συνωθοῦνταιη
3612 1933 3756 1988 ἕκα-

2141 2047 2267 2093 στος
2295 2028 2476 2082 αὐτῶν
2503 2029 2600 2082 καὶ
2627 2026 2802 2094 λέγει·
2848 2027 2968 2098 Ἐφ’
2998 2029 3123 2082 ὅσον
3158 2019 3320 2099 εὗρον
3348 2026 3538 2097 καιρόν
3561 2025 3576 2078 i
3627 2026 3754 2094 Ἐφ’

2137 2124 2263 2178 ὅσον
2298 2122 2525 2192 κρατῶί
2573 2122 2691 2192 Ἐφ’
2718 2125 2841 2176 ὅσον
2872 2121 2982 2193 ἔχω
3033 2120 3096 2174 τὸ
3135 2121 3449 2174 ἐπιτάττειν
3498 2118 3597 2172 καὶ
3635 2121 3754 2172 εἱσ-

2140 2215 2470 2270 ακούεσθαιι
2505 2215 2620 2285 Ἐφ’
2648 2216 2772 2270 ὅσον
2793 2216 2862 2269 τὰ
2895 2214 3035 2286 πρὸς
3053 2213 3143 2268 τὸν
3171 2213 3286 2284 βίον
3316 2211 3631 2284 πράγματά
3657 2229 3755 2281 μοι

2139 2308 2342 2372 εὐθέως
2377 2308 2680 2362 ὑπακούειί
2711 2308 3031 2379 Πλουτήσω,
3069 2305 3266 2371 κτίσω,
3297 2302 3578 2374 φυτεύσω,
3645 2304 3752 2373 ἁρ-

2141 2401 2324 2464 πάσω,
2354 2400 2628 2466 πλατυνῶ,
2663 2399 2944 2473 προλάϐω,
2997 2397 3198 2470 πρὶνῆ
3255 2395 3481 2468 γένηται
3541 2394 3750 2466 καιροῦ

2141 2493 2492 2567 παραλλαγή.
2545 2494 2638 2564 Μὴ
2698 2490 2979 2562 ἀναμενῶ,
3052 2487 3128 2560 μὴ
3175 2487 3468 2560 ἀμελήσωο
3537 2486 3602 2540 ού
3637 2485 3750 2556 γὰρ

2141 2582 2280 2649 οῖδα,
2307 2587 2360 2639 τί
2397 2585 2614 2651 τέξεται
2646 2586 2680 2656 ἡ
2733 2583 2991 2638 ἐπιοῦσα.
3041 2582 3178 2636 Ὑπὸ
3230 2580 3441 2636 τούτων
3483 2580 3580 2633 καὶ
3636 2578 3749 2632 τῶν

2141 2673 2406 2728 τοιούτων
2450 2673 2734 2744 λογισμῶν
2767 2674 2818 2726 οἱ
2879 2671 3069 2726 πολλοὶ
3126 2671 3238 2724 τῶν
3284 2667 3618 2742 ἀνθρώπων,
3669 2668 3746 2732 ὡς

2142 2767 2250 2820 ὑπὸ
2303 2765 2573 2838 δαιμόνων
2603 2765 2955 2836 ἐλαυνόμενοι
3012 2764 3108 2819 καὶ
3141 2761 3570 2833 συνωθούμενοι,
3607 2777 3740 2820 κατ-

2144 2860 2467 2930 επείγονται
2523 2861 2584 2914 ὲν
2616 2861 2952 2932 πειρασμοῖς
2983 2861 3077 2912 καὶ
3119 2857 3420 2929 μερίμναις
3455 2855 3736 2926 βιωτικαῖς

2147 2953 2608 3025 συμπνιγόμενοι,
2638 2953 2736 3006 καὶ
2766 2954 2828 3006 οὐ
2860 2949 3346 3023 τελεσφοροῦντες.
3407 2950 3520 3003 Καὶ
3560 2947 3732 3011 οὐδεὶς

2145 3049 2332 3114 αὐτοῖς
2376 3049 2538 3118 λόγος
2576 3049 2708 3120 περὶ
2750 3047 2949 3119 ψυχῆς,
2981 3048 3108 3120 περὶ
3137 3047 3394 3110 θανάτου,
3421 3044 3556 3115 περὶ¹
3582 3041 3738 3096 κολά-

2149 3159 2307 3206 σεως,
2370 3142 2502 3213 περὶ
2542 3141 2801 3212 κρίσεως.
2839 3139 3004 3194 Ἀλλά
3034 3140 3222 3211 σχεδὸν
3247 3139 3477 3217 ἑαυτοὺς
3505 3136 3740 3206 ἀγνοοῦν

2153 3252 2274 3306 μεν,
2311 3237 2406 3290 καὶ
2435 3236 2760 3307 ἀπαιτῶμεν.
2801 3234 2916 3290 Καὶ
2947 3233 3058 3288 εἴθε
3093 3233 3254 3306 μόνον
3285 3233 3450 3288 τοῦτο
3477 3247 3492 3264 ·
3524 3232 3743 3286 ἔλαττον

2147 3327 2215 3382 ἀν
2237 3323 2306 3399 ἧν
2328 3329 2389 3381 τὸ
2415 3329 2588 3383 κακόν
2615 3344 2630 3359 ·
2666 3328 2804 3383 ἀλλὰ
2830 3328 2926 3382 καὶ
2981 3326 3251 3399 ἀλλήλους
3310 3325 3603 3398 μισοῦμεν,
3651 3325 3744 3379 καὶ

2147 3420 2538 3491 λοιδοροῦμεν,
2595 3420 2693 3476 καὶ
2745 3420 3202 3492 ἐπιϐουλεύομεν,
3250 3420 3350 3474 καὶ
3413 3419 3740 3491 φθονοῦμεν.

2148 3513 2242 3566 καὶ
2284 3512 2674 3584 διαϐάλλομεν,
2732 3515 2830 3568 καὶ
2886 3502 3259 3585 σκώπτομέν·
3322 3515 3422 3569 καὶ
3461 3515 3641 3580 οὐδεὶς
3689 3515 3745 3582 ἐξ

2146 3605 2306 3677 ἡμῶν
2345 3607 2608 3679 προσέχει
2641 3609 2766 3671 ταῖς
2803 3605 3002 3660 ἑαυτοῦ
3034 3606 3372 3678 ἁμαρτίαις,
3409 3607 3587 3671 οὐδεὶς
3649 3625 3747 3678 με-

2153 3700 2324 3770 ριμνᾷ
2353 3699 2416 3752 τὸ
2455 3699 2652 3754 ἑαυτοῦ
2701 3698 2923 3771 φορτίον
2951 3713 2966 3728 ⁸
3019 3699 3158 3753 ἀλλὰ
3221 3698 3293 3754 τὰ
3351 3699 3464 3754 τῶν
3517 3699 3748 3769 πλησίον

2149 3792 2310 3862 ἡμῶν
2339 3794 2723 3864 ἁμαρτήματα
2767 3792 3083 3865 σκοποῦμεν
3135 3792 3401 3865 ἀκριϐῶς,
3447 3792 3555 3856 ἕως
3609 3809 3747 3862 τρα-

2149 3885 2318 3955 χήλου
2352 3883 2599 3956 γέμομεν
2663 3885 2953 3958 βορϐόρου,
3003 3885 3098 3940 καὶ
3149 3886 3306 3940 οὐδὲν
3367 3885 3498 3956 περὶ
3554 3884 3746 3938 τούτου

2150 3977 2628 4049 διαμεριμνῶμεν.
2667 3977 2816 4042 Ἕως
2862 3979 3054 4050 γήρως
3085 3978 3156 4033 τὰ
3188 3977 3299 4032 τῶν
3331 3977 3535 4050 ἐτέρων
3589 3994 3748 4050 μερι-

2155 4070 2398 4142 μνῶμεν,
2429 4071 2526 4124 καὶ
2553 4069 2676 4123 ούδὲ
2708 4071 2768 4124 ὲν
2796 4070 2944 4142 αὐτῷ
2974 4071 3054 4142 τῷ
3069 4061 3222 4142 γήρᾳ
3267 4068 3339 4124 τά
3360 4069 3572 4125 ἑαυτῶν
3601 4070 3749 4123 κακὰ

2152 4164 2490 4234 ἐρευνῶμεν,
2550 4164 2662 4217 Καὶ
2705 4163 2775 4216 τὰ
2833 4163 2933 4232 μὲν
2991 4163 3169 4238 μικρὰ
3223 4163 3589 4235 ἐλαττώματα
3640 4163 3750 4217 τῶν

2153 4256 2406 4328 ἀδελφῶν
2490 4256 2651 4327 ἡμῶν
2719 4257 3034 4330 βλέπομεν,
3079 4258 3180 4329 τὴν
3223 4257 3280 4311 δὲ
3331 4257 3487 4312 δοκὸν
3543 4255 3645 4328 τὴν
3695 4257 3752 4308 ἐν

2151 4347 2422 4420 ὀφθαλμῷ
2457 4347 2617 4419 ἡμῶν
2647 4348 2711 4402 οὐ
2747 4347 3044 4420 βλέπομεν.
3089 4348 3232 4402 Ὑπὸ
3256 4347 3352 4403 τοῦ
3385 4348 3609 4420 φορτίου
3640 4347 3752 4400 τῶν

2155 4441 2578 4512 ἁμαρτημάτων
2607 4441 2766 4514 ἡμῶν
2789 4443 3334 4514 κατακαμπτόμεθα,
3390 4442 3486 4504 καὶ
3529 4440 3597 4495 τὰ
3640 4441 3752 4494 τῶν

454 4514 672 4570 ratione
704 4517 1108 4573 erubescimus.
1142 4518 1364 4574 Nemini
1409 4518 1725 4589 parcimus;
1757 4515 2040 4572 nemiuem

2150 4533 2329 4588 ἄλλων
2368 4534 2736 4606 ἐλαττώματα
2765 4535 3268 4608 περιεργαζόμεθα·
3303 4538 3400 4590 καὶ
3429 4533 3544 4588 οὗθ’
3575 4535 3751 4599 οὕτως

447 4599 810 4677 Ibveremur;
838 4611 934 4666 sed
967 4627 1162 4666 omnes
1188 4612 1533 4679 mordcmus,
1559 4627 1755 4666 omnes
1779 4610 2050 4665 devorare

447 4701 704 4767 nitimur,
756 4719 982 4774 parvos,
1021 4720 1270 4777 magnos,
1295 4714 1506 4764 sontes.
1540 4705 1813 4768 insontes,
1868 4718 2051 4759 sacer-

451 4797 633 4861 dotes,
661 4797 919 4854 doctores
945 4809 1186 4860 nostros,
1218 4791 1484 4854 ductores
1518 4807 1764 4862 nostros,
1799 4795 2052 4852 admoni-

454 4897 627 4950 torcs.
656 4899 712 4946 ct
747 4891 844 4961 qui
881 4906 983 4945 nos
1029 4891 1097 4945 ad
1142 4891 1374 4946 meliora
1412 4897 1696 4946 revocant.
1743 4889 2048 4959 Propterea

453 4981 538 5036 ira
567 4982 666 5036 Dei
712 4982 878 5038 nobis
923 4982 1221 5038 incumbit.
1265 4983 1570 5051 Propterea
1604 4979 1938 5050 allligimur,
1990 4985 2050 5034 et

454 5075 510 5127 in
537 5075 742 5130 multas
768 5076 1111 5132 calamitates
1157 5084 1215 5132 et
1243 5075 1528 5146 angustias
1553 5074 1916 5140 incurrimus,
1966 5073 2048 5127 vi-

454 5166 658 5222 delicet
705 5169 778 5224 ob
807 5169 1114 5225 caecitatem
1168 5179 1278 5240 qua
1317 5168 1660 5223 detinemur.

2151 4624 2549 4696 αἰσχυνόμεθα,
2595 4626 2811 4690 οὐδενὸς
2863 4626 3182 4698 φειδόμεθα,
3237 4627 3428 4681 οὐδένα
3488 4626 3752 4680 εὐλαϐού-

2154 4717 2315 4787 μεθα’
2341 4717 2480 4770 ἀλλᾶ
2515 4717 2728 4782 πάντας
2755 4719 3031 4790 δάκνομεν
3055 4735 3069 4752 ·
3113 4719 3326 4784 πάντας
3360 4718 3749 4790 κατεσθίομεν,

2150 4809 2279 4872 τοὺς
2317 4810 2573 4880 μικροὺς,
2610 4811 2740 4874 τοὺς
2802 4810 3102 4882 μεγάλους,
3153 4812 3283 4874 τοὺς
3339 4804 3571 4875 αἰτίους,
3623 4811 3752 4874 τοὺς

2153 4891 2434 4956 ἀναιτίους
2467 4933 2482 4956 ,
2545 4895 2672 4958 τοὺς
2724 4894 2913 4966 ἱερεῖς,
2967 4895 3097 4958 τοὺς
3151 4893 3512 4958 διδασκάλους
3562 4894 3748 4964 ἡμῶν,

2154 4983 2281 5048 τοὺς
2310 4983 2644 5054 δδηγοῦντας
2665 4987 2838 5057 ἡμᾶς,
2874 4987 3006 5050 τοὺς
3032 4985 3446 5050 νουθετοῦντας,
3479 4987 3577 5040 καὶ
3627 4986 3752 5038 ὲπι-

2159 5077 2520 5148 στρέφοντας.
2561 5077 2675 5132 Καὶ
2707 5077 2796 5132 διὰ
2837 5078 2996 5133 τοῦτο
3034 5079 3238 5152 ἡόργὴ
3287 5079 3383 5133 τοῦ
3418 5077 3555 5132 Θεοῦ
3586 5077 3753 5148 ὲπέρ·

2161 5188 2318 5242 χεται
2355 5172 2439 5238 ἐφ’
2476 5171 2648 5242 ἡμᾶς.
2697 5171 2800 5224 Διὰ
2842 5169 3004 5226 τοῦτο
3056 5171 3452 5244 παιδευόμεθα,
3505 5169 3602 5226 καὶ
3647 5185 3746 5222 πα-

458 5260 789 5332 ραδιδόμεθα
831 5264 914 5327 εἰς
943 5262 1142 5326 πολλάς
1169 5261 1384 5333 θλίψεις
1413 5263 1509 5316 καὶ
1541 5261 1918 5334 περιστάσεις,
1946 5261 2036 5316 διὰ
2071 5261 2172 5336 τὴν
2198 5263 2540 5335 κατέχουσαν
2575 5264 2727 5336 ἡμᾶς
2753 5263 3038 5336 πώρωσιν.

1973 5419 2202 5478 ΝΟΤίΕ.

531 5534 610 5608 ('2)
647 5536 1014 5604 Ἀναγκαίως
1042 5539 1388 5594 ὑποτίθεται
1419 5536 1536 5605 τὴν
1567 5535 1679 5604 τῆς
1716 5537 1868 5602 πρὸς
1901 5535 2051 5589 Θεὸν

462 5607 858 5674 προσεδρείας
917 5610 1176 5677 σχολήν.
1223 5610 1347 5665 Non
1401 5609 1478 5663 ita
1538 5609 1682 5662 bene
1746 5609 2046 5676 interpres,

462 5681 609 5734 nobis
644 5681 725 5734 his
754 5679 926 5752 verbis
955 5681 1016 5734 ob
1045 5679 1222 5734 oculos
1251 5681 1430 5752 ponit,
1462 5678 1614 5734 nulli
1649 5687 1746 5752 aut
1783 5677 2046 5752 prtccepti

463 5762 561 5803 aut
608 5749 964 5805 necessitatis
1011 5747 1335 5814 mentione,
1383 5765 1509 5805 cum
1574 5749 1745 5804 verba
1786 5747 2046 5802 auctoris

465 5831 803 5893 pra'cepttttn
855 5831 1075 5889 sonent,
1123 5837 1186 5878 ac
1229 5821 1453 5878 inducta
1505 5821 1806 5876 auclm'itus
1855 5827 2041 5890 petat:

2165 5535 2359 5610 Vacate
2389 5546 2438 5591 et
2461 5540 2778 5610 cognoscite,
2800 5549 2910 5595 etc.
2934 5539 3069 5595 Erat
3093 5539 3146 5594 in
3175 5539 3374 5594 Bavar.
3398 5536 3754 5610 προσεδρείαν

2161 5607 2358 5682 σχολήν
2382 5625 2394 5636 ’
2431 5607 2536 5682 pro
2575 5625 2689 5682 quo
2710 5610 2943 5682 conjieit
2970 5611 3234 5682 ,Canisius
3255 5611 3557 5682 legendum
3587 5607 3753 5682 προσ-

2157 5678 2382 5751 εδρειαν
2419 5678 2513 5733 καὶ
2547 5678 2780 5751 σχολήνο
2806 5678 2932 5751 qua:
2966 5681 3137 5738 lcctlo
3191 5678 3338 5736 cum'
3358 5680 3753 5751 superioribus

2155 5750 2415 5820 congruit
2437 5752 2509 5822 εὴ
2543 5751 2651 5824 γὰρ
2685 5750 3012 5830 προσεδρεία
3043 5753 3136 5808 καὶ
3163 5753 3348 5827 σχολή.
3382 5750 3674 5809 censeris.
