4056 6480
301 335 420 400 8'29

297 543 479 614 πολλὴ
511 547 544 614 ή
580 542 834 614 ἀμέλεια.
875 538 1138 597 Οὐκ’ἕστι
1193 547 1324 617 παρ’
1387 549 1520 618 ἡμῖν
1579 549 1896 616 κατάνυξις,

295 639 406 689 οὐκ
430 635 546 688 ἔστι
567 635 734 704 φόϐος
759 635 922 700 Θεοῦ,
953 636 1074 691 οὐδὲ
1101 637 1410 710 διόρθωσις,
1437 639 1563 694 οὔτε
1597 644 1857 711 μετάνοια
1881 658 1894 671 ⁸

294 725 426 778 ἀλλ’
459 725 580 787 ὅλος
601 724 761 796 ήμῶν
789 726 817 778 ὁ
863 725 988 788 νοῦς
1044 729 1126 791 είς
1169 729 1458 801 πονηρίας,
1513 734 1610 784 καὶ
1661 734 1896 803 τρυφὰς,

295 815 400 867 καὶ
435 813 633 886 μέθην.
665 815 780 876 Καὶ
818 815 1078 880 πολλάκις
1110 818 1210 887 μὲν
1233 819 1320 873 διὰ
1348 823 1531 893 πάσης
1557 824 1656 894 τῆς
1680 825 1900 895 ἡμέρας

293 901 356 951 ἐν
389 899 648 969 θεάτροις
673 901 770 953 καὶ
803 899 1236 971 αἰσχρολογίαις,
1259 905 1355 958 καὶ
1399 905 1609 971 λοιποῖς
1657 908 1751 962 τοῦ
1786 911 1902 962 δια-

293 991 469 1043 ϐόλου
521 991 710 1061 ἔργοις
744 991 1162 1062 ἀσχολούμενοι,
1213 995 1315 1049 οὐκ
1365 998 1704 1070 ἀκηδιῶμεα,
1763 1000 1901 1055 ἀλλὰ

295 1083 393 1134 καὶ
437 1080 700 1153 βρώσεως
725 1083 814 1137 διὰ
837 1084 1015 1139 ταῦτα
1045 1087 1520 1160 καταφρονοῦμεν,
1570 1092 1667 1145 καὶ
1723 1094 1898 1154 οίκου,

294 1171 395 1222 καὶ
446 1171 652 1241 ἐτέρων
677 1173 996 1240 ἀναγκαίων
1039 1179 1420 1246 πραγμάτων*
1453 1181 1514 1234 ἐν
1549 1181 1820 1254 ἐκκλησία
1843 1184 1898 1238 δὲ

293 1265 394 1316 τοῦ
429 1263 588 1329 Θεοῦ,
625 1265 722 1318 καὶ
745 1271 1024 1338 προσευχῇ
1055 1271 1150 1324 καὶ
1180 1271 1511 1342 ἀναγνώσει,
1565 1275 1694 1345 μίαν
1731 1278 1901 1349 μόνην

291 1355 336 1406 ὧ
347 1373 460 1425 ραν
487 1361 835 1430 παραστῆναι
851 1360 929 1430 τῷ
949 1361 1068 1432 Θεῷ
1097 1363 1160 1416 οὑ
1195 1363 1521 1435 βουλόμεθα·
1549 1369 1666 1422 ἀλλ’
1687 1369 1764 1433 ὡς
1793 1371 1902 1423 ἀπὸ

288 1449 515 1520 πυρὸς,
569 1449 746 1512 οὕτως
812 1453 916 1521 τῆς
970 1453 1266 1525 ἐκκλησίας
1319 1456 1414 1511 τοῦ
1471 1459 1608 1512 Θεοῦ
1659 1459 1901 1524 ἐξελθεῖν

290 1540 613 1611 σπεύδομεν
641 1557 658 1574 ο
691 1543 788 1596 καὶ
817 1543 878 1598 τὸ
901 1544 1044 1598 θεῖον
1073 1547 1434 1616 Εὐαγγέλιον,
1471 1551 1694 1620 μείζονα
1740 1571 1903 1624 περι-

289 1631 481 1700 κοπὴν
511 1633 561 1684 εἰ
595 1631 759 1703 εἴπῃς
787 1632 815 1668 ά
857 1634 958 1704 (3),
993 1637 1442 1707 ἀγανακτοῦμεν,
1497 1641 1594 1693 καὶ
1637 1638 1904 1712 περισταὶ

289 1723 389 1776 τοῦ
402 1723 549 1794 μεθα
580 1739 594 1754 ·
625 1725 721 1778 καὶ
749 1728 778 1780 ὁ
801 1725 902 1790 τὰς
931 1728 1099 1798 εὐχὰς
1127 1730 1300 1784 ποιῶν
1332 1733 1536 1804 ἱερεὺς,
1584 1733 1680 1786 ἐὰν
1725 1735 1899 1788 ταῦτα

1519 341 1804 402 ORATIO
1845 345 1942 404 DE
1982 345 2044 409 S.
2087 347 2386 408 SYNAXI-

383 451 560 522 Πολλὴ
589 449 700 522 γὰρ
727 450 760 522 ἡ
800 449 1078 520 τίφλωσις
1109 451 1266 524 ἡμῶν
1295 469 1308 484 ⁸
1339 455 1509 527 πολλὴ
1538 459 1571 528 ἡ
1611 457 1855 528 ῥᾳθυμία
1883 475 1896 488 ·
1929 462 1978 518 Α

3493 349 3602 414 830

2075 464 2268 536 Magna
2310 475 2396 521 est
2421 462 2643 520 caecitas
2694 463 3128 536 nostra,ingens
3160 463 3438 520 socordia.
3475 465 3596 521 Non
3652 453 3663 466 ’

2004 557 2284 626 reperitur
2317 557 2465 628 apud
2517 572 2621 612 nos
2666 557 3047 628 compunctio,
3112 573 3224 612 non
3257 557 3426 612 timor
3474 557 3594 623 Dei,

2001 660 2114 700 non
2153 663 2374 702 morum
2399 647 2737 712 emendatio,
2772 663 2884 701 non
2930 647 3289 717 poenitentia;
3336 647 3433 702 sed
3482 655 3599 703 tota

2002 752 2160 792 mens
2181 749 2366 793 nostra
2391 754 2657 794 conversa
2683 740 2859 794 estad
2894 739 3186 804 malitiam,
3217 737 3288 794 ad
3341 739 3593 809 volupta-

2001 839 2146 900 ptes,
2179 831 2338 904 451
2375 833 2443 886 ad
2467 832 2819 888 ebrietatem.
2860 834 2928 887 Et
2971 849 3115 903 saepe
3145 833 3207 887 lit
3240 841 3304 886 ut
3352 833 3600 902 integros

2003 924 2124 979 dies
2147 925 2202 979 in
2229 925 2490 991 theatris,
2518 934 2576 982 et
2607 927 2988 996 turpiloquiis,
3025 936 3083 980 et
3120 925 3357 996 reliquis
3386 925 3599 980 diaboli

2003 1017 2269 1087 operibus
2307 1019 2564 1088 occupati
2628 1035 2742 1074 non
2798 1017 3190 1090 defatigemnr,
3231 1018 3376 1083 cibo,
3409 1018 3596 1083 domo,

2003 1108 2332 1180 creterisque
2377 1110 2548 1164 rebus
2590 1110 2928 1167 necessariis
2971 1119 3203 1180 propter
3253 1125 3392 1164 vana
3427 1110 3518 1164 illa
3543 1119 3600 1165 et

2003 1199 2218 1254 ludicra
2243 1202 2586 1272 contemptui
2619 1203 2979 1272 etneglectui
3033 1202 3261 1257 habitis.
3307 1202 3377 1256 At
3404 1203 3461 1256 in
3505 1219 3602 1259 ec-

2003 1293 2186 1356 clesia
2226 1295 2324 1348 Dei
2366 1311 2436 1350 ne
2479 1312 2645 1350 unam
2705 1295 2932 1366 quidem
3001 1295 3198 1350 horam
3251 1295 3495 1350 orationi
3541 1305 3599 1350 et

2003 1386 2231 1440 lectioni
2289 1385 2444 1450 dare,
2509 1388 2735 1457 Deoque
2787 1395 2972 1442 astare
3031 1387 3322 1451 volumus;
3365 1388 3467 1442 scd
3525 1390 3597 1442 ab

2004 1478 2242 1532 ecclesia
2297 1481 2732 1548 quamprimum,
2786 1496 2900 1534 non
2943 1495 3106 1535 secus
3133 1495 3197 1536 ac
3241 1480 3312 1534 ab
3365 1479 3598 1536 ardente

2004 1583 2160 1636 rogo,
2195 1568 2446 1638 expediri
2467 1569 2880 1633 contendimus,
2909 1578 2965 1622 et
2997 1567 3042 1622 si
3078 1568 3148 1622 de
3177 1567 3369 1622 divino
3416 1567 3598 1621 Evan-

2004 1661 2146 1732 gelio
2204 1659 2424 1732 longior
2475 1660 2804 1715 instituatur
2865 1660 3140 1727 recitatio,
3191 1657 3592 1729 indignabuudi

2006 1753 2458 1807 circumstamus.
2483 1752 2553 1806 Et
2579 1751 2923 1806 si‘sacerdos
2947 1767 3144 1822 preces
3177 1751 3344 1821 paulo
3382 1749 3593 1804 diutius

293 1817 540 1886 σμικρὸν
570 1818 928 1890 παρεκτείνῃ,
963 1821 1340 1892 στυγνάζομεν
1368 1824 1464 1876 καὶ
1493 1823 1893 1896 ὀλιγωροῦμεν·

2008 1842 2322 1914 protrahat,
2375 1843 2602 1897 tristitia
2651 1813 2962 1908 allicimur;
2992 1841 3368 1910 socordesque
3417 1839 3598 1894 efﬁci-

294 1908 395 1960 xz".
425 1908 455 1960 ὁ
481 1909 583 1980 τὴν
615 1907 960 1980 ἀναίμακτον
999 1910 1196 1966 θυσίαν
1237 1915 1593 1986 προσφέρων,
1635 1915 1730 1969 ἐὰν
1766 1917 1904 1986 πρὸς

297 2000 479 2070 βραχὺ
525 2001 790 2074 βραδύνῃ,
823 2003 1146 2074 ἅκηδιῶμεν
1180 2007 1601 2075 στυγνὰζοντες,
1655 2009 1748 2062 καὶ
1799 2027 1902 2079 χα-

297 2095 607 2164 σμὼμενοι,
633 2095 730 2148 καὶ
757 2103 834 2159 ὡς
857 2095 968 2149 ἀπὸ
1001 2095 1384 2169 δικαστηρίου,
1411 2097 1586 2162 οὕτως
1619 2099 1903 2171 συντόμως

295 2191 401 2254 τῆς
457 2189 783 2260 προσευχῆς
830 2189 1138 2260 ἀποστῆναι
1190 2191 1572 2262 σπουδάζομεν
1603 2208 1617 2223 ο
1669 2193 1764 2245 καὶ
1811 2193 1904 2245 ἐπὶ

294 2281 359 2332 τὸ
388 2283 512 2344 ταῖς
547 2279 813 2350 ματαίαις
847 2281 1084 2352 πράξεσι
1117 2283 1214 2336 καὶ
1263 2284 1524 2346 ἀσωτίαις
1563 2283 1902 2354 ἀπέρχεσθαι

296 2371 410 2426 ὑπὸ
465 2370 562 2424 τοῦ
624 2370 874 2425 διαϐόλου
936 2373 1380 2442 κατεπειγόμεθα
1409 2390 1425 2405 ⁶
1482 2373 1654 2444 πολλὴ
1709 2374 1819 2444 γὰρ
1868 2375 1901 2446 ἡ

302 2465 558 2537 ἡμετέρα
608 2464 984 2536 ταλαιπωρία,
1045 2466 1342 2536 ἀγαπητοί.
1376 2467 1486 2520 Καὶ
1513 2467 1623 2536 γὰρ
1657 2469 1714 2520 ἐν
1749 2466 1901 2539 πάσῃ

310 2557 597 2625 προσευχῇ
631 2555 725 2608 καὶ
768 2554 950 2625 δεήσει
1007 2555 1226 2626 θερμῶς
1276 2557 1370 2608 καὶ
1426 2556 1694 2620 συντόνως
1748 2556 1903 2626 ,ὀφεί-

311 2644 506 2709 λοντες
526 2645 877 2712 διατίθεσθαι,
906 2647 1205 2718 ἐξαιρέτως
1235 2647 1293 2700 δὲ
1325 2649 1383 2700 ἐν
1422 2650 1488 2719 τῇ
1535 2647 1658 2720 θείᾳ
1691 2650 1904 2720 ἱερουρ-

315 2737 416 2808 γίᾳ.
446 2737 561 2792 τῶν
577 2739 864 2809 ἄχραντων
907 2739 1254 2812 μυστηρίων,
1308 2739 1468 2794 τοῦτο
1497 2744 1679 2816 ποιεῖν
1729 2758 1902 2812 χρεωο

315 2827 565 2894 στοῦντες
589 2831 650 2883 τὺ
685 2831 828 2900 μετὰ
881 2831 1051 2900 φόϐου
1102 2831 1197 2884 καὶ
1256 2833 1462 2902 τρόμου
1520 2831 1900 2904 παρίστασθαι

308 2921 388 2991 τῷ
419 2921 668 2994 Δεσπότῃ
697 2923 755 2976 ἐν
806 2923 874 2994 τῇ
926 2921 1157 2994 τοιαύτῃ
1197 2922 1426 2988 Συνὰξει
1453 2940 1468 2955 ο
1519 2923 1641 2976 οὐδὲ
1696 2921 1902 2992 ταύτην

305 3014 702 3086 προσφέρομεν
740 3016 876 3086 παρ’
908 3015 1058 3086 αὐτῷ
1104 3017 1162 3070 ἐν
1220 3016 1510 3086 εἰλικρινεῖ
1565 3015 1752 3085 δεήσει
1798 3015 1898 3086 (4),

302 3107 400 3162 καὶ
425 3105 915 3176 συντετριμμένῳ
950 3118 973 3146 ο
1009 3107 1107 3161 καὶ
1139 3107 1656 3176 κατατετριμμένῳ
1702 3107 1902 3176 φρονή-

302 3217 438 3271 ματι
464 3215 482 3231 ⁸
523 3198 659 3253 ἀλλὰ
681 3199 751 3254 τὰ
779 3199 1112 3270 δικαστήρια
1167 3199 1351 3270 ἡμῶν,
1401 3199 1497 3252 καὶ
1543 3199 1644 3262 τὰς
1689 3199 1898 3270 διοική-

297 3310 420 3356 σεις
469 3291 580 3347 τῶν
629 3290 845 3346 πολλῶν
905 3291 1002 3346 καὶ
1055 3291 1302 3363 ματαίων
1331 3291 1492 3363 ἡμῶν
1523 3291 1894 3364 πραγμάτων,

293 3388 356 3440 ἐν
381 3387 506 3448 ταῖς
533 3385 812 3448 τοιαύταις
842 3384 1108 3452 Συνὰξεσι
1138 3385 1522 3454 ἐπιτελοῦμεν.

367 3477 485 3530 Καὶ
523 3478 576 3531 ὀί
607 3475 708 3546 μὲν
740 3477 802 3530 οὐ
829 3476 1200 3547 φροντίζουσι,
1233 3476 1322 3547 οἵα
1364 3475 1633 3546 καθάρσει
1668 3477 1763 3530 καὶ
1797 3493 1899 3544 με-

287 3569 494 3638 τανοίᾳ
523 3570 592 3639 τῇ
630 3568 754 3638 ίερᾷ
781 3564 1033 3640 τραπέζῃ
1066 3567 1445 3636 προσέλθωσιν
1469 3559 1500 3600 ”
1538 3565 1678 3620 ἀλλὰ
1727 3565 1902 3628 ποίοις

288 3659 546 3730 ἱματίοις
591 3658 1080 3714 καλλωπισθῶσιν.
1138 3661 1202 3712 Οί
1240 3658 1298 3712 δέ
1338 3657 1605 3722 ἐλθόντες,
1643 3657 1704 3710 οῦ
1735 3659 1898 3728 μέχρι

283 3753 400 3820 τῆς
460 3749 918 3822 συμπληρώσεως
975 3749 1353 3823 παρίστασθαι
1403 3749 1692 3814 ἀξιοῦσιν·
1761 3747 1900 3801 ἀλλὰ

283 3847 358 3900 δι’
407 3845 617 3917 ἐτέρων
658 3844 933 3917 ἐρωτῶσι,
966 3844 1292 3914 τίίτελεῖται
1336 3845 1394 3896 ἐν
1423 3847 1488 3912 τῇ
1517 3841 1766 3906 Συνὰξει,
1804 3844 1899 3896 καὶ

282 3938 336 3990 εί
399 3936 432 3988 ὁ
484 3937 680 4005 καιρὸς
725 3935 828 4004 τῆς
881 3935 1248 4006 μεταλήψεως
1309 3933 1580 4004 πάρεστι’
1637 3935 1730 3988 καὶ
1773 3933 1897 3986 τότε

283 4026 680 4098 εἰσπηδῶντες
710 4029 991 4100 δρομαίως
1019 4027 1096 4091 ὡς
1123 4027 1308 4092 κύνες,
1359 4026 1454 4079 καὶ
1487 4025 1579 4078 τὸν
1607 4024 1773 4096 ἄρτον
1806 4026 1898 4078 τὸν

288 4120 570 4195 μυστικὸν
620 4120 964 4191 ἁρπάζοντες
1013 4117 1356 4190 ἐξέρχονται.
1397 4117 1584 4170 ’Ἀλλοι
1614 4117 1672 4170 δέ
1715 4133 1899 4186 παρα-

282 4211 589 4282 γενόμενοι
644 4211 704 4263 ἐν
755 4208 834 4280 τῷ
877 4209 990 4280 ναῷ
1039 4210 1134 4262 τοῦ
1177 4207 1339 4269 Θεοῦ,
1399 4203 1526 4258 οὔτε
1577 4207 1707 4276 μίαν
1748 4205 1899 4277 ὥραν

281 4302 595 4376 ἡρεμοῦσι,
614 4301 1070 4372 λογολεσχοῦντες
1095 4301 1234 4372 πρὸς
1253 4298 1536 4368 ἀλλήλους,
1559 4299 1655 4352 xa‘t
1671 4297 1900 4368 φλυαρε-

284 4415 382 4460 αις
412 4393 636 4466 μᾶλλον,
735 4397 1074 4466 προσευχαῖς
1101 4390 1898 4462 συγκροτοῦμενοι.”Ετεροιδὲ

2007 1952 2169 2001 mur;
2213 1945 2272 1990 et
2312 1933 2358 1990 si
2399 1934 2446 1990 is
2478 1934 2576 2004 qui
2625 1935 2980 1990 incruentum
3027 1933 3364 1989 sacriﬁcium
3407 1931 3596 1996 olfert,

2005 2029 2093 2082 vel
2123 2027 2410 2097 paululum
2437 2037 2758 2088 cunctetur,
2802 2027 3138 2091 fastidimus,
3165 2034 3222 2080 et
3271 2025 3597 2090 oscitamus,

2005 2129 2062 2176 et
2099 2129 2208 2174 tam
2234 2119 2428 2190 paucis
2456 2119 2526 2174 ab
2567 2119 2822 2174 oratione
2865 2135 3032 2188 quam
3074 2135 3105 2172 a
3161 2115 3600 2172 tribunalilibe-

2005 2214 2119 2269 rari
2167 2214 2482 2278 studemus,
2523 2221 2696 2283 utque
2722 2213 2791 2266 ad
2815 2229 3000 2270 .vanas
3034 2211 3312 2270 actiones.
3349 2209 3604 2278 volupta-

2006 2315 2361 2376 tesque.nos
2427 2305 2799 2374 recipiamus,
2860 2322 2890 2357 a
2949 2303 3172 2356 diabolo
3231 2299 3598 2370 impellimur.

2005 2398 2246 2455 Grandis
2293 2405 2380 2453 est
2437 2397 2663 2452 miseria
2731 2405 2947 2459 nostra,
2991 2394 3330 2450 charissimi.
3375 2393 3598 2448 Etenim

2004 2506 2132 2546 cum
2160 2491 2217 2545 in
2242 2491 2396 2545 omni
2447 2491 2699 2544 oratione
2728 2498 2804 2542 .et
2839 2487 3232 2543 obsecratione
3280 2485 3484 2555 spiritu
3512 2499 3604 2538 ar—

2003 2585 2156 2650 dere,
2193 2583 2396 2638 eximie
2415 2591 2600 2637 autem
2631 2595 2783 2647 tunc,
2812 2596 2939 2636 eum
2994 2579 3349 2634 immaculata
3397 2586 3600 2650 mystc-

2003 2676 2084 2730 ria
2118 2685 2464 2747 peraguntur
2503 2675 2960 2740 etimmolantur,
2993 2690 3118 2730 cum
3155 2675 3352 2730 timore
3390 2683 3447 2747 et
3492 2682 3599 2728 tre-

2003 2783 2157 2822 more
2185 2767 2420 2822 Domino
2465 2767 2736 2822 assistere
2762 2767 3120 2832 deberemus,
3155 2767 3210 2822 in
3237 2765 3331 2820 tali
3365 2773 3423 2822 et
3447 2773 3603 2820 tanta

2003 2856 2244 2928 Synaxi;
2275 2873 2456 2927 neque
2475 2857 2602 2918 hoc,
2637 2857 2786 2927 quod
2824 2858 3001 2912 nostri
3025 2855 3192 2912 oﬂicii
3233 2855 3378 2910 ratio
3404 2855 3598 2926 exigit,

2001 2955 2335 3020 praastamus
2349 2951 2582 3004 sinceris
2595 2949 2929 3018 prceibnsin
2951 2949 3154 3018 spiritu
3178 2949 3403 3002 contrito
3425 2955 3474 3001 et
3504 2949 3604 3002 Im-

2003 3041 2232 3106 miliato,
2275 3037 2371 3096 sed
2409 3055 2500 3096 res
2531 3055 2840 3110 causasque
2877 3047 3100 3095 nostras
3140 3039 3430 3106 forenses,
3455 3039 3599 3092 mul-

2005 3142 2299 3202 tarumque
2323 3141 2380 3186 et
2403 3132 2654 3186 inanium
2675 3132 2865 3187 rerum
2898 3131 3435 3196 administrationes,
3472 3144 3602 3184 cum

2000 3225 2069 3280 ad
2099 3240 2312 3282 sacram
2344 3223 2590 3298 Synaxin
2617 3223 2998 3280 accedendum
3031 3231 3138 3290 est,
3183 3221 3527 3294 perticimus.

2073 3475 2143 3529 Et
2169 3474 2325 3528 multi
2353 3473 2580 3543 quidem
2625 3488 2738 3528 non
2789 3473 3047 3526 laborant
3091 3487 3198 3542 qua
3255 3471 3498 3541 puritate
3544 3477 3605 3524 et

1999 3568 2326 3637 poenitentia
2350 3567 2415 3622 ad
2441 3582 2654 3622 sacram
2681 3581 2930 3622 mensam
2980 3565 3204 3631 adeant,
3252 3563 3346 3620 sed
3396 3563 3604 3634 quibus

1999 3661 2349 3717 vestimentis
2369 3669 2736 3716 exornentur.
2757 3659 2888 3721 Alii,
2922 3659 3016 3728 qui
3075 3657 3330 3722 veniunt,
3364 3671 3476 3710 non
3506 3654 3596 3708 di-

2000 3763 2240 3826 gnantur
2272 3770 2445 3822 usque
2478 3751 2546 3806 ad
2594 3751 2760 3805 finem
2787 3751 3006 3814 adesse,
3041 3751 3139 3804 sed
3194 3765 3294 3818 per
3345 3747 3486 3802 alios
3518 3746 3604 3800 in-

2000 3855 2284 3916 terrogant
2318 3845 2584 3915 quidnam
2613 3845 2666 3898 in
2699 3843 2903 3916 Synasi
2943 3851 3158 3912 agatur.
3207 3829 3275 3896 cf
3303 3855 3436 3894 num
3459 3849 3601 3896 tem-

1999 3953 2104 4006 pus
2123 3936 2550 3992 Communionis
2584 3935 2733 3990 adsit
2775 3952 2788 3986 :
2837 3943 2894 3988 et
2926 3940 3060 3987 tunc
3103 3946 3480 4002 praepropere,
3509 3946 3604 3984 ca-

1997 4045 2134 4084 num
2192 4029 2392 4093 instar,
2448 4027 2727 4091 insiliunt,
2771 4037 2830 4081 et
2863 4041 3004 4096 pane
3039 4026 3275 4096 mystico
3321 4031 3482 4093 rapto
3506 4039 3602 4079 ex-

2000 4128 2156 4176 eunt.
2186 4119 2293 4175 Alii
2332 4121 2389 4174 in
2424 4121 2632 4189 templo
2662 4119 2762 4173 Dei
2805 4126 3129 4188 praesentes,
3189 4133 3260 4172 ne
3331 4133 3442 4170 una
3479 4116 3606 4186 qni-

2001 4213 2128 4268 dem
2163 4214 2301 4268 hora
2325 4213 2646 4282 quiescunt,
2677 4211 2886 4265 mutuis
2936 4210 3234 4280 colloquiis
3297 4209 3596 4274 institutis,

2003 4304 2556 4360 confabulationibus
2607 4303 2783 4374 magis
2841 4319 3006 4373 quam
3059 4302 3322 4373 precibus
3371 4301 3602 4357 intenti.

2002 4398 2110 4452 Alii
2148 4398 2339 4452 relicta
2359 4413 2516 4452 sacra
2542 4396 2792 4467 Liturgia
2814 4413 2913 4450 seu
2933 4395 3119 4460 Missa,
3143 4395 3329 4450 carnis
3351 4395 3604 4464 voluptas

285 4490 396 4563 τὴν
451 4487 848 4560 μυσταγωγίαν
897 4488 1000 4558 τῆς
1047 4486 1197 4550 θείας
1247 4485 1595 4553 λειτουργίας
1638 4483 1896 4538 καταλεξ-

2007 4490 2154 4544 tibus
2202 4505 2323 4544 sese
2351 4489 2582 4544 dedunt.
2616 4489 2728 4543 Alii
2789 4489 2931 4543 nihil
2980 4504 3130 4543 cura:
3159 4497 3217 4543 et
3266 4503 3450 4558 opera:
3491 4502 3606 4542 suae

281 4585 540 4654 ᾠαντες,
593 4581 734 4652 πρὸς
769 4580 870 4644 τὰς
912 4581 1014 4651 τῆς
1055 4581 1260 4650 σαρκὸς
1303 4579 1502 4650 ἡδονὰς
1549 4579 1778 4640 ἑαυτοὺς
1803 4579 1896 4631 ἐκ-

283 4673 558 4726 διδόασιν.
629 4671 818 4725 ”Λλλοι
877 4672 939 4724 οὐ
1001 4669 1328 4741 σχολάζουσι
1411 4671 1506 4722 καὶ
1565 4670 1897 4740 προσέχουσι

283 4767 372 4837 τῷ
425 4765 638 4821 ἑαυτῶν
680 4764 968 4831 συνειδότι,
1028 4763 1388 4836 καθαίροντες
1436 4761 1532 4816 τοῦ
1575 4762 1751 4833 ῥύπου
1790 4763 1898 4816 τῶν

2005 4583 2359 4638 conscientia:
2396 4581 2753 4651 impendunt,
2787 4591 2904 4636 uta
2942 4590 3302 4652 peceatormn
3341 4579 3605 4636 sordibus

2005 4682 2350 4745 expurgetnr
2394 4688 2494 4743 per
2521 4673 2945 4742 pmnitentiam;
2975 4672 3073 4727 sed
3135 4673 3293 4742 plura
3341 4681 3602 4742 peccato-

2006 4783 2132 4821 rum
2164 4782 2336 4838 onera
2365 4765 2474 4820 sibi
2527 4773 2906 4836 comportant,
2954 4764 3090 4820 dum
3123 4763 3601 4834 pulchritudinem

1603 4877 1840 4932 VARUS
1892 4881 2303 4938 LECTIONES.

369 4969 402 5011 δ
441 4971 599 5026 Basn.
630 4979 688 5027 et
720 4970 973 5028 Combcf.
1006 4971 1308 5043 περικοπὴν
1336 4971 1488 5043 εἴπῃ.

1571 4983 1594 5010 ε
1614 4971 1752 5026 Cod.
1780 4973 1914 5044 Reg.
1951 4975 2473 5048 καταϐεὸλιμμένῳ.
2505 4975 2760 5032 Combef.
2794 4971 3282 5045 καταϐεϐλημένη).

1828 5091 2062 5150 NOTAE.

369 5178 452 5252 (3)
489 5180 740 5252 Μείζηνα
766 5179 1106 5248 περικοπὴν
1131 5179 1550 5252 εἴπῃς-,Ριιιοῑῐι
1596 5183 1894 5252 legendam

289 5249 442 5322 ἔχῃ(
467 5251 578 5304 Vox
613 5251 801 5307 Graeca
828 5252 1054 5314 clarior,
1105 5267 1212 5323 qua
1237 5259 1292 5323 et
1337 5249 1706 5323 Hieronymus
1750 5270 1894 5323 saepe

293 5321 505 5387 utitur,
538 5329 600 5394 ut
628 5323 730 5394 lib.
762 5338 799 5377 ιι
837 5323 1106 5394 adversus
1132 5321 1586 5394 Joviniauum,et
1622 5325 1795 5394 Epist.
1822 5321 1892 5378 ad

292 5393 625 5463 l'ammach.
649 5393 746 5447 Est
775 5393 1054 5448 sententia
1085 5400 1240 5445 certo
1263 5393 1474 5447 ambitu
1529 5393 1896 5463 comprehen-

291 5483 388 5518 sa.
439 5461 540 5518 Hic
581 5464 858 5533 περικοπή
945 5473 1058 5534 tota
1102 5463 1320 5534 videtur
1377 5461 1674 5534 Evangeiii
1725 5467 1894 5520 lectio

295 5534 618 5606 reeitanrda,
667 5549 792 5601 qua
841 5532 928 5606 rei
955 5532 1207 5587 brevior
1255 5535 1340 5588 vel
1374 5532 1592 5606 longior
1629 5550 1752 5590 esse
1791 5553 1893 5606 po-

297 5613 438 5659 test.
488 5605 652 5662 Edita
691 5603 959 5660 mendosa
1007 5613 1160 5669 sunt,
1206 5612 1268 5658 ut
1313 5605 1439 5660 aliis
1479 5603 1679 5661 multis
1729 5603 1892 5660 locis.

292 5677 590 5731 Gemens.

381 5748 458 5818 (ί)
501 5746 717 5803 llabent
759 5755 869 5818 tam
893 5745 1064 5818 pedita
1109 5760 1274 5814 quam
1309 5762 1430 5818 ms.
1456 5745 1644 5818 codex,
1675 5747 1732 5798 ὲν
1769 5748 1894 5817 δεή-

300 5817 428 5871 σει·
462 5819 741 5890 quomodo
771 5817 956 5874 reddit
997 5818 1307 5888 interpres:
1339 5817 1436 5873 sed
1468 5833 1570 5888 ego
1618 5817 1894 5876 devorate

2005 5203 2112 5240 non
2141 5203 2388 5256 possum.
2419 5187 2496 5240 De
2540 5187 2661 5256 ipsa
2695 5187 2846 5242 enim
2878 5185 3150 5256 oratione?
3183 5191 3268 5237 est
3303 5195 3486 5236 sermo
3519 5179 3602 5234 iu-

2009 5266 2093 5310 ter
2123 5255 2300 5312 Elissae
2334 5255 2632 5322 sacrificia,
2652 5272 2776 5326 qua
2797 5259 3000 5313 debeat
3025 5257 3080 5326 in
3111 5255 3330 5309 sincera
3359 5268 3422 5306 ac
3460 5267 3602 5326 pura

2003 5329 2347 5382 conscientia
2393 5327 2537 5392 fieri,
2586 5321 2742 5393 jtuita
2773 5327 2911 5382 illud
2963 5328 2983 5381 Ι
3029 5325 3175 5381 Tim.
3235 5341 3293 5386 ll,
3347 5339 3496 5378 vers.
3536 5321 3600 5375 8:

2007 5397 2130 5452 Volo
2154 5401 2290 5455 viros
2320 5401 2375 5454 in
2402 5399 2546 5452 omni
2579 5398 2688 5452 loco
2709 5415 2886 5462 orare,
2922 5397 3161 5451 levantes
3187 5411 3351 5466 puras
3385 5409 3601 5458 manus;

2000 5469 2152 5536 quod
2183 5469 2408 5526 videtur
2435 5478 2634 5523 auctor
2663 5470 2966 5538 respicere.
2997 5467 3303 5536 Sequentia
3351 5473 3480 5538 sunt
3533 5479 3603 5517 ex

2007 5533 2140 5593 Dan.
2165 5541 2306 5596 male
2347 5541 2399 5594 in
2429 5539 2596 5595 editis
2620 5533 3038 5609 repriescntata.
3066 5533 3601 5609 Coresus—1Com-

2006 5609 2234 5665 betisius
2285 5610 2393 5678 legi
2423 5610 2542 5665 vult
2595 5603 2900 5681 συνειδήσει
2933 5610 3282 5668 conscientia.
3341 5605 3470 5676 quia
3511 5603 3596 5658 his

2004 5681 2184 5750 agitur
2208 5683 2276 5736 de
2300 5681 2419 5750 ipsa
2466 5681 2740 5744 oratione,
2803 5697 2927 5750 qua:
2977 5681 3180 5734 debeat
3214 5681 3266 5750 in
3296 5691 3433 5750 pura
3462 5690 3599 5729 con-

2005 5748 2236 5808 scientia
2270 5748 2407 5807 tieri.
2433 5751 2524 5816 Sic
2547 5751 2781 5808 inferius
2821 5748 3047 5824 καθαρῷ
3080 5749 3346 5804 συνειδόι·;
3399 5748 3555 5803 llus.
