4056 6426
494 310 594 377 δτι

1710 309 1772 370 S.
1812 305 2223 367 ANASTASII
2263 302 2588 366 ΞΙΝΑΙΤΑΞ

3655 303 3756 366 ΒὩ

485 430 804 497 turmasque
837 428 1134 483 mulierum
1160 424 1628 494 contemplantur,
1658 431 1714 475 et
1743 435 1812 475 ex
1835 417 2069 474 ecclesia

2171 414 2594 486 ἁμαρτημάτων
2648 411 2739 466 διὰ
2781 411 2881 481 τῆς
2921 409 3314 479 ἐπιγνώσεως,
3373 408 3510 463 ἀλλὰ
3541 409 3755 467 πλείονα

487 518 581 572 Dei
604 519 837 588 lupanar
859 534 961 588 per
983 518 1283 572 ell‘renatas
1307 531 1436 570 suas
1454 511 1787 582 cupiditates
1802 508 2070 563 cilicium.

484 608 591 662 Alii
617 623 750 662 vero
779 609 847 664 de
876 609 1113 678 negotiis
1141 607 1267 662 aliis
1295 615 1352 660 et
1395 604 1559 676 552
1614 600 2070 672 possessionibus

485 700 602 753 suis
627 698 945 763 conferunt,
971 701 1137 768 inque
1185 697 1367 751 forum
1415 702 1473 750 et
1512 692 1842 763 emporium,
1883 690 2068 745 locum

484 789 663 852 illum,
703 790 988 845 tremenda
1015 791 1106 844 illa
1157 789 1314 848 hora,
1345 795 1592 840 vertunt.
1623 783 1729 838 Alii
1788 782 1842 836 in
1869 779 2072 853 Synaxi

487 885 613 938 aliis
629 884 935 943 detrahunt
957 893 1012 939 et
1053 883 1454 952 obloquzmtur,
1489 881 1662 935 etiam
1699 879 1838 948 ipsis
1883 891 2072 934 sacer-

2181 507 2600 577 ἁμαρτημὰτων
2632 503 2830 577 φορτία
2861 505 3072 566 ἑαυτοῖς
3099 501 3448 570 συνάγοντες,
3490 502 3560 554 τά
3589 502 3754 575 κάλλη

2177 602 2271 654 καὶ
2299 602 2398 665 τὰς
2428 591 2647 670 μορφὰς
2677 599 2786 650 τῶν
2829 597 3108 666 γυναικῶν
3150 595 3585 657 κατασκοποῦσι,
3631 613 3758 664 πορ-

2173 695 2314 748 νεῖον
2343 693 2445 763 τὴν
2478 691 2569 746 τοῦ
2601 689 2738 744 Θεοῦ
2764 689 3064 755 ἐκκλησίαν
3111 688 3197 741 διὰ
3225 688 3326 758 τῆς
3351 686 3550 754 ἀλόγου
3581 687 3758 740 αύτῶν

2171 783 2477 852 ἐπιθυμίας
2529 781 2914 854 ἐργαζόμενοι.
2963 781 3187 850 Ἕτεροι
3245 779 3376 850 περὶ
3422 780 3760 847 πραγμάτων

2172 878 2266 930 καὶ
2294 875 2594 946 κτημάτων
2627 871 3040 943 συμφωνοῦσιν,
3079 871 3374 941 ἐμπόριον,
3408 871 3503 923 καὶ
3533 870 3756 938 ἀγορὰς,

448 985 454 1028 i
485 975 710 1031 dotibus
737 979 833 1047 qui
855 975 1195 1032 sacriﬁcium
1214 974 1475 1028 offerunt.

2171 969 2336 1021 τόπον
2379 967 2477 1035 τὴν
2510 963 2964 1036 φρικωδεστάτην
2994 964 3217 1032 ἐκείνην
3242 961 3393 1032 ὥραν
3422 960 3758 1030 ποιούμενοι.

448 1048 455 1092 ί
490 1067 675 1121 Ἄλλοι
725 1069 804 1131 εἰς
851 1067 1184 1128 καταλαλιέις
1221 1065 1500 1136 ἀλλήλων,
1561 1063 1594 1134 ἦ
1637 1064 1730 1116 καὶ
1764 1062 1961 1116 αὐτων.
1995 1059 2105 1116 τῶν
2145 1058 2340 1131 ἱερέων
2369 1057 2470 1128 τὴν
2499 1057 2692 1112 θυσίαν
2720 1056 3142 1129 προσφερόντων
3169 1055 3228 1110 ὲν
3287 1055 3356 1126 τῇ
3415 1052 3643 1117 Συινὰξει
3664 1055 3764 1107 ἀπο

448 1189 451 1193 -
485 1161 867 1230 ασχολοῦνται.

448 1237 451 1292 Ᾰ
559 1254 719 1307 Extra
752 1252 902 1307 hunc
936 1265 1163 1306 censum
1194 1246 1533 1304 collocandae
1558 1262 1669 1300 non
1713 1253 1836 1301 sunt
1871 1243 2071 1298 mulie-

439 1336 448 1385 ἕ
487 1343 882 1400 rcsnonuulla:
906 1359 1028 1412 qua:
1051 1358 1164 1396 non
1199 1351 1412 1395 tantum
1459 1347 1662 1393 vacant
1723 1352 1822 1406 per
1867 1334 2069 1388 oratio-

2171 1332 2612 1404 ἔφευρίσκονται,
2666 1332 2802 1386 ἀλλὰ
2847 1331 2984 1402 πρὶς
3017 1329 3229 1393 τούτοις
3275 1330 3397 1382 ὅσαι
3427 1328 3509 1398 τῷ
3536 1327 3766 1398 διαϐόλῳ

483 1451 610 1491 nem
643 1436 896 1490 ecciesize
934 1435 1052 1497 Dei,
1085 1441 1352 1504 quantum
1382 1432 1606 1487 diabolo
1639 1446 1737 1501 per
1783 1431 1888 1484 hoc
1918 1426 2068 1498 quod

2171 1425 2515 1480 δουλεύουσιν
2543 1467 2558 1490 ,
2625 1427 2688 1478 οὔ
2749 1423 3005 1477 τοσοῦτον
3055 1425 3120 1493 τῇ
3169 1421 3262 1474 τοῦ
3317 1420 3454 1473 Θεοῦ
3501 1419 3766 1492 ἐκκλησίᾳ

482 1525 926 1594 conspiciuntur,
959 1525 1274 1592 multosque
1309 1538 1378 1577 ex
1427 1520 1866 1591 simplicioribus
1905 1517 2069 1574 sedu-

2173 1517 2501 1588 σχολάζουσι
2534 1515 2602 1568 δι’
2625 1516 2814 1586 εὐχὴν,
2851 1516 2977 1568 ὅσον
3005 1513 3094 1567 διὰ
3121 1513 3181 1566 τὸ
3209 1511 3469 1581 ὀφθῆναι.
3507 1511 3608 1563 καὶ
3636 1513 3768 1564 ἀπο-

483 1626 641 1672 cunt.
671 1615 811 1672 Cum
867 1616 1038 1687 igitur
1093 1625 1284 1671 nostra
1317 1616 1435 1670 haec
1466 1610 1827 1668 commonitio
1851 1619 2069 1664 utrum-

2172 1609 2445 1678 πλανῆσαι
2490 1607 2720 1670 πολλοὺς
2750 1606 2860 1659 τῶν
2887 1605 3290 1676 ἀφελεστὲρων.
3347 1606 3460 1676 Τῆς
3490 1601 3593 1659 οὖν
3625 1621 3768 1678 παρ-

486 1724 597 1777 que
621 1723 836 1773 sexum,
869 1709 1020 1762 viros
1045 1708 1260 1762 scilicet
1287 1723 1352 1760 ac
1391 1705 1672 1767 mulieres,
1705 1702 2069 1772 comprehen-

2172 1699 2432 1761 αινέσεως
2485 1697 2555 1750 τὰ
2601 1696 2695 1750 δύο
2742 1697 2876 1768 γένη
2949 1694 3490 1767 προσλαμϐανούσης
3545 1696 3658 1748 τῶν
3708 1713 3766 1750 τε

2247 1241 2364 1294 Ούκ
2411 1238 2518 1304 ἔξω
2557 1238 2615 1292 δὲ
2649 1239 2772 1291 τῶν
2816 1237 3076 1292 τοιούτων
3133 1237 3280 1299 τινες
3332 1235 3442 1288 τῶν
3486 1234 3765 1302 γυναικῶν

485 1797 604 1861 dat,
657 1797 826 1851 redeo
881 1797 951 1851 ad
1002 1797 1310 1852 institutam
1355 1795 1515 1849 initio
1540 1793 1812 1848 orationis
1837 1793 1979 1846 viam
2007 1806 2100 1846 ac-

483 1889 786 1950 rationem,
820 1901 877 1943 et
903 1904 967 1942 ea
995 1904 1202 1958 queror
1228 1898 1285 1942 et
1320 1887 1574 1956 deploro,
1608 1901 1732 1954 qua:
1754 1883 1938 1948 nobis,
1971 1883 2070 1953 qui

481 1977 792 2032 Christiani
818 1977 1098 2042 videmur,
1128 1963 1361 2048 propria
1389 1975 1603 2045 desidia
1639 1983 1696 2030 et
1718 1981 2072 2044 contemptus

481 2069 723 2138 peperit.
775 2068 918 2134 Quid
952 2070 1102 2123 enim
1133 2069 1358 2139 gravius
1395 2083 1548 2121 more
1586 2067 1702 2134 illo,
1739 2065 1911 2136 quod,
1943 2080 2069 2120 cum

482 2160 714 2231 rapinis.
745 2161 1098 2231 improbitate
1118 2161 1389 2229 omnique
1415 2174 1618 2230 genere
1669 2159 1943 2214 scelerum
1975 2173 2071 2227 op-

480 2253 616 2322 pleti
648 2268 862 2316 sumus,
885 2253 1119 2322 paucula
1143 2269 1286 2324 aqua
1335 2269 1530 2308 manus
1555 2251 1856 2316 abluimus,
1877 2250 2069 2322 sicque

478 2359 699 2400 sacrum
723 2345 860 2400 illud
908 2361 1136 2416 corpus,
1160 2345 1524 2416 divinumque
1587 2343 1934 2413 sanguinem,
1968 2359 2070 2414 pro

479 2437 660 2493 salute
685 2437 882 2494 mundi
907 2438 1171 2504 eﬂ‘usum,
1198 2437 1473 2494 immundi
1494 2445 1552 2494 et
1577 2434 1849 2492 sordidati
1895 2435 2072 2505 perci-

481 2530 700 2599 pimus?
1109 2527 1113 2532 ’

546 2705 742 2761 Nonne
787 2706 945 2760 vides
993 2703 1274 2775 quomodo
1307 2704 1485 2760 Judas
1512 2745 1526 2768 ,
1577 2704 1811 2776 indigne
1857 2705 2068 2761 Christi

477 2811 714 2866 corpore
741 2807 985 2866 sumpto,
1011 2799 1197 2851 statim
1235 2797 1530 2852 damnatus
1558 2805 1666 2861 est,
1693 2797 1928 2867 plusque
1963 2797 2069 2852 loci

479 2889 724 2959 maligno
745 2889 1160 2958 suppeditavit?
1187 2889 1330 2945 Dicit
1357 2891 1508 2946 enim
1532 2903 1549 2943 :
1591 2889 1659 2944 Et
1687 2898 1902 2958 accepta
1939 2890 2068 2944 buc-

478 2977 648 3043 cella,
671 2982 857 3034 statim
893 2981 1131 3035 introivit
1157 2981 1214 3035 in
1241 2983 1415 3052 ipsum
1441 2979 1710 3036 Satanas‘
1736 2997 1752 3045 ;
1779 2997 1890 3036 non
1917 2981 2067 3052 quod

482 3070 745 3127 diabolus
779 3088 976 3142 panem
1008 3073 1166 3127 illum
1205 3073 1558 3144 despiceret,
1597 3073 1694 3129 sed
1727 3082 1787 3128 ut
1810 3089 1937 3130 eum
1970 3073 2067 3144 qui

478 3173 799 3233 sumpserat
822 3165 1219 3235 redargueret;
1269 3165 1328 3219 in
1371 3165 1647 3236 judicium
1717 3166 1866 3220 enim
1904 3181 2069 3221 suum

481 3264 822 3324 sumpserat.
851 3255 968 3322 Qua
990 3257 1138 3312 enim
1161 3257 1530 3320 conscientia,
1569 3257 1660 3314 dic
1713 3257 1874 3321 mihi,
1913 3273 2072 3313 acce-

486 3345 575 3400 dis
629 3346 697 3400 ad
733 3346 850 3402 haec
900 3350 1188 3418 mysteria.
1225 3349 1321 3419 qui
1370 3351 1424 3405 in
1453 3359 1679 3419 pectore
1731 3350 1904 3406 habes
1933 3366 2070 3406 con-

483 3435 776 3491 scientiam
830 3439 910 3492 tui
948 3440 1380 3494 accusatricem?
1425 3441 1524 3495 Dic
1577 3455 1710 3511 age;
1755 3441 1800 3496 si
1848 3441 2069 3497 ccemim

485 3527 742 3582 manibus
781 3537 1059 3598 gestares,
1099 3531 1410 3585 auderesne
1451 3531 1634 3602 regias
1681 3540 1864 3587 vestes
1904 3532 2071 3586 attin-

486 3621 660 3690 gere?
697 3630 755 3676 et
809 3623 944 3692 quid
985 3623 1168 3678 'dico?
1201 3640 1384 3694 neque
1437 3633 1562 3680 tuas
1599 3636 1786 3680 vestes
1814 3634 2072 3696 tangeres

486 3712 800 3782 inquinatis
830 3715 1110 3780 manibus,
1149 3715 1246 3772 sed
1284 3716 1414 3774 lotis
1465 3717 1626 3788 prius
1652 3719 1924 3788 tersisque
1950 3734 2070 3774 ma-

485 3802 674 3867 nibus,
704 3813 840 3858 tunc
881 3805 1122 3875 primum
1164 3815 1350 3862 vestes
1405 3815 1528 3862 tuas
1575 3808 1902 3878 attingeres.
1958 3809 2072 3866 Cur

487 3893 658 3963 igitur
685 3909 836 3959 eum,
874 3911 1040 3966 quem
1074 3897 1282 3952 vilibus
1315 3898 1668 3953 vestimentis
1696 3899 1870 3954 habes
1895 3899 2073 3955 bono-

487 4001 624 4049 rem,
652 4003 765 4042 non
795 3987 988 4043 itidem
1015 3988 1268 4058 impertis
1312 3990 1466 4044 Deo?
1495 3991 1564 4044 Et
1603 4006 1770 4060 quam
1825 3992 2068 4058 veniam,

485 4091 608 4144 oro,
650 4078 1051 4146 consequeris?
1080 4079 1270 4148 Neque
1328 4080 1477 4134 enim
1533 4079 1747 4152 ingredi
1804 4083 1860 4137 in
1890 4083 2070 4138 eccle-

481 4166 626 4219 siam
663 4165 995 4236 divinasque
1032 4182 1318 4223 sacrarum
1366 4169 1671 4240 imaginum
1718 4169 1945 4242 ﬁguras,
1977 4188 2072 4228 ve-

485 4258 872 4328 nerandasque
902 4272 1100 4314 cruces
1149 4260 1425 4316 honorare
1480 4271 1542 4317 et
1592 4261 1834 4319 salutare
1876 4279 1976 4334 per
2010 4279 2070 4320 se

2173 1787 2382 1859 ἀνδρῶν
2431 1786 2528 1840 καὶ
2572 1785 2882 1854 γυναικῶν,
2939 1787 3031 1838 ἐπί
3073 1785 3172 1855 τὴν
3221 1785 3281 1853 ἐξ
3318 1786 3491 1856 ἀρχῆς
3545 1785 3768 1857 μέθοδον

2171 1879 2266 1932 τοῦ
2299 1877 2459 1946 λόγου
2489 1878 2772 1944 ἐπάνειμι,
2809 1875 3039 1930 τοιαῦτα
3066 1875 3242 1944 λέγων
3277 1877 3372 1929 καὶ
3397 1875 3643 1948 θρηνῶν,
3679 1872 3766 1931 οἷα

2173 1971 2306 2039 ἡμῖν
2348 1971 2462 2033 τοῖς
2491 1969 2747 2026 δοκοῦσιν
2778 1964 2918 2022 εἶναι
2946 1970 3297 2040 Χριστιανοῖς
3349 1970 3382 2038 ὴ
3416 1969 3634 2023 ἑαυτῶν
3667 1972 3766 2042 ρᾳ-

2173 2059 2346 2129 θυμία
2392 2061 2488 2114 καὶ
2536 2063 2952 2132 καταφρόνησις
3003 2061 3324 2130 εἰργάσατο.
3361 2062 3426 2114 Τί
3453 2061 3570 2132 γὰρ
3597 2061 3766 2116 δεινό-

2171 2169 2332 2224 τερον
2365 2153 2461 2206 τοῦ
2495 2154 2740 2208 τοιούτου
2769 2154 2994 2225 τρόπον,
3034 2153 3192 2218 ὅταν,
3227 2153 3484 2224 ἁρπαγὰς
3531 2153 3636 2208 καὶ
3668 2171 3764 2208 που

2172 2265 2237 2315 νη
2247 2247 2372 2320 ρίας
2405 2249 2500 2302 καὶ
2528 2249 2714 2320 πλήθη
2743 2247 3162 2318 ἁμαρτημάτων
3196 2249 3254 2300 ὲν
3276 2248 3492 2310 ἑαυτοῖς
3518 2247 3761 2318 ἔχοντες,

2173 2335 2327 2390 ὕδατι
2398 2337 2583 2408 μικρῷ
2656 2341 2758 2402 τὰς
2821 2341 3013 2408 χεῖρας
3072 2337 3538 2408 ἀπονιπτόμενοι.
3619 2338 3764 2394 οὕτω

2169 2431 2230 2483 τὸ
2257 2430 2414 2499 ἅγιον
2437 2433 2616 2484 ἐκεῖνο
2642 2429 2825 2500 σῶμα,
2860 2431 2956 2484 καὶ
2981 2429 3042 2484 τδ
3069 2431 3211 2482 θεῖον
3235 2424 3376 2498 αἷμα
3404 2430 3462 2483 τὸ
3491 2430 3640 2503 ὑπὲρ
3660 2431 3762 2500 τῆς

2172 2522 2264 2576 τοῦ
2291 2525 2501 2593 κόσμου
2533 2521 2734 2596 ῥεῦσαν
2766 2522 3039 2593 σωτηρίας
3062 2563 3078 2585 ,
3131 2522 3434 2594 ἀκάθαρτοι
3467 2524 3566 2578 καὶ
3599 2527 3762 2598 ἐρρυ-

2179 2615 2417 2684 πωμένοι
2445 2617 2600 2679 ὄντες
2633 2616 2847 2679 ἑαυτοῖς
2876 2616 3270 2684 προσάγομεν;

2243 2709 2356 2780 Οὐχ
2381 2709 2536 2780 ὁρᾷς,
2567 2710 2685 2781 πῶς
2713 2708 2920 2772 Ἰούδας
2949 2708 3185 2774 ἀναξίως
3211 2709 3304 2764 καὶ
3337 2709 3531 2774 δολίως
3551 2711 3632 2782 (5)
3665 2710 3754 2766 τοῦ

2178 2799 2436 2870 σώματος
2465 2800 2788 2866 μεταλαϐὼν
2803 2800 2898 2860 τοῦ
2914 2800 3262 2863 δεσποτικοῦ.
3281 2801 3489 2866 εὐθέως
3507 2805 3751 2874 κατεκρί-

2172 2890 2261 2959 θη,
2299 2891 2394 2944 καὶ
2415 2890 2603 2962 χώραν
2625 2893 2850 2947 πλείονα
2865 2893 3068 2947 δέδωκε
3092 2893 3169 2964 τῷ
3197 2893 3449 2965 πονηρῶς
3466 2895 3600 2963 Φησὶ
3623 2894 3745 2965 γάρ’

2173 2985 2280 3038 Καὶ
2307 2984 2512 3039 ,λαϐὼν
2535 2985 2602 3039 τὸ
2625 2987 2882 3055 ψωμίον,
2911 2985 3132 3054 εὐθέως
3155 2984 3442 3053 εισῆλθεν
3466 2989 3552 3053 είς
3570 2987 3747 3041 αὐτὸν
3805 3032 3824 3038 _

2172 3078 2204 3130 ό
2236 3074 2538 3143 Σατανᾶς·
2592 3077 2654 3130 ού
2704 3075 2798 3131 τοῦ
2841 3077 3009 3148 ἄρτου
3055 3077 3415 3149 καταφρονῶν
3439 3078 3752 3144 όδιάϐολος,

2171 3166 2286 3220 ἀλλ’
2313 3169 2521 3220 ἐκεῖνον
2549 3168 2642 3222 τὸν
2669 3169 3047 3239 μεταλαϐόντα
3075 3169 3341 3242 ἐλέγχων,
3376 3172 3460 3226 ὅτι
3487 3174 3570 3236 εἰς
3593 3173 3754 3228 κατά-

2172 3273 2350 3329 κριμα
2381 3259 2578 3312 ἑαυτοῦ
2613 3259 2930 3330 μετέλαϐεν.
2994 3263 3143 3334 Ποίῳ
3171 3265 3282 3335 γὰρ
3311 3265 3600 3330 συνειδότι,
3637 3265 3756 3320 εἰπέ

2175 3364 2290 3417 μοι.
2343 3349 2631 3420 προσέρχῃ
2678 3351 2794 3410 τοῖς
2841 3351 3200 3420 μυστηρίοιςς
3252 3351 3384 3422 ποίᾳ
3411 3353 3582 3421 ψυχῇ,
3621 3351 3756 3424 ποίῳ

2169 3437 2449 3510 λογισμῷ,
2507 3437 2648 3509 ἔχων
2695 3439 2843 3492 ἔνδον
2886 3441 2948 3494 τδ
2991 3441 3084 3494 σὺν
3127 3441 3371 3506 συνειδὸς
3415 3444 3753 3514 κατήγορονς

2171 3530 2306 3584 Είπὲ
2332 3548 2444 3601 μοι,
2474 3527 2593 3596 ,ἄρα
2623 3532 2671 3584 εί
2702 3532 2908 3601 κόπρον
2940 3533 3124 3604 φέρων
3153 3535 3210 3587 ἐν
3235 3537 3361 3598 ταῖς
3387 3536 3580 3604 χερσὶν
3607 3535 3756 3589 ἐτόλ-

2175 3638 2357 3691 μησας
2386 3620 2453 3675 ἂν
2480 3619 2726 3690 ἅψασθαι
2759 3621 2868 3675 τῶν
2895 3623 3131 3692 ἱματίων
3164 3623 3273 3676 τῶν
3299 3623 3629 3694 βασιλικῶνς
3665 3625 3758 3680 καὶ

2170 3713 2224 3766 τί
2249 3713 2398 3766 λαλῶ
2420 3712 2583 3766 τοῦτο
2601 3753 2616 3776 ,
2652 3713 2775 3767 οὑδὲ
2805 3712 2915 3766 τῶν
2945 3714 3055 3766 σῶν
3086 3715 3320 3784 ἱματίων
3349 3716 3476 3786 ἥψω
3503 3717 3758 3789 puri-api;

2170 3806 2266 3867 τὰς
2292 3808 2483 3876 χεῖρας
2514 3805 2676 3877 ἔχων,
2709 3804 2844 3870 ἀλλὰ
2877 3807 3144 3880 πρότερον
3173 3808 3630 3874 ἀποπλυνάμενος
3665 3810 3760 3864 καὶ

2171 3897 2422 3966 ὲκμάξας
2444 3896 2636 3960 αὐτὰς,
2660 3896 2785 3950 τότε
2809 3896 2877 3950 ἂν
2899 3897 3008 3950 τῶν
3025 3896 3134 3950 σῶν
3152 3898 3387 3964 ἱματίων
3405 3899 3550 3969 ἥψω.
3574 3899 3642 3952 Τί
3663 3899 3758 3954 οὖν

2171 3987 2291 4040 οὐδὲ
2311 3987 2384 4050 ὠς
2410 3987 2644 4058 ἱματίοις
2673 3987 2921 4064 εὐτελέσι
2938 3989 3034 4041 καὶ
3064 3987 3331 4058 ὲνδύμασι
3367 3971 3756 4062 προσάγειςτῷ

2171 4078 2292 4149 Θεῷ
2314 4077 2449 4150 (τὴν
2477 4079 2650 4148 τιμήν
2669 4095 2684 4144 ;
2712 4079 2824 4132 Καὶ
2845 4078 3010 4140 ποίας
3040 4078 3376 4144 ἀπολαύσεις
3395 4077 3748 4148 συγγνώμηῂ

2171 4170 2295 4224 sint
2337 4185 2463 4241 μοις
2523 4170 2586 4223 οὐ
2633 4169 2744 4240 γὰρ
2797 4168 2860 4222 τὸ
2899 4169 3244 4241 εἰσέρχεσθαι
3293 4171 3350 4223 ιν
3381 4173 3446 4240 τῇ
3491 4169 3588 4224 τοῦ
3617 4168 3756 4226 Θεοῦ

2171 4261 2458 4332 ἑκκλησία,
2483 4261 2582 4316 καὶ
2627 4263 2726 4324 τὰς
2758 4259 2910 4322 θείας
2939 4260 3256 4332 μορφώσεις
3281 4259 3394 4314 τῶν
3415 4260 3588 4328 ἁγίων
3611 4261 3758 4314 εἰκό-

480 4349 602 4405 Deo
639 4349 906 4420 placitum
956 4360 1076 4418 est;
1109 4367 1291 4422 neque
1322 4353 1488 4408 etiam
1522 4369 1788 4410 manuum
1827 4356 2063 4422 ablutio,

2171 4371 2281 4410 νων
2323 4355 2458 4424 (6),
2519 4353 2615 4407 καλ⁵
2665 4353 2794 4417 τοὺς
2826 4354 3043 4424 τιμίους
3078 4355 3348 4424 σταυροὺς
3385 4353 3753 4418 ἀσπάζεσθαι,

481 4441 746 4512 purgatio
776 4442 996 4498 censeri
1034 4440 1222 4496 debet.
1269 4439 1378 4496 Sed
1407 4443 1556 4499 istud
1578 4445 1693 4500 Deo
1719 4454 1938 4516 gratum
1973 4461 2067 4502 ac-

438 4658 448 4666 -
531 4590 580 4650 ’⁸
609 4621 766 4676 Joan.
793 4637 908 4688 xm,
936 4621 1026 4676 27.

2172 4446 2331 4502 τοῦτο
2353 4447 2580 4519 ἀρεστόν
2600 4448 2626 4486 ι
2643 4462 2656 4474 ·
2690 4446 2810 4500 ούδέ
2836 4445 2914 4517 τῷ
2941 4445 3094 4501 ὕδατι
3120 4445 3390 4502 ὲκπλῦναι
3414 4445 3516 4510 τὰς
3537 4447 3754 4518 χεῖρας,

1773 4743 2008 4799 VARUS
2052 4742 2438 4800 LECTIONICS
2451 4787 2462 4798 .

556 4831 581 4870 ¹
612 4830 1071 4906 Οειιίε.’Χριστῷ.
1151 4835 1179 4875 ⁸
1200 4833 1336 4889 Can.
1369 4834 1598 4906 άρεστον

2002 4945 2234 5004 NOTAE.

555 5060 645 5135 (ᾖ)⁸
682 5062 923 5135 Δολίως.
972 5062 1119 5118 Velit
1165 5063 1306 5120 forte
1355 5065 1627 5126 indicare.
1676 5079 1841 5134 quam
1879 5063 2060 5120 Graeci

480 5132 1003 5204 anultigopinionem
1050 5142 1264 5204 tenent,
1298 5145 1360 5190 ut
1394 5137 1566 5191 Judas
1625 5132 1918 5204 mysticum
1967 5152 2064 5204 pa-

479 5217 611 5264 nem
639 5201 842 5258 Judzeis
857 5203 1262 5260 ostendendum
1281 5206 1607 5271 servaverit,
1635 5201 1703 5260 ad
1717 5201 2062 5260 conﬂandhm

482 5272 979 5346 eiinvidiamgqui
1006 5291 1158 5346 cum,
1201 5291 1362 5329 suum
1391 5291 1594 5346 corpus
1619 5277 1854 5346 diceret,
1913 5283 1969 5346 et
2005 5284 2066 5329 ut

481 5343 598 5396 tale
626 5343 920 5413 discipulis
950 5344 1294 5400 tradidisset.
1328 5346 1404 5400 De
1443 5343 1692 5400 buccella
1726 5359 1791 5399 ac
1826 5345 2063 5398 intincto

481 5427 648 5485 pane,
670 5421 730 5485 et
761 5429 830 5468 an
854 5415 946 5485 ille
970 5416 1237 5485 mysticus
1269 5417 1426 5485 panis
1452 5416 1638 5478 fuerit,
1665 5415 1816 5485 quod
1845 5415 2066 5468 videtur

486 5483 629 5538 \elle
683 5483 1043 5551 Anastasius,
1084 5483 1310 5541 videndi
1371 5494 1502 5542 sunt
1526 5483 1894 5557 expositores.
1919 5485 2064 5539 Cou-

485 5562 652 5608 tt'LFtS.

561 5625 635 5689 (6)
663 5623 754 5696 Bis
785 5633 1017 5693 peccant
1069 5625 1160 5680 hic
1212 5625 1566 5696 interpretes.
1617 5623 1876 5680 Canisius
1915 5623 2066 5680 hunc

489 5695 558 5743 ειη
582 5711 670 5746 um
709 5694 789 5748 sic
821 5695 1096 5750 reddidit:
1127 5697 1315 5764 Neque
1343 5694 1689 5750 venerandus
1742 5711 1941 5750 cruces
1971 5696 2062 5747 ho-

481 5777 676 5822 ?Iw'are
708 5766 1024 5820 ctsalutare
1045 5783 1206 5835 pcrse
1230 5763 1352 5819 ’Deo
1387 5765 1650 5834 placitum
1674 5774 1769 5831 est,
1818 5763 2056 5820 Combe-

2165 5063 2320 5119 ilsius
2344 5078 2510 5118 vero:
2551 5062 2910 5118 Venerandas
2933 5077 3130 5117 cruces
3169 5061 3448 5117 honorare
3471 5076 3537 5116 ac
3585 5075 3751 5118 oscu-

2165 5133 2501 5188 lari.Grzeca
2543 5149 2675 5188 vero
2731 5133 2814 5187 sic
2869 5132 3501 5188 habent:Veneraudas
3553 5146 3756 5188 cruces

2166 5205 2427 5258 Salutarc.
2462 5203 2576 5258 lioc
2601 5219 2711 5258 non
2736 5203 2958 5265 suﬂicit,
3010 5203 3138 5271 quia
3203 5203 3388 5271 fugam
3423 5212 3482 5258 et
3515 5202 3756 5256 ablutio-

2168 5288 2292 5328 nem
2320 5273 2568 5328 sordium
2591 5273 2804 5342 peccati
2837 5273 3188 5343 postulabat;
3250 5272 3454 5326 desunt
3490 5272 3661 5343 igitur
3695 5272 3752 5326 in

2169 5343 2361 5398 Graeco
2397 5344 2512 5398 haec
2535 5341 2728 5406 verba,
2783 5341 3018 5396 osculari
3055 5352 3112 5396 et
3137 5345 3446 5408 honorare;
3489 5341 3620 5396 nam
3652 5355 3749 5395 vc-

2172 5414 2517 5468 ncrationcm
2560 5414 2713 5470 cruci
2743 5412 3046 5467 cxhibitam
3066 5429 3166 5482 per
3193 5413 3606 5480 salutationem,
3641 5427 3750 5482 non

2172 5498 2272 5552 per
2305 5485 2556 5538 osculum
2586 5493 2643 5538 et
2689 5484 2982 5552 honorem,
3021 5481 3228 5538 indicat
3259 5482 3602 5540 Anastasius.
3648 5481 3750 5552 See

2173 5551 2377 5618 eundo,
2410 5554 2546 5608 illud
2581 5571 2673 5623 per
2700 5569 2805 5608 non
2830 5551 3002 5622 placet
3026 5552 3156 5616 Deo,
3183 5553 3331 5622 quod
3360 5553 3573 5623 legitur:
3605 5551 3748 5622 apud

2169 5623 2476 5688 Canisium,
2514 5619 2630 5694 sive
2655 5619 3163 5694 Turrianumtnon
3188 5619 3514 5694 apparet'iu.
3535 5619 3748 5688 Graeco,

2169 5702 2223 5747 et
2245 5695 2367 5764 jure
2391 5689 2758 5749 Combeﬁsius
2787 5691 2996 5748 omisit.
3025 5693 3181 5751 Baszt.
