4056 6484
391 410 508 476 833

1609 402 1890 464 ORATIO
1932 399 2028 464 DE
2070 404 2131 464 S.
2171 402 2469 465 SYNAXI.

3572 413 3679 477 834

389 524 569 578 ’τοῦτο
595 520 886 592 κάθαρσις,
936 518 1073 574 ἀλλὰ
1114 518 1177 573 τὸ
1212 514 1519 588 ἀποφυγεῖν
1556 517 1651 570 καὶ
1679 517 1983 571 ἀποπλῦναι

2098 528 2433 590 ceptumque
2464 530 2570 586 est,
2622 529 2681 574 ut
2712 522 2838 590 quis
2867 522 3063 593 fugiat,
3091 532 3146 576 et
3173 526 3446 580 emaculet
3464 530 3681 595 peccati

388 617 493 669 τὸν
543 615 717 687 ῥύπον
767 613 877 667 τῶν
927 612 1378 684 ἁμαρτημάτων.
1438 609 1535 664 καὶ
1574 610 1992 681 ’ὲξομολογήσει,

288 738 307 752 ο
389 711 499 762 καὶ
527 708 763 778 δάκρυσι
788 748 803 772 ,
861 708 955 761 καὶ
983 706 1130 777 ψυχῇ
1160 705 1615 776 τεταπεινωμένῃ
1649 704 1995 773 ἀποσμήχειν

386 791 510 851 τῶν
536 799 958 869 ἁμαρτημάτων
984 798 1085 860 τὰς
1113 797 1301 865 σειρὰς
1323 797 1421 865 (7),
1448 798 1544 849 καὶ
1566 794 1741 857 οὕτως
1761 794 1995 863 προσέρ-

386 889 607 960 χεσθαι
624 892 735 952 τοῖς
766 888 1059 960 ἀκράντοις
1090 889 1433 958 μυστηρίοις.

485 981 626 1033 Ἀλλ’
654 982 785 1044 ἴσως
818 983 942 1051 ἐρεῖ
968 996 1051 1043 τις
1071 995 1087 1011 ·
1124 980 1238 1033 Οὐκ
1265 980 1495 1049 εὐχαρες
1528 995 1618 1049 μοι
1651 978 1712 1030 τὸ
1735 976 1992 1048 δακρύειν

384 1072 497 1126 καὶ
552 1073 776 1145 θρηνεῖν
823 1073 1036 1126 ἑαυτόν.
1105 1072 1204 1124 Διὰ
1250 1070 1338 1137 τί;
1377 1071 1499 1124 ’Ότι
1548 1072 1609 1122 οὺ
1655 1060 1870 1135 πονεῖς,⁶
1911 1071 1992 1121 ὅτι

382 1165 501 1218 οὐκ
545 1164 810 1236 αἰσθάνῃ,
865 1164 950 1217 ὅτι
999 1164 1062 1216 οὐ
1106 1162 1298 1232 λογίζῃ
1350 1162 1451 1232 τὴν
1497 1162 1737 1235 φοϐερὰν
1777 1161 1991 1232 ἡμέραν

383 1260 501 1325 τῆς
525 1257 756 1328 κρίσεως
774 1271 787 1284 ·
819 1257 969 1325 ὅμως
995 1256 1044 1307 εἰ
1073 1257 1134 1307 οὐ
1160 1256 1391 1309 δύνασαι
1417 1255 1711 1325 δακρῦσαι,
1743 1256 1846 1309 κᾶν
1874 1255 1992 1307 ἐπί-

386 1366 543 1403 πονα
571 1347 850 1414 στέναξον,
885 1348 981 1401 καὶ
1012 1346 1336 1415 στύγνασον,
1375 1347 1469 1399 καὶ
1488 1346 1580 1399 τὸν
1598 1345 1809 1415 γέλωτα
1833 1346 1989 1416 περί-

383 1440 590 1510 ambat,
626 1439 733 1493 κᾶν
764 1438 865 1509 τὴν
895 1438 1491 1510 ἐπαρσινάπόῤῥιψον,
1529 1439 1624 1492 καὶ
1656 1440 1796 1507 μετὰ
1821 1438 1989 1506 φόϐου

386 1528 719 1602 παράστηθι
774 1529 853 1600 τῷ
898 1531 1167 1602 Δεσπότῃ,
1200 1531 1328 1593 τοὺς
1364 1530 1678 1601 ὀφθαλμοὺς
1716 1530 1854 1601 πρὸς
1886 1532 1989 1601 γῆν

385 1619 674 1683 νενευκὼς
699 1659 716 1684 ,
770 1604 866 1673 καὶ
909 1620 1373 1692 καταϐεϐλημένῳ
1393 1621 1478 1692 ’τῷ
1504 1622 1817 1692 φρονήματι
1841 1621 1989 1692 αὑτῴ

384 1710 913 1783 ἐξομολογούμενος.
949 1713 1064 1783 Οὐχ
1095 1713 1227 1784 όρᾷς
1258 1713 1386 1776 τοὺς
1417 1713 1496 1782 τῷ
1525 1712 1756 1784 ἑπιγείῳ
1780 1712 1991 1785 βασιλεί

387 1804 883 1876 παρισταμένους,
934 1803 1196 1866 πολλάκις
1238 1803 1296 1857 δὲ
1341 1804 1438 1857 καὶ
1478 1803 1667 1857 ἀσεὸεῑ
1693 1804 1830 1870 ὄντι,
1868 1804 1987 1868 πῶς

388 1894 547 1966 αὐτῷ
570 1894 941 1966 παρίστανται
972 1897 1114 1966 μετὰ
1140 1895 1328 1965 πάσης
1354 1893 1665 1960 εὐλαϐείας,
1697 1895 1838 1965 μετὰ
1862 1895 1987 1965 φρί-

388 2004 499 2058 κης
545 1986 684 2059 πρὸς
723 1986 886 2040 αὐτόν
927 1982 1358 2053 ὲνατενιζοντες,
1422 1986 1563 2057 μήτε
1599 1985 1985 2057 φθεγγόμενοι,

393 2079 542 2150 μήτε
592 2077 1105 2149 Μρακινοὺμενοι,
1168 2078 1310 2149 μήτε
1364 2075 1811 2151 περισπώμενοι·
1869 2078 1988 2131 ἀλλ’

389 2172 453 2223 ἐν
485 2170 688 2240 ἠσυχίᾳ
725 2170 822 2222 καὶ
851 2168 1002 2238 φόϐῳ
1031 2167 1182 2238 αὐτῷ
1218 2169 1650 2239 παριστάμενοι;
1685 2169 1880 2239 Ἡμεῖς
1906 2167 1985 2235 δὲ,

388 2263 469 2326 ὡς
519 2263 578 2314 ἐν
626 2262 842 2331 θεάτρῳ
889 2261 921 2331 ἢ
972 2259 1278 2332 βαλανείῳ,
1333 2260 1515 2324 οὕτως
1546 2262 1605 2313 ὲν
1630 2262 1696 2331 τῇ
1729 2260 1824 2313 τοῦ
1850 2260 1984 2313 Θεοῦ

390 2354 665 2425 ἐκκλησίᾳ
725 2353 1157 2423 παριστάμεοα,
1220 2354 1532 2423 γελῶντες,
1594 2351 1984 2423 φλυαροῦντες,

392 2446 886 2516 λογολεσχοῦντες,
946 2445 1177 2509 ἑαυτοὺς
1224 2446 1569 2510 ἀπατῶντες,
1622 2446 1719 2498 καὶ
1762 2444 1985 2498 δοκοῦν·

400 2554 492 2601 τες
516 2537 590 2607 (8)
618 2540 697 2590 ὅτι
720 2540 775 2591 ὲν
803 2536 1072 2608 ἐκκλησίᾳ
1099 2536 1512 2609 παριστάμεθα.

477 2630 591 2683 Οὐκ
616 2625 777 2693 οἶδας,
808 2630 891 2682 ὅτι
920 2631 1160 2700 ἰατρεῖον
1186 2630 1280 2683 καὶ
1304 2630 1471 2700 λιμήν
1495 2631 1643 2682 ἐστιν
1673 2631 1706 2699 ἡ
1729 2627 1823 2682 τοῦ
1849 2628 1983 2682 Θεοῦ

405 2722 694 2792 ικκλησὶας
723 2723 848 2775 Ἐὰν
876 2716 970 2776 οὖν
1007 2724 1064 2775 ἐν
1092 2722 1170 2792 τῷ
1221 2724 1447 2794 ἰατρείῳ
1497 2721 1761 2795 διαμένῃς
1788 2723 1981 2789 νοσῶν,

401 2817 494 2871 καὶ
543 2816 619 2886 μὴ
667 2815 1132 2885 θεραπευόμενος,
1183 2815 1314 2868 πότε
1347 2814 1529 2868 λοιπὸν
1563 2812 1849 2886 ἰαθήσῃ¹ι;.
1890 2816 1986 2869 καὶ

395 2908 493 2962 ἐὰν
537 2910 596 2960 ἐν
627 2908 705 2979 τῷ
738 2909 925 2980 λιμένι
968 2907 1209 2980 χειμάζῃ
1237 2950 1252 2975 ,
1310 2908 1412 2962 ποῦ
1442 2907 1627 2962 λοιπὸν
1654 2909 1982 2979 ἡσυχάσειςς

392 3000 653 3072 Στήκετε,
685 3000 945 3065 δυσωπῶ,
983 3001 1102 3070 μετ’
1125 3000 1445 3062 εὐλαϐείας.
1473 3001 1713 3070 Στήκετε
1735 3001 1874 3071 μετὰ
1893 3001 1987 3068 φό-

390 3092 491 3144 σου
525 3093 584 3145 ὲν
612 3096 679 3163 τῇ
709 3093 921 3163 φοόερᾷ
944 3092 1064 3165 ὥρᾳ
1092 3093 1190 3164 τῆς
1215 3093 1497 3163 ἀναφορᾶς
1515 3109 1529 3123 ⁸
1562 3092 1650 3163 οἵᾳ
1672 3094 1780 3164 γὰρ
1807 3092 1985 3147 διαθέ-

2097 610 2542 680 inquinamenta,
2579 620 2637 667 et
2665 614 3037 675 confessione.
3065 624 3122 670 et
3151 615 3436 687 lacrymis,
3459 618 3678 672 animo—

2093 719 2204 773 que
2234 703 2530 759 humiliato
2565 712 2622 759 et
2649 706 2892 762 demisso
2937 706 3268 761 delictorum
3294 718 3519 763 catenas
3569 711 3681 764 sol‘

2093 806 2219 861 vat,
2263 798 2459 866 sicque
2483 797 2553 852 ad
2585 798 2942 854 immaculata
2972 802 3235 872 mysteria
3256 802 3501 856 accedat.

2161 975 2394 1031 Atforte
2442 976 2648 1032 dixerit
2670 977 2800 1047 quis
2823 994 2835 1027 :
2858 977 3125 1047 Meipsum
3153 978 3359 1033 deﬂere
3384 990 3439 1035 ct
3470 980 3679 1035 lamen-

2094 1068 2197 1121 tari
2248 1067 2398 1121 haud
2440 1068 2749 1138 jucundum
2803 1069 2937 1122 mihi
2989 1069 3215 1124 accidit.
3254 1069 3370 1135 Qua
3400 1072 3468 1125 de
3510 1087 3674 1126 causa

2092 1161 2262 1214 vero?
2286 1159 2427 1226 Quia
2478 1176 2591 1214 non
2643 1161 2897 1226 laboras,
2934 1160 3096 1232 453
3134 1163 3265 1231 quia
3331 1180 3441 1216 non
3478 1166 3674 1227 sentis,

2090 1252 2219 1322 quia
2249 1267 2359 1306 non
2400 1253 2706 1323 perpendis
2740 1254 3046 1308 terribilem
3096 1255 3243 1308 illam
3273 1256 3473 1325 judicii
3502 1256 3673 1310 diem.

2088 1344 2466 1399 Nihilominus
2492 1346 2537 1399 si
2573 1345 2704 1399 ﬂere
2727 1362 2836 1401 non
2868 1354 3028 1415 potes
3050 1388 3064 1413 ,
3103 1349 3295 1401 saltem
3350 1348 3671 1418 ingemisce.

2090 1444 2148 1489 et
2180 1434 2435 1488 molestia
2467 1432 2724 1488 adicere:
2788 1436 2956 1489 risum
2992 1437 3319 1505 comprime,
3376 1439 3674 1493 elationem

2088 1526 2289 1597 abjice.
2310 1526 2379 1580 Et
2408 1542 2533 1581 eum
2568 1534 2767 1581 timore
2798 1526 3035 1581 Domino
3064 1529 3283 1592 assiste,
3316 1531 3495 1585 oculis
3519 1531 3671 1584 humi

2089 1617 2309 1683 deﬁxis,
2341 1617 2658 1688 spirituque
2680 1619 2948 1689 depresso
2993 1628 3050 1673 et
3083 1629 3366 1689 prostrato
3403 1621 3507 1691 ipsi
3537 1637 3674 1677 eon-

2091 1710 2272 1765 ﬁtens.
2308 1711 2505 1766 Nonne
2549 1710 2704 1766 vides
2735 1712 2859 1765 illos
2892 1711 2988 1781 qui
3043 1722 3265 1766 terreno
3306 1713 3421 1784 regi
3467 1720 3670 1777 astant,

2090 1810 2147 1856 et
2193 1802 2396 1872 stepius
2454 1802 2683 1872 quidem
2738 1803 2948 1872 impio,
2992 1804 3275 1873 quomodo
3318 1804 3369 1859 ei
3408 1804 3674 1860 assistant

2089 1911 2214 1950 eum
2251 1895 2404 1950 omni
2437 1897 2781 1959 reverentia,
2812 1912 2936 1950 cum
2978 1907 3219 1952 tremore
3261 1897 3316 1951 in
3362 1897 3541 1969 ipsum
3585 1915 3674 1953 re-

2089 1987 2410 2057 spicientes,
2461 1987 2672 2056 absque
2726 1988 2839 2041 ulla
2874 2002 3031 2051 voce,
3097 1988 3364 2050 motione,
3410 1998 3508 2044 aut
3557 1989 3673 2044 cir-

2088 2079 2545 2149 cnmagitatione,
2580 2077 2758 2148 quieti
2811 2094 3064 2147 prorsus,
3098 2079 3434 2148 pavorisque
3484 2079 3672 2149 pleni?

2087 2170 2158 2225 At
2205 2186 2309 2225 nos
2358 2169 2414 2224 in
2470 2171 2705 2225 ecclesia
2751 2170 2916 2225 aliter
2951 2186 3060 2225 non
3118 2171 3341 2240 agimus
3386 2186 3552 2241 quam
3616 2171 3674 2225 in

2089 2263 2331 2325 theatro,
2356 2271 2453 2317 aut
2476 2263 2696 2333 balneo,
2731 2262 2991 2325 ridendo,
3027 2261 3312 2331 nugando,
3343 2262 3663 2332 garriendo.

2086 2354 2202 2421 Qua
2238 2354 2453 2409 ratione
2486 2353 2590 2423 ipsi
2623 2368 2727 2408 nos
2767 2354 3034 2417 fallimus,
3057 2353 3163 2407 rati
3208 2367 3313 2406 nos
3354 2353 3408 2407 in
3438 2353 3675 2408 ecclesia

2086 2456 2230 2495 esse.

2158 2630 2238 2686 An
2265 2630 2491 2701 ignoras
2543 2629 2836 2685 ecclesiam
2895 2630 2990 2684 Dei
3053 2630 3328 2685 omcinam
3403 2632 3671 2686 medicam

2085 2740 2233 2789 esse,
2258 2733 2317 2778 et
2351 2723 2618 2793 portum?
2643 2721 2697 2777 Si
2730 2722 2972 2792 igiturin
3007 2723 3173 2777 domo
3197 2722 3395 2776 medici
3418 2740 3448 2776 a
3475 2724 3675 2777 morbo

2090 2827 2186 2873 tuo
2202 2833 2314 2872 non
2338 2814 2622 2873 libereris.
2652 2814 2745 2870 ubi
2773 2815 2840 2869 de
2862 2824 3065 2869 ca‘tcro
3092 2814 3419 2870 curaberis?
3444 2814 3512 2868 Et
3541 2813 3587 2868 si
3616 2813 3673 2869 in

2086 2917 2255 2978 portu
2287 2905 2553 2961 ﬂuctibus
2571 2905 2822 2975 agiteris,
2860 2906 2955 2958 ubi
2988 2915 3181 2974 postea
3221 2903 3522 2974 quiescas?
3546 2903 3673 2958 Sta-

2090 3009 2165 3065 te,
2227 2999 2485 3061 obsecro,
2551 3012 2674 3051 cum
2727 2997 3062 3052 reverentia.
3104 2994 3259 3051 State
3308 3010 3434 3049 cum
3471 2996 3671 3050 timore

2089 3090 2382 3147 tremenda
2414 3092 2506 3145 illa
2527 3090 2859 3146 elevationis
2884 3089 3042 3143 hora.
3088 3088 3209 3155 Quo
3261 3092 3410 3143 enim
3444 3087 3668 3153 aﬂ'ectu,

390 3199 519 3251 σει,
574 3185 670 3237 καὶ
721 3184 819 3251 οἴῳ
865 3184 1116 3256 λογισμῷ
1164 3185 1503 3257 παρίσταται
1552 3185 1783 3248 ἕκαστος
1829 3185 1983 3254 ὑμῶν

2086 3195 2141 3241 et
2174 3200 2283 3255 quo
2314 3184 2524 3247 animo,
2558 3182 2794 3253 quisque
2826 3182 2921 3236 illo
2956 3193 3205 3251 tempore
3241 3182 3484 3246 assistit;
3508 3182 3589 3236 sic
3612 3189 3672 3237 et

388 3279 515 3330 κατ’
536 3277 753 3347 ἐκείνην
782 3277 883 3347 τὴν
910 3275 1061 3348 ὤραν
1079 3316 1099 3341 ,
1157 3276 1335 3340 οὕτως
1379 3277 1475 3330 καὶ
1505 3278 1982 3347 προσαναφέρεται

384 3366 470 3437 τῷ
500 3367 773 3439 Δεσπότῃ.
805 3367 1082 3439 Ἀναφορὰ
1105 3368 1214 3436 γὰρ
1243 3368 1461 3435 λέγεται
1489 3368 1581 3421 διὰ
1605 3368 1666 3420 τὸ
1692 3369 1828 3440 πρὶς
1850 3369 1982 3421 Θεὸν

385 3458 784 3531 ἀναφέρεσθαι.
822 3460 1145 3530 Παράστηθι
1170 3456 1264 3514 οὗν
1290 3460 1370 3530 τῷ
1402 3460 1562 3531 Θεῴἱ
1598 3461 1721 3531 μεθ’
1753 3460 1980 3532 ἡσυχίας

384 3552 490 3605 καὶ
534 3550 906 3616 κατανύξεως.
939 3550 1401 3624 ’Ἑξομολόγησαι
1450 3550 1529 3621 τῷ
1575 3552 1696 3619 Θεῷ
1744 3552 1834 3607 διὰ
1871 3553 1981 3606 τῶν

386 3643 586 3711 ιερέων
611 3643 713 3711 τὰς
734 3643 1014 3713 ἁμαρτίας
1040 3661 1154 3697 σου.
1192 3644 1571 3698 Καταδικασόν
1596 3662 1691 3697 σου
1717 3644 1815 3708 τὰς
1839 3646 1981 3717 πρά-

383 3734 525 3800 ξεις,
548 3736 642 3789 καὶ
671 3736 748 3804 μὴ
772 3735 1088 3807 αἰσχυνθῇς·
1109 3735 1224 3789 ἔστι
1249 3736 1359 3808 γὰρ
1381 3738 1644 3805 αἰσχύνη
1667 3736 1979 3805 ἐπάγουσα

377 3828 703 3898 ἁμαρτίαν,
757 3827 857 3881 καὶ
910 3828 1083 3882 ἐστιν
1123 3829 1386 3896 αἰσχύνη
1436 3828 1585 3890 δόξα
1641 3830 1738 3883 καὶ
1780 3830 1972 3898 χάρις.

380 3920 735 3989 Κατάκρινον
759 3919 989 3972 σεαυτὸν
1021 3919 1252 3973 ἐνώπιον
1273 3919 1596 3991 ἀνθρώπων,
1632 3921 1715 3997 ἵνα
1743 3923 1976 3975 ἐνώπιον

378 4009 639 4077 ἀγγέλων
695 4012 791 4062 καί
841 4012 1043 4073 παντὸς
1096 4009 1191 4063 τοῦ
1239 4011 1446 4079 κόσμου
1500 4013 1527 4064 ὁ
1575 4015 1771 4082 κριτής
1804 4029 1862 4064 σε
1892 4013 1974 4066 δι-

379 4101 632 4175 καιώσῃο
665 4103 888 4172 αἴτησαι
917 4102 1087 4168 ἔλεος,
1121 4104 1346 4174 αττησαι
1374 4104 1729 4175 συγγνώμην,
1750 4105 1975 4169 αἵτησαι

378 4194 582 4261 ἄφεσιν
611 4192 721 4247 τῶν
751 4193 1155 4263 παρελθόντων,
1193 4195 1288 4247 καὶ
1317 4194 1590 4266 λύτρωσιν
1617 4194 1725 4248 τῶν
1756 4197 1978 4265 μελλόν-

376 4299 516 4345 των,
552 4283 639 4337 ἵνα
666 4285 986 4354 πρεπόντως
1016 4287 1128 4348 τοῖς
1163 4284 1489 4356 μυστηρίοις
1522 4287 1847 4359 προσέλθῃς,
1886 4287 1975 4341 ἵνα

380 4374 615 4446 καθαρῴ
667 4376 930 4430 συνειδότι
987 4377 1082 4429 τοῦ
1140 4375 1396 4446 σώματος
1451 4377 1547 4430 καὶ
1598 4378 1692 4430 τοῦ
1739 4379 1975 4448 αἵματος

383 4467 735 4540 μεταλάὸῃς,
783 4469 870 4523 ἵνα
904 4487 1001 4522 σου
1031 4471 1111 4533 εἰς
1139 4469 1426 4539 κάθαρσιν,
1473 4470 1567 4521 καὶ
1599 4469 1674 4539 μὴ
1700 4473 1778 4533 εἰς
1804 4474 1971 4526 κατά-

2086 3277 2156 3331 ad
2188 3277 2490 3332 Dominum
2529 3290 2754 3330 sursum
2798 3274 2999 3329 fertur.
3039 3275 3311 3343 ’Λναιρορὲι
3353 3273 3524 3335 enim,
3552 3275 3670 3328 sive

2084 3370 2328 3424 elevatio
2384 3367 2614 3429 dicitur,
2662 3366 2792 3436 quia
2849 3380 3070 3420 sursum
3123 3367 3191 3419 ad
3242 3366 3416 3419 Deum
3463 3365 3665 3420 fertur.

2082 3461 2296 3517 Assiste
2321 3461 2494 3531 igitur
2511 3460 2622 3513 Deo
2646 3460 2837 3526 quiete
2867 3469 2925 3512 et
2950 3467 3286 3527 compuncto
3311 3458 3503 3512 corde.
3523 3455 3670 3512 Con-

2083 3554 2242 3609 ﬁtere
2280 3554 2395 3608 Deo
2433 3569 2532 3623 per
2561 3550 2880 3605 sacerdotes
2909 3562 3136 3619 peccata
3167 3549 3300 3618 itua.
3343 3549 3666 3606 Condemna

2082 3649 2332 3701 actiones
2363 3654 2512 3708 tuas,
2540 3652 2689 3698 etne
2711 3642 3028 3697 erubescas.
3058 3643 3154 3697 Est
3182 3643 3331 3697 enim
3362 3645 3535 3713 pudor
3573 3643 3666 3713 qui

2081 3737 2305 3792 adduxit
2331 3745 2631 3807 peccatum,
2665 3741 2713 3785 et
2765 3742 2842 3786 est
2874 3734 3046 3803 pudor
3087 3734 3176 3803 qui
3204 3732 3434 3803 gloriam
3457 3742 3507 3786 el
3538 3751 3667 3805 gra-

2081 3832 2213 3884 tiam
2238 3830 2259 3860 ⁵
2293 3828 2461 3896 parit.
2490 3823 2811 3879 Condemna
2846 3832 2897 3877 te
2931 3824 2987 3877 in
3018 3832 3316 3892 conspectu
3352 3825 3661 3887 hominum,

2080 3930 2143 3977 ut
2174 3935 2360 3976 coram
2393 3918 2607 3987 angelis
2658 3923 2886 3984 totoque
2934 3916 3144 3970 mundo
3163 3916 3343 3970 Judcx
3375 3926 3427 3970 te
3461 3918 3667 3987 justill-

2079 4022 2189 4070 cet.
2258 4013 2390 4077 Pete
2441 4009 2909 4074 misericordiam,
2942 4017 3066 4078 pete
3114 4008 3360 4072 veniam,
3410 4019 3541 4079 pete
3572 4027 3665 4063 r9-

2078 4104 2402 4162 missionem
2430 4103 2864 4174 praeteritorum,
2901 4111 2959 4156 et
3017 4103 3403 4158 liberationem
3429 4119 3459 4158 a
3492 4103 3665 4157 'l‘utu-

2078 4201 2179 4265 ris,
2209 4206 2273 4253 ut
2297 4198 2463 4268 digne
2498 4196 2567 4250 ad
2619 4204 2772 4250 tanta
2832 4196 3095 4267 mysteria
3148 4202 3401 4261 accedas,
3435 4204 3495 4251 ut
3525 4212 3662 4266 pura

2078 4288 2421 4346 conscientia
2449 4302 2656 4358 corpus
2683 4296 2739 4341 et
2762 4287 3089 4357 sanguinem
3119 4288 3443 4356 participes,
3468 4297 3529 4342 ut
3559 4288 3661 4342 tibi

2078 4386 2239 4441 cedat
2268 4383 2337 4439 ad
2381 4381 2838 4437 emundationem
2891 4390 2949 4437 et
2995 4381 3393 4450 expiationem,
3445 4398 3557 4436 non
3592 4382 3662 4436 ad

2075 4477 2371 4548 judicium.
2396 4473 2544 4529 Audi
2575 4474 2826 4528 divinum
2860 4473 3094 4529 Paulum
3119 4475 3434 4529 dicentem:
3473 4475 3665 4529 Probet

380 4574 565 4629 κριμα
587 4564 837 4629 γενηται.
864 4561 1132 4613 Ἄκουσον
1159 4560 1253 4613 τοῦ
1281 4560 1428 4613 θείου
1454 4560 1664 4613 Παύλου
1687 4561 1938 4630 λέγοντος
1956 4579 1970 4594 ο

2085 4539 2259 4623 autem
2281 4567 2511 4637 “ipsum
2533 4565 2706 4627 homo,
2740 4574 2789 4617 et
2814 4565 2888 4618 sic
2923 4565 2986 4618 de
3037 4581 3175 4632 pane
3203 4565 3298 4619 illo
3332 4567 3474 4630 edat,
3508 4577 3558 4620 et
3598 4568 3665 4619 de

381 4649 749 4721 Δοκιμαζέτω
772 4650 841 4705 δὲ
875 4652 1136 4719 ἕκαστος
1166 4651 1180 4701 i
1217 4654 1471 4716 ὲαῐετόν,
1526 4654 1623 4706 καὶ
1667 4655 1857 4721 οὕτως
1902 4657 1972 4710 ἐκ

2079 4658 2242 4713 calice
2286 4655 2447 4709 bibat.
2506 4651 2609 4718 Qui
2633 4655 2773 4708 enim
2812 4653 3102 4708 manducat
3155 4664 3203 4709 et
3252 4656 3373 4709 bibit
3421 4656 3658 4724 indigne,

380 4743 495 4799 τοῦ
520 4744 703 4813 ἆμτου
733 4745 1000 4808 ἐσθιέτω,
1049 4747 1145 4800 καὶ
1180 4746 1249 4799 ἐκ
1277 4746 1382 4800 τοῦ
1407 4748 1698 4814 ποτηρίου
1730 4750 1968 4805 πινέτω.

2085 4749 2336 4819 iudicium
2358 4746 2457 4801 sibi
2489 4744 2776 4799 manduca:
2807 4753 2859 4797 et
2894 4745 3040 4810 bibit,
3069 4762 3175 4799 non
3228 4746 3527 4812 diiudicem
3542 4762 3660 4799 cor-

455 4858 477 4890 ⁵
514 4862 685 4920 Eccli.
711 4880 785 4930 ιν,
824 4863 915 4919 25.

461 5073 493 5115 ι
514 5070 649 5130 Cod.
678 5073 958 5144 ἰατρεύσῃ.
1045 5075 1059 5112 ί
1093 5072 1228 5128 Can.
1261 5073 1502 5145 Χριστῷ.
1600 5070 1615 5123 i
1657 5073 1963 5143 ἄνθρωπος.

1686 4981 1918 5037 VARI/t5
1948 4981 2355 5041 LECTlONES.

1971 5191 2203 5248 NODE.

466 5276 559 5354 (⁵⁸1)Δ
584 5279 746 5354 Haud
805 5281 1038 5337 dubium
1093 5297 1216 5339 esse
1247 5281 1500 5354 vitiosam
1551 5283 1815 5346 litteram,
1858 5298 1968 5354 qua

384 5351 528 5407 estz'
548 5351 918 5423 Ἀποσμήχειν
952 5356 1140 5423 σειράς
1162 5371 1174 5384 ·
1210 5368 1314 5408 nee
1345 5353 1493 5406 enim
1524 5363 1730 5415 catena:
1747 5351 1967 5409 abster-

385 5428 596 5545 guntur
632 5437 661 5476 ε
692 5438 963 5492 corpore;
1000 5423 1213 5478 idcirco
1271 5424 1566 5493 legendum
1602 5427 1793 5493 putavi
1839 5426 1967 5478 cmi-

425 5509 490 5545 ac
510 5508 523 5520 '
557 5500 621 5545 ut
647 5504 841 5545 Imzeat
862 5495 1188 5545 Anastasius
1224 5495 1635 5545 metanhoram.
1662 5511 1727 5545 ac
1758 5512 1966 5545 numa-

425 5509 490 5566 ας
510 5508 523 5520 ·
557 5500 621 5546 ut
645 5504 841 5566 urgeat
862 5495 1188 5566 Anastasius
1224 5495 1727 5566 metaphoram,ac
1758 5512 1966 5566 purga-

387 5563 620 5635 tionem,
665 5565 758 5618 cui
809 5564 1016 5619 insistit
1057 5573 1171 5635 toto
1201 5566 1307 5619 hoc
1339 5576 1595 5619 numero.
1646 5563 1961 5635 Interprés:

385 5631 714 5688 Delictorum
755 5643 972 5689 catenas
1018 5634 1226 5700 solvat;
1280 5635 1374 5691 sed
1430 5645 1520 5691 est
1566 5636 1673 5690 hoc
1720 5631 1964 5691 alienum

385 5703 547 5759 valde
573 5718 606 5759 a
638 5704 793 5760 verbi
835 5706 988 5759 iilius
1030 5705 1457 5776 signiﬁcatione.
1504 5721 1609 5761 nec
1656 5707 1961 5776 quidquam

385 5787 772 5845 consequens:
823 5776 965 5830 nihil
994 5782 1140 5831 enim
1191 5778 1461 5831 hactenus
1490 5777 1558 5831 de
1602 5777 1842 5831 vinculis
1866 5787 1962 5833 aut

386 5844 668 5902 solutione
689 5844 760 5902 ab
791 5846 895 5921 eis,
932 5847 1030 5903 sed
1061 5847 1245 5903 solum
1269 5848 1338 5903 de
1373 5848 1612 5918 puritate
1644 5849 1961 5904 necessaria

2077 5283 2144 5338 ad
2217 5279 3005 5353 dignamucommunionem,
3069 5276 3251 5349 deque
3300 5287 3655 5349 peccatorum

2075 5350 2330 5409 eluendis
2350 5351 2631 5406 sordibus.
2656 5350 2936 5406 COIBEFIS.

2148 5427 2221 5493 (8)
2254 5422 2463 5479 Ηῑοοοι
2484 5422 2672 5487 editis,
2705 5422 2904 5476 lacuna
2939 5424 2996 5476 in
3033 5435 3139 5473 ms.
3171 5418 3488 5493 Legendum
3520 5436 3657 5474 vero

2081 5491 2164 5563 μὴ
2183 5493 2468 5557 δοκοῦντες
2490 5510 2502 5522 ι
2537 5508 2603 5548 ac
2625 5493 2902 5564 negative,
2941 5493 3142 5564 liquet,
3178 5491 3448 5562 quidquid
3485 5493 3659 5545 inter-

2076 5581 2204 5633 pres
2259 5564 2491 5619 devoret
2537 5581 2549 5616 :
2585 5579 2653 5619 ex
2686 5563 2754 5618 eo
2812 5563 2962 5619 enim
2990 5563 3138 5632 quod
3195 5578 3308 5617 non
3337 5572 3660 5632 reputemus

2073 5650 2198 5690 esse
2228 5650 2330 5690 nos
2349 5635 2405 5688 in
2435 5636 2557 5690 loco
2584 5649 2765 5696 sacro,
2792 5648 2857 5689 ac
2909 5634 3023 5688 Deo
3057 5635 3342 5698 assistere,
3376 5642 3526 5687 tanta
3563 5633 3657 5685 ina

2072 5722 2389 5775 peccamus,
2422 5721 2487 5760 ac
2513 5720 2617 5760 nos
2643 5704 2980 5774 decipimus,
3019 5704 3096 5759 ita
3143 5704 3199 5757 in
3235 5720 3304 5759 eo
3358 5703 3656 5767 habentes,

2070 5793 2133 5830 ac
2161 5776 2496 5831 haberemus
2536 5777 2594 5830 in
2620 5776 2853 5845 profano
2887 5776 3027 5831 loco.
3064 5775 3248 5831 Carus.
