4056 6484
416 381 521 446 8'35

1626 380 1686 437 S.
1727 376 2137 439 ANASTASII
2177 372 2506 440 ΞΙΝᾹΙΤίΕ

3609 369 3716 434 836

421 515 520 570 pus
549 492 786 550 Domini.
806 495 932 550 Ideo
961 496 1102 549 inter
1129 490 1220 549 ὐοδ
1241 493 1614 564 multiinﬁrmi
1637 503 1684 548 et
1705 495 2010 559 imbecilles,

2138 493 2197 546 Ὀ
2222 493 2332 562 γὰρ
2366 489 2590 546 ἐσθίων
2618 487 2718 542 καὶ
2741 487 2936 541 πίνων
2961 486 3224 553 ἀναξίως
3248 525 3264 550 ,
3321 485 3501 557 κρῖμα
3523 485 3718 552 ἑαυτῷ

425 599 472 644 et
501 589 772 644 dormiunt
798 588 952 643 multi
988 589 1030 644 °.
1061 587 1476 643 Animadvertis
1531 587 1914 642 inﬁrmitatem
1961 595 2018 641 ct

426 691 664 737 mortem
689 680 891 737 crebro
923 682 1058 736 oriri
1087 698 1157 737 ex
1206 682 1314 737 hoe
1365 679 1516 751 quod
1548 679 1776 751 indigne
1821 680 1890 736 ad
1928 681 2016 736 di-

427 775 556 830 vina
590 776 852 848 mysteria
883 775 1108 831 aditur?

503 1049 668 1104 Forte
694 1047 882 1104 dices:
913 1049 981 1102 Et
1011 1047 1269 1118 quisnam
1293 1045 1496 1117 dignus
1517 1047 1636 1101 est?
1658 1046 1796 1101 Novi
1825 1046 1931 1100 hoc
1964 1054 2020 1100 ct

430 1157 556 1214 ego.
578 1141 837 1196 Attamen
862 1141 1066 1210 dignus
1092 1140 1213 1205 lies,
1247 1141 1556 1195 dummodo
1593 1140 2020 1211 velis.Agnosce

437 1243 489 1290 te
512 1216 890 1304 peccatorem.
923 1233 1091 1303 Eripe
1128 1241 1180 1288 te
1221 1248 1252 1286 a
1287 1242 1540 1306 peccato.
1567 1233 1789 1288 Absiste
1823 1249 1853 1288 a
1887 1249 2020 1303 pec-

433 1335 583 1392 cato,
613 1336 670 1381 et
708 1325 878 1398 45A
901 1341 933 1380 a
959 1325 1199 1391 malitia,
1243 1335 1299 1380 et
1336 1327 1406 1381 ab
1435 1327 1540 1382 ira.
1567 1325 1812 1384 Ostende
1852 1342 2022 1398 Opera

433 1417 798 1488 pmnitentim.
827 1417 1001 1472 Indue
1023 1417 1478 1488 temperantiam,
1505 1417 2021 1482 mansuetudinem,

432 1511 934 1581 longanimitatem.
989 1511 1066 1566 De
1108 1510 1392 1566 fructibus
1448 1511 1682 1583 iustitia:
1720 1527 1913 1582 prome
1965 1511 2023 1565 in

431 1618 639 1674 egenos
677 1603 1214 1669 condolescentiam,
1265 1611 1322 1658 et
1351 1603 1569 1658 viscera
1604 1602 2022 1673 misericordim,

435 1693 749 1764 dignusque
773 1692 954 1747 factus
985 1708 1069 1749 es.
1103 1693 1305 1749 Preces
1333 1693 1504 1748 funde
1531 1693 1600 1748 ad
1631 1695 1807 1750 Deum
1837 1695 2024 1748 animo

435 1787 700 1853 contrito,
737 1795 794 1841 et
845 1786 961 1858 ipse
1009 1787 1269 1858 implebit
1327 1789 1632 1858 petitiones
1667 1798 1818 1856 tuas;
1865 1782 2022 1860 quia,

2119 585 2313 639 ἐσθίει
2371 583 2467 636 καὶ
2525 582 2728 642 πίνει,
2785 579 2873 649 μὴ
2929 579 3250 648 διακρίνων
3297 580 3364 632 τὸ
3407 577 3580 649 σῶμα
3611 580 3718 634 τοῦ

2119 677 2371 745 Κυρίου.
2431 675 2537 729 Διὰ
2560 672 2738 728 τοῦτο
2785 673 2856 725 ἐν
2883 672 3026 741 ὑμῖν
3070 672 3290 728 πολλοὶ
3313 672 3597 738 ἀσθενεῖς
3619 673 3718 728 καὶ

2123 769 2460 839 ἅῤῥωστοι,
2517 765 2616 819 καὶ
2666 763 2985 834 κοιμῶνται
3032 767 3252 818 ἱκανοί.
3297 764 3464 836 Ὁρᾷς
3507 766 3590 818 ὃτι
3623 767 3719 821 καὶ

2121 859 2404 922 ἀσθένεια,
2432 857 2530 911 καὶ
2554 855 2781 910 θάνατοι
2811 855 2888 919 ὡς
2917 857 3012 909 ἐπὶ
3033 855 3095 909 τὸ
3118 857 3374 910 πλεῖστον
3393 858 3717 924 ἐπάγονται,

2121 951 2212 1006 διὰ
2233 952 2295 1004 τὸ
2318 949 2556 1017 ἀναξίως
2582 951 2696 1014 τοῖς
2721 948 2888 1006 θείοις
2915 949 3240 1020 μυστηρίοις
3271 950 3676 1022 προσέρχεσθαι
3703 969 3719 1016 ;

2207 1043 2352 1096 Ἀλλ’
2371 1045 2503 1106 ἴσως
2533 1043 2701 1113 ἐρεῖς·
2735 1042 2845 1095 Καὶ
2868 1041 2950 1104 τίς
2975 1039 3146 1108 ἄξιος,
3174 1041 3412 1112 φησίνι;
3443 1039 3576 1096 Οἶδα
3600 1043 3714 1096 τοῦ-

2123 1156 2185 1192 το
2219 1135 2400 1206 κάγώ.
2457 1135 2600 1188 Ἀλλ’
2639 1135 2793 1204 ὅμως
2843 1132 2993 1198 ἄξιος
3026 1135 3234 1204 γενήσῃ
3255 1170 3270 1196 ,
3321 1135 3482 1206 μόνον
3515 1135 3566 1188 εἰ
3598 1134 3722 1206 βου-

2123 1231 2316 1302 ληθῇς.
2397 1227 2700 1297 Ἐπίγνωθι
2769 1227 2968 1281 σαυτὸν
3027 1227 3378 1298 ἀμαρτωλόν.
3444 1229 3724 1299 Ἕκκοςον

2126 1325 2322 1378 ἑαυτὸν
2351 1325 2453 1394 τῆς
2483 1321 2788 1394 ἁμαρτίας.
2828 1319 3128 1390 Ἀπόστηθι
3161 1321 3261 1390 τῆς
3287 1319 3586 1390 ἁμαρτίας,
3629 1321 3722 1374 καὶ

2124 1421 2224 1490 τῆς
2245 1418 2536 1490 πονηρίας,
2560 1416 2774 1486 καὶτῆς
2792 1415 2983 1486 ὀργῆς.
3005 1415 3192 1479 Δεῖξον
3211 1414 3280 1468 τὰ
3305 1414 3407 1485 τῆς
3429 1414 3722 1485 μετανοίας

2126 1511 2295 1584 ἔργα·
2357 1507 2634 1564 ἅναλαϐοὖ
2689 1507 3083 1579 σωφροσύνην,
3137 1505 3453 1578 πραότητα,
3513 1522 3725 1577 μακρο-

2128 1605 2354 1676 θυμίαν.
2411 1599 2713 1666 Ἐπίδειξαι
2777 1601 3130 1671 συμπάθειαν
3191 1600 3299 1653 ἀπὸ
3349 1597 3583 1670 καρπῶν
3643 1598 3773 1676 δμθ

2127 1695 2428 1764 καιοσύνης
2476 1693 2573 1746 ἐπὶ
2606 1695 2722 1756 τοῖς
2765 1690 3072 1762 δεομένοις,
3119 1691 3216 1749 καὶ
3268 1692 3503 1760 γέγονας
3553 1689 3724 1754 ἄξιος.

2130 1789 2366 1862 Δεήθητι
2393 1786 2490 1842 τοῦ
2519 1785 2658 1840 Θεοῦ
2688 1787 2746 1840 ὲν
2765 1786 2914 1856 ψυχῇ
2944 1783 3414 1856 συντετριμμένῃ,
3444 1783 3540 1837 καὶ
3561 1783 3726 1846 αὖτὺς

435 1880 544 1935 nisi
576 1881 683 1936 hoc
718 1879 942 1945 feceris,
990 1880 1198 1936 frustra
1235 1881 1292 1936 in
1327 1881 1564 1936 ecclesia
1599 1891 1820 1952 tempus
1865 1883 2024 1938 teris.

2138 1851 2544 1954 πληροφορήσει
2599 1879 2668 1934 τὰ
2718 1851 3008 1948 αἰτήματά
3049 1851 3180 1931 σου-⁸
3209 1851 3438 1930 *επεὶ-εί
3468 1875 3546 1948 μὴ
3571 1875 3730 1930 τοῦτο

435 1975 559 2029 Νοη
585 1990 705 2030 mea
734 1974 852 2030 [uec
883 1991 1011 2040 vox,
1047 1973 1144 2030 sed
1177 1975 1401 2029 Domini
1425 1975 1696 2031 dicentis:
1729 1975 1870 2042 Quid
1886 1977 2027 2030 enim

437 2062 650 2117 dicitis:
681 2061 922 2128 Domine,
963 2061 1213 2129 Domine,
1262 2071 1310 2117 et
1345 2079 1450 2116 non
1479 2063 1656 2134 facitis
1699 2064 2029 2120 voluntatem

439 2158 642 2212 meam”
663 2159 686 2210 ’ί
708 2157 922 2212 Etenim
944 2157 1079 2226 ﬁdes
1100 2160 1215 2213 sine
1236 2158 1485 2230 operibus
1499 2167 1712 2213 mortua
1731 2158 1865 2213 est“.
1884 2159 2029 2225 Quid

439 2253 607 2323 ergo?
630 2251 904 2322 obiecerit
925 2251 1074 2322 quis,
1113 2267 1185 2306 an
1211 2253 1342 2323 quia
1366 2250 1698 2307 malefactis
1725 2251 2030 2307 obstrictus

441 2361 588 2410 sum,
620 2343 746 2399 ideo
775 2343 848 2398 ab
897 2343 1150 2400 oratione
1193 2359 1441 2411 cessare,
1466 2359 1651 2416 neque
1697 2345 1754 2400 in
1795 2345 2028 2401 ecclesia

441 2434 540 2490 Dei
571 2433 788 2490 versari
835 2433 1061 2489 debeo?
1104 2435 1229 2490 Non
1271 2435 1391 2492 haze
1439 2451 1566 2491 mea
1616 2453 1798 2503 mens,
1847 2453 2031 2508 neque

442 2527 558 2582 huc
584 2541 708 2582 mea
731 2525 911 2582 tendit
961 2527 1166 2581 oratio.
1201 2526 1312 2584 Sed
1343 2528 1626 2599 quomodo
1666 2543 1828 2584 orare
1863 2545 2032 2600 opor-

446 2626 582 2684 teat,
614 2617 890 2674 admoneo
936 2627 1021 2684 ut,
1058 2635 1184 2674 cum
1211 2619 1282 2675 ad
1331 2619 1651 2676 orationem
1691 2621 2032 2686 accedimus,

444 2710 650 2766 divinae
674 2709 952 2780 maiestati
991 2711 1394 2766 convenienter
1416 2719 1698 2778 astemus;
1740 2727 1810 2768 ne
1837 2722 1895 2768 et
1929 2729 2037 2768 no-

445 2802 536 2858 bis
554 2801 825 2857 Dominus
855 2801 1008 2857 dicat
1051 2801 1209 2872 quod
1245 2801 1492 2860 Judaeis:
1547 2804 1751 2859 Domus
1776 2822 1896 2860 mea
1937 2805 2036 2859 do-

447 2911 568 2950 mus
603 2894 864 2949 orationis
893 2894 1188 2962 vocabitur,
1229 2912 1320 2950 vos
1348 2913 1472 2950 vero
1497 2897 1674 2966 facitis
1714 2897 1870 2952 illam
1919 2914 2041 2968 spe-

449 2985 664 3038 luncam
686 2983 961 3040 latronum
983 2985 1026 3040 ⁹.
1051 2984 1108 3040 Si
1133 2968 1284 3040 enim
1305 2986 1613 3042 vendentes
1631 2997 1688 3044 et
1709 2997 1960 3044 ementes
1981 2987 2038 3044 in

2131 1977 2422 2045 ποιήσεις,
2487 1972 2669 2044 μάτην
2722 1969 3010 2042 σχολάζεις
3055 1970 3116 2023 ὲν
3161 1971 3227 2041 τῇ
3259 1968 3548 2041 ἐκκλησίᾳ.
3614 1970 3731 2023 Οᾷκ

2130 2069 2262 2140 ἐμὸς
2293 2069 2321 2120 6
2351 2067 2534 2134 λόγος,
2559 2065 2696 2118 ἀλλὰ
2731 2063 3028 2134 δεσποτικὴ
3054 2065 3088 2134 ὴ
3115 2065 3288 2134 φωνή’
3328 2064 3389 2117 Τί
3417 2063 3548 2134 γὰρ,
3571 2065 3732 2132 φησὶ,

2131 2161 2340 2228 λέγετε
2367 2158 2438 2212 τὸ
2471 2198 2486 2220 ,
2545 2159 2744 2226 Κύριε,
2789 2158 2991 2226 Κύριε,
3050 2155 3154 2210 καὶ
3193 2159 3266 2210 οὐ
3300 2157 3521 2210 ποιεῖτε
3550 2157 3617 2210 τὸ
3641 2157 3736 2210 ee-

2129 2250 2297 2322 λημά
2337 2267 2495 2322 μου;
2559 2251 2668 2303 Καὶ
2707 2249 2819 2320 γὰρ
2869 2251 2906 2318 ἠ
2949 2249 3158 2316 πίστις
3188 2249 3367 2320 χωρὶς
3399 2249 3518 2304 τῶν
3544 2249 3738 2319 ἔργων

2132 2343 2317 2412 νεκρὰ
2340 2343 2496 2398 ἐστι.
2531 2343 2644 2396 Καὶ
2669 2343 2744 2406 τί,
2771 2342 2961 2412 φησὶν,
2989 2342 3180 2413 ἐπειδὴ
3205 2341 3421 2414 πονηρὰ
3442 2343 3581 2413 ἔργα
3605 2343 3734 2414 ἔχω,

2133 2435 2195 2489 οὐ
2222 2435 2302 2488 δεῖ
2331 2433 2770 2507 προσεύχεσθαι;
2809 2433 2870 2486 οὐ
2896 2433 2980 2492 δεῖ
3009 2435 3066 2486 ἐν
3089 2436 3156 2505 τῇ
3182 2434 3277 2488 τοῦ
3303 2435 3439 2488 Θεοῦ
3464 2435 3740 2506 ἐκκλησία

2137 2528 2452 2599 σχολάζεινς
2481 2529 2552 2581 Οὐ
2575 2526 2734 2581 τοῦτο
2752 2527 2918 2594 λέγω,
2939 2527 3060 2580 οὐδὲ
3081 2526 3242 2580 τοῦτο
3267 2528 3574 2597 ἐπιτρέπω·
3601 2528 3738 2581 ἀλλὰ

2135 2621 2195 2674 τὸ
2219 2620 2294 2684 ὡς
2321 2619 2406 2672 δεῖ
2435 2617 2840 2690 προσεύχεσθαι
2869 2617 3199 2691 παρακαλῶ,
3223 2619 3309 2672 ἵνα
3339 2619 3397 2674 ὲν
3421 2622 3544 2684 ταῖς
3568 2638 3738 2691 προσ-

2137 2714 2326 2783 ευχαῖς
2359 2712 2798 2782 προσερχόμενοι
2835 2710 3160 2784 θεοπρεπῶς
3191 2713 3611 2784 παριστάμεθα·
3653 2715 3738 2767 ἵνα

2143 2804 2218 2876 μὴ
2250 2805 2348 2860 καὶ
2378 2804 2516 2876 πρὸς
2547 2805 2698 2874 ἡμᾶς
2727 2804 2860 2878 εἴπῃ
2891 2806 2920 2858 6
2945 2805 3218 2876 Χριστος,
3277 2803 3472 2876 ὥσπερ
3501 2807 3596 2859 καὶ
3629 2809 3740 2869 τοῖς

2152 2897 2458 2962 Ἰουδαίο.ς·
2506 2897 2570 2950 '0
2600 2894 2766 2964 οἶκός
2787 2917 2909 2968 μου
2941 2895 3106 2965 οἶκος
3135 2897 3490 2969 προσευχῆς
3517 2899 3742 2967 κληθή-

2140 3005 2310 3045 σεται
2339 3031 2354 3057 ,
2432 2992 2600 3061 ὑμεῖς
2657 2990 2727 3045 δὲ
2795 2991 3128 3059 ἐποιήσατε
3179 2993 3372 3048 αὐτὸν
3434 2993 3744 3055 σπήλαιον

446 3074 684 3132 Judaico
710 3077 918 3146 templo
941 3076 1175 3148 ﬂagellis
1211 3094 1242 3134 a
1268 3077 1509 3135 Domino
1545 3081 1708 3152 ejecti
1735 3091 1888 3149 sunt,
1917 3097 2036 3152 qua:

2139 3082 2408 3153 λῃστῶν.
2493 3085 2558 3138 Εἰ
2603 3083 2712 3156 γὰρ
2769 3085 2820 3138 οἱ
2871 3085 3182 3149 πωλοῦντες
3236 3087 3331 3140 καὶ
3377 3087 3744 3157 ἀγοράζοντες

448 3181 617 3239 poma
669 3175 726 3224 et
797 3168 1074 3240 gebenna.
1117 3169 1456 3226 decernetur
1519 3171 1630 3227 illis
1686 3175 1784 3244 qui
1829 3175 2036 3230 mutuis

2145 3179 2204 3230 ἐν
2253 3175 2332 3246 τῷ
2361 3175 2643 3246 Ἰουδαῖκῷ
2682 3177 2799 3249 ναῷ
2841 3179 3178 3250 τυπτόμενοι
3214 3179 3323 3233 ὑπὸ
3347 3180 3558 3250 Κυρίου
3591 3179 3747 3232 ἐδιώ-

453 3260 726 3316 conviciis
758 3275 817 3316 se
834 3262 1230 3332 proscindunt,
1264 3273 1322 3320 et
1349 3265 1682 3333 lnjuriarum
1713 3267 2039 3322 memoriam

453 3352 735 3410 retinent?
756 3352 900 3420 Quid
918 3355 1180 3426 supplicii
1205 3373 1316 3413 non
1340 3357 1623 3428 inﬂigetur
1645 3360 1830 3427 nobis,
1851 3361 1946 3432 qui
1972 3361 2044 3417 de

455 3447 660 3502 castris
687 3447 784 3502 Dei
803 3461 1126 3516 censemur,
1153 3459 1210 3506 et
1237 3451 1462 3507 diabolo
1483 3453 1854 3526 subjicimur‘i

523 3630 596 3689 At
614 3632 766 3688 enim
793 3648 920 3690 eum
946 3634 1210 3691 sacerdos
1256 3637 1331 3692 sit
1369 3637 1646 3694 mediator
1691 3640 1840 3696 inter
1870 3639 2046 3696 Deum

456 3731 516 3779 et
556 3724 838 3794 homines,
885 3727 1178 3798 Deumque
1227 3744 1332 3800 pro
1363 3731 1613 3800 peccatis
1663 3733 2052 3789 multitudinis

457 3816 746 3886 propitiet,
773 3817 1090 3885 considera,
1124 3834 1250 3884 oro,
1293 3837 1408 3891 quo
1447 3833 1616 3895 pacto
1664 3841 1864 3882 omnes
1903 3843 2050 3898 prte-

458 3910 678 3964 muniat
715 3918 774 3966 et
817 3911 1158 3982 obtestetur,
1199 3913 1292 3970 his
1331 3917 1496 3986 quasi
1547 3918 1737 3974 verbis
1779 3922 2050 3991 populum

460 4002 778 4072 alloquens.
841 4001 1336 4077 Quandoquidem,
1390 4009 1728 4074 cbarissimi,
1769 4028 1860 4068 me
1903 4013 2052 4071 inter

460 4108 560 4150 vos
582 4103 639 4150 ct
681 4095 856 4150 Deum
893 4097 963 4152 ad
992 4097 1140 4154 hanc
1173 4099 1466 4171 mysticam
1502 4116 1753 4158 mensam
1783 4104 2056 4160 mediato—

463 4201 581 4243 rem
642 4188 1040 4256 constituistis,
1093 4191 1266 4247 etiam
1317 4201 1486 4264 atque
1523 4195 1693 4250 etiam
1745 4213 1948 4254 moneo
1991 4207 2056 4254 ut

464 4295 686 4336 mecum
713 4296 904 4350 parem
942 4281 1296 4354 diligentiam
1325 4285 1982 4346 adhibeatis.Abscedite
2021 4307 2054 4347 a

464 4371 686 4427 cunctis
716 4372 843 4426 vitae
873 4373 1041 4444 hujus
1063 4375 1342 4445 cogitatis.
1368 4376 1679 4434 Valedicite
1719 4381 1874 4436 omni
1925 4399 2054 4438 cor-

465 4479 768 4535 porearum
799 4478 989 4520 rerum
1017 4481 1191 4523 curae.
1222 4466 1469 4540 Tempus
1499 4469 1654 4524 enim
1695 4479 1786 4528 est
1817 4489 1928 4529 non
1965 4492 2056 4532 va-

2145 3263 2376 3340 χθησαν,
2407 3269 2458 3322 οἰ
2491 3267 2865 3340 λοιδοροῦντες
2891 3269 3178 3340 ἀλλήλους,
3216 3271 3310 3324 καὶ
3343 3271 3744 3342 μνησικακοῦν-

2145 3379 2262 3429 τες,
2298 3363 2462 3426 ποίας
2490 3363 2602 3434 ἄρα
2631 3363 2914 3427 κολάσεως
2943 3366 3038 3418 καὶ
3065 3365 3291 3436 γεέννης
3314 3364 3742 3435 ἁξιωθήσονται;

2149 3456 2212 3508 Τί
2251 3457 2311 3510 δὲ
2359 3456 2671 3528 πεισόμεθα
2703 3457 2755 3510 οἱ
2786 3457 2864 3528 τῷ
2887 3457 3008 3528 Θεῷ
3036 3458 3498 3530 συνταττόμενοι,
3553 3460 3649 3514 καὶ
3671 3459 3740 3528 τῷ

2105 3587 2120 3603 .
2146 3549 2380 3621 διαϐόλῳ
2415 3549 2856 3620 ὑποτασσόμενοι
2878 3569 2894 3617 ;

2233 3643 2456 3714 Ἐπειδὴ
2499 3643 2608 3715 γὰρ
2675 3643 2909 3714 μεσίτης
2967 3644 3064 3698 τοῦ
3107 3644 3244 3698 Θεοῦ
3299 3644 3396 3698 καὶ
3441 3643 3750 3716 ἀνθρώπων

2150 3737 2178 3789 6
2207 3735 2388 3808 ἱερεὺς
2415 3735 2701 3806 τυγχάνει,
2762 3737 2857 3790 καὶ
2902 3736 3046 3808 ὑπὲρ
3071 3737 3322 3809 ἀφέσεως
3351 3737 3462 3791 τῶν
3489 3737 3586 3790 τοῦ
3611 3737 3746 3806 πλήο

2153 3829 2284 3894 Θους
2325 3829 2620 3900 ἁμαρτιῶν
2649 3828 2782 3883 Θεὸν
2809 3829 3133 3895 ὲξιλεοῦται·
3173 3831 3360 3902 βλέπε,
3395 3831 3517 3891 πῶς
3541 3832 3752 3895 πάντας

2155 3922 2653 3994 προασφαλίζεται,
2690 3923 2788 3978 καὶ
2815 3924 3280 3996 διαμαρτύρεται,
3307 3925 3508 3978 ὡσανεὶ
3531 3925 3608 3995 τῷ
3635 3924 3748 3995 7αῷ

2153 4015 2383 4069 τοιαῦτά
2425 4033 2550 4070 τινα
2603 4014 3011 4086 φθεγγόμενοςο
3051 4015 3405 4088 Ἐπειδήπερ,
3459 4009 3504 4069 ὦ
3533 4015 3744 4086 ἄνδρες,

2159 4109 2390 4180 μεσίτην
2426 4126 2494 4180 με
2533 4108 2674 4180 πρὸς
2701 4108 2836 4162 Θεὸν
2871 4108 3014 4180 ὑπὲρ
3046 4109 3202 4180 ὑμῶν
3234 4110 3328 4162 ἐπὶ
3359 4109 3455 4182 τῆς
3479 4111 3749 4184 μυστικῆς

2154 4200 2364 4270 ταύτης
2393 4201 2676 4272 τραπέζης
2715 4201 3006 4272 ὲστήσατε,
3045 4201 3374 4272 παρακαλῶ,
3407 4201 3750 4256 σπουδάσατε

2157 4293 2252 4346 καὶ
2281 4293 2444 4363 ὑμεῖς
2480 4293 2580 4346 σὺν
2609 4291 2738 4364 ἐμοί
2755 4307 2772 4323 ·
2809 4292 3088 4364 ἀπόστητε
3123 4292 3316 4346 πασῶν
3343 4293 3454 4346 τῶν
3483 4291 3735 4362 βιωτικῶ·

2155 4385 2400 4438 ἐννοιῶν.
2456 4384 2846 4455 Καταλείψατε
2883 4387 3066 4440 πᾶσαν
3101 4367 3426 4458 σωματικῆν
3459 4383 3720 4456 φροντίδα

2159 4468 2472 4550 προσευχῆς
2503 4477 2614 4548 γὰρ
2643 4478 2922 4544 ὲκτενοῦς,
2959 4479 3079 4534 ἀλλ’
3101 4481 3202 4532 οὐκ
3231 4479 3490 4550 ἀσχολίας
3515 4481 3752 4550 ματαίας

469 4570 555 4610 na:
573 4555 978 4626 occupationis,
1011 4557 1110 4612 sed
1147 4565 1378 4614 attenta:
1401 4569 1459 4616 et
1492 4560 1724 4618 intenta:
1761 4565 2029 4624 orationis

2159 4574 2188 4626 6
2231 4571 2446 4643 καιρός.
2505 4571 2825 4635 Ἀκούσατε,
2867 4573 2920 4625 τί
2953 4575 2980 4626 6
3005 4571 3253 4636 διάκονος
3282 4573 3414 4644 ὑμῖν
3439 4576 3750 4644 προσφωνεῖ

467 4647 798 4706 Auscultate
849 4651 987 4720 quid
1029 4651 1310 4707 diaconus
1350 4653 1514 4710 vobis
1563 4657 1873 4713 acclamet:
1901 4657 2054 4717 State

465 4743 734 4810 decenter,
758 4752 900 4798 state
928 4760 1050 4798 cum
1067 4745 1276 4800 timore.
1303 4744 1676 4804 Attendamus
1701 4750 1770 4805 ad
1803 4761 2053 4810 sanctam

539 4880 561 4912 ⁸
599 4879 776 4938 lCor.
812 4883 1103 4952 εμπ-50.
1182 4888 1204 4916 ’⁷
1237 4889 1432 4946 Matth.
1466 4908 1562 4956 vn,
1588 4891 1678 4946 2-1.

2161 4663 2337 4732 λέγων
2363 4679 2376 4693 ·
2441 4661 2682 4734 Στῶμεν
2713 4663 2912 4731 καλῶς
2938 4665 3049 4736 (9),
3105 4663 3345 4735 στῶμεν
3365 4666 3516 4734 μετὰ
3540 4667 3750 4734 φόϐου.

2163 4757 2506 4831 Προσχῶμεν
2559 4761 2628 4831 τῇ
2681 4759 2814 4833 ἁγίᾳ
2855 4759 3104 4832 ἀναφορᾷ
3141 4759 3276 4832 (10),
3313 4759 3586 4814 κλίνωαεν
3631 4761 3753 4822 τοὺς

1756 4893 1776 4924 ⁸
1797 4893 1914 4950 Jac.
1942 4913 2002 4962 ιι,
2027 4896 2116 4954 ‘20.
2197 4897 2218 4928 θ
2242 4897 2437 4953 Matth.
2467 4913 2580 4963 xxi,
2609 4898 2696 4952 15.

1773 5025 2008 5093 VARl/E
2051 5038 2460 5096 LECTIONES.

544 5098 570 5137 ¹ί
604 5098 642 5153 f.
673 5097 823 5166 ἄξιός
851 5101 996 5155 ἐστιν
1023 5119 1038 5169 ;

1997 5208 2234 5266 NOTAE.

473 5285 1080 5368 _‘_(9)l.labcnturluec
1128 5294 1182 5348 in
1213 5294 1405 5368 Jacobi
1458 5294 1707 5367 Liturgia
1765 5313 1941 5367 usque
1994 5299 2062 5354 ad

473 5357 566 5438 illa
603 5357 796 5424 verba,
833 5363 1108 5438 xlivutgmz
1136 5367 1544 5438 τουςίαὺχέναςξ
1580 5357 1724 5437 quae.
1749 5357 2064 5438 etsequen-

475 5436 572 5492 tia,
605 5445 718 5482 non
739 5441 968 5508 exstant
998 5436 1052 5508 in
1078 5436 1319 5506 vulgatis
1349 5436 1614 5508 liturgiis,
1639 5439 1833 5493 saltem
1851 5436 2060 5507 omnia,

472 5508 632 5579 et~ut
661 5501 955 5580 a‘diaeono
983 5501 1242 5580 dicenda.
1269 5509 1408 5563 Nam
1435 5501 1549 5572 illa,
1584 5509 1940 5580 ᾅνωσχῷμεν
1970 5501 2064 5563 τὸν

473 5571 600 5622 νοῦν
632 5571 726 5652 nat
768 5575 868 5636 τὰς
913 5574 1274 5652 κιαρδξαςο-ἱη
1320 5571 2060 5652 eademJacobi'iljiturgia

475 5650 811 5721 sequuntur.
861 5645 958 5699 sed
1004 5645 1238 5721 dicenda
1272 5665 1303 5704 a
1331 5649 1653 5714 sacerdote;
1719 5651 1925 5721 quibus
1973 5645 2040 5708 re

475 5711 754 5792 spondent
780 5731 915 5792 quae
946 5720 1200 5792 sequenti
1222 5737 1460 5792 numero
1498 5711 1658 5792 urget
1691 5711 2016 5780 Anastasius
2052 5767 2060 5773 _

475 5781 673 5864 ἐχορ-εν
859 5786 950 5839 τὸν
968 5781 1194 5864 ριονδ
1221 5781 1909 5864 ΠιιὺρπιιιδαάὌοιηίηιιιιι;
1941 5809 2064 5864 quae

477 5851 528 5906 iu
557 5851 754 5912 Jacobi
782 5856 1032 5922 Liturgia
1061 5851 1210 5915 edita
1269 5863 1680 5932 desiderantur,
1712 5851 1903 5931 utique
1945 5851 2066 5921 mu-

2171 5300 2554 5372 tila,qu:ﬁeque
2604 5317 2672 5356 ex
2704 5299 2826 5356 istis
2865 5314 2930 5356 ac
2959 5297 3345 5372 Chrysostomi
3401 5298 3654 5371 Liturgia
3685 5299 3754 5354 sit

2129 5360 2480 5426 “sarCic'nda'.
2523 5371 2809 5427 Counerts.

2243 5441 2714 5514 (l_0)hTurrianus
2760 5443 2904 5514 apud
2947 5443 3234 5500 Canisium
3287 5442 3407 5500 haec
3476 5443 3647 5498 verba
3677 5441 3755 5514 sic

2166 5512 2414 5568 reddidit
2441 5529 2453 5566 :
2483 5512 2837 5569 Attendamus
2869 5515 2940 5570 ad
2975 5524 3221 5570 sanctam
3255 5514 3626 5570 elevationem.
3648 5513 3754 5570 Sed

2167 5585 2431 5660 ἀναφορὰ.
2479 5585 2755 5660 signiﬁcat
2803 5585 3182 5660 oblationem,
3227 5587 3334 5660 vel
3363 5588 3754 5660 mysteriorum

2165 5654 2627 5728 celebrationem.
2667 5655 2759 5710 Sic
2794 5656 2942 5726 apud
2976 5657 3284 5712 Palladium
3321 5657 3376 5712 in
3423 5654 3551 5713 ‘Vita
3577 5657 3757 5728 Chry-

2168 5726 2408 5801 sostomi
2440 5742 2455 5779 :
2487 5726 2682 5801 ’Ὓξμνοῖ
2737 5728 2835 5801 μὲν
2860 5729 2958 5801 καὶ
3011 5728 3284 5798 ἀναφοραὶ
3321 5730 3654 5801 μυστηρίων
3698 5726 3761 5780 ἒν

2173 5799 2294 5869 ταῖς
2321 5797 3002 5869 φυλακαῖςὲπετελοζιντο,
3035 5801 3089 5854 in
3123 5799 3426 5854 carceribus
3471 5797 3754 5869 perfringe-

2174 5817 2294 5858 ταις
2321 5817 2592 5864 φυλακαις
2627 5817 3002 5867 επετεωυντο,
3035 5817 3089 5854 ιη
3123 5817 3426 5854 carcerwus
3507 5817 3754 5869 erpmgc-

2174 5867 2372 5921 bantur
2395 5868 2768 5938 mysteriorum
2806 5868 3181 5925 celebrationes
3211 5913 3224 5936 ,
3257 5878 3313 5926 et
3336 5817 3503 5940 aputr
3525 5871 3760 5927 Lambe-

3762 4363 3792 4417 is
