4056 6458
350 331 464 394 837

345 533 610 603 γλῶσσαν
636 531 679 598 ι,
712 531 1096 604 πληρώσωμεν
1119 533 1233 606 (12)
1263 533 1352 586 τὸν
1377 533 1525 599 νοῦν,
1553 535 1688 606 πρὸς
1719 536 1948 608 οὐρανὸν

347 624 692 695 ἀνέλθωμεν.
723 625 874 678 Ἀνω
914 623 1134 696 σχῶμεν
1162 625 1253 679 τὸν
1280 625 1406 680 νοῦν
1440 627 1532 680 καὶ
1562 627 1664 690 τὰς
1691 627 1944 700 καρδίας,

345 721 462 774 ἄνω
491 719 631 790 πρὸς
652 718 787 772 Θεὸν
813 717 874 771 τὺ
894 719 994 789 τῆς
1015 719 1192 791 ψυχῆς
1219 721 1373 792 ὄμμα
1397 722 1718 794 ἐπάρωμεν,
1746 723 1950 794 παρέλ-

343 817 536 889 θωμεν
588 815 684 870 τὸν
731 810 995 888 οὐρανὸν,
1056 817 1425 888 παρέλθωμεν
1473 820 1602 882 τοὺς
1645 819 1944 888 ἀγγέλους,

341 909 726 983 παρέλθωμεν
755 908 823 961 τὰ
848 910 1168 981 Χερουὸὶμ,
1223 911 1320 963 καὶ
1349 911 1484 982 πρὸς
1514 911 1676 964 αὑτὸν
1705 912 1796 966 τὸν
1822 912 1948 986 θρό-

342 1021 446 1057 νον
508 1001 602 1056 τὸν
657 1001 982 1054 δεσποτικὸν
1044 1001 1531 1073 προσδρὰμωμεν,
1595 1003 1778 1064 αὐτῶν
1833 1004 1942 1058 τῶν

337 1096 642 1167 ἀχράντων
672 1095 771 1148 τοῦ
799 1093 1041 1164 Χριστοῦ
1073 1093 1250 1148 ποδῶν
1281 1093 1692 1168 ὲπιλαϐώμεθα,
1739 1095 1946 1169 δακρύ-

340 1205 575 1258 ccupat),
637 1183 958 1257 βιασὼμεθα
1012 1184 1110 1256 τὴν
1152 1184 1318 1239 αὐτοῦ
1363 1186 1804 1259 εὐσπλαγχνίαν,
1857 1188 1944 1253 ἐξ-

334 1277 823 1350 ομολογησὼμεθα
874 1279 954 1340 είς
995 1276 1057 1330 τὸ
1102 1277 1258 1346 ἆγιον
1291 1278 1813 1352 καὶηὺπερουράνιον
1849 1281 1944 1334 καὶ

334 1372 539 1442 νοερδν
567 1370 733 1424 αὐτοῦ
765 1370 1182 1442 θυσιαστήριον.

421 1462 614 1516 Ταῦτα
645 1462 1086 1532 διαμαρτύρεται
1113 1464 1250 1532 ἡμῖν
1287 1463 1314 1515 ὁ
1345 1461 1528 1534 ἱερεὺς
1558 1462 1758 1532 λέγων·
1795 1463 1943 1518 "Amo

339 1552 576 1626 σχῶμεν
635 1553 743 1620 τὰς
796 1553 1067 1622 καρδίας.
1109 1548 1246 1608 Εἶτα
1285 1553 1339 1606 τί
1378 1553 1518 1624 πρὸς
1555 1554 1731 1608 ταῦτα
1782 1555 1944 1624 ἡμεῖς

337 1644 771 1716 ἀποκρινόμεθα
798 1659 814 1708 ;
861 1645 1126 1714 Ἕχομεν
1161 1643 1311 1713 πρὸς
1340 1643 1450 1699 τὸν
1492 1640 1732 1715 Κύριοι·.
1761 1647 1828 1699 Τί
1859 1647 1946 1699 λέ-

335 1755 506 1808 γειςς
541 1738 595 1792 τί
645 1739 859 1804 ποιεῖς;
899 1736 959 1790 Ὁ
990 1736 1119 1802 νοῦς
1153 1737 1296 1809 πρὸς
1349 1737 1419 1792 τὰ
1469 1737 1692 1810 φθαρτὰ
1741 1739 1837 1794 καὶ
1873 1739 1943 1793 τὰ

1577 331 1865 394 ORATIO
1907 336 2006 397 DE
2047 339 2108 399 S.
2151 339 2453 403 SYNAXI.

346 440 614 510 αὐχένας,
650 438 958 510 κλείσωμεν
984 437 1082 510 τὴν
1103 438 1346 494 διάνοιαν
1378 439 1425 510 (l
1444 439 1510 512 l),
1529 440 1834 514 κλείσωμεν
1854 443 1940 516 τὴη

2057 447 2458 504 elevationem.

3539 346 3648 410 838

2542 449 2885 508 lnelinemus
2951 453 3218 509 cervices.
3277 451 3648 512 Occludamus

2057 540 2472 612 cogitationes,
2546 544 2912 599 occludamus
2975 543 3245 615 linguam.
3310 545 3648 618 lmpleamus

2057 642 2332 699 mentem;
2361 643 2417 688 at
2465 635 2668 690 cmlum
2702 636 3094 691 ascendamus.
3124 636 3360 693 Sursum
3397 639 3648 696 levemus

2055 725 2306 780 animum
2347 736 2404 781 et
2449 728 2638 782 corda.
2677 727 2883 784 Oculos
2902 728 3103 784 animae
3131 728 3200 783 ad
3243 729 3419 785 Deum
3465 734 3646 787 extol-

2053 815 2256 871 lamus.
2309 818 2682 876 Transeamus
2725 821 2949 887 coelum,
3009 831 3360 878 transeamus
3392 825 3648 895 angelos.

2055 906 2427 966 Transeamus
2447 909 2776 980 Cherubim,
2810 926 2865 970 et
2889 915 2956 969 ad
2987 917 3184 985 ipsum
3227 917 3446 972 Domini
3499 919 3649 973 thro-

2050 1017 2188 1056 num
2216 1017 2595 1060 aeeurramus.
2618 1007 2774 1076 Ipsos
2801 1007 3009 1064 Christi
3059 1010 3446 1065 immaculatos
3469 1012 3646 1081 pedes

2054 1097 2574 1166 apprehendamus:
2626 1101 2935 1170 ploremus,
3005 1111 3061 1157 et
3111 1103 3287 1173 ipsius
3337 1105 3649 1160 misericor-

2052 1188 2201 1242 diam
2227 1193 2385 1259 quasi
2417 1207 2700 1262 cogamus.
2725 1193 3109 1251 Conﬁteamur
3162 1198 3217 1252 in
3281 1206 3499 1264 sancto,
3531 1214 3648 1254 etn-

2049 1277 2176 1334 lesti
2217 1289 2274 1336 et
2299 1281 2662 1338 intellectuali
2687 1284 2839 1340 illius
2867 1286 3046 1342 altari.

2121 1459 2285 1532 555
2325 1459 2452 1516 Haec
2492 1463 2650 1518 vobis
2689 1463 3000 1528 denuntiat,
3038 1464 3156 1520 hmo
3189 1480 3288 1521 vos
3331 1465 3642 1522 obtestatur

2049 1550 2336 1614 sacerdos,
2374 1566 2498 1606 cum
2549 1553 2625 1606 ait
2678 1571 2692 1606 :
2743 1552 2966 1608 Sursum
3007 1556 3312 1612 habeamus
3355 1560 3537 1612 corda.
3575 1559 3643 1614 Et

2049 1640 2181 1710 quid
2215 1641 2282 1695 ad
2317 1643 2432 1698 hmo
2466 1660 2566 1700 nos
2594 1646 3027 1714 respondemus?
3053 1648 3321 1703 Habemus
3355 1650 3426 1704 ad
3454 1649 3641 1706 Domi-

2049 1747 2201 1786 num.
2233 1732 2376 1800 Quid
2416 1734 2532 1788 ais?
2564 1735 2696 1804 quid
2731 1737 2880 1806 agis?
2917 1737 3068 1792 Mens
3101 1737 3170 1792 ad
3205 1738 3410 1794 caduca
3442 1739 3559 1794 haec
3587 1751 3644 1794 et

335 1829 667 1902 πρόσκαιρα
695 1826 1110 1900 μετεωρίζεται·
1143 1827 1402 1900 καὶπρὸς
1431 1829 1710 1900 σχήματα,
1735 1831 1828 1884 καὶ
1849 1833 1940 1884 οὐ-

2048 1825 2303 1879 mortalia
2331 1842 2596 1896 suspensa
2625 1827 2818 1893 lueret,
2844 1831 3235 1899 pecuniisque,
3263 1839 3326 1886 et
3340 1833 3562 1902 opibus,
3586 1842 3646 1890 et

337 1923 494 1988 σίας,
531 1922 626 1977 καὶ
657 1921 874 1993 ἡδονὰς,
907 1921 1005 1974 καὶ
1047 1921 1204 1985 δίκας
1237 1921 1572 1992 ἀσχολεῖται·
1611 1923 1709 1976 καὶ⁴
1737 1922 1936 1992 λέγεις·

337 2014 502 2085 νΕχώ
534 2014 671 2082 πρὸς
693 2012 786 2064 τὸν
819 2011 1056 2082 Κύριονς
1088 2011 1348 2082 πρόσεχε,
1385 2011 1712 2083 παρακαλῶ,
1743 2015 1941 2085 μήπως

332 2106 448 2158 οὐκ
476 2104 626 2175 ἔχοις
653 2103 766 2158 ἄνω
790 2099 880 2156 τὸν
903 2101 1030 2157 νοῦν
1063 2102 1200 2174 πρὸς
1227 2102 1319 2156 τὸν
1348 2105 1578 2176 Κύριον,
1612 2105 1754 2160 ἀλλὰ
1787 2108 1942 2160 κάτω

334 2196 488 2268 προς
517 2195 610 2249 τὸν
639 2193 910 2249 διάϐολον.
951 2193 1020 2248 Τί
1069 2197 1280 2261 ποιεῖς,
1329 2194 1617 2266 ἄνθρωπε;
1663 2197 1720 2252 ’0
1759 2199 1942 2268 ἱερεὺς

332 2293 444 2361 τὴν
477 2288 826 2360 ἀναίμακτον
865 2287 1060 2342 θυσίαν
1089 2287 1230 2361 ὑπὲρ
1263 2287 1360 2342 σοῦ
1403 2289 1708 2362 προσφέρει
1733 2290 1811 2362 τῷ
1837 2295 1940 2344 Δε-

343 2383 544 2454 σπὸτῃ.
594 2380 690 2436 καὶ
742 2381 808 2434 σὺ
863 2383 1276 2452 καταφρονείς;
1319 2381 1378 2435 ’0
1424 2381 1606 2452 ἱερεὺς
1655 2382 1796 2456 ὑπὲρ
1845 2383 1938 2438 σοῦ

347 2474 701 2543 ἀγωνίζεται·
748 2471 827 2538 ὡς
877 2474 936 2526 ἐν
985 2473 1330 2544 δικαστηρίῳ
1379 2473 1601 2544 φοϐερῷ
1651 2475 1828 2540 οὕτως
1860 2475 1940 2548 τῷ

353 2565 724 2638 θυσιαστηρίῳ
751 2564 1183 2636 παριστάμενος,
1216 2562 1531 2636 παρακαλεί
1552 2567 1648 2620 καὶ
1675 2567 1942 2620 ἐπισπεύ-

355 2657 459 2722 δει,
493 2657 694 2710 ἄνωθεν
716 2655 816 2728 τὴν
835 2656 1002 2728 χάριν
1037 2655 1130 2709 τοῦ
1163 2655 1324 2724 ἁγίου
1359 2655 1680 2726 Πνεύματός
1707 2673 1790 2710 σοι
1819 2657 1942 2710 ἑπι-

357 2749 628 2821 φοιτῆσαι,
657 2749 750 2804 καὶ
776 2749 841 2802 σὺ
873 2746 1016 2820 ὑπὲρ
1039 2748 1140 2820 τῆς
1160 2747 1360 2801 ἑαυτοῦ
1381 2744 1750 2820 σωτηρίαςότῦ
1781 2766 1940 2820 φρον-

349 2842 558 2910 τίζεις;
591 2841 705 2913 Μὴ,
737 2840 1063 2913 παρακαλῶ.
1095 2839 1444 2911 Κατάλειψον
1473 2841 1684 2912 ταύτην
1708 2841 1806 2914 τὴν
1839 2859 1939 2898 πο-

346 2935 522 3006 νηρὰν
589 2935 683 2989 καὶ
721 2934 962 3006 ματαίαν
999 2932 1314 3005 συνήθειαν,
1347 2932 1662 3006 συμδὸησον
1692 2933 1780 3005 τῷ-
1804 2935 1942 3006 ἱερεῖ

345 3027 490 3097 ὑπὲρ
542 3027 637 3082 σοῦ
693 3025 1132 3098 ἀγωνιζομένῳ,
1191 3026 1568 3095 συγκοπίασον
1602 3025 1754 3098 αὐτῷ
1795 3026 1938 3098 ὑπὲρ

342 3122 444 3176 σοῦ
483 3121 927 3192 προσευχομένῳ.
978 3118 1193 3183 Ἐπίδος
1244 3117 1472 3174 σεαυτὸν
1509 3120 1650 3192 ὑπὲρ
1699 3120 1800 3190 τῆς
1836 3121 1934 3192 σῆς

2044 1917 2451 1986 voluptatibus,
2480 1926 2536 1972 et
2565 1919 2759 1974 litibus
2789 1919 3110 1974 forensibus
3138 1932 3326 1989 vacat;
3365 1931 3424 1978 et
3453 1923 3595 1980 dicis
3626 1944 3641 1979 :

2044 2007 2232 2063 Ilabeo
2281 2010 2346 2064 ad
2396 2010 2730 2065 Dominum?
2771 2012 3031 2079 Attende,
3070 2029 3193 2079 oro,
3228 2029 3299 2069 ne
3339 2013 3483 2071 forte
3530 2031 3642 2072 non

2045 2099 2253 2156 habeas
2289 2117 2508 2156 sursum
2547 2119 2644 2158 cor
2675 2103 2743 2158 ad
2780 2104 3104 2170 Dominum,
3145 2105 3241 2160 sed
3277 2106 3538 2163 deorsum
3574 2109 3642 2164 ad

2041 2194 2353 2250 diabolum.
2389 2194 2532 2262 Quid
2575 2195 2734 2261 facis,
2761 2196 2960 2250 homo?
3003 2197 3277 2252 Sacerdos
3315 2214 3416 2268 pro
3457 2207 3509 2255 te
3552 2201 3641 2255 in-

2043 2294 2336 2340 cruentum
2367 2286 2702 2341 sacrificium
2734 2287 2970 2342 Domino
2998 2287 3186 2354 oll‘ert,
3217 2297 3274 2344 et
3303 2297 3360 2345 tu
3393 2299 3640 2347 contem-

2041 2375 2161 2430 nis?
2193 2375 2467 2432 Sacerdos
2497 2393 2598 2446 pro
2625 2386 2677 2432 te
2704 2388 2932 2450 pugnat,
2957 2379 3140 2446 altari,
3163 2382 3320 2452 quasi
3349 2385 3640 2439 tremendo

2043 2467 2335 2534 tribunali,
2370 2473 2682 2539 assistens;
2716 2473 2884 2527 instat
2923 2483 2980 2529 et
3020 2483 3182 2546 urget
3210 2483 3271 2530 ut
3314 2477 3533 2547 superis
3571 2481 3640 2533 ab

2041 2561 2158 2616 oris
2202 2561 2378 2632 gratia
2427 2565 2604 2618 sancti
2653 2561 2896 2633 Spiritus
2941 2563 3040 2618 tibi
3082 2563 3440 2632 demittatur;
3489 2576 3546 2622 et
3589 2579 3639 2624 te

2043 2652 2239 2709 salutis
2274 2663 2380 2709 tuae
2408 2655 2562 2708 nulla
2592 2670 2727 2710 cura
2758 2655 2966 2725 tangit?
2988 2656 3108 2710 Non
3140 2656 3212 2712 ita
3239 2673 3388 2728 agas,
3415 2677 3638 2716 moneo.

2039 2742 2252 2798 Abdica
2282 2759 2313 2798 a
2343 2753 2397 2799 te
2424 2744 2569 2800 hanc
2601 2745 2799 2800 malam
2832 2754 2888 2800 et
2914 2761 3116 2800 vanam
3149 2751 3639 2806 consuetudinem.

2039 2835 2216 2906 Junge
2247 2837 2548 2892 clamorem
2582 2843 2737 2892 tuum
2767 2853 2891 2892 cum
2921 2840 3213 2896 sacerdote
3241 2857 3341 2912 pro
3369 2851 3423 2896 te
3447 2844 3638 2900 decor.

2041 2934 2226 2994 tante;
2259 2928 2430 2999 junge
2465 2928 2711 2984 laborem
2751 2937 2906 2984 tuum
2941 2947 3067 2986 cum
3105 2934 3397 2991 sacerdote
3442 2953 3544 3006 pro
3585 2946 3638 2992 te

2041 3014 2398 3085 deprecante.
2441 3017 2520 3072 Da
2569 3019 2803 3089 teipsum
2851 3035 2952 3089 pro
2993 3029 3083 3076 tua
3131 3023 3307 3079 salute
3349 3044 3364 3080 :
3411 3026 3637 3082 Multum

2038 3106 2182 3162 valet
2227 3107 2530 3180 deprecatio
2569 3111 2708 3181 justi
2755 3112 2976 3166 assidua
3025 3122 3073 3166 et
3121 3116 3392 3184 efficax”.
3436 3118 3638 3174 Eﬂicax

340 3185 646 3284 σωτηρίας·
680 3185 850 3266 iion
877 3185 1092 3282 :lo'xus't
1141 3209 1355 3280 δέησις
1383 3185 1929 3282 δικαίουῠένεργοιι-

2047 3200 2168 3266 erit,
2202 3199 2247 3255 si
2287 3209 2343 3256 et
2379 3211 2434 3258 tu
2478 3219 2604 3256 cum
2649 3205 2942 3260 sacerdote
2981 3215 3172 3275 partes
3213 3217 3338 3264 tuas
3377 3213 3636 3281 capulos,

329 3301 520 3374 μένη.
564 3303 905 3375 Ἐνεργεῖται
949 3302 1029 3370 δὲ,
1075 3301 1170 3356 ἐὰν
1223 3302 1317 3355 καὶ⁸
1364 3300 1428 3354 σὺ
1471 3301 1824 3374 συναγωνίσῃ
1854 3299 1933 3375 τῷ

335 3393 503 3465 ἱερεῖ,
553 3393 653 3448 καὶ
689 3395 818 3457 τοὺς
849 3393 948 3464 τῆς
1003 3393 1297 3464 μετανοίας
1347 3391 1590 3464 ἐπιδείξῃ
1644 3393 1932 3466 καρπούς·

331 3486 466 3540 ἐπεὶ
493 3484 580 3552 εἷς
615 3484 968 3556 οἰκοδομῶν,
1007 3485 1106 3539 καί
1155 3479 1244 3552 εἷς
1271 3485 1591 3538 καταλύων
1614 3485 1671 3540 τί
1699 3485 1934 3556 ὠφέλη-

328 3591 484 3644 σαν,
522 3577 660 3631 ἀλλ’
685 3575 724 3645 ἢ
766 3577 994 3643 κόπους
1009 3593 1030 3642 ;
1062 3575 1202 3630 Ποία
1245 3575 1356 3646 γὰρ
1416 3575 1516 3628 οὐκ
1562 3573 1678 3628 ἔστι
1726 3577 1933 3648 ταύτης

327 3667 446 3739 τῆς
483 3668 836 3733 καταλύσεως
857 3679 898 3708 ω
937 3669 1203 3740 δεινότης,
1235 3669 1296 3721 τὸ
1334 3666 1409 3739 μὴ
1441 3666 1604 3738 μόνον
1636 3667 1934 3750 ψεύδεσθαι

325 3761 424 3833 τῷ
474 3761 700 3834 Χριστῷ
745 3763 867 3816 κατ’
904 3762 1129 3833 ἐκείνην
1175 3762 1274 3833 τὴν
1337 3760 1580 3832 φοϐερὰν
1631 3759 1783 3832 ὥραν
1833 3762 1935 3834 τῆς

327 3853 848 3920 θείαςδΣυνάξεως,
899 3853 1038 3907 ἀλλὰ
1082 3853 1181 3907 καὶ
1238 3854 1355 3916 τοῖς
1416 3850 1630 3907 ἑαυτῶν
1683 3851 1934 3926 ἀδελφοῖς

331 3949 750 4018 μνησικακεῖν,
793 3945 1000 4016 καίπερ
1045 3944 1277 4014 λέγοντα
1324 3945 1382 3996 ὲν
1429 3945 1496 4014 τῇ
1527 3946 1806 4014 προσευχῇ
1847 3945 1929 4008 τὸ,

329 4037 454 4092 Καὶ
477 4037 628 4106 ἄφες
651 4037 799 4106 ἡμῖν
818 4037 890 4092 τὰ
908 4035 1286 4108 ὀφειλήματα
1307 4034 1500 4106 ἡμῶν,
1523 4036 1597 4102 ὡς
1630 4039 1728 4093 καί
1759 4038 1933 4110 ἡμεῖς

326 4128 596 4200 ἀφίεμεν
636 4129 762 4194 τοῖς
799 4129 1142 4198 ὀφειλέταις
1167 4126 1358 4198 mulir;

417 4265 460 4297 “
482 4265 599 4323 Jac.
621 4282 678 4332 γ,
704 4264 792 4320 16.
871 4263 912 4294 ¹¹
936 4263 1112 4319 Eecli.
1132 4279 1314 4332 xxxiv,
1335 4264 1428 4322 ‘28.
1509 4265 1550 4297 ¹¹
1571 4265 1766 4321 Matth.
1790 4283 1864 4332 vt,
1888 4265 1974 4320 1⁸2.

2036 3291 2368 3364 fructusque
2401 3296 2743 3364 paenitentiae
2768 3297 3146 3366 demonstres;
3173 3301 3304 3371 quia
3336 3320 3470 3358 unus
3500 3304 3634 3358 tedi-

2039 3383 2240 3454 ﬁcans,
2285 3395 2334 3440 et
2376 3403 2514 3440 unus
2563 3388 2870 3454 destructis,
2911 3391 3039 3460 quid
3085 3393 3297 3462 prodest
3348 3394 3485 3462 illis,
3535 3399 3634 3452 nisi

2043 3477 2195 3533 labor
2217 3478 2294 3532 “?
2321 3478 2496 3547 Quam
2525 3481 2708 3551 gravis
2735 3482 2882 3536 enim
2915 3482 3034 3538 haec
3059 3483 3390 3554 destructio,
3413 3489 3633 3558 quando

2039 3586 2152 3625 non
2183 3571 2362 3626 solum
2401 3571 2688 3625 tremenda
2725 3571 2820 3628 illa
2851 3573 3054 3628 divina:
3084 3591 3355 3648 synaxeos
3385 3591 3442 3634 et
3472 3580 3632 3635 litur-

2041 3661 2144 3731 gize
2182 3659 2321 3717 hora
2364 3663 2480 3716 Deo
2523 3663 2811 3728 mentiris;
2859 3665 2954 3720 sed
2999 3673 3056 3720 et
3101 3668 3290 3722 odium
3334 3669 3393 3725 in
3436 3669 3632 3727 fratres

2040 3769 2256 3809 memor
2301 3753 2630 3825 injuriarum
2681 3755 2918 3822 retines;
2972 3742 3230 3828 quamvis
3277 3761 3333 3815 in
3383 3763 3630 3842 oratione

2039 3845 2176 3901 illud
2223 3845 2554 3917 pronunties
2600 3863 2614 3900 :
2659 3847 2729 3901 Et
2768 3849 2976 3902 dimitte
3023 3851 3169 3906 nobis
3210 3853 3385 3909 debita
3425 3865 3630 3923 nostra,

2034 3940 2170 3993 sicut
2199 3947 2248 3993 et
2277 3955 2370 3994 nos
2399 3939 2720 3994 dimittimus
2751 3941 3068 3998 debitoribus
3101 3946 3292 4000 nostris
3316 3947 3382 4001 η.

1657 4379 1896 4436 ἾΑΒΙᾹΞ
1936 4378 2341 4435 LECTIONES.

422 4469 442 4512 ι
466 4471 604 4528 Can.
629 4471 730 4543 τὴν
761 4469 1024 4526 διάνοιαν.
1101 4477 1141 4507 ω
1163 4467 1439 4538 Combet‘.;
1470 4468 1601 4525 ποία
1631 4471 1740 4542 γὰρ
1767 4473 1884 4526 ἐστι
1919 4470 2119 4544 χείρων
2145 4469 2348 4541 ταύτης
2375 4468 2477 4542 τῆς
2509 4471 2883 4538 καταλύσεως.

330 4683 492 4742 cium
515 4681 554 4762 l.
579 4693 740 4762 tv,_p.
765 4678 902 4762 Ml:
930 4671 1075 4762 Ιξῦρε
1091 4677 1184 4762 τὸν
1206 4678 1402 4762 Πάπαν
1437 4675 1660 4762 ’ξώμης
1679 4591 2118 4762 ἀναιρεῗὲ
2159 4677 2716 4762 aniitii_§ogitatibtis
2759 4677 3171 4762 abstractionis,
3227 4683 3332 4739 sub
3387 4691 3630 4762 trem_en-_

336 4770 507 4827 μενον
537 4754 595 4804 ὲν
615 4753 680 4820 τῇ
711 4750 922 4827 μεγάλῃ
953 4749 1255 4827 ἐκκλησία·
1285 4749 1496 4827 1η-ειεῃὶε
1527 4749 1728 4827 pupum
1753 4749 1936 4827 Roma:

333 4819 699 4879 ἐειεὺναιιιειιι
713 4819 782 4874 in
807 4819 1010 4890 magna
1040 4819 1286 4874 ecclesia.
1335 4820 1464 4875 Fuit
1485 4819 1714 4890 quidem
1754 4821 1937 4876 eleva-

335 4895 428 4950 tio
451 4894 570 4974 ﬁeri
594 4891 758 4946 solita
778 4893 927 4972 apud
969 4891 1220 4974 ‘Grrecos,
1250 4906 1376 4974 cum
1407 4891 1648 4974 populus
1667 4891 1934 4974 invitare-

335 4977 438 5022 tur
462 4963 528 5019 ad
557 4961 1106 5026 connnunicandum,
1137 4970 1262 5031 post
1301 4961 1619 5016 Orationem
1682 4961 1936 5016 Domini-

333 5051 498 5100 eam;
520 5033 616 5088 sed
640 5033 995 5102 fuitprorsus
1017 5033 1238 5087 diversa
1263 5031 1450 5102 abiilla
1485 5048 1652 5102 quam
1689 5031 1936 5088 indicare

333 5105 526 5163 voluit
545 5101 876 5159 Turrianus.
914 5103 1168 5173 Denique
1195 5101 1566 5174 Combeﬁsius
1603 5104 1722 5174 ipse
1767 5103 1940 5158 vertit

335 5175 663 5257 ἀναφοράν,
701 5191 803 5245 per
843 5174 1210 5256 oblationem.
1255 5173 1802 5257 addiuiinastasius
1854 5174 1929 5230 in'

337 5243 544 5305 clinari
575 5243 786 5302 debere
815 5245 1090 5307 cervices,
1112 5259 1236 5298 eum
1265 5247 1323 5297 tit
1359 5243 1600 5311 oblatio;
1648 5245 1718 5299 de
1760 5260 1938 5314 genu-

339 5319 588 5374 ﬂexione
608 5333 681 5373 ne
700 5316 934 5372 verbum
958 5315 1207 5384 quidem.
1257 5315 1412 5369 Hanc
1455 5315 1661 5384 capitis
1701 5315 1942 5370 inclina-

339 5391 559 5444 tionem
587 5389 735 5460 apud
767 5402 883 5460 eos
893 5387 1114 5442 solitam
1147 5384 1326 5441 Graeci
1375 5387 1726 5442 recentiores
1769 5388 1940 5456 μετάτ

335 5473 498 5516 νοιαν
524 5458 830 5531 appellant.
852 5458 1014 5531 Basu.

420 5525 916 5604 (Ηλϊξλείσωμεν
964 5527 1081 5594 τὴν
1113 5525 1416 5604 διάνοιαν.
1450 5526 1942 5604 Alltldi't_Anas._ta-

339 5598 469 5658 sitis
491 5598 560 5657 ad
589 5617 655 5656 ea
682 5615 806 5670 qua:
833 5599 1185 5670 liuntstatim
1226 5605 1352 5670 post
1380 5613 1444 5652 ea
1472 5598 1695 5653 diaconi
1741 5599 1936 5670 verba,

337 5671 584 5744 quando
605 5669 1135 5744 sacerdosobdueto
1176 5670 1298 5724 velo
1329 5669 1473 5723 intra
1509 5670 1642 5744 illud.
1666 5669 1938 5744 secretius

339 5740 634 5806 oraturus,
661 5757 730 5798 ac
765 5742 1012 5796 divinam
1065 5755 1183 5794 rem
1216 5749 1547 5810 peracturus
1586 5740 1930 5810 ingreditur;

340 5822 410 5870 ιιι
441 5815 517 5871 sit
539 5815 676 5872 illud
710 5813 1020 5889 symbolum
1045 5811 1263 5867 eximite
1279 5811 1568 5882 cujusdam
1611 5827 1642 5866 a
1678 5812 1934 5868 sensibus

2053 4750 2178 4804 dam
2215 4750 2718 4826 sac_riiicii_horam,
2741 4752 2963 4820 quando
2979 4755 3095 4808 sola
3114 4763 3298 4826 mente
3323 4769 3392 4826 ac,
3414 4759 3626 4826 purinri

2043 4830 2201 4890 parte
2227 4821 2399 4876 animi
2427 4820 2582 4892 adire.
2600 4829 2821 4891 oportet
2853 4820 3626 4892 supercmlesteillud-altare,

2042 4908 2154 4961 quo
2187 4892 2412 4966 victinm
2435 4890 2692 4966 Christus
2713 4892 2867 4966 Patri
2901 4890 3132 4966 aeterno
3163 4893 3413 4966 offertur.
3450 4896 3520 4951 Ut
3545 4899 3628 4953 sic

2042 4963 2292 5034 exposita
2326 4961 2770 5034 hmcLAnastasii,
2800 4963 2996 5034 lector,
3045 4961 3270 5028 habeas,
3318 4965 3489 5020 debes
3519 4967 3630 5021 Eu-

2043 5029 2240 5104 cologii
2280 5048 2368 5104 ac
2439 5029 2756 5104 Graecorum
2827 5033 3092 5089 Ecclesia:
3173 5037 3627 5091 caeremoniarum

2043 5102 2248 5174 insigni
2276 5102 2623 5174 illustratori,
2647 5117 2773 5156 meo
2801 5104 3323 5174 COIIC§§£P.C0!BEFIS

2119 5173 2230 5257 (i2)
2254 5173 2680 5257 Hrepcbowper.
2821 5189 2927 5228 vox
2949 5173 3165 5257 ’op-time
3195 5177 3450 5247 congruit
3482 5179 3627 5257 aliis,

2045 5244 2250 5317 quibus
2293 5245 2364 5300 ad
2398 5260 2691 5317 ascensum
2725 5244 2880 5299 illum
2915 5261 2971 5298 ιιι
2993 5244 3192 5317 ’Βοιιῐιι
3237 5244 3529 5317 provocat.
3560 5252 3632 5305 At

2045 5314 2149 5391 nec
2170 5316 2348 5391 altera
2381 5314 2662 5391 displicet,
2714 5331 2836 5386 quze
2862 5326 2946 5391 εει
2973 5316 3162 5391 editis,
3203 5314 3587 5391 πληρώσωμεν
3612 5363 3626 5384 ,

2045 5387 2394 5461 impleamus,
2425 5395 2488 5461 ut
2516 5385 2659 5461 forte
2675 5385 2937 5461 reSpieia.
2983 5387 3145 5461 illud,
3183 5385 3332 5461 quod
3369 5385 3500 5461 post
3527 5407 3633 5446 an-

2046 5459 2283 5528 gelicum
2316 5457 2596 5528 canticum
2628 5457 2871 5528 habetur
2898 5457 2953 5512 in
3001 5457 3250 5527 Liturgia
3271 5457 3484 5525 Jacobi,
3519 5471 3576 5516 et
3599 5477 3630 5516 a

2047 5527 2160 5598 quo
2193 5527 2793 5598 ponitAmphilocbius
2831 5528 3123 5586 inchoasse
3149 5530 3412 5586 Basilium
3445 5532 3630 5586 Litur-

2049 5600 2220 5670 giam,
2248 5613 2522 5671 cum‘eam
2558 5599 2906 5671 composuit_:
2946 5599 3296 5671 Πληρωθὴτω
3337 5605 3400 5656 τὸ
3452 5603 3629 5670 στόμα

2049 5667 2152 5739 μου
2184 5667 2444 5742 αἰνέσεώς
2477 5685 2594 5734 σου,
2626 5667 2795 5740 Κῦριε
2817 5685 2830 5700 ·
2855 5667 3155 5742 Iuipleutur
3179 5667 3234 5726 os
3273 5689 3446 5728 meum
3479 5667 3634 5728 laude

2045 5750 2161 5810 tua,
2186 5740 2430 5809 Domine,
2457 5750 2560 5794 etc.
2597 5743 2882 5802 (Issaeans.
