4056 6476
439 364 546 428 839

1651 364 1714 423 S.
1753 362 2158 424 ANASTASII
2198 363 2529 426 SINAIT£

3629 363 3735 428 840

514 479 659 546 Quid
717 481 821 546 ais,
857 480 1060 536 homo?
1111 496 1211 534 cur
1263 479 1406 536 adeo
1459 479 1726 536 audacter
1775 478 2044 535 adversus

2221 478 2286 532 Τί
2321 479 2524 548 λέγεις,
2561 479 2820 552 ἄνθρωπε
2849 478 2939 543 ςτί
2973 479 3266 550 τολμηρῶς
3302 477 3445 532 κατὰ
3476 473 3567 530 τοῦ
3597 474 3738 530 Θεοῦ

443 571 616 626 Deum
670 570 994 626 insolescis?
1042 571 1304 626 Memoria
1355 570 1659 635 malorum,
1697 585 1822 640 qua:
1871 569 2040 624 frater

442 663 545 719 tibi
577 664 790 728 intulit,
819 663 968 734 apud
995 672 1048 719 te
1072 663 1221 734 viget
1249 680 1262 716 :
1291 678 1480 718 ensem
1513 663 1568 717 in
1601 662 1757 716 illum
1785 662 2040 724 cxacuis:

441 755 608 812 dolos
644 756 725 811 illi
761 757 1136 820 machinaris;
1170 765 1227 812 et
1257 756 1363 811 hoc
1391 755 1770 826 perniciosum
1797 755 1952 810 virus
1985 755 2042 810 in

440 849 610 904 corde
637 857 736 904 tuo
763 848 1126 915 circumfers;
1161 848 1383 902 interim
1417 856 1599 902 tamen
1635 847 1701 900 ad
1731 849 1900 902 Deum
1933 847 2046 900 cla-

440 957 561 997 mas
587 959 602 996 :
629 941 859 997 Dimitte
889 941 1024 995 mihi
1053 941 1239 996 debita
1270 956 1414 1004 mea,
1445 941 1589 994 sicut
1612 948 1667 994 et
1695 954 1795 1008 ego
1823 938 2044 993 dimitto

442 1033 684 1088 debitori
715 1019 1169 1088 meo.'Venistine
1210 1039 1270 1085 ut
1301 1032 1354 1084 in
1387 1031 1484 1084 Dei
1517 1031 1753 1086 ecclesia
1787 1046 2042 1100 precare-

443 1123 544 1188 ris,
573 1137 643 1176 an
679 1129 741 1176 ut
773 1122 1043 1176 mentircr
1067 1121 1128 1174 s?
1159 1135 1230 1173 an
1265 1127 1326 1173 ut
1357 1121 1592 1191 gratiam
1633 1120 1938 1189 reciperes,
1973 1136 2041 1172 an

444 1225 507 1270 ut
542 1217 680 1270 iram
720 1231 817 1270 seu
856 1214 1162 1268 vindictam
1206 1213 1308 1267 tibi
1351 1213 1702 1268 accerseres?
1748 1221 1808 1266 ut
1844 1212 2045 1267 remis-

443 1310 657 1366 sionem
703 1319 1061 1378 peccatorum
1106 1305 1461 1375 impetrares,
1493 1321 1560 1360 an
1605 1304 2045 1360 additamentum

442 1418 736 1475 pmnarum
783 1417 908 1472 quae
943 1401 1052 1456 tuis
1086 1401 1333 1472 peccatis
1369 1400 1608 1455 debitae?
1636 1399 1845 1455 Venisti
1882 1397 2046 1453 deni-

441 1511 550 1565 que
581 1501 642 1549 ut
668 1495 904 1550 salutem
935 1495 1240 1564 acciperes,
1265 1509 1336 1547 an
1362 1505 1423 1548 ut
1448 1491 1826 1562 supplicium?
1852 1491 2047 1546 Nonne

441 1587 602 1642 vides
653 1586 802 1657 quod
846 1586 950 1640 sub
992 1585 1146 1640 illam
1192 1583 1538 1638 tremendam
1581 1583 1776 1638 horam
1818 1592 2050 1654 propter

441 1679 554 1736 hoc
582 1679 763 1750 ipsum
792 1693 896 1734 nos
922 1687 1123 1733 mutuo
1153 1677 1209 1732 in
1242 1676 1434 1732 osculo
1459 1677 1616 1747 pacis
1644 1676 2044 1751 amplexamur,

445 1782 506 1829 ut
540 1773 692 1829 omni
731 1771 1075 1844 colligatione
1116 1771 1410 1842 impietatis
1437 1769 1499 1834 ",
1533 1777 1591 1823 et
1622 1767 1810 1823 cordis
1842 1767 2047 1832 duritie

439 1867 684 1938 abiecta.
715 1881 859 1937 puro
892 1864 1064 1919 corde
1097 1863 1164 1918 ad
1199 1863 1497 1918 Dominum
1536 1860 1904 1916 accedamus?

515 1960 560 2014 0
597 1959 786 2020 homo,
819 1957 954 2027 quid
1001 1955 1154 2026 agis?
1200 1955 1334 2010 dum
1385 1953 1566 2024 angeli
1615 1962 1824 2009 sanctae
1865 1953 2048 2009 Missae

443 2051 624 2108 ofﬁcio
658 2049 1010 2112 ministrant,
1038 2048 1134 2104 sed
1165 2048 1271 2102 alis
1298 2047 1552 2102 volantes
1586 2062 1799 2103 sacram
1836 2056 1894 2102 et
1923 2062 2046 2118 my-

441 2145 638 2200 sticam
677 2157 926 2197 mensam
967 2141 1250 2205 obvclant,
1281 2139 1414 2194 dum
1454 2139 1764 2196 Cherubini
1803 2140 2047 2194 circum-

443 2243 613 2299 Stant,
648 2245 708 2288 et
753 2232 990 2303 Trisagii
1039 2232 1304 2302 hymnum
1349 2233 1497 2286 clara
1537 2246 1676 2288 voce
1720 2232 2044 2296 concinunt,

443 2326 737 2397 Seraphin:
777 2340 903 2379 cum
939 2323 1108 2396 456
1142 2323 1457 2379 reverentia
1493 2339 1552 2379 se
1588 2325 1883 2390 inclinant,
1911 2323 2044 2380 dum

443 2419 692 2489 pontifex
732 2416 1175 2472 misericordiam
1209 2415 1309 2472 Dei
1347 2414 1446 2470 tibi
1483 2417 1882 2487 deprecatione
1913 2432 2046 2472 con-

441 2511 620 2575 ciliat,
653 2510 916 2564 omnibus
955 2509 1170 2562 interea
1212 2508 1416 2562 timore
1457 2517 1624 2578 atque
1663 2517 1908 2562 tremore
1945 2507 2046 2563 de-

443 2601 590 2666 fixis,
625 2601 758 2656 dum
809 2601 1000 2670 Agnus
1043 2599 1142 2654 Dei
1187 2600 1560 2665 sacrificatur,
1599 2599 1813 2671 Spiritu
1857 2609 2049 2656 sancto

442 2694 690 2765 desuper
739 2691 1204 2764 superveniente;
1259 2692 1390 2747 dum
1450 2693 1638 2764 angeli
1693 2693 2050 2749 invisibiliter

444 2799 669 2841 omnem
709 2785 978 2855 populum
1023 2784 1398 2848 circumeunt,
1430 2784 1792 2855 ﬁdeliumque
1834 2784 2050 2840 animos

443 2877 669 2948 signant
688 2883 746 2930 et
768 2874 1128 2940 describunt,
1152 2889 1265 2929 non
1294 2874 1682 2945 perhorrescis
1704 2877 1817 2946 (15)
1835 2874 2048 2944 animo,

443 2967 600 3040 quod
639 2966 907 3038 despicis,
933 2975 990 3022 et
1022 2965 1179 3022 .Iuda:
1219 2967 1472 3022 osculum
1509 2967 1666 3022 fratri
1705 2968 1894 3035 offers,
1922 2969 2050 3024 diu-

447 3072 782 3132 turnamque
806 3069 863 3115 et
886 3071 1140 3116 tenacem
1164 3059 1496 3130 injuriarum
1524 3060 1854 3115 memoriam
1882 3073 2050 3132 atque

447 3153 826 3224 perniciosum
856 3151 1136 3222 serpentis
1159 3167 1436 3206 venenum
1469 3168 1602 3224 erga
1632 3152 1860 3207 fratrem
1892 3161 2048 3206 tuum

450 3247 508 3302 in
553 3245 725 3302 corde
771 3254 870 3300 tuo
909 3243 1106 3298 intime
1151 3243 1482 3298 abscondis?
1521 3252 1578 3298 et
1622 3235 1678 3298 tu
1723 3243 2051 3299 abscondita

449 3336 642 3395 cordis
681 3335 1039 3409 cognoscenti
1085 3335 1230 3391 dicis
1273 3353 1287 3389 :
1335 3335 1562 3392 Dimitte
1609 3337 1771 3402 mihi,
1805 3336 1950 3391 sicut
1997 3347 2054 3392 et

452 3445 558 3502 ego
595 3430 820 3485 dimitto
861 3429 1020 3484 fratri
1065 3430 1228 3484 meo?
1265 3429 1530 3499 Nunquid
1574 3429 1697 3484 talis
1741 3438 1833 3485 tua
1875 3433 2054 3486 oratio

453 3523 762 3596 quidquam
795 3522 985 3578 differt
1015 3538 1046 3577 a
1084 3522 1228 3576 mala
1263 3521 1698 3592 imprecatione?
1735 3522 1870 3578 Ecce
1905 3521 2054 3593 quod

452 3615 620 3681 dicis,
650 3623 844 3670 contra
875 3615 1114 3684 teipsum
1145 3613 1288 3668 dicis
1318 3631 1332 3666 :
1363 3612 1422 3668 Si
1453 3613 1696 3678 dimitto,
1726 3613 1972 3681 dimitte;
2007 3615 2053 3670 si

453 3707 702 3778 ignosco,
729 3706 987 3776 ignosce;
1020 3705 1067 3760 si
1097 3705 1428 3774 compatior,
1456 3715 1808 3776 compatere;
1845 3705 1890 3759 si
1921 3705 2056 3760 reti-

452 3813 560 3854 neo
591 3799 865 3852 tenaciter
893 3797 1226 3868 injuriarum
1255 3797 1582 3852 memoriam
1615 3797 1886 3852 adversus
1917 3813 2054 3852 con-

453 3905 676 3948 servum
702 3906 916 3954 meum,
941 3900 999 3946 et
1025 3901 1083 3944 tu
1111 3889 1316 3955 retine;
1348 3889 1393 3944 si
1422 3891 1656 3955 irascor,
1683 3889 1924 3944 irascere
1953 3907 1965 3943 :
1994 3891 2054 3945 in

455 3999 566 4056 qua
593 3999 854 4040 mensura
885 3983 1107 4048 metior,
1131 3983 1190 4036 in
1225 3996 1288 4036 ea
1323 3981 1638 4036 remetiaris
1665 3981 1802 4036 mihi
1835 3999 1849 4036 :
1883 3983 1930 4036 si
1957 3998 2056 4054 per

455 4077 874 4134 simulationem
927 4074 1074 4146 fingo
1118 4090 1206 4130 me
1247 4073 1468 4130 veniam
1523 4073 1694 4140 dare,
1739 4076 1909 4130 etiam
1955 4093 2055 4146 per

457 4169 874 4226 simulationem
907 4165 1350 4221 misericordiam
1377 4167 1556 4221 fictam
1585 4182 1914 4237 consequar.
1940 4168 2056 4239 Ego

459 4269 656 4317 contra
703 4261 1126 4329 memetipsum,
1163 4273 1196 4313 ο
1241 4257 1497 4320 Domine,
1532 4259 1865 4314 sententiam
1910 4261 2053 4314 fero.

459 4352 664 4408 Audivi
705 4351 856 4406 enim
899 4349 1252 4404 tremendum
1297 4348 1528 4403 verbum
1575 4357 1730 4404 tuum
1780 4367 1794 4403 :
1839 4350 1905 4406 In
1948 4369 2056 4423 qua

460 4461 714 4500 mensura
755 4445 924 4498 mensi
967 4443 1196 4514 fueritis,
1229 4443 1538 4496 remetietur
1571 4443 1710 4498 vobis
1736 4443 1798 4498 “.
1829 4444 1900 4499 Et
1937 4462 1950 4498 :
1995 4443 2054 4501 Si

2144 571 2443 646 νεανιεύῃ;
2492 574 2872 644 Μνησικακεῖς
2920 571 3065 625 κατά
3093 571 3189 626 τοῦ
3229 570 3465 639 ἀδελφοῦ
3503 587 3599 623 σου
3633 571 3743 641 μά-

2149 681 2350 735 χαιραν
2373 664 2529 736 αὐτῷ
2563 664 2802 728 ἀκονῶν,
2839 665 2936 719 καὶ
2983 665 3170 730 δόλους
3206 664 3330 718 κατ’
3359 663 3526 718 αὑτοῦ
3567 681 3743 718 κατα-

2149 756 2438 820 σκευάζων
2462 797 2476 816 ,
2510 757 2608 811 καὶ
2638 758 2731 811 τὸν
2760 757 3004 828 πονηρὸν
3058 758 3136 811 [tv
3197 759 3256 808 ἐν
3295 759 3360 828 τῇ
3412 757 3616 828 καρδία
3643 773 3741 810 σου

2149 850 2358 919 φέρων,
2391 851 2486 904 καὶ
2513 849 2644 920 βοᾷς
2672 851 2752 920 τῷ
2782 851 2924 922 Θεῷ’
2950 851 3124 920 Ἀφες
3157 867 3246 920 μοι
3274 849 3343 903 τὰ
3367 849 3741 919 ὀφειλήματα,

2146 943 2222 1006 ὠς
2264 941 2424 1010 κάγὼ
2453 943 2647 1013 ἀφῆκα
2686 943 2766 1014 τῷ
2803 943 3064 1018 ὀφειλέτῃ
3095 959 3239 1014 μου;
3273 940 3548 1007 Εὔξασθαι
3575 937 3744 1012 ἦλθες

2148 1036 2206 1087 ἐν
2238 1038 2304 1106 τῇ
2353 1035 2450 1088 τοῦ
2495 1034 2634 1088 Θεοῦ
2673 1035 2965 1108 ἐκκλησίᾳ,
3002 1037 3034 1108 ἢ
3066 1036 3410 1108 ψεύσασθαι;
3450 1039 3611 1106 χάριν
3642 1037 3741 1090 λα-

2148 1123 2283 1186 ϐεῖν,
2315 1123 2348 1195 ἢ
2383 1123 2554 1194 ὀργὴν
2582 1125 3024 1192 ἐπισπάσασθαι;
3047 1126 3243 1194 ἄφεσιν
3269 1127 3556 1196 ἁμαρτιῶν
3585 1127 3746 1197 ποιή-

2153 1215 2354 1269 σασθαι
2376 1256 2391 1280 ,
2428 1216 2460 1288 ἢ
2509 1215 2837 1288 προσθήκην
2874 1216 3400 1288 πλημμελημάτωνς
3461 1218 3744 1289 σωτηρίαν

2151 1307 2515 1380 κομίσασθαι,
2543 1309 2579 1380 ἢ
2628 1307 2890 1378 κόλασιν;
2943 1310 3056 1381 Οὐχ
3101 1311 3260 1382 δρᾷς,
3317 1310 3404 1363 ὅτι
3453 1309 3542 1362 διά
3584 1309 3744 1364 τοῦτο

2147 1391 2515 1473 ἀσπαζόμεθα
2551 1400 2823 1472 ἀλλήλους
2869 1401 2992 1456 κατ’
3043 1403 3262 1472 ἐκείνην
3305 1402 3407 1473 τὴν
3449 1397 3599 1472 ὥραν
3643 1401 3742 1472 τὴν

2149 1493 2415 1566 φοϐερὰν,
2446 1494 2534 1548 ἵνα
2569 1494 2751 1549 πάντα
2781 1492 3138 1563 σύνδεσμον
3169 1493 3410 1560 ἀδικίας
3441 1493 3540 1547 καὶ
3572 1493 3740 1565 σιλη-

2153 1585 2447 1658 ροκαρδίας
2479 1585 2742 1657 ῥίψαντες
2773 1587 2831 1640 ὲν
2871 1585 3096 1659 καθαρᾷ
3144 1585 3346 1658 καρδίᾳ
3385 1583 3465 1656 τῷ
3493 1587 3739 1658 Δεσπότῃ

2150 1679 2544 1751 προσέλθωμεν
2562 1693 2578 1745 ;

2220 1945 2287 2002 Τί
2345 1950 2522 2014 ποιεῖς
2543 1989 2560 2016 ,
2611 1947 2910 2022 ἇνθρωπες
2975 1950 3230 2023 ἀγγέλων
3281 1947 3740 2026 λειτουργούντων

2147 2041 2541 2113 ἑξαπτερύγων
2580 2041 2682 2116 τὴν
2708 2042 2980 2116 μυστικὴν
3007 2045 3293 2120 τράπεζαν
3327 2045 3741 2106 καλυπτόντων,

2147 2133 2258 2187 τῶν
2315 2133 2607 2207 Χερουϐὶμ
2656 2137 3109 2208 παρισταμένων,
3164 2137 3260 2190 καὶ
3313 2136 3407 2192 τὸν
3459 2135 3742 2210 τρισάγιον

2150 2224 2322 2294 ὕμνον
2385 2225 2620 2297 λαμπρᾷ
2675 2229 2741 2298 τῇ
2800 2230 2952 2300 φωνῇ
3016 2230 3412 2300 κεκραγότων,
3481 2230 3594 2283 τῶν
3643 2229 3734 2283 Es-

2153 2318 2332 2389 ραφὶμ
2362 2317 2481 2388 μετ’
2513 2317 2806 2383 εὐλαϐείας
2849 2319 3200 2390 κεκυφότων,
3230 2322 3326 2375 τοῦ
3373 2321 3684 2392 ἀρχιερέως
3712 2329 3742 2359 ³

2150 2409 2296 2480 ὑπὲρ
2343 2407 2438 2462 σοῦ
2481 2407 2904 2480 ἐξιλεουμένου,
2951 2411 3167 2466 πάντων
3203 2410 3354 2480 φόϐῳ
3405 2412 3500 2464 καὶ
3550 2411 3742 2481 τρόμῳ

2149 2499 2550 2571 διανοουμένων
2595 2507 2651 2562 ο,
2679 2500 2775 2554 τοῦ
2830 2499 3030 2568 Ἀμνοῦ
3063 2501 3157 2556 τοῦ
3191 2501 3326 2555 Θεοῦ
3369 2499 3742 2572 σφαγιαζομέ-

2149 2609 2266 2662 νου,
2294 2591 2389 2646 τοῢ
2416 2589 2738 2664 Πνεὺματος
2765 2593 2861 2646 τοῦ
2889 2593 3048 2662 ἁγίου
3083 2593 3296 2648 ἄνωθεν
3325 2594 3740 2664 ὲπιφοιτῶντος,

2151 2685 2404 2756 ἀγγέλων
2441 2685 2694 2758 ἀοράτως
2741 2686 2924 2741 πάντα
2965 2687 3058 2740 τὸν
3103 2686 3232 2740 λαὸν
3278 2679 3738 2759 περιτρεχόντων,

2153 2778 2250 2832 καὶ
2275 2779 2373 2842 τὰς
2394 2778 2506 2832 τῶν
2534 2777 2744 2832 πιστῶν
2773 2788 2800 2828 P
2830 2778 3012 2849 ψυχὰς
3047 2778 3464 2850 σημειουμένων
3501 2778 3615 2850 (Η)
3648 2779 3742 2833 καὶ

2152 2873 2660 2944 ἀπογραφομένων,
2684 2872 2748 2925 οὐ
2773 2873 3023 2943 φρίττεις
3047 2872 3436 2944 καταφρονῶν,
3454 2873 3552 2925 καὶ
3571 2872 3736 2926 ἀσπαο

2155 2964 2294 3037 σμδν
2336 2964 2629 3020 Ἰουδαῖκὸν
2661 2965 2755 3018 τὸν
2785 2965 3020 3038 ἀδελφὸν
3072 2967 3482 3038 ἀσπαζόμενος,
3514 2969 3612 3022 καῖ.
3640 2983 3734 3020 πο-

2152 3054 2474 3128 λυχρονίους
2526 3057 2900 3126 μνησικακίας
2949 3057 3046 3111 καὶ
3091 3057 3183 3110 τὸν
3234 3058 3482 3130 ὀλέθριον
3510 3059 3605 3112 τὸν
3646 3057 3738 3112 τοῦ

2079 3180 2122 3236 C
2155 3148 2334 3219 δφεως
2369 3150 2426 3202 ὲν
2453 3150 2520 3221 τῇ
2567 3149 2772 3220 καρδίᾳ
2813 3167 2908 3204 σου
2950 3151 3390 3222 ὲναποκρύπτων
3443 3153 3585 3206 κατά
3645 3151 3739 3206 τοῦ

2155 3241 2384 3313 ἀδελφοῦ
2407 3259 2501 3296 σου
2529 3258 2544 3308 ;
2575 3244 2694 3307 πῶς
2708 3246 2770 3298 οὐ
2791 3245 3035 3315 φρίττεις
3057 3246 3150 3299 καὶ
3171 3245 3478 3299 καταπίπτε
3489 3264 3559 3310 ις,
3583 3245 3663 3316 τῷ
3676 3245 3742 3300 τὰ

2156 3339 2378 3408 κρυπτά
2422 3335 2524 3406 τῆς
2557 3340 2787 3409 καρδίας
2837 3338 3161 3406 γινώσκοντι
3216 3339 3414 3408 λέγων,
3456 3341 3630 3407 Ἄφες
3655 3355 3744 3410 μοι

2155 3429 2232 3492 ὡς
2273 3427 2428 3497 κάγὼ
2464 3431 2654 3499 ἀφῆκα
2695 3430 2772 3500 τῷ
2802 3430 3019 3502 ἀδελφῷ
3073 3449 3215 3501 μους
3245 3432 3299 3485 τί
3331 3432 3580 3502 διαφέρει
3611 3447 3744 3485 κατ-

2157 3522 2296 3593 ἀρας
2316 3525 2349 3594 ἡ
2371 3525 2600 3594 τοιαύτη
2623 3541 2718 3577 σου
2751 3524 2884 3595 εὐχή
2905 3541 2921 3590 ;
2963 3525 3098 3578 Ἰδοὺ
3119 3524 3148 3578 ὃ
3167 3527 3317 3594 λέγει
3333 3547 3368 3590 ·,
3399 3524 3520 3579 καθ’
3550 3523 3744 3578 ἑαυτοῦ

2157 3617 2458 3689 ἀποφαίνῃσ
2495 3616 2557 3668 Εἰ
2589 3615 2734 3686 ἀφῶ,
2761 3615 2920 3685 ἄφες*
2955 3619 3004 3670 εί
3038 3617 3330 3689 συγχωρῶ,
3365 3617 3742 3689 συγχώρησον·

2159 3709 2206 3760 εἰ
2220 3705 2517 3778 συμπαθεῖ),
2537 3707 2923 3779 συμπάθησονο
2941 3711 2988 3763 εἰ
3004 3709 3196 3780 κρατῶ
3215 3711 3590 3782 μνησικακίαν
3613 3709 3743 3783 πρὸς

2157 3802 2250 3854 τὸν
2297 3800 2584 3854 σύνδουλόν
2619 3819 2748 3872 μου,
2796 3805 3099 3870 κράτησον·
3151 3802 3202 3854 εί
3251 3801 3748 3874 ὀργίζομςιρόργί-

2159 3895 2338 3964 σθητιο
2362 3896 2421 3947 ἐν
2445 3887 2490 3962 ᾧ
2511 3895 2698 3966 μέτρῳ
2724 3897 2908 3966 μετρῶ
2924 3935 2940 3960 ,
2961 3893 3292 3964 μετρηθήτω
3325 3911 3436 3964 μοι’
3465 3896 3513 3948 εἰ
3535 3897 3593 3948 ἐν
3612 3897 3744 3949 ὐπο-

2157 3986 2340 4058 κρίσει
2355 3985 2710 4055 συγχωρῶ,έν
2727 3983 3259 4061 ὑποκρίσειὲλεηοῶ.
3281 3985 3420 4054 Ἐγὼ
3442 3987 3542 4052 τὴν
3564 3987 3743 4055 ψῆφον

2159 4077 2284 4132 κατ’
2317 4077 2560 4148 ἐμαυτοῦ
2617 4077 2906 4146 ποιοῦμαι,
2935 4078 3216 4132 Δέσποτα·
3256 4079 3467 4150 ἤκουσα
3505 4080 3616 4147 γὰρ
3646 4077 3742 4147 τῆς

2159 4169 2401 4240 φοϐερᾶς
2426 4185 2518 4222 σου
2559 4171 2744 4238 φωνῆς
2774 4169 2870 4237 τῆς
2893 4167 3184 4240 λεγούσης,
3211 4169 3294 4222 ὅτι
3341 4169 3445 4222 Ἐν
3472 4162 3522 4237 ᾧ
3559 4168 3745 4237 μέτρῳ

2153 4263 2456 4333 μετρεῖτε,
2491 4261 3063 4332 ἀντιμετρηθήσεται
3132 4261 3292 4331 ὑμῖν.
3331 4261 3438 4314 Καί
3464 4275 3480 4292 ⁸
3511 4257 3742 4328 Ἔὰνμὴ

2158 4353 2238 4422 ἀφ
2248 4351 2352 4422 ἦτε
2368 4353 2494 4420 τοῖς
2512 4352 2850 4420 ἀνθρώποις
2864 4353 2936 4406 τὰ
2951 4351 3395 4421 παραπτώματα
3415 4349 3636 4412 αὐτῶν,
3649 4351 3748 4404 οὐ·

2157 4443 2226 4498 δὲ
2250 4448 2283 4498 ό
2304 4444 2510 4512 Πατὴρ
2538 4443 2707 4516 ὑμῶν
2732 4447 2765 4499 ό
2787 4443 3070 4511 οὐράνιος
3097 4443 3324 4512 ἀφήσει
3346 4442 3511 4514 ὑμῖν.
3529 4441 3573 4494 Τ
3575 4442 3748 4496 αὐτων

463 4554 568 4592 non
590 4537 895 4591 dimiseritis
919 4537 1217 4592 hominibus
1236 4546 1451 4606 peccata
1469 4551 1670 4600 eorum,
1695 4553 1862 4610 neque
1885 4537 2048 4593 Pater

2159 4535 2254 4606 οὖν
2272 4537 2383 4592 τῶν
2410 4537 2662 4607 ἀψευδῶν
2689 4553 2784 4590 σου
2813 4536 3006 4607 φωνῶν
3027 4539 3146 4600 ταῖς
3165 4537 3478 4604 ἀποφάσεσι
3501 4533 3746 4597 πεισθεὶς

460 4638 632 4686 vester
655 4629 876 4684 scelestis
908 4629 1135 4683 dimittet
1165 4628 1306 4682 vobis
1329 4628 1395 4682 ¹⁸.
1427 4626 1568 4682 Huic
1593 4628 1894 4684 verborum
1927 4639 2054 4685 tuo-

536 4771 580 4804 ³³
601 4771 708 4827 lsa.
735 4787 880 4836 Lvnl,
904 4771 958 4826 6.
1039 4768 1082 4801 ’⁸
1103 4769 1298 4826 Matth.
1320 4787 1414 4836 vn,
1434 4769 1488 4824 2.
1567 4771 1612 4804 ¹⁸
1634 4769 1826 4826 Matth.
1847 4787 1922 4839 vi,
1945 4773 2032 4828 l5.

2161 4630 2352 4701 ἀφῆκα
2405 4629 2502 4684 καὶ
2563 4628 2921 4700 συνεχώρησα
2971 4629 3085 4692 τοῖς
3139 4627 3434 4682 πταίσασιν
3493 4625 3576 4690 είς
3625 4622 3745 4696 ἐμὲ,

1771 4910 2007 4969 νΑιιιΛε
2047 4911 2460 4981 LECTIONES.

537 5010 562 5041 ¹¹
591 5001 778 5059 Canis.
800 5000 1100 5072 κεκυφότος
1122 5001 1217 5056 τοῦ
1239 5002 1558 5074 ἀρχιερέως.

1639 5009 1664 5040 ο
1696 5001 1881 5058 Canis.
1919 5003 2368 5077 διακονουμένων.
2446 5011 2476 5053 P
2505 5001 2743 5073 μυστῶν.

1979 5121 2218 5183 ΝΟΤιΕ.

539 5212 653 5287 (15)
681 5213 820 5270 Mala
855 5214 1621 5287 interpunctinne,ac_unius
1650 5214 1805 5270 vocis
1840 5215 1952 5272 levi
1984 5217 2043 5272 in

471 5285 580 5340 line
599 5285 1014 5355 depravatione,
1049 5286 1190 5341 male
1223 5286 1314 5340 hic
1351 5285 1503 5341 edita
1541 5289 1727 5340 luxata
1764 5295 1946 5352 erant,
1978 5303 2045 5343 ac

470 5369 760 5427 perperam
799 5356 1039 5421 reddita,
1088 5355 1372 5412 attributis
1403 5356 1743 5414 Cherubinis
1793 5373 1916 5427 quae
1945 5373 2047 5414 au-

468 5426 870 5500 ctor‘consone
892 5426 1198 5497 Scriptura:
1223 5427 1345 5482 lsai.
1380 5443 1433 5484 v1
1471 5428 1670 5500 tribuit
1691 5426 2040 5500 Seraphinis,

469 5510 536 5551 ac
584 5493 927 5568 Seraphinis,
981 5493 1109 5568 quae
1152 5508 1349 5554 auctor
1399 5498 1632 5553 ascribit
1687 5493 1935 5568 pontifici
1980 5493 2046 5554 ac

470 5565 768 5650 sacerdoti.
819 5565 1037 5638 Quippe
1087 5567 1379 5650 Serapliim
1410 5565 1746 5650 ΔἸίςίξιιιςεςίιιὶη
1777 5569 2041 5633 clamant,

469 5636 842 5708 sacerdosque
865 5636 1180 5693 reverentia
1205 5636 1270 5694 ac
1311 5647 1461 5694 metu
1497 5636 1772 5694 inclinans
1814 5655 1880 5695 ac
1925 5655 2048 5698 cer-

471 5721 641 5770 nuus,
678 5707 948 5778 divinum
988 5723 1193 5762 numen
1249 5714 1350 5764 suh
1383 5709 1436 5764 id
1496 5718 1714 5778 tempus
1749 5711 2046 5766 conciliat:

473 5776 698 5850 tametsi,
748 5777 802 5832 in
835 5779 1062 5850 Apocal.
1107 5795 1179 5843 iv,
1232 5779 1378 5840 v.8,
1426 5795 1536 5834 non
1587 5776 1902 5850 Seraphim,
1951 5784 2048 5837 sed

472 5846 735 5903 animalia
769 5849 1145 5920 appellantur,
1179 5851 1274 5920 qui
1319 5851 1399 5904 sic
1445 5846 2048 5920 clamantfvidentur—

2153 5232 2267 5296 que
2286 5217 2330 5296 _ii
2358 5214 2472 5296 ipsi
2487 5211 2823 5296 significari,
2847 5211 3055 5296 quibus
3089 5211 3546 5296 regius_l’s_altes
3569 5213 3746 5296 Deum

2153 5281 2403 5414 i'nsiilﬁre
2425 5289 2523 5352 ait,
2539 5281 2904 5354 nonninatque
2931 5281 3259 5352 Cherubim,
3286 5285 3427 5342 Psal.
3456 5301 3582 5351 ιιι,
3612 5302 3667 5341 v.
3689 5287 3745 5352 2,

2153 5367 2211 5414 et
2231 5376 2261 5414 a
2289 5377 2301 5413 I
2349 5375 2390 5412 I.

2151 5367 2211 5418 ct
2231 5357 2390 5414 alibi.

2224 5427 2480 5500 (Hl'l'd'w
2503 5445 2570 5500 οη
2581 5427 2934 5498 μειουμένων,
2948 5441 3143 5500 eorum
3164 5426 3258 5497 qui
3279 5436 3749 5500 sacramentorum

2152 5497 2796 5574 participeserantaac‘
2817 5513 2922 5574 nec
2953 5497 3366 5574 catechumeni.
3411 5515 3540 5574 nec_
3569 5501 3751 5574 [ueni-

2147 5568 2488 5634 ientes{sed
2519 5587 2663 5624 πιστι
2685 5571 2721 5632 ί,
2759 5568 2943 5639 ﬁdeles
2964 5585 3041 5640 iac
3067 5571 3265 5633 sancti,
3297 5585 3437 5640 quos
3461 5568 3611 5624 solos
3633 5569 3752 5623 dia-

2151 5641 2578 5709 conusjuhcbat
2605 5655 2853 5702 manere,
2878 5639 2977 5693 ubi
3009 5641 3120 5710 jam
3148 5643 3216 5694 ad
3245 5639 3362 5696 rem
3396 5656 3606 5695 sacram
3630 5647 3754 5695 erat

2153 5713 2590 5784 procedendum.
2641 5711 2756 5766 Vox
2811 5711 3049 5784 momina,
3101 5727 3267 5780 quam
3319 5711 3748 5784 erlitarliabcnt,

2154 5781 2376 5839 videtur
2424 5782 2598 5849 magis
2652 5797 2720 5836 ex
2775 5797 2877 5837 usu
2924 5781 3326 5844 ecclesiastico,
3387 5783 3526 5836 nihil
3582 5797 3747 5839 sensu

2157 5856 2376 5910 diversa
2413 5855 2480 5909 ab
2506 5869 2570 5910 ea
2601 5868 2766 5922 quam
2804 5852 3023 5908 edimus
3048 5867 3118 5906 ex
3137 5852 3260 5908 cod.
3295 5854 3485 5923 Regio.
