4056 6462
416 281 515 355 8M

414 400 557 470 ἄφες
592 396 710 468 οὖν,
741 402 990 460 Δέσποτα
1009 445 1025 473 ,
1055 407 1130 474 ὡς
1159 410 1349 484 ἀφῆκα
1401 416 1559 486 κάγὼ

410 494 548 559 λοις.

483 762 673 826 Ταῦτα
689 764 943 848 λέγωμεν
961 790 977 809 ο
1009 777 1183 835 ταῦτα
1215 781 1339 838 καθ’
1365 784 1607 860 ἑκάστην
1635 791 2001 864 προσευχόμε-

402 880 490 918 νοι
518 864 661 919 κατὰ
689 867 785 921 τὸν
808 869 1001 942 καιρὸν
1020 872 1118 943 τῆς
1143 874 1384 947 φοϐερᾶς
1414 878 1511 932 καὶ
1540 881 1849 952 φρικώδους
1878 902 2003 965 συν-

403 956 587 1024 άξεως
615 962 1042 1034 παριστάμενοι,
1079 966 1217 1040 ὅπερ
1248 970 1537 1039 γινώσκων
1567 975 1595 1027 6
1631 976 1813 1047 ἱερεὺς
1861 979 2000 1050 μετὰ

400 1050 469 1103 τὸ
512 1052 851 1123 ἀγιασθῆναι
895 1056 993 1129 τὴν
1031 1058 1223 1114 θυσίαν
1251 1063 1470 1134 ἐκείνην
1517 1065 1617 1138 τὴν
1657 1071 1999 1139 ἀναίμακτον

401 1141 607 1210 ἀνυψοῖ
632 1143 724 1196 τὸν
756 1144 923 1215 ἄρτον
958 1149 1057 1219 τῆς
1092 1148 1257 1217 ζωῆς,
1306 1151 1404 1207 καὶ
1452 1154 1622 1209 πᾶσιν
1664 1153 1831 1210 αὑτὸν
1862 1157 1996 1211 ὑπο-

395 1223 668 1286 δεικνύει.
700 1229 834 1287 Εἶτα
860 1236 1098 1304 ἐκφωνεί
1119 1239 1147 1291 6
1174 1238 1447 1308 διάκονος,
1483 1245 1579 1298 καὶ
1606 1243 1762 1314 λέγει
1788 1261 1802 1277 ·
1848 1250 1998 1316 Πρό-

397 1336 674 1392 σχωμεν,
696 1325 835 1397 ὅπερ
866 1327 1005 1394 ἐστὶ,
1034 1331 1338 1403 προσέχετε
1374 1335 1866 1409 ἑαυτοῖς,ἀδελφοὶ,
1888 1358 1995 1411 φη-

401 1414 519 1469 σίν.
563 1414 694 1470 Ἰδοὺ
745 1417 853 1488 πρὸ
905 1417 1154 1491 βραχέως
1202 1424 1517 1480 συνέθεσθε·
1552 1416 1819 1501 Ἐχομεν
1843 1434 1995 1501 πρὸς

394 1506 515 1563 τὸν
546 1508 768 1576 Κύριον
811 1511 919 1577 τὰς
971 1511 1244 1583 καρδίας.
1301 1519 1413 1571 Καὶ
1461 1520 1624 1575 πάλιν
1651 1522 1715 1575 τὸ
1750 1525 1993 1597 καθαρὸν

394 1600 501 1655 καὶ
559 1601 941 1672 ἀμνησίκακον
1002 1607 1395 1678 ὁμολογοῦντες
1446 1611 1567 1685 Θεῷ
1593 1654 1609 1679 ,
1661 1616 1877 1686 εἴπατε,
1909 1618 1993 1673 ὅτι

398 1689 595 1758 ’Ἄφες
617 1691 782 1761 ἡμῖν,
805 1694 880 1759 ᾡς
908 1694 1008 1748 καὶ
1031 1696 1204 1766 ἡμεῖς
1225 1699 1479 1770 ἀφίεμεν
1506 1702 1633 1771 τοῖς
1653 1706 1993 1776 ὀφειλέταις

392 1782 593 1852 ήμῶνν
647 1784 729 1839 διδ
778 1787 872 1865 καὶ
920 1787 1190 1862 ἀλλήλους
1227 1793 1576 1863 ἠσπάσασθε.
1622 1798 1765 1854 Ἀλλ’
1799 1803 1990 1876 ἐπειδὴ
2026 1784 2065 1839 Β

393 1872 689 1945 ἄνθρωπός
719 1875 836 1947 είμι
875 1877 1051 1947 κάγὼ,
1091 1881 1308 1950 ἀγνοῶν
1342 1883 1443 1950 τὰς
1474 1888 1806 1962 ἐνθυμήσεις
1835 1872 2010 1967 ὑμῶν,

395 1963 732 2037 ἀποῤῥίπτω
777 1968 870 2021 ἀπ’
899 1970 1137 2039 ἐμαυτοῦ
1168 1973 1227 2027 τὸ
1258 1976 1431 2048 κρίμα
1452 1995 1467 2009 ·
1494 1980 1557 2033 οὐ
1602 1983 1712 2055 γὰρ
1740 1963 1886 2051 οἶδα,
1907 1985 1991 2051 τίς
2024 2047 2029 2051 ,

390 2055 574 2123 ἄξιος,
611 2057 645 2128 ἢ
683 2059 899 2127 ἀνάξιος
926 2064 1027 2135 τῆς
1058 2065 1167 2119 τῶν
1209 2072 1531 2142 μυστηρίων
1577 2075 1786 2130 τούτων
1819 2096 1988 2149 μετα-

391 2146 643 2218 λήψεως,
682 2150 782 2204 καὶ
826 2152 915 2207 διὰ
943 2155 1105 2210 τοῦτο
1145 2163 1478 2231 προσφωνῶ,
1511 2146 1986 2240 προσέχεινήὑμςῖς

390 2239 639 2307 ἑαυτοῖς,
666 2244 761 2297 καὶ
785 2245 1195 2317 ἐπιγινώσκειν,
1232 2251 1355 2343 τίνιχ
1376 2257 1741 2328 παρίστασθε.

464 2415 603 2477 Εἶτα
631 2423 830 2493 ἐπάγει
860 2426 888 2479 ὁ
912 2426 1092 2498 ἱερεὺς
1116 2428 1343 2497 εὐθέως,
1371 2433 1466 2487 καὶ
1500 2433 1649 2504 λέγει
1673 2453 1686 2467 ο
1722 2439 1798 2491 Τὰ
1818 2439 1875 2493 Ἀ
1888 2458 1986 2510 για

396 2510 530 2578 ’τοῖς
557 2513 763 2582 ἁγίοις.
785 2512 850 2567 Τί
878 2514 936 2569 δέ
965 2532 1161 2587 φησιν;
1199 2518 1415 2591 Ὁρᾶτε,
1442 2523 1737 2592 ἀγαπητοὶ,
1770 2525 1888 2591 πῶς
1916 2529 1983 2599 τῇ

403 2602 710 2675 μεταλήψει
747 2603 855 2660 τῶν
884 2603 1049 2661 θείων
1106 2611 1427 2681 μυστηρίων
1470 2615 1870 2687 προσέρχεσθε,
1906 2620 1980 2690 μή

400 2710 490 2760 τις
535 2695 685 2767 ὑμῶν
734 2697 1069 2768 μεταλαϐεῖν
1117 2703 1581 2776 προσερχόμενος,
1614 2708 1824 2782 ἀκούσῃ
1851 2724 1867 2738 ·
1902 2712 1979 2783 μή

401 2804 507 2858 μου
536 2786 727 2853 ἅπτου,
765 2790 1041 2863 ἀπόστηθι
1088 2793 1184 2847 ἀπ’
1213 2795 1348 2866 ἐμοῦ
1381 2797 1411 2852 6
1439 2798 1810 2872 ἐργαζόμενος
1841 2819 1982 2874 μνη-

394 2878 655 2933 σικακίαν
693 2881 789 2935 καὶ
816 2882 1073 2953 ἀνομίαν.
1118 2885 1358 2942 Ἀπόστα
1391 2891 1613 2962 μακρὰν
1661 2894 1689 2947 6
1721 2892 1799 2966 μὴ
1847 2912 1979 2965 συγ-

386 2973 650 3043 χωρήσας
691 2973 771 3046 τῷ
809 2975 1026 3047 ἀδελφῷ
1073 2995 1190 3033 σου.
1230 2981 1345 3035 Καὶ
1376 2983 1499 3038 τότε
1527 2984 1701 3039 ἐλθὼν
1735 2988 1980 3061 πρόφερε

382 3062 451 3115 τὸ
481 3062 654 3135 δῶρόν
684 3082 805 3136 σου,
828 3067 928 3121 καὶ
953 3069 1235 3146 ἀξιωθήσῃ
1257 3074 1354 3145 τῆς
1381 3077 1761 3150 μεταλήψεως.
1796 3081 1978 3152 Ῥίψον

1632 312 1917 376 ORATIO
1951 317 2046 378 DE
2081 320 2143 381 S.
2177 320 2478 385 SYNAXI.

1606 424 1721 486 τοῖς
1773 425 1970 495 ὁμοδού

2112 446 2266 497 rum,
2301 449 2425 503 qua:
2474 435 2611 490 falsa
2660 453 2803 525 esse“
2832 455 2944 495 non
2996 456 3256 513 possunt,
3292 453 3699 525 testim-alieni,
3778 484 3783 489 ο

3593 347 3703 409 8-52

2107 519 2274 579 fidem
2326 523 2529 593 habui,
2577 536 2633 584 et
2676 516 2893 599 dimisi,
2939 533 3239 608 ignovique
3284 541 3423 611 illis,
3469 551 3563 619 qui
3613 516 3703 610 me

2105 613 2461 674 offenderunt
2491 638 2503 673 :
2532 620 2751 679 dimitte
2782 623 2977 696 igitur,
3004 644 3038 685 ο
3062 630 3316 704 Domine,
3346 613 3502 697 sicut.
3517 653 3574 700 et
3599 662 3704 718 ego

2104 710 2390 766 conservis
2416 710 2624 768 dimisi.

2178 800 2305 857 Haec
2360 802 2646 872 dicamus,
2698 808 2817 867 haec
2870 815 3124 884 quotidie
3179 835 3505 895 precemur,
3565 831 3701 889 dum

2103 902 2356 966 tempore
2414 901 2721 957 tremendae
2777 908 2967 977 atque.‘
3001 923 3369 972 sacrosanctae
3427 935 3702 993 synaxeos

2101 987 2567 1060 circumstamus,
2623 996 2774 1066 quod
2840 1014 3185 1073 cognoscens
3249 1013 3513 1070 sacerdos
3572 1031 3701 1089 post

2100 1084 2582 1143 consecrationem
2633 1090 2894 1147 sacriﬁcii
2947 1094 3100 1153 illius
3144 1099 3455 1173 incruenti,
3495 1124 3697 1181 panem

2099 1169 2227 1225 vita:
2266 1171 2322 1226 in
2362 1174 2536 1232 altum
2578 1179 2780 1246 elevat,
2812 1192 2868 1239 et
2901 1188 3167 1248 omnibus
3202 1192 3383 1265 ipsum
3421 1204 3692 1261 ostendit.

2098 1263 2312 1321 Deinde
2347 1269 2616 1327 exclamat
2647 1274 2936 1347 diaconus,
2968 1291 3026 1339 et
3055 1284 3192 1341 dicit
3275 1291 3559 1361 Attendite,
3588 1298 3696 1355 hoc

2097 1361 2182 1406 est
2214 1372 2225 1407 :
2253 1354 2542 1416 Attendite
2572 1363 2751 1432 vobis,
2788 1366 3013 1427 fratres.
3041 1374 3183 1433 Ecce
3205 1382 3369 1449 paulo
3391 1397 3519 1443 ante
3551 1404 3654 1444 con
3676 1422 3694 1435 ο

2098 1446 2373 1514 sensistis,
2410 1450 2662 1525 dicentes
2704 1475 2716 1510 :
2764 1458 3029 1519 Habemus
3066 1469 3227 1525 corda
3269 1475 3340 1528 ad
3378 1475 3687 1539 Dominum.

2097 1535 2164 1591 Et
2207 1556 2334 1596 mox
2381 1560 2522 1612 puro
2564 1538 2762 1618 cerde,
2797 1563 2855 1610 et
2896 1557 3045 1625 quod
3087 1576 3307 1619 omnem
3355 1567 3688 1639 injuriarum

2096 1634 2423 1690 memoriam
2481 1637 2773 1710 deposuit,
2833 1649 3168 1709 conﬁtentes
3224 1657 3338 1712 Deo
3394 1661 3613 1721 dixistis
3670 1686 3684 1720 :

2095 1722 2317 1780 Dimitte
2362 1731 2543 1798 nobis,
2580 1733 2716 1789 sicut
2761 1748 2808 1791 et
2860 1757 2953 1795 nos
3000 1742 3319 1804 dimittimus
3365 1753 3687 1813 debitoribus

2095 1820 2308 1873 nostris.
2342 1821 2649 1894 Propterea
2681 1838 2738 1885 et
2767 1849 2864 1889 vos
2893 1833 3133 1895 invicem
3174 1843 3413 1914 amplexi
3451 1851 3589 1908 estis
3629 1854 3684 1907 in

2090 1911 2285 1966 osculo
2338 1916 2510 1984 pacis.
2543 1917 2652 1975 Sed
2708 1938 2835 1979 cum
2893 1944 2996 2000 ego
3044 1931 3146 1987 sim
3180 1934 3369 2004 homo,
3426 1941 3687 2013 ignorans

2091 2008 2305 2057 vestras
2356 2007 2748 2080 cogitationes,
2798 2016 3022 2076 illorum
3071 2024 3274 2097 abjicio
3322 2046 3354 2086 a
3401 2007 3489 2089 me
3527 2037 3684 2107 judi-

2089 2091 2234 2147 cium
2272 2112 2286 2148 ε
2322 2112 2433 2154 ηοη
2467 2102 2616 2159 enim
2650 2110 2779 2163 novi
2833 2114 2960 2182 quis
3009 2116 3214 2191 dignus
3316 2124 3409 2191 sit,
3437 2142 3505 2182 an
3536 2129 3683 2185 indi—

2088 2198 2231 2252 gnus
2270 2187 2470 2247 horum
2511 2200 2904 2268 mysteriorum
2945 2187 3331 2281 perceptione.
3361 2187 3431 2274 Et
3467 2221 3539 2275 ob
3576 2224 3683 2281 hac

2090 2274 2273 2346 ipsum
2310 2282 2569 2354 inclamo,
2599 2300 2662 2345 ut
2690 2294 2853 2352 vobis
2886 2274 3211 2371 attendatis,
3241 2319 3297 2363 et
3327 2313 3419 2367 cui
3451 2317 3685 2376 assista-

2089 2368 2181 2434 tis,
2221 2375 2610 2435 consideretis.
2935 2443 2938 2447 .
3602 2476 3608 2481 _
3732 2457 3739 2476 .-

2156 2462 2421 2537 Adjungit
2451 2470 2655 2530 deinde
2693 2481 2952 2540 sacerdos
2984 2502 2997 2539 :
3034 2484 3235 2546 Sancta
3266 2501 3488 2555 sanctis.
3533 2476 3680 2570 Quid

2086 2566 2215 2612 vero
2255 2558 2425 2616 dicit?
2462 2564 2678 2636 Videte,
2716 2572 3056 2646 charissimi,
3087 2588 3368 2654 quomodo
3408 2592 3478 2647 ad
3523 2611 3678 2652 com-

2084 2651 2408 2709 munionem
2433 2655 2747 2719 divinorum
2770 2666 2935 2741 457
2956 2679 3350 2746 mysteriorum
3373 2689 3673 2756 acccdatis,

2083 2848 2171 2890 me
2210 2845 2431 2909 tangas,
2460 2843 2699 2903 abscede
2724 2865 2761 2905 ο
2792 2868 2903 2915 me,
2930 2859 3025 2926 qui
3057 2858 3278 2933 injuriae
3311 2869 3559 2929 retinens
3588 2891 3671 2943 es,

2081 2938 2138 2984 et
2165 2931 2516 3003 iniquitatem
2539 2946 2806 3013 operaria.
2844 2949 3042 3009 Procul
3080 2931 3299 3028 abesto,
3331 2965 3674 3034 quifratrem

2085 3032 2241 3080 tuum
2294 3044 2407 3084 non
2453 3031 2701 3111 dignaris
2743 3042 2924 3100 venia.
2969 3043 3040 3101 Et
3085 3055 3218 3108 tunc
3257 3057 3490 3116 veniens
3531 3063 3673 3120 oﬂ‘cr

385 3127 577 3210 πάντα
614 3127 879 3232 βόρϐορον
913 3127 1116 3228 κακίας
1142 3127 1266 3219 Ῑάἑέδ
1310 3127 1752 3233 ’έοῖῖίᾷαὶΗτότέ
1803 3127 1978 3232 extim

2088 3133 2285 3174 "mnus
2337 3129 2523 3191 "lum:
2572 3127 2885 3205 diBWSQue
2935 3138 3194 3202 ellicieris
3250 3157 3666 3215 communione.

2091 3205 2268 3233 ΑιιξξηΔ
2308 3211 2403 3233 -ι.-
2440 3224 2483 3233 ._
2536 3232 2543 3233 ,
2638 3232 2641 3233 ,
2842 3227 2877 3233 -.
2911 3228 2922 3233 -
3024 3222 3033 3233 .

385 3247 651 3315 ὑπόδεξαι
693 3252 785 3306 τὸν
826 3252 1200 3328 καθαρτήριον
1233 3257 1504 3335 ἄνθρακα.
1535 3262 1670 3317 Εἰπὲ
1714 3268 1852 3335 πρὸς
1886 3269 1978 3323 αὐ-

379 3340 484 3395 τόν
507 3358 522 3373 ο
562 3336 714 3410 Οἶδα,
743 3344 1013 3411 Δέσποτα,
1048 3348 1131 3401 ὅτι
1166 3349 1380 3403 πολλῶν
1412 3334 1836 3427 ’ἁμαρτημάτων
1880 3363 1975 3415 καὶ

372 3428 771 3503 ὀφειλημάτων
800 3435 1086 3510 χρεώστης
1118 3439 1256 3510 εἰμὶ,
1287 3442 1425 3496 ἀλλά
1460 3444 1547 3498 διὰ
1569 3446 1669 3518 τὴν
1701 3447 1798 3520 σὴν
1821 3452 1973 3505 ἐντο-

372 3522 486 3595 λὴν
517 3521 876 3598 συνεχώρησα
906 3532 1022 3595 τοῖς
1065 3532 1218 3603 ἐμοῖς
1264 3534 1535 3605 ἀδελφοῖς,
1571 3539 1660 3594 ἵνα
1689 3543 1844 3612 κάγὼ
1872 3548 1974 3617 τῆς

374 3619 542 3686 παρά
596 3619 693 3674 σοῦ
748 3625 1155 3696 συγχωρήσεως
1210 3628 1449 3697 ἀξιωθῶ,
1482 3634 1749 3690 Δέσποτα.
1786 3639 1970 3696 Ταῦτα

373 3711 484 3765 καὶ
526 3712 595 3766 τὰ
623 3713 853 3770 τοιαῦτα
901 3718 1216 3775 ὑποτίθεται
1277 3723 1410 3794 ἡμῖν
1458 3727 1485 3777 6
1520 3729 1701 3800 ἱερεὺς
1738 3731 1826 3784 διὰ
1869 3735 1969 3806 τῆς

366 3806 590 3875 μικρᾶς
620 3805 838 3878 ἐκείνης
869 3809 1259 3884 ἐκφωνήσεως.

452 3910 545 3964 Διὸ
602 3916 1052 3988 συγχωρήσωμεν
1080 3921 1193 3983 τοῖς
1228 3921 1478 3994 ἀδελφοῖς
1528 3929 1687 4001 ἡμῶν
1711 3968 1726 3997 ,
1763 3936 1856 3988 καὶ
1905 3934 1965 4001 ἐξ

361 4003 594 4058 ἑαυτῶν
622 4006 1023 4081 ἀποῤῥίψωμεν
1056 4019 1243 4071 πᾶσαν
1287 4019 1490 4075 κακίαν
1531 4024 1627 4077 καὶ
1667 4028 1955 4098 πονηρίαν,

362 4096 428 4151 οἱ
475 4095 792 4170 βουλόμενοι
835 4101 1002 4169 ἀξίως
1033 4108 1410 4179 περιπατῆσαι
1451 4114 1553 4186 τῆς
1595 4095 1861 4190 κλήσεως,
1894 4117 1962 4194 ἧς

362 4187 709 4261 ὲκλήθημεν.
731 4192 825 4264 Μὴ
846 4195 1029 4281 εἴπῃς,
1059 4198 1230 4273 πολλὰ
1261 4202 1618 4285 συνεχώρησα
1644 4187 1721 4280 τῷ
1746 4187 1961 4285 ἀδελφῷ
1996 4285 2003 4291 _

368 4295 515 4353 μου,
560 4281 657 4334 καὶ
705 4282 872 4339 πάλιν
910 4302 1004 4356 μοι
1046 4289 1318 4360 ἥμαρτεν,
1352 4284 1483 4348 ἐπεὶ
1513 4297 1703 4355 καὶσὺ
1734 4300 1794 4356 τὸ
1825 4281 1959 4359 adre
1996 4285 2003 4291 I
2062 4320 2074 4360 ἰ

360 4372 631 4441 ἀκούσεις
661 4376 816 4449 παρὰ
842 4378 938 4434 τοῦ
972 4380 1273 4443 Δεσπότου.
1308 4388 1400 4460 Μὴ
1426 4390 1834 4466 εἷπῃςκμεγάλα
1865 4416 1957 4470 μοι

357 4464 394 4517 6
450 4463 597 4521 δεῖνα
641 4466 922 4538 ἔπταισεν,
954 4471 1047 4526 τὸν
1092 4470 1245 4530 οἶκόν
1296 4496 1398 4550 μου
1435 4463 1824 4560 ὲπεϐοιέλευσε,

359 4558 541 4629 ἀγρόν
577 4577 679 4630 μου
728 4562 1123 4637 ίδιοποιήσατο,
1169 4569 1263 4625 τὸν
1319 4573 1435 4628 υἱόν
1477 4594 1580 4646 μου
1635 4558 1949 4650 ἀπέκτεινε,

358 4649 541 4703 πολλά
570 4652 720 4706 κα.κά
754 4670 847 4725 μοι
880 4656 1203 4725 ἐνεδείξατο,
1238 4663 1320 4725 είς
1353 4662 1734 4740 δεσμωτήριον
1762 4649 1953 4728 ὲνέϐαέ

357 4749 479 4805 λεν,
516 4742 599 4806 είς
637 4742 869 4799 θάνατόν
920 4764 990 4819 με
1056 4753 1402 4823 παρέδωκεν,
1459 4761 1557 4814 καὶ
1604 4761 1666 4815 οὐ
1713 4763 1951 4837 δύναμαι

362 4833 523 4887 τοῦτο
565 4838 943 4908 συγχωρῆσαι.
980 4832 1416 4918 Μὴ.’ἀγαπητὲ,
1456 4853 1532 4922 μὴ
1582 4854 1706 4925 λέγε
1751 4832 1947 4927 οὕτως,

355 4929 692 4996 παρακαλῶ.
734 4932 876 4986 ’Ὀσα
916 4935 1027 5007 γὰρ
1055 4938 1294 5009 ἀφήσεις
1339 4942 1419 5015 τῷ
1469 4946 1686 5021 ἀδελφῷ
1716 4969 1831 5019 σου,
1859 4973 1950 5011 το-

350 5020 556 5087 σαῦτα,
586 5025 682 5077 καὶ
726 5026 958 5093 μείζονα
1007 5040 1036 5082 1
1089 5034 1295 5105 ἀφήσει
1339 5054 1423 5092 σοι
1451 5040 1480 5092 6
1507 5042 1809 5117 Δεσπότης.
1843 5051 1950 5105 Μί-

354 5127 543 5182 μησαι
573 5115 670 5168 καὶ
701 5118 765 5171 σὺ
798 5118 1076 5190 Στέφανον
1104 5125 1315 5190 ἐκεῖνον
1341 5129 1434 5182 τὸν
1462 5132 1681 5204 πρῶτον
1710 5115 1769 5189 ἐν
1807 5142 1949 5215 μάρ-

350 5221 508 5262 τυσι.
542 5207 606 5260 Τί
649 5209 760 5283 γὰρ
794 5211 1007 5278 ἐκεῖνος
1043 5214 1199 5284 ἔλεγε
1228 5219 1741 5300 λιοολευστούμενος
1766 5252 1780 5301 ;

335 5314 468 5367 pls,
494 5299 581 5368 μὴ
614 5303 859 5374 στήσῃς
884 5309 1092 5376 αὐτοῖς
1121 5311 1238 5379 τὴν
1265 5315 1561 5385 ἁμαρτίαν
1585 5299 1833 5394 ττιύτηγν.

424 5393 680 5466 Μίμησαι
729 5400 987 5456 Ἰάκωϐον
1017 5404 1108 5457 τὸν
1140 5407 1484 5479 ἁδελφὸοεον,
1517 5410 1579 5469 οὗ
1625 5423 1716 5475 καὶ
1750 5426 1794 5478 οἱ
1838 5426 1876 5478 Γ
1878 5445 1942 5480 α-

427 5563 472 5596 ²⁸
490 5564 613 5621 Act.
636 5585 727 5635 ut,
748 5570 838 5626 59.

2080 3205 2271 3279 Abjice
2305 3211 2405 3268 abs
2438 3224 2491 3271 te
2522 3232 2717 3277 omnes
2749 3227 2974 3285 malitiae
3009 3222 3224 3303 sordes,
3253 3249 3311 3296 et
3345 3249 3478 3301 tunc
3509 3264 3670 3305 acce-

2077 3299 2225 3366 dito,
2266 3308 2775 3386 emundantemque
2825 3321 3125 3382 carbonem
3169 3330 3329 3389 illum
3374 3342 3665 3412 suscipito.

3387 3391 3665 3412 ,,--_r--v.

2076 3391 2173 3468 Dic
2206 3395 2275 3449 ad
2311 3397 2466 3455 illum
2507 3420 2520 3455 :
2557 3403 2719 3475 Novi,
2755 3410 3010 3483 Domine,
3042 3434 3129 3475 me
3151 3425 3452 3484 multorum
3491 3436 3666 3490 scele-

2075 3497 2199 3538 rum
2257 3497 2313 3542 et
2362 3489 2677 3551 debitorum
2738 3501 3054 3564 debitorem
3111 3527 3268 3582 esse;
3331 3529 3388 3574 at
3439 3537 3667 3596 propter

2071 3579 2398 3638 mandatum
2465 3595 2619 3644 tuum
2681 3592 2866 3665 ignovi
2929 3599 3232 3673 fratribus,
3288 3622 3351 3666 ut
3405 3626 3462 3672 et
3522 3636 3662 3692 ego,

2071 3669 2296 3692 nm,“
2466 3680 2477 3692 .

2069 3669 2326 3741 Domine,
2353 3680 2568 3736 veniam
2601 3699 2632 3738 a
2667 3693 2719 3740 te
2750 3703 3081 3764 consequar.
3109 3698 3239 3758 Haec
3270 3713 3418 3762 tanta
3447 3717 3503 3763 et
3532 3669 3662 3769 tgna

2069 3765 2295 3836 subjicit
2335 3774 2524 3829 animo
2566 3786 2761 3837 nostro
2806 3788 3072 3845 sacerdos
3117 3795 3375 3863 perbrevi
3424 3802 3516 3858 illa
3560 3822 3659 3863 sua

2067 3860 2521 3928 proclamatione.
2948 3892 2952 3896 '

2135 3948 2410 4016 Quocirca
2467 3956 2732 4022 fratribus
2786 3972 3000 4029 nostris
3054 3976 3436 4051 ignoscamus,
3482 3998 3541 4044 et
3588 4008 3658 4048 ex

2064 4040 2228 4098 nobis
2265 4044 2402 4117 ipsis
2439 4065 2664 4125 omnem
2703 4060 2973 4119 malitiam
3010 4040 3516 4141 etvimprobitatem
3555 4097 3657 4136 εχ-

2065 4135 2462 4209 terminemus,
2497 4160 2626 4211 cum
2672 4155 2963 4222 proposito
3007 4158 3176 4231 digne
3222 4165 3545 4225 ambulandi
3586 4188 3657 4229 ea

2060 4413 2195 4471 illud
2229 4417 2408 4488 ipsum
2437 4438 2469 4478 a
2490 4396 2727 4484 Domino
2755 4396 3068 4505 tibipotest
3091 4440 3280 4513 objici.
3307 4396 3385 4503 Ni:
3405 4396 3651 4505 disdiis:

1863 4492 1954 4550 τω
1990 4505 2030 4560 Ι)
2062 4506 2308 4580 ingentia
2340 4514 2544 4574 damna
2572 4518 2667 4577 ille
2699 4524 2837 4581 mihi
2872 4492 3094 4598 intulit,
3121 4492 3311 4593 dbmui
3343 4555 3480 4597 meae
3512 4542 3653 4601 insi-

2059 4598 2182 4656 dias
2219 4607 2483 4677 tetendit,
2522 4627 2715 4683 agrum
2750 4633 2934 4677 meum
2970 4623 3079 4679 sibi
3112 4628 3442 4698 vindicavit,
3475 4634 3651 4692 filium

2058 4709 2246 4752 meum
2283 4700 2491 4757 occidit
2524 4723 2542 4773 ;
2582 4710 2773 4766 multis
2814 4713 3187 4776 incommodis
3224 4739 3312 4780 me
3350 4726 3558 4795 aﬂecit,
3593 4733 3651 4788 in

2056 4801 2337 4846 carcerem
2388 4800 2696 4871 compegit.
2735 4801 2792 4889 in
2842 4818 3080 4869 mortem
3133 4814 3389 4884 tradidit,
3429 4836 3650 4892 nequeo

2052 4881 2284 4950 gratiam
2343 4888 2484 4944 male
2538 4882 2967 4955 commissorum
3023 4902 3228 4961 facere.
3277 4908 3357 4965 Ne
3416 4911 3473 4967 in
3530 4914 3648 4971 btec

2050 4974 2253 5040 verba,
2294 4979 2651 5051 charissima,
2694 5003 2977 5061 erumpas.
3019 4994 3236 5063 Quanta
3282 5002 3434 5057 enim
3485 5005 3643 5064 fratri

1658 5684 1891 5748 VM}le
1938 5694 2343 5762 LECTIONES.

418 5762 453 5829 λι
488 5777 669 5835 Canis.
705 5782 942 5843 πλείονα.

672 5877 942 5944 Punct.
991 5883 1109 5945 Gn.
1144 5887 1489 5956 LXXXIX.

3228 5941 3319 6022 21
