4056 6468
277 377 409 442 833

1338 376 1422 439 IN
1459 374 2016 438 HEXAEMERON.
2042 400 2112 413 ·-
2147 373 2571 437 ΡΒΕΕΑΤῘΟ.

3484 364 3595 428 δπι

280 488 511 545 blicum
535 483 787 540 omnium
810 492 1172 554 conspectum
1195 491 1348 551 sunt,
1374 500 1438 540 ea
1463 484 1644 556 palam
1665 493 1722 541 et
1746 464 1897 539 inter
1931 489 1969 543 A
1999 481 2201 540 Omnia
2232 484 2381 539 enim
2420 497 2544 552 quae
2571 488 2703 536 sunt
2732 479 2786 534 in
2830 477 2989 533 cretis
3018 486 3075 533 ct
3111 477 3165 531 in
3206 486 3355 533 terra
3380 519 3394 541 ,
3448 478 3598 535 Deus

287 597 361 636 se
422 580 773 634 cohaerenter
839 576 1191 647 exposituri,
1254 588 1634 649 congruenter
1690 576 1898 634 divinis

288 669 828 727 consecrationibus
856 685 1193 724 arcanorum
1241 670 1336 724 Dei
1390 679 1894 736 sacramentorum,

260 765 575 817 ’universo
629 761 793 816 simul
843 761 1010 815 misto
1063 762 1269 830 populo
1334 778 1618 833 nunquam
1658 779 1781 818 eam
1821 762 1902 819 fa-

284 859 465 911 ciunt
492 855 895 915 ostensionem,
931 852 1254 924 priusquam
1280 855 1376 925 qui
1403 856 1665 927 liturgize,
1702 857 1757 911 id
1786 865 1895 922 est,

285 950 403 1018 qui
459 947 688 1018 publico
720 956 919 1016 przeest
957 961 1243 1001 sacrorum
1284 949 1525 1013 muneri,
1575 959 1701 1020 post
1737 966 1903 1020 supe—

290 1040 517 1093 riorem
549 1047 607 1092 et
633 1054 759 1108 quae
789 1046 875 1093 est
900 1036 1039 1092 citra
1061 1037 1233 1092 ullum
1275 1039 1521 1094 medium
1547 1082 1562 1107 ,
1600 1041 1696 1096 Dei
1742 1041 1899 1096 chori

296 1132 748 1199 ordinationem,
781 1139 1043 1203 tanquam
1067 1148 1201 1187 voce
1224 1142 1494 1203 praestans
1514 1133 1738 1205 quidam
1763 1150 1902 1206 pra:-

216 1268 221 1273 .
296 1237 573 1282 ce.stans
612 1233 767 1279 extra
804 1224 1215 1280 sacratissimas
1245 1234 1455 1294 portas,
1485 1225 1740 1296 jussione
1791 1224 1913 1281 ma?

295 1319 466 1371 xima
497 1316 800 1372 secreverit
832 1316 903 1371 ab
941 1316 1124 1388 adytis
1164 1316 1233 1371 ad
1260 1333 1384 1388 quae
1412 1332 1523 1373 non
1578 1318 1713 1375 licet
1750 1334 1907 1375 acce-

301 1410 481 1472 dere,
519 1426 612 1464 eos
655 1410 862 1479 quibus
892 1424 1004 1465 non
1058 1410 1189 1483 licet
1220 1411 1292 1466 iis
1332 1410 1443 1465 frui
1486 1427 1551 1467 ac
1590 1412 1905 1482 percipere,

311 1503 706 1557 timensillum
731 1503 978 1559 sordidis
1021 1505 1279 1561 vestibus
1319 1505 1579 1562 indutum
1623 1507 1681 1561 in
1721 1506 1907 1561 Evan-

308 1595 533 1665 gelia',
585 1594 681 1664 qui
726 1595 1050 1665 longissime
1099 1596 1204 1651 fuit
1252 1599 1522 1668 expulsus
1578 1613 1609 1653 a
1659 1597 1902 1669 nuptiali

308 1688 600 1749 convivio.
638 1688 902 1758 quoniam
932 1704 1042 1745 non
1079 1701 1492 1761 praeparaverat
1521 1701 1734 1748 vestem
1769 1707 1908 1749 con-
1976 1691 1981 1696 ’

311 1779 642 1833 venientem
669 1777 859 1835 divino
889 1781 968 1835 illi
1012 1782 1198 1852 epulo.
1241 1782 1326 1837 Ad
1378 1784 1487 1839 hoc
1528 1793 1717 1840 autem
1768 1800 1911 1856 opus

311 1888 429 1926 nos
474 1874 922 1942 componendum
960 1876 1238 1939 venimus,
1295 1890 1408 1930 non
1437 1890 1594 1947 spem
1639 1886 1912 1948 ponentes

313 1965 378 2018 in
408 1965 698 2027 facundia.
740 1968 1126 2039 suavibusque
1152 1969 1361 2024 fabulis
1382 1979 1437 2024 et
1465 1970 1653 2041 nugis.
1679 1979 1910 2042 arteque

314 2056 547 2111 dicendi
587 2057 937 2127 Graecorum,
964 2077 1069 2116 nec
1092 2062 1291 2117 armati
1332 2062 1531 2117 iambis
1575 2063 1828 2119 trucibus
1857 2072 1915 2120 et

316 2148 621 2203 inutililms
654 2168 667 2202 :
709 2149 996 2207 Christum
1037 2154 1189 2208 enim
1221 2154 1492 2210 habemus
1531 2156 1638 2211 via:
1680 2155 1906 2223 ducem,

315 2241 417 2308 qui
438 2238 686 2294 Graecam
714 2244 1036 2313 sapientiam
1057 2244 1193 2298 dicit
1214 2261 1335 2302 esse
1352 2245 1641 2302 stultitiam
1672 2257 1722 2302 et
1747 2251 1917 2304 crucis

316 2334 743 2388 abtanitionem
778 2337 821 2389 ⁷.
873 2335 1183 2407 Loquimur
1222 2340 1371 2397 enim
1412 2340 1481 2395 de
1531 2340 1717 2397 divina
1764 2342 1917 2398 Scri-

323 2435 523 2493 ptura.
557 2442 678 2495 qum
719 2430 973 2497 exposita
1027 2430 1258 2500 quidem
1310 2431 1419 2487 fuit.
1471 2449 1571 2503 per
1617 2435 1916 2504 quamdam

329 2516 494 2570 vocis
528 2518 850 2573 tenuitatem
902 2529 963 2575 et.
1008 2521 1213 2593 linguae.
1249 2524 1599 2592 tarditatem,
1646 2544 1677 2582 a
1728 2529 1922 2598 paucis

338 2618 527 2662 autem
550 2619 632 2664 est
653 2611 981 2669 conﬁrmata
1004 2623 1062 2669 et
1089 2626 1307 2680 ornata,
1360 2618 1542 2687 iisque
1581 2620 1924 2690 agrestibus-

339 2719 452 2771 que
483 2714 536 2757 et
556 2706 944 2773 piscatoribus,
967 2717 1025 2763 et
1049 2710 1341 2773 sutoribus
1361 2720 1419 2764 et
1447 2712 1750 2767 illitteratis
1777 2718 1919 2783 :’pu-

334 2797 583 2866 doreque
614 2799 801 2854 aﬂ'eeit
835 2802 1139 2870 sapientes,
1183 2819 1392 2873 eosque
1423 2804 1673 2863 ostendit
1721 2806 1923 2862 stultos

328 2899 388 2944 et
419 2892 666 2946 inutiles.
705 2891 1081 2959 Quamobrem
1107 2896 1162 2949 in
1200 2897 1519 2965 praesentia,
1551 2914 1580 2952 a
1615 2897 1780 2953 nobis
1808 2915 1924 2953 non

325 2982 556 3037 dicetur
590 2985 656 3039 de
696 2985 891 3055 ﬁguris
928 2996 984 3041 et
1014 2989 1348 3053 intervallis,
1398 3006 1506 3045 nec
1553 2990 1623 3046 de
1678 2992 1924 3047 circuat-

325 3076 650 3131 actionihus
682 3089 739 3133 et
768 3079 1013 3133 motibus
1042 3088 1098 3134 et
1121 3082 1470 3151 regressibus
1506 3083 1560 3138 in
1591 3100 1724 3139 suos
1745 3085 1922 3151 locos,

1998 580 2159 653 prius
2186 577 2503 633 construxit
2539 576 2595 630 in
2639 573 2915 645 sapientia
2952 556 3037 628 {ad
3084 573 3208 642 ejus
3257 570 3490 642 ﬁguram
3541 580 3599 626 et

1999 673 2249 744 priorem
2305 668 2766 739 descriptionem.
2812 666 2881 721 Et
2919 664 3070 735 quod
3106 663 3292 719 statim
3343 680 3374 718 a
3417 663 3598 733 prima

2000 765 2156 821 vocis
2196 763 2516 845 effectione,
2575 762 2697 831 ejus
2746 759 3111 814 fundamenta
3154 766 3209 812 et
3254 766 3597 811 structuram

2002 867 2060 916 et
2087 858 2498 929 apparitionem
2518 865 2569 912 et
2597 854 3066 911 illuminationem
3099 851 3596 923 praemeditabatur

2003 964 2062 1012 et
2100 955 2259 1027 prius
2298 952 2687 1014 describebat,
2719 957 2799 1010 et
2852 966 2952 1020 per
3001 948 3247 1018 primum
3298 945 3502 1003 coelum
3543 954 3603 1002 et

2005 1045 2337 1110 secundum,
2370 1051 2429 1100 et
2468 1058 2593 1114 qua:
2634 1049 2766 1097 sunt
2814 1041 2873 1094 in
2935 1040 3073 1110 ipsis
3114 1038 3436 1103 luminaria,
3495 1052 3602 1111 nec

2006 1139 2117 1196 hoc
2150 1136 2369 1202 solum,
2423 1137 2520 1192 sed
2576 1134 2740 1190 etiam
2804 1148 2902 1204 per
2960 1132 3141 1203 ipsum
3187 1132 3361 1187 solem
3412 1138 3471 1185 et
3510 1130 3603 1186 lum

2005 1248 2157 1297 nam,
2193 1240 2250 1287 et
2283 1238 2485 1285 terram
2506 1270 2520 1293 ,
2547 1238 2604 1283 et
2625 1241 2822 1297 aquas,
2846 1233 2902 1281 et
2923 1225 3163 1294 plantas,
3189 1232 3246 1279 et
3271 1237 3494 1293 pecora.
3544 1227 3603 1277 et

2006 1328 2289 1391 volucres,
2318 1324 2607 1393 etpisces;
2639 1328 2715 1385 et,
2745 1326 2806 1375 ut
2830 1317 3000 1374 semel
3023 1316 3226 1380 dicam,
3254 1333 3353 1387 per
3379 1328 3600 1370 omnem

2010 1429 2326 1476 creaturam
2355 1415 2479 1472 coeli
2511 1423 2569 1469 et
2602 1423 2786 1481 terrae,
2820 1409 3106 1465 Christum
3131 1408 3225 1478 qui
3274 1410 3330 1462 in
3378 1408 3513 1479 ipsis
3546 1417 3604 1463 et

2011 1529 2111 1585 per
2142 1513 2318 1582 ipsam
2352 1508 2627 1578 loquitur,
2680 1505 2949 1575 praedicat
2998 1511 3056 1557 et
3103 1500 3396 1573 magniﬁce
3450 1517 3606 1556 com—

2012 1604 2258 1662 mendat.

2082 1699 2209 1757 Haec
2239 1697 2462 1752 discens
2489 1692 2739 1749 Ecclesia
2771 1691 3013 1746 exsultat
3044 1697 3101 1745 et
3124 1688 3343 1743 laetatur
3379 1729 3394 1753 ,
3426 1688 3598 1759 gestit

2014 1804 2072 1851 et
2102 1792 2470 1862 illuminatur,
2500 1796 2557 1844 et
2597 1787 2864 1842 adversus
2897 1782 3152 1839 inﬁdeles
3177 1784 3371 1838 valens
3402 1797 3486 1837 -ac
3516 1797 3609 1835 ro-

2017 1887 2180 1942 busta
2195 1883 2469 1945 redditur,
2491 1880 2577 1934 vel
2603 1878 2789 1951 potius
2813 1884 3064 1933 armatur
3086 1893 3101 1942 ;
3130 1890 3228 1931 eos
3246 1873 3606 1937 convincens,

2016 1977 2289 2043 dedecore
2318 1969 2582 2035 alliciens,
2604 1970 2857 2033 vincens,
2878 1958 3145 2024 exsilieﬁs
3161 1976 3218 2022 et
3243 1965 3566 2037 tripudians
3591 1982 3604 2019 :

2018 2068 2298 2140 siquidem
2343 2065 2611 2121 universa
2655 2078 2779 2133 quae
2833 2061 3090 2117 cernitur
3133 2068 3190 2115 et
3235 2058 3612 2130 intelligentia

2018 2161 2333 2232 percipitur
2387 2167 2665 2219 creatura,
2703 2155 2772 2210 ad
2823 2155 2946 2224 ejus
2996 2154 3296 2225 imaginem
3325 2160 3382 2207 et
3421 2152 3609 2221 sponsi

2018 2256 2105 2311 sui
2130 2253 2337 2310 Christi
2366 2252 2526 2322 prius
2549 2256 2868 2307 constructa
2892 2248 2998 2303 fuit
3022 2256 3078 2303 et
3100 2246 3471 2318 prmﬁgurata.
3493 2245 3610 2303 lloc

2023 2356 2111 2403 est
2133 2346 2282 2403 enim
2314 2344 2663 2417 mysterium,
2683 2340 2833 2412 quod
2867 2347 2997 2396 ante
3025 2340 3227 2396 saecula
3252 2349 3309 2395 et
3332 2356 3361 2393 a
3387 2354 3612 2410 genera-

2004 2437 2272 2492 1ionibus
2296 2435 2451 2505 prius
2473 2432 2689 2489 deﬁuiit
2712 2433 2877 2499 Deus,
2899 2440 2957 2495 et
2985 2422 3423 2502 praedestinavit.
3453 2428 3609 2485 Unde

2021 2530 2190 2586 etiam
2247 2528 2454 2591 dicitur
2509 2526 2658 2580 Deus
2722 2526 2908 2580 omnia
2966 2526 3022 2580 in
3088 2531 3257 2594 caput
3323 2520 3610 2590 redegisse

2021 2624 2079 2671 et
2128 2610 2478 2671 instaurasse
2544 2612 2599 2667 in
2651 2610 2878 2667 Christo
2898 2612 2939 2666 ⁸.
2988 2611 3131 2679 Quid
3164 2620 3251 2666 est
3316 2608 3373 2664 in
3439 2619 3608 2680 caput

2023 2711 2306 2781 redegisse
2354 2719 2412 2764 et
2464 2709 2806 2763 instaurasse
2841 2747 2857 2773 ,
2909 2721 3076 2777 quam
3149 2720 3215 2761 ea
3264 2720 3390 2775 qua:
3436 2703 3614 2777 ratio-

2023 2803 2279 2878 nibusjn
2328 2801 2449 2871 ipso
2472 2801 2631 2871 prius
2677 2807 2840 2873 erant
2869 2798 3103 2870 ﬁgurata
3140 2807 3197 2853 et
3223 2782 3554 2853 adumbrata
3587 2836 3603 2860 ,

2026 2897 2209 2968 reipsa
2257 2895 2418 2951 factis
2473 2895 2531 2949 in
2573 2894 2694 2966 ipso
2733 2909 2856 2950 esse
2897 2893 3161 2965 impleta?
3196 2893 3391 2949 Omnia
3417 2890 3572 2947 enim
3597 2933 3613 2957 ,

2027 2991 2231 3062 inquit,
2265 3007 2360 3062 per
2389 2986 2590 3062 ipsum,
2625 2999 2674 3047 et
2703 2990 2758 3044 in
2780 2989 2895 3060 ipso
2929 2985 3139 3043 Christo
3166 2985 3309 3056 facta
3351 2994 3491 3047 sunt.
3506 2994 3618 3039 tam

2028 3095 2147 3152 qua:
2172 3082 2227 3135 in
2256 3080 2397 3135 caelis
2427 3098 2592 3150 quam
2626 3096 2744 3152 qua:
2772 3085 2826 3135 in
2863 3089 3032 3143 terra,
3087 3077 3318 3133 visibilia
3346 3085 3397 3132 et
3428 3077 3614 3132 invisi-

322 3183 438 3222 nec
469 3168 536 3222 de
564 3170 831 3238 posituris
860 3182 917 3227 et
958 3173 1408 3239 alterationibus,
1443 3192 1549 3232 nec
1578 3177 1648 3231 de
1677 3179 1927 3234 motibus
1954 3187 1995 3244 (ζ
2030 3172 2183 3239 bilia,
2214 3175 2321 3229 sive
2352 3173 2583 3238 Tltroni,
2623 3174 2730 3229 sive
2764 3173 3190 3237 Dominationes,
3253 3173 3363 3227 sive
3411 3169 3622 3225 Princi-

322 3260 391 3314 in
427 3262 643 3329 orbem,
681 3280 783 3319 nec
814 3265 883 3320 de
918 3266 1283 3335 antipodibus
1308 3278 1366 3324 et
1390 3269 1459 3324 de
1486 3271 1743 3340 partibus
1772 3273 1925 3339 cceli,

320 3364 393 3409 et
417 3353 640 3410 Saturni
674 3357 948 3421 motibus,
981 3375 1084 3413 nec
1122 3359 1191 3414 de
1219 3361 1345 3416 cadi
1379 3373 1534 3417 motu
1559 3364 1924 3433 etgradibus,

322 3460 446 3501 nec
490 3446 559 3501 de
607 3437 755 3503 lunae
815 3457 942 3503 ortu
977 3459 1036 3504 et
1083 3450 1329 3515 defectu,
1384 3468 1568 3524 neque
1610 3471 1808 3512 rursus
1859 3456 1930 3511 de

322 3539 510 3593 astris
558 3548 612 3594 et
657 3540 1044 3611 singularibus
1094 3560 1217 3613 quae
1262 3544 1319 3598 in
1369 3546 1455 3600 eis
1498 3547 1933 3604 considerantur

324 3631 550 3695 stellis;
584 3646 695 3685 non
735 3632 803 3687 de
831 3643 956 3690 ortu
1005 3650 1276 3705 aquarutn
1333 3645 1391 3691 et
1442 3637 1930 3705 inundationibus,

320 3738 406 3776 cx
425 3724 631 3791 quibus
652 3739 751 3779 eos
774 3741 997 3795 quoque
1027 3727 1124 3796 qui
1157 3727 1211 3781 in
1245 3728 1384 3784 locis
1411 3729 1549 3786 liuut
1576 3739 1928 3788 terraemotus

324 3814 557 3870 visione
592 3818 1206 3889 apprehemleruntqui
1249 3836 1308 3876 se
1357 3821 1413 3895 in
1443 3824 1836 3880 mathematica
1876 3836 1935 3882 et

326 3908 448 3962 hac
479 3910 841 3978 conjecturali
873 3920 996 3966 arte
1030 3923 1430 3982 exercuerunt,
1458 3932 1489 3972 a
1521 3933 1633 3987 qua
1665 3926 1932 3989 tanquam

327 3998 415 4052 ab
449 4001 685 4055 exitiosa
741 4002 831 4064 lue
868 4002 1130 4058 liberavit
1161 4004 1467 4060 Ecelesiam
1515 4023 1745 4074 verum,
1784 4010 1935 4080 quod

332 4091 405 4145 in
438 4094 602 4148 terris
626 4105 937 4151 versatum.
967 4106 1072 4158 est,
1112 4098 1382 4155 Verbum.
1416 4099 1554 4154 Nam
1598 4102 1733 4171 quid
1789 4102 1932 4158 lucri

329 4186 559 4253 ceperit
596 4187 843 4244 Ecclesia
899 4189 944 4243 si
987 4189 1259 4251 dilicerit
1278 4192 1597 4248 universam
1630 4197 1934 4253 motionem

330 4276 486 4332 solis
511 4287 570 4332 et
597 4278 760 4347 lunae,
783 4290 840 4336 et
870 4281 1018 4346 eteli,
1044 4290 1098 4337 et
1133 4290 1297 4340 terra:
1320 4296 1377 4338 et
1402 4294 1696 4341 ventorum
1716 4297 1773 4343 et
1801 4290 1936 4344 stel-

332 4369 571 4435 larum,
622 4383 994 4444 prmterquam
1037 4376 1213 4430 solam
1268 4390 1595 4446 pereuntem
1642 4392 1699 4436 et
1743 4382 1937 4441 falsam

331 4461 714 4529 Opinionem?
766 4467 993 4524 Discens
1044 4477 1232 4524 autem
1270 4478 1329 4525 et
1371 4471 1608 4526 audiens
1669 4474 1818 4544 quod
1866 4477 1937 4531 ab

2030 3275 2189 3337 putus
2210 3276 2258 3321 et
2286 3266 2604 3331 Potestates,
2624 3267 2805 3321 omnia
2834 3281 2928 3337 per
2951 3266 3126 3336 ipsum
3147 3273 3195 3319 et
3218 3265 3273 3319 in
3302 3264 3416 3335 ipso
3436 3270 3621 3317 creata

2029 3350 2208 3414 sunt"
2242 3377 2257 3426 ;
2292 3359 2391 3414 Dei
2426 3367 2615 3415 autem
2647 3358 2950 3429 Apostolus
2979 3358 3173 3414 dicens
3204 3357 3393 3413 omnia
3434 3362 3493 3411 et
3532 3354 3620 3409 vi-

2031 3452 2216 3508 sibilia
2242 3465 2301 3508 et
2331 3451 2640 3508 invisibilia
2676 3451 2733 3506 in
2762 3450 2992 3508 Christo
3020 3467 3145 3508 esse
3173 3458 3383 3516 creata,
3431 3456 3621 3519 aperte

2032 3545 2279 3601 ostendit
2296 3553 2353 3600 et
2368 3545 2533 3602 docet
2551 3543 2700 3616 quod
2722 3544 2839 3617 ipsa
2864 3544 3033 3601 etiam
3054 3543 3352 3600 invisibilis
3369 3551 3625 3599 creatura

2033 3636 2194 3706 prius
2223 3634 2457 3707 ﬁgurata
2487 3644 2546 3691 et
2571 3634 2714 3690 facta
2744 3633 2852 3690 fuit
2879 3635 2935 3690 in
2974 3633 3200 3691 Christo
3246 3642 3303 3694 et
3350 3633 3623 3689 Ecclesia.

2036 3726 2144 3783 Sed
2168 3728 2237 3783 de
2267 3728 2591 3783 coelestibus
2616 3727 2843 3800 quidem
2869 3725 3343 3797 quemadmodum
3378 3735 3436 3781 et
3464 3723 3627 3781 Chri-

2035 3826 2182 3876 stum
2210 3828 2268 3875 et
2296 3817 2603 3874 Ecclesiam
2635 3818 2967 3875 describunt
2992 3833 3059 3873 ac
3082 3817 3439 3889 praeﬁgurant
3461 3856 3475 3880 ,
3511 3831 3624 3871 non

2034 3925 2334 3981 possumus
2348 3916 2544 3981 aperte
2564 3910 2755 3967 dicere
2785 3909 3258 3982 quemadmodum
3283 3908 3626 3981 intelligatur

2036 4002 2264 4072 quidem
2286 4003 2514 4075 angelus
2537 4001 2606 4058 iis
2625 4002 2719 4073 qui
2741 4009 2859 4058 est:
2879 4002 3063 4074 magni
3089 4001 3297 4057 consilii
3315 4002 3539 4074 angelus
3557 4001 3624 4066 ι’,

2038 4102 2095 4150 et
2148 4111 2344 4151 rursus
2402 4095 2875 4166 quemadmodum
2931 4095 3341 4167 archangelus,
3391 4096 3487 4167 qui
3540 4102 3629 4152 est

2038 4187 2304 4258 princeps
2326 4180 2650 4259 angelorum
2678 4186 2829 4258 ipsos
2851 4187 3019 4243 etiam
3042 4188 3215 4243 mittit
3243 4196 3505 4259 tanquam
3525 4187 3626 4247 ad-

2041 4279 2477 4334 ministratorios
2502 4279 2734 4349 spiritus
2752 4278 2850 4349 qui
2869 4278 2921 4334 ei
2945 4278 3217 4340 assistunt
3244 4298 3258 4334 :
3278 4288 3333 4335 et
3354 4279 3627 4351 quemad-

2040 4372 2277 4427 modum.
2304 4371 2629 4427 nominatur
2662 4372 3009 4444 principium
3031 4413 3045 4438 ,
3071 4372 3281 4443 quiest
3319 4372 3375 4427 in
3407 4372 3629 4443 princi-

2041 4465 2135 4535 pio
2147 4465 2295 4520 Deus
2307 4463 2576 4530 Verbum,
2600 4466 2847 4537 princeps
2868 4465 3015 4536 pacis
3042 4474 3091 4519 et
3108 4471 3262 4536 pater
3278 4465 3446 4536 futuri
3467 4481 3637 4520 siccu-

332 4555 471 4622 ipso
506 4554 617 4610 Deo
651 4557 1042 4615 universorum
1082 4561 1346 4617 effectore
1391 4563 1592 4619 cll‘eeta
1647 4574 1778 4620 sunt
1820 4567 1923 4623 due

2044 4554 2082 4610 li
2130 4556 2196 4610 “.
2225 4555 2455 4626 Magnus
2488 4563 2575 4610 est
2614 4558 2764 4611 enim
2811 4557 2933 4628 ejus
2975 4556 3325 4628 principatus
3350 4597 3365 4621 ,
3399 4567 3450 4611 et
3483 4560 3658 4629 pacis-

333 4647 592 4715 opiilcia.
631 4667 802 4705 unum
833 4654 1060 4722 quidem
1092 4670 1210 4725 quo
1239 4656 1648 4725 produceretur
1683 4659 1851 4716 homo
1877 4672 1936 4717 et

338 4739 436 4809 (ut
458 4744 625 4796 semel
653 4744 857 4811 dicam)
888 4762 978 4801 res
1001 4748 1187 4803 omnis
1229 4764 1436 4812 creata,
1481 4751 1719 4806 alterum
1743 4765 1934 4810 autem

340 4848 464 4900 quo
483 4832 620 4888 bene
648 4846 797 4891 esset
816 4847 874 4892 et
897 4839 1064 4894 homo
1088 4848 1144 4894 et
1174 4842 1436 4896 universa
1467 4857 1554 4897 res
1573 4853 1782 4915 creata,
1809 4861 1935 4901 cum

344 4926 471 4992 ipse
494 4942 716 4983 carnem
752 4932 1018 5001 suscepit,
1040 4933 1292 4989 liberatis
1308 4934 1575 4990 ontnibus
1588 4935 1658 4990 ab
1676 4936 1932 5005 interitu,

341 5032 482 5070 cum
509 5033 568 5073 ut
594 5019 737 5077 bene
761 5036 953 5080 essent
976 5035 1319 5096 acceperunt
1353 5044 1366 5080 :
1402 5027 1629 5098 etquod
1661 5036 1935 5100 tanquam

344 5111 621 5182 propheta
655 5114 880 5171 divinus
908 5117 1087 5173 Moses
1115 5120 1368 5188 praevidit
1403 5120 1573 5174 etiam
1604 5121 1938 5190 productio-

346 5223 483 5260 nem
515 5224 566 5261 ct
592 5208 876 5277 opiﬁcium
903 5220 1179 5267 creatura:
1222 5212 1291 5267 ad
1326 5212 1433 5267 hoc
1479 5221 1540 5265 ttt
1570 5212 1711 5268 bene
1756 5214 1851 5269 sit.
1881 5224 1938 5270 et

348 5296 608 5353 scribens
633 5299 1107 5368 quemadmodum
1149 5302 1218 5355 ad
1274 5302 1380 5357 hoc
1423 5310 1659 5358 utesset
1704 5282 1945 5360 deducta

347 5391 653 5455 exstiterit,
690 5392 743 5446 in
778 5393 895 5461 ipsa
925 5394 1093 5469 etiam
1129 5394 1418 5464 Scriptura
1451 5395 1829 5468 inseruitejus
1857 5414 1949 5453 rc-

349 5483 747 5541 formationem
782 5501 879 5556 per
910 5486 1195 5541 Christum
1233 5488 1302 5542 ad
1342 5487 1449 5542 hoc
1471 5496 1532 5541 ut
1564 5488 1706 5543 bene
1731 5489 1826 5553 sit,
1853 5489 1949 5543 sed

348 5576 501 5647 style
528 5576 768 5645 quodam
794 5577 1128 5648 prophetico
1154 5576 1508 5647 obscureque
1533 5586 1591 5631 et
1626 5577 1946 5648 allegorieo.

432 5749 857 5838 f'ltialth._sx11.
886 5755 921 5809 2
950 5769 1101 5838 seqq.
1171 5756 1211 5838 1
1234 5754 1407 5838 IhCor.
1434 5773 1510 5821 ut,

363 5826 404 5855 ¹²
442 5824 578 5877 ibid.
668 5827 706 5857 "
746 5826 880 5881 Luc.
912 5842 947 5892 t,
999 5824 1087 5881 55.
1171 5824 1213 5858 ’⁸
1241 5828 1377 5881 Dan.
1404 5844 1498 5894 vn,
1532 5829 1617 5883 li.

1731 5758 1752 5789 ⁸
1784 5758 1985 5827 Ephes.
2026 5773 2062 5819 t,
2102 5757 2184 5811 lt).

1699 5827 1737 5860 ¹¹⁶
1773 5828 1964 5885 Matth.
2002 5843 2184 5894 xxvnt,
2227 5828 2303 5882 l8.

2046 4652 2160 4723 ejus
2182 4668 2289 4706 non
2316 4658 2392 4705 est
2426 4652 2767 4706 terminus".
2804 4650 2915 4705 Aut
2959 4650 3435 4722 quemadmodum
3463 4653 3630 4707 intel~

2044 4746 2282 4816 ligamus
2315 4745 2491 4815 ipsam
2509 4751 2838 4815 potestatem
2854 4744 2950 4815 qui
2964 4744 3110 4800 Deus
3129 4755 3215 4801 est
3238 4745 3450 4799 habens
3484 4755 3655 4814 poteo.

2048 4847 2246 4897 statem
2275 4837 2437 4892 fortis
2455 4846 2513 4892 et
2536 4848 2754 4906 potens.
2799 4836 2899 4892 Est
2926 4838 3077 4892 enim
3115 4837 3238 4909 ejus
3270 4845 3551 4906 potestas,
3577 4846 3638 4889 ut

2047 4932 2183 4987 dicit
2199 4930 2391 4986 Daniel
2414 4947 2427 4983 :
2447 4929 2517 4984 Et
2542 4936 2774 5000 potestas
2786 4936 2988 4983 aeterna
3004 4944 3123 4999 qua:
3140 4926 3635 4999 non-apstuleribit";

2047 5023 2174 5079 data
2198 5029 2282 5077 est
2297 5020 2446 5078 enim
2474 5019 2788 5090 eipotestas
2807 5017 2865 5073 in
2889 5017 3030 5076 coelo
3046 5017 3182 5073 etin
3208 5024 3355 5072 terra
3376 5013 3654 5079 “.Porro,

2045 5125 2233 5172 autem
2263 5115 2658 5185 homonymum
2684 5126 2909 5184 quoque
2941 5110 3122 5181 ipsum
3153 5109 3433 5179 intelliges
3456 5106 3640 5164 Thro-

2050 5221 2184 5260 num
2242 5222 2255 5259 :
2294 5211 2486 5273 utpote
2537 5204 2684 5274 quod
2732 5202 2900 5257 Pater
2946 5215 3115 5271 super
3163 5198 3343 5270 ipsum
3382 5199 3642 5269 quiescat

2047 5308 2313 5368 tanquam
2347 5296 2694 5366 unigenitum
2717 5302 2774 5350 et
2795 5309 3122 5365 germanum
3148 5292 3368 5356 Filium,
3387 5302 3444 5347 et
3473 5290 3651 5349 simul.

2047 5390 2216 5445 etiam
2254 5405 2358 5444 nos
2407 5390 2574 5445 faciat
2620 5388 2939 5459 quiescere,
2981 5397 3356 5457 congruenter
3394 5384 3445 5441 ei
3491 5384 3640 5455 quod

2051 5486 2320 5554 scriptum
2349 5490 2436 5537 est
2469 5499 2482 5535 :
2520 5481 2700 5536 Venite
2729 5480 2800 5535 ad
2830 5496 2932 5543 me,
2961 5495 3141 5533 omnes
3185 5479 3274 5550 qui
3307 5476 3566 5532 laboratis
3593 5484 3657 5530 εει

2051 5577 2260 5631 onerati
2296 5577 2450 5642 estis,
2516 5582 2565 5627 et
2609 5575 2811 5645 faciam
2854 5590 2943 5629 vos
2985 5574 3250 5645 quiescere
3280 5574 3344 5629 ".
3397 5572 3553 5640 Quod
3596 5571 3643 5626 si

2291 5754 2636 5813 'ColossJ.
2691 5757 2751 5811 1ςῖ
2851 5754 3004 5809 “isa
3065 5772 3135 5819 tx,
3188 5757 3241 5809 6.
3331 5771 3440 5810 sec.
3484 5747 3645 5809 LXX.

2388 5829 2428 5858 ³⁵
2460 5826 2646 5881 Matth.
2674 5844 2747 5885 XI.
2772 5827 2865 5884 9.8.
