4056 6474
400 373 508 439 853

1618 370 1679 429 S.
1722 368 1822 429 AN
1826 367 2123 429 ASTASII
2160 365 2486 427 SlNAlTJi

3582 366 3688 429 εξςδ

400 493 571 549 etiam
604 490 686 546 "is
720 504 885 544 "0550
923 502 1054 541 Cum
1098 486 1309 541 habere
1352 499 1447 538 ε)οκ
1495 483 1609 537 “his
1643 524 1656 547 ν
1691 482 1821 538 audi
1864 498 1991 537 “"n
2028 490 2065 546 Α
2096 500 2356 558 sensibus
2402 502 2623 556 ornavit
2667 501 2971 557 Ecclesiam
3012 499 3416 557 celeberrimus
3449 499 3689 573 Cyrillus

399 586 497 657 qui
538 584 804 656 ipsidicit
837 600 850 636 :
882 582 947 638 In
976 581 1206 653 tegmine
1252 578 1467 633 alarum
1498 584 1718 630 tuarum
1754 585 1994 647 proteges

404 696 488 734 me
505 695 524 742 ;
546 675 832 731 extendam
865 673 981 728 alas
1003 690 1131 729 suae
1163 689 1248 726 cos
1272 670 1499 741 suscepit
1532 668 1596 724 ⁸⁸.
1620 666 1994 735 Quemadmo-

401 779 536 825 uum
586 777 771 824 autem
824 766 918 821 tua:
956 782 1081 822 uera
1126 764 1443 817 illuminans
1482 776 1690 816 omnem
1732 761 1996 814 hominem

401 865 700 917 venientem
729 862 788 915 in
812 860 1070 915 mundum
1109 858 1174 922 ‘7,
1202 856 1406 912 merito
1428 853 1615 909 omnia
1670 852 1952 923 aspiciens
1980 890 1995 913 .

400 963 635 1011 vocatus
672 960 779 1019 est,
818 949 1239 1021 πολυόφθαλμυς
1288 947 1346 1006 id
1392 954 1499 1013 est,
1540 946 1749 1002 multos
1786 943 1998 999 habens

402 1047 616 1103 oculos.
666 1047 775 1101 Per
834 1041 1249 1113 homonymiam
1296 1049 1486 1094 autem
1550 1036 1862 1109 appellatus
1911 1042 1998 1091 est

402 1145 573 1197 etiam
612 1138 902 1203 Dominus,
933 1136 1030 1208 qui
1054 1136 1112 1190 in
1143 1134 1497 1191 dominantes
1525 1132 1745 1189 obtinet
1781 1118 1996 1202 princi-

401 1243 593 1307 patum
620 1250 632 1286 :
667 1232 925 1287 Dominus
949 1230 1101 1287 enim
1124 1236 1212 1284 est
1241 1229 1394 1299 fortis
1422 1237 1471 1282 et
1502 1234 1706 1298 potens,
1736 1225 1997 1280 Dominus

403 1341 587 1401 potens
612 1330 669 1383 in
691 1326 828 1382 bello
865 1327 934 1381 ιθ.
966 1325 1060 1387 Et,
1088 1323 1348 1379 Dominus
1375 1323 1635 1377 uirtutum
1667 1320 1733 1374 “.
1766 1320 1857 1385 Et,
1889 1318 1995 1374 Do-

405 1424 582 1477 minus
617 1419 910 1475 altissimus
938 1419 1009 1473 ²⁰.
1040 1415 1314 1483 Quoniam
1364 1422 1555 1471 autem
1597 1414 1999 1484 interpretatur

403 1510 732 1575 Cheruhim,
773 1508 1053 1564 multitudo
1104 1507 1418 1579 cognitionis
1459 1522 1478 1560 :
1516 1504 1666 1560 Deus
1696 1510 1882 1558 autem
1913 1510 2001 1557 est

401 1601 674 1658 Dominus
700 1600 1109 1671 cognitionum,
1154 1598 1275 1669 ipse
1298 1597 1448 1653 enim
1476 1593 1765 1666 cognoscit
1810 1591 2000 1649 omnia

403 1704 700 1765 antequam
727 1692 861 1747 ﬁant
890 1693 958 1755 “,
986 1699 1044 1747 et
1076 1708 1090 1745 :
1126 1690 1292 1746 Nemo
1322 1690 1585 1761 cognoscit
1630 1686 1850 1741 Patrem
1897 1685 2001 1740 nisi

402 1786 572 1842 Filius
610 1788 692 1854 “;
739 1785 941 1841 merito
988 1791 1222 1839 vocatur
1258 1782 1429 1837 etiam
1460 1778 1632 1851 859
1652 1778 1995 1844 Cberubim,

402 1876 495 1947 qui
529 1877 649 1948 ipsa
703 1874 957 1931 condidit
1002 1871 1328 1929 Cherubim.
1376 1869 1536 1926 Sicut
1568 1868 1737 1924 etiam
1786 1881 1991 1923 rursus
2028 1862 2072 1922 B

403 1968 718 2040 Seraphim,
734 1968 883 2040 quod
902 1967 1302 2038 interpretatur
1322 1966 1461 2035 ignis
1492 1964 1687 2020 ardens
1702 1972 1754 2017 et
1782 1964 1999 2017 combu-

400 2080 528 2118 rens
560 2063 754 2119 :Deus
804 2061 956 2117 enim
1004 2068 1231 2126 noster,
1277 2057 1423 2129 ignis
1470 2055 1807 2112 comburens
1826 2053 1875 2087 “
1913 2059 2002 2109 est

401 2157 662 2214 Christus
693 2172 708 2211 :
740 2164 797 2211 et
835 2153 997 2210 ideo:
1040 2151 1204 2215 Veni,
1238 2151 1459 2221 inquit,
1500 2151 1679 2221 ignem
1705 2147 1915 2202 mittere
1942 2146 2001 2201 in

405 2248 692 2305 terram“.
742 2245 853 2304 Sed
888 2247 997 2302 hoc
1025 2244 1252 2317 quidem
1296 2253 1563 2314 tanquam
1591 2256 1694 2312 per
1716 2241 2001 2312 epitomen

401 2360 554 2400 nunc
582 2343 794 2398 dictum
818 2342 891 2396 sit
912 2336 1383 2411 quemadmodum
1414 2334 1734 2391 referuntur
1755 2334 1813 2388 in
1836 2332 2001 2390 Chri-

403 2449 575 2505 stum,
611 2446 669 2493 et
700 2435 845 2491 facta
877 2433 991 2490 sint
1011 2447 1140 2488 eum
1163 2431 1322 2502 prius
1351 2427 1726 2485 describentis
1753 2442 1819 2482 ac
1862 2441 2005 2498 pra-

403 2528 723 2603 tigurantia.
771 2525 932 2594 Quod
967 2535 1156 2580 autem
1205 2537 1271 2578 ea
1311 2536 1534 2592 quoque
1587 2520 1702 2575 sint
1738 2517 2004 2575 Ecclesia

336 2692 343 2699 .
402 2620 781 2692 exemplaria,
813 2627 872 2674 et
900 2618 1077 2689 ipsam
1112 2616 1271 2688 prius
1309 2613 1624 2687 signiﬁcent
1658 2621 1714 2668 et
1742 2611 2000 2683 ﬁgurant,

403 2716 477 2771 ab
505 2715 611 2770 hac
661 2711 1013 2769 dubitatione
1060 2719 1115 2766 te
1146 2722 1348 2765 rursus
1377 2706 1581 2762 liberat
1622 2705 1740 2776 ipse
1779 2704 2005 2759 divinus

403 2808 708 2880 Apostolus
745 2806 801 2861 in
849 2804 1098 2876 Epistola
1125 2803 1193 2858 ad
1234 2800 1531 2868 Hebraos,
1578 2798 1774 2855 dicens
1823 2797 1893 2855 de
1926 2805 2007 2853 ta-

405 2899 711 2956 bernaculo
745 2895 1050 2954 testimonii
1088 2894 1234 2950 etde
1263 2893 1529 2949 omnibus
1558 2891 1615 2945 in
1650 2905 1718 2946 eo
1742 2898 2003 2945 constru-

406 2992 535 3056 ctis,
560 2990 709 3063 quod
738 3007 801 3047 ea
828 2989 971 3046 facta
998 2988 1113 3045 sint
1141 2987 1198 3042 in
1225 2986 1458 3059 ﬁguram
1480 2982 2003 3050 Ecclesia,dicens:

405 3083 527 3142 Non
553 3086 609 3139 in
688 3082 1297 3155 manufactaingressus
1349 3086 1426 3133 est
1471 3077 1711 3133 Christus
1755 3092 2005 3132 verorum

407 3175 765 3247 exemplaria,
812 3173 905 3229 sed
935 3174 995 3227 in
1036 3173 1211 3244 ipsum
1249 3169 1527 3226 coelum“.
1558 3169 1761 3226 Dicens
1792 3176 2000 3235 autem,

408 3267 781 3339 exemplaria,
839 3264 1087 3321 ostendit
1144 3264 1289 3319 citra
1334 3262 1500 3317 ullam
1554 3261 1999 3327 dubitationem,

410 3375 766 3432 quacunque
793 3366 923 3414 sunt
947 3357 1003 3412 in
1038 3356 1289 3413 Ecclesia
1318 3370 1441 3411 esse
1480 3353 1826 3409 imitamenta
1851 3352 2005 3409 ordi-

407 3467 546 3507 num
589 3448 921 3506 calestium.
972 3447 1031 3504 Si
1073 3462 1207 3519 ergo
1242 3446 1580 3514 invisibilia,
1625 3455 1682 3502 et
1715 3461 1840 3516 qua
1874 3453 2005 3501 sunt

410 3545 890 3616 prastantissima,
936 3549 1068 3599 sunt
1124 3550 1445 3612 comparata
1490 3539 1559 3595 ad
1601 3539 1897 3611 imaginem
1948 3547 2006 3595 et

410 3634 645 3706 ﬁguram
680 3633 973 3700 Ecclesiae,
1001 3647 1072 3687 ne
1103 3630 1173 3686 de
1206 3639 1407 3687 caetero
1434 3629 1676 3700 amplius
1708 3628 2005 3685 dubitave-

410 3731 513 3794 ris,
549 3737 606 3785 et
658 3744 730 3783 ne
770 3726 936 3783 ﬁdem
993 3741 1105 3781 non
1157 3724 1428 3780 habueris
1461 3723 1610 3794 quod
1644 3732 1700 3778 et
1743 3723 2006 3779 universa

416 3819 725 3884 terrestria,
772 3833 897 3889 qua
927 3817 1132 3888 scripta
1170 3823 1301 3871 sunt
1331 3814 1390 3869 in
1434 3814 1556 3885 lege
1586 3814 1846 3880 Mosaica,
1881 3829 2005 3869 uin-

411 3914 571 3970 bram
591 3913 912 3969 habuerunt
945 3920 1002 3967 et
1032 3911 1264 3984 ﬁguram
1290 3911 1605 3965 futurorum
1625 3908 1681 3963 in
1711 3906 1876 3963 nobis
1903 3907 2008 3962 bo-

408 4021 634 4069 norum,
663 4014 727 4062 ut
760 4004 926 4061 docet
964 4003 1259 4060 Paulus".
1286 4002 1383 4058 Sic
1408 4008 1494 4056 est
1519 4000 1670 4057 enim
1696 3999 2008 4070 intelligen-

411 4098 568 4162 dum,
601 4097 751 4168 quod
784 4097 922 4153 dicit
951 4095 1230 4161 Christus,
1266 4093 1415 4166 quod
1440 4095 1551 4147 iota
1583 4109 1753 4147 unum
1782 4100 1832 4145 et
1871 4108 2007 4163 apex

412 4209 581 4257 inuis,
640 4208 740 4262 per
787 4205 912 4262 qua
968 4188 1316 4261 signiﬁcatur
1370 4191 1591 4259 signum
1650 4187 2005 4255 erucis,non

412 4282 701 4351 prwteribit
733 4299 765 4336 a
806 4281 920 4353 lege
962 4281 1125 4336 donec
1158 4281 1341 4335 omnia
1377 4278 1516 4347 ﬁant
1537 4281 1617 4347 "’,
1647 4279 1718 4334 de
1745 4279 1867 4349 ipso
1896 4278 2006 4334 sci-

410 4377 543 4433 licet
612 4374 821 4431 dictum
899 4381 986 4430 est
1047 4382 1105 4430 et
1171 4372 1243 4429 de
1302 4364 1573 4431 Ecclesia.
1632 4371 1808 4443 Cuiu's
1854 4371 2007 4427 enim

410 4477 562 4523 esset
608 4471 813 4537 imago,
863 4465 1286 4521 tabernaculum
1319 4463 1663 4530 testimonii,
1724 4472 1783 4520 et
1831 4478 2008 4535 agnus

410 4556 709 4628 paschalis,
741 4565 799 4613 et
840 4556 1088 4628 sanguis.
1122 4564 1183 4612 et
1212 4555 1487 4627 aspersio,
1535 4562 1593 4609 et
1626 4553 1919 4620 sacriﬁcia,
1952 4563 2010 4611 et
2040 4593 2086 4650 Β

350 4640 353 4643 ⁷
411 4651 580 4721 ignis,
604 4660 661 4706 et
690 4665 1038 4722 quacunque
1066 4648 1205 4705 ﬁunt
1232 4665 1333 4720 per
1367 4648 1597 4721 legalem
1634 4646 1733 4704 Dei
1762 4649 2000 4715 cultum,

411 4743 518 4803 nisi
559 4744 766 4804 Christi
802 4753 859 4800 et
907 4744 1204 4800 Ecclesia?
1235 4740 1396 4798 Unde
1438 4742 1607 4797 etiam
1651 4742 1747 4798 oui
1792 4742 1998 4798 divinis

2097 594 2153 649 in
2188 591 2620 649 Commentariis
2652 592 2981 648 Hexaemeri
3029 593 3087 648 in
3120 592 3401 659 Genesim,
3428 591 3565 648 dixit
3591 608 3691 663 per

2099 685 2243 742 hanc
2274 685 2571 742 Mosaicam
2617 685 2961 757 Scripturam
2998 683 3321 740 annuntiari
3361 684 3689 755 mysterium

2096 780 2312 839 Christi
2338 787 2396 835 et
2428 778 2713 835 Ecclesia.
2753 779 2799 832 Λ
2825 794 2936 848 quo
2966 777 3266 842 deductus,
3312 784 3371 832 et
3399 792 3429 831 a
3458 791 3568 847 quo
3596 791 3688 832 ac-

2099 882 2257 946 cepta
2290 874 2585 929 occasione
2603 870 2955 938 Ammonius,
2970 869 3394 943 probatissimos
3417 869 3691 940 interpres

2098 966 2366 1023 Ecclesia
2412 964 2821 1030 Alexandrina,
2874 964 2931 1018 in
2974 979 3146 1034 opere
3188 963 3339 1034 quod
3377 962 3694 1032 composuit

2100 1068 2458 1131 paternarum
2503 1059 2907 1113 sententiarum
2940 1044 3290 1122 Hexaemeri,
3348 1053 3487 1109 dixit
3515 1053 3692 1125 pluri—

2100 1169 2222 1210 nios
2243 1153 2361 1208 vim
2386 1152 2641 1209 attulisse
2669 1151 2858 1208 sensui
2883 1149 3184 1221 Scriptura
3203 1164 3233 1203 a
3261 1147 3375 1203 Deo
3390 1148 3691 1219 inspirata,

2100 1248 2194 1318 qui
2241 1245 2657 1303 contenderunt
2705 1260 2827 1300 eam
2857 1260 2970 1299 non
3014 1257 3141 1299 esse
3180 1242 3382 1299 factam
3418 1258 3449 1297 a
3481 1241 3597 1296 Deo
3636 1240 3693 1295 in

2101 1336 2333 1408 ﬁguram
2361 1327 2646 1400 Ecclesia,
2677 1334 2773 1390 sed
2805 1332 2908 1390 soli
2935 1333 3141 1389 littera
3171 1333 3509 1389 servierunt.
3539 1330 3696 1385 llanc

2099 1431 2247 1487 enim
2264 1445 2386 1486 esse
2411 1445 2633 1485 causam
2662 1426 3059 1484 nonnullorum
3078 1422 3470 1497 Expositorum
3488 1422 3556 1478 ab
3572 1423 3697 1478 aliis

2100 1523 2509 1589 dissensionis,
2548 1522 2688 1579 dixit
2712 1522 2857 1577 idem
2894 1518 3243 1577 Ammonius.
3268 1517 3327 1575 Si
3358 1518 3509 1574 enim
3544 1516 3695 1587 quod

2101 1615 2286 1671 omnis
2316 1622 2578 1670 creatura
2605 1613 2751 1669 facta
2787 1620 2875 1668 est
2911 1618 3143 1683 propter
3182 1609 3473 1666 hominem
3516 1608 3693 1665 Adam

2100 1711 2158 1759 et
2181 1702 2373 1769 Evam,
2394 1702 2604 1758 Paulus
2629 1702 2699 1757 ad
2731 1701 3036 1757 Ecclesiam
3080 1700 3270 1767 refert,
3315 1699 3512 1756 dicens
3541 1719 3553 1753 :
3591 1696 3695 1760 Sa-

2101 1803 2433 1848 cramentum
2462 1796 2558 1849 hoc
2599 1809 2849 1864 magnum
2874 1801 2971 1856 est,
3001 1808 3094 1861 ego
3129 1799 3308 1849 autem
3334 1791 3449 1846 dico
3470 1792 3525 1846 in
3542 1789 3695 1846 Chri-

2100 1893 2183 1939 sto
2220 1894 2269 1939 et
2322 1882 2563 1940 Ecclesia
2580 1884 2649 1950 ’⁸,
2681 1884 2803 1940 sine
2852 1882 3026 1939 dubio
3083 1883 3268 1939 omnis
3301 1898 3425 1954 quae
3469 1889 3699 1954 propter

2102 1977 2385 2034 hominem
2420 1987 2477 2034 et
2507 1986 2737 2049 propter
2769 1979 2893 2050 eius
2931 1978 3224 2049 coniugem
3256 1975 3399 2032 facta
3428 1982 3517 2031 est
3543 1990 3700 2030 crea-

2101 2078 2247 2135 tura,
2303 2067 2547 2123 refertur
2585 2068 2654 2122 ad
2699 2065 2986 2123 Christum
3033 2076 3090 2122 et
3138 2065 3468 2121 Ecclesiam.
3520 2062 3699 2132 Atque

2100 2158 2248 2230 quod
2284 2158 2392 2214 hoc
2419 2156 2646 2228 quidem
2683 2166 3074 2230 argumentum
3108 2163 3329 2213 nostras
3353 2156 3501 2210 vires
3534 2168 3701 2223 supe-

2103 2258 2210 2315 ret,
2261 2264 2446 2320 ncque
2497 2263 2603 2306 nos
2658 2264 2951 2321 negamus,
2988 2264 3171 2319 neque
3215 2247 3362 2303 ullus
3408 2246 3504 2316 qui
3530 2245 3698 2315 sapit.

2101 2338 2211 2397 Sed
2245 2339 2511 2411 quoniam
2542 2339 2675 2395 hinc
2705 2355 2904 2410 magna
2930 2346 3016 2394 est
3043 2339 3103 2393 in
3142 2335 3393 2394 Ecclesia
3417 2333 3696 2406 gloriatio,

2100 2441 2159 2489 et
2188 2432 2387 2504 quavis
2420 2431 2713 2503 Scriptura
2754 2433 2964 2504 majora
3013 2432 3146 2487 hinc
3179 2429 3383 2501 accipit
3410 2442 3565 2484 arma
3606 2426 3702 2481 ad-

2100 2541 2298 2582 versus
2331 2524 2556 2597 pietatis
2602 2523 2862 2582 inimicos
2899 2526 2995 2596 qui
3024 2539 3148 2581 eam
3181 2518 3697 2584 circumdederunt,

2101 2632 2168 2673 ea
2198 2616 2267 2672 de
2306 2631 2474 2673 causa
2518 2616 2781 2671 invocato
2807 2614 3033 2676 Christo
3078 2615 3274 2671 datore
3328 2611 3560 2668 luminis
3601 2626 3701 2681 per

2103 2725 2262 2765 suam
2281 2710 2573 2782 coniugem
2601 2709 2932 2775 Ecclesiam,
2964 2710 3060 2782 qui
3087 2708 3412 2765 Balaamica
3440 2707 3612 2763 asina
3627 2707 3695 2770 ’1',

2102 2805 2420 2875 postulante
2454 2813 2730 2874 tempore,
2762 2819 2826 2860 os
2852 2802 3102 2876 aperuit,
3127 2812 3185 2860 et
3208 2803 3303 2874 qui
3336 2801 3531 2857 multis
3553 2800 3691 2855 indi-

2102 2897 2248 2969 gnis,
2271 2911 2342 2952 ne
2356 2896 2538 2952 dicam
2563 2896 2850 2965 omnibus,
2876 2896 3142 2967 praclara
3159 2910 3260 2952 sua
3276 2895 3421 2951 dona
3439 2893 3684 2965 largitur,

2103 3003 2274 3045 ausus
2305 3003 2431 3045 sum
2478 2989 2816 3044 immensum
2858 2987 2968 3043 hoc
3011 2986 3231 3060 ingredi
3274 2986 3528 3058 pelagus,
3576 2991 3691 3055 post

2103 3080 2390 3139 Christum
2431 3090 2598 3137 utens
2646 3074 3003 3154 adiutoribus
3051 3080 3264 3137 sanctis
3297 3079 3393 3150 qui
3428 3085 3559 3133 ante
3596 3091 3698 3132 nos

2098 3182 2489 3246 exposuerunt
2541 3174 2826 3230 Patribus.
2857 3173 2995 3229 Nam
3022 3173 3128 3228 etsi
3164 3162 3471 3227 Mosaicam
3514 3167 3701 3239 posui-

2105 3283 2230 3324 mus
2272 3274 2402 3323 ante
2438 3266 2783 3339 Scripturam
2816 3265 3198 3337 evangelieam
3222 3304 3237 3330 ,
3284 3263 3355 3318 ad
3397 3262 3700 3333 expositio-

2104 3376 2255 3427 nem,
2294 3374 2406 3415 non
2438 3367 2624 3415 tamen
2667 3359 2897 3432 ﬁguram
2926 3356 3175 3423 veritati,
3222 3370 3405 3426 neque
3442 3355 3701 3410 umbram

2107 3453 2299 3519 rebus,
2335 3468 2518 3524 neque
2539 3452 2886 3523 prateritum
2921 3447 3329 3522 praposuimus
3352 3448 3613 3518 prasenti
3633 3447 3701 3502 ad

2106 3546 2443 3612 doctrinam,
2507 3545 2606 3601 sed
2637 3553 2699 3600 ut
2750 3553 2943 3616 aperte
2982 3543 3346 3599 ostendamus
3389 3541 3541 3611 quod
3584 3540 3704 3595 hac

2107 3639 2294 3711 prisca
2316 3649 2374 3695 et
2404 3638 2724 3709 antiquior
2756 3636 3117 3708 praﬁgurant
3161 3642 3352 3690 nostra
3382 3632 3616 3704 mystica
3648 3640 3706 3686 et

2109 3744 2307 3784 recens
2335 3737 2551 3793 exorta,
2580 3735 2638 3783 et
2678 3726 3015 3783 adumbrant
3043 3725 3340 3781 veritatem
3374 3722 3554 3778 donec
3583 3723 3702 3793 ipsa

2107 3821 2280 3887 venit,
2308 3829 2366 3875 et
2405 3827 2585 3875 totum
2620 3832 2824 3890 corpus
2866 3824 3072 3873 sancta
3116 3814 3422 3886 Scriptura
3460 3812 3706 3869 reddidit

2108 3931 2311 3985 expers
2342 3915 2574 3971 umbra.
2610 3911 2770 3979 Quod
2822 3911 2867 3965 si
2921 3910 3091 3966 etiam
3137 3907 3348 3978 aliquid
3394 3921 3600 3961 novum
3647 3910 3705 3959 et

2108 4006 2296 4062 minus
2325 4014 2656 4063 consuetum
2692 4016 2881 4059 nosua
2917 4003 3087 4058 dicat
3109 4001 3315 4065 oratio,
3349 4014 3612 4071 rogamus
3647 4007 3705 4054 et

2108 4098 2474 4155 obsecramus
2533 4107 2642 4153 tam
2689 4103 2995 4168 praesentes
3050 4109 3218 4165 quam
3270 4093 3490 4148 futuros
3559 4090 3704 4147 ﬁlios

2108 4200 2315 4249 sancta
2348 4184 2633 4257 Ecclesia,
2672 4206 2742 4246 ne
2767 4188 2997 4245 inimico
3017 4195 3075 4243 et
3120 4185 3311 4242 invido
3339 4184 3701 4256 malignoque

2108 4285 2332 4352 animo;
2378 4285 2473 4339 sed
2523 4282 2770 4338 fraterno
2806 4281 3038 4337 audiant
3082 4295 3205 4352 qua
3233 4278 3520 4336 dicuntur.
3544 4278 3703 4333 Nun-

2109 4391 2274 4447 quam
2297 4374 2447 4430 enim
2482 4374 2772 4439 aberrans,
2800 4383 2858 4430 et
2891 4373 3138 4446 perfecta
3186 4389 3378 4430 rerum
3421 4372 3699 4445 cognitio,

2109 4475 2199 4523 est
2242 4465 2417 4523 solius
2449 4466 2573 4531 Dei,
2601 4466 2877 4537 siquidem
2909 4466 3078 4523 etiam
3114 4465 3418 4538 spiritualis
3445 4460 3510 4521 ea
3548 4473 3705 4538 parte

2109 4559 2396 4630 cognoscit,
2427 4567 2477 4613 et
2505 4575 2570 4613 ea:
2603 4570 2757 4631 parte
2785 4559 3038 4631 loquitur,
3066 4568 3123 4615 et
3152 4560 3249 4631 qui
3285 4568 3372 4616 est
3395 4558 3701 4615 secundum

2109 4666 2208 4708 cor
2267 4636 2401 4716 Dci,
2460 4652 2634 4707 David
2691 4654 2985 4723 precatur',
3041 4653 3277 4709 dicens:
3315 4652 3478 4723 Aperi
3525 4649 3703 4706 oculos

2108 4759 2271 4810 meos,
2308 4753 2366 4798 ut
2395 4742 2695 4815 intelligam
2722 4744 2994 4799 mirabilia
3028 4742 3159 4815 legis
3176 4752 3286 4799 tua:
3304 4742 3371 4799 ³⁸.

487 4908 532 4939 ⁸⁸
559 4906 706 4962 Psal.
732 4923 845 4970 ιιγι,
867 4905 922 4962 9.
1003 4904 1214 4961 "Joan.
1247 4920 1284 4966 ι.
1315 4903 1371 4960 9.
1449 4901 1493 4936 “'
1512 4904 1658 4960 Psal.
1681 4919 1832 4967 χχιιι,
1865 4906 1920 4961 8.
2000 4906 2005 4936 τ

2102 4904 2206 4960 bid.
2243 4904 2331 4959 10.
2408 4905 2454 4937 ’⁸
2480 4904 2735 4970 Psal.xu,
2755 4904 2810 4960 6.
2887 4904 3228 4970 “Damna,
3257 4903 3347 4960 49..
3423 4902 3469 4935 ’³
3502 4901 3695 4957 Matth.

413 4992 496 5049 δι’,
519 4976 612 5049 27,
646 4979 707 5049 ξ’
736 4968 899 5032 Deut.
926 4976 1107 5049 n32}.
1156 4975 1227 5049 f‘
1242 4975 1382 5049 Luc.
1407 4991 1501 5038 xu,
1538 4975 1645 5049 49.7
1670 5047 1683 5049 _
1707 4976 1753 5006 ’⁵
1778 4975 1950 5032 llebr.
1990 4994 2005 5032 ι

2102 4976 2183 5033 24.
2261 4975 2306 5008 ’⁸
2330 4975 2501 5033 llebr.
2531 4992 2563 5029 x
2583 5016 2598 5043 ,
2630 4976 2681 5043 i,
2722 4968 2728 4970 ⁷
2760 4977 2803 5009 ³⁷
2832 4968 3029 5030 Maltlf.
3058 4992 3111 5049 vi,
3160 4976 3245 5033 l8.
3317 4972 3364 5007 ”
3393 4971 3602 5046 Ephes.
3642 4987 3697 5038 v,

413 5046 506 5105 32.
572 5046 616 5078 "
641 5048 804 5105 Num.
835 5064 963 5112 χχιι,
990 5047 1082 5107 ‘28.
1153 5047 1198 5079 ³⁰
1234 5047 1378 5107 Psal.
1413 5062 1593 5112 cxvm,
1626 5047 1714 5103 i8.
