  <div class='ocr_page' id='page_1' title='image "/cluster/home/n/w/nwhite01/storage/ocr_20150623/89/coo.31924054869932/440.png"; bbox 0 0 4056 6438; ppageno 0'>
   <div class='ocr_carea' id='block_1_1' title="bbox 495 373 605 441">
    <p class='ocr_par' dir='ltr' id='par_1_1' title="bbox 495 373 605 441">
     <span class='ocr_line' id='line_1_1' title="bbox 495 373 605 441; baseline 0.009 -4"><span class='ocrx_word' id='word_1_1' title='bbox 495 373 605 441; x_wconf 71' lang='lat'><strong>857</strong></span> 
     </span>
    </p>
   </div>
   <div class='ocr_carea' id='block_1_2' title="bbox 1603 374 2669 445">
    <p class='ocr_par' dir='ltr' id='par_1_2' title="bbox 1603 374 2669 445">
     <span class='ocr_line' id='line_1_2' title="bbox 1603 374 2669 445; baseline 0.008 -9"><span class='ocrx_word' id='word_1_2' title='bbox 1603 377 1684 438; x_wconf 82' lang='grc' dir='ltr'>ΙΝ</span> <span class='ocrx_word' id='word_1_3' title='bbox 1724 374 2279 441; x_wconf 67' lang='grc' dir='ltr'><strong>ΙΙΕΧΑΕΜΕΒΟΝ.</strong></span> <span class='ocrx_word' id='word_1_4' title='bbox 2322 403 2386 415; x_wconf 82' lang='grc'><strong>--</strong></span> <span class='ocrx_word' id='word_1_5' title='bbox 2430 381 2578 442; x_wconf 87' lang='lat' dir='ltr'><strong>LIB.</strong></span> <span class='ocrx_word' id='word_1_6' title='bbox 2617 382 2669 445; x_wconf 93' lang='grc' dir='ltr'><strong>Ι.</strong></span> 
     </span>
    </p>
   </div>
   <div class='ocr_carea' id='block_1_3' title="bbox 3663 388 3773 453">
    <p class='ocr_par' dir='ltr' id='par_1_3' title="bbox 3663 388 3773 453">
     <span class='ocr_line' id='line_1_3' title="bbox 3663 388 3773 453; baseline 0.018 -2"><span class='ocrx_word' id='word_1_7' title='bbox 3663 388 3773 453; x_wconf 76' lang='grc'><strong>858</strong></span> 
     </span>
    </p>
   </div>
   <div class='ocr_carea' id='block_1_4' title="bbox 498 578 3760 611">
    <p class='ocr_par' dir='ltr' id='par_1_4' title="bbox 498 578 3760 611">
     <span class='ocr_line' id='line_1_4' title="bbox 498 578 3760 611; baseline 0 -16"><span class='ocrx_word' id='word_1_8' title='bbox 498 578 3760 611; x_wconf 37' lang='grc' dir='ltr'><strong>ψαφαρῇ-...Ἢ</strong></span> 
     </span>
    </p>
   </div>
   <div class='ocr_carea' id='block_1_5' title="bbox 1687 734 2614 829">
    <p class='ocr_par' dir='ltr' id='par_1_5' title="bbox 1687 734 2614 829">
     <span class='ocr_line' id='line_1_5' title="bbox 1687 734 2614 829; baseline 0.01 -11"><span class='ocrx_word' id='word_1_9' title='bbox 1687 734 2039 825; x_wconf 75' lang='lat' dir='ltr'><strong>LIBER</strong></span> <span class='ocrx_word' id='word_1_10' title='bbox 2117 735 2614 829; x_wconf 82' lang='lat' dir='ltr'><strong>PRIMUS.</strong></span> 
     </span>
    </p>
   </div>
   <div class='ocr_carea' id='block_1_6' title="bbox 1665 944 2596 993">
    <p class='ocr_par' dir='ltr' id='par_1_6' title="bbox 1665 944 2596 993">
     <span class='ocr_line' id='line_1_6' title="bbox 1665 944 2596 993; baseline 0.004 -4"><span class='ocrx_word' id='word_1_11' title='bbox 1665 946 1748 989; x_wconf 85' lang='lat' dir='ltr'><strong>DE</strong></span> <span class='ocrx_word' id='word_1_12' title='bbox 1793 944 1990 989; x_wconf 79' lang='lat' dir='ltr'><strong>PRIMO</strong></span> <span class='ocrx_word' id='word_1_13' title='bbox 2035 944 2143 986; x_wconf 73' lang='lat' dir='ltr'><strong>DIE</strong></span> <span class='ocrx_word' id='word_1_14' title='bbox 2189 945 2596 993; x_wconf 73' lang='lat' dir='ltr'><strong>CREATIONIS.</strong></span> 
     </span>
    </p>
   </div>
   <div class='ocr_carea' id='block_1_7' title="bbox 486 1228 3769 1311">
    <p class='ocr_par' dir='ltr' id='par_1_7' title="bbox 486 1228 3769 1311">
     <span class='ocr_line' id='line_1_7' title="bbox 486 1228 3769 1311; baseline 0.005 -25"><span class='ocrx_word' id='word_1_15' title='bbox 486 1231 556 1287; x_wconf 80' lang='lat' dir='ltr'><strong>In</strong></span> <span class='ocrx_word' id='word_1_16' title='bbox 590 1233 1000 1311; x_wconf 58' lang='lat' dir='ltr'><strong>prmgipiojggit</strong></span> <span class='ocrx_word' id='word_1_17' title='bbox 1020 1231 1162 1311; x_wconf 63' lang='lat' dir='ltr'><strong>Deus</strong></span> <span class='ocrx_word' id='word_1_18' title='bbox 1184 1232 1370 1288; x_wconf 74' lang='lat' dir='ltr'><strong>emtum</strong></span> <span class='ocrx_word' id='word_1_19' title='bbox 1390 1242 1439 1311; x_wconf 71' lang='lat' dir='ltr'><strong>et</strong></span> <span class='ocrx_word' id='word_1_20' title='bbox 1471 1242 1693 1287; x_wconf 82' lang='lat' dir='ltr'><strong>terram.</strong></span> <span class='ocrx_word' id='word_1_21' title='bbox 1726 1228 1887 1311; x_wconf 64' lang='lat' dir='ltr'><strong>Terra</strong></span> <span class='ocrx_word' id='word_1_22' title='bbox 1907 1239 2082 1284; x_wconf 75' lang='lat' dir='ltr'><strong>autem</strong></span> <span class='ocrx_word' id='word_1_23' title='bbox 2116 1237 2153 1290; x_wconf 79' lang='grc' dir='ltr'>Α</span> <span class='ocrx_word' id='word_1_24' title='bbox 2185 1248 2295 1287; x_wconf 89' lang='lat' dir='ltr'><strong>non</strong></span> <span class='ocrx_word' id='word_1_25' title='bbox 2332 1247 2454 1289; x_wconf 87' lang='lat' dir='ltr'><strong>esse</strong></span> <span class='ocrx_word' id='word_1_26' title='bbox 2485 1245 2690 1303; x_wconf 91' lang='lat' dir='ltr'><strong>ortum,</strong></span> <span class='ocrx_word' id='word_1_27' title='bbox 2743 1246 2801 1294; x_wconf 90' lang='lat' dir='ltr'><strong>et</strong></span> <span class='ocrx_word' id='word_1_28' title='bbox 2841 1251 3249 1311; x_wconf 77' lang='lat' dir='ltr'><strong>consequenter</strong></span> <span class='ocrx_word' id='word_1_29' title='bbox 3297 1244 3560 1301; x_wconf 80' lang='lat' dir='ltr'><strong>dixerunt</strong></span> <span class='ocrx_word' id='word_1_30' title='bbox 3605 1247 3769 1306; x_wconf 83' lang='lat' dir='ltr'><strong>simul</strong></span> 
     </span>
    </p>
   </div>
   <div class='ocr_carea' id='block_1_8' title="bbox 565 1304 2083 1375">
    <p class='ocr_par' dir='ltr' id='par_1_8' title="bbox 565 1304 2083 1375">
     <span class='ocr_line' id='line_1_8' title="bbox 565 1304 2083 1375; baseline -0.002 -17"><span class='ocrx_word' id='word_1_31' title='bbox 565 1314 675 1358; x_wconf 80' lang='lat' dir='ltr'><strong>erat</strong></span> <span class='ocrx_word' id='word_1_32' title='bbox 707 1304 985 1375; x_wconf 70' lang='lat' dir='ltr'><strong>invisibilis</strong></span> <span class='ocrx_word' id='word_1_33' title='bbox 1024 1313 1072 1357; x_wconf 86' lang='lat' dir='ltr'><strong>et</strong></span> <span class='ocrx_word' id='word_1_34' title='bbox 1122 1305 1472 1375; x_wconf 79' lang='lat' dir='ltr'><strong>incomposita</strong></span> <span class='ocrx_word' id='word_1_35' title='bbox 1500 1344 1514 1367; x_wconf 91' lang='lat'><strong>,</strong></span> <span class='ocrx_word' id='word_1_36' title='bbox 1552 1312 1603 1357; x_wconf 84' lang='lat' dir='ltr'><strong>et</strong></span> <span class='ocrx_word' id='word_1_37' title='bbox 1656 1304 1884 1357; x_wconf 72' lang='lat' dir='ltr'><strong>tenebrae</strong></span> <span class='ocrx_word' id='word_1_38' title='bbox 1922 1319 2083 1367; x_wconf 74' lang='lat' dir='ltr'><strong>super</strong></span> 
     </span>
    </p>
   </div>
   <div class='ocr_carea' id='block_1_9' title="bbox 564 1373 2077 1446">
    <p class='ocr_par' dir='ltr' id='par_1_9' title="bbox 564 1373 2077 1446">
     <span class='ocr_line' id='line_1_9' title="bbox 564 1373 2077 1446; baseline -0.001 -18"><span class='ocrx_word' id='word_1_39' title='bbox 564 1376 830 1445; x_wconf 62' lang='lat' dir='ltr'><strong>abyssum,</strong></span> <span class='ocrx_word' id='word_1_40' title='bbox 856 1381 906 1429; x_wconf 81' lang='lat' dir='ltr'><strong>et</strong></span> <span class='ocrx_word' id='word_1_41' title='bbox 931 1373 1164 1445; x_wconf 75' lang='lat' dir='ltr'><strong>Spiritus</strong></span> <span class='ocrx_word' id='word_1_42' title='bbox 1198 1373 1310 1431; x_wconf 78' lang='lat' dir='ltr'><strong>Dei</strong></span> <span class='ocrx_word' id='word_1_43' title='bbox 1321 1375 1585 1446; x_wconf 74' lang='lat' dir='ltr'><strong>ferebatur</strong></span> <span class='ocrx_word' id='word_1_44' title='bbox 1611 1390 1772 1445; x_wconf 83' lang='lat' dir='ltr'><strong><em>super</em></strong></span> <span class='ocrx_word' id='word_1_45' title='bbox 1800 1375 2077 1444; x_wconf 75' lang='lat' dir='ltr'><strong>aquam“.</strong></span> 
     </span>
    </p>
   </div>
   <div class='ocr_carea' id='block_1_10' title="bbox 559 1510 2075 1582">
    <p class='ocr_par' dir='ltr' id='par_1_10' title="bbox 559 1510 2075 1582">
     <span class='ocr_line' id='line_1_10' title="bbox 559 1510 2075 1582; baseline -0.001 -16"><span class='ocrx_word' id='word_1_46' title='bbox 559 1510 702 1578; x_wconf 97' lang='lat' dir='ltr'><strong>Quot</strong></span> <span class='ocrx_word' id='word_1_47' title='bbox 735 1519 790 1567; x_wconf 91' lang='lat' dir='ltr'><strong>et</strong></span> <span class='ocrx_word' id='word_1_48' title='bbox 819 1512 1015 1582; x_wconf 80' lang='lat' dir='ltr'><strong>quales</strong></span> <span class='ocrx_word' id='word_1_49' title='bbox 1042 1510 1254 1566; x_wconf 78' lang='lat' dir='ltr'><strong>fuerint</strong></span> <span class='ocrx_word' id='word_1_50' title='bbox 1280 1512 1573 1567; x_wconf 76' lang='lat' dir='ltr'><strong>sententiae</strong></span> <span class='ocrx_word' id='word_1_51' title='bbox 1589 1527 1782 1565; x_wconf 88' lang='lat' dir='ltr'><strong>eorum</strong></span> <span class='ocrx_word' id='word_1_52' title='bbox 1809 1510 1905 1581; x_wconf 88' lang='lat' dir='ltr'><strong>qui</strong></span> <span class='ocrx_word' id='word_1_53' title='bbox 1935 1511 2075 1564; x_wconf 89' lang='lat' dir='ltr'><strong>mul-</strong></span> 
     </span>
    </p>
   </div>
   <div class='ocr_carea' id='block_1_11' title="bbox 484 1600 2075 1673">
    <p class='ocr_par' dir='ltr' id='par_1_11' title="bbox 484 1600 2075 1673">
     <span class='ocr_line' id='line_1_11' title="bbox 484 1600 2075 1673; baseline -0.001 -18"><span class='ocrx_word' id='word_1_54' title='bbox 484 1603 563 1658; x_wconf 88' lang='lat' dir='ltr'><strong>tis</strong></span> <span class='ocrx_word' id='word_1_55' title='bbox 607 1610 735 1657; x_wconf 89' lang='lat' dir='ltr'><strong>ante</strong></span> <span class='ocrx_word' id='word_1_56' title='bbox 765 1600 981 1657; x_wconf 66' lang='lat' dir='ltr'><strong>saeculis</strong></span> <span class='ocrx_word' id='word_1_57' title='bbox 1012 1616 1078 1657; x_wconf 89' lang='lat' dir='ltr'><strong>ea</strong></span> <span class='ocrx_word' id='word_1_58' title='bbox 1102 1616 1225 1672; x_wconf 76' lang='lat' dir='ltr'><strong>quae</strong></span> <span class='ocrx_word' id='word_1_59' title='bbox 1244 1614 1375 1658; x_wconf 91' lang='lat' dir='ltr'><strong>sunt</strong></span> <span class='ocrx_word' id='word_1_60' title='bbox 1398 1601 1494 1656; x_wconf 91' lang='lat' dir='ltr'><strong>hic</strong></span> <span class='ocrx_word' id='word_1_61' title='bbox 1521 1600 1769 1673; x_wconf 85' lang='lat' dir='ltr'><strong>subjecta</strong></span> <span class='ocrx_word' id='word_1_62' title='bbox 1800 1613 2075 1671; x_wconf 84' lang='lat' dir='ltr'><strong>exposue-</strong></span> 
     </span>
    </p>
   </div>
   <div class='ocr_carea' id='block_1_12' title="bbox 481 1692 2079 1766">
    <p class='ocr_par' dir='ltr' id='par_1_12' title="bbox 481 1692 2079 1766">
     <span class='ocr_line' id='line_1_12' title="bbox 481 1692 2079 1766; baseline -0.001 -17"><span class='ocrx_word' id='word_1_63' title='bbox 481 1704 640 1760; x_wconf 91' lang='lat' dir='ltr'><strong>runt,</strong></span> <span class='ocrx_word' id='word_1_64' title='bbox 682 1709 867 1766; x_wconf 84' lang='lat' dir='ltr'><strong>neque</strong></span> <span class='ocrx_word' id='word_1_65' title='bbox 914 1692 1080 1759; x_wconf 86' lang='lat' dir='ltr'><strong>nobis</strong></span> <span class='ocrx_word' id='word_1_66' title='bbox 1106 1694 1267 1750; x_wconf 82' lang='lat' dir='ltr'><strong>facile</strong></span> <span class='ocrx_word' id='word_1_67' title='bbox 1315 1702 1402 1750; x_wconf 91' lang='lat' dir='ltr'><strong>est</strong></span> <span class='ocrx_word' id='word_1_68' title='bbox 1438 1694 1652 1760; x_wconf 86' lang='lat' dir='ltr'><strong>dicere,</strong></span> <span class='ocrx_word' id='word_1_69' title='bbox 1696 1695 1801 1750; x_wconf 78' lang='lat' dir='ltr'><strong>nec</strong></span> <span class='ocrx_word' id='word_1_70' title='bbox 1837 1693 2079 1749; x_wconf 90' lang='lat' dir='ltr'><strong>auditori</strong></span> 
     </span>
    </p>
   </div>
   <div class='ocr_carea' id='block_1_13' title="bbox 480 1789 2076 1862">
    <p class='ocr_par' dir='ltr' id='par_1_13' title="bbox 480 1789 2076 1862">
     <span class='ocr_line' id='line_1_13' title="bbox 480 1789 2076 1862; baseline -0.002 -16"><span class='ocrx_word' id='word_1_71' title='bbox 480 1790 805 1861; x_wconf 79' lang='lat' dir='ltr'><strong>expeditum</strong></span> <span class='ocrx_word' id='word_1_72' title='bbox 841 1790 1059 1846; x_wconf 91' lang='lat' dir='ltr'><strong>audire.</strong></span> <span class='ocrx_word' id='word_1_73' title='bbox 1094 1790 1234 1847; x_wconf 90' lang='lat' dir='ltr'><strong>Nam</strong></span> <span class='ocrx_word' id='word_1_74' title='bbox 1263 1790 1333 1846; x_wconf 90' lang='lat' dir='ltr'><strong>de</strong></span> <span class='ocrx_word' id='word_1_75' title='bbox 1363 1791 1462 1846; x_wconf 94' lang='lat' dir='ltr'><strong>illo</strong></span> <span class='ocrx_word' id='word_1_76' title='bbox 1492 1809 1505 1846; x_wconf 91' lang='lat'><strong>:</strong></span> <span class='ocrx_word' id='word_1_77' title='bbox 1538 1789 1604 1846; x_wconf 85' lang='lat' dir='ltr'><strong>In</strong></span> <span class='ocrx_word' id='word_1_78' title='bbox 1637 1790 1900 1862; x_wconf 83' lang='lat' dir='ltr'><strong>principio</strong></span> <span class='ocrx_word' id='word_1_79' title='bbox 1936 1789 2076 1860; x_wconf 76' lang='lat' dir='ltr'><strong>fecit,</strong></span> 
     </span>
    </p>
   </div>
   <div class='ocr_carea' id='block_1_14' title="bbox 483 1878 2080 1956">
    <p class='ocr_par' dir='ltr' id='par_1_14' title="bbox 483 1878 2080 1956">
     <span class='ocr_line' id='line_1_14' title="bbox 483 1878 2080 1956; baseline -0.001 -18"><span class='ocrx_word' id='word_1_80' title='bbox 483 1878 819 1938; x_wconf 85' lang='lat' dir='ltr'><strong>dubitarunt</strong></span> <span class='ocrx_word' id='word_1_81' title='bbox 868 1884 1122 1939; x_wconf 89' lang='lat' dir='ltr'><strong>nonnulli</strong></span> <span class='ocrx_word' id='word_1_82' title='bbox 1164 1893 1350 1940; x_wconf 89' lang='lat' dir='ltr'><strong>utrum</strong></span> <span class='ocrx_word' id='word_1_83' title='bbox 1395 1884 1577 1956; x_wconf 91' lang='lat' dir='ltr'><strong>ipsum</strong></span> <span class='ocrx_word' id='word_1_84' title='bbox 1607 1884 1943 1955; x_wconf 88' lang='lat' dir='ltr'><strong>principium</strong></span> <span class='ocrx_word' id='word_1_85' title='bbox 1976 1883 2080 1938; x_wconf 88' lang='lat' dir='ltr'><strong>ha-</strong></span> 
     </span>
    </p>
   </div>
   <div class='ocr_carea' id='block_1_15' title="bbox 484 1975 2080 2048">
    <p class='ocr_par' dir='ltr' id='par_1_15' title="bbox 484 1975 2080 2048">
     <span class='ocr_line' id='line_1_15' title="bbox 484 1975 2080 2048; baseline 0 -17"><span class='ocrx_word' id='word_1_86' title='bbox 484 1976 622 2031; x_wconf 87' lang='lat' dir='ltr'><strong>beat</strong></span> <span class='ocrx_word' id='word_1_87' title='bbox 663 1975 890 2047; x_wconf 84' lang='lat' dir='ltr'><strong>aliquod</strong></span> <span class='ocrx_word' id='word_1_88' title='bbox 924 1976 1217 2046; x_wconf 88' lang='lat' dir='ltr'><strong>antiquius</strong></span> <span class='ocrx_word' id='word_1_89' title='bbox 1259 1976 1601 2048; x_wconf 85' lang='lat' dir='ltr'><strong>principium</strong></span> <span class='ocrx_word' id='word_1_90' title='bbox 1637 1992 1704 2032; x_wconf 90' lang='lat' dir='ltr'><strong>ex</strong></span> <span class='ocrx_word' id='word_1_91' title='bbox 1731 1991 1843 2047; x_wconf 92' lang='lat' dir='ltr'><strong>quo</strong></span> <span class='ocrx_word' id='word_1_92' title='bbox 1874 1976 2080 2047; x_wconf 90' lang='lat' dir='ltr'><strong>depen-</strong></span> 
     </span>
    </p>
   </div>
   <div class='ocr_carea' id='block_1_16' title="bbox 489 2069 2076 2143">
    <p class='ocr_par' dir='ltr' id='par_1_16' title="bbox 489 2069 2076 2143">
     <span class='ocr_line' id='line_1_16' title="bbox 489 2069 2076 2143; baseline 0 -18"><span class='ocrx_word' id='word_1_93' title='bbox 489 2069 656 2136; x_wconf 86' lang='lat' dir='ltr'><strong>deat;</strong></span> <span class='ocrx_word' id='word_1_94' title='bbox 688 2084 755 2124; x_wconf 90' lang='lat' dir='ltr'><strong>an</strong></span> <span class='ocrx_word' id='word_1_95' title='bbox 787 2069 860 2125; x_wconf 86' lang='lat' dir='ltr'><strong>sit</strong></span> <span class='ocrx_word' id='word_1_96' title='bbox 904 2070 1026 2126; x_wconf 89' lang='lat' dir='ltr'><strong>sine</strong></span> <span class='ocrx_word' id='word_1_97' title='bbox 1053 2071 1353 2143; x_wconf 90' lang='lat' dir='ltr'><strong>principio.</strong></span> <span class='ocrx_word' id='word_1_98' title='bbox 1405 2071 1475 2126; x_wconf 89' lang='lat' dir='ltr'><strong>Et</strong></span> <span class='ocrx_word' id='word_1_99' title='bbox 1516 2071 1563 2126; x_wconf 88' lang='lat' dir='ltr'><strong>si</strong></span> <span class='ocrx_word' id='word_1_100' title='bbox 1602 2071 1773 2127; x_wconf 82' lang='lat' dir='ltr'><strong>habet</strong></span> <span class='ocrx_word' id='word_1_101' title='bbox 1813 2070 2076 2142; x_wconf 88' lang='lat' dir='ltr'><strong>quidem,</strong></span> 
     </span>
    </p>
   </div>
   <div class='ocr_carea' id='block_1_17' title="bbox 488 2162 2075 2234">
    <p class='ocr_par' dir='ltr' id='par_1_17' title="bbox 488 2162 2075 2234">
     <span class='ocr_line' id='line_1_17' title="bbox 488 2162 2075 2234; baseline 0 -17"><span class='ocrx_word' id='word_1_102' title='bbox 488 2177 605 2219; x_wconf 86' lang='lat' dir='ltr'><strong>non</strong></span> <span class='ocrx_word' id='word_1_103' title='bbox 639 2170 818 2233; x_wconf 86' lang='lat' dir='ltr'><strong>potest</strong></span> <span class='ocrx_word' id='word_1_104' title='bbox 834 2162 1017 2218; x_wconf 88' lang='lat' dir='ltr'><strong>vocari</strong></span> <span class='ocrx_word' id='word_1_105' title='bbox 1047 2163 1406 2234; x_wconf 90' lang='lat' dir='ltr'><strong>principium.</strong></span> <span class='ocrx_word' id='word_1_106' title='bbox 1423 2163 1523 2219; x_wconf 90' lang='lat' dir='ltr'><strong>Sin</strong></span> <span class='ocrx_word' id='word_1_107' title='bbox 1548 2173 1736 2221; x_wconf 87' lang='lat' dir='ltr'><strong>autem</strong></span> <span class='ocrx_word' id='word_1_108' title='bbox 1754 2179 1868 2219; x_wconf 91' lang='lat' dir='ltr'><strong>non</strong></span> <span class='ocrx_word' id='word_1_109' title='bbox 1888 2162 2075 2229; x_wconf 86' lang='lat' dir='ltr'><strong>habet,</strong></span> 
     </span>
    </p>
   </div>
   <div class='ocr_carea' id='block_1_18' title="bbox 481 2255 2079 2327">
    <p class='ocr_par' dir='ltr' id='par_1_18' title="bbox 481 2255 2079 2327">
     <span class='ocr_line' id='line_1_18' title="bbox 481 2255 2079 2327; baseline 0 -17"><span class='ocrx_word' id='word_1_110' title='bbox 481 2255 763 2327; x_wconf 88' lang='lat' dir='ltr'><strong>principio</strong></span> <span class='ocrx_word' id='word_1_111' title='bbox 793 2256 1011 2312; x_wconf 87' lang='lat' dir='ltr'><strong>scilicet</strong></span> <span class='ocrx_word' id='word_1_112' title='bbox 1037 2264 1194 2312; x_wconf 82' lang='lat' dir='ltr'><strong>caret</strong></span> <span class='ocrx_word' id='word_1_113' title='bbox 1222 2264 1279 2311; x_wconf 89' lang='lat' dir='ltr'><strong>et</strong></span> <span class='ocrx_word' id='word_1_114' title='bbox 1307 2265 1580 2327; x_wconf 89' lang='lat' dir='ltr'><strong>tempore.</strong></span> <span class='ocrx_word' id='word_1_115' title='bbox 1613 2256 1903 2325; x_wconf 84' lang='lat' dir='ltr'><strong>Quodnam</strong></span> <span class='ocrx_word' id='word_1_116' title='bbox 1929 2256 2079 2312; x_wconf 89' lang='lat' dir='ltr'><strong>enim</strong></span> 
     </span>
    </p>
   </div>
   <div class='ocr_carea' id='block_1_19' title="bbox 479 2347 2079 2422">
    <p class='ocr_par' dir='ltr' id='par_1_19' title="bbox 479 2347 2079 2422">
     <span class='ocr_line' id='line_1_19' title="bbox 479 2347 2079 2422; baseline -0.001 -18"><span class='ocrx_word' id='word_1_117' title='bbox 479 2351 596 2422; x_wconf 84' lang='lat' dir='ltr'><strong>jam</strong></span> <span class='ocrx_word' id='word_1_118' title='bbox 638 2347 822 2419; x_wconf 75' lang='lat' dir='ltr'><strong>petest</strong></span> <span class='ocrx_word' id='word_1_119' title='bbox 847 2364 973 2405; x_wconf 91' lang='lat' dir='ltr'><strong>esse</strong></span> <span class='ocrx_word' id='word_1_120' title='bbox 993 2356 1215 2419; x_wconf 87' lang='lat' dir='ltr'><strong>tempus</strong></span> <span class='ocrx_word' id='word_1_121' title='bbox 1247 2357 1304 2403; x_wconf 92' lang='lat' dir='ltr'><strong>et</strong></span> <span class='ocrx_word' id='word_1_122' title='bbox 1336 2348 1678 2420; x_wconf 91' lang='lat' dir='ltr'><strong>principium</strong></span> <span class='ocrx_word' id='word_1_123' title='bbox 1727 2349 1777 2403; x_wconf 91' lang='lat' dir='ltr'><strong>ei</strong></span> <span class='ocrx_word' id='word_1_124' title='bbox 1810 2348 1958 2419; x_wconf 91' lang='lat' dir='ltr'><strong>quod</strong></span> <span class='ocrx_word' id='word_1_125' title='bbox 1989 2364 2079 2403; x_wconf 83' lang='lat' dir='ltr'><strong>ca-</strong></span> 
     </span>
    </p>
   </div>
   <div class='ocr_carea' id='block_1_20' title="bbox 487 2440 2076 2513">
    <p class='ocr_par' dir='ltr' id='par_1_20' title="bbox 487 2440 2076 2513">
     <span class='ocr_line' id='line_1_20' title="bbox 487 2440 2076 2513; baseline -0.001 -16"><span class='ocrx_word' id='word_1_126' title='bbox 487 2449 577 2497; x_wconf 85' lang='lat' dir='ltr'><strong>ret</strong></span> <span class='ocrx_word' id='word_1_127' title='bbox 606 2440 924 2513; x_wconf 89' lang='lat' dir='ltr'><strong>principio?</strong></span> <span class='ocrx_word' id='word_1_128' title='bbox 955 2442 1094 2497; x_wconf 85' lang='lat' dir='ltr'><strong>Nam</strong></span> <span class='ocrx_word' id='word_1_129' title='bbox 1138 2441 1482 2512; x_wconf 88' lang='lat' dir='ltr'><strong>principium</strong></span> <span class='ocrx_word' id='word_1_130' title='bbox 1511 2456 1622 2496; x_wconf 90' lang='lat' dir='ltr'><strong>non</strong></span> <span class='ocrx_word' id='word_1_131' title='bbox 1665 2441 1835 2496; x_wconf 84' lang='lat' dir='ltr'><strong>habet</strong></span> <span class='ocrx_word' id='word_1_132' title='bbox 1868 2441 2076 2512; x_wconf 91' lang='lat' dir='ltr'><strong>aliquid</strong></span> 
     </span>
    </p>
   </div>
   <div class='ocr_carea' id='block_1_21' title="bbox 493 2532 2074 2605">
    <p class='ocr_par' dir='ltr' id='par_1_21' title="bbox 493 2532 2074 2605">
     <span class='ocr_line' id='line_1_21' title="bbox 493 2532 2074 2605; baseline 0.001 -16"><span class='ocrx_word' id='word_1_133' title='bbox 493 2549 559 2589; x_wconf 87' lang='lat' dir='ltr'><strong>se</strong></span> <span class='ocrx_word' id='word_1_134' title='bbox 579 2534 754 2605; x_wconf 89' lang='lat' dir='ltr'><strong>prius,</strong></span> <span class='ocrx_word' id='word_1_135' title='bbox 789 2542 851 2589; x_wconf 91' lang='lat' dir='ltr'><strong>ut</strong></span> <span class='ocrx_word' id='word_1_136' title='bbox 886 2532 949 2590; x_wconf 85' lang='lat' dir='ltr'><strong>lit</strong></span> <span class='ocrx_word' id='word_1_137' title='bbox 978 2533 1036 2588; x_wconf 89' lang='lat' dir='ltr'><strong>in</strong></span> <span class='ocrx_word' id='word_1_138' title='bbox 1071 2536 1306 2589; x_wconf 89' lang='lat' dir='ltr'><strong>materia</strong></span> <span class='ocrx_word' id='word_1_139' title='bbox 1334 2541 1391 2588; x_wconf 89' lang='lat' dir='ltr'><strong>et</strong></span> <span class='ocrx_word' id='word_1_140' title='bbox 1420 2533 1631 2599; x_wconf 85' lang='lat' dir='ltr'><strong>forma;</strong></span> <span class='ocrx_word' id='word_1_141' title='bbox 1668 2533 1902 2588; x_wconf 86' lang='lat' dir='ltr'><strong>materia</strong></span> <span class='ocrx_word' id='word_1_142' title='bbox 1926 2532 2074 2590; x_wconf 89' lang='lat' dir='ltr'><strong>enim</strong></span> 
     </span>
    </p>
   </div>
   <div class='ocr_carea' id='block_1_22' title="bbox 497 2622 2079 2693">
    <p class='ocr_par' dir='ltr' id='par_1_22' title="bbox 497 2622 2079 2693">
     <span class='ocr_line' id='line_1_22' title="bbox 497 2622 2079 2693; baseline 0 -14"><span class='ocrx_word' id='word_1_143' title='bbox 497 2630 583 2679; x_wconf 85' lang='lat' dir='ltr'><strong>est</strong></span> <span class='ocrx_word' id='word_1_144' title='bbox 629 2623 777 2693; x_wconf 91' lang='lat' dir='ltr'><strong>prior</strong></span> <span class='ocrx_word' id='word_1_145' title='bbox 808 2623 1005 2679; x_wconf 89' lang='lat' dir='ltr'><strong>forma.</strong></span> <span class='ocrx_word' id='word_1_146' title='bbox 1063 2622 1334 2680; x_wconf 88' lang='lat' dir='ltr'><strong>Similiter</strong></span> <span class='ocrx_word' id='word_1_147' title='bbox 1373 2632 1431 2678; x_wconf 91' lang='lat' dir='ltr'><strong>et</strong></span> <span class='ocrx_word' id='word_1_148' title='bbox 1458 2623 1794 2679; x_wconf 88' lang='lat' dir='ltr'><strong>elementu‘m</strong></span> <span class='ocrx_word' id='word_1_149' title='bbox 1840 2638 1967 2677; x_wconf 89' lang='lat' dir='ltr'><strong>cum</strong></span> <span class='ocrx_word' id='word_1_150' title='bbox 2006 2623 2079 2679; x_wconf 89' lang='lat' dir='ltr'><strong>sit</strong></span> 
     </span>
    </p>
   </div>
   <div class='ocr_carea' id='block_1_23' title="bbox 494 2714 2078 2787">
    <p class='ocr_par' dir='ltr' id='par_1_23' title="bbox 494 2714 2078 2787">
     <span class='ocr_line' id='line_1_23' title="bbox 494 2714 2078 2787; baseline -0.001 -17"><span class='ocrx_word' id='word_1_151' title='bbox 494 2716 858 2787; x_wconf 79' lang='lat' dir='ltr'><strong>compositum</strong></span> <span class='ocrx_word' id='word_1_152' title='bbox 898 2724 955 2772; x_wconf 89' lang='lat' dir='ltr'><strong>et</strong></span> <span class='ocrx_word' id='word_1_153' title='bbox 984 2724 1202 2771; x_wconf 88' lang='lat' dir='ltr'><strong>constet</strong></span> <span class='ocrx_word' id='word_1_154' title='bbox 1227 2730 1296 2771; x_wconf 82' lang='lat' dir='ltr'><strong>ex</strong></span> <span class='ocrx_word' id='word_1_155' title='bbox 1330 2715 1565 2771; x_wconf 88' lang='lat' dir='ltr'><strong>materia</strong></span> <span class='ocrx_word' id='word_1_156' title='bbox 1587 2724 1644 2772; x_wconf 89' lang='lat' dir='ltr'><strong>et</strong></span> <span class='ocrx_word' id='word_1_157' title='bbox 1672 2715 1870 2780; x_wconf 86' lang='lat' dir='ltr'><strong>forma,</strong></span> <span class='ocrx_word' id='word_1_158' title='bbox 1908 2714 2078 2770; x_wconf 85' lang='lat' dir='ltr'><strong>habet</strong></span> 
     </span>
    </p>
   </div>
   <div class='ocr_carea' id='block_1_24' title="bbox 486 2807 2080 2879">
    <p class='ocr_par' dir='ltr' id='par_1_24' title="bbox 486 2807 2080 2879">
     <span class='ocr_line' id='line_1_24' title="bbox 486 2807 2080 2879; baseline 0.001 -18"><span class='ocrx_word' id='word_1_159' title='bbox 486 2808 825 2879; x_wconf 86' lang='lat' dir='ltr'><strong>principium</strong></span> <span class='ocrx_word' id='word_1_160' title='bbox 850 2849 864 2874; x_wconf 89' lang='lat'><strong>,</strong></span> <span class='ocrx_word' id='word_1_161' title='bbox 911 2808 1201 2863; x_wconf 88' lang='lat' dir='ltr'><strong>materiam</strong></span> <span class='ocrx_word' id='word_1_162' title='bbox 1234 2815 1293 2864; x_wconf 92' lang='lat' dir='ltr'><strong>et</strong></span> <span class='ocrx_word' id='word_1_163' title='bbox 1335 2807 1592 2863; x_wconf 86' lang='lat' dir='ltr'><strong>formam.</strong></span> <span class='ocrx_word' id='word_1_164' title='bbox 1620 2808 1719 2863; x_wconf 89' lang='lat' dir='ltr'><strong>Est</strong></span> <span class='ocrx_word' id='word_1_165' title='bbox 1747 2815 1957 2873; x_wconf 89' lang='lat' dir='ltr'><strong>autem,</strong></span> <span class='ocrx_word' id='word_1_166' title='bbox 1995 2807 2080 2863; x_wconf 89' lang='lat' dir='ltr'><strong>in-</strong></span> 
     </span>
    </p>
   </div>
   <div class='ocr_carea' id='block_1_25' title="bbox 483 2901 2082 2978">
    <p class='ocr_par' dir='ltr' id='par_1_25' title="bbox 483 2901 2082 2978">
     <span class='ocr_line' id='line_1_25' title="bbox 483 2901 2082 2978; baseline 0 -22"><span class='ocrx_word' id='word_1_167' title='bbox 483 2901 708 2973; x_wconf 86' lang='lat' dir='ltr'><strong>quiunt,</strong></span> <span class='ocrx_word' id='word_1_168' title='bbox 732 2903 965 2959; x_wconf 88' lang='lat' dir='ltr'><strong>materia</strong></span> <span class='ocrx_word' id='word_1_169' title='bbox 987 2903 1236 2978; x_wconf 82' lang='lat' dir='ltr'><strong>omnium</strong></span> <span class='ocrx_word' id='word_1_170' title='bbox 1256 2901 1619 2974; x_wconf 87' lang='lat' dir='ltr'><strong>principium,</strong></span> <span class='ocrx_word' id='word_1_171' title='bbox 1634 2917 1761 2958; x_wconf 90' lang='lat' dir='ltr'><strong>cum</strong></span> <span class='ocrx_word' id='word_1_172' title='bbox 1782 2902 1855 2958; x_wconf 89' lang='lat' dir='ltr'><strong>sit</strong></span> <span class='ocrx_word' id='word_1_173' title='bbox 1879 2918 1968 2959; x_wconf 91' lang='lat' dir='ltr'><strong>res</strong></span> <span class='ocrx_word' id='word_1_174' title='bbox 1996 2901 2082 2957; x_wconf 84' lang='lat' dir='ltr'><strong>in-</strong></span> 
     </span>
    </p>
   </div>
   <div class='ocr_carea' id='block_1_26' title="bbox 482 2989 2080 3067">
    <p class='ocr_par' dir='ltr' id='par_1_26' title="bbox 482 2989 2080 3067">
     <span class='ocr_line' id='line_1_26' title="bbox 482 2989 2080 3067; baseline -0.001 -16"><span class='ocrx_word' id='word_1_175' title='bbox 482 2989 781 3065; x_wconf 70' lang='lat' dir='ltr'><strong>corporea,</strong></span> <span class='ocrx_word' id='word_1_176' title='bbox 816 3010 1018 3067; x_wconf 81' lang='lat' dir='ltr'><strong>expers</strong></span> <span class='ocrx_word' id='word_1_177' title='bbox 1046 2995 1352 3066; x_wconf 87' lang='lat' dir='ltr'><strong>qualitatis,</strong></span> <span class='ocrx_word' id='word_1_178' title='bbox 1379 3003 1436 3051; x_wconf 89' lang='lat' dir='ltr'><strong>et</strong></span> <span class='ocrx_word' id='word_1_179' title='bbox 1472 3010 1597 3066; x_wconf 62' lang='lat' dir='ltr'><strong>quae</strong></span> <span class='ocrx_word' id='word_1_180' title='bbox 1626 2995 1743 3051; x_wconf 90' lang='lat' dir='ltr'><strong>sola</strong></span> <span class='ocrx_word' id='word_1_181' title='bbox 1768 2994 2080 3065; x_wconf 81' lang='lat' dir='ltr'><strong>explicatur</strong></span> 
     </span>
    </p>
   </div>
   <div class='ocr_carea' id='block_1_27' title="bbox 480 3084 2076 3157">
    <p class='ocr_par' dir='ltr' id='par_1_27' title="bbox 480 3084 2076 3157">
     <span class='ocr_line' id='line_1_27' title="bbox 480 3084 2076 3157; baseline 0 -17"><span class='ocrx_word' id='word_1_182' title='bbox 480 3085 726 3151; x_wconf 85' lang='lat' dir='ltr'><strong>ratione,</strong></span> <span class='ocrx_word' id='word_1_183' title='bbox 769 3101 885 3141; x_wconf 89' lang='lat' dir='ltr'><strong>non</strong></span> <span class='ocrx_word' id='word_1_184' title='bbox 932 3085 1082 3142; x_wconf 87' lang='lat' dir='ltr'><strong>cadit</strong></span> <span class='ocrx_word' id='word_1_185' title='bbox 1115 3093 1301 3142; x_wconf 88' lang='lat' dir='ltr'><strong>autem</strong></span> <span class='ocrx_word' id='word_1_186' title='bbox 1338 3084 1443 3141; x_wconf 88' lang='lat' dir='ltr'><strong>sub</strong></span> <span class='ocrx_word' id='word_1_187' title='bbox 1480 3100 1727 3141; x_wconf 89' lang='lat' dir='ltr'><strong>sensum.</strong></span> <span class='ocrx_word' id='word_1_188' title='bbox 1772 3085 1895 3156; x_wconf 81' lang='lat' dir='ltr'><strong>Ipsa</strong></span> <span class='ocrx_word' id='word_1_189' title='bbox 1920 3100 2076 3157; x_wconf 86' lang='lat' dir='ltr'><strong>ergo,</strong></span> 
     </span>
    </p>
   </div>
   <div class='ocr_carea' id='block_1_28' title="bbox 480 3177 2081 3250">
    <p class='ocr_par' dir='ltr' id='par_1_28' title="bbox 480 3177 2081 3250">
     <span class='ocr_line' id='line_1_28' title="bbox 480 3177 2081 3250; baseline -0.001 -16"><span class='ocrx_word' id='word_1_190' title='bbox 480 3177 708 3249; x_wconf 86' lang='lat' dir='ltr'><strong>inquit,</strong></span> <span class='ocrx_word' id='word_1_191' title='bbox 739 3194 770 3234; x_wconf 89' lang='lat' dir='ltr'><strong>a</strong></span> <span class='ocrx_word' id='word_1_192' title='bbox 818 3177 991 3249; x_wconf 83' lang='lat' dir='ltr'><strong>ﬁgura</strong></span> <span class='ocrx_word' id='word_1_193' title='bbox 1041 3179 1223 3250; x_wconf 87' lang='lat' dir='ltr'><strong>qualis</strong></span> <span class='ocrx_word' id='word_1_194' title='bbox 1266 3178 1537 3249; x_wconf 85' lang='lat' dir='ltr'><strong>impressa</strong></span> <span class='ocrx_word' id='word_1_195' title='bbox 1562 3218 1578 3243; x_wconf 92' lang='lat'><strong>,</strong></span> <span class='ocrx_word' id='word_1_196' title='bbox 1618 3192 1741 3248; x_wconf 66' lang='lat' dir='ltr'><strong>quae</strong></span> <span class='ocrx_word' id='word_1_197' title='bbox 1772 3177 1952 3233; x_wconf 90' lang='lat' dir='ltr'><strong>forma</strong></span> <span class='ocrx_word' id='word_1_198' title='bbox 1995 3185 2081 3233; x_wconf 91' lang='lat' dir='ltr'><strong>est</strong></span> 
     </span>
    </p>
   </div>
   <div class='ocr_carea' id='block_1_29' title="bbox 479 3268 2081 3341">
    <p class='ocr_par' dir='ltr' id='par_1_29' title="bbox 479 3268 2081 3341">
     <span class='ocr_line' id='line_1_29' title="bbox 479 3268 2081 3341; baseline -0.002 -16"><span class='ocrx_word' id='word_1_199' title='bbox 479 3278 843 3340; x_wconf 85' lang='lat' dir='ltr'><strong>corporatur.</strong></span> <span class='ocrx_word' id='word_1_200' title='bbox 872 3270 942 3325; x_wconf 86' lang='lat' dir='ltr'><strong>Et</strong></span> <span class='ocrx_word' id='word_1_201' title='bbox 972 3270 1219 3341; x_wconf 88' lang='lat' dir='ltr'><strong>primum</strong></span> <span class='ocrx_word' id='word_1_202' title='bbox 1251 3268 1481 3340; x_wconf 88' lang='lat' dir='ltr'><strong>quidem</strong></span> <span class='ocrx_word' id='word_1_203' title='bbox 1510 3268 1571 3323; x_wconf 84' lang='lat' dir='ltr'><strong>lit</strong></span> <span class='ocrx_word' id='word_1_204' title='bbox 1601 3269 1959 3332; x_wconf 84' lang='lat' dir='ltr'><strong>elementum,</strong></span> <span class='ocrx_word' id='word_1_205' title='bbox 1984 3276 2081 3322; x_wconf 90' lang='lat' dir='ltr'><strong>aut</strong></span> 
     </span>
    </p>
   </div>
   <div class='ocr_carea' id='block_1_30' title="bbox 475 3360 2080 3436">
    <p class='ocr_par' dir='ltr' id='par_1_30' title="bbox 475 3360 2080 3436">
     <span class='ocr_line' id='line_1_30' title="bbox 475 3360 2080 3436; baseline -0.003 -16"><span class='ocrx_word' id='word_1_206' title='bbox 475 3364 681 3429; x_wconf 64' lang='lat' dir='ltr'><strong>aether,</strong></span> <span class='ocrx_word' id='word_1_207' title='bbox 711 3371 807 3419; x_wconf 89' lang='lat' dir='ltr'><strong>aut</strong></span> <span class='ocrx_word' id='word_1_208' title='bbox 852 3363 1014 3436; x_wconf 84' lang='lat' dir='ltr'><strong>ignis,</strong></span> <span class='ocrx_word' id='word_1_209' title='bbox 1049 3371 1148 3418; x_wconf 92' lang='lat' dir='ltr'><strong>aut</strong></span> <span class='ocrx_word' id='word_1_210' title='bbox 1172 3379 1287 3429; x_wconf 87' lang='lat' dir='ltr'><strong>aer,</strong></span> <span class='ocrx_word' id='word_1_211' title='bbox 1329 3370 1427 3418; x_wconf 91' lang='lat' dir='ltr'><strong>aut</strong></span> <span class='ocrx_word' id='word_1_212' title='bbox 1455 3370 1626 3417; x_wconf 89' lang='lat' dir='ltr'><strong>terra.</strong></span> <span class='ocrx_word' id='word_1_213' title='bbox 1661 3360 1894 3427; x_wconf 88' lang='lat' dir='ltr'><strong>Deinde,</strong></span> <span class='ocrx_word' id='word_1_214' title='bbox 1929 3375 2080 3416; x_wconf 89' lang='lat' dir='ltr'><strong>com-</strong></span> 
     </span>
    </p>
   </div>
   <div class='ocr_carea' id='block_1_31' title="bbox 479 3452 2078 3527">
    <p class='ocr_par' dir='ltr' id='par_1_31' title="bbox 479 3452 2078 3527">
     <span class='ocr_line' id='line_1_31' title="bbox 479 3452 2078 3527; baseline -0.001 -16"><span class='ocrx_word' id='word_1_215' title='bbox 479 3456 667 3527; x_wconf 81' lang='lat' dir='ltr'><strong>plexis</strong></span> <span class='ocrx_word' id='word_1_216' title='bbox 687 3456 774 3511; x_wconf 90' lang='lat' dir='ltr'><strong>his</strong></span> <span class='ocrx_word' id='word_1_217' title='bbox 789 3455 1100 3520; x_wconf 91' lang='lat' dir='ltr'><strong>elementis,</strong></span> <span class='ocrx_word' id='word_1_218' title='bbox 1138 3453 1200 3511; x_wconf 85' lang='lat' dir='ltr'><strong>fit</strong></span> <span class='ocrx_word' id='word_1_219' title='bbox 1231 3454 1604 3524; x_wconf 88' lang='lat' dir='ltr'><strong>compositum</strong></span> <span class='ocrx_word' id='word_1_220' title='bbox 1649 3461 1747 3508; x_wconf 89' lang='lat' dir='ltr'><strong>aut</strong></span> <span class='ocrx_word' id='word_1_221' title='bbox 1774 3452 2078 3509; x_wconf 91' lang='lat' dir='ltr'><strong>animatum</strong></span> 
     </span>
    </p>
   </div>
   <div class='ocr_carea' id='block_1_32' title="bbox 483 3545 2078 3618">
    <p class='ocr_par' dir='ltr' id='par_1_32' title="bbox 483 3545 2078 3618">
     <span class='ocr_line' id='line_1_32' title="bbox 483 3545 2078 3618; baseline -0.003 -13"><span class='ocrx_word' id='word_1_222' title='bbox 483 3559 591 3605; x_wconf 87' lang='lat' dir='ltr'><strong>aut</strong></span> <span class='ocrx_word' id='word_1_223' title='bbox 621 3548 1003 3605; x_wconf 89' lang='lat' dir='ltr'><strong>inanimatum.</strong></span> <span class='ocrx_word' id='word_1_224' title='bbox 1032 3548 1103 3603; x_wconf 90' lang='lat' dir='ltr'><strong>Et</strong></span> <span class='ocrx_word' id='word_1_225' title='bbox 1151 3549 1383 3604; x_wconf 89' lang='lat' dir='ltr'><strong>materia</strong></span> <span class='ocrx_word' id='word_1_226' title='bbox 1416 3546 1642 3618; x_wconf 90' lang='lat' dir='ltr'><strong>quidem</strong></span> <span class='ocrx_word' id='word_1_227' title='bbox 1672 3554 1729 3602; x_wconf 92' lang='lat' dir='ltr'><strong>et</strong></span> <span class='ocrx_word' id='word_1_228' title='bbox 1755 3545 1955 3613; x_wconf 90' lang='lat' dir='ltr'><strong>forma,</strong></span> <span class='ocrx_word' id='word_1_229' title='bbox 1990 3547 2078 3601; x_wconf 88' lang='lat' dir='ltr'><strong>in-</strong></span> 
     </span>
    </p>
   </div>
   <div class='ocr_carea' id='block_1_33' title="bbox 486 3637 2078 3711">
    <p class='ocr_par' dir='ltr' id='par_1_33' title="bbox 486 3637 2078 3711">
     <span class='ocr_line' id='line_1_33' title="bbox 486 3637 2078 3711; baseline -0.003 -16"><span class='ocrx_word' id='word_1_230' title='bbox 486 3640 714 3711; x_wconf 90' lang='lat' dir='ltr'><strong>quiunt,</strong></span> <span class='ocrx_word' id='word_1_231' title='bbox 768 3639 837 3696; x_wconf 91' lang='lat' dir='ltr'><strong>ad</strong></span> <span class='ocrx_word' id='word_1_232' title='bbox 882 3639 1142 3711; x_wconf 89' lang='lat' dir='ltr'><strong>principii</strong></span> <span class='ocrx_word' id='word_1_233' title='bbox 1171 3639 1407 3695; x_wconf 90' lang='lat' dir='ltr'><strong>formam</strong></span> <span class='ocrx_word' id='word_1_234' title='bbox 1436 3639 1610 3710; x_wconf 85' lang='lat' dir='ltr'><strong>magis</strong></span> <span class='ocrx_word' id='word_1_235' title='bbox 1655 3637 1868 3694; x_wconf 87' lang='lat' dir='ltr'><strong>accedit</strong></span> <span class='ocrx_word' id='word_1_236' title='bbox 1913 3652 2078 3709; x_wconf 89' lang='lat' dir='ltr'><strong>quam</strong></span> 
     </span>
    </p>
   </div>
   <div class='ocr_carea' id='block_1_34' title="bbox 485 3728 2083 3801">
    <p class='ocr_par' dir='ltr' id='par_1_34' title="bbox 485 3728 2083 3801">
     <span class='ocr_line' id='line_1_34' title="bbox 485 3728 2083 3801; baseline -0.001 -15"><span class='ocrx_word' id='word_1_237' title='bbox 485 3732 788 3787; x_wconf 81' lang='lat' dir='ltr'><strong>elementa.</strong></span> <span class='ocrx_word' id='word_1_238' title='bbox 817 3731 1106 3787; x_wconf 87' lang='lat' dir='ltr'><strong>Elementa</strong></span> <span class='ocrx_word' id='word_1_239' title='bbox 1128 3740 1314 3786; x_wconf 88' lang='lat' dir='ltr'><strong>autem</strong></span> <span class='ocrx_word' id='word_1_240' title='bbox 1330 3731 1398 3786; x_wconf 88' lang='lat' dir='ltr'><strong>ad</strong></span> <span class='ocrx_word' id='word_1_241' title='bbox 1422 3728 1686 3801; x_wconf 88' lang='lat' dir='ltr'><strong>principii</strong></span> <span class='ocrx_word' id='word_1_242' title='bbox 1709 3729 1942 3785; x_wconf 87' lang='lat' dir='ltr'><strong>formam</strong></span> <span class='ocrx_word' id='word_1_243' title='bbox 1966 3745 2083 3784; x_wconf 90' lang='lat' dir='ltr'><strong>ma-</strong></span> 
     </span>
    </p>
   </div>
   <div class='ocr_carea' id='block_1_35' title="bbox 486 3821 2076 3895">
    <p class='ocr_par' dir='ltr' id='par_1_35' title="bbox 486 3821 2076 3895">
     <span class='ocr_line' id='line_1_35' title="bbox 486 3821 2076 3895; baseline -0.001 -18"><span class='ocrx_word' id='word_1_244' title='bbox 486 3823 579 3895; x_wconf 82' lang='lat' dir='ltr'><strong>gis</strong></span> <span class='ocrx_word' id='word_1_245' title='bbox 597 3822 868 3879; x_wconf 89' lang='lat' dir='ltr'><strong>accedunt</strong></span> <span class='ocrx_word' id='word_1_246' title='bbox 892 3839 1056 3893; x_wconf 91' lang='lat' dir='ltr'><strong>quam</strong></span> <span class='ocrx_word' id='word_1_247' title='bbox 1073 3822 1179 3878; x_wconf 90' lang='lat' dir='ltr'><strong>alia</strong></span> <span class='ocrx_word' id='word_1_248' title='bbox 1201 3837 1456 3893; x_wconf 87' lang='lat' dir='ltr'><strong>corpora.</strong></span> <span class='ocrx_word' id='word_1_249' title='bbox 1482 3822 1594 3878; x_wconf 86' lang='lat' dir='ltr'><strong>Nos</strong></span> <span class='ocrx_word' id='word_1_250' title='bbox 1610 3830 1794 3878; x_wconf 87' lang='lat' dir='ltr'><strong>autem</strong></span> <span class='ocrx_word' id='word_1_251' title='bbox 1812 3821 2076 3877; x_wconf 87' lang='lat' dir='ltr'><strong>dicimus:</strong></span> 
     </span>
    </p>
   </div>
   <div class='ocr_carea' id='block_1_36' title="bbox 485 3912 2080 3985">
    <p class='ocr_par' dir='ltr' id='par_1_36' title="bbox 485 3912 2080 3985">
     <span class='ocr_line' id='line_1_36' title="bbox 485 3912 2080 3985; baseline 0.002 -19"><span class='ocrx_word' id='word_1_252' title='bbox 485 3912 830 3985; x_wconf 87' lang='lat' dir='ltr'><strong>principium</strong></span> <span class='ocrx_word' id='word_1_253' title='bbox 889 3914 1074 3968; x_wconf 91' lang='lat' dir='ltr'><strong>omnia</strong></span> <span class='ocrx_word' id='word_1_254' title='bbox 1131 3912 1407 3985; x_wconf 90' lang='lat' dir='ltr'><strong>principia</strong></span> <span class='ocrx_word' id='word_1_255' title='bbox 1467 3928 1775 3984; x_wconf 88' lang='lat' dir='ltr'><strong>superans,</strong></span> <span class='ocrx_word' id='word_1_256' title='bbox 1834 3915 2080 3985; x_wconf 91' lang='lat' dir='ltr'><strong>primum</strong></span> 
     </span>
    </p>
   </div>
   <div class='ocr_carea' id='block_1_37' title="bbox 488 4006 2086 4080">
    <p class='ocr_par' dir='ltr' id='par_1_37' title="bbox 488 4006 2086 4080">
     <span class='ocr_line' id='line_1_37' title="bbox 488 4006 2086 4080; baseline 0.001 -20"><span class='ocrx_word' id='word_1_257' title='bbox 488 4006 723 4077; x_wconf 84' lang='lat' dir='ltr'><strong>quidem</strong></span> <span class='ocrx_word' id='word_1_258' title='bbox 772 4015 858 4063; x_wconf 87' lang='lat' dir='ltr'><strong>est</strong></span> <span class='ocrx_word' id='word_1_259' title='bbox 882 4008 1064 4076; x_wconf 88' lang='lat' dir='ltr'><strong>Deus;</strong></span> <span class='ocrx_word' id='word_1_260' title='bbox 1095 4016 1222 4080; x_wconf 90' lang='lat' dir='ltr'><strong>post</strong></span> <span class='ocrx_word' id='word_1_261' title='bbox 1268 4009 1443 4065; x_wconf 89' lang='lat' dir='ltr'><strong>Deum</strong></span> <span class='ocrx_word' id='word_1_262' title='bbox 1486 4019 1698 4075; x_wconf 90' lang='lat' dir='ltr'><strong>autem,</strong></span> <span class='ocrx_word' id='word_1_263' title='bbox 1745 4007 2086 4064; x_wconf 87' lang='lat' dir='ltr'><strong>naturalium</strong></span> 
     </span>
    </p>
   </div>
   <div class='ocr_carea' id='block_1_38' title="bbox 488 4100 2087 4171">
    <p class='ocr_par' dir='ltr' id='par_1_38' title="bbox 488 4100 2087 4171">
     <span class='ocr_line' id='line_1_38' title="bbox 488 4100 2087 4171; baseline 0 -16"><span class='ocrx_word' id='word_1_264' title='bbox 488 4114 793 4169; x_wconf 87' lang='lat' dir='ltr'><strong>corporum</strong></span> <span class='ocrx_word' id='word_1_265' title='bbox 826 4100 1097 4171; x_wconf 90' lang='lat' dir='ltr'><strong>principia</strong></span> <span class='ocrx_word' id='word_1_266' title='bbox 1120 4111 1251 4158; x_wconf 89' lang='lat' dir='ltr'><strong>sunt</strong></span> <span class='ocrx_word' id='word_1_267' title='bbox 1267 4102 1568 4158; x_wconf 88' lang='lat' dir='ltr'><strong>elementa.</strong></span> <span class='ocrx_word' id='word_1_268' title='bbox 1594 4100 1702 4158; x_wconf 88' lang='lat' dir='ltr'><strong>Sed</strong></span> <span class='ocrx_word' id='word_1_269' title='bbox 1730 4109 2087 4158; x_wconf 88' lang='lat' dir='ltr'><strong>externorum</strong></span> 
     </span>
    </p>
   </div>
   <div class='ocr_carea' id='block_1_39' title="bbox 388 4182 2087 4261">
    <p class='ocr_par' dir='ltr' id='par_1_39' title="bbox 388 4182 2087 4261">
     <span class='ocr_line' id='line_1_39' title="bbox 388 4182 2087 4261; baseline 0.001 -20"><span class='ocrx_word' id='word_1_270' title='bbox 388 4182 391 4183; x_wconf 52' lang='grc'><strong><em>⁷</em></strong></span> <span class='ocrx_word' id='word_1_271' title='bbox 491 4188 955 4261; x_wconf 84' lang='lat' dir='ltr'><strong>philosophorum</strong></span> <span class='ocrx_word' id='word_1_272' title='bbox 984 4189 1209 4261; x_wconf 89' lang='lat' dir='ltr'><strong>quidam</strong></span> <span class='ocrx_word' id='word_1_273' title='bbox 1244 4199 1377 4246; x_wconf 87' lang='lat' dir='ltr'><strong>sunt</strong></span> <span class='ocrx_word' id='word_1_274' title='bbox 1407 4190 1595 4256; x_wconf 82' lang='lat' dir='ltr'><strong>divisi,</strong></span> <span class='ocrx_word' id='word_1_275' title='bbox 1630 4199 1686 4246; x_wconf 90' lang='lat' dir='ltr'><strong>et</strong></span> <span class='ocrx_word' id='word_1_276' title='bbox 1715 4190 1844 4245; x_wconf 90' lang='lat' dir='ltr'><strong>aliis</strong></span> <span class='ocrx_word' id='word_1_277' title='bbox 1862 4189 2087 4260; x_wconf 89' lang='lat' dir='ltr'><strong>quidem</strong></span> 
     </span>
    </p>
   </div>
   <div class='ocr_carea' id='block_1_40' title="bbox 490 4276 2089 4349">
    <p class='ocr_par' dir='ltr' id='par_1_40' title="bbox 490 4276 2089 4349">
     <span class='ocr_line' id='line_1_40' title="bbox 490 4276 2089 4349; baseline 0.001 -19"><span class='ocrx_word' id='word_1_278' title='bbox 490 4276 679 4331; x_wconf 80' lang='lat' dir='ltr'><strong>visum</strong></span> <span class='ocrx_word' id='word_1_279' title='bbox 704 4286 788 4332; x_wconf 91' lang='lat' dir='ltr'><strong>est</strong></span> <span class='ocrx_word' id='word_1_280' title='bbox 827 4278 1011 4349; x_wconf 83' lang='lat' dir='ltr'><strong>ignem</strong></span> <span class='ocrx_word' id='word_1_281' title='bbox 1043 4293 1168 4333; x_wconf 88' lang='lat' dir='ltr'><strong>esse</strong></span> <span class='ocrx_word' id='word_1_282' title='bbox 1200 4278 1561 4349; x_wconf 86' lang='lat' dir='ltr'><strong>principium,</strong></span> <span class='ocrx_word' id='word_1_283' title='bbox 1585 4286 1816 4349; x_wconf 88' lang='lat' dir='ltr'><strong>propter</strong></span> <span class='ocrx_word' id='word_1_284' title='bbox 1843 4277 1954 4333; x_wconf 85' lang='lat' dir='ltr'><strong>vim</strong></span> <span class='ocrx_word' id='word_1_285' title='bbox 1986 4293 2089 4349; x_wconf 91' lang='lat' dir='ltr'><strong>per</strong></span> 
     </span>
    </p>
   </div>
   <div class='ocr_carea' id='block_1_41' title="bbox 494 4367 2089 4439">
    <p class='ocr_par' dir='ltr' id='par_1_41' title="bbox 494 4367 2089 4439">
     <span class='ocr_line' id='line_1_41' title="bbox 494 4367 2089 4439; baseline -0.002 -13"><span class='ocrx_word' id='word_1_286' title='bbox 494 4385 560 4426; x_wconf 79' lang='lat' dir='ltr'><strong>se</strong></span> <span class='ocrx_word' id='word_1_287' title='bbox 579 4379 635 4423; x_wconf 87' lang='lat' dir='ltr'><strong>et</strong></span> <span class='ocrx_word' id='word_1_288' title='bbox 657 4367 817 4423; x_wconf 81' lang='lat' dir='ltr'><strong>facile</strong></span> <span class='ocrx_word' id='word_1_289' title='bbox 844 4368 1111 4424; x_wconf 86' lang='lat' dir='ltr'><strong>mobilem</strong></span> <span class='ocrx_word' id='word_1_290' title='bbox 1145 4376 1202 4424; x_wconf 90' lang='lat' dir='ltr'><strong>et</strong></span> <span class='ocrx_word' id='word_1_291' title='bbox 1241 4368 1391 4439; x_wconf 91' lang='lat' dir='ltr'><strong>quod</strong></span> <span class='ocrx_word' id='word_1_292' title='bbox 1420 4377 1716 4425; x_wconf 90' lang='lat' dir='ltr'><strong>consumat</strong></span> <span class='ocrx_word' id='word_1_293' title='bbox 1748 4367 1933 4423; x_wconf 85' lang='lat' dir='ltr'><strong>omnia</strong></span> <span class='ocrx_word' id='word_1_294' title='bbox 1967 4382 2089 4439; x_wconf 61' lang='lat' dir='ltr'><strong>quae</strong></span> 
     </span>
    </p>
   </div>
   <div class='ocr_carea' id='block_1_42' title="bbox 493 4461 2089 4534">
    <p class='ocr_par' dir='ltr' id='par_1_42' title="bbox 493 4461 2089 4534">
     <span class='ocr_line' id='line_1_42' title="bbox 493 4461 2089 4534; baseline 0 -17"><span class='ocrx_word' id='word_1_295' title='bbox 493 4464 954 4533; x_wconf 83' lang='lat' dir='ltr'><strong>apprehenderit.</strong></span> <span class='ocrx_word' id='word_1_296' title='bbox 981 4461 1122 4518; x_wconf 86' lang='lat' dir='ltr'><strong>Aliis</strong></span> <span class='ocrx_word' id='word_1_297' title='bbox 1144 4468 1330 4518; x_wconf 90' lang='lat' dir='ltr'><strong>autem</strong></span> <span class='ocrx_word' id='word_1_298' title='bbox 1368 4477 1577 4528; x_wconf 91' lang='lat' dir='ltr'><strong>aerem,</strong></span> <span class='ocrx_word' id='word_1_299' title='bbox 1606 4470 1900 4534; x_wconf 88' lang='lat' dir='ltr'><strong>propterea</strong></span> <span class='ocrx_word' id='word_1_300' title='bbox 1939 4461 2089 4533; x_wconf 92' lang='lat' dir='ltr'><strong>quod</strong></span> 
     </span>
    </p>
   </div>
   <div class='ocr_carea' id='block_1_43' title="bbox 494 4556 2085 4628">
    <p class='ocr_par' dir='ltr' id='par_1_43' title="bbox 494 4556 2085 4628">
     <span class='ocr_line' id='line_1_43' title="bbox 494 4556 2085 4628; baseline -0.001 -16"><span class='ocrx_word' id='word_1_301' title='bbox 494 4557 630 4613; x_wconf 79' lang='lat' dir='ltr'><strong>vitae</strong></span> <span class='ocrx_word' id='word_1_302' title='bbox 655 4574 818 4613; x_wconf 89' lang='lat' dir='ltr'><strong>causa</strong></span> <span class='ocrx_word' id='word_1_303' title='bbox 858 4558 933 4614; x_wconf 90' lang='lat' dir='ltr'><strong>sit</strong></span> <span class='ocrx_word' id='word_1_304' title='bbox 958 4574 1028 4613; x_wconf 86' lang='lat' dir='ltr'><strong>ex</strong></span> <span class='ocrx_word' id='word_1_305' title='bbox 1066 4557 1453 4628; x_wconf 88' lang='lat' dir='ltr'><strong>respiratione.</strong></span> <span class='ocrx_word' id='word_1_306' title='bbox 1483 4556 1624 4613; x_wconf 86' lang='lat' dir='ltr'><strong>Aliis</strong></span> <span class='ocrx_word' id='word_1_307' title='bbox 1643 4564 1829 4612; x_wconf 88' lang='lat' dir='ltr'><strong>autem</strong></span> <span class='ocrx_word' id='word_1_308' title='bbox 1863 4571 2085 4626; x_wconf 90' lang='lat' dir='ltr'><strong>aquam,</strong></span> 
     </span>
    </p>
   </div>
   <div class='ocr_carea' id='block_1_44' title="bbox 499 4650 2093 4722">
    <p class='ocr_par' dir='ltr' id='par_1_44' title="bbox 499 4650 2093 4722">
     <span class='ocr_line' id='line_1_44' title="bbox 499 4650 2093 4722; baseline 0 -19"><span class='ocrx_word' id='word_1_309' title='bbox 499 4657 732 4720; x_wconf 87' lang='lat' dir='ltr'><strong>propter</strong></span> <span class='ocrx_word' id='word_1_310' title='bbox 770 4650 1070 4722; x_wconf 82' lang='lat' dir='ltr'><strong>genitalem</strong></span> <span class='ocrx_word' id='word_1_311' title='bbox 1124 4657 1403 4705; x_wconf 89' lang='lat' dir='ltr'><strong>naturam.</strong></span> <span class='ocrx_word' id='word_1_312' title='bbox 1454 4650 1755 4722; x_wconf 87' lang='lat' dir='ltr'><strong>Aliquibus</strong></span> <span class='ocrx_word' id='word_1_313' title='bbox 1784 4661 1973 4706; x_wconf 90' lang='lat' dir='ltr'><strong>autem</strong></span> <span class='ocrx_word' id='word_1_314' title='bbox 2022 4665 2093 4704; x_wconf 88' lang='lat' dir='ltr'><strong>ex</strong></span> 
     </span>
    </p>
   </div>
   <div class='ocr_carea' id='block_1_45' title="bbox 498 4742 2091 4815">
    <p class='ocr_par' dir='ltr' id='par_1_45' title="bbox 498 4742 2091 4815">
     <span class='ocr_line' id='line_1_45' title="bbox 498 4742 2091 4815; baseline -0.001 -17"><span class='ocrx_word' id='word_1_315' title='bbox 498 4743 596 4807; x_wconf 89' lang='lat' dir='ltr'><strong>iis,</strong></span> <span class='ocrx_word' id='word_1_316' title='bbox 624 4750 846 4809; x_wconf 90' lang='lat' dir='ltr'><strong>terram,</strong></span> <span class='ocrx_word' id='word_1_317' title='bbox 875 4750 1172 4815; x_wconf 88' lang='lat' dir='ltr'><strong>propterea</strong></span> <span class='ocrx_word' id='word_1_318' title='bbox 1204 4742 1353 4814; x_wconf 91' lang='lat' dir='ltr'><strong>quod</strong></span> <span class='ocrx_word' id='word_1_319' title='bbox 1383 4743 1623 4814; x_wconf 87' lang='lat' dir='ltr'><strong>plurima</strong></span> <span class='ocrx_word' id='word_1_320' title='bbox 1657 4743 1959 4798; x_wconf 89' lang='lat' dir='ltr'><strong>animantia</strong></span> <span class='ocrx_word' id='word_1_321' title='bbox 1984 4742 2091 4813; x_wconf 56' lang='grc' dir='ltr'><strong>,εἰσ</strong></span> 
     </span>
    </p>
   </div>
   <div class='ocr_carea' id='block_1_46' title="bbox 499 4836 1735 4906">
    <p class='ocr_par' dir='ltr' id='par_1_46' title="bbox 499 4836 1735 4906">
     <span class='ocr_line' id='line_1_46' title="bbox 499 4836 1735 4906; baseline 0.006 -19"><span class='ocrx_word' id='word_1_322' title='bbox 499 4843 741 4906; x_wconf 77' lang='lat' dir='ltr'><strong>gnantur</strong></span> <span class='ocrx_word' id='word_1_323' title='bbox 762 4850 832 4890; x_wconf 87' lang='lat' dir='ltr'><strong>ex</strong></span> <span class='ocrx_word' id='word_1_324' title='bbox 862 4844 1030 4902; x_wconf 89' lang='lat' dir='ltr'><strong>terra,</strong></span> <span class='ocrx_word' id='word_1_325' title='bbox 1057 4843 1114 4892; x_wconf 91' lang='lat' dir='ltr'><strong>et</strong></span> <span class='ocrx_word' id='word_1_326' title='bbox 1137 4836 1194 4891; x_wconf 91' lang='lat' dir='ltr'><strong>in</strong></span> <span class='ocrx_word' id='word_1_327' title='bbox 1215 4850 1338 4891; x_wconf 86' lang='lat' dir='ltr'><strong>eam</strong></span> <span class='ocrx_word' id='word_1_328' title='bbox 1363 4836 1735 4895; x_wconf 75' lang='lat' dir='ltr'><strong>resolvantur.</strong></span> 
     </span>
    </p>
   </div>
   <div class='ocr_carea' id='block_1_47' title="bbox 576 4926 2095 4999">
    <p class='ocr_par' dir='ltr' id='par_1_47' title="bbox 576 4926 2095 4999">
     <span class='ocr_line' id='line_1_47' title="bbox 576 4926 2095 4999; baseline 0 -17"><span class='ocrx_word' id='word_1_329' title='bbox 576 4926 732 4983; x_wconf 83' lang='lat' dir='ltr'><strong>Plato</strong></span> <span class='ocrx_word' id='word_1_330' title='bbox 765 4935 951 4983; x_wconf 90' lang='lat' dir='ltr'><strong>autem</strong></span> <span class='ocrx_word' id='word_1_331' title='bbox 992 4928 1166 4983; x_wconf 89' lang='lat' dir='ltr'><strong>Deum</strong></span> <span class='ocrx_word' id='word_1_332' title='bbox 1210 4937 1268 4984; x_wconf 89' lang='lat' dir='ltr'><strong>et</strong></span> <span class='ocrx_word' id='word_1_333' title='bbox 1300 4930 1588 4984; x_wconf 86' lang='lat' dir='ltr'><strong>materiam</strong></span> <span class='ocrx_word' id='word_1_334' title='bbox 1621 4927 1763 4984; x_wconf 80' lang='lat' dir='ltr'><strong>dixit</strong></span> <span class='ocrx_word' id='word_1_335' title='bbox 1793 4942 1917 4984; x_wconf 89' lang='lat' dir='ltr'><strong>esse</strong></span> <span class='ocrx_word' id='word_1_336' title='bbox 1939 4926 2095 4999; x_wconf 85' lang='lat' dir='ltr'><strong>prin-</strong></span> 
     </span>
    </p>
   </div>
   <div class='ocr_carea' id='block_1_48' title="bbox 2184 1327 3773 1407">
    <p class='ocr_par' dir='ltr' id='par_1_48' title="bbox 2184 1327 3773 1407">
     <span class='ocr_line' id='line_1_48' title="bbox 2184 1327 3773 1407; baseline 0.009 -28"><span class='ocrx_word' id='word_1_337' title='bbox 2184 1340 2306 1381; x_wconf 89' lang='lat' dir='ltr'><strong>esse</strong></span> <span class='ocrx_word' id='word_1_338' title='bbox 2337 1327 2681 1384; x_wconf 87' lang='lat' dir='ltr'><strong>universum.</strong></span> <span class='ocrx_word' id='word_1_339' title='bbox 2742 1329 2884 1386; x_wconf 93' lang='lat' dir='ltr'><strong>Sunt</strong></span> <span class='ocrx_word' id='word_1_340' title='bbox 2927 1341 3113 1387; x_wconf 84' lang='lat' dir='ltr'><strong>autem</strong></span> <span class='ocrx_word' id='word_1_341' title='bbox 3158 1335 3327 1390; x_wconf 87' lang='lat' dir='ltr'><strong>etiam</strong></span> <span class='ocrx_word' id='word_1_342' title='bbox 3359 1337 3455 1407; x_wconf 92' lang='lat' dir='ltr'><strong>qui</strong></span> <span class='ocrx_word' id='word_1_343' title='bbox 3510 1337 3773 1393; x_wconf 86' lang='lat' dir='ltr'><strong>dixerunt</strong></span> 
     </span>
    </p>
   </div>
   <div class='ocr_carea' id='block_1_49' title="bbox 2184 1416 3772 1498">
    <p class='ocr_par' dir='ltr' id='par_1_49' title="bbox 2184 1416 3772 1498">
     <span class='ocr_line' id='line_1_49' title="bbox 2184 1416 3772 1498; baseline 0.008 -29"><span class='ocrx_word' id='word_1_344' title='bbox 2184 1416 2366 1486; x_wconf 89' lang='lat' dir='ltr'><strong>ipsum</strong></span> <span class='ocrx_word' id='word_1_345' title='bbox 2398 1433 2520 1473; x_wconf 86' lang='lat' dir='ltr'><strong>esse</strong></span> <span class='ocrx_word' id='word_1_346' title='bbox 2553 1428 2700 1475; x_wconf 89' lang='lat' dir='ltr'><strong>sorte</strong></span> <span class='ocrx_word' id='word_1_347' title='bbox 2720 1428 2777 1475; x_wconf 91' lang='lat' dir='ltr'><strong>et</strong></span> <span class='ocrx_word' id='word_1_348' title='bbox 2806 1437 2959 1485; x_wconf 87' lang='lat' dir='ltr'><strong>casu,</strong></span> <span class='ocrx_word' id='word_1_349' title='bbox 2983 1432 3040 1476; x_wconf 91' lang='lat' dir='ltr'><strong>et</strong></span> <span class='ocrx_word' id='word_1_350' title='bbox 3066 1424 3369 1487; x_wconf 87' lang='lat' dir='ltr'><strong>ntaccidit,</strong></span> <span class='ocrx_word' id='word_1_351' title='bbox 3406 1435 3620 1496; x_wconf 86' lang='lat' dir='ltr'><strong>partem</strong></span> <span class='ocrx_word' id='word_1_352' title='bbox 3651 1429 3772 1498; x_wconf 86' lang='lat' dir='ltr'><strong>ejus</strong></span> 
     </span>
    </p>
   </div>
   <div class='ocr_carea' id='block_1_50' title="bbox 2181 1508 3773 1587">
    <p class='ocr_par' dir='ltr' id='par_1_50' title="bbox 2181 1508 3773 1587">
     <span class='ocr_line' id='line_1_50' title="bbox 2181 1508 3773 1587; baseline 0.009 -26"><span class='ocrx_word' id='word_1_353' title='bbox 2181 1508 2416 1577; x_wconf 87' lang='lat' dir='ltr'><strong>primam</strong></span> <span class='ocrx_word' id='word_1_354' title='bbox 2439 1518 2615 1565; x_wconf 88' lang='lat' dir='ltr'><strong>ortam</strong></span> <span class='ocrx_word' id='word_1_355' title='bbox 2655 1527 2797 1577; x_wconf 88' lang='lat' dir='ltr'><strong>esse.</strong></span> <span class='ocrx_word' id='word_1_356' title='bbox 2828 1514 2936 1568; x_wconf 88' lang='lat' dir='ltr'><strong>Alii</strong></span> <span class='ocrx_word' id='word_1_357' title='bbox 2966 1524 3149 1570; x_wconf 85' lang='lat' dir='ltr'><strong>autem</strong></span> <span class='ocrx_word' id='word_1_358' title='bbox 3176 1516 3229 1570; x_wconf 90' lang='lat' dir='ltr'><strong>in</strong></span> <span class='ocrx_word' id='word_1_359' title='bbox 3254 1526 3498 1587; x_wconf 86' lang='lat' dir='ltr'><strong>quatuor</strong></span> <span class='ocrx_word' id='word_1_360' title='bbox 3528 1519 3773 1574; x_wconf 81' lang='lat' dir='ltr'><strong>elemen-</strong></span> 
     </span>
    </p>
   </div>
   <div class='ocr_carea' id='block_1_51' title="bbox 2185 1603 3773 1676">
    <p class='ocr_par' dir='ltr' id='par_1_51' title="bbox 2185 1603 3773 1676">
     <span class='ocr_line' id='line_1_51' title="bbox 2185 1603 3773 1676; baseline 0.008 -22"><span class='ocrx_word' id='word_1_361' title='bbox 2185 1609 2259 1666; x_wconf 87' lang='lat' dir='ltr'><strong>ta,</strong></span> <span class='ocrx_word' id='word_1_362' title='bbox 2297 1612 2355 1657; x_wconf 92' lang='lat' dir='ltr'><strong>et</strong></span> <span class='ocrx_word' id='word_1_363' title='bbox 2381 1603 2638 1674; x_wconf 91' lang='lat' dir='ltr'><strong>quintum</strong></span> <span class='ocrx_word' id='word_1_364' title='bbox 2686 1620 2891 1676; x_wconf 81' lang='lat' dir='ltr'><strong>corpus</strong></span> <span class='ocrx_word' id='word_1_365' title='bbox 2915 1608 3218 1663; x_wconf 67' lang='lat' dir='ltr'><strong>aathereum</strong></span> <span class='ocrx_word' id='word_1_366' title='bbox 3250 1610 3575 1665; x_wconf 85' lang='lat' dir='ltr'><strong>universum</strong></span> <span class='ocrx_word' id='word_1_367' title='bbox 3609 1625 3773 1665; x_wconf 91' lang='lat' dir='ltr'><strong>mun-</strong></span> 
     </span>
    </p>
   </div>
   <div class='ocr_carea' id='block_1_52' title="bbox 2182 1693 3771 1770">
    <p class='ocr_par' dir='ltr' id='par_1_52' title="bbox 2182 1693 3771 1770">
     <span class='ocr_line' id='line_1_52' title="bbox 2182 1693 3771 1770; baseline 0.006 -21"><span class='ocrx_word' id='word_1_368' title='bbox 2182 1694 2313 1749; x_wconf 91' lang='lat' dir='ltr'><strong>dum</strong></span> <span class='ocrx_word' id='word_1_369' title='bbox 2341 1693 2685 1761; x_wconf 87' lang='lat' dir='ltr'><strong>dividentes,</strong></span> <span class='ocrx_word' id='word_1_370' title='bbox 2738 1706 2795 1752; x_wconf 91' lang='lat' dir='ltr'><strong>et</strong></span> <span class='ocrx_word' id='word_1_371' title='bbox 2829 1707 3070 1769; x_wconf 90' lang='lat' dir='ltr'><strong>quatuor</strong></span> <span class='ocrx_word' id='word_1_372' title='bbox 3120 1701 3396 1757; x_wconf 89' lang='lat' dir='ltr'><strong>elementa</strong></span> <span class='ocrx_word' id='word_1_373' title='bbox 3428 1702 3510 1770; x_wconf 65' lang='lat' dir='ltr'><strong>fab</strong></span> <span class='ocrx_word' id='word_1_374' title='bbox 3563 1703 3771 1758; x_wconf 79' lang='lat' dir='ltr'><strong>aethere</strong></span> 
     </span>
    </p>
   </div>
   <div class='ocr_carea' id='block_1_53' title="bbox 2183 1787 3768 1865">
    <p class='ocr_par' dir='ltr' id='par_1_53' title="bbox 2183 1787 3768 1865">
     <span class='ocr_line' id='line_1_53' title="bbox 2183 1787 3768 1865; baseline 0.004 -23"><span class='ocrx_word' id='word_1_375' title='bbox 2183 1787 2561 1845; x_wconf 88' lang='lat' dir='ltr'><strong>administrari</strong></span> <span class='ocrx_word' id='word_1_376' title='bbox 2588 1788 2970 1847; x_wconf 81' lang='lat' dir='ltr'><strong>existimantes</strong></span> <span class='ocrx_word' id='word_1_377' title='bbox 3019 1792 3266 1860; x_wconf 73' lang='lat' dir='ltr'><strong>(aetheris</strong></span> <span class='ocrx_word' id='word_1_378' title='bbox 3299 1801 3485 1849; x_wconf 91' lang='lat' dir='ltr'><strong>autem</strong></span> <span class='ocrx_word' id='word_1_379' title='bbox 3518 1810 3609 1849; x_wconf 88' lang='lat' dir='ltr'><strong>res</strong></span> <span class='ocrx_word' id='word_1_380' title='bbox 3641 1795 3768 1865; x_wconf 78' lang='lat' dir='ltr'><strong>pul-</strong></span> 
     </span>
    </p>
   </div>
   <div class='ocr_carea' id='block_1_54' title="bbox 2182 1881 3774 1957">
    <p class='ocr_par' dir='ltr' id='par_1_54' title="bbox 2182 1881 3774 1957">
     <span class='ocr_line' id='line_1_54' title="bbox 2182 1881 3774 1957; baseline 0.004 -22"><span class='ocrx_word' id='word_1_381' title='bbox 2182 1881 2459 1938; x_wconf 86' lang='lat' dir='ltr'><strong>cherrima</strong></span> <span class='ocrx_word' id='word_1_382' title='bbox 2494 1891 2580 1938; x_wconf 91' lang='lat' dir='ltr'><strong>est</strong></span> <span class='ocrx_word' id='word_1_383' title='bbox 2606 1884 2855 1957; x_wconf 76' lang='lat' dir='ltr'><strong>caelum).</strong></span> <span class='ocrx_word' id='word_1_384' title='bbox 2892 1884 2948 1940; x_wconf 89' lang='lat' dir='ltr'><strong>id</strong></span> <span class='ocrx_word' id='word_1_385' title='bbox 2983 1885 3224 1955; x_wconf 91' lang='lat' dir='ltr'><strong>primum</strong></span> <span class='ocrx_word' id='word_1_386' title='bbox 3271 1893 3459 1942; x_wconf 90' lang='lat' dir='ltr'><strong>ortum</strong></span> <span class='ocrx_word' id='word_1_387' title='bbox 3508 1902 3635 1943; x_wconf 87' lang='lat' dir='ltr'><strong>esse</strong></span> <span class='ocrx_word' id='word_1_388' title='bbox 3685 1887 3774 1942; x_wconf 92' lang='lat' dir='ltr'><strong>di-</strong></span> 
     </span>
    </p>
   </div>
   <div class='ocr_carea' id='block_1_55' title="bbox 2182 1971 3772 2047">
    <p class='ocr_par' dir='ltr' id='par_1_55' title="bbox 2182 1971 3772 2047">
     <span class='ocr_line' id='line_1_55' title="bbox 2182 1971 3772 2047; baseline 0.004 -20"><span class='ocrx_word' id='word_1_389' title='bbox 2182 1980 2334 2027; x_wconf 90' lang='lat' dir='ltr'><strong>cunt.</strong></span> <span class='ocrx_word' id='word_1_390' title='bbox 2362 1971 2475 2028; x_wconf 85' lang='lat' dir='ltr'><strong>Nos</strong></span> <span class='ocrx_word' id='word_1_391' title='bbox 2515 1982 2700 2030; x_wconf 90' lang='lat' dir='ltr'><strong>autem</strong></span> <span class='ocrx_word' id='word_1_392' title='bbox 2738 1975 2911 2031; x_wconf 87' lang='lat' dir='ltr'><strong>divini</strong></span> <span class='ocrx_word' id='word_1_393' title='bbox 2947 1975 3115 2031; x_wconf 79' lang='lat' dir='ltr'><strong>Mosis</strong></span> <span class='ocrx_word' id='word_1_394' title='bbox 3139 1976 3289 2047; x_wconf 81' lang='lat' dir='ltr'><strong>leges</strong></span> <span class='ocrx_word' id='word_1_395' title='bbox 3325 1984 3383 2032; x_wconf 90' lang='lat' dir='ltr'><strong>et</strong></span> <span class='ocrx_word' id='word_1_396' title='bbox 3430 1976 3657 2032; x_wconf 89' lang='lat' dir='ltr'><strong>decreta</strong></span> <span class='ocrx_word' id='word_1_397' title='bbox 3681 1991 3772 2033; x_wconf 87' lang='lat' dir='ltr'><strong>se-</strong></span> 
     </span>
    </p>
   </div>
   <div class='ocr_carea' id='block_1_56' title="bbox 2181 2068 3773 2140">
    <p class='ocr_par' dir='ltr' id='par_1_56' title="bbox 2181 2068 3773 2140">
     <span class='ocr_line' id='line_1_56' title="bbox 2181 2068 3773 2140; baseline 0.004 -22"><span class='ocrx_word' id='word_1_398' title='bbox 2181 2075 2436 2135; x_wconf 87' lang='lat' dir='ltr'><strong>quentes,</strong></span> <span class='ocrx_word' id='word_1_399' title='bbox 2457 2069 2513 2122; x_wconf 83' lang='lat' dir='ltr'><strong>in</strong></span> <span class='ocrx_word' id='word_1_400' title='bbox 2530 2069 2788 2140; x_wconf 82' lang='lat' dir='ltr'><strong>principio</strong></span> <span class='ocrx_word' id='word_1_401' title='bbox 2805 2068 2991 2123; x_wconf 64' lang='lat' dir='ltr'><strong>calum</strong></span> <span class='ocrx_word' id='word_1_402' title='bbox 3011 2077 3059 2123; x_wconf 84' lang='lat' dir='ltr'><strong>et</strong></span> <span class='ocrx_word' id='word_1_403' title='bbox 3077 2078 3280 2123; x_wconf 83' lang='lat' dir='ltr'><strong>terram</strong></span> <span class='ocrx_word' id='word_1_404' title='bbox 3297 2068 3460 2124; x_wconf 88' lang='lat' dir='ltr'><strong>simul</strong></span> <span class='ocrx_word' id='word_1_405' title='bbox 3484 2068 3626 2124; x_wconf 91' lang='lat' dir='ltr'><strong>facta</strong></span> <span class='ocrx_word' id='word_1_406' title='bbox 3649 2083 3773 2125; x_wconf 85' lang='lat' dir='ltr'><strong>esse</strong></span> 
     </span>
    </p>
   </div>
   <div class='ocr_carea' id='block_1_57' title="bbox 2181 2158 3770 2232">
    <p class='ocr_par' dir='ltr' id='par_1_57' title="bbox 2181 2158 3770 2232">
     <span class='ocr_line' id='line_1_57' title="bbox 2181 2158 3770 2232; baseline 0.002 -18"><span class='ocrx_word' id='word_1_407' title='bbox 2181 2158 2438 2216; x_wconf 89' lang='lat' dir='ltr'><strong>dicimus.</strong></span> <span class='ocrx_word' id='word_1_408' title='bbox 2470 2161 2538 2215; x_wconf 92' lang='lat' dir='ltr'><strong>Et</strong></span> <span class='ocrx_word' id='word_1_409' title='bbox 2575 2161 2766 2231; x_wconf 89' lang='lat' dir='ltr'><strong>siquis</strong></span> <span class='ocrx_word' id='word_1_410' title='bbox 2785 2162 2905 2218; x_wconf 88' lang='lat' dir='ltr'><strong>vult</strong></span> <span class='ocrx_word' id='word_1_411' title='bbox 2926 2162 3121 2218; x_wconf 87' lang='lat' dir='ltr'><strong>videre</strong></span> <span class='ocrx_word' id='word_1_412' title='bbox 3146 2161 3481 2232; x_wconf 87' lang='lat' dir='ltr'><strong>principium</strong></span> <span class='ocrx_word' id='word_1_413' title='bbox 3522 2163 3770 2217; x_wconf 91' lang='lat' dir='ltr'><strong>omnium</strong></span> 
     </span>
    </p>
   </div>
   <div class='ocr_carea' id='block_1_58' title="bbox 2179 2244 3773 2325">
    <p class='ocr_par' dir='ltr' id='par_1_58' title="bbox 2179 2244 3773 2325">
     <span class='ocr_line' id='line_1_58' title="bbox 2179 2244 3773 2325; baseline 0.003 -19"><span class='ocrx_word' id='word_1_414' title='bbox 2179 2244 2591 2318; x_wconf 80' lang='lat' dir='ltr'><strong>mandatorum,</strong></span> <span class='ocrx_word' id='word_1_415' title='bbox 2632 2253 2751 2309; x_wconf 59' lang='lat' dir='ltr'><strong>haec</strong></span> <span class='ocrx_word' id='word_1_416' title='bbox 2795 2254 3099 2309; x_wconf 79' lang='lat' dir='ltr'><strong>existimet.</strong></span> <span class='ocrx_word' id='word_1_417' title='bbox 3144 2252 3251 2309; x_wconf 90' lang='lat' dir='ltr'><strong>Sed</strong></span> <span class='ocrx_word' id='word_1_418' title='bbox 3284 2266 3342 2309; x_wconf 89' lang='lat' dir='ltr'><strong>et</strong></span> <span class='ocrx_word' id='word_1_419' title='bbox 3370 2253 3619 2308; x_wconf 88' lang='lat' dir='ltr'><strong>omnium</strong></span> <span class='ocrx_word' id='word_1_420' title='bbox 3650 2271 3773 2325; x_wconf 75' lang='lat' dir='ltr'><strong>qua:</strong></span> 
     </span>
    </p>
   </div>
   <div class='ocr_carea' id='block_1_59' title="bbox 2180 2343 3771 2416">
    <p class='ocr_par' dir='ltr' id='par_1_59' title="bbox 2180 2343 3771 2416">
     <span class='ocr_line' id='line_1_59' title="bbox 2180 2343 3771 2416; baseline 0.001 -17"><span class='ocrx_word' id='word_1_421' title='bbox 2180 2343 2567 2415; x_wconf 90' lang='lat' dir='ltr'><strong>percipiuntur</strong></span> <span class='ocrx_word' id='word_1_422' title='bbox 2629 2345 3002 2416; x_wconf 83' lang='lat' dir='ltr'><strong>intelligentia</strong></span> <span class='ocrx_word' id='word_1_423' title='bbox 3026 2386 3041 2411; x_wconf 97' lang='lat'><strong>,</strong></span> <span class='ocrx_word' id='word_1_424' title='bbox 3077 2345 3416 2416; x_wconf 89' lang='lat' dir='ltr'><strong>principium</strong></span> <span class='ocrx_word' id='word_1_425' title='bbox 3448 2354 3536 2401; x_wconf 89' lang='lat' dir='ltr'><strong>est</strong></span> <span class='ocrx_word' id='word_1_426' title='bbox 3586 2347 3771 2401; x_wconf 91' lang='lat' dir='ltr'><strong>omnia</strong></span> 
     </span>
    </p>
   </div>
   <div class='ocr_carea' id='block_1_60' title="bbox 2180 2437 3771 2509">
    <p class='ocr_par' dir='ltr' id='par_1_60' title="bbox 2180 2437 3771 2509">
     <span class='ocr_line' id='line_1_60' title="bbox 2180 2437 3771 2509; baseline 0.001 -18"><span class='ocrx_word' id='word_1_427' title='bbox 2180 2437 2455 2509; x_wconf 84' lang='lat' dir='ltr'><strong>principia</strong></span> <span class='ocrx_word' id='word_1_428' title='bbox 2486 2453 2758 2509; x_wconf 89' lang='lat' dir='ltr'><strong>superans</strong></span> <span class='ocrx_word' id='word_1_429' title='bbox 2794 2439 2961 2503; x_wconf 90' lang='lat' dir='ltr'><strong>Deus,</strong></span> <span class='ocrx_word' id='word_1_430' title='bbox 3009 2437 3105 2509; x_wconf 91' lang='lat' dir='ltr'><strong>qui</strong></span> <span class='ocrx_word' id='word_1_431' title='bbox 3146 2437 3282 2493; x_wconf 85' lang='lat' dir='ltr'><strong>fecit</strong></span> <span class='ocrx_word' id='word_1_432' title='bbox 3318 2438 3526 2503; x_wconf 91' lang='lat' dir='ltr'><strong>omnia,</strong></span> <span class='ocrx_word' id='word_1_433' title='bbox 3559 2445 3615 2493; x_wconf 94' lang='lat' dir='ltr'><strong>et</strong></span> <span class='ocrx_word' id='word_1_434' title='bbox 3660 2453 3771 2493; x_wconf 90' lang='lat' dir='ltr'><strong>non</strong></span> 
     </span>
    </p>
   </div>
   <div class='ocr_carea' id='block_1_61' title="bbox 2181 2528 3774 2600">
    <p class='ocr_par' dir='ltr' id='par_1_61' title="bbox 2181 2528 3774 2600">
     <span class='ocr_line' id='line_1_61' title="bbox 2181 2528 3774 2600; baseline 0 -16"><span class='ocrx_word' id='word_1_435' title='bbox 2181 2543 2250 2584; x_wconf 84' lang='lat' dir='ltr'><strong>ex</strong></span> <span class='ocrx_word' id='word_1_436' title='bbox 2269 2543 2333 2584; x_wconf 89' lang='lat' dir='ltr'><strong>ea</strong></span> <span class='ocrx_word' id='word_1_437' title='bbox 2356 2543 2480 2598; x_wconf 64' lang='lat' dir='ltr'><strong>quae</strong></span> <span class='ocrx_word' id='word_1_438' title='bbox 2526 2528 2683 2598; x_wconf 89' lang='lat' dir='ltr'><strong>prius</strong></span> <span class='ocrx_word' id='word_1_439' title='bbox 2713 2528 2819 2583; x_wconf 91' lang='lat' dir='ltr'><strong>fuit</strong></span> <span class='ocrx_word' id='word_1_440' title='bbox 2859 2529 3113 2592; x_wconf 89' lang='lat' dir='ltr'><strong>materia,</strong></span> <span class='ocrx_word' id='word_1_441' title='bbox 3145 2530 3243 2584; x_wconf 89' lang='lat' dir='ltr'><strong>sed</strong></span> <span class='ocrx_word' id='word_1_442' title='bbox 3274 2546 3342 2584; x_wconf 84' lang='lat' dir='ltr'><strong>ex</strong></span> <span class='ocrx_word' id='word_1_443' title='bbox 3371 2529 3548 2584; x_wconf 86' lang='lat' dir='ltr'><strong>nihilo</strong></span> <span class='ocrx_word' id='word_1_444' title='bbox 3571 2530 3774 2600; x_wconf 84' lang='lat' dir='ltr'><strong>produ-</strong></span> 
     </span>
    </p>
   </div>
   <div class='ocr_carea' id='block_1_62' title="bbox 2184 2620 3770 2695">
    <p class='ocr_par' dir='ltr' id='par_1_62' title="bbox 2184 2620 3770 2695">
     <span class='ocr_line' id='line_1_62' title="bbox 2184 2620 3770 2695; baseline 0.003 -21"><span class='ocrx_word' id='word_1_445' title='bbox 2184 2621 2265 2675; x_wconf 89' lang='lat' dir='ltr'><strong>xit</strong></span> <span class='ocrx_word' id='word_1_446' title='bbox 2285 2629 2338 2676; x_wconf 85' lang='lat' dir='ltr'><strong>et</strong></span> <span class='ocrx_word' id='word_1_447' title='bbox 2365 2637 2428 2677; x_wconf 90' lang='lat' dir='ltr'><strong>ca</strong></span> <span class='ocrx_word' id='word_1_448' title='bbox 2450 2637 2573 2692; x_wconf 67' lang='lat' dir='ltr'><strong>quae</strong></span> <span class='ocrx_word' id='word_1_449' title='bbox 2592 2622 2799 2677; x_wconf 91' lang='lat' dir='ltr'><strong>cadunt</strong></span> <span class='ocrx_word' id='word_1_450' title='bbox 2828 2623 2932 2678; x_wconf 87' lang='lat' dir='ltr'><strong>sub</strong></span> <span class='ocrx_word' id='word_1_451' title='bbox 2959 2620 3374 2695; x_wconf 84' lang='lat' dir='ltr'><strong>intelligentiam</strong></span> <span class='ocrx_word' id='word_1_452' title='bbox 3404 2632 3461 2679; x_wconf 90' lang='lat' dir='ltr'><strong>et</strong></span> <span class='ocrx_word' id='word_1_453' title='bbox 3479 2625 3770 2679; x_wconf 83' lang='lat' dir='ltr'><strong>elementa.</strong></span> 
     </span>
    </p>
   </div>
   <div class='ocr_carea' id='block_1_63' title="bbox 2186 2712 3776 2787">
    <p class='ocr_par' dir='ltr' id='par_1_63' title="bbox 2186 2712 3776 2787">
     <span class='ocr_line' id='line_1_63' title="bbox 2186 2712 3776 2787; baseline 0.003 -21"><span class='ocrx_word' id='word_1_454' title='bbox 2186 2712 2420 2768; x_wconf 86' lang='lat' dir='ltr'><strong>Divinus</strong></span> <span class='ocrx_word' id='word_1_455' title='bbox 2444 2721 2635 2769; x_wconf 87' lang='lat' dir='ltr'><strong>autem</strong></span> <span class='ocrx_word' id='word_1_456' title='bbox 2665 2722 2725 2769; x_wconf 79' lang='lat' dir='ltr'><strong>et</strong></span> <span class='ocrx_word' id='word_1_457' title='bbox 2775 2714 3031 2774; x_wconf 89' lang='lat' dir='ltr'><strong>sublimis</strong></span> <span class='ocrx_word' id='word_1_458' title='bbox 3077 2715 3339 2782; x_wconf 88' lang='lat' dir='ltr'><strong>Basilius,</strong></span> <span class='ocrx_word' id='word_1_459' title='bbox 3386 2716 3611 2771; x_wconf 85' lang='lat' dir='ltr'><strong>solvens</strong></span> <span class='ocrx_word' id='word_1_460' title='bbox 3653 2733 3776 2787; x_wconf 71' lang='lat' dir='ltr'><strong>qua:</strong></span> 
     </span>
    </p>
   </div>
   <div class='ocr_carea' id='block_1_64' title="bbox 2187 2805 3773 2878">
    <p class='ocr_par' dir='ltr' id='par_1_64' title="bbox 2187 2805 3773 2878">
     <span class='ocr_line' id='line_1_64' title="bbox 2187 2805 3773 2878; baseline 0.002 -19"><span class='ocrx_word' id='word_1_461' title='bbox 2187 2805 2257 2860; x_wconf 80' lang='lat' dir='ltr'><strong>de</strong></span> <span class='ocrx_word' id='word_1_462' title='bbox 2301 2805 2574 2876; x_wconf 88' lang='lat' dir='ltr'><strong>principio</strong></span> <span class='ocrx_word' id='word_1_463' title='bbox 2617 2805 2856 2861; x_wconf 80' lang='lat' dir='ltr'><strong>infertur</strong></span> <span class='ocrx_word' id='word_1_464' title='bbox 2912 2807 3326 2878; x_wconf 86' lang='lat' dir='ltr'><strong>objectionem,</strong></span> <span class='ocrx_word' id='word_1_465' title='bbox 3378 2808 3524 2863; x_wconf 82' lang='lat' dir='ltr'><strong>dixit</strong></span> <span class='ocrx_word' id='word_1_466' title='bbox 3582 2809 3773 2864; x_wconf 86' lang='lat' dir='ltr'><strong>sensiii</strong></span> 
     </span>
    </p>
   </div>
   <div class='ocr_carea' id='block_1_65' title="bbox 2187 2898 3775 2972">
    <p class='ocr_par' dir='ltr' id='par_1_65' title="bbox 2187 2898 3775 2972">
     <span class='ocr_line' id='line_1_65' title="bbox 2187 2898 3775 2972; baseline 0.002 -18"><span class='ocrx_word' id='word_1_467' title='bbox 2187 2898 2399 2954; x_wconf 92' lang='lat' dir='ltr'><strong>mundo</strong></span> <span class='ocrx_word' id='word_1_468' title='bbox 2448 2914 2572 2955; x_wconf 90' lang='lat' dir='ltr'><strong>esse</strong></span> <span class='ocrx_word' id='word_1_469' title='bbox 2623 2900 2987 2955; x_wconf 83' lang='lat' dir='ltr'><strong>vetustiorem</strong></span> <span class='ocrx_word' id='word_1_470' title='bbox 3023 2901 3461 2972; x_wconf 82' lang='lat' dir='ltr'><strong>intelligentiam</strong></span> <span class='ocrx_word' id='word_1_471' title='bbox 3503 2903 3775 2957; x_wconf 87' lang='lat' dir='ltr'><strong>virtutum</strong></span> 
     </span>
    </p>
   </div>
   <div class='ocr_carea' id='block_1_66' title="bbox 2188 2989 3779 3063">
    <p class='ocr_par' dir='ltr' id='par_1_66' title="bbox 2188 2989 3779 3063">
     <span class='ocr_line' id='line_1_66' title="bbox 2188 2989 3779 3063; baseline 0.001 -19"><span class='ocrx_word' id='word_1_472' title='bbox 2188 2989 2667 3045; x_wconf 90' lang='lat' dir='ltr'><strong>constitutionem.</strong></span> <span class='ocrx_word' id='word_1_473' title='bbox 2721 2991 2939 3045; x_wconf 81' lang='lat' dir='ltr'><strong>Rursus</strong></span> <span class='ocrx_word' id='word_1_474' title='bbox 2964 2998 3149 3045; x_wconf 87' lang='lat' dir='ltr'><strong>autem</strong></span> <span class='ocrx_word' id='word_1_475' title='bbox 3178 2991 3245 3045; x_wconf 90' lang='lat' dir='ltr'><strong>ad</strong></span> <span class='ocrx_word' id='word_1_476' title='bbox 3278 2991 3334 3046; x_wconf 88' lang='lat' dir='ltr'><strong>id</strong></span> <span class='ocrx_word' id='word_1_477' title='bbox 3358 2992 3504 3062; x_wconf 90' lang='lat' dir='ltr'><strong>quod</strong></span> <span class='ocrx_word' id='word_1_478' title='bbox 3547 2992 3779 3063; x_wconf 82' lang='lat' dir='ltr'><strong>subjun-</strong></span> 
     </span>
    </p>
   </div>
   <div class='ocr_carea' id='block_1_67' title="bbox 2188 3081 3781 3153">
    <p class='ocr_par' dir='ltr' id='par_1_67' title="bbox 2188 3081 3781 3153">
     <span class='ocr_line' id='line_1_67' title="bbox 2188 3081 3781 3153; baseline 0.003 -17"><span class='ocrx_word' id='word_1_479' title='bbox 2188 3082 2372 3153; x_wconf 85' lang='lat' dir='ltr'><strong>gitur:</strong></span> <span class='ocrx_word' id='word_1_480' title='bbox 2400 3081 2540 3138; x_wconf 82' lang='lat' dir='ltr'><strong>Fecit</strong></span> <span class='ocrx_word' id='word_1_481' title='bbox 2568 3082 2702 3137; x_wconf 77' lang='lat' dir='ltr'><strong>Deus</strong></span> <span class='ocrx_word' id='word_1_482' title='bbox 2733 3083 2920 3138; x_wconf 74' lang='lat' dir='ltr'><strong>caelum</strong></span> <span class='ocrx_word' id='word_1_483' title='bbox 2951 3091 3001 3136; x_wconf 81' lang='lat' dir='ltr'><strong>et</strong></span> <span class='ocrx_word' id='word_1_484' title='bbox 3025 3090 3249 3150; x_wconf 84' lang='lat' dir='ltr'><strong>terram,</strong></span> <span class='ocrx_word' id='word_1_485' title='bbox 3278 3084 3606 3140; x_wconf 88' lang='lat' dir='ltr'><strong>dubitarunt</strong></span> <span class='ocrx_word' id='word_1_486' title='bbox 3637 3100 3781 3140; x_wconf 87' lang='lat' dir='ltr'><strong>non-</strong></span> 
     </span>
    </p>
   </div>
   <div class='ocr_carea' id='block_1_68' title="bbox 2187 3174 3777 3246">
    <p class='ocr_par' dir='ltr' id='par_1_68' title="bbox 2187 3174 3777 3246">
     <span class='ocr_line' id='line_1_68' title="bbox 2187 3174 3777 3246; baseline 0.001 -16"><span class='ocrx_word' id='word_1_487' title='bbox 2187 3174 2350 3242; x_wconf 91' lang='lat' dir='ltr'><strong>nulli,</strong></span> <span class='ocrx_word' id='word_1_488' title='bbox 2383 3176 2477 3246; x_wconf 89' lang='lat' dir='ltr'><strong>qui</strong></span> <span class='ocrx_word' id='word_1_489' title='bbox 2517 3183 2648 3231; x_wconf 91' lang='lat' dir='ltr'><strong>sunt</strong></span> <span class='ocrx_word' id='word_1_490' title='bbox 2669 3175 2904 3232; x_wconf 69' lang='lat' dir='ltr'><strong>diversae</strong></span> <span class='ocrx_word' id='word_1_491' title='bbox 2932 3192 2963 3231; x_wconf 93' lang='lat' dir='ltr'><strong>a</strong></span> <span class='ocrx_word' id='word_1_492' title='bbox 2992 3177 3158 3233; x_wconf 89' lang='lat' dir='ltr'><strong>nobis</strong></span> <span class='ocrx_word' id='word_1_493' title='bbox 3197 3178 3636 3234; x_wconf 64' lang='lat' dir='ltr'><strong>sententiaazcur</strong></span> <span class='ocrx_word' id='word_1_494' title='bbox 3663 3193 3777 3233; x_wconf 88' lang='lat' dir='ltr'><strong>non</strong></span> 
     </span>
    </p>
   </div>
   <div class='ocr_carea' id='block_1_69' title="bbox 2187 3269 3781 3342">
    <p class='ocr_par' dir='ltr' id='par_1_69' title="bbox 2187 3269 3781 3342">
     <span class='ocr_line' id='line_1_69' title="bbox 2187 3269 3781 3342; baseline 0.003 -18"><span class='ocrx_word' id='word_1_495' title='bbox 2187 3269 2477 3339; x_wconf 86' lang='lat' dir='ltr'><strong>conjunxit</strong></span> <span class='ocrx_word' id='word_1_496' title='bbox 2514 3269 2755 3340; x_wconf 89' lang='lat' dir='ltr'><strong>scriptor</strong></span> <span class='ocrx_word' id='word_1_497' title='bbox 2794 3286 3066 3342; x_wconf 88' lang='lat' dir='ltr'><strong>aquarum</strong></span> <span class='ocrx_word' id='word_1_498' title='bbox 3120 3280 3178 3328; x_wconf 87' lang='lat' dir='ltr'><strong>et</strong></span> <span class='ocrx_word' id='word_1_499' title='bbox 3215 3273 3573 3328; x_wconf 86' lang='lat' dir='ltr'><strong>tenebrarum</strong></span> <span class='ocrx_word' id='word_1_500' title='bbox 3625 3288 3781 3328; x_wconf 87' lang='lat' dir='ltr'><strong>crea-</strong></span> 
     </span>
    </p>
   </div>
   <div class='ocr_carea' id='block_1_70' title="bbox 2192 3360 3778 3436">
    <p class='ocr_par' dir='ltr' id='par_1_70' title="bbox 2192 3360 3778 3436">
     <span class='ocr_line' id='line_1_70' title="bbox 2192 3360 3778 3436; baseline 0.003 -20"><span class='ocrx_word' id='word_1_501' title='bbox 2192 3360 2419 3416; x_wconf 90' lang='lat' dir='ltr'><strong>tionem.</strong></span> <span class='ocrx_word' id='word_1_502' title='bbox 2448 3361 2720 3417; x_wconf 69' lang='lat' dir='ltr'><strong>Praaterea</strong></span> <span class='ocrx_word' id='word_1_503' title='bbox 2741 3362 2811 3418; x_wconf 90' lang='lat' dir='ltr'><strong>de</strong></span> <span class='ocrx_word' id='word_1_504' title='bbox 2855 3363 3068 3434; x_wconf 83' lang='lat' dir='ltr'><strong>Spiritu</strong></span> <span class='ocrx_word' id='word_1_505' title='bbox 3091 3379 3314 3435; x_wconf 88' lang='lat' dir='ltr'><strong>quoque</strong></span> <span class='ocrx_word' id='word_1_506' title='bbox 3338 3366 3434 3436; x_wconf 92' lang='lat' dir='ltr'><strong>qui</strong></span> <span class='ocrx_word' id='word_1_507' title='bbox 3460 3366 3778 3436; x_wconf 80' lang='lat' dir='ltr'><strong>superfere-</strong></span> 
     </span>
    </p>
   </div>
   <div class='ocr_carea' id='block_1_71' title="bbox 2188 3454 3782 3528">
    <p class='ocr_par' dir='ltr' id='par_1_71' title="bbox 2188 3454 3782 3528">
     <span class='ocr_line' id='line_1_71' title="bbox 2188 3454 3782 3528; baseline 0.003 -18"><span class='ocrx_word' id='word_1_508' title='bbox 2188 3454 2375 3521; x_wconf 86' lang='lat' dir='ltr'><strong>batur,</strong></span> <span class='ocrx_word' id='word_1_509' title='bbox 2411 3470 2536 3510; x_wconf 88' lang='lat' dir='ltr'><strong>cum</strong></span> <span class='ocrx_word' id='word_1_510' title='bbox 2568 3471 2725 3527; x_wconf 60' lang='lat' dir='ltr'><strong>aqua!</strong></span> <span class='ocrx_word' id='word_1_511' title='bbox 2762 3457 2991 3528; x_wconf 90' lang='lat' dir='ltr'><strong>quidem</strong></span> <span class='ocrx_word' id='word_1_512' title='bbox 3029 3458 3330 3514; x_wconf 88' lang='lat' dir='ltr'><strong>videantur</strong></span> <span class='ocrx_word' id='word_1_513' title='bbox 3361 3474 3483 3516; x_wconf 89' lang='lat' dir='ltr'><strong>esse</strong></span> <span class='ocrx_word' id='word_1_514' title='bbox 3508 3467 3634 3515; x_wconf 91' lang='lat' dir='ltr'><strong>ante</strong></span> <span class='ocrx_word' id='word_1_515' title='bbox 3668 3475 3782 3515; x_wconf 76' lang='grc' dir='ltr'>οω-</span> 
     </span>
    </p>
   </div>
   <div class='ocr_carea' id='block_1_72' title="bbox 2188 3550 3778 3630">
    <p class='ocr_par' dir='ltr' id='par_1_72' title="bbox 2188 3550 3778 3630">
     <span class='ocr_line' id='line_1_72' title="bbox 2188 3550 3778 3630; baseline 0.001 -24"><span class='ocrx_word' id='word_1_516' title='bbox 2188 3550 2302 3606; x_wconf 93' lang='lat' dir='ltr'><strong>lum</strong></span> <span class='ocrx_word' id='word_1_517' title='bbox 2336 3559 2407 3630; x_wconf 82' lang='lat' dir='ltr'><strong>et</strong></span> <span class='ocrx_word' id='word_1_518' title='bbox 2439 3561 2678 3615; x_wconf 88' lang='lat' dir='ltr'><strong>terram,</strong></span> <span class='ocrx_word' id='word_1_519' title='bbox 2726 3561 2916 3610; x_wconf 89' lang='lat' dir='ltr'><strong>essent</strong></span> <span class='ocrx_word' id='word_1_520' title='bbox 2962 3563 3151 3609; x_wconf 87' lang='lat' dir='ltr'><strong>autem</strong></span> <span class='ocrx_word' id='word_1_521' title='bbox 3211 3552 3456 3609; x_wconf 66' lang='lat' dir='ltr'><strong>tenebrae</strong></span> <span class='ocrx_word' id='word_1_522' title='bbox 3495 3553 3550 3607; x_wconf 90' lang='lat' dir='ltr'><strong>in</strong></span> <span class='ocrx_word' id='word_1_523' title='bbox 3596 3552 3778 3624; x_wconf 83' lang='lat' dir='ltr'><strong>abyssi</strong></span> 
     </span>
    </p>
   </div>
   <div class='ocr_carea' id='block_1_73' title="bbox 2190 3643 3783 3715">
    <p class='ocr_par' dir='ltr' id='par_1_73' title="bbox 2190 3643 3783 3715">
     <span class='ocr_line' id='line_1_73' title="bbox 2190 3643 3783 3715; baseline -0.001 -14"><span class='ocrx_word' id='word_1_524' title='bbox 2190 3643 2508 3715; x_wconf 75' lang='lat' dir='ltr'><strong>supe‘rlicie,</strong></span> <span class='ocrx_word' id='word_1_525' title='bbox 2539 3645 2776 3701; x_wconf 85' lang='lat' dir='ltr'><strong>maxime</strong></span> <span class='ocrx_word' id='word_1_526' title='bbox 2804 3661 2931 3700; x_wconf 90' lang='lat' dir='ltr'><strong>cum</strong></span> <span class='ocrx_word' id='word_1_527' title='bbox 2981 3651 3169 3701; x_wconf 86' lang='lat' dir='ltr'><strong>essent</strong></span> <span class='ocrx_word' id='word_1_528' title='bbox 3217 3645 3383 3701; x_wconf 90' lang='lat' dir='ltr'><strong>etiam</strong></span> <span class='ocrx_word' id='word_1_529' title='bbox 3418 3646 3661 3700; x_wconf 61' lang='lat' dir='ltr'><strong>tenebrae</strong></span> <span class='ocrx_word' id='word_1_530' title='bbox 3689 3646 3783 3701; x_wconf 91' lang='lat' dir='ltr'><strong>hic</strong></span> 
     </span>
    </p>
   </div>
   <div class='ocr_carea' id='block_1_74' title="bbox 2187 3736 3785 3808">
    <p class='ocr_par' dir='ltr' id='par_1_74' title="bbox 2187 3736 3785 3808">
     <span class='ocr_line' id='line_1_74' title="bbox 2187 3736 3785 3808; baseline -0.001 -17"><span class='ocrx_word' id='word_1_531' title='bbox 2187 3736 2351 3808; x_wconf 83' lang='lat' dir='ltr'><strong>aquis</strong></span> <span class='ocrx_word' id='word_1_532' title='bbox 2371 3736 2808 3806; x_wconf 63' lang='lat' dir='ltr'><strong>circumscriptae</strong></span> <span class='ocrx_word' id='word_1_533' title='bbox 2828 3776 2843 3800; x_wconf 89' lang='lat'><strong>,</strong></span> <span class='ocrx_word' id='word_1_534' title='bbox 2888 3737 3056 3808; x_wconf 77' lang='lat'><strong>860</strong></span> <span class='ocrx_word' id='word_1_535' title='bbox 3078 3737 3355 3807; x_wconf 91' lang='lat' dir='ltr'><strong>quomodo</strong></span> <span class='ocrx_word' id='word_1_536' title='bbox 3381 3736 3587 3791; x_wconf 91' lang='lat' dir='ltr'><strong>dicitur</strong></span> <span class='ocrx_word' id='word_1_537' title='bbox 3615 3752 3785 3807; x_wconf 84' lang='lat' dir='ltr'><strong>super</strong></span> 
     </span>
    </p>
   </div>
   <div class='ocr_carea' id='block_1_75' title="bbox 2192 3824 3783 3897">
    <p class='ocr_par' dir='ltr' id='par_1_75' title="bbox 2192 3824 3783 3897">
     <span class='ocr_line' id='line_1_75' title="bbox 2192 3824 3783 3897; baseline 0 -16"><span class='ocrx_word' id='word_1_538' title='bbox 2192 3839 2286 3881; x_wconf 92' lang='lat' dir='ltr'><strong>eas</strong></span> <span class='ocrx_word' id='word_1_539' title='bbox 2306 3825 2439 3881; x_wconf 89' lang='lat' dir='ltr'><strong>ferri</strong></span> <span class='ocrx_word' id='word_1_540' title='bbox 2489 3824 2729 3897; x_wconf 90' lang='lat' dir='ltr'><strong>Spiritus</strong></span> <span class='ocrx_word' id='word_1_541' title='bbox 2766 3835 2990 3883; x_wconf 90' lang='lat' dir='ltr'><strong>sanctus</strong></span> <span class='ocrx_word' id='word_1_542' title='bbox 3021 3826 3364 3893; x_wconf 89' lang='lat' dir='ltr'><strong>illuminans,</strong></span> <span class='ocrx_word' id='word_1_543' title='bbox 3395 3833 3451 3882; x_wconf 91' lang='lat' dir='ltr'><strong>et</strong></span> <span class='ocrx_word' id='word_1_544' title='bbox 3502 3827 3783 3896; x_wconf 84' lang='lat' dir='ltr'><strong>quomodo</strong></span> 
     </span>
    </p>
   </div>
   <div class='ocr_carea' id='block_1_76' title="bbox 2113 3917 3783 3993">
    <p class='ocr_par' dir='ltr' id='par_1_76' title="bbox 2113 3917 3783 3993">
     <span class='ocr_line' id='line_1_76' title="bbox 2113 3917 3783 3993; baseline 0 -20"><span class='ocrx_word' id='word_1_545' title='bbox 2113 3936 2158 3993; x_wconf 72' lang='grc' dir='ltr'>ο</span> <span class='ocrx_word' id='word_1_546' title='bbox 2195 3918 2359 3973; x_wconf 87' lang='lat' dir='ltr'><strong>simul</strong></span> <span class='ocrx_word' id='word_1_547' title='bbox 2382 3926 2656 3974; x_wconf 70' lang='lat' dir='ltr'><strong>erat‘cnm</strong></span> <span class='ocrx_word' id='word_1_548' title='bbox 2680 3918 3047 3975; x_wconf 87' lang='lat' dir='ltr'><strong>tenebris-Dei</strong></span> <span class='ocrx_word' id='word_1_549' title='bbox 3073 3917 3316 3988; x_wconf 88' lang='lat' dir='ltr'><strong>Spiritus</strong></span> <span class='ocrx_word' id='word_1_550' title='bbox 3335 3919 3430 3990; x_wconf 88' lang='lat' dir='ltr'><strong>qui</strong></span> <span class='ocrx_word' id='word_1_551' title='bbox 3464 3928 3550 3975; x_wconf 90' lang='lat' dir='ltr'><strong>est</strong></span> <span class='ocrx_word' id='word_1_552' title='bbox 3587 3928 3783 3974; x_wconf 88' lang='lat' dir='ltr'><strong>auctor</strong></span> 
     </span>
    </p>
   </div>
   <div class='ocr_carea' id='block_1_77' title="bbox 2192 4010 3787 4081">
    <p class='ocr_par' dir='ltr' id='par_1_77' title="bbox 2192 4010 3787 4081">
     <span class='ocr_line' id='line_1_77' title="bbox 2192 4010 3787 4081; baseline -0.002 -14"><span class='ocrx_word' id='word_1_553' title='bbox 2192 4011 2363 4067; x_wconf 88' lang='lat' dir='ltr'><strong>dandi</strong></span> <span class='ocrx_word' id='word_1_554' title='bbox 2394 4010 2666 4066; x_wconf 87' lang='lat' dir='ltr'><strong>luminis?</strong></span> <span class='ocrx_word' id='word_1_555' title='bbox 2700 4011 2781 4066; x_wconf 91' lang='lat' dir='ltr'><strong>Ad</strong></span> <span class='ocrx_word' id='word_1_556' title='bbox 2814 4011 2959 4065; x_wconf 91' lang='lat' dir='ltr'><strong>hanc</strong></span> <span class='ocrx_word' id='word_1_557' title='bbox 2991 4025 3125 4081; x_wconf 82' lang='lat' dir='ltr'><strong>ergo</strong></span> <span class='ocrx_word' id='word_1_558' title='bbox 3148 4010 3518 4081; x_wconf 86' lang='lat' dir='ltr'><strong>objectionem</strong></span> <span class='ocrx_word' id='word_1_559' title='bbox 3553 4026 3787 4080; x_wconf 87' lang='lat' dir='ltr'><strong>respon-</strong></span> 
     </span>
    </p>
   </div>
   <div class='ocr_carea' id='block_1_78' title="bbox 2190 4100 3786 4173">
    <p class='ocr_par' dir='ltr' id='par_1_78' title="bbox 2190 4100 3786 4173">
     <span class='ocr_line' id='line_1_78' title="bbox 2190 4100 3786 4173; baseline -0.001 -16"><span class='ocrx_word' id='word_1_560' title='bbox 2190 4102 2396 4158; x_wconf 91' lang='lat' dir='ltr'><strong>derunt</strong></span> <span class='ocrx_word' id='word_1_561' title='bbox 2446 4102 2672 4173; x_wconf 91' lang='lat' dir='ltr'><strong>quidam</strong></span> <span class='ocrx_word' id='word_1_562' title='bbox 2719 4101 3064 4172; x_wconf 89' lang='lat' dir='ltr'><strong>expositores</strong></span> <span class='ocrx_word' id='word_1_563' title='bbox 3131 4102 3303 4172; x_wconf 89' lang='lat' dir='ltr'><strong>quod,</strong></span> <span class='ocrx_word' id='word_1_564' title='bbox 3360 4118 3487 4157; x_wconf 91' lang='lat' dir='ltr'><strong>cum</strong></span> <span class='ocrx_word' id='word_1_565' title='bbox 3554 4100 3786 4157; x_wconf 85' lang='lat' dir='ltr'><strong>dixisset</strong></span> 
     </span>
    </p>
   </div>
   <div class='ocr_carea' id='block_1_79' title="bbox 2191 4193 3786 4266">
    <p class='ocr_par' dir='ltr' id='par_1_79' title="bbox 2191 4193 3786 4266">
     <span class='ocr_line' id='line_1_79' title="bbox 2191 4193 3786 4266; baseline -0.003 -14"><span class='ocrx_word' id='word_1_566' title='bbox 2191 4196 2433 4266; x_wconf 81' lang='lat' dir='ltr'><strong>scriptor</strong></span> <span class='ocrx_word' id='word_1_567' title='bbox 2461 4197 2588 4252; x_wconf 87' lang='lat' dir='ltr'><strong>coeli</strong></span> <span class='ocrx_word' id='word_1_568' title='bbox 2611 4204 2668 4251; x_wconf 93' lang='lat' dir='ltr'><strong>et</strong></span> <span class='ocrx_word' id='word_1_569' title='bbox 2702 4205 2864 4251; x_wconf 77' lang='lat' dir='ltr'><strong>terrae</strong></span> <span class='ocrx_word' id='word_1_570' title='bbox 2893 4194 3258 4259; x_wconf 89' lang='lat' dir='ltr'><strong>creationem,</strong></span> <span class='ocrx_word' id='word_1_571' title='bbox 3306 4211 3409 4266; x_wconf 86' lang='lat' dir='ltr'><strong>per</strong></span> <span class='ocrx_word' id='word_1_572' title='bbox 3436 4203 3683 4251; x_wconf 84' lang='lat' dir='ltr'><strong>extrema</strong></span> <span class='ocrx_word' id='word_1_573' title='bbox 3710 4193 3786 4247; x_wconf 92' lang='lat' dir='ltr'><strong>si-</strong></span> 
     </span>
    </p>
   </div>
   <div class='ocr_carea' id='block_1_80' title="bbox 2192 4285 3786 4357">
    <p class='ocr_par' dir='ltr' id='par_1_80' title="bbox 2192 4285 3786 4357">
     <span class='ocr_line' id='line_1_80' title="bbox 2192 4285 3786 4357; baseline -0.003 -15"><span class='ocrx_word' id='word_1_574' title='bbox 2192 4287 2306 4342; x_wconf 90' lang='lat' dir='ltr'><strong>mul</strong></span> <span class='ocrx_word' id='word_1_575' title='bbox 2331 4286 2755 4357; x_wconf 82' lang='lat' dir='ltr'><strong>comprehendit</strong></span> <span class='ocrx_word' id='word_1_576' title='bbox 2782 4292 3012 4341; x_wconf 90' lang='lat' dir='ltr'><strong>cunctas</strong></span> <span class='ocrx_word' id='word_1_577' title='bbox 3043 4301 3168 4356; x_wconf 72' lang='lat' dir='ltr'><strong>qua:</strong></span> <span class='ocrx_word' id='word_1_578' title='bbox 3192 4285 3612 4342; x_wconf 87' lang='lat' dir='ltr'><strong>intercedebant</strong></span> <span class='ocrx_word' id='word_1_579' title='bbox 3632 4297 3786 4339; x_wconf 89' lang='lat' dir='ltr'><strong>crea-</strong></span> 
     </span>
    </p>
   </div>
   <div class='ocr_carea' id='block_1_81' title="bbox 2195 4375 3781 4448">
    <p class='ocr_par' dir='ltr' id='par_1_81' title="bbox 2195 4375 3781 4448">
     <span class='ocr_line' id='line_1_81' title="bbox 2195 4375 3781 4448; baseline -0.003 -15"><span class='ocrx_word' id='word_1_580' title='bbox 2195 4386 2371 4434; x_wconf 89' lang='lat' dir='ltr'><strong>turas.</strong></span> <span class='ocrx_word' id='word_1_581' title='bbox 2397 4377 2505 4434; x_wconf 91' lang='lat' dir='ltr'><strong>Sed</strong></span> <span class='ocrx_word' id='word_1_582' title='bbox 2539 4386 2596 4434; x_wconf 92' lang='lat' dir='ltr'><strong>et</strong></span> <span class='ocrx_word' id='word_1_583' title='bbox 2627 4377 2759 4433; x_wconf 91' lang='lat' dir='ltr'><strong>hinc</strong></span> <span class='ocrx_word' id='word_1_584' title='bbox 2782 4377 2887 4432; x_wconf 90' lang='lat' dir='ltr'><strong>alia</strong></span> <span class='ocrx_word' id='word_1_585' title='bbox 2907 4392 3131 4448; x_wconf 86' lang='lat' dir='ltr'><strong>quoque</strong></span> <span class='ocrx_word' id='word_1_586' title='bbox 3156 4376 3431 4448; x_wconf 86' lang='lat' dir='ltr'><strong>processit</strong></span> <span class='ocrx_word' id='word_1_587' title='bbox 3459 4375 3736 4431; x_wconf 89' lang='lat' dir='ltr'><strong>dubitatio</strong></span> <span class='ocrx_word' id='word_1_588' title='bbox 3764 4390 3781 4429; x_wconf 88' lang='lat'><strong>:</strong></span> 
     </span>
    </p>
   </div>
   <div class='ocr_carea' id='block_1_82' title="bbox 2191 4467 3787 4540">
    <p class='ocr_par' dir='ltr' id='par_1_82' title="bbox 2191 4467 3787 4540">
     <span class='ocr_line' id='line_1_82' title="bbox 2191 4467 3787 4540; baseline -0.001 -15"><span class='ocrx_word' id='word_1_589' title='bbox 2191 4469 2484 4538; x_wconf 85' lang='lat' dir='ltr'><strong>Quomodo</strong></span> <span class='ocrx_word' id='word_1_590' title='bbox 2510 4471 2681 4535; x_wconf 89' lang='lat' dir='ltr'><strong>enim,</strong></span> <span class='ocrx_word' id='word_1_591' title='bbox 2711 4468 2914 4540; x_wconf 88' lang='lat' dir='ltr'><strong>inquit,</strong></span> <span class='ocrx_word' id='word_1_592' title='bbox 2937 4478 3065 4540; x_wconf 90' lang='lat' dir='ltr'><strong>post</strong></span> <span class='ocrx_word' id='word_1_593' title='bbox 3083 4469 3284 4525; x_wconf 71' lang='lat' dir='ltr'><strong>etclam</strong></span> <span class='ocrx_word' id='word_1_594' title='bbox 3306 4476 3363 4523; x_wconf 91' lang='lat' dir='ltr'><strong>et</strong></span> <span class='ocrx_word' id='word_1_595' title='bbox 3390 4476 3600 4524; x_wconf 89' lang='lat' dir='ltr'><strong>terram</strong></span> <span class='ocrx_word' id='word_1_596' title='bbox 3630 4467 3787 4524; x_wconf 83' lang='lat' dir='ltr'><strong>vide—</strong></span> 
     </span>
    </p>
   </div>
   <div class='ocr_carea' id='block_1_83' title="bbox 2195 4559 3783 4631">
    <p class='ocr_par' dir='ltr' id='par_1_83' title="bbox 2195 4559 3783 4631">
     <span class='ocr_line' id='line_1_83' title="bbox 2195 4559 3783 4631; baseline -0.003 -12"><span class='ocrx_word' id='word_1_597' title='bbox 2195 4571 2286 4619; x_wconf 89' lang='lat' dir='ltr'><strong>tur</strong></span> <span class='ocrx_word' id='word_1_598' title='bbox 2315 4564 2463 4619; x_wconf 88' lang='lat' dir='ltr'><strong>Deus</strong></span> <span class='ocrx_word' id='word_1_599' title='bbox 2494 4562 2692 4618; x_wconf 88' lang='lat' dir='ltr'><strong>fecisse</strong></span> <span class='ocrx_word' id='word_1_600' title='bbox 2713 4560 2939 4618; x_wconf 86' lang='lat' dir='ltr'><strong>lucem?</strong></span> <span class='ocrx_word' id='word_1_601' title='bbox 2967 4560 3258 4629; x_wconf 88' lang='lat' dir='ltr'><strong>Quomodo</strong></span> <span class='ocrx_word' id='word_1_602' title='bbox 3289 4570 3474 4631; x_wconf 72' lang='lat' dir='ltr'><strong>autem</strong></span> <span class='ocrx_word' id='word_1_603' title='bbox 3506 4575 3576 4616; x_wconf 90' lang='lat' dir='ltr'><strong>ne</strong></span> <span class='ocrx_word' id='word_1_604' title='bbox 3600 4559 3783 4615; x_wconf 87' lang='lat' dir='ltr'><strong>nomi-</strong></span> 
     </span>
    </p>
   </div>
   <div class='ocr_carea' id='block_1_84' title="bbox 2193 4648 3795 4723">
    <p class='ocr_par' dir='ltr' id='par_1_84' title="bbox 2193 4648 3795 4723">
     <span class='ocr_line' id='line_1_84' title="bbox 2193 4648 3795 4723; baseline -0.002 -14"><span class='ocrx_word' id='word_1_605' title='bbox 2193 4661 2288 4710; x_wconf 88' lang='lat' dir='ltr'><strong>nat</strong></span> <span class='ocrx_word' id='word_1_606' title='bbox 2322 4651 2548 4723; x_wconf 90' lang='lat' dir='ltr'><strong>quidem</strong></span> <span class='ocrx_word' id='word_1_607' title='bbox 2570 4652 2801 4707; x_wconf 90' lang='lat' dir='ltr'><strong>omnino</strong></span> <span class='ocrx_word' id='word_1_608' title='bbox 2822 4651 2967 4721; x_wconf 82' lang='lat' dir='ltr'><strong>ignis</strong></span> <span class='ocrx_word' id='word_1_609' title='bbox 3000 4651 3344 4706; x_wconf 86' lang='lat' dir='ltr'><strong>creationem</strong></span> <span class='ocrx_word' id='word_1_610' title='bbox 3367 4650 3393 4704; x_wconf 81' lang='lat'><strong>?</strong></span> <span class='ocrx_word' id='word_1_611' title='bbox 3425 4648 3547 4718; x_wconf 89' lang='lat' dir='ltr'><strong>Quo</strong></span> <span class='ocrx_word' id='word_1_612' title='bbox 3582 4650 3639 4705; x_wconf 89' lang='lat' dir='ltr'><strong>in</strong></span> <span class='ocrx_word' id='word_1_613' title='bbox 3663 4650 3795 4705; x_wconf 86' lang='lat' dir='ltr'><strong>loco</strong></span> 
     </span>
    </p>
   </div>
   <div class='ocr_carea' id='block_1_85' title="bbox 2194 4742 3788 4814">
    <p class='ocr_par' dir='ltr' id='par_1_85' title="bbox 2194 4742 3788 4814">
     <span class='ocr_line' id='line_1_85' title="bbox 2194 4742 3788 4814; baseline -0.002 -14"><span class='ocrx_word' id='word_1_614' title='bbox 2194 4760 2323 4801; x_wconf 88' lang='lat' dir='ltr'><strong>cum</strong></span> <span class='ocrx_word' id='word_1_615' title='bbox 2354 4742 3063 4814; x_wconf 85' lang='lat' dir='ltr'><strong>dixisset-sapientissimus</strong></span> <span class='ocrx_word' id='word_1_616' title='bbox 3093 4742 3398 4813; x_wconf 80' lang='lat' dir='ltr'><strong>Gregorius</strong></span> <span class='ocrx_word' id='word_1_617' title='bbox 3416 4782 3431 4806; x_wconf 95' lang='lat'><strong>,</strong></span> <span class='ocrx_word' id='word_1_618' title='bbox 3457 4743 3636 4797; x_wconf 90' lang='lat' dir='ltr'><strong>lucem</strong></span> <span class='ocrx_word' id='word_1_619' title='bbox 3662 4755 3788 4797; x_wconf 84' lang='lat' dir='ltr'><strong>esse</strong></span> 
     </span>
    </p>
   </div>
   <div class='ocr_carea' id='block_1_86' title="bbox 2192 4832 3789 4908">
    <p class='ocr_par' dir='ltr' id='par_1_86' title="bbox 2192 4832 3789 4908">
     <span class='ocr_line' id='line_1_86' title="bbox 2192 4832 3789 4908; baseline -0.004 -15"><span class='ocrx_word' id='word_1_620' title='bbox 2192 4847 2449 4893; x_wconf 88' lang='lat' dir='ltr'><strong>naturam</strong></span> <span class='ocrx_word' id='word_1_621' title='bbox 2494 4835 2658 4908; x_wconf 87' lang='lat' dir='ltr'><strong>ignis,</strong></span> <span class='ocrx_word' id='word_1_622' title='bbox 2680 4835 2823 4890; x_wconf 72' lang='lat' dir='ltr'><strong>allus</strong></span> <span class='ocrx_word' id='word_1_623' title='bbox 2851 4844 3047 4891; x_wconf 90' lang='lat' dir='ltr'><strong>contra</strong></span> <span class='ocrx_word' id='word_1_624' title='bbox 3084 4833 3363 4889; x_wconf 88' lang='lat' dir='ltr'><strong>dubitavit</strong></span> <span class='ocrx_word' id='word_1_625' title='bbox 3390 4850 3405 4887; x_wconf 93' lang='lat'><strong>:</strong></span> <span class='ocrx_word' id='word_1_626' title='bbox 3433 4833 3501 4887; x_wconf 89' lang='lat' dir='ltr'><strong>Et</strong></span> <span class='ocrx_word' id='word_1_627' title='bbox 3524 4848 3687 4903; x_wconf 86' lang='lat' dir='ltr'><strong>quam</strong></span> <span class='ocrx_word' id='word_1_628' title='bbox 3715 4832 3789 4886; x_wconf 91' lang='lat' dir='ltr'><strong>ob</strong></span> 
     </span>
    </p>
   </div>
   <div class='ocr_carea' id='block_1_87' title="bbox 2195 4922 3790 4999">
    <p class='ocr_par' dir='ltr' id='par_1_87' title="bbox 2195 4922 3790 4999">
     <span class='ocr_line' id='line_1_87' title="bbox 2195 4922 3790 4999; baseline -0.005 -13"><span class='ocrx_word' id='word_1_629' title='bbox 2195 4945 2415 4987; x_wconf 89' lang='lat' dir='ltr'><strong>causam</strong></span> <span class='ocrx_word' id='word_1_630' title='bbox 2446 4943 2557 4984; x_wconf 89' lang='lat' dir='ltr'><strong>non</strong></span> <span class='ocrx_word' id='word_1_631' title='bbox 2587 4927 2887 4999; x_wconf 89' lang='lat' dir='ltr'><strong>appellavit</strong></span> <span class='ocrx_word' id='word_1_632' title='bbox 2931 4926 3115 4998; x_wconf 87' lang='lat' dir='ltr'><strong>ignem</strong></span> <span class='ocrx_word' id='word_1_633' title='bbox 3146 4926 3267 4996; x_wconf 88' lang='lat' dir='ltr'><strong>ipsa</strong></span> <span class='ocrx_word' id='word_1_634' title='bbox 3314 4924 3648 4994; x_wconf 86' lang='lat' dir='ltr'><strong>Scriptura?</strong></span> <span class='ocrx_word' id='word_1_635' title='bbox 3683 4922 3790 4992; x_wconf 85' lang='lat' dir='ltr'><strong>Qui</strong></span> 
     </span>
    </p>
   </div>
   <div class='ocr_carea' id='block_1_88' title="bbox 504 5016 3793 5092">
    <p class='ocr_par' dir='ltr' id='par_1_88' title="bbox 504 5016 3793 5092">
     <span class='ocr_line' id='line_1_88' title="bbox 504 5016 3793 5092; baseline -0.002 -15"><span class='ocrx_word' id='word_1_636' title='bbox 504 5016 653 5088; x_wconf 75' lang='lat' dir='ltr'><strong>cipia</strong></span> <span class='ocrx_word' id='word_1_637' title='bbox 687 5018 884 5075; x_wconf 73' lang='lat' dir='ltr'><strong>ullum</strong></span> <span class='ocrx_word' id='word_1_638' title='bbox 937 5019 1190 5091; x_wconf 91' lang='lat' dir='ltr'><strong>quidem,</strong></span> <span class='ocrx_word' id='word_1_639' title='bbox 1228 5027 1291 5074; x_wconf 92' lang='lat' dir='ltr'><strong>ut</strong></span> <span class='ocrx_word' id='word_1_640' title='bbox 1347 5019 1524 5076; x_wconf 89' lang='lat' dir='ltr'><strong>Deum</strong></span> <span class='ocrx_word' id='word_1_641' title='bbox 1550 5026 1607 5075; x_wconf 84' lang='lat' dir='ltr'><strong>et</strong></span> <span class='ocrx_word' id='word_1_642' title='bbox 1645 5019 1902 5087; x_wconf 88' lang='lat' dir='ltr'><strong>Patrem;</strong></span> <span class='ocrx_word' id='word_1_643' title='bbox 1951 5019 2095 5075; x_wconf 86' lang='lat' dir='ltr'><strong>hanc</strong></span> <span class='ocrx_word' id='word_1_644' title='bbox 2196 5021 2259 5078; x_wconf 88' lang='lat' dir='ltr'><strong>ﬁt</strong></span> <span class='ocrx_word' id='word_1_645' title='bbox 2289 5030 2476 5079; x_wconf 89' lang='lat' dir='ltr'><strong>autem</strong></span> <span class='ocrx_word' id='word_1_646' title='bbox 2522 5021 2674 5092; x_wconf 92' lang='lat' dir='ltr'><strong>quod</strong></span> <span class='ocrx_word' id='word_1_647' title='bbox 2715 5035 2898 5090; x_wconf 90' lang='lat' dir='ltr'><strong>neque</strong></span> <span class='ocrx_word' id='word_1_648' title='bbox 2921 5019 3057 5087; x_wconf 90' lang='lat' dir='ltr'><strong>urit,</strong></span> <span class='ocrx_word' id='word_1_649' title='bbox 3096 5032 3280 5090; x_wconf 88' lang='lat' dir='ltr'><strong>neque</strong></span> <span class='ocrx_word' id='word_1_650' title='bbox 3320 5016 3594 5081; x_wconf 89' lang='lat' dir='ltr'><strong>calefacit,</strong></span> <span class='ocrx_word' id='word_1_651' title='bbox 3630 5016 3677 5071; x_wconf 89' lang='lat' dir='ltr'><strong>si</strong></span> <span class='ocrx_word' id='word_1_652' title='bbox 3717 5017 3793 5072; x_wconf 84' lang='lat' dir='ltr'><strong>sit</strong></span> 
     </span>
    </p>
   </div>
   <div class='ocr_carea' id='block_1_89' title="bbox 506 5109 3791 5188">
    <p class='ocr_par' dir='ltr' id='par_1_89' title="bbox 506 5109 3791 5188">
     <span class='ocr_line' id='line_1_89' title="bbox 506 5109 3791 5188; baseline -0 -23"><span class='ocrx_word' id='word_1_653' title='bbox 506 5117 716 5176; x_wconf 85' lang='lat' dir='ltr'><strong>autem,</strong></span> <span class='ocrx_word' id='word_1_654' title='bbox 748 5118 811 5165; x_wconf 92' lang='lat' dir='ltr'><strong>ut</strong></span> <span class='ocrx_word' id='word_1_655' title='bbox 834 5126 957 5181; x_wconf 69' lang='lat' dir='ltr'><strong>quae</strong></span> <span class='ocrx_word' id='word_1_656' title='bbox 987 5110 1255 5181; x_wconf 85' lang='lat' dir='ltr'><strong>suscipiat</strong></span> <span class='ocrx_word' id='word_1_657' title='bbox 1273 5110 1556 5181; x_wconf 80' lang='lat' dir='ltr'><strong>opificium</strong></span> <span class='ocrx_word' id='word_1_658' title='bbox 1590 5118 1648 5165; x_wconf 91' lang='lat' dir='ltr'><strong>et</strong></span> <span class='ocrx_word' id='word_1_659' title='bbox 1676 5109 1933 5178; x_wconf 88' lang='lat' dir='ltr'><strong>formam,</strong></span> <span class='ocrx_word' id='word_1_660' title='bbox 1955 5110 2095 5166; x_wconf 87' lang='lat' dir='ltr'><strong>dixit</strong></span> <span class='ocrx_word' id='word_1_661' title='bbox 2197 5115 2342 5188; x_wconf 74' lang='lat' dir='ltr'><strong>ignis</strong></span> <span class='ocrx_word' id='word_1_662' title='bbox 2382 5113 2624 5170; x_wconf 83' lang='lat' dir='ltr'><strong>natura?</strong></span> <span class='ocrx_word' id='word_1_663' title='bbox 2647 5112 2705 5169; x_wconf 89' lang='lat' dir='ltr'><strong>Si</strong></span> <span class='ocrx_word' id='word_1_664' title='bbox 2734 5113 2883 5168; x_wconf 89' lang='lat' dir='ltr'><strong>enim</strong></span> <span class='ocrx_word' id='word_1_665' title='bbox 2926 5128 3027 5183; x_wconf 87' lang='lat' dir='ltr'><strong>per</strong></span> <span class='ocrx_word' id='word_1_666' title='bbox 3053 5111 3193 5167; x_wconf 86' lang='lat' dir='ltr'><strong>duas</strong></span> <span class='ocrx_word' id='word_1_667' title='bbox 3219 5126 3419 5176; x_wconf 87' lang='lat' dir='ltr'><strong>voces,</strong></span> <span class='ocrx_word' id='word_1_668' title='bbox 3453 5110 3682 5173; x_wconf 62' lang='lat' dir='ltr'><strong>caelum,</strong></span> <span class='ocrx_word' id='word_1_669' title='bbox 3702 5110 3791 5164; x_wconf 82' lang='lat' dir='ltr'><strong>in-</strong></span> 
     </span>
    </p>
   </div>
   <div class='ocr_carea' id='block_1_90' title="bbox 510 5202 3790 5278">
    <p class='ocr_par' dir='ltr' id='par_1_90' title="bbox 510 5202 3790 5278">
     <span class='ocr_line' id='line_1_90' title="bbox 510 5202 3790 5278; baseline -0 -20"><span class='ocrx_word' id='word_1_670' title='bbox 510 5209 576 5258; x_wconf 91' lang='lat' dir='ltr'><strong>ut</strong></span> <span class='ocrx_word' id='word_1_671' title='bbox 600 5210 851 5268; x_wconf 85' lang='lat' dir='ltr'><strong>matrem,</strong></span> <span class='ocrx_word' id='word_1_672' title='bbox 888 5203 1176 5261; x_wconf 86' lang='lat' dir='ltr'><strong>declinans</strong></span> <span class='ocrx_word' id='word_1_673' title='bbox 1206 5219 1238 5259; x_wconf 92' lang='lat' dir='ltr'><strong>a</strong></span> <span class='ocrx_word' id='word_1_674' title='bbox 1267 5203 1598 5268; x_wconf 85' lang='lat' dir='ltr'><strong>veritate,et</strong></span> <span class='ocrx_word' id='word_1_675' title='bbox 1624 5212 1801 5259; x_wconf 91' lang='lat' dir='ltr'><strong>totum</strong></span> <span class='ocrx_word' id='word_1_676' title='bbox 1840 5204 1963 5264; x_wconf 28' lang='lat' dir='ltr'><strong>Deo,</strong></span> <span class='ocrx_word' id='word_1_677' title='bbox 1986 5204 2093 5259; x_wconf 92' lang='lat' dir='ltr'><strong>mi-</strong></span> <span class='ocrx_word' id='word_1_678' title='bbox 2147 5277 2152 5278; x_wconf 18' lang='grc' dir='ltr'><em>ν</em></span> <span class='ocrx_word' id='word_1_679' title='bbox 2196 5222 2384 5278; x_wconf 89' lang='lat' dir='ltr'><strong>quam,</strong></span> <span class='ocrx_word' id='word_1_680' title='bbox 2413 5214 2472 5261; x_wconf 89' lang='lat' dir='ltr'><strong>et</strong></span> <span class='ocrx_word' id='word_1_681' title='bbox 2498 5213 2722 5271; x_wconf 91' lang='lat' dir='ltr'><strong>terram,</strong></span> <span class='ocrx_word' id='word_1_682' title='bbox 2751 5203 3174 5274; x_wconf 87' lang='lat' dir='ltr'><strong>comprehendit</strong></span> <span class='ocrx_word' id='word_1_683' title='bbox 3210 5210 3451 5273; x_wconf 89' lang='lat' dir='ltr'><strong>quatuor</strong></span> <span class='ocrx_word' id='word_1_684' title='bbox 3492 5202 3790 5267; x_wconf 86' lang='lat' dir='ltr'><strong>elementa,</strong></span> 
     </span>
    </p>
   </div>
   <div class='ocr_carea' id='block_1_91' title="bbox 507 5277 3790 5365">
    <p class='ocr_par' dir='ltr' id='par_1_91' title="bbox 507 5277 3790 5365">
     <span class='ocr_line' id='line_1_91' title="bbox 507 5277 3790 5365; baseline -0.001 -17"><span class='ocrx_word' id='word_1_685' title='bbox 507 5292 660 5348; x_wconf 85' lang='lat' dir='ltr'><strong>nime</strong></span> <span class='ocrx_word' id='word_1_686' title='bbox 688 5292 964 5349; x_wconf 89' lang='lat' dir='ltr'><strong>tribuens.</strong></span> <span class='ocrx_word' id='word_1_687' title='bbox 997 5292 1104 5351; x_wconf 80' lang='lat' dir='ltr'><strong>Alii</strong></span> <span class='ocrx_word' id='word_1_688' title='bbox 1135 5308 1350 5359; x_wconf 89' lang='lat' dir='ltr'><strong>rursus,</strong></span> <span class='ocrx_word' id='word_1_689' title='bbox 1397 5293 1576 5364; x_wconf 81' lang='lat' dir='ltr'><strong>logice</strong></span> <span class='ocrx_word' id='word_1_690' title='bbox 1627 5292 1802 5365; x_wconf 90' lang='lat' dir='ltr'><strong>magis</strong></span> <span class='ocrx_word' id='word_1_691' title='bbox 1845 5293 2098 5350; x_wconf 87' lang='lat' dir='ltr'><strong>conside-</strong></span> <span class='ocrx_word' id='word_1_692' title='bbox 2131 5277 2176 5334; x_wconf 74' lang='grc' dir='ltr'><strong>θ</strong></span> <span class='ocrx_word' id='word_1_693' title='bbox 2202 5277 2518 5352; x_wconf 85' lang='lat' dir='ltr'><strong>invenietur</strong></span> <span class='ocrx_word' id='word_1_694' title='bbox 2548 5295 2641 5349; x_wconf 86' lang='lat' dir='ltr'><strong>lux</strong></span> <span class='ocrx_word' id='word_1_695' title='bbox 2662 5294 2920 5365; x_wconf 91' lang='lat' dir='ltr'><strong>quintum</strong></span> <span class='ocrx_word' id='word_1_696' title='bbox 2953 5293 3313 5348; x_wconf 89' lang='lat' dir='ltr'><strong>elementum.</strong></span> <span class='ocrx_word' id='word_1_697' title='bbox 3341 5290 3437 5347; x_wconf 87' lang='lat' dir='ltr'><strong>Sin</strong></span> <span class='ocrx_word' id='word_1_698' title='bbox 3466 5300 3654 5345; x_wconf 83' lang='lat' dir='ltr'><strong>autem</strong></span> <span class='ocrx_word' id='word_1_699' title='bbox 3679 5304 3790 5345; x_wconf 91' lang='lat' dir='ltr'><strong>non</strong></span> 
     </span>
    </p>
   </div>
   <div class='ocr_carea' id='block_1_92' title="bbox 509 5377 2096 5457">
    <p class='ocr_par' dir='ltr' id='par_1_92' title="bbox 509 5377 2096 5457">
     <span class='ocr_line' id='line_1_92' title="bbox 509 5377 2096 5457; baseline 0 -16"><span class='ocrx_word' id='word_1_700' title='bbox 509 5393 703 5442; x_wconf 88' lang='lat' dir='ltr'><strong>rantes</strong></span> <span class='ocrx_word' id='word_1_701' title='bbox 767 5402 935 5457; x_wconf 87' lang='lat' dir='ltr'><strong>quam</strong></span> <span class='ocrx_word' id='word_1_702' title='bbox 979 5386 1332 5452; x_wconf 85' lang='lat' dir='ltr'><strong>naturaliter,</strong></span> <span class='ocrx_word' id='word_1_703' title='bbox 1386 5377 1652 5442; x_wconf 75' lang='lat' dir='ltr'><strong>dixerunt</strong></span> <span class='ocrx_word' id='word_1_704' title='bbox 1714 5398 1919 5442; x_wconf 89' lang='lat' dir='ltr'><strong>terram</strong></span> <span class='ocrx_word' id='word_1_705' title='bbox 1975 5400 2096 5441; x_wconf 90' lang='lat' dir='ltr'><strong>esse</strong></span> 
     </span>
    </p>
   </div>
   <div class='ocr_carea' id='block_1_93' title="bbox 510 5477 2097 5550">
    <p class='ocr_par' dir='ltr' id='par_1_93' title="bbox 510 5477 2097 5550">
     <span class='ocr_line' id='line_1_93' title="bbox 510 5477 2097 5550; baseline 0.001 -18"><span class='ocrx_word' id='word_1_706' title='bbox 510 5477 850 5549; x_wconf 85' lang='lat' dir='ltr'><strong>principium</strong></span> <span class='ocrx_word' id='word_1_707' title='bbox 875 5478 1282 5545; x_wconf 82' lang='lat' dir='ltr'><strong>universitatis,</strong></span> <span class='ocrx_word' id='word_1_708' title='bbox 1312 5486 1373 5533; x_wconf 90' lang='lat' dir='ltr'><strong>ut</strong></span> <span class='ocrx_word' id='word_1_709' title='bbox 1412 5495 1536 5550; x_wconf 59' lang='lat' dir='ltr'><strong>quae</strong></span> <span class='ocrx_word' id='word_1_710' title='bbox 1563 5480 1635 5534; x_wconf 89' lang='lat' dir='ltr'><strong>sit</strong></span> <span class='ocrx_word' id='word_1_711' title='bbox 1661 5486 1912 5534; x_wconf 87' lang='lat' dir='ltr'><strong>centrum</strong></span> <span class='ocrx_word' id='word_1_712' title='bbox 1942 5479 2097 5534; x_wconf 90' lang='lat' dir='ltr'><strong>orbis</strong></span> 
     </span>
    </p>
   </div>
   <div class='ocr_carea' id='block_1_94' title="bbox 512 5571 2098 5628">
    <p class='ocr_par' dir='ltr' id='par_1_94' title="bbox 512 5571 2098 5628">
     <span class='ocr_line' id='line_1_94' title="bbox 512 5571 2098 5628; baseline -0.001 0"><span class='ocrx_word' id='word_1_713' title='bbox 512 5571 778 5628; x_wconf 79' lang='lat' dir='ltr'><strong>ccelestis.</strong></span> <span class='ocrx_word' id='word_1_714' title='bbox 811 5572 948 5627; x_wconf 88' lang='lat' dir='ltr'><strong>Nam</strong></span> <span class='ocrx_word' id='word_1_715' title='bbox 996 5579 1251 5628; x_wconf 85' lang='lat' dir='ltr'><strong>centrum</strong></span> <span class='ocrx_word' id='word_1_716' title='bbox 1284 5580 1369 5628; x_wconf 89' lang='lat' dir='ltr'><strong>cst</strong></span> <span class='ocrx_word' id='word_1_717' title='bbox 1392 5571 1527 5627; x_wconf 86' lang='lat' dir='ltr'><strong>orbe</strong></span> <span class='ocrx_word' id='word_1_718' title='bbox 1558 5588 1655 5628; x_wconf 91' lang='lat' dir='ltr'><strong>seu</strong></span> <span class='ocrx_word' id='word_1_719' title='bbox 1700 5573 1909 5627; x_wconf 91' lang='lat' dir='ltr'><strong>circulo</strong></span> <span class='ocrx_word' id='word_1_720' title='bbox 1952 5573 2098 5627; x_wconf 87' lang='lat' dir='ltr'><strong>anti—</strong></span> 
     </span>
    </p>
   </div>
   <div class='ocr_carea' id='block_1_95' title="bbox 515 5664 2098 5736">
    <p class='ocr_par' dir='ltr' id='par_1_95' title="bbox 515 5664 2098 5736">
     <span class='ocr_line' id='line_1_95' title="bbox 515 5664 2098 5736; baseline 0.001 -17"><span class='ocrx_word' id='word_1_721' title='bbox 515 5664 701 5735; x_wconf 87' lang='lat' dir='ltr'><strong>quius.</strong></span> <span class='ocrx_word' id='word_1_722' title='bbox 726 5664 831 5720; x_wconf 85' lang='lat' dir='ltr'><strong>Alii</strong></span> <span class='ocrx_word' id='word_1_723' title='bbox 855 5677 1042 5722; x_wconf 90' lang='lat' dir='ltr'><strong>autem</strong></span> <span class='ocrx_word' id='word_1_724' title='bbox 1068 5675 1257 5736; x_wconf 86' lang='lat' dir='ltr'><strong>aperte</strong></span> <span class='ocrx_word' id='word_1_725' title='bbox 1292 5664 1799 5735; x_wconf 83' lang='lat' dir='ltr'><strong>pronuntiaverunt</strong></span> <span class='ocrx_word' id='word_1_726' title='bbox 1828 5664 2098 5722; x_wconf 87' lang='lat' dir='ltr'><strong>mundum</strong></span> 
     </span>
    </p>
   </div>
   <div class='ocr_carea' id='block_1_96' title="bbox 589 5844 1047 5923">
    <p class='ocr_par' dir='ltr' id='par_1_96' title="bbox 589 5844 1047 5923">
     <span class='ocr_line' id='line_1_96' title="bbox 589 5844 1047 5923; baseline -0.002 -16"><span class='ocrx_word' id='word_1_727' title='bbox 589 5844 628 5874; x_wconf 79' lang='grc'><em>³³</em></span> <span class='ocrx_word' id='word_1_728' title='bbox 660 5848 795 5909; x_wconf 76' lang='lat' dir='ltr'><strong>Gen.</strong></span> <span class='ocrx_word' id='word_1_729' title='bbox 826 5869 866 5917; x_wconf 83' lang='grc' dir='ltr'><strong>ι,</strong></span> <span class='ocrx_word' id='word_1_730' title='bbox 906 5851 959 5923; x_wconf 82' lang='grc' dir='ltr'><strong>-ι,</strong></span> <span class='ocrx_word' id='word_1_731' title='bbox 993 5852 1047 5906; x_wconf 73' lang='lat'><strong>2.</strong></span> 
     </span>
    </p>
   </div>
   <div class='ocr_carea' id='block_1_97' title="bbox 2203 5380 3796 5458">
    <p class='ocr_par' dir='ltr' id='par_1_97' title="bbox 2203 5380 3796 5458">
     <span class='ocr_line' id='line_1_97' title="bbox 2203 5380 3796 5458; baseline -0.004 -16"><span class='ocrx_word' id='word_1_732' title='bbox 2203 5386 2528 5458; x_wconf 80' lang='lat' dir='ltr'><strong>conjunxit,</strong></span> <span class='ocrx_word' id='word_1_733' title='bbox 2547 5393 2774 5455; x_wconf 90' lang='lat' dir='ltr'><strong>propter</strong></span> <span class='ocrx_word' id='word_1_734' title='bbox 2809 5399 3106 5453; x_wconf 88' lang='lat' dir='ltr'><strong>quamnam</strong></span> <span class='ocrx_word' id='word_1_735' title='bbox 3133 5383 3377 5449; x_wconf 84' lang='lat' dir='ltr'><strong>causam,</strong></span> <span class='ocrx_word' id='word_1_736' title='bbox 3423 5383 3480 5437; x_wconf 91' lang='lat' dir='ltr'><strong>in</strong></span> <span class='ocrx_word' id='word_1_737' title='bbox 3507 5382 3648 5438; x_wconf 76' lang='lat' dir='ltr'><strong>ccelo</strong></span> <span class='ocrx_word' id='word_1_738' title='bbox 3671 5380 3796 5451; x_wconf 83' lang='lat' dir='ltr'><strong>qui-</strong></span> 
     </span>
    </p>
   </div>
   <div class='ocr_carea' id='block_1_98' title="bbox 2205 5470 3796 5551">
    <p class='ocr_par' dir='ltr' id='par_1_98' title="bbox 2205 5470 3796 5551">
     <span class='ocr_line' id='line_1_98' title="bbox 2205 5470 3796 5551; baseline -0.006 -12"><span class='ocrx_word' id='word_1_739' title='bbox 2205 5483 2329 5539; x_wconf 91' lang='lat' dir='ltr'><strong>dem</strong></span> <span class='ocrx_word' id='word_1_740' title='bbox 2361 5491 2417 5538; x_wconf 90' lang='lat' dir='ltr'><strong>et</strong></span> <span class='ocrx_word' id='word_1_741' title='bbox 2444 5491 2589 5537; x_wconf 88' lang='lat' dir='ltr'><strong>terra</strong></span> <span class='ocrx_word' id='word_1_742' title='bbox 2610 5470 3196 5551; x_wconf 85' lang='lat' dir='ltr'><strong>comprehenditDeus</strong></span> <span class='ocrx_word' id='word_1_743' title='bbox 3214 5479 3419 5550; x_wconf 85' lang='lat' dir='ltr'><strong>ignem,</strong></span> <span class='ocrx_word' id='word_1_744' title='bbox 3446 5485 3708 5548; x_wconf 83' lang='lat' dir='ltr'><strong>tanquam</strong></span> <span class='ocrx_word' id='word_1_745' title='bbox 3737 5474 3796 5530; x_wconf 90' lang='lat' dir='ltr'><strong>in</strong></span> 
     </span>
    </p>
   </div>
   <div class='ocr_carea' id='block_1_99' title="bbox 2203 5569 3798 5632">
    <p class='ocr_par' dir='ltr' id='par_1_99' title="bbox 2203 5569 3798 5632">
     <span class='ocr_line' id='line_1_99' title="bbox 2203 5569 3798 5632; baseline -0.007 -1"><span class='ocrx_word' id='word_1_746' title='bbox 2203 5574 2328 5632; x_wconf 83' lang='lat' dir='ltr'><strong>lucc</strong></span> <span class='ocrx_word' id='word_1_747' title='bbox 2360 5593 2373 5630; x_wconf 91' lang='lat'><strong>:</strong></span> <span class='ocrx_word' id='word_1_748' title='bbox 2415 5574 2471 5629; x_wconf 92' lang='lat' dir='ltr'><strong>in</strong></span> <span class='ocrx_word' id='word_1_749' title='bbox 2504 5573 2749 5629; x_wconf 87' lang='lat' dir='ltr'><strong>tenebris</strong></span> <span class='ocrx_word' id='word_1_750' title='bbox 2772 5580 2955 5627; x_wconf 91' lang='lat' dir='ltr'><strong>autem</strong></span> <span class='ocrx_word' id='word_1_751' title='bbox 2986 5587 3097 5627; x_wconf 93' lang='lat' dir='ltr'><strong>non</strong></span> <span class='ocrx_word' id='word_1_752' title='bbox 3125 5572 3274 5628; x_wconf 86' lang='lat' dir='ltr'><strong>dicta</strong></span> <span class='ocrx_word' id='word_1_753' title='bbox 3328 5579 3415 5627; x_wconf 88' lang='lat' dir='ltr'><strong>est</strong></span> <span class='ocrx_word' id='word_1_754' title='bbox 3436 5569 3670 5630; x_wconf 86' lang='lat' dir='ltr'><strong>creatio,</strong></span> <span class='ocrx_word' id='word_1_755' title='bbox 3695 5581 3798 5621; x_wconf 88' lang='lat' dir='ltr'><strong>ne-</strong></span> 
     </span>
    </p>
   </div>
   <div class='ocr_carea' id='block_1_100' title="bbox 2207 5656 3791 5740">
    <p class='ocr_par' dir='ltr' id='par_1_100' title="bbox 2207 5656 3791 5740">
     <span class='ocr_line' id='line_1_100' title="bbox 2207 5656 3791 5740; baseline -0.004 -21"><span class='ocrx_word' id='word_1_756' title='bbox 2207 5684 2317 5738; x_wconf 89' lang='lat' dir='ltr'><strong>que</strong></span> <span class='ocrx_word' id='word_1_757' title='bbox 2341 5668 2395 5722; x_wconf 89' lang='lat' dir='ltr'><strong>in</strong></span> <span class='ocrx_word' id='word_1_758' title='bbox 2416 5668 2641 5740; x_wconf 80' lang='lat' dir='ltr'><strong>abysso,</strong></span> <span class='ocrx_word' id='word_1_759' title='bbox 2671 5681 2854 5735; x_wconf 86' lang='lat' dir='ltr'><strong>neque</strong></span> <span class='ocrx_word' id='word_1_760' title='bbox 2888 5665 2942 5719; x_wconf 92' lang='lat' dir='ltr'><strong>in</strong></span> <span class='ocrx_word' id='word_1_761' title='bbox 2967 5666 3131 5736; x_wconf 86' lang='lat' dir='ltr'><strong>aqua,</strong></span> <span class='ocrx_word' id='word_1_762' title='bbox 3160 5678 3341 5735; x_wconf 89' lang='lat' dir='ltr'><strong>neque</strong></span> <span class='ocrx_word' id='word_1_763' title='bbox 3370 5664 3425 5718; x_wconf 91' lang='lat' dir='ltr'><strong>in</strong></span> <span class='ocrx_word' id='word_1_764' title='bbox 3457 5659 3704 5733; x_wconf 85' lang='lat' dir='ltr'><strong>spiritu?</strong></span> <span class='ocrx_word' id='word_1_765' title='bbox 3735 5656 3791 5713; x_wconf 90' lang='lat' dir='ltr'><strong>ln</strong></span> 
     </span>
    </p>
   </div>
  </div>
