4056 6452
304 377 410 439 8“›9

1515 380 1577 442 S.
1617 379 2021 442 ANASTASII
2065 382 2238 442 SINA
2254 381 2399 442 ΠΒ

3477 379 3585 445 8in

303 492 508 561 quibus
530 506 656 547 cum
677 497 987 546 armaretur
1004 504 1236 562 magnus
1257 489 1494 546 Basilius
1515 491 1903 550 adversushla—
1934 497 1980 554 Α
2012 491 2197 546 nietur
2260 489 2448 546 divina
2505 487 2796 558 Scriptura
2860 487 3032 544 unius
3098 487 3273 544 solius
3329 489 3590 547 elementi

303 581 572 643 nichteos,
609 589 665 635 et
698 579 910 635 diceret
941 579 1064 634 illas
1096 579 1354 634 tenebras
1384 596 1505 635 esse
1545 581 1818 638 inereatas
1841 591 1898 638 et

304 688 417 728 non
447 672 786 738 consistere;
816 688 920 728 nec
940 673 1042 727 sub
1065 688 1402 736 mensuram,
1433 673 1634 742 inquit.
1669 675 1896 738 cadunt,

305 779 490 832 neque
513 763 886 818 deﬁniuntur:
915 763 1010 818 sed
1036 781 1161 819 cum
1184 765 1410 819 fecisset
1430 766 1747 822 Deusterra:
1775 767 1899 822 lati-

307 855 580 918 tudinem,
597 864 655 910 et
674 871 842 926 super
861 871 982 910 eam
1001 856 1319 911 inclinasset
1346 863 1402 911 e‘t
1425 857 1763 914 extendisset
1785 875 1898 915 cm-

306 947 421 1002 lum
481 955 742 1018 tanquam
777 948 1220 1012 tabernaculum,
1260 949 1491 1004 secessit
1533 949 1644 1014 lux,
1675 959 1896 1005 terreno

305 1037 516 1092 mundo
543 1055 574 1099 a
600 1039 740 1094 ctelo
762 1039 1108 1094 adumbrato.
1137 1039 1404 1097 Tenebrae
1437 1057 1571 1112 ergo
1592 1042 1730 1096 nihil
1765 1051 1897 1101 sunt

305 1129 457 1182 aliud
475 1129 578 1183 nisi
604 1130 798 1184 umbra
815 1129 1084 1200 corporis.
1109 1131 1379 1187 Praeterea
1396 1134 1735 1203 quaesierunt
1759 1151 1897 1190 non-

305 1222 444 1278 nulli
485 1232 670 1278 utrum
701 1224 880 1278 lucem
911 1223 1056 1278 illam
1081 1239 1204 1292 quae
1224 1225 1454 1280 secessit
1485 1235 1542 1282 et
1568 1237 1786 1282 ostensa
1809 1236 1896 1284 est

305 1313 376 1368 ab
401 1315 592 1370 umbra
638 1315 762 1370 ραδιί
788 1357 802 1380 ,
833 1315 1019 1370 dicere
1040 1325 1280 1385 oportet,
1309 1332 1430 1372 esse
1452 1317 1508 1372 in
1535 1328 1781 1389 tempore
1824 1335 1894 1375 an

303 1405 512 1468 absque
539 1415 806 1476 tempore.
832 1407 958 1461 Etsi
989 1407 1044 1461 in
1075 1415 1340 1477 tempore,
1364 1401 1770 1479 cujus'modiesi
1793 1412 1896 1468 hoc

304 1501 523 1564 tempus
551 1495 696 1566 quod
726 1495 835 1552 fuit
855 1507 982 1552 ante
998 1512 1091 1552 sex
1108 1497 1262 1552 dies?
1289 1498 1384 1554 Sin
1402 1511 1586 1554 autem
1609 1501 1730 1557 sine
1757 1511 1895 1558 tem-

302 1601 458 1657 pore,
486 1601 573 1642 est
598 1590 952 1658 perspicuum
983 1590 1130 1659 quod
1153 1601 1237 1645 est
1269 1591 1434 1646 etiam
1459 1593 1580 1648 sine
1597 1595 1890 1666 principio.

305 1679 362 1732 Si
381 1688 468 1734 est
499 1689 681 1734 autem
705 1679 825 1736 sine
851 1681 1148 1752 principio,
1183 1691 1269 1739 est
1295 1683 1460 1738 etiam
1487 1684 1713 1739 omnino
1742 1687 1895 1756 ejus-

303 1768 452 1823 modi
481 1777 675 1823 utnon
709 1771 887 1838 possit
909 1770 1314 1828 circumscribi.
1359 1772 1414 1827 Si
1439 1782 1621 1828 autem
1655 1791 1765 1830 non
1797 1791 1894 1846 po-

2007 586 2228 655 (nempe
2269 582 2450 648 terrm)
2499 597 2602 638 nos
2631 581 2834 636 docere
2869 579 3234 644 creationem,
3270 596 3382 636 non
3401 591 3590 638 autem

2003 687 2262 747 quatuor.
2297 676 2414 730 Lux
2443 675 2593 730 enim
2625 689 2750 730 cum
2784 673 2852 727 iis
2887 688 2997 728 non
3029 683 3488 737 connumeratur,
3530 680 3592 728 ut

2003 767 2262 823 dicuntii
2317 767 2412 838 qui
2439 775 2784 821 suntearum
2817 779 3004 820 rerum
3046 763 3237 834 periti.
3284 761 3588 834 Oportebat

2002 870 2210 921 autem,
2238 875 2434 914 rursus
2461 859 2722 928 inquiunt
2751 857 2878 928 ipsi,
2907 857 2952 912 si
2983 867 3256 912 creaturae
3285 872 3407 927 quae
3441 857 3592 912 cadit

2003 953 2108 1007 sub
2153 963 2438 1022 aspectum
2483 951 2632 1006 Deus
2671 949 2878 1004 inducit
2918 947 3226 1018 opificium.
3261 962 3388 1003 eum
3423 947 3590 1003 simul

2001 1063 2127 1102 cum
2159 1055 2304 1100 terra
2337 1046 2677 1101 constituere
2717 1042 2918 1099 ctelum
2967 1041 3114 1111 quod
3165 1040 3425 1106 videtur,
3477 1055 3588 1095 non

2001 1149 2186 1193 autem
2211 1138 2264 1193 id
2285 1137 2434 1208 quod
2462 1152 2572 1191 non
2603 1135 2844 1191 videtur.
2864 1133 2971 1189 Sed
3004 1141 3292 1203 utramque
3315 1132 3587 1202 primoge-

1975 1231 2176 1287 ~uitam
2221 1230 2624 1302 gemellamque
2678 1237 2862 1282 natam
2891 1235 3226 1289 creaturam,
3277 1233 3334 1279 et
3364 1239 3488 1294 quae
3517 1239 3588 1280 ne

2001 1326 2106 1382 sub
2141 1334 2425 1396 aspectum
2473 1322 2698 1394 quidem
2735 1321 2978 1384 caderet,
3031 1318 3297 1380 occuluit,
3327 1333 3450 1372 eam
3489 1331 3587 1372 su-

1999 1430 2172 1486 perne
2211 1424 2269 1470 et
2295 1413 2508 1468 inferne
2529 1412 2768 1482 quodam
2795 1409 2966 1464 veluti
2998 1407 3322 1480 crystallina
3363 1414 3421 1460 et
3450 1405 3590 1460 cele-

2001 1509 2142 1563 riter
2186 1507 2394 1562 ﬂuente
2430 1521 2699 1576 aquarum
2733 1501 3000 1570 amiciens
3041 1500 3396 1559 vestimento.
3429 1495 3586 1564 Quod

2000 1599 2225 1670 quidem
2253 1613 2451 1653 rursus
2479 1595 2644 1652 nobis
2677 1595 2838 1650 aliam
2880 1608 2990 1648 non
3025 1591 3204 1646 levem
3234 1589 3381 1660 parit
3422 1587 3589 1641 dubi-

2000 1693 2266 1748 tationem
2298 1709 2313 1745 :
2341 1705 2542 1759 nempe
2573 1685 2722 1758 quod
2755 1685 2862 1741 alia
2899 1692 3153 1739 contecta
3197 1689 3326 1736 sunt
3349 1693 3588 1750 superna

2003 1784 2247 1856 (arcente
2274 1779 2608 1837 intermedio
2648 1777 2822 1832 veluti
2853 1774 3166 1846 operculo),
3193 1789 3264 1828 ne
3285 1779 3344 1827 et
3371 1770 3588 1825 inferna

305 1860 832 1926 testcircumscrihi,
855 1863 1628 1932 quomodocircumscribitur
1649 1869 1804 1938 pulsa“
1827 1869 1896 1924 ab
1931 1868 1969 1921 Β
2000 1878 2206 1934 intueri
2237 1875 2456 1947 possint
2485 1863 2972 1944 superna,'neque
2993 1883 3190 1922 rursus
3224 1878 3463 1935 superna
3496 1879 3590 1917 as.-

303 1953 498 2008 umbra
529 1955 740 2009 caelesti
759 1955 782 2008 ?
804 1953 1164 2026 Conjunguut
1181 1966 1364 2010 autem
1387 1958 1552 2012 etiam
1579 1960 1896 2029 praeceden-

305 2042 456 2098 tibus
512 2043 675 2098 aliam
729 2059 952 2114 quoque
993 2047 1354 2115 quaestionem
1413 2048 1770 2120 interpretes.
1835 2053 1894 2110 Si

303 2133 478 2198 enim,
513 2134 798 2204 inquiunt,
850 2135 1185 2206 profundum
1237 2140 1506 2208 aquarum
1549 2142 1733 2214 abyssi
1777 2155 1897 2201 erat

303 2241 472 2297 super
512 2227 708 2283 faciem
745 2229 1020 2284 universae
1060 2240 1246 2294 terrae,
1285 2250 1393 2289 non
1436 2237 1726 2305 oportebat
1773 2250 1926 2294 eam'

303 2317 532 2373 omnino
556 2321 821 2389 appellari
859 2331 1084 2385 terram,
1113 2323 1208 2379 sed
1243 2341 1396 2380 mare
1423 2345 1436 2381 :
1469 2337 1526 2383 et
1567 2345 1671 2384 cur
1696 2331 1896 2388 hume-

303 2417 455 2463 ctum
488 2419 646 2464 terrae
673 2411 970 2466 terminum
994 2429 1340 2484 superquam
1363 2417 1606 2482 locatum
1633 2430 1716 2475 est
1736 2431 1792 2476 et
1821 2423 1896 2476 si-

304 2510 452 2561 tum,
488 2510 691 2555 terram
728 2491 1112 2561 nominamus.
1171 2522 1280 2560 non
1332 2523 1506 2574 mare,
1561 2526 1672 2564 non
1707 2513 1896 2568 habita

305 2594 521 2648 ratione
571 2595 844 2664 subjecti,
876 2599 1155 2666 quomodo
1179 2608 1236 2654 et
1269 2599 1484 2662 fluvios,
1542 2613 1601 2658 et
1635 2605 1810 2670 lacus,
1838 2616 1896 2662 et

305 2683 507 2745 fontes,
539 2699 605 2738 ex
647 2687 938 2754 superficie
961 2705 1150 2743 earum
1177 2707 1298 2759 quae
1329 2693 1382 2745 in
1409 2693 1544 2762 ipsis
1569 2705 1698 2750 sunt
1719 2713 1895 2767 aqua-

307 2792 427 2826 rum
477 2779 943 2832 convcnicntilms
988 2782 1153 2838 etiam
1185 2798 1378 2838 carum
1427 2786 1898 2854 appellationibus

305 2886 368 2922 es
397 2870 580 2923 divina
615 2870 900 2940 Scriptura
933 2875 1251 2931 didicimus.
1300 2876 1602 2948 Oportebat
1641 2883 1791 2936 enim
1825 2884 1894 2938 il-

328 2980 412 3014 :un
447 2980 474 3016 a
507 2964 616 3016 Deo
648 2965 843 3019 factam
893 2968 1080 3022 statim
1116 2971 1185 3024 ab
1217 2970 1377 3024 initio
1403 2981 1658 3043 tanquam
1687 2977 1895 3032 conde-

311 3068 570 3120 nr-atatn,
602 3067 652 3111 et
689 3060 886 3130 abysso
921 3071 1176 3132 tanquam
1209 3063 1402 3120 inferis
1430 3067 1709 3132 traditam,
1730 3071 1897 3126 tertio

349 3193 352 3198 .
426 3165 739 3216 exsurgere,
775 3151 1048 3206 dicendo:
1083 3152 1440 3225 Congregcmr
1465 3175 1604 3227 aqua
1636 3170 1896 3232 tanquam

497 3247 848 3311 vtioncm
880 3263 1064 3309 unum,
1091 3257 1140 3300 et
1165 3261 1418 3304 cernatur
1444 3253 1598 3307 arida
1613 3253 1678 3305 ".

465 3340 562 3386 ποί(
589 3346 608 3389 ι
640 3355 723 3389 tne
769 3351 987 3409 tem-pus
1016 3341 1060 3396 si
1091 3343 1254 3396 velim
1293 3343 1344 3398 in
1381 3346 1620 3400 medium
1649 3349 1896 3417 proferre

474 3447 529 3477 x-n
561 3449 585 3480 ιι
624 3447 875 3484 omn-um
906 3435 1242 3490 asscclarunt
1266 3435 1643 3494 dubitationes
1673 3449 1896 3510 etquae-

491 3543 514 3572 δ
548 3521 612 3572 de
647 3538 738 3576 sex
767 3523 986 3579 diebus.
1023 3526 1236 3581 Etenim
1275 3529 1342 3581 de
1372 3529 1570 3601 abysso
1601 3546 1634 3600 q
1661 3547 1722 3585 ta:
1752 3531 1894 3587 dici-

359 3640 365 3658 ι
394 3629 418 3665 ·.
446 3633 455 3658 ι
483 3623 498 3665 ι
532 3613 599 3666 de
635 3629 776 3682 aqua
808 3631 930 3683 quae
953 3617 1306 3682 nominatur,
1351 3620 1444 3674 alii
1479 3621 1704 3691 quidem
1737 3621 1898 3678 intel-

309 3714 563 3758 ,ιχιη-ιιηι
618 3715 879 3776 utrasque
941 3724 1112 3777 aquas
1171 3727 1336 3766 unam
1389 3728 1514 3767 esse
1555 3722 1612 3768 et
1657 3713 1894 3770 similem

311 3807 581 3850 :.-.tturatn.
620 3798 726 3850 Alii
763 3809 949 3854 autem
997 3801 1278 3861 dixerunt.
1313 3803 1433 3859 haec
1457 3821 1568 3860 non
1601 3822 1771 3862 unum
1817 3807 1896 3863 si-

307 3891 586 3957 g-zilit-are.
620 3890 938 3948 Differcntia
968 3895 1139 3958 enim,
1173 3895 1374 3966 inquit,
1423 3911 1619 3954 eorum
1645 3915 1768 3970 quae
1799 3915 1896 3956 ve-

233 4011 245 4020 -
309 3981 556 4044 lunttur,
621 3985 898 4053 significat
944 3988 1244 4043 discrimen
1297 3989 1704 4046 vehiculorum.
1758 3992 1894 4048 Nam

307 4073 570 4140 scriptum
598 4077 821 4143 quidem
863 4091 942 4132 cSt
972 4079 1231 4134 tenebras
1258 4080 1601 4150 impendere.
1627 4083 1894 4152 Spiritum

307 4173 489 4216 autem
529 4183 694 4234 supra
734 4167 888 4222 ferri.
927 4169 988 4223 Et
1031 4171 1281 4234 tenebrat,
1317 4171 1520 4242 inquit,
1553 4191 1714 4243 super
1749 4175 1897 4245 abys-
1933 4186 1941 4195 '

307 4274 444 4310 sum.
482 4257 765 4312 Etdeinde
799 4258 1062 4328 :Spiritus
1093 4262 1184 4315 Dei
1208 4263 1656 4333 ferebatursupra
1673 4282 1894 4336 aquam.

309 4349 540 4404 Maxime
570 4367 694 4404 cum
727 4361 853 4420 post
889 4352 1296 4422 hmcprophcta
1317 4369 1463 4422 saepe
1494 4355 1712 4410 fecisset
1744 4372 1896 4412 men-

311 4441 514 4494 lll‘ll"li|
549 4458 851 4510 aquarum.
893 4445 1040 4514 ipsas
1062 4445 1288 4514 quidem
1340 4447 1595 4501 nominat
1636 4465 1808 4519 aquas
1839 4458 1896 4505 et

1996 1969 2203 2040 piciant
2226 1968 2463 2023 inferna.
2484 1966 2680 2022 Adhuc
2702 1965 2848 2020 enim
2871 1962 3054 2034 primo
3072 1969 3128 2018 et
3143 1956 3589 2030 splendidissimo

1995 2059 2158 2122 caelo,
2221 2067 2483 2128 tanquam
2531 2055 2776 2128 quodam
2828 2041 3020 2110 divino
3071 2046 3354 2123 proposito
3399 2055 3454 2102 et
3502 2063 3588 2102 re-

1995 2131 2324 2220 splendente
2352 2148 2598 2217 speculo,
2629 2155 2686 2203 et
2707 2147 2829 2218 ejus
2847 2145 2992 2216 quod
3020 2141 3412 2214 supervehitur
3439 2139 3586 2194 divi-

1996 2259 2098 2298 nos
2125 2243 2371 2314 fulgores
2397 2241 2635 2296 adverso
2667 2239 2962 2310 splendore
3005 2237 3326 2307 repellente,
3361 2234 3429 2288 ad
3477 2233 3586 2289 hoc
3638 2231 3644 2238 ”

1997 2345 2059 2391 ut
2091 2351 2157 2391 ea
2199 2316 2340 2406 quin.
2365 2341 2500 2390 sunt
2530 2333 2672 2388 infra
2714 2331 3012 2389 illuminet.
3037 2329 3235 2384 obruta
3257 2337 3312 2382 et
3330 2327 3586 2382 demersa

1996 2439 2145 2485 terra
2168 2445 2277 2484 non
2305 2437 2523 2499 poterat
2553 2427 2772 2497 (utique
2809 2422 3250 2494 intelligentibus
3272 2419 3468 2482 oculis)
3497 2433 3588 2474 as-

1996 2521 2183 2591 picere
2224 2520 2292 2575 ad
2327 2519 2577 2574 divinum
2629 2533 2871 2588 superne
2915 2513 3254 2584 radiumqui
3297 2512 3364 2567 ad
3409 2512 3585 2582 ipsam

1997 2626 2172 2680 usque
2202 2610 2546 2680 permeahat.
2579 2609 2686 2665 Sed
2713 2608 2973 2679 quoniam
3013 2621 3203 2661 earum
3237 2620 3376 2674 quas
3402 2602 3588 2672 subje-

1997 2703 2176 2758 cimus
2204 2703 2616 2770 dubitation'um
2641 2701 2852 2758 exitum
2908 2717 3017 2755 non
3060 2699 3394 2757 invenimus,
3435 2704 3493 2751 et
3529 2695 3584 2750 in

1999 2793 2068 2848 iis
2112 2793 2274 2864 plane
2309 2793 2560 2864 perplexi
2594 2807 2810 2857 sumus,
2872 2801 2928 2847 et
2975 2790 3205 2846 omnino
3241 2787 3584 2846 haesitamus,

1997 2885 2124 2940 freti
2173 2901 2269 2940 ore
2321 2885 2496 2940 sancti
2551 2884 2796 2955 Spiritus
2825 2901 2840 2938 :
2867 2883 3046 2949 Pauli,
3086 2882 3344 2952 inquam,
3375 2878 3585 2948 lingua,

1996 2995 2121 3050 quae
2162 2978 2366 3033 dicit”
2397 2978 2542 3049 quod
2598 2993 2946 3048 quaecunque
2987 2985 3116 3032 sunt
3155 2977 3210 3029 in
3243 2974 3384 3044 lege,
3429 2971 3587 3042 prius

1997 3068 2205 3140 scripta
2233 3078 2363 3124 sunt
2397 3067 2450 3143 in
2489 3069 2720 3138 figurant
2747 3067 2953 3123 Christi
2988 3074 3046 3122 et
3081 3065 3258 3134 ipsius
3283 3062 3616 3140 Ecelesim;_

1999 3171 2245 3230 accepta.
2281 3159 2324 3214 si
2357 3176 2486 3215 vere
2517 3159 2702 3214 dicere
2727 3167 2966 3229 oportet,
2989 3157 3282 3212 occasione
3317 3171 3383 3210 ex
3417 3153 3586 3224 Papia

1821 3277 1826 3281 ·
1911 3247 1962 3293 -"
1998 3251 2119 3307 vim
2151 3252 2457 3307 clarissimo
2491 3251 2926 3322 llierapolitano.
2958 3249 3050 3318 qui
3099 3249 3240 3303 dixit
3267 3247 3322 3302 in
3366 3247 3586 3317 Episte-

1999 3343 2116 3398 thio
2135 3343 2218 3404 ³³⁸,
2247 3342 2554 3399 Clemente.
2588 3351 2646 3398 et
2688 3342 2976 3397 Panlheno
3001 3340 3376 3396 Alexandrino
3401 3354 3588 3394 sacer-

1999 3437 2146 3494 dote.
2168 3446 2225 3492 et
2247 3435 2542 3490 Ammonio
2567 3420 2999 3504 sapientissimo,
3024 3433 3434 3504 interpretibus
3456 3449 3471 3487 :
3493 3448 3587 3489 ve-

2000 3533 2178 3580 terum
2202 3533 2259 3579 ct
2281 3525 2586 3594 primorum
2615 3524 3010 3586 conventione,
3035 3523 3129 3594 qui
3161 3533 3343 3579 totum
3373 3523 3586 3578 Hexae-

1998 3633 2191 3672 meron
2215 3616 2689 3673 intellexeruntde
2707 3615 2933 3672 Christo
2958 3626 3012 3670 et
3029 3616 3298 3674 Ecclesia.
3321 3627 3442 3686 post
3459 3629 3587 3670 vere

1999 3710 2261 3765 sensilem
2284 3709 2588 3765 secundum
2619 3710 2860 3764 litteram
2888 3709 3244 3770 creationem,
3265 3709 3400 3764 citra
3420 3709 3584 3763 ullam

1999 3801 2403 3858 dubitationem
2431 3817 2654 3856 sensum
2679 3801 3026 3871 speculantes
3049 3799 3331 3856 Ecclesiae.
3353 3816 3453 3870 pro
3479 3815 3586 3870 qua

1999 3893 2296 3950 universus
2315 3903 2400 3950 est
2423 3893 2597 3948 nostri
2629 3893 2954 3949 certaminis
2982 3908 3200 3961 scopus.
3229 3891 3295 3946 ad
3325 3882 3431 3946 hoc
3449 3906 3588 3960 opus

1999 3985 2414 4041 descendimus.
2459 3985 2732 4041 Caeterum
2785 3985 3028 4040 litteram
3078 3984 3302 4054 quidem
3358 3984 3587 4038 minime

1999 4077 2386 4142 dissolveutcs,
2437 4093 2632 4131 verum
2694 4076 2764 4132 ab
2813 4076 3024 4147 Optimo
3083 4085 3140 4131 et
3187 4075 3586 4146 benignissimo

2000 4183 2192 4225 saneto
2241 4169 2448 4241 Spiritu
2494 4187 2716 4225 sensum
2778 4169 3007 4242 mystice
3059 4168 3391 4224 absconsum
3444 4169 3587 4224 intra

1998 4261 2240 4316 litteram
2296 4261 2682 4331 inquirentes,
2728 4261 2969 4332 primum
3003 4260 3110 4315 hoc
3167 4260 3588 4315 consideramus

2000 4350 2054 4406 in
2083 4351 2434 4422 corporibus.
2469 4350 2838 4418 Quamobrem
2884 4352 3101 4422 linguas
3134 4351 3265 4406 hinc
3309 4367 3417 4405 non
3458 4352 3588 4405 mit-

2000 4451 2120 4499 tant
2151 4442 2608 4513 philosophorum
2657 4443 2906 4514 physici.
2960 4441 3256 4498 audientes
3310 4441 3584 4497 verbum:

310 4531 501 4590 maria.
522 4541 580 4586 et
597 4533 1070 4603 congregationes,
1088 4546 1137 4589 et
1163 4535 1363 4599 fontes,
1381 4547 1434 4592 et
1453 4537 1684 4593 fluvios:
1710 4540 1891 4612 abyssi
1927 4569 1968 4620 υ
2000 4535 2296 4590 FecilDetts
2327 4534 2514 4590 cerium
2542 4547 2591 4589 et
2612 4545 2845 4602 terram;
2877 4551 3056 4604 neque
3089 4534 3279 4589 dicant
3304 4535 3476 4588 Deum
3505 4534 3587 4588 fe-

307 4635 490 4679 a'ttem
529 4641 874 4696 nequaquam
913 4630 1184 4684 meminit.
1225 4631 1344 4685 Non
1385 4633 1750 4701 praetermisit
1789 4651 1892 4689 au-

309 4728 417 4771 It'lll
460 4719 512 4773 in
567 4719 840 4790 profunda
895 4732 954 4778 et
1003 4723 1274 4779 divinitus
1302 4725 1428 4779 data
1477 4743 1578 4781 sua
1623 4727 1894 4796 sapientia

309 4809 657 4881 interrogare
687 4814 968 4880 quomodo
997 4816 1239 4884 scriptus
1271 4825 1353 4872 est
1393 4816 1634 4888 Spiritus
1662 4819 1760 4874 Dei
1801 4834 1894 4874 so-

304 4901 416 4954 lnnt
451 4904 502 4956 in
539 4905 750 4974 reliqua
775 4907 1083 4969 creatione,
1121 4919 1179 4964 et
1203 4925 1432 4964 curnam
1463 4910 1668 4966 dicitur
1700 4911 1744 4967 is
1769 4911 1894 4981 qui-

303 4993 428 5048 dem
459 4997 788 5065 superferri,
823 5013 932 5052 non
968 4999 1229 5056 insidere.
1281 5002 1566 5058 Adversus
1603 5019 1700 5058 eos
1725 5003 1893 5058 etiam

303 5085 398 5154 qui
437 5087 698 5142 dixerunt
729 5101 982 5144 sanctum
1019 5092 1172 5146 illum
1208 5109 1328 5148 esse
1368 5093 1636 5165 Spiritum
1684 5095 1779 5166 qui
1810 5097 1892 5149 fe—

305 5177 533 5231 rebatur
579 5195 748 5250 supra
777 5198 970 5252 aquas,
1006 5200 1038 5240 a
1090 5185 1376 5240 nonnullis
1426 5195 1512 5242 est
1553 5185 1886 5241 dubitatum.

308 5267 544 5324 Ubinam
576 5270 648 5325 sit
687 5274 894 5328 creatio
923 5275 1070 5330 aeris
1105 5276 1199 5346 qui
1231 5285 1317 5330 est
1365 5293 1510 5331 unus
1539 5292 1610 5331 ex
1649 5285 1890 5346 quatuor

303 5361 638 5416 clementis?
663 5362 719 5418 Si
748 5365 896 5417 enim
923 5365 1265 5432 dederimus,
1296 5368 1579 5438 inquiunt,
1607 5383 1735 5423 eum
1761 5368 1887 5438 qui-

305 5451 432 5505 dem
471 5468 592 5508 esse
643 5457 1057 5513 sanctissimum
1119 5461 1274 5516 illum
1316 5469 1376 5518 et
1430 5459 1740 5524 increatum
1791 5461 1886 5516 Dei

305 5543 574 5614 Spiritum
607 5565 620 5601 :
650 5549 790 5618 ignis
815 5559 999 5606 autem
1026 5551 1254 5608 omnino
1299 5555 1434 5608 non‘
1456 5552 1738 5622 profertur
1785 5569 1891 5609 nec

303 5637 605 5710 appellatio
629 5657 733 5698 nec
759 5643 996 5710 creatio,
1027 5645 1306 5716 quomodo
1335 5659 1440 5722 nec
1472 5645 1652 5718 abyssi
1676 5662 1691 5712 ;
1737 5645 1892 5702 inre-

1994 4630 2136 4684 cisse
2159 4627 2281 4682 cmli
2313 4638 2498 4682 ortum
2525 4643 2554 4681 a
2579 4637 2746 4690 terra,
2784 4637 3040 4696 tanquam
3065 4627 3134 4682 ab
3158 4627 3342 4696 aliquo
3365 4636 3584 4681 centro:

1997 4721 2259 4791 quoniam
2321 4729 2598 4782 centrum,
2643 4711 2927 4788 inquiunt.
2957 4727 3044 4778 est
3087 4705 3588 4788 principium‘uni-

1997 4828 2174 4868 versae
2209 4811 2456 4882 sphterte.
2502 4811 2622 4866 Non
2671 4811 2818 4866 enim
2856 4822 2914 4866 ut
2941 4811 3215 4881 contingit
3247 4811 3300 4865 in
3338 4809 3584 4864 homini-

1997 4905 2123 4967 bus,
2156 4905 2252 4976 qui
2305 4921 2414 4959 non
2468 4914 2702 4976 possunt
2752 4920 2934 4976 neque
2981 4905 3253 4960 circulum
3318 4905 3582 4974 dirigere,

1998 5013 2178 5068 neque
2209 5004 2462 5065 torquem
2501 4997 2904 5066 circumagere,
2930 5012 3110 5066 neque
3131 5004 3367 5066 punctos
3393 4991 3584 5049 circuli

2001 5104 2068 5144 ex
2103 5103 2261 5158 :cquo
2309 5103 2684 5157 componere,
2725 5103 2906 5156 neque
2958 5087 3158 5141 lineam
3215 5085 3500 5158 inflectere
3533 5093 3587 5139 et

2003 5191 2136 5236 rota:
2161 5181 2396 5235 similem
2437 5180 2676 5242 efficere,
2709 5181 2813 5235 nisi
2849 5179 3103 5236 centrum
3147 5179 3386 5233 medium
3432 5179 3586 5248 prius

1998 5271 2166 5326 fuerit
2195 5271 2422 5325 infixum
2451 5289 2464 5326 :
2511 5272 2584 5326 ita
2617 5271 2782 5326 etiam
2809 5271 3054 5326 devenit.
3101 5271 3203 5325 llic
3225 5271 3374 5324 enim
3409 5279 3470 5324 ut
3499 5268 3583 5324 di-

1998 5379 2120 5420 scas
2139 5363 2285 5433 quod
2307 5364 2452 5419 Dens
2472 5380 2581 5418 non
2603 5363 2858 5434 sequitur
2875 5374 3085 5418 natura:
3108 5361 3582 5432 consequentiam,

1996 5457 2092 5514 sed
2125 5457 2422 5512 fabricatur
2449 5472 2686 5527 superna
2711 5455 3039 5526 naturaliter
3065 5464 3246 5510 etnon
3266 5453 3583 5517 artilieiose,

1997 5551 2134 5606 dicit
2175 5551 2352 5606 Moses
2378 5568 2391 5604 :
2418 5550 2573 5606 Fecit
2617 5550 2764 5605 Deus
2807 5549 3100 5620 sphaeram,
3149 5545 3351 5602 deinde
3383 5556 3584 5601 terram

1997 5655 2277 5702 centrum.
2319 5642 2615 5716 Oporteret
2665 5642 2814 5698 enim
2869 5659 3060 5700 revera
3109 5651 3305 5696 contra
3357 5639 3584 5694 dicere:

383 5828 428 5859 "
461 5827 596 5885 Gen.
637 5847 673 5898 ι,
704 5831 757 5885 9.
811 5830 852 5860 ³³
887 5829 906 5883 1
939 5828 1069 5884 Cor.
1095 5849 1146 5895 ς,
1183 5832 1214 5885 fi
1240 5848 1394 5902 seqq.
1474 5833 1537 5863 ³³·
1578 5831 1894 5902 Ἐπιττήηω

1998 5829 2138 5902 ιιιαεί
2169 5827 2318 5884 dicas
2352 5827 2637 5898 pedantic:
2667 5827 2896 5883 Videtur
2922 5825 3090 5882 fuisse
3128 5823 3321 5877 titulus
3345 5818 3496 5876 libri.
