4056 6488
526 430 626 494 861

1625 444 1708 506 IN
1747 447 2303 512 HEXAEMERON.
2339 406 2411 488 ἑ
2451 457 2598 515 LIB.
2632 435 2692 516 ἲ.

3699 457 3804 522 8G2

523 539 666 637 Fecit
697 539 838 597 Deus
863 552 1067 637 terram
1105 555 1153 601 et
1198 549 1384 604 caelum
1407 594 1446 637 ,γ
1477 567 1574 608 seu
1602 564 1877 621 centrum,
1899 565 1957 613 et
1985 565 2114 612 tunc
2145 562 2186 616 Α
2219 559 2272 616 in
2324 579 2426 619 suo
2460 563 2656 620 ordine
2718 564 2986 620 collocata
3019 574 3076 620 et
3105 563 3316 622 inclusa
3350 565 3404 620 in
3443 581 3540 620 sua
3570 581 3807 637 congre‘

523 632 819 702 Sphaeram.
863 633 997 688 Nam
1025 635 1072 690 si
1095 636 1540 709 conjunctionem
1578 645 1947 714 copulativam
1973 646 2118 700 acci-

521 724 684 808 piunt
715 725 874 790 illud,
901 735 956 781 et
975 728 1137 784 ambo
1169 729 1362 786 dicunt
1395 733 1558 788 simul
1607 733 1748 790 facta
1775 752 1920 802 esse,
1949 753 2114 808 opor-

523 807 673 872 tebat
701 826 876 893 certe,
909 827 970 873 ut
999 818 1247 889 ipsorum
1276 833 1360 878 est
1391 827 1684 890 sententia,
1723 828 1879 897 prius
1909 807 2118 899 signifi-

521 907 1008 979 cari~principium
1039 918 1095 966 et
1119 927 1342 968 causam
1367 915 1586 978 circuli,
1635 934 1832 986 nempe
1863 930 2114 974 centrum

523 1016 622 1056 seu
651 1010 876 1064 terram,
911 1010 968 1056 et
996 1003 1171 1072 magis
1195 1021 1358 1074 quam
1381 1017 1594 1063 contra.
1629 1009 1683 1064 Si
1708 1018 1893 1064 autem
1927 1010 1962 1064 ii
1983 1021 2116 1066 eon-

525 1091 789 1158 fiteantut‘
809 1107 970 1146 omne
1003 1100 1255 1152 centrum
1285 1094 1372 1164 figi
1398 1110 1568 1166 super
1597 1097 1821 1166 aliquod
1845 1097 2041 1151 stabile
2058 1105 2114 1152 et

524 1182 788 1246 solidum,
822 1189 879 1236 et
898 1183 978 1238 sic
1009 1183 1392 1240 circumscribi
1420 1187 1956 1252 circumferentiam,
2000 1203 2112 1242 non

526 1281 709 1328 autem
744 1273 905 1329 aliter
935 1292 948 1328 :
986 1275 1156 1329 Deum
1187 1284 1373 1332 autem
1407 1287 1706 1349 agnoscant
1739 1295 1908 1348 super
1945 1294 2114 1348 aquas

527 1381 647 1438 qua:
676 1365 813 1420 nulli
838 1365 1102 1420 resistunt
1124 1367 1498 1434 concussioni,
1531 1367 1626 1423 sed
1648 1367 1833 1423 statim
1865 1367 2112 1423 fundun-

529 1465 618 1513 tur
648 1465 703 1513 et
745 1456 1160 1524 circumfluunt,
1210 1460 1324 1514 non
1359 1459 1538 1514 solum
1583 1461 1838 1532 injecisse
1873 1460 1927 1515 id
1965 1460 2112 1530 quod

525 1559 612 1608 est
635 1544 868 1621 densum
893 1565 958 1605 ac
981 1566 1172 1621 grave,
1205 1551 1300 1606 sed
1335 1551 1502 1606 etiam
1530 1552 1586 1606 in
1613 1551 1700 1607 his
1723 1551 1966 1606 humidis
1986 1551 2117 1606 soli-

525 1643 656 1699 dare
688 1641 1105 1698 multitudinem
1141 1659 1156 1696 :
1187 1643 1656 1712 quemadmodum
1687 1659 1796 1699 non
1827 1659 2116 1699 concesse-

525 1735 640 1790 rint
662 1750 788 1790 eum
815 1735 1059 1790 excitare
1091 1735 1294 1790 coelum
1344 1744 1608 1807 tanquam
1643 1737 1914 1793 fornicem
1947 1737 2125 1793 etiam.

524 1825 736 1896 absque
767 1835 999 1892 centro;
1030 1841 1157 1880 nam
1183 1842 1306 1897 qua:
1332 1826 1476 1898 apud
1511 1827 1766 1882 homines
1791 1835 1921 1882 sunt
1958 1827 2106 1899 ejus-

524 1894 675 1971 modi
717 1929 777 1972 ut
797 1915 915 1987 fieri
937 1931 1048 1970 non
1077 1894 1312 1987 possint,
1337 1894 1481 1986 apud
1511 1918 1684 1972 Deum
1715 1894 2105 1988 possuntfieri.
2143 1894 2187 1954 Β

527 2005 634 2063 Sed
666 2006 734 2061 ad
764 2008 927 2062 aliam
971 2008 1218 2063 eundum
1247 2017 1332 2063 est
1375 2008 1598 2074 seriem,
1631 2016 1687 2063 et
1714 2008 2106 2078 postulandum

527 2108 672 2154 csta
713 2113 956 2168 superna
1011 2099 1282 2170 sapientia
1316 2114 1439 2169 qua:
1487 2098 1582 2154 dat
1633 2098 1892 2154 omnibus
1941 2107 2109 2170 prout

525 2201 675 2247 recte
727 2198 944 2260 petunt,
973 2181 1035 2245 ut
1079 2189 1241 2245 nobis
1288 2191 1500 2245 revelet
1554 2179 1849 2262 mysticum
1882 2205 2107 2246 sensum

519 2282 616 2354 qui
647 2292 731 2337 est
756 2283 898 2342 intra
919 2281 1183 2347 litteram,
1216 2297 1413 2352 nempe
1445 2282 1723 2352 quomodo
1749 2297 1850 2353 per
1881 2282 2108 2338 univer-

517 2388 636 2430 sam
660 2389 754 2430 sex
780 2374 994 2428 dierum
1019 2374 1381 2440 creationem,
1409 2375 1566 2445 prius
1591 2374 1882 2446 constituit
1901 2383 2108 2444 etprre-

519 2465 775 2537 ﬁguravit
797 2463 1027 2536 ﬁguram
1057 2474 1114 2521 et
1139 2465 1436 2538 imaginem
1465 2466 1729 2522 Ecclesiae.
1751 2465 1983 2522 Christi.
2015 2466 2107 2523 Sic

524 2560 671 2613 enim
693 2559 858 2614 dicit:
881 2558 945 2613 In
970 2559 1228 2632 principio
1250 2560 1374 2630 fecit
1407 2559 1550 2616 Deus
1581 2560 1770 2616 caelum
1794 2569 1846 2615 et
1881 2573 2104 2616 terram.

525 2649 730 2706 Caelum
774 2650 1000 2720 quidem
1053 2649 1219 2705 simul
1273 2650 1796 2720 comprehendendo
1857 2652 2108 2706 ndminat

523 2757 710 2801 omnes
736 2741 991 2799 cmlestes
1019 2751 1078 2798 et
1108 2733 1482 2812 intelligentes
1503 2783 1517 2807 ,
1566 2751 1882 2797 sanctarum
1926 2742 2108 2796 virtu-

519 2843 634 2888 tum
661 2841 717 2888 et
744 2833 1109 2905 intelligentis
1139 2833 1334 2895 mundi
1362 2835 1827 2901 constitutiones;
1851 2844 1912 2890 ut
1939 2835 2106 2890 intel-

515 2924 653 2995 ligas
687 2939 990 2996 supernum
1022 2926 1290 2982 mundum
1331 2927 1489 2999 prius
1529 2927 1700 2983 fuisse
1738 2928 2067 2984 fabricatum
2089 2970 2105 2997 ,

514 3023 890 3088 congruenter
922 3019 1042 3072 voci
1070 3019 1310 3090 theologi
1343 3036 1466 3090 quae
1489 3021 1626 3076 dicit
1655 3039 1670 3075 :
1699 3021 1949 3077 Primum
1984 3022 2110 3092 qui-

513 3110 640 3166 dem
676 3120 862 3166 mente
895 3111 1158 3182 eogitavit
1182 3114 1461 3184 angelicas
1479 3113 1716 3170 virtutes
1747 3123 1802 3168 et
1829 3115 2104 3181 caelestes,

511 3212 571 3258 et
603 3203 865 3274 cogitatio
907 3219 1050 3275 opus
1092 3205 1214 3260 fuit.
1262 3205 1421 3262 Nunc
1471 3215 1657 3263 autem
1713 3222 1916 3262 rursus
1955 3207 2111 3262 hunc

511 3296 784 3352 mundum
811 3297 1074 3354 sensilem
1095 3307 1150 3354 et
1172 3299 1334 3370 861
1369 3300 1464 3370 qui
1487 3300 1760 3365 cernitur,
1773 3300 1936 3355 simul
1957 3315 2110 3356 eom-

511 3391 732 3466 plexus,
773 3407 900 3452 cum
922 3391 1044 3462 ipso
1073 3392 1216 3448 caelo
1235 3393 1402 3448 etiam
1429 3393 1618 3448 omnia
1643 3409 1767 3464 quae
1805 3409 1975 3464 super
1998 3401 2110 3450 ter-

513 3479 632 3540 ram
673 3499 798 3540 cum
845 3483 1071 3548 homine
1103 3485 1246 3540 facta
1274 3493 1403 3541 sunt
1445 3493 1502 3540 et
1529 3475 1681 3552 sunt;
1715 3500 1826 3550 res,
1858 3485 2105 3556 inquam,

511 3577 787 3633 animatas
814 3584 871 3633 et
893 3575 1194 3634 inanimas.
1229 3577 1366 3634 Nam
1391 3591 1518 3634 cum
1549 3577 1688 3633 dixit
1722 3595 1736 3632 :
1763 3577 1830 3632 In
1849 3562 2109 3650 principio

512 3670 636 3742 fecit
669 3669 811 3725 Deus
839 3669 1050 3748 caelum,
1075 3671 1302 3728 sustulit
1329 3680 1574 3734 mentem
1597 3680 1748 3726 tuam
1772 3671 1841 3726 ad
1871 3671 2108 3728 creatio-

511 3779 643 3819 nem
693 3763 921 3834 superni
959 3764 1197 3820 ordinis.
1243 3763 1463 3820 Deinde
1504 3779 1632 3820 cum
1681 3764 2110 3836 subiunxitzEt

515 3863 740 3919 terram,
773 3855 988 3914 dimisit
1015 3863 1260 3914 mentem
1292 3864 1442 3912 tuam
1467 3854 1534 3910 ad
1563 3846 1870 3927 posituram
1904 3855 2108 3912 inferni

512 3931 954 4023 adimplementi,
1003 3947 1163 4018 cujus
1210 3947 1530 4003 universam
1558 3947 1815 4003 exhibuit
1853 3963 2108 4020 compre-

510 4039 839 4096 hensionem
867 4055 896 4095 a
921 4047 1105 4110 parte,
1145 4054 1346 4108 nempe
1381 4055 1413 4094 a
1437 4048 1585 4094 terra
1624 4059 1638 4094 :
1671 4038 1878 4096 docens
1909 4047 1963 4095 te
1995 4055 2108 4095 non

509 4134 692 4190 solum
719 4146 879 4191 nosse
916 4141 1118 4187 terram
1144 4173 1160 4198 ,
1202 4131 1302 4188 sed
1349 4131 1745 4198 etiameeelum
1793 4131 1939 4202 quod
1985 4147 2107 4188 eam

510 4225 689 4282 ambit
739 4241 804 4280 ac
863 4225 1114 4281 continet
1151 4241 1164 4278 :
1195 4223 1602 4296 synecdochice
1642 4223 1816 4279 veluti
1863 4225 2104 4295 quodam

512 4319 754 4375 termino
773 4318 1095 4389 complexus
1148 4305 1255 4387 per
1274 4317 1413 4372 duas
1442 4315 1717 4372 dictiones
1745 4317 2029 4388 opiﬁcium
2049 4325 2107 4373 et

510 4411 851 4466 creationem
886 4408 1076 4470 mundi
1102 4410 1197 4484 qui
1220 4409 1490 4480 aspicitur
1509 4417 1567 4464 et
1594 4410 1788 4465 mundi
1809 4410 1906 4482 qui
1940 4410 2106 4466 intel-

511 4503 728 4574 ligitur,
763 4520 928 4574 quem
957 4503 1293 4572 inprincipio
1314 4503 1447 4558 fecit
1486 4503 1672 4560 Deus:
1709 4504 1766 4558 in
1791 4503 2098 4574 principio,

2134 3255 2179 3316 α

2221 654 2582 724 gationezan
2647 672 2757 710 non
2825 671 2922 710 aer
2957 657 3190 726 replevit
3247 658 3691 718 universitatem.
3747 665 3810 710 ut

2219 759 2491 814 nusquam
2534 745 2590 800 in
2631 747 2994 804 universitate
3045 749 3456 819 relinqueretur
3508 750 3664 804 locus
3715 764 3810 802 va—

2217 851 2356 892 cuus
2403 854 2416 891 :
2455 838 2560 893 hoc
2597 840 2744 894 enim
2801 839 3048 895 fatentur
3097 856 3288 896 omnes
3346 857 3618 910 nusquam
3683 855 3808 896 esse

2217 927 2402 982 locum
2436 944 2698 993 vacuum,
2729 937 2786 984 et
2826 941 2910 984 est
2934 931 3292 985 consentiens
3331 929 3576 984 omnium
3616 930 3808 1000 opinio

2217 1019 2364 1088 quod
2389 1037 2484 1075 aer
2511 1021 2767 1090 protinus
2811 1021 3068 1078 circuivit
3108 1023 3554 1086 universitatem,
3585 1023 3808 1093 quando

2218 1112 2381 1167 simul
2413 1123 2600 1168 coacta
2629 1114 2732 1170 fuit
2775 1132 2916 1184 aqua
2943 1115 3170 1187 abyssi;
3213 1130 3280 1170 ex
3331 1131 3472 1185 aqua
3517 1115 3698 1176 enim,
3746 1123 3808 1169 ut

2218 1205 2389 1259 semel
2436 1205 2638 1271 dicam,
2661 1207 2952 1262 exhalatur
2987 1223 3082 1262 aer
3115 1224 3130 1260 :
3166 1215 3252 1261 est
3291 1216 3472 1261 autem
3500 1207 3544 1260 is
3585 1222 3808 1276 quoque

2217 1305 2379 1368 typus
2407 1313 2471 1352 ac
2503 1298 2676 1368 figura
2708 1299 3015 1354 divinitatis
3030 1315 3152 1369 quae
3169 1315 3280 1354 non
3307 1307 3491 1369 potest
3512 1299 3805 1354 exinaniri.

2215 1389 2503 1456 Quomodo
2535 1391 2684 1446 enim
2717 1408 2812 1448 aer
2847 1402 2932 1448 est
2957 1393 3161 1462 ubique
3192 1401 3248 1448 et
3274 1393 3465 1462 implet
3490 1392 3697 1455 omnia,
3732 1391 3806 1446 ita

2215 1483 2382 1538 etiam
2437 1483 2623 1538 divina
2668 1494 2865 1539 natura
2913 1501 3155 1555 prarsens
3184 1485 3240 1539 in
3275 1484 3636 1539 universitate
3683 1498 3805 1538 eam

2217 1574 2295 1629 ita
2323 1574 2516 1644 implet
2544 1585 2606 1630 ut
2628 1577 2904 1631 exinaniri
2935 1587 3196 1648 nequeat.
3222 1576 3508 1644 Quomodo
3535 1576 3681 1631 enim
3708 1591 3808 1630 aer

2215 1679 2326 1720 non
2354 1665 2504 1720 hunc
2530 1665 2766 1736 implens
2797 1667 2980 1722 locum
3008 1683 3076 1722 ex
3105 1667 3198 1722 illo
3232 1674 3316 1721 est
3348 1665 3663 1720 exiuanitus
3683 1708 3698 1731 ,
3731 1665 3805 1720 ita

2216 1755 2382 1810 etiam
2411 1753 2671 1812 divinitas
2711 1757 2900 1811 omnia
2931 1756 3007 1811 ita
3038 1756 3230 1826 implet
3271 1763 3333 1810 ut
3375 1770 3486 1810 non
3515 1754 3806 1810 exinania-

2217 1854 2331 1900 tur.
2353 1846 2422 1900 Et
2444 1845 2722 1916 quomodo
2749 1863 2846 1902 aer
2869 1855 3032 1902 estet
3065 1845 3447 1901 tenebricosus
3475 1854 3532 1902 et
3557 1845 3804 1912 lucidus,

2216 1935 2454 2007 primum
2485 1945 2670 1992 autem
2705 1945 2791 1992 est
2835 1936 2890 1992 id
2925 1937 3074 2007 quod
3113 1945 3196 1992 est
3247 1935 3693 1991 tenebricosum:
3727 1935 3804 1991 ita

2214 2022 2380 2076 etiam
2408 2023 2677 2078 Divinitas
2695 2032 2782 2078 est
2819 2025 3061 2080 tenebrae
3109 2025 3450 2089 nolentibus,
3499 2025 3590 2078 lux
3619 2034 3806 2079 autem

2215 2113 2551 2169 volentibus.
2588 2115 2833 2171 Primum
2860 2125 3047 2172 autem
3075 2124 3161 2172 est
3195 2117 3249 2172 id
3273 2117 3420 2187 quod
3447 2124 3530 2171 est
3565 2115 3810 2171 tenebris

2215 2219 2427 2272 cosum,
2463 2207 2725 2276 quoniam
2761 2209 3002 2279 primum
3035 2209 3347 2280 ignoratur,
3382 2217 3438 2264 et
3467 2220 3598 2262 tunc
3631 2223 3805 2278 agno-

2215 2299 2409 2355 scitur.
2474 2299 2542 2354 Et
2591 2301 2870 2370 quomodo
2921 2317 3018 2356 aer
3059 2301 3234 2356 veluti
3281 2301 3708 2356 intractabiliter
3746 2308 3805 2356 et

2215 2391 2613 2446 insensibiliter
2638 2400 2724 2446 est
2754 2392 2920 2447 etiam
2947 2391 3249 2463 perfectior
3267 2407 3393 2447 cum
3417 2391 3709 2447 scinditur.
3733 2390 3802 2446 ad

2213 2483 2320 2538 hoc
2352 2490 2414 2537 ut
2461 2491 2780 2554 permoveat
2810 2499 3006 2540 secans
3033 2499 3302 2555 corpora:
3332 2484 3408 2538 ita
3453 2484 3620 2539 etiam
3657 2483 3806 2538 Deus

2215 2577 2284 2634 iis
2315 2577 2410 2648 qui
2441 2577 2621 2648 ipsum
2647 2577 2839 2630 volunt
2867 2575 3110 2630 medium
3135 2575 3437 2646 pervadere
3459 2583 3514 2630 et
3541 2584 3804 2644 tanquam

2213 2683 2314 2738 per
2347 2667 2787 2736 penetrationem
2827 2667 3036 2738 (quoad
3061 2669 3182 2736 ejus
3223 2667 3339 2731 (ieri
3386 2675 3568 2737 potest
3607 2667 3676 2720 ah
3706 2666 3808 2720 ho-

2193 2761 2396 2830 -mine)
2419 2761 2470 2814 ei
2504 2759 2777 2814 uniuntur
2809 2759 3172 2824 insensiliter,
3218 2758 3336 2828 ipse
3365 2757 3533 2812 etiam
3558 2757 3806 2826 aperitur

2215 2867 2340 2908 cum
2378 2850 2736 2921 perfectione,
2781 2859 2837 2905 et
2862 2851 2956 2921 qui
2998 2851 3153 2905 novit
3198 2852 3316 2920 ipse
3349 2850 3557 2912 scit,ut
3601 2849 3694 2918 qui
3731 2848 3808 2902 sit

2215 2940 2524 2996 deificatus.
2563 2940 2630 2995 Et
2667 2940 2947 3010 quomodo
2983 2954 3100 3002 aer,
3127 2946 3185 2995 et
3215 2939 3360 3009 quod
3395 2948 3482 2994 est
3527 2939 3805 2994 extrinse-

2215 3048 2313 3089 cus
2339 3035 2586 3088 continet
2604 3041 2661 3088 et
2686 3032 2978 3104 refrigerat
2999 3033 3146 3102 quod
3167 3041 3254 3087 est
3287 3033 3430 3087 intra
3458 3032 3684 3095 animal,
3718 3039 3806 3086 est

2215 3132 2400 3180 autem
2425 3125 2600 3195 magis
2624 3125 2975 3180 necessarius
3002 3139 3138 3178 usus
3163 3123 3258 3194 qui
3294 3132 3382 3179 est
3416 3123 3753 3199 intrinsecus
3783 3140 3802 3177 :

2215 3218 2290 3272 ita
2315 3217 2483 3272 etiam
2530 3217 2698 3280 Deus,
2747 3216 2800 3270 id
2859 3215 3084 3285 quidem
3124 3215 3274 3285 quod
3325 3223 3412 3270 est
3456 3215 3806 3268 extrinsecus

2211 3309 2458 3366 continet
2505 3307 2704 3362 castris
2747 3307 3095 3378 angelorum,
3143 3315 3206 3360 ut
3239 3305 3334 3375 qui
3379 3306 3491 3362 sint
3533 3304 3806 3360 salutares

2209 3401 2460 3474 spiritus,
2496 3401 2591 3456 sed
2615 3407 2673 3456 et
2702 3415 2806 3475 per
2837 3415 2896 3455 se
2920 3400 2973 3454 in
3009 3399 3160 3470 ipsos
3189 3408 3453 3470 operatur
3471 3398 3804 3454 vivificatio-

2206 3509 2332 3550 nem
2361 3501 2458 3549 aut
2477 3491 2987 3548 reviviiicationem.
3023 3491 3089 3546 Hi
3131 3500 3315 3546 autem
3349 3490 3452 3546 soli
3489 3489 3688 3544 divino
3707 3489 3806 3544 illo

2205 3584 2498 3656 privantur
2539 3597 2689 3647 aere,
2751 3582 2848 3651 qui
2905 3582 3195 3654 elegerunt
3240 3581 3582 3637 natationem
3635 3595 3806 3650 super

2206 3681 2402 3740 peetus
2428 3682 2486 3729 et
2509 3682 2762 3730 ventrem
2791 3688 2890 3744 per
2915 3674 3205 3728 humorem
3235 3672 3450 3742 peccati
3469 3690 3482 3726 :
3501 3679 3632 3727 sunt
3651 3671 3804 3726 enim

2207 3766 2520 3835 voluptates
2548 3779 2618 3819 ex
2639 3763 2992 3818 humoribus.
3046 3765 3248 3818 Pectus
3279 3771 3462 3818 autem
3487 3769 3542 3816 et
3585 3767 3800 3824 venter,

2208 3858 2355 3914 acris
2382 3856 2686 3928 propensio
2735 3856 2802 3911 ad
2835 3872 2900 3912 ea
2929 3871 3053 3926 quae
3083 3862 3212 3910 sunt
3241 3853 3345 3908 sub
3377 3861 3652 3908 ventrem.
3690 3850 3802 3906 Sed

2207 3950 2438 4006 densum
2475 3947 2767 4018 quemdam
2799 3957 2857 4002 et
2878 3947 2946 4002 ad
2977 3959 3266 4018 vesperam
3298 3944 3526 3999 omnino
3563 3957 3802 4013 vergen-

2207 4052 2340 4106 tem,
2361 4039 2812 4112 profundumque
2835 4050 2895 4096 et
2917 4039 3131 4094 tristem
3156 4046 3472 4106 atrumque,
3497 4043 3554 4090 et
3573 4033 3803 4097 omnino

2208 4134 2648 4198 tenebricosum,
2683 4148 2785 4202 per
2839 4147 2905 4186 ea
2947 4146 3072 4201 qua:
3110 4126 3262 4184 dicta”
3323 4134 3453 4184 sunt
3509 4127 3803 4196 descripsit

2207 4225 2385 4280 Moses
2437 4223 2707 4279 mundum
2745 4230 3064 4276 terrestrem
3109 4229 3370 4290 opertum
3409 4219 3645 4274 diversis
3679 4217 3804 4286 qui-

2205 4318 2438 4379 busdam
2465 4317 2634 4372 veluti
2663 4314 3058 4387 integumentis
3073 4323 3130 4368 et
3151 4313 3310 4376 velis,
3336 4319 3592 4382 tanquam
3614 4318 3802 4365 coacta

2206 4427 2523 4482 compressa
2559 4419 2731 4474 terra,
2784 4418 2848 4463 ut
2891 4417 3014 4478 quae
3039 4407 3204 4462 simul
3243 4407 3314 4461 sit
3349 4402 3806 4460 in’tenebricosis

2205 4507 2342 4562 etin
2368 4504 2566 4560 umbra
2608 4503 2808 4558 mortis
2839 4501 2894 4556 in
2955 4501 3318 4556 terrestribus
3353 4499 3516 4554 Erebi
3554 4516 3570 4552 :
3600 4496 3802 4568 partim

513 4595 762 4666 inquam,
789 4604 1256 4666 paterno.nempe
1283 4595 1499 4651 ratione
1515 4611 1612 4651 seu
1637 4595 1823 4652 Verbo
1847 4613 1861 4650 :
1884 4595 1950 4650 'In
1983 4597 2098 4668 ipso
2133 4601 2175 4657 ι)
2205 4597 2430 4668 quidem
2457 4596 2726 4652 suffocata
2761 4595 2922 4666 aquis
2945 4609 3068 4664 qua:
3099 4594 3150 4648 ei
3201 4601 3333 4647 sunt
3358 4592 3648 4662 impositae,
3680 4605 3807 4659 par-

509 4689 660 4746 enim
694 4697 741 4742 et
765 4705 859 4760 per
888 4688 1064 4754 ipsum
1093 4689 1271 4742 omnia
1293 4688 1436 4758 facta
1463 4687 1672 4744 "sunt".

582 4781 719 4840 Cum
749 4782 1040 4852 hucusque
1100 4779 1482 4837 constituisset
1505 4780 1811 4837 caelestium
1833 4789 1890 4838 et
1924 4790 2102 4838 terre-

509 4873 711 4931 strium
743 4875 992 4930 omnium
1025 4873 1388 4934 creationem,
1413 4872 1507 4942 qui
1561 4887 1687 4928 cum
1728 4873 1875 4930 Mose
1909 4874 2103 4944 loque-

510 4965 678 5023 batur
733 4967 825 5024 Dci
877 4954 1106 5038 angelus
1159 4964 1362 5021 transit
1399 4964 1468 5020 ad
1508 4965 2100 5038 mysticamEcelesiaa

512 5059 810 5116 rationem.
836 5057 1010 5126 Quam
1039 5057 1264 5133 quidem
1294 5073 1490 5114 rursus
1511 5059 1679 5113 aliam
1709 5058 1953 5129 appellat
1983 5065 2100 5114 ter-

513 5168 655 5218 ram,
687 5163 744 5210 et
760 5153 896 5208 dicit
919 5153 987 5209 de
1017 5151 1140 5224 ejus
1171 5153 1516 5226 ignoratione
1549 5161 1608 5209 et
1631 5169 1824 5209 errore
1853 5154 1948 5224 qui
1981 5163 2102 5210 erat

513 5243 570 5302 in
604 5244 786 5312 initio,
814 5253 963 5300 terra
989 5253 1170 5300 autem
1203 5253 1329 5305 erat,
1351 5245 1624 5301 invisibilis
1655 5253 1706 5300 et
1727 5247 2096 5318 incomposita,

514 5343 565 5394 et
598 5337 820 5394 tenebraz
845 5355 1006 5409 super
1044 5337 1314 5410 abyssum,
1364 5345 1414 5392 et
1444 5336 1674 5410 Spiritus
1708 5338 1805 5394 Dei
1833 5339 2104 5412 ferebatur

509 5444 672 5502 super
713 5447 934 5502 aquam.
992 5430 1364 5498 Quaerendum
1426 5437 1512 5488 est
1567 5439 1753 5487 autem
1788 5450 1803 5486 :
1840 5431 2098 5504 Nunquid

510 5536 638 5578 cum
693 5523 894 5580 ciuium
939 5531 998 5579 et
1029 5532 1177 5580 terra
1209 5523 1322 5579 sint
1355 5523 1606 5579 ordinata
1651 5529 1712 5579 et
1746 5523 1858 5580 sint
1899 5523 1956 5579 in
1998 5539 2100 5580 suo

515 5613 662 5680 loco,
693 5624 750 5671 et
783 5623 1052 5686 praeterea
1087 5615 1330 5673 habeant
1357 5614 1602 5672 medium
1646 5616 1807 5672 suum
1839 5615 2102 5672 interval-

2211 4690 2310 4746 tim
2355 4699 2542 4746 autem
2588 4689 2766 4744 offusa
2815 4686 3065 4742 tenebris
3105 4686 3291 4758 abyssi
3323 4703 3338 4738 :
3371 4683 3572 4738 deinde
3603 4683 3802 4752 spiritu

2209 4782 2360 4839 venti
2397 4782 2490 4852 qui
2513 4780 2876 4836 vehementer
2903 4778 3080 4832 fertur
3107 4792 3275 4846 super
3297 4790 3518 4844 aquam,
3543 4774 3614 4828 ab
3637 4772 3804 4829 undis

2203 4877 2406 4948 jactata
2437 4883 2495 4930 et
2545 4873 2768 4944 agitata.
2814 4869 2970 4926 Ferri
3003 4869 3175 4933 enim,
3199 4867 3474 4938 significat
3501 4866 3804 4921 vehemen-

2208 4971 2341 5025 tiam
2377 4979 2562 5024 motus
2608 4976 2667 5023 et
2699 4967 2938 5036 impetus
2969 4963 3136 5019 aeris.
3190 4961 3369 5031 Atque
3409 4961 3528 5014 haec
3573 4958 3801 5028 quidem

2205 5072 2292 5120 est
2323 5069 2696 5132 congruenter
2740 5059 2937 5113 littera:
2980 5055 3229 5110 Mosaicae
3256 5053 3326 5107 de
3366 5062 3510 5108 terra
3559 5051 3803 5106 crassior

2205 5172 2270 5212 ac
2293 5152 2652 5226 corporalior,
2685 5149 2832 5221 quod
2877 5147 2946 5202 ad
3001 5147 3174 5217 ipsam
3235 5145 3435 5200 attinet
3486 5143 3797 5208 historiam,

2207 5246 2475 5303 narratio.
2503 5243 2650 5299 Mare
2682 5240 2960 5314 quoddam
2991 5238 3280 5294 horridum
3321 5253 3386 5292 ac
3417 5235 3797 5302 tenebrosum,

2209 5339 2510 5410 multisque
2536 5336 2705 5391 undis
2720 5336 3013 5405 iactatum,
3035 5341 3093 5388 et
3114 5341 3285 5386 totam
3306 5327 3600 5400 quamdam
3623 5335 3799 5382 atram

2206 5438 2428 5486 noctem
2488 5436 2682 5498 aperte
2727 5425 3052 5482 describens
3108 5432 3286 5479 totum
3348 5422 3544 5477 orbem
3589 5429 3797 5476 terrae:

2193 5523 2358 5594 .quod
2397 5521 2620 5592 quidem
2673 5527 2863 5590 aperte
2903 5525 2962 5572 et
3011 5517 3150 5572 citra
3182 5515 3350 5571 ullam
3395 5511 3800 5570 dubitationem

2207 5611 2718 5686 eratprzefiguratio
2751 5621 2810 5664 et
2831 5611 3014 5682 imago
3050 5607 3265 5680 prioris
3282 5615 3480 5672 status,
3508 5606 3596 5662 vel
3616 5605 3802 5675 potius

516 5703 629 5760 lum
659 5705 729 5761 ab
760 5707 962 5778 abysso
994 5704 1287 5777 repletum,
1320 5715 1614 5778 postquam
1642 5722 1704 5763 ea
1749 5723 1970 5780 quoque
1997 5707 2101 5764 fuit
2211 5704 2684 5778 transgressionis,
2721 5701 2952 5768 erroris,
3001 5709 3060 5758 et
3094 5698 3461 5772 tempestatis,
3483 5704 3541 5754 et
3581 5696 3805 5768 ignora-

589 5881 632 5912 “
667 5882 876 5939 Coloss.
903 5899 939 5952 ι,
977 5883 1062 5938 16.
