4056 6418
222 398 225 401 ,
315 341 422 405 863

1557 349 1615 407 S.
1655 342 2057 405 ANASTASII
2098 342 2426 405 SINAITAZ

3485 337 3589 403 88-1

320 452 489 507 tionis
544 462 705 510 terra:
739 475 751 511 :
780 473 981 528 nempe
1040 459 1251 515 ratione
1303 460 1542 530 praedita:
1615 457 1894 514 Ecclesia).
1928 458 1973 516 A
2000 459 2357 525 generationis
2394 456 2519 510 .lesu
2547 455 2741 511 Christi
2788 453 2907 508 Filii
2950 453 3221 508 Abraham
3251 453 3331 519 ³⁹;
3369 453 3590 509 dicenle

316 543 605 601 llaectcrra
640 557 763 603 erat
793 549 1110 615 invisibilis,
1140 568 1261 622 qua:
1287 568 1395 607 non
1426 553 1604 608 solum
1622 567 1732 605 non
1754 549 1903 604 vide-

316 634 505 701 batur,
541 637 638 692 sed
656 655 761 695 nec
780 641 1037 708 videbat;
1067 643 1172 697 hoc
1198 645 1521 708 est,'statim
1548 643 1616 697 ab
1633 651 1756 696 ortu
1780 650 1902 695 erat

314 726 438 782 sine
468 730 646 784 oculis
667 740 723 786 et
743 748 889 788 caeca
916 751 931 787 :
960 750 1123 804 quam
1152 736 1444 791 excmcavit
1465 735 1722 806 princeps
1746 743 1900 790 tene-

310 817 543 875 brarum
592 823 780 879 saeculi
833 825 999 898 hujus
1062 826 1354 897 impositus
1402 843 1571 897 supra
1636 828 1898 900 abyssum

314 910 533 968 ratione
572 914 884 985 praeditam.
935 918 1104 988 Aqua:
1137 934 1357 989 quoque
1386 930 1738 990 peccatorum
1776 935 1899 974 eam

314 1000 647 1062 obruerunt.
675 1015 732 1063 et
767 1007 1180 1077 demerserunt,
1231 1020 1288 1067 et
1331 1012 1602 1083 spiritalia
1639 1013 1903 1083 nequitia:

312 1107 438 1162 quae
479 1096 770 1154 suillarunt
820 1115 918 1170 per
961 1117 1024 1156 os
1069 1102 1364 1173 serpentis,
1405 1104 1459 1159 ei
1520 1104 1901 1175 gravissimam

313 1188 621 1245 attulerunt
640 1198 1044 1262 tempestatem,
1070 1200 1126 1248 et
1146 1196 1511 1251 tentationum
1536 1197 1687 1252 mille
1702 1195 1905 1253 ﬂuctus

312 1281 649 1336 excitarunt.
689 1283 846 1340 Unde
874 1286 1043 1341 etiam
1096 1296 1297 1341 terram
1354 1304 1466 1343 non
1510 1289 1690 1344 solum
1741 1289 1899 1357 dicit,

313 1372 569 1445 ἀόρατον,
598 1375 655 1430 id
683 1385 790 1441 est,
807 1376 1113 1450 ἀόμματον,
1128 1396 1329 1450 nempe
1363 1390 1646 1437 carentem
1668 1382 1846 1439 oculis
1884 1401 1898 1438 :

314 1462 409 1517 sed
436 1463 602 1518 etiam
629 1464 993 1537 invisibilem,
1026 1478 1088 1525 ιιι
1120 1487 1243 1542 qua:
1273 1488 1383 1527 non
1412 1471 1700 1528 videretur
1723 1474 1903 1530 omni-

311 1570 404 1609 no.
433 1557 703 1625 Avertam,
739 1559 922 1631 inquit
975 1563 1145 1631 Deus,
1189 1565 1367 1621 oculos
1415 1582 1557 1622 meo:
1584 1584 1617 1621 a
1643 1565 1785 1621 vobis
1833 1567 1899 1622 ³⁸.

313 1645 422 1702 Sed
450 1657 506 1703 et
534 1665 634 1720 per
669 1648 812 1708 Osee
844 1653 1002 1717 dicit,
1048 1672 1161 1712 non
1200 1658 1379 1713 solum
1431 1658 1657 1727 Iudaeis,
1705 1674 1901 1715 verum

311 1740 479 1795 ctiam
537 1743 638 1799 toti
684 1746 913 1816 generi:
940 1747 1206 1804 Claudum
1252 1752 1429 1806 oculos
1460 1768 1601 1808 meos
1651 1771 1686 1809 α
1734 1754 1898 1820 vobis,

311 1832 565 1898 quoniam
597 1833 685 1888 odi
708 1851 874 1906 opera
905 1848 1079 1893 vestra
1125 1841 1191 1895 ³⁸.
1229 1840 1339 1897 Sed
1366 1857 1488 1898 eam
1516 1860 1738 1917 quoque
1768 1846 1903 1901 dicit

308 1924 735 1996 incompositam.
781 1929 919 1984 Nam
969 1948 1094 1988 cum
1136 1934 1192 1989 in
1236 1950 1357 1990 eam
1406 1937 1536 1993 mali
1574 1938 1904 2010 irrupissent

308 2013 503 2078 ﬂuvii,
532 2029 590 2073 et
628 2018 806 2090 iniqui
852 2022 1157 2093 spirassent
1203 2027 1379 2093 venti,
1430 2028 1631 2084 cecidit
1687 2028 1902 2102 fuitque

309 2106 676 2179 incomposita
723 2121 782 2168 et
825 2128 938 2169 non
986 2125 1312 2173 constructa
1346 2136 1360 2173 :
1399 2117 1505 2174 fuit
1546 2136 1742 2191 magna
1782 2122 1904 2193 ejus

310 2201 470 2255 ruina
496 2218 510 2265 ;
546 2209 609 2257 ut
636 2220 760 2275 quae
781 2222 892 2262 non
915 2216 1064 2264 esset
1089 2209 1358 2266 azdillcata
1389 2226 1557 2282 supra
1589 2229 1821 2268 uxorem
1846 2222 1904 2269 et

309 2305 567 2359 sponsam
610 2291 840 2362 Christi,
882 2313 1081 2368 nempe
1108 2315 1275 2370 super
1314 2311 1528 2371 petram
1562 2302 1692 2359 ﬁdei
1728 2305 1901 2360 Petri.

310 2380 371 2437 ln
396 2392 477 2438 tot
502 2400 635 2456 ergo
664 2394 721 2442 et
759 2389 928 2445 tantis
971 2392 1130 2446 malis
1165 2394 1386 2462 jaeebat
1432 2410 1464 2450 e
1515 2405 1661 2453 terra
1717 2400 1903 2470 genita

308 2475 600 2533 hominum
621 2486 843 2548 natura,
877 2483 1100 2552 quando
1135 2485 1286 2541 venit
1316 2487 1602 2557 plenitudo
1635 2494 1904 2563 temporis

307 2577 373 2624 ut
409 2572 738 2629 ascenderet
758 2586 827 2630 ex
863 2583 1090 2651 terreno
1118 2578 1394 2648 profundo
1440 2582 1810 2654 voluptatum,
1846 2594 1905 2641 et

306 2660 644 2718 liberaretur
683 2665 754 2721 ab
798 2668 960 2738 aquis
1009 2684 1131 2724 eam
1179 2670 1604 2741 sullocantibus,
1650 2685 1709 2732 et
1755 2686 1904 2735 esset

308 2756 681 2825 tranquillitas
716 2760 990 2821 undarum
1012 2778 1135 2832 quae
1172 2764 1226 2819 in
1256 2780 1376 2821 eam
1404 2767 1768 2839 insurgebant
1797 2789 1810 2824 :
1842 2783 1905 2827 ut

309 2845 440 2900 mali
463 2846 692 2904 silerent
727 2852 900 2917 venti,
930 2860 987 2907 et
1009 2854 1337 2912 recederent
1366 2859 1611 2916 tenebrae
1643 2861 1906 2933 ignoran-

309 2936 421 3001 tiae,
467 2944 525 2993 et
567 2940 921 2998 illuccsceret
960 2946 1225 3015 splendor
1275 2949 1374 3004 Dei
1411 2952 1787 3023 cogitationis.
1835 2956 1907 3011 Et

310 3027 438 3085 ideo
496 3031 721 3101 cecinit,
776 3035 847 3090 Et
895 3036 1037 3091 dixit
1085 3038 1252 3105 Deus,
1303 3040 1425 3097 Fiat
1469 3044 1605 3100 lux:
1638 3046 1744 3102 hoc
1793 3056 1899 3114 est,

2005 546 2261 603 Christo:
2285 548 2395 619 Ego
2422 548 2514 602 lux
2540 548 2655 615 veni
2685 549 2741 600 in
2768 546 3024 599 mundum
3059 544 3138 611 ⁶⁰;
3174 551 3230 599 et
3267 562 3279 597 :
3308 543 3426 614 Ego
3470 561 3591 598 sum

2005 639 2117 705 lux,
2149 650 2196 694 et
2227 642 2333 696 vita
2363 653 2410 695 et
2444 641 2757 695 resurrectio
2784 639 2823 671 εί
2852 656 2866 705 ;
2901 640 2993 692 lux
3018 654 3139 708 qua:
3166 653 3294 693 vere
3316 645 3440 693 erat
3469 646 3588 693 orta

2004 734 2075 788 ad
2108 734 2485 789 reuelationem
2511 735 2749 805 gentium
2805 748 2925 802 quae
2964 731 3117 802 prius
3144 739 3306 786 erant
3355 732 3589 786 obtene-

2004 824 2175 880 brata:
2211 843 2224 878 :
2253 840 2320 879 ex
2358 826 2563 895 quibus
2592 824 2817 897 populus
2844 824 2935 895 qui
2969 831 3085 877 erat
3119 824 3175 877 in
3205 824 3433 877 tenebris
3456 823 3589 877 vidit

2005 913 2173 970 lucem
2207 932 2462 987 magnam
2509 915 2555 947 ἰ’
2579 915 2913 987 cognitionis
2936 957 2950 981 ,
2979 914 3201 985 quando
3222 916 3460 969 visitavit
3495 932 3589 971 nos
3662 962 3673 973 ,

2004 1010 2177 1064 oriens
2215 1026 2279 1064 ea:
2319 1010 2430 1064 alto
2480 1009 2548 1077 “,
2587 1018 2650 1066 ut
2680 1011 2931 1066 illuceret
2966 1010 3046 1066 iis
3099 1010 3194 1081 qui
3241 1009 3494 1064 sedebant
3530 1013 3587 1066 in

2005 1101 2231 1155 tenebris
2264 1110 2313 1156 et
2358 1103 2415 1156 in
2456 1102 2647 1157 umbra
2687 1104 2875 1157 mortis
2925 1101 2991 1157 “.
3045 1100 3200 1169 Quod
3245 1102 3396 1156 enim
3443 1110 3589 1159 terra

2004 1193 2208 1249 eratin
2240 1194 2400 1249 initio
2429 1195 2485 1249 in
2511 1194 2705 1250 inferis
2735 1194 2957 1271 obruta,
3004 1193 3057 1249 id
3095 1193 3251 1264 prius
3290 1194 3589 1265 descripsit

2007 1293 2152 1340 terra
2195 1286 2436 1357 genitam
2473 1296 2722 1341 nostram
2767 1295 3024 1341 naturam
3061 1286 3328 1341 sedentem
3360 1286 3415 1340 in
3440 1294 3589 1341 tene-

2004 1381 2113 1436 bris
2138 1391 2188 1435 et
2219 1382 2275 1434 in
2312 1382 2502 1436 umbra
2525 1382 2713 1436 mortis
2737 1399 2755 1437 :
2781 1383 2940 1451 cujus
2974 1381 3029 1435 in
3054 1378 3318 1436 extremis
3373 1386 3583 1449 tempo:

2005 1472 2162 1529 ribus
2189 1487 2291 1543 per
2332 1472 2619 1529 Christum
2662 1472 3155 1539 illuminationem,
3188 1471 3346 1542 prius
3376 1470 3589 1527 'descri-

2003 1566 2141 1623 bens
2181 1585 2195 1621 :
2227 1567 2377 1622 Dixit
2408 1566 2551 1620 Deus
2578 1583 2596 1621 :
2622 1564 2747 1620 Fiat
2785 1564 2900 1629 lux,
2945 1574 2998 1620 et
3039 1565 3182 1635 facta
3208 1572 3285 1619 est
3318 1563 3433 1631 lux,
3466 1580 3588 1635 qua:

2003 1657 2379 1726 praecurrebat
2414 1664 2475 1711 et
2520 1656 2910 1728 praeﬁgurabat
2942 1671 3129 1711 veram
3159 1655 3362 1721 lucem,
3389 1670 3588 1726 nempe

2007 1746 2217 1803 Jesum.
2248 1745 2363 1803 Hoc
2389 1758 2573 1803 autem
2600 1747 2694 1803 hic
2724 1755 2985 1804 accurate
3014 1754 3072 1802 et
3108 1755 3299 1802 exacte
3333 1746 3588 1801 examina

1938 1809 1984 1871 Β
2010 1833 2479 1904 quemadmodum
2515 1850 2641 1890 cum
2674 1833 2933 1905 superius
2969 1833 3200 1889 dixisset
3234 1851 3247 1887 :
3286 1832 3348 1887 In
3389 1835 3590 1905 primi-

2004 1931 2091 2000 pio
2123 1928 2242 2000 fecit
2264 1929 2402 1984 Deus
2438 1928 2627 1983 caelum
2665 1937 2712 1982 et
2747 1935 2949 1981 terram
2978 1966 2997 1994 ,
3032 1926 3126 1982 hic
3157 1942 3272 1982 non
3301 1926 3440 1982 dicit
3473 1945 3487 1982 :
3517 1927 3587 1984 Et

2003 2022 2138 2079 fecit
2175 2023 2324 2079 Deus
2372 2022 2554 2079 lucem
2576 2063 2591 2088 ,
2633 2020 2728 2077 sed
2761 2039 2773 2074 :
2802 2021 2873 2075 Et
2913 2020 3048 2075 dixit
3093 2019 3231 2075 Deus
3261 2037 3279 2076 :
3313 2019 3437 2076 Fiat
3471 2021 3583 2088 lux,

2005 2126 2066 2174 ut
2093 2118 2276 2175 discas
2301 2115 2669 2173 diﬂ‘erentiam
2701 2113 3004 2170 creationis
3024 2120 3081 2169 et
3098 2113 3503 2185 generationis,
3529 2121 3587 2169 et

2005 2219 2068 2266 ut
2089 2209 2483 2266 hatreticorum
2510 2221 2678 2263 voces
2704 2203 3060 2275 comprimas,
3086 2205 3182 2275 qui
3200 2204 3584 2261 dicuntDeum

2004 2302 2272 2367 Verbum,
2309 2299 2589 2355 nolentem
2610 2304 2667 2353 et
2704 2295 2944 2351 invitum
2975 2296 3285 2366 suscepisse
3328 2295 3586 2351 incarna-

2007 2393 2215 2449 tionem
2249 2409 2263 2446 :
2297 2390 2524 2461 etquod
2562 2396 2858 2459 propterea
2882 2386 3031 2456 quod
3048 2386 3263 2457 jussum
3290 2393 3583 2456 paternum

2005 2502 2116 2543 non
2148 2496 2337 2556 posset
2380 2496 2661 2549 recusare,
2687 2489 2750 2536 ut
2782 2480 2880 2551 qui
2917 2481 3138 2536 Patrem
3166 2486 3399 2545 amaret,
3440 2468 3586 2533 invi-

2006 2587 2097 2635 tus
2120 2588 2303 2634 tamen
2349 2584 2510 2651 etut
2561 2575 2656 2646 qui
2698 2573 2870 2629 nollet
2918 2586 3248 2644 repugnare,
3288 2571 3586 2627 humanam

2005 2673 2178 2731 subiit
2217 2680 2491 2728 naturam.
2519 2670 2755 2738 Propter
2779 2666 2886 2721 hoc
2923 2678 3058 2736 ergo
3087 2671 3145 2720 et
3182 2669 3412 2734 propter
3442 2662 3591 2733 ejus.

2004 2768 2155 2824 modi
2180 2765 2316 2821 vitia
2343 2805 2358 2831 ,
2401 2780 2514 2821 non
2562 2761 2704 2817 dixit
2729 2778 2745 2812 :
2769 2759 2839 2815 Et
2868 2757 3002 2813 fecit
3032 2756 3214 2813 lucem
3250 2773 3264 2810 :
3297 2755 3392 2812 sed
3427 2774 3439 2809 :
3471 2754 3589 2809 Fiat

2007 2858 2119 2913 lux.
2154 2856 2212 2913 ld
2244 2856 2392 2912 enim
2441 2853 2593 2926 quod
2635 2852 2697 2908 ﬁt
2742 2865 2853 2906 non
2899 2848 3067 2905 habet
3099 2846 3333 2903 fortasse
3382 2858 3586 2902 conve-

2003 2949 2271 3007 nientiam
2294 2963 2422 3003 cum
2464 2944 2666 3001 aﬂ‘ectu
2696 2942 2764 2998 ad
2785 2956 2952 3012 quem
2982 2938 3315 3004 traducitur,
3350 2944 3412 2991 ut
3440 2937 3589 3008 quod

2004 3059 2130 3099 cum
2156 3040 2430 3098 etiiciente
2455 3037 2686 3093 minime
2706 3034 3004 3091 conveniat
3036 3051 3049 3087 :
3079 3046 3189 3087 non
3213 3030 3293 3086 sic
3313 3037 3498 3086 autem
3530 3046 3588 3086 se

306 3116 563 3175 Christus
599 3137 725 3178 vera
771 3122 862 3177 tua:
903 3141 1022 3195 qua:
1069 3125 1347 3183 illuminat
1381 3147 1590 3187 omnem
1632 3134 1899 3189 hominem
1930 3156 1971 3216 (ς
2004 3138 2173 3194 habet
2203 3133 2509 3208 generatio.
2538 3131 2674 3188 Nam
2708 3144 2833 3200 quae
2855 3134 3219 3200 generantur,
3241 3125 3590 3181 collmtantur

307 3214 598 3269 venientem
619 3215 673 3269 in
692 3218 947 3272 mundum
970 3219 1182 3286 “.Fiat,
1202 3224 1414 3295 scilicet
1429 3227 1617 3282 veniat
1643 3228 1712 3283 ad
1736 3243 1903 3299 gcnc-
1944 3214 1957 3216 ⁷
2005 3226 2542 3300 ουωοεοιιθταιίοῐιθν
2581 3221 2747 3294 862
2771 3221 3119 3290 alterumque
3150 3226 3239 3274 θεῖ
3268 3216 3431 3273 alteri
3458 3231 3588 3287 8³³³·

307 3306 603 3375 rationem,
636 3308 930 3381 ellingatur
973 3323 1032 3368 et
1063 3324 1412 3385 corporetur.
1456 3319 1528 3376 Ut
1561 3329 1750 3376 autem
1798 3322 1900 3391 tibi

305 3399 646 3466 ostenderet,
698 3404 873 3475 magis
909 3421 1075 3476 quam
1132 3409 1318 3465 omnia
1365 3427 1486 3468 esse
1527 3414 1901 3470 necessariam

307 3490 475 3548 Verbi
524 3494 996 3561 incarnationem,
1037 3509 1095 3556 et
1142 3513 1369 3574 propter
1405 3519 1529 3562 eam
1575 3508 1721 3565 facta
1779 3526 1902 3568 esse

305 3585 513 3651 omnia,
532 3588 651 3643 sine
674 3604 783 3659 qua
815 3606 958 3647 vana
981 3602 1111 3649 sunt
1131 3604 1189 3649 et
1214 3594 1419 3661 inania,
1445 3608 1678 3669 peccato
1703 3602 1902 3660 eﬂ‘ecta

306 3678 526 3734 inutilia
559 3688 618 3735 et
659 3682 727 3736 ad
758 3683 996 3739 nihilum
1024 3687 1348 3755 redeuntia;
1390 3692 1576 3747 statim
1628 3693 1698 3749 ab
1742 3696 1902 3751 initio

305 3766 603 3838 Scriptura:
633 3780 692 3827 et
709 3772 780 3828 ab
804 3774 939 3844 ipsis
962 3780 1249 3846 prommiis
1290 3781 1443 3838 illam
1469 3783 1568 3838 tibi
1599 3786 1789 3852 tradit,
1810 3788 1901 3844 di-

304 3873 473 3914 cens:
502 3859 570 3915 In
601 3864 861 3934 principio
889 3867 1012 3936 fecit
1042 3868 1184 3925 Dem
1224 3871 1413 3927 caelum
1446 3882 1495 3928 et
1516 3884 1759 3943 terram;
1800 3894 1902 3934 seu

305 3949 436 4005 fecit
455 3952 512 4006 in
542 3954 817 4026 principio
844 3961 1135 4029 temporali
1163 3979 1176 4015 :
1202 3977 1299 4017 seu
1331 3964 1540 4034 placuit
1573 3946 1622 4022 ei
1652 3977 1714 4023 ut
1742 3970 1903 4027 tieret

302 4043 508 4099 cmlum
563 4053 827 4118 tanquam
888 4050 1068 4118 Deus,
1115 4063 1172 4108 et
1221 4065 1373 4110 terra
1425 4066 1655 4128 propter
1710 4061 1901 4118 Iesum

304 4135 609 4194 hominem.
649 4139 881 4207 Quando
919 4155 1100 4199 autem
1153 4147 1205 4202 ei
1247 4149 1456 4218 placuit
1502 4151 1622 4208 haec
1656 4156 1903 4211 creatio?

301 4227 536 4295 Quando
574 4232 746 4303 coepit
806 4236 1116 4304 producere
1153 4240 1399 4307 sensilia,
1439 4259 1551 4299 non
1596 4253 1784 4302 autem
1835 4264 1900 4305 ea

301 4335 429 4389 quae
453 4321 661 4378 cadunt
683 4323 786 4379 sub
816 4324 1258 4397 intelligentiam.
1286 4330 1511 4388 Sciebat
1533 4335 1682 4390 enim
1700 4336 1818 4394 fore
1843 4347 1903 4394 ut

304 4410 425 4468 haec
456 4413 550 4469 illa
580 4423 927 4486 paterentur,
949 4426 1006 4474 et
1029 4421 1171 4476 male
1195 4422 1546 4482 adicerentur
1566 4438 1624 4484 et
1645 4445 1901 4486 corrum-

2005 3330 2123 3376 tam
2178 3327 2237 3375 et
2271 3325 2583 3387 acceptum,
2637 3313 2913 3383 simulque
2959 3311 3241 3368 exsultant
3288 3318 3346 3365 et
3396 3316 3594 3380 petunt

2003 3412 2405 3484 perfectionem
2436 3427 2451 3464 :
2483 3406 2765 3479 quomodo
2793 3405 2961 3461 etiam
2985 3404 3243 3465 videmus
3279 3402 3427 3457 fetus
3449 3400 3594 3456 exsi-

2002 3506 2277 3564 lientesin
2294 3503 2560 3562 maternis
2583 3500 2780 3561 uteris.
2799 3507 2856 3555 et
2880 3496 3144 3553 festinare
3168 3504 3229 3551 ut
3248 3496 3591 3551 eximantur:

2002 3608 2061 3656 et
2087 3599 2145 3654 in
2168 3597 2392 3669 plantis,
2439 3608 2646 3656 ramos,
2672 3591 2828 3655 folia,
2856 3588 3043 3655 ﬂores,
3088 3586 3322 3653 fructus,
3357 3586 3596 3641 libenter

2004 3705 2277 3749 crescere.
2301 3688 2455 3743 Dixit
2506 3701 2664 3757 ergo,
2696 3682 2862 3738 Facta
2904 3689 2982 3736 est
3036 3679 3128 3735 lux
3164 3695 3182 3735 :
3221 3695 3335 3734 non
3364 3688 3549 3733 autem
3578 3694 3592 3730 :

2004 3783 2159 3841 Fecit
2226 3784 2430 3845 lucem,
2480 3787 2543 3833 ut
2589 3793 2689 3849 per
2737 3773 2898 3841 illud,
2948 3772 3118 3829 Facta
3160 3780 3260 3837 est,
3323 3771 3599 3843 intelligas

2002 3875 2381 3934 voluntarium
2436 3870 2841 3944 propriumque
2889 3858 2947 3923 ἐι
2999 3865 3379 3922 laztabundum
3430 3863 3597 3920 Verbi

2004 3986 2130 4027 cum
2168 3971 2329 4026 Patre
2363 3964 2776 4036 beneplacitum
2806 3962 2862 4016 in
2904 3958 3312 4024 Incarnatione,
3349 3962 3474 4013 non‘
3496 3973 3596 4012 au-

2006 4070 2118 4117 tem
2165 4060 2407 4117 Verbum
2446 4072 2671 4114 carnem
2707 4053 2949 4111 subiisse
2978 4059 3236 4110 coactum
3268 4058 3323 4106 et
3357 4049 3599 4106 necessi-

2004 4165 2117 4211 tate
2145 4153 2445 4211 adductum
2468 4168 2481 4205 :
2503 4149 2768 4205 inductus
2801 4164 2831 4202 a
2860 4146 3055 4212 verbo,
3095 4143 3262 4199 Facta
3296 4150 3391 4198 est.
3422 4141 3597 4209 Quem

2004 4246 2169 4302 etiam
2207 4243 2409 4300 videns
2455 4242 2621 4296 Pater
2666 4240 2746 4296 sic
2771 4252 2998 4295 carnem
3023 4244 3352 4308 gestantem,
3383 4234 3598 4290 laetatus

2004 4345 2110 4394 est.
2167 4336 2233 4391 Et
2265 4334 2392 4391 ideo
2432 4332 2641 4389 dicitur
2673 4349 2686 4385 :
2717 4330 2788 4386 Et
2828 4329 2960 4385 vidit
3005 4326 3143 4400 quod
3181 4336 3311 4381 esset
3346 4325 3505 4379 bona.
3540 4323 3598 4380 Si

2005 4428 2190 4486 omnia
2223 4443 2347 4499 quae
2382 4425 2516 4482 fecit
2562 4425 2713 4480 Deus
2755 4431 2885 4478 sunt
2917 4420 3077 4477 valde
3129 4419 3299 4483 bona,
3320 4416 3600 4488 quomodo

303 4513 574 4575 perentur
598 4523 629 4564 a
659 4517 891 4578 peccato
913 4510 1045 4568 Adae
1072 4530 1084 4567 :
1117 4523 1174 4569 et
1202 4530 1302 4592 sua
1332 4517 1677 4590 benignitate
1705 4530 1762 4577 et
1784 4523 1899 4579 cle-
1933 4499 1978 4556 υ
2005 4538 2118 4579 non
2144 4522 2281 4579 dicit
2314 4519 2601 4591 Scriptura
2630 4517 2754 4573 illas
2791 4514 3075 4578 tenebras,
3121 4528 3244 4582 quae
3277 4517 3439 4566 erant
3470 4516 3599 4563 ante

302 4597 512 4653 mentia
541 4600 816 4669 prmvenit
839 4603 972 4658 mali
994 4605 1143 4675 quod
1178 4617 1301 4662 erat
1324 4624 1589 4680 passurus
1621 4613 1900 4675 incursio-

301 4704 455 4757 nem,
479 4698 608 4747 ante
629 4691 983 4752 aﬁ‘ectionem
1011 4705 1069 4753 et
1110 4699 1310 4756 vitium
1362 4717 1563 4772 parans
1601 4708 1900 4765 medicum.

301 4780 607 4852 Propterea
626 4785 797 4841 etiam
820 4785 1030 4843 dicitur
1060 4791 1261 4847 vitulus
1288 4796 1569 4866 saginatus
1593 4800 1740 4868 apud
1761 4801 1906 4858 divi-

301 4888 439 4965 num
469 4874 675 4933 Lucam
721 4878 789 4933 ⁸⁸.
835 4879 1042 4936 Vitulus
1075 4891 1338 4955 tanquam
1380 4902 1513 4944 caro
1546 4907 1560 4944 :
1591 4893 1677 4947 vel
1707 4902 1767 4948 ut
1807 4896 1904 4965 qui

296 4963 498 5024 Crucis
539 4969 732 5041 jugum
776 4981 898 5029 erat
928 4981 1227 5043 tracturus,
1254 4981 1537 5050 saginatus
1580 4992 1789 5051 autem,
1829 4963 1902 5042 nt

302 5063 400 5132 qui
433 5062 548 5133 jam
588 5065 721 5120 olim
760 5075 818 5122 et
878 5068 948 5124 ab
996 5069 1117 5139 ipso
1149 5071 1309 5129 initio
1350 5085 1518 5141 esset,
1537 5077 1802 5135 delinitur
1843 5092 1901 5137 et

304 5155 732 5223 prtedestinatur
755 5168 819 5213 ut
839 5169 1085 5218 nostram
1109 5164 1319 5222 subiret
1343 5178 1621 5227 naturam.
1668 5172 1901 5240 Quando

306 5261 442 5316 ergo
481 5248 682 5304 coelum
722 5254 1014 5323 constituit
1040 5265 1099 5311 et
1128 5266 1333 5314 terram
1380 5270 1438 5315 et
1460 5278 1586 5332 qum
1618 5277 1899 5324 suntcum

305 5338 410 5403 eis,
454 5346 588 5395 tunc
627 5342 792 5397 etiam
826 5350 1074 5403 contexit
1107 5353 1430 5422 mysterium
1476 5356 1900 5417 incarnationis.

308 5432 389 5487 Ad
426 5432 651 5501 angelos
694 5438 864 5504 enim,
906 5438 1041 5496 Adae
1081 5444 1360 5501 acerbitas
1397 5463 1507 5503 non
1542 5450 1646 5506 fuit
1674 5454 1900 5510 omissa.

282 5522 471 5581 'Unde
505 5526 672 5583 etiam
715 5531 837 5601 ejus
875 5534 1180 5590 secundum
1219 5552 1441 5594 carnem
1485 5546 1900 5612 generationem

311 5618 369 5672 in
412 5618 714 5691 Evangelia
757 5623 1081 5682 describens
1128 5629 1458 5697 Matthzeus,
1504 5634 1641 5689 dicit
1685 5654 1697 5689 :
1751 5637 1906 5692 Liber

839 5740 883 5772 ³⁶
914 5741 1052 5797 Osce
1084 5762 1157 5813 ix,
1188 5748 1272 5802 40.
1373 5751 1417 5781 ³⁷
1454 5751 1611 5806 .loan.
1665 5770 1701 5813 ι,
1751 5757 1832 5811 ll.

862 5813 906 5844 δ’
947 5814 1050 5867 lsa.
1081 5832 1154 5881 ιχ,
1186 5820 1238 5873 ‘2.
1320 5822 1362 5849 ⁸³
1404 5820 1537 5877 an.
1569 5840 1605 5887 ι,
1637 5824 1724 5879 78.

389 5734 435 5773 ³⁸
465 5736 566 5789 lsa.
592 5754 629 5801 ι,
676 5740 760 5793 l3.

288 5804 355 5905 θ’
397 5803 554 5862 Joan.
586 5825 658 5879 x1,
693 5812 784 5867 ‘25.

1944 5758 1989 5791 ⁸⁸
2027 5758 2161 5812 Luc.
2198 5771 2286 5821 xv,
2320 5753 2410 5808 93.

1807 5828 1849 5861 ⁷⁵⁵
1885 5828 2022 5886 ibid;
2064 5828 2153 5885 79.

1999 4617 2350 4681 lucem,esse
2384 4612 2606 4668 bonas?
2648 4608 2759 4667 Sed
2802 4622 2989 4679 neque
3029 4621 3201 4676 aquas
3233 4604 3356 4659 illas
3402 4601 3597 4665 bonas,

2000 4723 2183 4781 neque
2229 4707 2493 4780 abyssum
2528 4718 2653 4776 quae
2709 4699 3143 4764 obscurabatur,
3197 4696 3400 4752 bonam
3441 4692 3600 4749 dicit.

2000 4804 2204 4860 Dicens
2218 4816 2353 4873 ergo
2378 4799 2622 4870 scriptor
2642 4816 2656 4853 :
2680 4797 2753 4853 Et
2776 4795 2904 4851 vidit
2938 4794 3076 4848 Deus
3104 4791 3273 4847 lucem
3302 4788 3442 4860 quod
3469 4790 3599 4843 esea

2000 4898 2162 4959 bona.
2188 4894 2435 4952 ostendit
2466 4890 2619 4964 quod
2654 4887 2841 4946 omnia
2888 4887 2983 4942 illa
3014 4901 3137 4957 quae
3168 4889 3445 4939 venerunt
3473 4890 3602 4935 ante

2004 5005 2193 5045 veram
2252 4988 2436 5043 lucem
2497 4999 2621 5056 qua:
2687 4980 3016 5037 illuminavit
3064 4995 3276 5033 omnem
3337 4977 3601 5031 hominem

2005 5080 2299 5135 venientem
2320 5079 2376 5132 in
2403 5078 2541 5131 hunc
2570 5073 2847 5138 mundum,
2890 5078 2949 5126 et
2974 5077 3178 5124 terram
3204 5066 3600 5128 obscurarum,

2008 5175 2339 5237 obruerunt,
2370 5169 2762 5225 demerscrunt
2817 5172 2874 5218 et
2922 5159 3426 5222 suﬂ‘oearunt,non
3476 5170 3599 5211 esse

2008 5263 2152 5319 bona
2190 5280 2204 5316 :
2237 5260 2376 5318 adeo
2406 5266 2469 5313 ut
2520 5257 2638 5328 ipsa
2691 5268 2891 5310 carens
2925 5250 3158 5313 lumine,
3213 5244 3518 5303 invisibilis
3543 5253 3602 5300 et

2012 5354 2375 5427 incomposita
2434 5362 2491 5407 et
2551 5346 2875 5419 infrugifera
2933 5345 3237 5400 sustineret
3282 5339 3601 5417 contrarios

2011 5451 2264 5522 spiritus,
2296 5447 2390 5518 qui
2435 5454 2563 5500 ante
2586 5444 2770 5499 lucem
2824 5438 3032 5497 Christi
3075 5437 3130 5492 in
3157 5444 3304 5492 terra
3338 5433 3601 5489 obtinue-

2012 5552 2147 5598 runt
2191 5538 2567 5596 dominatum;
2606 5536 2663 5589 ln
2704 5532 2792 5588 his
2837 5542 3046 5593 autem,
3080 5538 3309 5591 terram,
3355 5524 3601 5593 intelligo

2015 5635 2322 5693 hominem.
2345 5630 2501 5689 Unde
2536 5629 2703 5684 etiam
2729 5626 2873 5680 hanc
2897 5623 3098 5679 bonam
3126 5620 3306 5675 lucem
3341 5617 3600 5674 audimus

2514 5749 2556 5782 3’
2598 5745 2805 5813 Matth,
2836 5759 2890 5809 ι,
2931 5744 2948 5796 l
3082 5740 3124 5773 ⁸ο
3165 5737 3323 5794 Joan.
3368 5751 3465 5802 xtt,
3505 5730 3595 5792 46.
