4056 6416
488 341 620 405 ’8ίὸ

1626 344 1711 403 ΙΝ
1750 342 2306 404 ΗΕΧΑΕΜΕΒΟΝ.
2337 369 2413 380 -·-·
2455 346 2604 407 LIB.
2646 346 2697 407 Ι.

3703 316 3813 426 eos.

511 454 789 511 dicentem
820 471 833 508 :
864 452 1059 510 Omnes
1107 455 1198 528 qui
1236 461 1360 511 ante
1384 471 1467 510 me
1503 465 1782 523 venerunt,
1817 467 1939 512 sunt
1965 457 2109 529 fures
2140 462 2185 520 Α
2213 457 2397 513 lucem
2431 475 2460 513 a
2493 460 2607 515 Deo
2634 460 2894 532 genitam.
2930 445 3086 530 Quod
3112 465 3157 520 si
3181 473 3240 520 ut
3270 477 3355 524 est
3376 485 3810 534 consentaneum

512 554 561 603 et
583 544 821 600 latrones
841 545 909 600 ⁸⁵.
935 546 1080 614 Quid
1118 546 1282 613 dicis,
1317 547 1594 602 Domine?
1618 546 1806 602 Omnes
1847 551 1938 620 qui
1982 555 2109 603 ante

513 652 564 696 te
585 645 843 695 uenerunt
866 648 990 693 sunt
1036 638 1183 710 fures
1211 649 1264 694 et
1295 638 1570 694 latrones?
1605 639 1745 694 Num
1794 639 1948 696 fures
1977 650 2111 696 sunt
2144 692 2151 698 .

514 740 569 788 et
590 731 863 798 latrones,
894 733 1035 789 Abel
1070 749 1238 804 quem
1270 732 1462 789 dixisti
1497 734 1732 806 justum,
1779 734 1837 789 et
1866 732 2024 801 Seth,
2055 746 2114 791 et

514 823 728 892 Enoch,
780 831 840 880 et
863 825 1027 882 Noe?
1074 824 1346 897 Nunquid
1389 826 1534 882 latro
1576 834 1663 882 est
1704 826 2008 895 Abraham,
2057 836 2116 883 et

516 914 685 982 Isaac,
709 926 771 974 et
799 918 991 986 Jacob,
1023 930 1083 976 et
1113 919 1318 986 Moses,
1343 926 1399 975 et
1423 918 1654 975 Aaron?
1683 919 1944 992 Nunquid
1969 921 2114 976 latro

515 1017 598 1066 est
632 1010 832 1079 David,
863 1012 958 1083 qui
989 1020 1113 1067 erat
1140 1010 1451 1068 secundum
1481 1026 1580 1067 cor
1614 1012 1926 1084 tunm,.qui
1966 1014 2114 1070 Deus

513 1103 612 1160 es?
641 1104 905 1177 Nunquid
942 1104 1032 1160 fur
1053 1112 1139 1160 est
1164 1104 1339 1169 Elias,
1359 1104 1609 1175 quicum
1645 1112 1797 1160 tanta
1832 1105 2005 1177 gloria
2029 1112 2117 1161 est

515 1198 874 1268 assumptus?
895 1197 1159 1268 Nunquid
1183 1205 1311 1253 sunt
1329 1196 1577 1253 latrones
1599 1196 1794 1263 Isaias,
1817 1206 1875 1253 et
1898 1197 2114 1264 Daniel,

518 1295 573 1345 et
601 1303 796 1345 omnes
823 1290 1111 1360 prophetae
1141 1280 1253 1361 qui
1286 1290 1345 1345 in
1388 1289 1607 1345 visione
1652 1298 1802 1345 tuam
1844 1291 2116 1361 praevide-

521 1390 648 1436 runt
681 1382 1133 1452 prtesentiam,et
1161 1395 1283 1437 eam
1312 1391 1441 1438 ante
1477 1383 1927 1438 annnntiarunt?
1977 1383 2116 1438 Nam

517 1475 555 1531 ii
574 1490 769 1533 omnes
796 1482 923 1530 ante
957 1483 1011 1531 te
1043 1474 1100 1529 in
1128 1490 1297 1530 carne
1324 1482 1627 1542 venerunt,
1655 1490 1799 1545 quos
1822 1490 1966 1546 saape
1994 1490 2117 1531 esse

508 1568 691 1640 justos
727 1568 785 1623 in
810 1568 921 1623 tuis
946 1567 1306 1623 sermonibus
1330 1582 1392 1622 cs
1429 1574 1687 1624 testatus.
1735 1568 1998 1639 Nunquid
2028 1556 2120 1623 fur

514 1673 573 1719 et
596 1663 735 1718 latro
773 1671 860 1718 est
885 1662 1129 1719 Joannes
1152 1677 1490 1733 praecursor,
1547 1664 1645 1734 qui
1679 1679 1807 1720 cum
1850 1663 2116 1732 venisset,

516 1754 739 1811 dicebat
767 1771 781 1809 :
814 1754 967 1809 Venit
998 1756 1088 1827 qui
1134 1764 1213 1810 est
1248 1761 1372 1809 ante
1398 1772 1481 1809 me
1508 1755 1594 1809 M5?
1644 1756 1715 1811 Et
1762 1756 1809 1812 si
1859 1766 1945 1812 est
1980 1755 2071 1812 fur
2101 1796 2117 1822 ,

516 1843 798 1917 quomodo
834 1844 903 1900 de
933 1859 1000 1901 eo
1029 1844 1273 1912 testaris,
1307 1844 1502 1901 dicens
1536 1864 1548 1900 :
1578 1846 1699 1901 Non
1723 1849 1956 1902 surrexit
1982 1848 2121 1901 inter
2150 1822 2192 1878 Β

515 1946 674 1992 natos
700 1936 988 1992 mulierum
1015 1939 1197 2009 major
1221 1936 1430 1992 Joanne
1462 1936 1708 2009 Baptista
1729 1939 1812 1993 "?
1847 1938 2117 2006 Subsiste,

514 2030 720 2103 inquit,
747 2030 843 2102 qui
881 2030 999 2087 haec
1028 2031 1169 2087 dicis
1204 2049 1218 2085 :
1251 2048 1362 2087 non
1401 2031 1604 2103 loquor
1647 2032 1716 2087 de
1754 2032 1822 2088 iis
1861 2032 1960 2104 qui
1991 2040 2119 2088 ante

513 2140 607 2181 me
633 2124 747 2179 nati
772 2133 904 2179 sunt
951 2124 1008 2179 in
1046 2140 1235 2181 carne.
1286 2124 1396 2180 Sed
1437 2125 1703 2196 quoniam
1738 2126 1866 2181 veni
1909 2142 1940 2181 e
1977 2126 2119 2181 coelo

514 2219 721 2273 missus
756 2233 790 2273 a
828 2218 993 2273 Patre
1036 2234 1185 2280 meo.
1231 2234 1428 2274 omnes
1482 2218 1578 2290 qui
1629 2234 1700 2274 ex
1733 2219 1930 2274 eodem
1977 2219 2119 2275 coelo

514 2324 646 2366 cum
677 2308 872 2365 eodem
898 2324 1070 2380 scopo
1096 2317 1376 2365 venerunt
1407 2321 1535 2366 ante
1571 2325 1680 2375 me,
1715 2319 1846 2366 sunt
1879 2310 2031 2366 fures
2063 2320 2120 2366 et

512 2401 764 2457 latrones
797 2420 810 2455 :
840 2417 1042 2473 nempe
1068 2403 1401 2458 adversaria:
1423 2403 1753 2459 Potestates.
1785 2403 1855 2458 Et
1889 2404 2120 2475 subjun-

520 2493 599 2564 git
633 2492 847 2562 dicens,
884 2492 1006 2548 Non
1049 2494 1425 2551 audierunteos
1440 2510 1556 2550 oves
1573 2493 1643 2547 ⁸⁸.
1674 2493 1950 2562 Quasnam
1988 2511 2121 2551 oves

528 2584 685 2652 dicis,
712 2587 967 2652 Domine,
1029 2603 1142 2642 non
1188 2587 1434 2644 audiisse
1471 2603 1667 2644 vocem
1713 2597 1770 2643 et
1808 2588 2118 2644 doctrinam

525 2679 795 2735 malorum
839 2680 1183 2751 spirituum?
1247 2680 1386 2737 Nam
1446 2680 1493 2736 si
1549 2679 1620 2735 de
1671 2680 1881 2737 Judaeis
1935 2680 2116 2736 dicis:

522 2773 857 2830 obedierunt
903 2782 962 2829 et
1001 2770 1386 2830 sacrificarunt
1431 2772 1755 2839 damoniis;
1797 2774 1885 2829 sin
1933 2783 2121 2830 autem

518 2864 589 2921 de
613 2864 896 2936 gentibus,
921 2880 1025 2921 nos
1050 2878 1247 2921 omnes
1285 2865 1527 2937 subjecti
1569 2865 1781 2921 fuimus
1805 2875 1862 2921 et
1888 2867 2120 2922 servivi—

517 2971 645 3012 mus
680 2955 907 3012 diabolo
940 2964 1070 3012 ante
1101 2964 1257 3012 tuum
1302 2957 1629 3024 adventum,
1673 2957 1915 3030 principi
1945 2960 2119 3017 latro-

515 3064 675 3117 num,
705 3057 763 3105 et
787 3048 1002 3121 angelis
1047 3050 1168 3121 ejus
1201 3049 1365 3105 malis
1390 3049 1614 3106 furibus
1642 3059 1964 3106 nostrarum
1996 3053 2120 3107 ani-

518 3157 757 3198 marum.
801 3142 912 3198 Sed
942 3157 1055 3197 non
1083 3140 1232 3208 dico,
1275 3142 1480 3213 inquit,
1523 3142 1593 3198 de
1629 3142 1953 3200 hominibus
1978 3161 1992 3196 :
2020 3144 2119 3199 sed

517 3235 591 3290 de
623 3234 735 3291 illis
764 3236 1069 3308 nonaginta
1099 3249 1298 3291 novem
1338 3236 1540 3294 ovibus
1567 3255 1579 3296 ;
1609 3236 1678 3292 de
1711 3236 1999 3309 angelicis,
2031 3238 2119 3293 in-

515 3343 711 3399 quam,
739 3326 1120 3384 Potestatibus
1158 3327 1459 3398 supernis;
1510 3328 1620 3384 illae
1652 3329 1804 3385 enim
1837 3344 1973 3385 oves
2005 3346 2122 3386 non

517 3419 821 3475 audierunt
844 3434 1038 3475 vocem
1065 3417 1255 3474 furum
1287 3427 1344 3475 et
1383 3419 1687 3478 latronum.
1727 3419 1872 3488 Quid
1906 3432 1992 3478 est
2019 3437 2122 3477 att-

518 3518 634 3567 tem
668 3528 682 3564 :
713 3510 834 3565 Non
880 3511 1188 3578 audierant,
1247 3511 1358 3566 nisi
1406 3512 1555 3583 quod
1597 3527 1698 3583 per
1725 3513 1833 3569 hoc
1863 3514 2119 3582 verbum,

519 3603 658 3657 dicit
683 3619 797 3658 non
829 3603 1017 3674 lapsos
1047 3618 1171 3660 esse
1191 3603 1439 3675 angelos,
1460 3620 1566 3661 nec
1587 3605 1684 3660 ulli
1706 3606 1920 3676 probro
1946 3607 2123 3663 fuisse

519 3694 813 3751 obnoxios.
843 3695 957 3751 Aut
997 3711 1192 3752 rursus
1216 3712 1321 3753 nos
1361 3697 1573 3753 docens
1598 3738 1613 3765 ,
1650 3698 1819 3761 tacite
1851 3699 2124 3771 significat

520 3788 674 3860 quod
713 3789 771 3844 in
809 3797 1059 3860 tempore
1082 3804 1275 3846 eorum
1306 3790 1663 3859 defectionis,
1695 3807 1824 3847 eum
1846 3792 1927 3848 eis
1948 3807 1980 3847 a
2010 3793 2123 3849 Deo

518 3891 675 3939 esset
724 3882 1118 3952 excidendum,
1166 3882 1469 3938 consilium
1496 3883 1777 3941 dederunt
1807 3894 1866 3942 et
1897 3901 2125 3959 sugges-

518 3983 717 4030 serunt
742 3973 1006 4031 omnibus
1030 3973 1301 4047 angelicis
1328 3974 1642 4032 virtutibus
1673 3984 1734 4032 ut
1767 3992 1801 4033 a
1828 3979 1944 4034 Deo
1982 3977 2123 4034 deli-

518 4077 719 4125 cerent
749 4087 763 4123 :
793 4068 892 4125 sed
924 4085 1045 4124 oves
1102 4084 1201 4126 eos
1234 4083 1351 4124 non
1377 4067 1699 4139 audierunt,
1743 4069 1854 4126 nisi
1888 4071 2067 4128 solum
2091 4088 2125 4128 e

518 4168 676 4216 terra
717 4162 906 4234 genita
953 4161 1076 4219 ovis
1120 4161 1370 4218 hominis
1402 4177 1527 4233 quae
1571 4162 1743 4233 periit
1777 4169 1835 4219 et
1871 4164 1942 4221 ab
1990 4164 2125 4235 ipsis

516 4252 633 4308 fuit
654 4253 912 4327 decepta,
949 4269 1119 4326 quam
1150 4254 1505 4319 occiderunt,
1544 4264 1603 4312 et
1622 4264 1938 4327 posuerunt
1970 4271 2124 4312 mor-

520 4352 698 4412 tuam,
731 4346 789 4401 in
815 4346 940 4403 loco
970 4347 1291 4412 tenebroso,
1341 4346 1399 4401 in
1429 4346 1626 4403 inferis
1651 4356 1711 4404 et
1740 4348 1939 4404 umbra
1968 4364 2123 4405 mor-

516 4436 618 4492 tis.
660 4438 729 4493 Et
760 4437 867 4495 hac
905 4438 976 4494 de
1011 4454 1179 4496 causa
1221 4438 1360 4494 dicit
1412 4439 1649 4496 historia
1677 4458 1691 4494 :
1717 4440 1882 4496 Terra
1945 4449 2123 4498 autem

2211 562 2276 602 ea
2304 562 2426 619 quae
2465 548 2728 604 dicuntur
2768 551 3011 619 mireris,
3052 554 3144 611 dic
3173 565 3228 612 tu
3274 574 3526 629 quaenam
3562 566 3655 622 lux
3683 586 3813 626 cum
3880 594 3889 610 -

2211 648 2361 695 esset
2380 640 2526 695 Deus
2556 642 2740 697 statim
2768 643 3068 700 obscurum
3095 656 3151 701 et
3184 652 3543 709 tenebrosum
3570 660 3813 726 primum

2212 745 2377 786 suum
2402 730 2535 787 fecit
2560 747 2721 802 opus,
2752 734 3046 802 mundum,
3067 736 3333 809 inquam?
3357 742 3645 810 Quomodo
3662 753 3812 808 enim

2214 821 2517 879 artificiose
2574 840 2811 895 operans
2872 837 3137 898 operatur
3203 831 3259 887 in
3310 833 3479 892 luce?
3526 837 3638 895 Cur
3685 853 3815 899 ante

2212 915 2396 971 lucem
2457 918 2643 987 posuit
2696 920 2996 976 tenebras?
3054 922 3306 995 Deinde,
3347 943 3472 984 cum
3513 932 3666 1002 prius
3716 951 3815 1005 po-

2214 1009 2438 1078 suisset,
2471 1013 2748 1082 quomodo
2773 1029 2881 1069 non
2905 1014 3039 1071 dicit
3058 1018 3524 1088 quemadmodum
3548 1025 3651 1082 illa:
3676 1044 3810 1083 con-

2218 1103 2467 1160 stiterint
2500 1106 2776 1189 tenebrae?
2799 1116 2886 1163 est
2911 1109 3061 1163 enim
3098 1114 3455 1184 perspicuum
3491 1119 3635 1189 quod
3662 1130 3812 1177 tene-

2216 1197 2330 1253 brae
2364 1208 2495 1254 sunt
2519 1200 2734 1273 signum
2763 1218 2861 1258 seu
2894 1205 3203 1277 symbolum
3234 1211 3464 1279 peccati,
3509 1214 3813 1272 inercatnm

2217 1300 2402 1344 autem
2450 1300 2536 1347 est
2588 1302 2877 1363 peccatum
2907 1305 2964 1351 et
3012 1298 3240 1355 minime
3288 1304 3620 1362 consistens.
3663 1306 3815 1374 Quo-

2217 1381 2384 1436 modo
2451 1383 2599 1438 enim
2647 1401 2804 1456 aquae
2872 1388 3170 1467 caliginem
3216 1391 3428 1449 habent
3474 1411 3539 1450 ex
3585 1401 3814 1469 propria

2217 1476 2460 1532 essentia
2494 1495 2508 1532 :
2540 1479 2615 1534 ita
2656 1480 2822 1535 etiam
2867 1482 3036 1537 homo
3088 1486 3314 1556 proprio
3366 1496 3423 1543 et
3473 1506 3584 1544 non
3615 1502 3813 1547 coacto

2218 1570 2510 1638 proposito
2560 1584 2659 1625 seu
2715 1581 2912 1642 sponte
2945 1573 3076 1628 facit
3114 1583 3171 1630 et
3216 1588 3476 1647 procreat
3498 1593 3810 1651 peccatum.

2221 1659 2303 1715 Tu
2330 1670 2515 1716 autem
2543 1671 2839 1734 antequam
2870 1666 3062 1721 venias
3097 1668 3164 1722 ad
3203 1671 3603 1740 exquirendum
3641 1676 3813 1732 ratio~

2222 1768 2348 1808 nem
2398 1753 2509 1809 diei
2545 1771 2610 1810 ac
2646 1757 2848 1824 noctis,
2880 1758 3039 1827 prius
3061 1759 3354 1816 considera
3386 1765 3536 1834 quod
3573 1770 3817 1824 tenebrae

2222 1853 2387 1901 erant
2418 1846 2681 1902 inc-reatu:
2712 1865 2725 1901 :
2757 1848 2961 1904 deinde
3012 1851 3128 1916 lux,
3168 1860 3226 1906 et
3261 1864 3453 1923 postea
3496 1857 3658 1914 facta:
3685 1870 3818 1916 sunt

2224 1938 2469 1995 tenebrae
2502 1958 2515 1993 :
2547 1938 2715 2010 idque
2751 1940 2900 1996 diem
2957 1943 3209 2001 nominat
3248 1945 3484 2019 Moyses,
3525 1951 3622 2006 sed
3666 1952 3818 2009 diem

2220 2047 2331 2087 non
2364 2032 2446 2088 sic
2492 2032 2803 2088 metiuntur
2831 2050 3045 2092 omnes.
3078 2037 3217 2092 Nam
3250 2038 3531 2113 Babylone
3565 2044 3817 2114 quidem,

2221 2123 2290 2178 ab
2320 2132 2447 2178 ortu
2482 2122 2618 2181 solis
2656 2124 2724 2179 ad
2763 2140 3050 2190 occasum,
3088 2128 3238 2184 dicm
3264 2132 3571 2203 accipiunt,
3603 2138 3815 2192 nullam

2219 2216 2403 2272 noctis
2421 2215 2692 2273 facientes
2720 2220 3084 2287 mentionem,
3104 2230 3167 2276 ut
3203 2238 3330 2293 quae
3369 2226 3600 2283 minime
3627 2230 3818 2286 consi-

2220 2315 2347 2369 stat.
2376 2307 2471 2363 sed
2493 2308 2587 2364 ﬁat
2608 2324 2706 2378 per
2731 2310 3014 2366 accidens.
3038 2311 3281 2385 Egyptii
3305 2324 3513 2385 autem,
3537 2334 3569 2373 a
3585 2335 3817 2391 vespera

2220 2400 2612 2455 advenientem
2658 2409 2955 2456 numerant
3018 2401 3189 2471 diem,
3258 2420 3436 2476 usque
3498 2424 3694 2464 rursus
3747 2411 3819 2465 ad

2221 2507 2533 2563 vesperam,
2573 2501 2869 2564 propterea
2896 2494 3047 2564 quod
3072 2504 3201 2553 ante
3225 2497 3393 2569 hujus
3435 2500 3822 2558 universitatis

2221 2584 2641 2640 exornationem
2671 2593 2730 2640 et
2769 2584 3251 2652 distributionem,
3302 2590 3565 2646 tenebras
3610 2602 3822 2662 ponant

2223 2678 2416 2733 mundi
2444 2678 2844 2749 descriptores.
2898 2678 3226 2750 Cujusmodi
3259 2690 3447 2737 autem
3500 2694 3633 2738 sunt
3661 2694 3822 2741 tene-

2221 2765 2357 2834 brae,
2421 2769 2727 2824 sensilesne
2765 2784 2955 2824 annon
2996 2769 3317 2843 huiusmodi
3361 2772 3547 2828 :illud
3595 2790 3823 2845 quoque

2222 2868 2309 2915 cst
2337 2860 2534 2916 nostro
2563 2870 2732 2933 captu
2770 2863 3032 2933 superius
3081 2873 3144 2920 ut
3176 2863 3573 2938 intelligamus,
3598 2875 3656 2921 et
3687 2884 3823 2938 pro-

2221 2967 2415 3030 pterca
2443 2970 2665 3016 noctem
2709 2961 2963 3017 nominat
2995 2962 3110 3017 diei
3152 2972 3412 3019 matrem.
3464 2964 3622 3021 Unde
3652 2966 3825 3023 etiam

2222 3053 2318 3123 qui
2364 3052 2583 3108 fabulas
2635 3053 3001 3124 scripserunt,
3060 3054 3305 3126 primum
3375 3055 3586 3112 Latona
3633 3067 3823 3114 natam

2221 3145 2397 3201 fuisse
2429 3146 2627 3202 dicunt
2668 3147 2922 3214 Dianam,
2953 3148 3157 3204 deinde
3207 3149 3546 3220 Apollinem;
3578 3151 3819 3218 honest,

2222 3253 2255 3293 e
2288 3246 2471 3293 nocte.
2515 3239 2634 3310 Ipsa
2663 3246 2849 3294 autem
2872 3247 2960 3295 est
2986 3239 3200 3296 Latona
3233 3258 3248 3294 :
3283 3240 3338 3295 in
3365 3242 3485 3312 ipsa
3506 3243 3657 3298 enim
3691 3252 3821 3301 nata

2222 3336 2308 3384 est
2328 3328 2559 3394 oblivio,
2581 3337 2638 3383 et
2659 3344 2907 3385 somnus.
2925 3330 3166 3386 Primam
3194 3347 3329 3403 ergo
3362 3340 3622 3404 tanquam
3644 3335 3823 3405 ἄρτω-

2226 3439 2342 3493 μιν,
2366 3436 2466 3476 seu
2516 3421 2852 3494 ἀερότωμιν,
2892 3438 3095 3493 nempe
3125 3427 3255 3479 aera
3285 3434 3592 3493 secantem,
3634 3435 3820 3482 natam

2222 3530 2345 3570 esse
2374 3514 2600 3583 lunam;
2632 3523 2945 3586 postquam
2983 3525 3150 3573 natus
3172 3528 3260 3574 est
3287 3521 3457 3574 etiam
3483 3519 3684 3590 Apollo
3712 3539 3726 3574 :
3762 3521 3819 3575 id

2222 3613 2328 3673 est,
2352 3607 2381 3659 ὁ
2404 3607 2516 3661 ἀπὸ
2548 3606 2689 3661 ὅλων
2724 3606 2899 3678 ἥλιος,
2936 3608 3018 3662 sol
3045 3623 3115 3663 ex
3157 3608 3455 3675 universis,
3491 3625 3562 3665 ne
3592 3609 3821 3666 univer-

2222 3696 2445 3751 sitatem
2492 3702 2757 3752 exureret
2793 3703 2851 3751 et
2901 3697 2956 3750 in
3006 3695 3222 3752 fumum
3274 3697 3576 3769 redigeret.
3625 3699 3823 3756 Umbri

2223 3798 2435 3853 autem,
2471 3805 2606 3861 gens
2639 3789 2850 3857 Italica,
2881 3805 2911 3844 a
2934 3789 3171 3846 meridie
3198 3789 3257 3845 in
3305 3791 3597 3847 meridiem
3627 3792 3824 3848 dicunt

2221 3897 2346 3939 esse
2375 3883 2523 3940 diem
2552 3901 2567 3938 :
2602 3898 2787 3953 neque
2817 3882 2967 3939 enim
2996 3883 3259 3939 omnibus
3281 3883 3605 3956 regionibus
3629 3900 3821 3957 parem

2221 3990 2450 4031 cursum
2477 3983 2665 4031 servat
2706 3974 2849 4032 dies.
2887 3973 3052 4031 Certe
3086 3976 3234 4032 circa
3271 3977 3445 4031 maria
3488 3976 3736 4033 borealia
3766 3987 3827 4033 et

2223 4067 2483 4133 Thulem,
2516 4081 2626 4122 nox
2667 4074 2757 4122 est
2804 4065 3155 4122 brevissima.
3195 4067 3335 4122 Cum
3383 4067 3532 4123 enim
3583 4069 3666 4124 sol
3707 4069 3823 4140 jam

2222 4157 2394 4215 fuerit
2435 4157 2493 4213 in
2545 4172 2772 4222 occasu,
2834 4156 3111 4212 minuitur
3142 4172 3340 4228 parum
3390 4158 3730 4228 splendoris,
3765 4170 3826 4214 et

2222 4249 2409 4306 statim
2437 4264 2633 4304 rursus
2659 4258 2890 4319 apparet
2913 4249 2968 4303 in
2987 4248 3228 4303 oriente.
3252 4247 3621 4305 Athenienses
3635 4259 3825 4306 autem

2222 4347 2281 4396 et
2311 4339 2548 4394 Romani
2578 4339 2648 4395 ab
2685 4349 2812 4395 ortu
2860 4354 3040 4410 usque
3083 4339 3153 4395 ad
3188 4354 3448 4396 occasum
3489 4342 3638 4397 diem
3683 4343 3830 4398 deti-

2221 4428 2407 4491 niunt,
2448 4438 2509 4484 ut
2532 4429 2671 4486 dicit
2694 4428 2833 4485 Cato
2852 4438 2912 4484 et
2936 4429 3143 4486 Labeo.
3179 4431 3288 4487 Sed
3323 4448 3509 4504 neque
3549 4434 3659 4490 hoc
3688 4452 3828 4506 prte-

514 4538 641 4585 erat
691 4532 968 4587 invisibilis
1038 4539 1089 4607 et
1133 4533 1508 4602 incomposita,
1567 4541 1618 4587 et
1674 4533 1902 4589 tenebrae
1962 4550 2123 4606 super
2154 4544 2198 4600 υ
2227 4528 2510 4578 “murras
2572 4523 2629 4578 in
2682 4522 2960 4594 ιπίηείρίο
3022 4524 3217 4581 mundi
3257 4527 3583 4593 οτθθιίοηίε,
3625 4544 3830 4599 ηθηψε

515 4623 770 4695 abyssum
790 4640 809 4680 :
828 4625 984 4680 malae
1001 4635 1127 4681 ante
1152 4624 1569 4695 generationem
1598 4625 1759 4681 bona:
1785 4625 1929 4681 locis
1953 4641 2123 4697 super

514 4732 665 4783 eam,
711 4732 914 4788 nempe
957 4714 1274 4788 ignorantia
1326 4726 1385 4772 et
1428 4732 1609 4774 error.
1663 4717 1877 4775 Deinde
1917 4718 2121 4775 eodem

520 4809 712 4877 modo,
756 4810 949 4866 lsraeli
986 4809 1145 4880 prius
1184 4819 1474 4879 ponuntur
1519 4810 1628 4866 illa;
1670 4811 1843 4865 trium
1898 4812 2119 4881 dierum

520 4902 786 4967 tenebrae,
808 4901 1085 4958 etdeinde
1102 4917 1300 4957 rursus
1323 4902 1464 4958 dies.
1480 4904 1550 4959 Et
1570 4918 1764 4960 rursus
1782 4913 2119 4960 nocturnum

511 4990 746 5049 Pascha:
780 4992 1141 5058 sacrificium,
1180 5001 1241 5048 et
1265 4992 1385 5049 dies
1422 4994 1520 5064 qui
1546 4995 1807 5051 lsraelem
1838 4997 1964 5066 plus
1986 4997 2115 5051 illu-

512 5085 756 5142 minavit
785 5101 953 5157 quam
976 5085 1076 5157 qui
1119 5094 1253 5142 tunc
1299 5096 1680 5157 praecesserat.
1722 5088 1793 5143 Et
1826 5104 2023 5161 rursus
2057 5089 2116 5145 in

514 5178 712 5234 Rubro
743 5178 886 5233 mari
914 5177 1126 5248 primas
1163 5176 1303 5232 dicit
1335 5177 1601 5233 tenebras
1647 5185 1862 5248 quartae
1918 5177 2121 5248 vigiliae

512 5269 723 5336 noctis,
761 5267 966 5324 deinde
1010 5266 1368 5338 splendorem
1422 5267 1760 5323 matutinum
1793 5277 1852 5323 et
1883 5267 2119 5323 salutem

513 5363 709 5435 populi
728 5380 798 5420 ex
836 5360 1137 5434 profundo.
1197 5360 1408 5417 Eodem
1440 5360 1607 5416 modo
1633 5361 1804 5416 etiam
1839 5361 1897 5415 in
1930 5369 2117 5418 monte

514 5452 649 5509 Sina
702 5454 858 5524 ponit
900 5452 1193 5517 tenebras,
1231 5451 1523 5523 caliginem
1579 5458 1637 5507 et
1674 5451 2003 5522 procellam;
2060 5458 2119 5507 et

511 5558 733 5618 postea,
755 5546 851 5603 Dei
885 5552 1163 5617 praecepta
1196 5544 1379 5600 lucem
1404 5543 1692 5600 all‘erentia
1723 5563 1736 5598 :
1766 5544 1956 5600 sichic
1975 5560 2117 5614 quo-

517 5653 631 5709 que
660 5639 815 5710 prius
834 5638 1021 5710 posuit
1050 5635 1303 5699 tenebras
1333 5636 1509 5721 supra
1532 5637 1813 5709 abyssum,
1836 5646 1892 5693 et
1916 5637 2117 5694 deinde

597 5816 643 5850 ⁸⁵
679 5816 837 5875 Joan.
874 5834 926 5885 ι,
953 5821 1006 5875 8.
1084 5820 1130 5857 ιδ
1169 5817 1330 5881 Joan.
1364 5832 1402 5885 ι,
1434 5817 1525 5872 27.
1604 5817 1648 5849 ’⁷
1684 5817 1876 5875 Matth.
1923 5834 1998 5885 Il,
2031 5819 2118 5875 ll.

2224 4614 2694 4685 quemadmodum
2748 4631 2875 4671 cum
2922 4616 3072 4672 Deus
3123 4617 3350 4674 fecisset
3416 4619 3830 4676 firmamentum

2226 4706 2377 4773 caeli,
2417 4708 2502 4762 vel
2539 4708 2730 4777 potius
2766 4707 2967 4764 coelum
3013 4716 3073 4763 et
3112 4718 3341 4776 terram,
3393 4713 3833 4781 praztermittens

2226 4812 2426 4854 ornare
2459 4798 2661 4855 caelum
2689 4799 2836 4869 quod
2867 4808 2988 4854 erat
3038 4799 3220 4869 ipsum
3254 4816 3478 4872 quoque
3503 4803 3828 4858 inornatum

2224 4896 2282 4944 et
2322 4890 2774 4960 incompositum,
2806 4892 2994 4947 statim
3035 4900 3165 4946 ante
3189 4892 3325 4946 illud
3359 4908 3460 4963 per
3492 4894 3827 4965 scriptorem

2225 4981 2544 5054 aggreditur
2573 4981 2766 5039 dicere
2814 4982 2884 5039 de
2940 4994 3114 5048 terra,
3146 4984 3339 5040 dicens
3369 5001 3385 5037 :
3421 4984 3585 5040 Terra
3642 4995 3827 5042 autem

2224 5088 2340 5139 erat
2367 5079 2644 5135 invisibilis
2677 5088 2726 5134 et
2763 5080 3135 5151 incompmita.
3194 5079 3376 5143 Unde,
3410 5095 3540 5135 cum
3597 5081 3665 5135 ad
3715 5084 3827 5139 hoc

2220 5174 2448 5244 quidem
2486 5174 2720 5230 dixisset
2750 5173 3052 5245 interpres,
3084 5173 3234 5244 quod
3277 5173 3541 5230 lsraelem
3589 5176 3609 5239 ί
3631 5176 3727 5246 qui
3766 5176 3825 5232 in

2221 5265 2457 5339 Egypto
2518 5274 2812 5323 terrestres
2876 5278 3163 5323 creaturas
3226 5267 3518 5323 adorasset
3556 5279 3824 5339 tanquam

2223 5360 2391 5428 deos)
2415 5360 2609 5415 volens
2634 5359 2780 5415 Dens
2808 5359 3085 5414 abducere
3115 5376 3146 5415 a
3177 5360 3271 5414 tali
3303 5360 3640 5426 idololatria,
3659 5361 3825 5416 docet

2222 5468 2352 5510 eum
2404 5453 2535 5508 illas
2589 5467 2713 5507 esse
2762 5452 2817 5507 in
2868 5461 3019 5508 terra
3052 5461 3361 5507 creaturas.
3419 5453 3577 5508 Alius
3627 5461 3823 5508 contra
3907 5504 3916 5516 ,

2224 5544 2449 5617 objecit,
2475 5545 2668 5601 dicens
2709 5564 2723 5599 :
2758 5544 2867 5601 Sed
2884 5545 3259 5626 nihilominus
3284 5556 3342 5602 et
3366 5547 3672 5603 exercitum
3693 5546 3824 5602 εαξιί

2224 5647 2282 5693 et
2310 5636 2486 5694 soloin
2511 5647 2568 5695 et
2597 5646 2746 5694 astra
2788 5637 3046 5695 adoravit
3101 5639 3311 5707 Israel,
3345 5648 3406 5695 ut
3445 5639 3639 5695 dicunt
3688 5651 3823 5709 prus

2194 5819 2239 5851 ⁵⁸
2276 5819 2435 5875 Joan.
2470 5836 2521 5886 κ,
2563 5818 2619 5873 8.
