4056 6460
352 328 458 394 8οἹ

1573 319 1636 382 3.
1677 314 2080 381 ANASTASII
2119 310 2444 377 SINAITIE

3516 315 3616 382 868

349 438 530 510 pheta
554 436 620 489 δ’.
673 434 740 490 Et
763 431 1032 503 deinceps
1058 426 1532 486 ostenditcatlum
1559 427 1756 483 fecisse
1779 442 1942 483 exor-
1973 429 2016 486 Α
2046 423 2155 485 leo.
2215 431 2272 480 et
2324 422 2448 488 bos,
2495 421 2869 494 cognitionem
2920 421 2980 477 in
3028 417 3192 478 nobis
3237 421 3615 496 elllngcntem;

349 536 665 592 natum,ne
715 525 895 597 ipsum
952 523 1120 579 lsrael
1162 522 1442 578 adoraret.
1491 520 1748 577 Nondum
1791 520 1940 576 enim

352 617 632 674 ceciderat
693 616 788 686 qui
847 611 1149 684 aliquando
1187 612 1289 666 fuit
1333 609 1566 682 Lucifer,
1633 612 1723 683 qui
1771 604 1944 664 'mane

351 709 627 763 oriebatur
651 708 717 762 '°.
767 707 865 761 llla
894 713 1080 760 autem
1119 712 1266 758 terra
1299 704 1521 776 (homo,
1544 702 1790 773 inquam)
1821 718 1944 773 quae

352 799 569 856 audiit:
605 799 768 854 Terra
803 815 877 861 es,
915 807 962 851 et
993 799 1048 851 in
1075 806 1278 850 terram
1310 797 1605 858 reverteris,
1630 801 1863 849 attracta
1887 794 1945 849 in

353 890 692 964 profundum
750 888 958 944 cecidit
1016 895 1317 950 terrarum,
1369 888 1557 958 spinas
1601 897 1660 942 et
1710 887 1946 942 tribulos

353 983 672 1055 germinans
725 981 781 1035 in
840 981 1102 1050 pereatis.
1147 981 1222 1034 Ea
1277 980 1346 1034 de
1388 996 1587 1043 causa,
1639 979 1708 1034 de
1754 981 1856 1035 hac
1885 996 1946 1036 re

354 1076 597 1146 scriptor
621 1075 836 1130 inducit
866 1073 1193 1128 orationem.
1223 1074 1520 1142 Propterea
1569 1082 1697 1128 ante
1745 1073 1945 1128 cmlum

355 1178 504 1224 terra
537 1184 566 1224 a
607 1169 719 1222 Deo
747 1177 980 1222 ornatur
1005 1210 1018 1232 ,
1056 1166 1318 1238 quoniam
1350 1176 1478 1221 ante
1523 1168 1750 1238 angelos
1776 1176 1946 1234 terra,

355 1269 413 1316 et
447 1270 592 1315 terra
615 1258 788 1330 geniti
818 1258 1074 1313 homines
1091 1259 1262 1312 Deum
1291 1273 1390 1328 per
1411 1274 1634 1312 carnetn
1666 1259 1944 1315 vidimus:

355 1359 414 1406 ct
463 1358 590 1404 ante
630 1363 894 1418 superna,
935 1348 1151 1402 inferna
1195 1361 1504 1411 exornans,
1548 1362 1613 1401 ea
1645 1347 1949 1404 ltetilicavit

355 1451 413 1498 et
440 1440 796 1496 illuminavit.
853 1441 995 1495 Ante
1022 1439 1308 1494 Cherubin
1339 1448 1395 1494 et
1421 1439 1696 1510 Seraphin
1734 1456 1747 1492 :
1784 1438 1947 1510 magi,

357 1544 414 1591 et
449 1533 753 1606 publicani,
785 1541 842 1589 et
862 1534 1132 1598 latrones,
1167 1541 1226 1586 et
1256 1531 1601 1596 meretrices,
1621 1541 1677 1586 et
1700 1540 1954 1602 peccato-

356 1643 467 1693 res,
519 1626 660 1682 faeie
721 1625 789 1681 ad
832 1625 1029 1680 faciem
1083 1625 1258 1680 Deum
1327 1623 1610 1688 viderunt,
1660 1639 1841 1694 eoque
1891 1639 1952 1680 se

356 1719 711 1775 oblectarunt
757 1726 814 1772 et
861 1717 1018 1772 fruiti
1053 1724 1221 1772 sunt:
1249 1715 1452 1770 deinde
1496 1732 1624 1771 eum
1663 1715 1746 1770 sic
1775 1725 1954 1772 trans-

359 1811 636 1866 miserunt
699 1808 1004 1864 videndum
1075 1806 1335 1876 supernis
1401 1805 1734 1862 Virtutibus.
1795 1805 1950 1872 Quod
1987 1775 2025 1830 Β

359 1911 544 1959 autem
617 1917 784 1973 quem
847 1916 952 1956 nec
991 1899 1096 1969 ipsi
1159 1899 1304 1954 beati
1346 1899 1612 1953 viderunt
1677 1899 1856 1969 angeli
1897 1899 1954 1954 in

359 1997 602 2052 essentia
635 2003 692 2050 et
731 2003 947 2056 natura,
989 1993 1084 2048 sed
1132 2007 1298 2063 quem
1333 1993 1488 2048 solus
1523 1992 1630 2048 scit
1693 1994 1855 2047 Pater
1897 2000 1956 2048 et

360 2091 455 2160 qui
491 2089 642 2144 solus
683 2088 790 2143 scit
846 2088 1106 2142 Patrem:
1143 2103 1270 2141 eum
1321 2086 1500 2156 ipsum
1559 2094 1686 2140 ante
1730 2085 1956 2155 angelos

359 2182 625 2237 viderunt
673 2179 970 2234 carnaliter
1027 2179 1302 2245 homines,
1347 2186 1587 2232 testatur
1644 2177 1812 2232 David
1868 2177 1957 2231 di-

361 2289 495 2329 cens
522 2289 536 2327 :
563 2271 766 2328 Caelum
803 2271 918 2325 cwli
948 2271 1194 2335 Domino,
1220 2283 1424 2326 terram
1455 2281 1633 2324 autem
1657 2270 1800 2324 dedit
1825 2269 1957 2338 [iliis

360 2368 632 2422 hominum
666 2368 706 2398 "
737 2382 750 2418 :
777 2365 882 2419 hoc
910 2374 1104 2433 aperte
1130 2364 1449 2429 ostendens,
1475 2361 1623 2432 quod
1651 2360 1954 2417 secundum

362 2471 617 2517 naturam
663 2459 848 2514 omnia
885 2473 1154 2528 superans
1188 2459 1411 2520 emlunt,
1453 2467 1509 2512 et
1551 2457 1790 2512 Verbum
1841 2471 1957 2510 cm-

361 2553 498 2608 leste
565 2553 736 2608 Filius
773 2552 952 2607 Patris
990 2553 1232 2607 caelestis
1265 2565 1320 2606 et
1377 2567 1458 2605 ex-
1500 2552 1664 2616 malo,
1719 2549 1790 2604 ab
1849 2549 1960 2604 alio

363 2645 584 2717 agnosci
613 2660 722 2698 non
749 2643 1115 2714 potest.qnod
1151 2644 1348 2697 attinet
1385 2643 1452 2697 ad
1489 2643 1810 2706 essentiam,
1850 2640 1958 2695 nisi

365 2753 395 2791 a
449 2734 683 2788 Domino
725 2751 738 2786 :
782 2733 1028 2786 omnium
1084 2733 1384 2805 (inquam)
1437 2733 1668 2787 Domino
1720 2733 1851 2796 Deo,
1905 2741 1961 2788 et

365 2825 539 2896 gratia
609 2833 962 2878 terrenorum
1027 2835 1181 2894 patre
1227 2840 1240 2876 :
1285 2822 1504 2876 Terram
1577 2833 1754 2875 autem
1819 2821 1962 2874 dedit

365 2918 494 2986 [iliis
545 2919 860 2982 hominum,
894 2916 986 2985 qui
1037 2924 1169 2970 sunt
1216 2915 1450 2976 inferne,
1493 2915 1824 2969 naturaliter
1867 2930 1964 2984 pa-

369 3023 520 3061 tres:
557 2987 758 3060 terram
793 3014 970 3060 autem
1016 3005 1180 3066 dedit,
1215 3021 1311 3060 seu
1361 3014 1638 3060 terrenam
1677 3003 1963 3076 proposuit

371 3099 535 3154 Verbi
602 3097 767 3168 863
834 3097 1302 3167 generationem,

371 3189 652 3259 quodnam
717 3191 790 3243 sit
877 3191 998 3258 ejus
1076 3189 1400 3260 mysterium
1459 3204 1474 3241 :
1533 3187 1629 3242 sed
1711 3203 1815 3242 nec
1907 3186 1961 3241 id

372 3291 588 3338 totum:
622 3282 690 3336 de
742 3297 981 3352 superna
1029 3292 1215 3336 autem
1275 3277 1656 3352 generatione,
1705 3293 1812 3334 nec
1859 3277 1964 3349 ipsi

373 3383 581 3428 norunt
607 3373 810 3442 angeli.

443 3469 802 3537 Perspicuum
829 3475 912 3521 est
943 3473 1125 3520 autem
1159 3463 1308 3535 quod
1342 3463 1512 3520 facies
1534 3462 1752 3518 duabus
1776 3468 1969 3534 tegunt

277 3631 282 3636 ‘
369 3558 494 3617 alis,
528 3555 698 3624 pedes
727 3563 910 3628 autem
944 3552 1165 3607 duabus
1200 3553 1246 3583 "
1277 3569 1290 3604 :
1323 3551 1430 3605 hoc
1452 3559 1643 3620 aperte
1669 3550 1970 3604 ostenden-

374 3656 458 3700 tes
490 3659 578 3709 (ex
608 3659 675 3697 eo
709 3642 854 3712 quod
883 3642 1064 3712 typice
1107 3650 1164 3696 et
1194 3639 1492 3712 symbolice
1548 3638 1744 3694 faciem
1783 3645 1970 3710 tegant

371 3750 500 3790 eum
528 3732 754 3800 capite),
788 3739 844 3784 et
874 3731 979 3792 sic,
1013 3737 1273 3797 tanquam
1308 3728 1363 3782 in
1395 3727 1650 3798 symbolo
1680 3742 1835 3782 suam
1882 3726 1969 3780 in-

375 3819 738 3890 telligentiam
775 3818 1068 3872 dicentes:
1096 3815 1208 3870 Nos
1239 3816 1458 3870 etiamsi
1524 3824 1742 3869 montes
1773 3814 1967 3879 simus,

374 3921 692 3966 nontamen
723 3909 935 3980 aliquid
979 3917 1169 3978 aperte
1204 3908 1410 3963 scimus
1447 3908 1517 3962 de
1550 3907 1766 3962 duabus
1805 3921 1971 3978 gene-

375 4002 718 4068 rationibus,
782 4017 922 4072 quas
959 3998 1312 4054 ostendimus
1379 4014 1478 4068 per
1522 3997 1636 4052 alas
1687 4013 1812 4069 qua:
1863 3995 1974 4050 eir-

371 4102 740 4165 eumtegunt:
788 4108 968 4162 neque
1004 4091 1328 4146 hominibus
1365 4090 1434 4145 de
1463 4089 1533 4144 iis
1564 4089 1724 4144 ell'ari
1757 4105 1972 4159 possu-

376 4201 520 4240 mus.
563 4185 739 4239 Pedes
789 4191 976 4238 autem
1029 4181 1276 4246 fuerint,
1333 4181 1602 4234 transitus
1658 4180 1974 4250 intelligen-

376 4275 580 4328 tiarum
613 4290 736 4344 quae
765 4283 897 4328 sunt
929 4288 961 4327 a
1011 4271 1176 4327 nobis
1229 4287 1332 4341 per
1385 4270 1847 4340 impertitionem,
1904 4271 1975 4326 ad

365 4360 475 4421 ’νος
505 4369 600 4436 qui
626 4366 765 4421 estis
796 4365 1030 4420 extremi
1083 4373 1141 4419 et
1186 4372 1306 4434 post
1373 4379 1476 4419 nos
1530 4365 1806 4422 collocati.
1865 4365 1972 4421 Sed

2045 533 2227 588 neque
2254 517 2362 572 hoc
2390 517 2592 580 solum,
2627 515 2722 572 sed
2759 523 2818 571 et
2845 513 2988 586 quod
3011 524 3098 570 est
3119 516 3364 572 omnium
3385 517 3624 574 animan-

2050 609 2186 666 tium
2223 609 2765 682 praastantissimum,
2807 608 3015 663 scimus
3049 609 3353 676 hominem,
3385 619 3441 664 et
3485 609 3623 666 idem

2045 705 2167 776 ejus
2214 719 2436 774 quoque
2476 702 2664 756 vultus
2703 701 2930 772 figuram
2974 701 3028 755 in
3049 700 3211 756 nobis
3239 701 3372 772 ipsis
3395 703 3624 758 circum-

2047 793 2318 862 ferimus;
2351 793 2714 850 Deumautem
2741 810 2904 850 nosse
2943 802 2998 848 et
3027 794 3234 864 eloqui,
3290 811 3468 866 neque
3523 798 3624 852 ulla

2049 889 2234 960 genita
2261 898 2486 951 natura,
2517 903 2621 942 nec
2649 888 2765 957 ipsa
2804 895 2989 941 nostra
3026 887 3259 952 sullicit;
3291 889 3629 957 quandoqui-

2049 983 2176 1039 dem
2200 991 2257 1038 et
2285 999 2407 1053 qua:
2431 982 2646 1037 inferne
2671 999 2770 1052 per
2799 996 3022 1036 carnem
3055 982 3196 1036 facta
3220 990 3302 1036 est
3333 984 3631 1053 generatio-

2050 1093 2176 1132 nem
2204 1093 2234 1132 a
2267 1075 2432 1132 nobis
2460 1075 2682 1146 quidem
2715 1074 3010 1130 abscondit
3039 1074 3186 1129 Deus
3211 1083 3267 1128 et
3300 1073 3462 1128 Pater
3493 1090 3506 1127 :
3533 1074 3630 1130 hoc

2051 1171 2200 1224 enim
2233 1168 2382 1239 quod
2423 1185 2452 1223 a
2481 1167 2683 1222 saeculo
2715 1168 2770 1221 in
2796 1167 3059 1221 erunibus
3093 1165 3425 1220 absconsum
3464 1166 3631 1222 fuerat

2051 1263 2404 1335 mysterium,
2444 1260 2605 1316 vobis
2649 1259 2778 1315 (iliis
2819 1257 3108 1314 hominum
3136 1259 3290 1314 dedit
3329 1259 3521 1329 primis
3548 1259 3629 1312 di-

2054 1356 2322 1411 scendum
2360 1363 2456 1418 :et
2492 1371 2590 1425 per
2615 1363 2853 1412 vestram
2885 1353 3186 1410 Ecclesiam
3228 1353 3335 1408 hoc
3363 1369 3462 1408 nos
3485 1363 3624 1424 post-

2052 1463 2118 1503 ea
2171 1448 2497 1520 agnovimus
2523 1449 2590 1502 ⁸³.
2627 1447 2784 1514 Quod
2817 1451 2862 1502 si
2898 1456 3126 1518 propter
3185 1461 3248 1502 ea
3285 1463 3409 1517 qua:
3448 1445 3637 1500 dicun-

2055 1546 2146 1592 tur
2175 1536 2513 1600 extimescis,
2544 1550 2578 1590 o
2605 1536 2848 1598 auditor,
2877 1535 2946 1590 ab
2978 1534 3086 1590 hoc
3141 1544 3292 1590 metu
3345 1544 3397 1590 te
3447 1535 3637 1589 liberat

2054 1626 2261 1682 Paulus
2306 1625 2546 1680 dicens:
2599 1623 2760 1678 Nunc
2811 1623 2985 1682 enim,
3033 1619 3234 1692 inquit,
3284 1623 3534 1678 ascendit
3580 1631 3637 1679 ut

2057 1725 2321 1789 appareat
2371 1715 2721 1786 principibus
2771 1724 2828 1770 et
2879 1715 3252 1784 potestatibus
3303 1732 3403 1786 per
3460 1713 3637 1771 Eccle-

2056 1811 2191 1865 siam
2236 1809 2304 1862 ".
2346 1805 2503 1864 Unde
2534 1805 2701 1863 etiam
2743 1808 3054 1863 ascendens
3087 1818 3313 1878 stupore
3343 1806 3526 1862 alleeit
3553 1821 3640 1862 su-

2058 1917 2258 1972 pernas
2281 1908 2584 1972 potestates
2613 1901 2668 1954 in
2714 1900 2872 1955 caelis
2909 1917 3032 1971 quae
3062 1899 3412 1973 dubitabant,
3454 1912 3639 1970 rogan-

2058 2003 2142 2050 tes
2175 2010 2270 2049 eas
2302 2010 2422 2064 qua:
2473 1993 2637 2048 simul
2683 2008 2810 2048 eum
2867 1993 3100 2047 Domino
3151 1989 3546 2060 ascendebant,
3586 2004 3638 2048 et

2058 2087 2323 2142 dicebant
2352 2103 2366 2141 :
2399 2084 2531 2151 Quis
2556 2092 2632 2140 est
2659 2087 2755 2139 iste
2781 2099 2874 2139 rea:
2911 2085 3101 2155 gloria:
3136 2080 3225 2139 ⁸⁸2
3259 2084 3440 2156 Papze,
3481 2101 3638 2156 quam

2057 2176 2407 2232 admirabilia
2473 2185 2601 2230 sunt
2637 2175 2902 2231 miracula
2933 2184 2988 2231 et
3021 2177 3166 2232 dona
3203 2195 3327 2248 qua:
3369 2179 3513 2232 Deus
3550 2179 3642 2232 do-

2059 2269 2215 2324 navit
2247 2269 2502 2323 humanae
2535 2275 2750 2324 naturae
2801 2268 2856 2324 in
2913 2285 2978 2324 ea
3035 2269 3338 2325 habitansl
3399 2271 3641 2327 homines

2059 2361 2270 2432 angelis
2298 2361 2470 2415 Deum
2494 2360 2862 2416 ostenderunt
2913 2377 3078 2431 quem
3133 2363 3291 2432 prius
3337 2380 3447 2418 non
3495 2363 3640 2419 vide-

2060 2451 2236 2506 bant!
2277 2452 3203 2523 miraculaincomprehensibilial
3261 2455 3434 2510 Deum
3487 2471 3640 2511 suum

2062 2545 2286 2616 hymnis
2312 2545 2692 2611 celebrabant,
2734 2554 2790 2600 et
2831 2562 2940 2601 non
2991 2547 3280 2614 videbant,
3340 2565 3460 2620 quae
3504 2551 3644 2607 cele-

2062 2638 2342 2694 brabant!
2389 2638 2663 2694 Ferebant
2698 2654 2823 2694 eum
2859 2641 2952 2710 qui
3007 2642 3344 2709 vehebatur,
3393 2642 3594 2699 Throni
3626 2663 3641 2713 ;

2063 2741 2114 2787 et
2148 2747 2257 2786 non
2285 2731 2550 2786 videbant
2579 2748 2743 2803 quem
2775 2732 3046 2788 ferebant.
3084 2734 3406 2790 Adorabant
3445 2746 3501 2790 et
3539 2737 3645 2808 glo-

2063 2819 2598 2875 rilieabantassiduc
2641 2829 2698 2875 et
2753 2821 2892 2876 citra
2931 2821 3235 2886 silentium,
3299 2839 3407 2878 sex
3453 2825 3563 2879 alas
3601 2832 3652 2880 et

2064 2913 2269 2968 multos
2293 2913 2484 2967 oculos
2509 2911 2818 2979 habentia;
2869 2921 2923 2968 et
2976 2930 3087 2968 non
3140 2915 3654 2972 animadvertebant

2065 3019 2230 3074 quem
2275 3004 2548 3059 ornabant
2606 3003 2888 3060 laudibus.
2943 3006 3124 3063 Flexis
3180 3007 3378 3079 itaque
3433 3011 3656 3082 genibus

1365 3095 1434 3150 ad
1510 3095 2032 3172 cognoscenduan
2067 3094 2386 3164 cupiebant,
2449 3092 2750 3160 sitiebant,
2801 3095 3071 3162 orabant,
3127 3100 3418 3170 supplic-es
3473 3111 3656 3172 postu-

2067 3185 2258 3241 labant
2289 3185 2482 3242 videre
2506 3202 2632 3242 eum
2666 3189 2760 3259 qui
2799 3205 2911 3244 non
2953 3191 3194 3254 videtur,
3245 3193 3506 3262 aspicere
3537 3207 3658 3250 eum

2067 3279 2161 3349 qui
2197 3293 2308 3333 non
2341 3280 2488 3335 cadit
2516 3281 2621 3336 sub
2655 3293 2961 3353 aspectum,
2994 3292 3089 3340 aut
3121 3283 3286 3340 etiam
3330 3286 3517 3343 solum
3549 3297 3662 3343 tan-

2067 3383 2233 3438 quam
2253 3367 2308 3422 in
2329 3369 2556 3440 Speculo
2572 3380 2628 3426 et
2643 3373 2930 3443 aenigmate
2953 3373 3006 3428 in
3024 3389 3150 3429 eum
3181 3376 3386 3432 oculos
3411 3377 3658 3449 deﬁgere,

2068 3469 2256 3516 etnon
2293 3471 2570 3532 poterant,
2596 3473 2893 3535 propterea
2910 3466 3056 3536 quod
3093 3467 3159 3522 ad
3206 3467 3462 3524 divinam
3483 3485 3661 3525 essen-

2070 3549 2201 3606 tiam
2235 3553 2664 3622 apprOpinq'uari
2717 3569 2828 3609 non
2881 3563 3083 3625 potest,
3140 3572 3320 3628 neque
3383 3575 3448 3615 ea
3493 3565 3663 3631 potest

2071 3643 2494 3713 comprehendi.
2527 3644 2683 3712 Quod
2711 3646 2756 3701 si
2798 3647 2848 3700 ei
2891 3647 3040 3718 quod
3074 3648 3282 3704 dicitur
3317 3666 3435 3706 non
3469 3652 3659 3718 credis,

2071 3747 2106 3789 ο
2143 3734 2333 3798 homo,
2366 3735 2495 3790 audi
2534 3735 2760 3791 Petrum
2811 3731 3126 3793 dicentem:
3158 3739 3302 3794 Data
3351 3751 3478 3796 sunt
3527 3745 3657 3796 dona

2073 3827 2371 3882 hominibus
2409 3828 2479 3893 “,
2505 3829 2563 3882 in
2601 3845 2722 3900 qua:
2745 3830 3050 3886 desiderant
3076 3832 3252 3904 angeli
3273 3836 3654 3906 prospicere”,

2072 3925 2130 3974 et
2172 3934 2284 3974 non
2317 3929 2641 3990 potuerunt,
2710 3922 3162 3994 quandoquidem
3223 3924 3468 3982 humana
3522 3935 3656 3982 terra

2077 4019 2210 4067 tunc
2255 4019 2377 4067 erat
2414 4013 2728 4078 invisibilis,
2773 4014 2914 4070 infra
2955 4015 3010 4070 in
3073 4017 3356 4087 profundo
3413 4020 3658 4076 tenebra-

2075 4119 2202 4158 rum
2247 4103 2504 4174 peccati,
2548 4114 2610 4159 ut
2647 4121 2772 4176 qua:
2821 4115 2968 4162 esset
3027 4107 3416 4180 incomposita.
3471 4109 3662 4178 Quam-

2075 4195 2270 4250 obrem
2298 4204 2356 4251 et
2383 4196 2628 4267 ignotum
2650 4206 2770 4252 erat
2797 4199 3022 4264 cmlum,
3057 4209 3114 4256 et
3146 4217 3254 4256 non
3279 4214 3535 4258 ornatum
3576 4201 3662 4257 flr-

2077 4299 2417 4345 mamentum
2450 4291 2504 4345 in
2531 4291 2713 4361 primo
2741 4292 2852 4348 die.
2885 4292 2955 4348 Et
2983 4294 3229 4350 secundo
3260 4295 3353 4350 die
3403 4313 3527 4352 cum
3578 4311 3664 4351 su-

2081 4378 2353 4448 spexisset
2376 4386 2434 4433 et
2461 4380 2633 4434 veluti
2669 4396 2738 4434 ex
2771 4381 3008 4438 mortuis
3033 4383 3383 4454 respirasset,
3415 4397 3468 4440 et
3492 4386 3662 4440 lucem

377 4456 633 4513 v'nla'mus
667 4459 886 4512 duabus
915 4458 1019 4513 alis
1047 4457 1182 4512 solis
1209 4473 1310 4527 per
1337 4457 1582 4512 volatum
1605 4457 1972 4512 extendentes
2007 4475 2048 4529 ι)
2079 4466 2405 4535 aspexisset,
2440 4475 2498 4522 et
2520 4465 2763 4538 Spiritus
2811 4469 2953 4524 facta
2999 4480 3148 4526 esset
3199 4472 3501 4544 particeps,
3546 4483 3601 4528 et
3637 4486 3665 4524 a

375 4550 699 4606 aviditatem
739 4559 794 4604 et
829 4549 1351 4619 propensionem,ct
1386 4557 1710 4618 perpetuam
1752 4557 1982 4603 conten-

378 4639 613 4702 tionem,
645 4647 701 4692 et
732 4637 1148 4706 inquisitionem
1193 4637 1262 4690 ad
1297 4635 1624 4692 discendum
1653 4637 1861 4706 aliquid
1909 4636 1978 4692 de

379 4732 467 4786 his
499 4732 717 4786 duabus
739 4729 1198 4802 generationibus
1247 4728 1492 4796 Quarum
1519 4729 1978 4799 inquisitionihus

379 4837 638 4893 tanquam
663 4826 828 4878 alatis
861 4839 1081 4894 semper
1105 4823 1354 4894 terimur,
1392 4832 1450 4877 et
1485 4825 1702 4879 volatus
1725 4825 1973 4894 requiem

383 4920 670 4988 hucusque
701 4933 811 4972 non
869 4918 1238 4972 inveniemus.
1269 4917 1487 4973 Solutio
1509 4917 1657 4972 enim
1682 4920 1804 4988 ejus
1827 4919 1976 4990 quod

381 5014 672 5081 qtttl‘t‘itur,
703 5023 792 5066 est
827 5011 1001 5066 veluti
1029 5011 1280 5082 quaedam
1310 5012 1542 5082 pulchra
1570 5014 1732 5082 quies
1763 5013 1978 5070 volatus

386 5105 588 5160 utentis
613 5106 848 5160 multum
871 5105 1116 5160 errantis
1168 5105 1315 5160 circa
1371 5104 1426 5158 id
1487 5105 1637 5175 quod
1685 5107 1978 5176 qureritur.

385 5197 663 5252 Habemus
693 5197 844 5252 enim
875 5197 1246 5268 cognitionem
1279 5196 1518 5254 duarum
1547 5197 1714 5253 Verbi
1746 5214 1980 5268 genera-

385 5289 598 5344 tionum
628 5305 642 5342 :
674 5305 866 5344 earum
905 5297 1088 5344 autem
1129 5304 1480 5360 nequaquam
1520 5289 1793 5345 habemus
1825 5291 1981 5362 agni-

387 5387 618 5443 tionem,
675 5391 730 5436 et
781 5389 1077 5451 propterea
1137 5396 1358 5452 semper
1397 5381 1672 5437 volamus.
1735 5381 1979 5438 Tametsi

385 5474 636 5529 omnium
661 5474 1027 5529 animantium
1070 5475 1332 5530 novimus
1384 5476 1732 5532 essentiam:
1777 5491 1979 5547 nempe

383 5565 666 5622 acrior-um
693 5575 751 5623 et
775 5566 943 5622 etiam
973 5567 1350 5633 terrestrium,
1379 5567 1526 5639 quod
1561 5569 1639 5624 sit
1674 5569 1880 5641 aquila,
1923 5575 1980 5624 et

456 5698 506 5731 δ’
541 5699 744 5754 .lercm.
777 5715 889 5764 xix,
921 5698 1030 5765 l5;
1075 5697 1322 5769 Soplmn.
1385 5713 1424 5762 ι,
1453 5698 1505 5753 5.

383 5857 424 5907 ι.
467 5840 551 5899 £3.

1623 5702 1668 5734 ⁸ο
1711 5702 1792 5737 Iun
1880 5719 1968 5737 vn,

456 5701 506 5731 δ’
541 5701 744 5754 Jercm.
777 5715 889 5764 xix,
921 5701 1030 5765 l5;
1075 5701 1322 5769 Suphon.
1385 5701 1505 5762 1,5.
1623 5702 1668 5734 ⁸ο
1711 5701 1816 5756 lsa.
1880 5719 1963 5757 xiv

385 5765 434 5805 “
459 5771 517 5844 9}:
540 5770 735 5826 Thom.
755 5779 898 5843 part.
929 5787 966 5835 ι,
994 5778 1192 5840 (μείξει.
1218 5771 1308 5836 57,
1343 5779 1450 5825 art.
1479 5769 1532 5826 5.
1612 5770 1656 5804 “
1687 5771 1889 5844 Ephes.
1957 5794 1963 5833 ὲ

2066 5703 2144 5762 l2.
2257 5704 2302 5736 “
2347 5701 2488 5759 Psal.
2546 5717 2697 5762 exul.
2725 5701 2810 5758 16.
2922 5702 2968 5736 ³³
3025 5701 3228 5758 Ezeeh.

2066 5774 2105 5843 3,
2128 5775 2183 5831 9.
2261 5776 2304 5806 ³³
2337 5775 2479 5830 l’sal.
2516 5786 2666 5841 xum,
2713 5775 2795 5828 l0.
2874 5771 3233 5844 "Ephesnv,
3271 5774 3324 5829 8.

2085 4554 2432 4626 malis‘aquis
2459 4555 2692 4612 liberata
2719 4565 2866 4612 esset
2909 4565 2966 4613 et
3009 4559 3275 4623 tenebris,
3333 4570 3391 4616 et
3431 4563 3666 4617 fructum

2082 4643 2600 4715 germinassetquat
2625 4645 2779 4716 prius
2817 4654 2934 4700 erat
2987 4645 3357 4718 infrugifera;
3418 4659 3550 4704 tune
3604 4647 3668 4702 de

2082 4738 2282 4788 caetero
2303 4742 2564 4803 posteam
2580 4742 2638 4788 et
2665 4741 2989 4788 exornatum
3013 4733 3120 4789 fuit
3149 4735 3376 4800 caelum,
3398 4737 3668 4792 exhilara-

2089 4835 2317 4896 tumque
2347 4827 2484 4890 sole,
2505 4826 2636 4882 luna
2662 4836 2719 4882 et
2741 4826 2952 4894 stellis;
2981 4835 3239 4882 ornatum
3262 4829 3534 4900 (inquam)
3571 4827 3670 4882 fuit

2085 4919 2330 4978 Christo.
2355 4919 2603 4976 Ecclesia
2633 4928 2691 4976 et
2718 4921 2948 4982 sanctis,
2977 4929 3168 4992 utpote
3194 4923 3340 4992 quod
3377 4923 3530 4978 illum
3555 4919 3668 4991 qui.

2087 5011 2214 5067 dem
2239 5026 2462 5082 semper
2492 5011 2795 5082 fulgentem
2849 5020 3192 5082 exceperunt
3243 5023 3462 5070 mentes
3510 5013 3673 5069 βαδιο-

2089 5111 2206 5161 stcs
2235 5121 2363 5161 eum
2397 5119 2564 5160 carne
2598 5105 3029 5172 ascendentem;
3067 5107 3326 5164 ltetantor
3353 5119 3539 5163 autem
3595 5105 3672 5162 si-

2087 5197 2202 5252 mul
2253 5213 2380 5252 cum
2436 5198 2706 5264 Ecclesia,
2763 5207 2820 5254 et
2867 5215 2993 5255 cum
3044 5201 3252 5256 sanctis
3301 5199 3672 5270 resplendent.

2085 5286 2453 5354 Quamobrem
2483 5304 2546 5343 su
2554 5305 2740 5359 pernae
2757 5289 3062 5346 Potestates
3077 5292 3237 5346 valde
3252 5301 3310 5347 et
3323 5285 3677 5345 vehementer

2088 5378 2418 5446 defendunt,
2464 5378 2708 5451 diligunt
2738 5389 2794 5436 et
2823 5389 3122 5452 protegunt
3152 5381 3454 5436 humanum
3485 5392 3672 5452 genus.
3749 5399 3754 5407 -

2087 5481 2145 5529 et
2184 5488 2285 5544 pro
2316 5489 2384 5528 eo
2416 5481 2583 5528 orant
2611 5482 2668 5529 et
2721 5475 3098 5538 intercedunt,
3134 5475 3396 5546 quoniam
3438 5489 3539 5544 per
3578 5483 3676 5528 nos

2087 5565 2299 5637 dignati
2339 5574 2476 5621 sunt
2497 5565 2688 5621 videre
2745 5565 2892 5638 quod
2931 5581 3032 5639 per
3065 5583 3127 5623 se
3181 5582 3295 5623 non
3357 5571 3674 5640 potuerunt.

2257 5704 2302 5736 "
2347 5700 2488 5759 Psal.
2546 5717 2697 5762 exul.
2725 5700 2810 5758 16.
2922 5702 2968 5736 ³³
3025 5701 3228 5758 Ezeeh.
3325 5696 3484 5765 1,ἓῦ
3523 5714 3687 5769 seqq.

3426 5771 3512 5828 ενι
