4056 6436
442 360 551 426 839

1559 358 1643 421 IN
1677 314 2237 420 HEKAEMERON.
2277 381 2348 394 -
2385 357 2536 419 LIB.
2577 357 2628 421 ι.

3619 359 3728 428 870

442 472 514 531 Et
532 471 650 528 haec
675 469 901 542 quidem
941 469 1011 526 ad
1037 469 1444 526 ostendendum
1473 483 1704 542 propter
1733 486 2030 542 quemnam
2061 477 2106 532 Α
2137 479 2200 525 ιιι
2223 469 2553 526 sanctiﬁeet.
2585 471 2884 541 Propterea
2915 471 3064 528 enim
3109 471 3346 530 fortasse
3394 475 3489 531 hic
3533 493 3727 534 rursus

441 577 665 620 causam
693 570 842 616 terra
865 561 971 616 fuit
994 569 1189 616 ornata
1214 567 1342 616 an'te
1359 561 1561 617 caelum
1585 561 1641 616 in
1662 561 1854 617 mundi
1875 577 2032 617 crea-

439 654 610 709 tione.
645 653 919 720 Quoniam
949 665 1134 710 autem
1169 668 1279 708 non
1320 653 1498 708 soium
1542 653 1888 708 adversarias
1924 653 2032 709 Po-

443 755 691 813 tcstates,
729 746 826 801 sed
854 746 1002 816 ipsas
1033 745 1197 801 etiam
1231 761 1501 816 aquarum
1551 747 2030 818 congregationes,

439 854 584 910 saepe
623 847 787 895 vocat
815 839 1106 912 Scriptura
1131 855 1302 910 aquas
1321 847 1378 895 et
1407 839 1636 912 abyssos
1683 855 1851 910 super
1896 854 2034 910 quas

439 932 563 988 sitae
588 940 718 988 sunt
747 933 904 988 malae
949 933 1218 996 tenebrae,
1250 939 1479 988 neéesse
1518 940 1603 988 est
1634 943 1694 987 ut
1723 933 1792 988 de
1825 933 1912 988 his
1938 931 2036 986 ad-

440 1023 714 1078 ducamus
759 1024 1085 1094 prophetica
1131 1025 1468 1079 testimonia.
1515 1024 1658 1079 Dicit
1701 1023 1884 1094 itaque
1925 1025 2033 1078 Da-

437 1116 537 1171 vid
571 1134 588 1170 :
617 1116 847 1188 Abyssus
887 1117 1134 1188 abyssum
1169 1117 1380 1171 invocat
1405 1117 1472 1182 ⁵⁸,
1511 1125 1568 1171 et
1595 1115 1663 1170 ad
1697 1116 1792 1170 Dei
1828 1115 2036 1186 cogita-

443 1209 655 1264 tionem
681 1225 832 1264 nunc
865 1210 1194 1264 adhortatur
1217 1209 1468 1265 Judaeum
1515 1209 1768 1280 abyssus,
1822 1207 1873 1263 id
1926 1215 2031 1273 est,

445 1300 748 1356 multitudo
774 1301 1024 1372 gentium
1057 1317 1178 1372 qua:
1199 1302 1356 1374 prius
1371 1311 1534 1356 erant
1552 1303 1742 1357 olfusa:
1765 1301 2031 1356 tenebris.

442 1393 708 1450 Nonnulli
752 1395 903 1449 enim
956 1394 1096 1449 duas
1131 1382 1404 1465 aquarum
1433 1393 1834 1464 appellationes
1873 1393 2037 1448 intel-

444 1485 704 1542 lexerunt
759 1487 828 1542 de
880 1485 1102 1542 duobus
1152 1479 1416 1558 populis:
1475 1488 1735 1560 abyssum
1809 1486 2035 1558 quidem

447 1582 717 1652 populum
778 1581 1050 1652 gentium,
1097 1595 1266 1651 super
1329 1597 1496 1650 quem
1563 1590 1693 1636 sunt
1743 1581 2033 1648 tenebrae;

447 1689 648 1745 aquam
687 1683 894 1736 autem,
929 1673 1268 1739 Judaeorum,
1306 1689 1478 1745 super
1530 1689 1696 1744 quem
1753 1673 2036 1729 ferebatur

447 1763 695 1836 Spiritus
727 1764 928 1820 divina:
953 1764 1274 1836 Scripturte,
1300 1766 1396 1822 Sed
1421 1757 1532 1820 non
1572 1766 1916 1837 quiescebat.
1958 1765 2034 1821 De

443 1853 539 1908 his
559 1860 742 1908 autem
777 1852 937 1924 aquis
964 1853 1173 1908 dictum
1204 1862 1291 1909 est
1319 1873 1332 1909 :
1376 1855 1694 1926 Egredietur
1739 1872 1882 1927 aqua
1919 1857 2036 1911 viva

439 1961 509 2000 ex
535 1943 860 2010 Jerusalem,
889 1946 1163 2000 dimidium
1193 1948 1306 2017 ejus
1331 1947 1386 2000 in
1439 1941 1622 2014 mare;
1669 1949 1902 2020 primum
1955 1949 2038 2002 di-

439 2037 670 2091 midium
690 2043 865 2090 autem
897 2037 1012 2105 ejus
1047 2039 1103 2091 in
1129 2054 1277 2092 mare
1305 2037 1553 2093 ultimum
1577 2040 1642 2094 ".
1674 2040 1831 2096 Sicut
1867 2040 2035 2096 etiam

437 2125 648 2182 clamat
686 2123 942 2181 Habacuc
985 2126 1302 2197 propheta:
1358 2124 1428 2181 Et
1472 2128 1728 2182 induxisti
1769 2130 1824 2182 in
1889 2142 2038 2181 mare

437 2231 606 2289 equos
636 2225 750 2271 tuos
779 2217 1050 2272 turbantes
1078 2235 1250 2294 aquas
1279 2217 1479 2273 multas
1513 2219 1582 2286 ‘°,
1623 2235 1798 2290 equos
1827 2217 2035 2276 Christi

440 2309 666 2370 dicens,
703 2319 927 2365 sanctos
954 2310 1179 2382 angelos
1203 2319 1260 2366 et
1301 2311 1602 2382 apostolos.
1655 2311 1812 2368 Unde
1868 2313 2036 2368 etiam

442 2402 503 2457 in
535 2417 769 2457 ascensu
822 2403 1026 2458 borum
1073 2419 1347 2474 equorum
1395 2404 1622 2460 turbata:
1669 2408 1792 2460 sunt
1839 2406 2034 2476 abyssi,

447 2493 740 2548 multitudo
769 2497 973 2550 sonitus
1001 2513 1266 2567 aquarum
1301 2497 1372 2551 ⁶¹.
1432 2497 1502 2552 Ει
1552 2497 1689 2552 illud
1726 2517 1738 2552 :
1798 2497 2039 2554 Laudate

455 2585 734 2639 Dominum
767 2602 831 2640 ea:
861 2596 1028 2654 terra,
1058 2588 1314 2643 dracones
1339 2599 1389 2644 et
1415 2607 1594 2646 omnes
1621 2591 1794 2662 abyssi
1819 2591 2038 2658 ",ean-

461 2685 604 2733 tatur
629 2679 696 2734 de
745 2680 1024 2750 gentibus.
1071 2681 1340 2736 Dracones
1392 2691 1576 2738 autem
1635 2683 1794 2748 dicit,
1843 2700 2036 2740 eorum

451 2771 736 2842 principes
760 2773 856 2842 qui
881 2773 1039 2844 prius
1071 2785 1232 2830 erant
1253 2762 1887 2831 feri'etinhumani..lam
1911 2792 2038 2832 cum

450 2873 533 2919 tot
563 2865 672 2920 sint
698 2866 1034 2930 testimonia,
1065 2882 1132 2921 ne
1157 2867 1377 2924 mireris
1402 2869 1550 2938 quod
1583 2869 1732 2924 dicat
1782 2870 1851 2926 de
1902 2885 2040 2924 con-

445 2959 769 3029 gregatione
795 2959 1042 3031 gentium
1073 2976 1194 3030 quae
1220 2963 1372 3030 prius
1402 2971 1524 3016 erat
1549 2962 1726 3017 oﬂ'usa
1761 2962 2042 3040 tenebris?

445 3052 697 3108 Tenebrte
727 3059 881 3107 erant
919 3069 1080 3124 super
1129 3054 1394 3124 abyssum.
1453 3055 1596 3110 Ante
1646 3055 1826 3110 lucem
1881 3063 2042 3111 erant.

448 3145 696 3200 tenebrae
727 3145 1054 3215 impietatis,
1082 3147 1327 3201 tenebrae
1371 3147 1622 3202 libidinis
1655 3157 1712 3203 et
1761 3147 2038 3219 intempe-

445 3237 1313 3303 rantire,tenebr:eidololatria,
1379 3250 1436 3295 et
1490 3239 1737 3294 omnium
1802 3241 2038 3294 aliorum

445 3339 835 3400 peccatorum,
875 3339 1004 3386 ante
1026 3332 1398 3401 praesentiam,
1441 3333 1691 3402 inquam,
1729 3339 1784 3386 et
1833 3332 2042 3388 adven-

445 3429 570 3474 tum
602 3436 745 3476 verae
791 3421 956 3483 lucis,
1013 3436 1213 3492 nempe
1265 3420 1492 3476 Christi.
1547 3422 1842 3490 Propterea
1889 3424 2038 3478 enim

446 3512 740 3584 Scriptura
771 3515 1031 3571 tenebras
1058 3517 1234 3570 solum
1281 3517 1438 3586 ponit
1474 3525 1599 3572 ante
1637 3518 1818 3572 lucem
1848 3535 1861 3576 ;
1904 3533 2042 3588 quo-

444 3604 601 3672 niam
635 3605 789 3676 prius
820 3621 1044 3660 eramus
1071 3605 1126 3660 in
1155 3622 1368 3670 errore,
1432 3607 1636 3662 deinde
1684 3609 2042 3664 transivimus

446 3695 522 3751 ad
563 3697 762 3752 lucrm.
798 3699 1095 3769 Propterea
1132 3699 1286 3770 prior
1311 3710 1397 3755 est
1425 3700 1512 3755 lex
1545 3701 1912 3766 tenebricoso,
1945 3701 2043 3755 de-

448 3787 584 3843 inde
641 3789 1018 3860 Evangelium.
1079 3791 1378 3862 Propterea
1441 3793 1594 3862 prior
1639 3800 1724 3848 est
1786 3808 2038 3864 vespera,

448 3883 654 3939 deinde
687 3885 824 3940 dies.
871 3885 1010 3941 Hine
1045 3886 1164 3957 lege
1205 3895 1291 3941 est
1329 3891 1692 3941 constitutum
1733 3895 1793 3940 ut
1833 3887 2043 3957 incipe-

450 3987 610 4034 retur
638 3996 668 4035 a
699 3995 927 4050 vespera
964 3979 1292 4046 Dominica;
1319 3979 1583 4048 quoniam
1629 3997 1658 4034 a
1689 3991 1866 4036 morte
1903 3981 2039 4035 obs-

450 4088 591 4128 cura
619 4073 990 4144 processimus
1029 4073 1097 4126 ad
1128 4073 1309 4127 lucem
1353 4074 1799 4128 resurrectionis.
1834 4073 1890 4130 Si
1926 4073 2044 4131 haec

449 4175 641 4220 autem
669 4180 779 4219 non
819 4164 892 4219 ita
929 4163 1223 4228 haberent,
1256 4164 1414 4219 valde
1442 4178 1588 4220 esset
1619 4165 1942 4222 indecorum
1985 4174 2042 4222 et

449 4254 571 4310 Deo
601 4269 708 4308 non
751 4255 1113 4316 conveniens,
1165 4254 1455 4310 nominare
1492 4257 1750 4312 tenebras
1785 4269 1912 4314 ante
1952 4260 2040 4314 lu-

450 4351 713 4404 cem,et
737 4343 924 4396 statim
983 4341 1054 4396 ab
1111 4341 1270 4396 initio
1327 4343 1670 4400 constituere
1724 4356 2040 4402 creaturam

450 4431 750 4484 obscuram
781 4445 845 4484 ac
885 4431 1254 4484 tenebrosam.
1293 4429 1448 4486 Unde
1478 4448 1604 4486 cum
1631 4449 1738 4486 non
1769 4437 2042 4503 potuisset

2134 571 2260 634 post
2290 563 2552 618 tenebras
2574 563 2854 618 examinat
2881 579 3079 634 aquam
3107 574 3165 620 et
3185 565 3465 636 spiritum,
3487 569 3594 624 hoc.
3617 582 3724 634 εει,

2133 663 2260 726 post
2285 665 2598 726 peccatum,
2639 655 2902 726 baptismi
2938 656 3419 712 illuminationent.
3464 660 3598 714 Nam
3622 661 3726 714 sic-

2135 754 2197 800 ut
2258 754 2520 816 tanquam
2565 761 2734 816 super
2791 747 3060 816 piscinam
3117 749 3380 816 aliquam,
3439 751 3728 804 constituit

2135 837 2282 892 Deus
2309 836 2578 906 Spiritum
2629 853 2797 908 super
2845 854 3068 909 aquam,
3125 840 3198 894 ita
3248 841 3432 895 statim
3481 841 3726 911 pnecipit

2135 939 2260 1000 post
2285 930 2403 986 haec
2435 931 2648 988 dicens.
2679 929 2798 984 Fiat
2828 931 2920 985 tua:
2952 931 3440 996 illuminationum,
3490 942 3540 986 et
3585 934 3726 1002 facta

2135 1030 2210 1078 est
2239 1021 2332 1076 tua:
2362 1022 2848 1076 illuminationum.
2877 1023 3031 1079 Unde
3060 1023 3355 1078 etiam'hic
3419 1025 3471 1078 itt
3534 1027 3729 1094 primis

2136 1113 2404 1168 discimus
2460 1113 2784 1184 mysterium
2864 1113 3156 1168 Trinitatis
3238 1115 3292 1168 in
3369 1115 3723 1184 baptisnmte,

2136 1204 2359 1275 quando
2383 1204 2519 1259 dicit
2549 1219 2568 1257 :
2603 1204 2675 1258 Et
2695 1204 2828 1258 dixit
2857 1203 3036 1267 Deus.
3077 1206 3240 1276 plane
3301 1223 3314 1258 :
3381 1206 3538 1258 Pater
3607 1203 3724 1260 Fiat

2138 1296 2232 1351 tua:
2257 1337 2272 1356 .
2301 1297 2408 1351 hoc
2436 1305 2543 1362 est,
2575 1296 2832 1352 Christus
2863 1306 3128 1368 appareat
3157 1297 3217 1352 in
3265 1305 3413 1352 terra
3455 1306 3511 1351 et
3556 1297 3725 1366 Spiri-

2137 1397 2227 1444 tus
2261 1389 2356 1444 Dei
2389 1398 2620 1444 sanetus
2644 1391 2738 1460 qui
2775 1391 3060 1446 ferebatur
3103 1405 3273 1460 super
3315 1406 3534 1461 aquam.
3587 1389 3726 1446 Cum

2138 1481 2244 1537 hoc
2266 1483 2536 1553 mysterio
2569 1482 2740 1536 vitam
2776 1499 2998 1553 quoque
3035 1484 3149 1538 Deo
3173 1492 3381 1554 gratam
3437 1483 3724 1538 discimus.

2137 1573 2435 1644 Postquam
2461 1583 2644 1628 autem
2677 1574 2866 1629 datum
2921 1586 3027 1641 est,
3085 1575 3290 1645 inquit,
3324 1574 3615 1645 baptisma.
3671 1583 3729 1629 et

2137 1683 2260 1738 qum
2284 1677 2370 1722 est
2410 1667 2466 1722 in
2501 1683 2569 1722 eo
2621 1667 2756 1723 ﬁdes
2807 1679 3066 1738 tauquam
3108 1669 3329 1740 aliquod
3362 1672 3727 1739 signaculum,

2137 1759 2281 1826 Fiat,
2312 1761 2514 1831 inquit,
2550 1759 2687 1815 lux:
2731 1761 2784 1815 id
2817 1771 2922 1825 est,
2957 1773 3280 1818 exerceatur
3311 1763 3573 1834 operibus
3614 1765 3726 1818 vita

2069 1832 2108 1886 Β
2137 1852 2252 1908 Deo
2281 1860 2458 1922 grata,
2491 1853 2638 1907 sicut
2664 1853 2758 1907 lux
2782 1853 2975 1908 lucens
3013 1871 3198 1910 coram
3229 1856 3566 1920 hominibus,
3595 1871 3729 1910 con-

2136 1952 2402 2013 gruenter
2434 1941 2660 1997 Christo
2693 1943 2787 2012 qui
2818 1944 2898 1998 sic
2933 1945 3096 2002 dixit.
3147 1947 3320 2014 Quam
3373 1949 3540 2002 etiam
3599 1963 3725 2002 cum

2136 2032 2390 2096 vidisset,
2431 2031 2663 2086 laudat:
2731 2031 2874 2088 Vidit
2909 2035 3080 2098 enim.
3137 2035 3340 2106 inquit,
3395 2037 3539 2093 Deus
3566 2083 3577 2097 ,
3603 2038 3731 2094 vita:

2137 2124 2356 2190 lucem;
2387 2135 2444 2180 et.
2469 2125 2608 2180 dixit
2635 2143 2648 2178 :
2676 2124 2825 2181 Bona
2865 2137 2971 2182 est.
2999 2127 3213 2183 Laudat
3233 2139 3440 2190 autem,
3461 2131 3724 2200 quoniam

2139 2218 2785 2289 delet-taturhujusmodi
2824 2221 2968 2275 luce.
3006 2221 3105 2276 Est
3130 2223 3278 2276 enim
3307 2223 3568 2292 gaudium
3605 2239 3732 2293 pro-

2139 2320 2264 2384 pter
2295 2327 2466 2366 unum
2508 2325 2858 2383 peceatorem
2883 2329 3048 2383 quem
3077 2314 3326 2383 poenitet.
3358 2314 3728 2380 Quamobrem

2140 2415 2403 2474 tanquam
2423 2407 2561 2477 jam.
2586 2415 2643 2462 et
2669 2425 2699 2462 a
2726 2407 2854 2467 lide.
2883 2417 2940 2462 ct
2967 2423 2997 2462 a
3045 2407 3158 2462 vita
3213 2407 3378 2467 bona.
3420 2408 3728 2463 illumiuata

2140 2505 2394 2550 creatura
2425 2505 2480 2550 et
2511 2496 2580 2550 ab
2617 2511 2683 2551 ea
2726 2496 2781 2550 in
2813 2496 3090 2567 baptismo
3114 2497 3385 2567 separatis
3408 2515 3530 2566 quae
3577 2498 3632 2552 in
3665 2515 3732 2554 ea

2140 2597 2299 2644 erant
2326 2589 2536 2658 peccati
2569 2589 2818 2644 tenebris
2837 2599 2894 2644 et
2929 2591 3357 2654 incredulitatis,
3387 2591 3570 2645 statim
3594 2592 3732 2646 sub-

2137 2681 2323 2752 junxit
2353 2680 2602 2750 Scaiptor
2629 2682 2821 2736 dicens
2853 2700 2865 2736 :
2896 2681 2966 2736 Et
2991 2683 3260 2751 separavit
3291 2683 3427 2736 Deus
3459 2686 3599 2738 inter
3644 2683 3730 2738 lu-

2141 2789 2254 2826 cem
2301 2780 2349 2825 et
2392 2773 2534 2826 inter
2591 2774 2854 2838 tenebras,
2923 2789 3046 2843 quas
3096 2784 3253 2828 erant
3307 2789 3475 2844 super
3535 2791 3733 2844 aquam

2143 2863 2350 2935 abyssi.
2383 2863 2541 2930 Quod
2581 2864 3088 2935 praesigniﬁcarunt
3130 2867 3296 2919 etiam
3338 2866 3442 2919 illa:
3479 2867 3601 2921 duae
3637 2883 3726 2922 vo-
3806 2858 3824 2875 ’

2143 2958 2328 3015 lucres
2351 2961 2726 3031 quae-emissae
2755 2971 2885 3015 sunt
2911 2977 2980 3016 ex
3011 2977 3155 3037 arca
3189 2961 3304 3016 Noe
3333 2979 3347 3016 :
3407 2961 3552 3016 unde
3604 2961 3738 3017 licet

2143 3053 2335 3108 videre
2398 3052 2511 3107 illic
2565 3069 2786 3124 quoque
2833 3057 3048 3123 priores
3093 3069 3215 3108 esse
3256 3053 3534 3108 tenebras.
3577 3053 3739 3108 Prior

2144 3145 2292 3198 enim
2355 3159 2557 3198 corvus
2608 3143 2849 3198 evolavit
2902 3159 3070 3213 super
3129 3159 3321 3214 aquas.
3378 3143 3607 3198 Etcum
3651 3145 3738 3200 vel

2143 3234 2448 3290 suffocatus
2495 3245 2644 3290 esset
2703 3243 2760 3289 et
2811 3235 3072 3304 periisset
3134 3234 3464 3289 tenebrosus
3516 3251 3738 3302 corvus,

2143 3326 2330 3392 Satan,
2355 3328 2634 3382 autetiam
2657 3327 2723 3382 ad
2749 3327 3177 3382 crassitudinem
3222 3327 3394 3399 864
3411 3337 3465 3382 et
3497 3330 3739 3384 carnali-

2146 3426 2309 3473 tatem
2338 3418 2660 3473 adhaesisset
2692 3421 2823 3485 (non
2848 3419 2996 3472 enim
3023 3428 3258 3488 possunt
3283 3435 3478 3474 omnes
3529 3413 3742 3474 seruio-

2142 3525 2268 3563 nem
2321 3507 2566 3579 capere),
2605 3518 2737 3562 tunc
2786 3508 3030 3578 Spiritus
3081 3508 3198 3572 Dei,
3247 3510 3508 3564 columba
3546 3526 3740 3582 super-

2143 3603 2448 3667 ferebatur,
2477 3603 2671 3658 volans
2713 3620 2880 3673 super
2911 3619 3129 3674 aquam,
3169 3620 3277 3659 non
3309 3605 3600 3660 inveniens
3655 3623 3743 3662 re-

2144 3696 2333 3766 quiem
2365 3695 2604 3766 pedibus
2647 3695 2784 3754 suis.
2846 3702 2908 3748 ut
2957 3695 3377 3750 tabernaculum
3440 3697 3632 3768 ﬁgeret
3680 3698 3739 3753 in

2143 3789 2392 3854 homine,
2439 3797 2536 3841 aut
2580 3786 2920 3842 inhabitaret
2971 3795 3028 3841 et
3079 3787 3473 3851 inambularet,
3518 3790 3738 3846 etiamsi

2143 3881 2329 3938 omnia
2390 3879 2662 3934 montium
2721 3879 3011 3933 cacumina
3072 3887 3260 3932 essent
3317 3877 3555 3935 detecta.
3605 3881 3740 3948 Quae

2145 3972 2368 4043 quidem
2406 3971 2796 4042 signiﬁcabant
2851 3969 3059 4040 peccati
3112 3969 3459 4024 inlirmorum
3511 3972 3742 4028 eviden-

2147 4070 2278 4124 tiam
2320 4075 2377 4122 et
2408 4050 2834 4136 impudentiam,
2863 4075 2920 4119 et
2950 4065 3069 4120 vitii
3118 4066 3346 4120 nimiam
3405 4068 3733 4137 elationem,

2145 4161 2376 4231 ejusque
2405 4159 2716 4238 induratum
2747 4167 2801 4212 et
2828 4159 3086 4212 callosatn
3120 4158 3459 4213 vecordiam.
3485 4159 3552 4213 Et
3601 4160 3733 4215 ideo

2098 4245 2444 4307 'columba.
2499 4265 2697 4319 nempe
2770 4247 3011 4318 Spiritus
3067 4249 3186 4313 Dei,
3238 4250 3525 4304 ferebatur
3573 4267 3744 4322 super

2145 4362 2368 4417 aquam.
2413 4346 2566 4399 lianc
2599 4359 2799 4412 aquam
2851 4353 2905 4398 et
2955 4341 3220 4412 Spiritum
3273 4354 3519 4398 sanctum
3570 4346 3741 4400 veluti

2143 4437 2438 4508 quamdam
2465 4436 2610 4490 inter
2637 4451 2697 4490 se
2730 4435 2988 4489 habentia
3019 4435 3402 4505 cognationem
3452 4435 3744 4492 natura‘et

451 4516 798 4573 Manichaeus
839 4517 954 4573 haec
980 4517 1062 4572 sic
1087 4517 1412 4590 intelligere,
1443 4519 1583 4602 duos
1602 4521 1855 4576 nominat
1889 4522 2044 4589 deos,
2080 4554 2119 4602 ι)
2151 4529 2627 4602 eonjunctionem,
2682 4527 2736 4580 in
2764 4525 3001 4580 diversis
3034 4525 3174 4579 locis
3205 4526 3368 4580 simul
3401 4527 3558 4596 ponit
3591 4527 3742 4581 Scri-

455 4611 718 4667 tenebras
743 4619 800 4666 et
830 4612 1011 4668 lucem
1042 4631 1056 4674 ;
1090 4621 1146 4667 et
1181 4621 1309 4667 ante
1340 4599 1624 4670 Christum
1658 4617 1860 4682 lucem,
1887 4621 2044 4690 ponit

452 4705 864 4764 adversarium.
901 4705 997 4775 qui
1027 4713 1115 4760 est
1138 4705 1407 4763 obscurus
1441 4723 1506 4762 ac
1533 4709 1904 4778 tenebrosus;
1942 4728 2046 4768 nos

455 4805 645 4852 autem
675 4811 770 4852 eas
801 4812 940 4868 quas
976 4796 1221 4852 diximus
1261 4799 1589 4870 anagogicas
1621 4801 1887 4858 facientes
1915 4819 2048 4858 con-

457 4891 850 4961 templationes
883 4932 897 4952 ,
937 4891 1180 4946 litteram
1235 4906 1346 4948 non
1406 4892 1782 4951 dissolvimus.
1833 4895 1992 4952 Absit
2029 4899 2044 4952 ι

457 4984 576 5039 imo
600 4999 730 5039 vero
755 4992 946 5054 aperte
970 4984 1362 5054 cognoscimus
1418 4986 1566 5055 quod
1627 4989 1872 5044 tenebrae
1917 5005 2048 5045 sen-

456 5073 594 5128 siles
623 5081 786 5128 erant
817 5087 988 5144 super
1011 5074 1272 5146 abyssum
1301 5075 1586 5140 sensilem,
1607 5084 1665 5131 et
1687 5075 1928 5146 Spiritus
1950 5079 2049 5135 Dei

461 5164 748 5221 ferebatur
809 5179 980 5236 super
1037 5180 1236 5236 aquam
1291 5167 1596 5232 sensilem;
1645 5169 1762 5224 sive
1820 5171 2050 5241 spiritus

459 5255 614 5313 aeris
665 5271 831 5326 quem
863 5254 1155 5311 nominare
1184 5264 1412 5312 ventum
1445 5258 1551 5314 scit
1573 5261 1920 5317 consuetudo
1947 5262 2049 5318 ho-

461 5349 702 5412 minum,
735 5350 854 5404 sive
895 5347 1137 5418 Spiritus
1167 5357 1392 5404 sanctus
1420 5366 1434 5414 ;
1460 5355 1616 5420 prius
1645 5351 1965 5423 signiﬁcans
1995 5363 2054 5409 et

460 5441 792 5498 describens
818 5440 1050 5514 gratiam
1076 5441 1251 5498 sancti
1284 5441 1545 5512 Spiritus.
1573 5442 1861 5500 Ambobus
1902 5445 2054 5500 enim

463 5543 556 5593 est
574 5551 747 5608 opus;
773 5551 973 5606 nempe
997 5545 1054 5592 et
1078 5535 1232 5606 aerio
1253 5539 1476 5607 Spiritu,
1501 5549 1563 5593 ut
1579 5537 1946 5594 instarcrueis
1973 5539 2058 5594 in-

467 5627 644 5698 spiret
675 5631 729 5684 in
775 5645 974 5700 aquam
1028 5628 1422 5700 baptismatis;
1483 5640 1543 5686 et
1600 5639 1792 5686 sancto
1821 5631 2054 5703 Spiritu,

544 5745 590 5782 ⁸³
647 5749 790 5804 Psal.
833 5765 940 5814 xu,
972 5749 1025 5804 8.
1103 5750 1150 5782 ⁵⁸
1173 5749 1404 5804 Zachar.
1445 5766 1555 5812 xw,
1583 5751 1636 5804 8.

472 5819 814 5888 “103mm,
856 5821 908 5876 5.
985 5821 1032 5852 "'
1079 5819 1237 5877 Joan.
1277 5838 1369 5888 vu,
1406 5821 1498 5890 58,
1547 5821 1636 5878 59.

1748 5751 1792 5784 ⁶⁰
1839 5750 2046 5806 llahac.
2105 5768 2184 5814 ιιι,
2241 5753 2326 5808 iii.

1716 5823 1758 5856 ⁸⁸
1809 5823 1950 5879 Psal.
2007 5839 2223 5892 cxtvut,
2271 5827 2326 5878 4.

2150 4630 2334 4692 plura.
2364 4621 2434 4674 Et
2497 4619 2623 4673 ideo
2667 4618 2806 4672 dicit
2856 4617 3124 4672 Dominus
3172 4617 3473 4672 Nicodemo
3508 4619 3743 4686 :Amen,

2154 4729 2310 4768 amen
2337 4711 2452 4765 diro
2491 4711 2602 4770 tibi.
2632 4710 2734 4764 nisi
2763 4711 2880 4777 quis
2921 4710 3126 4778 genitus
3186 4709 3344 4779 fuerit
3396 4721 3491 4779 per
3545 4729 3744 4781 aquam

2155 4813 2207 4860 et
2239 4803 2520 4875 Spiritum,
2558 4819 2662 4856 non
2691 4802 2914 4855 intrabit
2945 4803 3001 4855 in
3033 4817 3256 4872 regnum
3285 4801 3538 4857 caelorum
3569 4805 3634 4858 “.
3675 4804 3748 4860 Et

2157 4911 2402 4951 rursus:
2437 4893 2538 4960 Qui
2579 4893 2742 4948 credit
2803 4895 2858 4946 in
2922 4908 3025 4957 me,
3083 4893 3220 4946 sicut
3275 4894 3408 4947 dixit
3440 4893 3745 4966 Scriptura,

2156 4989 2302 5060 ﬂuvii
2333 5003 2400 5042 ea:
2429 4989 2542 5058 ejus
2571 4995 2752 5041 ventre
2780 4988 2948 5057 ﬂuent
2973 5001 3128 5056 aqua:
3183 4988 3314 5041 uiua:
3341 5003 3362 5052 ;
3415 4990 3510 5042 hoc
3566 4998 3749 5045 autem

2157 5083 2367 5137 dicebat
2387 5081 2452 5134 de
2474 5079 2678 5148 Spiritu
2711 5096 2870 5150 quem
2907 5079 3176 5146 accepturi
3197 5089 3351 5133 erant
3389 5081 3656 5137 credentes
3693 5085 3751 5138 in

2155 5192 2274 5228 eum
2297 5173 2362 5228 “.
2391 5172 2856 5243 Psalmographus
2884 5186 3106 5241 quoque
3125 5171 3214 5226 his
3243 5175 3642 5230 convenienter
3665 5176 3754 5230 di-

2154 5265 2231 5319 cit
2263 5281 2276 5317 :
2320 5262 2558 5317 Laudate
2581 5278 2723 5326 eum,
2743 5261 2858 5315 caeli
2889 5259 3161 5326 calorum,
3189 5275 3238 5317 et
3269 5279 3422 5334 aqua:
3449 5280 3565 5336 qua:
3593 5283 3755 5334 super

2159 5361 2314 5411 ctetos
2341 5364 2466 5410 sunt
2487 5353 2706 5409 laudent
2736 5369 2926 5408 nomen
2953 5353 3188 5420 Domini,
3212 5357 3465 5426 quoniam
3495 5368 3570 5411 est
3601 5356 3754 5412 exal-

2164 5457 2338 5503 tatum
2373 5447 2441 5502 ⁶⁵.
2466 5448 2544 5504 Ea
2572 5447 2642 5503 de
2676 5463 2843 5502 causa
2876 5456 3168 5502 terrestres
3201 5455 3259 5502 et
3287 5449 3544 5504 caelestes
3582 5464 3758 5520 aquas

2163 5541 2341 5612 magis
2363 5541 2758 5596 obtenebratas
2780 5538 3034 5594 nominat
3077 5538 3388 5612 Scriptura,
3416 5541 3580 5596 nobis
3626 5557 3758 5613 pec-

2165 5643 2288 5689 cato
2318 5631 2700 5689 difﬂuentibus
2735 5633 2994 5688 tenebras
3027 5633 3240 5703 peccati
3295 5634 3597 5690 ostendens
3625 5632 3760 5690 insi-

2404 5753 2444 5786 ‘"
2491 5753 2631 5810 l‘sai.
2669 5769 2849 5820 1.xxvt,
2894 5753 3072 5810 iii-18.
3180 5755 3225 5787 θ’
3253 5753 3391 5812 Psal.
3432 5769 3645 5822 curm,
3701 5753 3756 5810 7.
