4056 6426
414 318 477 379 8‘:
490 311 512 377 ι

1631 318 1688 377 S.
1729 315 2135 376 ANAS'I‘ASII
2176 315 2505 377 SlNAlTi‘E

3584 318 3688 382 872

414 431 567 482 dere.
598 425 891 497 Separavit
916 432 1098 481 tamen
1127 418 1273 481 Deus
1327 426 1470 481 inter
1503 427 1702 501 lucem
1742 436 1799 482 et
1840 436 1995 482 tene-
2026 438 2070 492 Α
2100 426 2447 498 operatione,
2479 434 2536 481 et
2564 433 2613 480 te
2646 425 3066 494 apprchendent
3098 421 3339 482 tenebrae
3359 428 3609 498 caliginis
3631 437 3691 487 et

418 521 565 583 bras,
598 518 845 589 expulsis
889 535 921 574 a
970 521 1135 576 nobis
1177 520 1547 590 potestatibus
1595 520 1998 586 tenebrarum;

415 628 630 683 ponens
662 621 913 668 nostrum
947 613 1194 668 medium
1218 613 1509 684 parietem,
1554 615 1876 683 angularem
1925 612 2004 667 la-

415 702 603 770 pidem
633 701 917 759 Christum
946 721 961 770 ;
987 703 1055 759 de
1087 718 1197 775 quo
1229 704 1394 759 etiam
1422 702 1725 777 subjungit,
1756 705 1949 760 dicens
1986 722 2000 758 :

422 791 627 849 l'ocavit
674 793 865 862 lucem,
902 796 1064 861 diem,
1118 804 1169 849 et
1227 796 1471 851 tenebras
1522 798 1729 855 vocavit,
1772 804 2000 850 noctem.

415 885 535 940 Lux
560 896 666 955 est,
684 887 883 959 inquit,
916 904 1080 959 quem
1102 888 1269 944 etiam
1295 889 1442 944 diem
1466 903 1641 944 voco:
1673 904 1797 959 qua:
1817 898 2003 945 autem

415 978 468 1033 ei
503 979 871 1036 adversantur
896 982 1152 1036 tenebras
1182 988 1401 1037 noctem
1437 981 1673 1051 appello.
1710 982 1817 1036 Et:
1870 981 2002 1036 Am-

415 1071 597 1126 bulate
626 1074 788 1127 donec
820 1073 988 1127 lucem
1013 1074 1248 1138 habetis;
1278 1074 1418 1128 venit
1449 1089 1575 1139 nox,
1606 1073 1817 1144 quando
1851 1089 2004 1127 nemo

418 1173 586 1236 potest
613 1167 825 1236 operari
854 1167 921 1219 “.
953 1165 1063 1221 Nos
1092 1166 1239 1221 enim
1268 1180 1382 1220 non
1411 1180 1606 1220 sumus
1658 1164 1759 1220 ﬁlii
1799 1164 2002 1232 noctis,

417 1257 515 1313 sed
541 1256 650 1311 diei
674 1256 902 1313 Christi.
935 1256 1039 1324 Qui
1075 1257 1222 1311 enim
1253 1257 1541 1312 dormiunt
1574 1272 1829 1312 somnum
1876 1273 2006 1328 pec-

419 1349 555 1415 cati,
589 1349 645 1402 in
676 1350 855 1404 noctis
879 1349 1129 1405 tenebris
1161 1348 1447 1403 dormiunt
1480 1357 1574 1404 :et
1602 1349 1699 1419 qui
1725 1349 2006 1404 inebrian-

419 1447 528 1504 tur,
555 1454 751 1493 rursus
780 1438 837 1492 in
880 1439 997 1509 ipsa
1035 1450 1198 1493 nocte
1243 1438 1594 1493 inebriantur
1625 1456 1694 1494 ex
1740 1439 2003 1510 peccatis,

414 1531 561 1585 sicut
583 1530 748 1586 docet
772 1532 977 1586 Paulus
1000 1531 1066 1586 ⁸⁷.
1100 1531 1167 1585 Et
1191 1532 1393 1601 factum
1410 1540 1485 1584 est
1509 1547 1708 1603 vesper,
1733 1539 1782 1585 et
1805 1532 2006 1602 factum

415 1631 491 1676 est
524 1638 678 1677 mane
709 1623 817 1677 dies
846 1640 1005 1677 unus.
1036 1623 1157 1677 Non
1190 1622 1328 1677 dixit
1358 1640 1370 1676 :
1414 1622 1535 1676 Dies
1590 1622 1793 1693 primus
1820 1639 1838 1687 ;
1884 1622 2001 1686 sed,

414 1712 539 1768 Dies
568 1731 725 1781 unus,
757 1729 869 1769 non
896 1713 1028 1768 duo.
1083 1713 1192 1768 Hoc
1255 1715 1567 1785 mysterium
1623 1731 1875 1785 magnum
1931 1724 2005 1769 est

2110 505 2401 575 caecitatis.
2436 517 2646 572 Deinde
2672 525 2865 587 postea
2907 516 3003 571 ﬁet
3040 517 3137 573 tibi
3164 533 3326 574 mane
3358 535 3370 572 :
3406 534 3605 590 nempe
3632 528 3692 576 et

2107 612 2220 669 illic
2280 623 2366 670 est
2415 612 2536 668 dies
2584 612 3032 676 resurrectionis,
3083 618 3142 666 et
3178 612 3439 668 exoriens
3481 614 3563 669 sol
3595 614 3691 684 qui

2105 702 2255 758 cadit
2277 701 2383 757 sub
2428 700 2871 772 intelligentiam,
2921 700 3098 755 solvet
3135 699 3689 766 mortalem'noctem,

2104 801 2163 851 et
2205 802 2259 850 te
2296 792 2519 849 vocabit
2559 800 2621 848 ut
2649 791 3072 863 expergiscaris,
3108 798 3167 847 et
3192 791 3274 846 sic
3304 789 3523 846 videbis
3550 792 3693 846 divi-

2105 901 2239 943 num
2278 885 2415 941 illud
2467 900 2627 941 mane
2682 884 2830 955 quod
2881 884 3107 955 quidem
3159 883 3339 939 Moses
3386 884 3696 939 nominavit

2105 976 2276 1033 diem.
2299 977 2491 1048 Neque
2516 975 2656 1031 dixit
2677 975 2823 1030 diem
2848 975 3089 1046 primum
3119 991 3132 1028 :
3160 973 3308 1044 quod
3331 974 3505 1046 magis
3528 989 3694 1045 opor-

2107 1070 2283 1134 tebat,
2329 1077 2388 1124 et
2413 1068 2562 1124 diem
2588 1074 2903 1123 extremum
2942 1083 3240 1123 recensere
3267 1068 3523 1122 oratione
3550 1084 3562 1121 :
3593 1067 3692 1121 sed

2108 1162 2373 1234 quoniam
2404 1162 2587 1234 typice
2617 1160 2998 1233 przenarrabat
3030 1160 3188 1215 illum
3224 1158 3499 1224 futurum,
3526 1174 3695 1229 quem

2107 1269 2220 1308 non
2252 1253 2564 1309 metiuntur
2588 1252 2741 1308 hora:
2769 1260 2826 1306 et
2850 1258 3077 1323 puncta,
3115 1260 3172 1305 et
3197 1251 3294 1321 qui
3320 1260 3483 1304 nocte
3520 1250 3694 1303 inter-

2108 1344 2430 1415 rumpitur,
2478 1344 2576 1400 sed
2619 1353 2705 1400 est
2747 1352 3056 1416 perpetuus
3111 1352 3169 1397 et
3215 1341 3535 1407 continuus,
3565 1356 3696 1396 eum

2115 1437 2427 1493 nominavit
2453 1452 2649 1504 unum,
2677 1444 2739 1492 ut
2757 1437 2853 1507 qui
2880 1451 3102 1504 semper
3122 1435 3378 1517 similiter
3412 1443 3469 1489 et
3497 1434 3697 1489 eodem

2109 1531 2274 1587 modo
2308 1546 2367 1586 se
2403 1531 2607 1586 habeat
2639 1547 2652 1584 :
2694 1539 2751 1586 et
2788 1545 2901 1585 non
2927 1530 3192 1600 primum,
3217 1537 3515 1600 propterea
3546 1527 3699 1598 quod

2107 1640 2214 1681 nec
2240 1623 2467 1679 omnino
2493 1624 2992 1679 circumscribatur
3018 1623 3239 1678 ultimo.
3275 1622 3524 1678 Primum
3546 1623 3701 1677 enim

2108 1727 2165 1773 et
2188 1717 2448 1772 ultimum
2472 1724 2605 1770 sunt
2623 1714 2905 1785 ejusmodi
2931 1722 2993 1770 ut
3016 1714 3332 1769 referantur
3353 1712 3418 1768 ad
3442 1711 3655 1782 aliquid
3682 1729 3697 1767 :

416 1812 640 1875 (vesper
682 1814 741 1860 et
769 1810 977 1872 mane),
1014 1823 1107 1877 ego
1144 1816 1321 1861 autent
1353 1807 1468 1860 dico
1497 1807 1551 1859 in
1585 1804 1791 1861 Clu-isto
1822 1814 1869 1859 et
1903 1805 2004 1860 Ec-
2037 1797 2075 1853 Β
2107 1810 2222 1867 illic
2259 1820 2447 1866 autem
2484 1808 2623 1864 nihil
2667 1809 2772 1864 tale
2805 1808 2968 1878 quale
2999 1808 3183 1865 oritur
3214 1805 3499 1862 Christus.
3534 1806 3701 1861 Inve—

414 1897 575 1951 clcsia
612 1898 680 1963 ⁸⁸,
711 1914 832 1967 quae
860 1898 1162 1968 aliquando
1197 1907 1321 1953 erat
1356 1914 1554 1968 vesper
1588 1898 1912 1959 obscurum.
1949 1898 2001 1953 ei

412 1996 598 2070 autem
622 1988 772 2043 unita
794 2004 925 2043 vera
948 1989 1071 2044 luce
1096 1992 1323 2044 fuerunt
1342 1989 1453 2043 duo
1480 1990 1535 2043 in
1562 2004 1785 2044 carnem
1812 2005 1998 2055 unam,

415 2081 473 2137 in
500 2096 670 2135 unum
699 2079 844 2135 lucis
894 2080 1042 2136 diem
1090 2081 1185 2151 qui
1230 2080 1510 2135 illuminat
1554 2096 1776 2135 onmem
1823 2080 2003 2136 homi-

414 2188 541 2227 nem
589 2172 903 2227 venientem
941 2172 997 2226 in
1035 2172 1304 2228 mundum
1361 2172 1489 2227 ﬁdei
1546 2171 1778 2228 Christi.
1828 2173 2001 2240 Quem

410 2263 618 2320 deinde
667 2262 906 2319 initiavit
952 2263 1250 2334 baptismo,
1279 2279 1406 2320 cum
1443 2264 1658 2320 diceret
1688 2280 1701 2318 :
1731 2264 1801 2319 Et
1830 2263 2003 2335 Spiri-

411 2364 500 2412 tus
547 2356 646 2411 Dei
695 2356 964 2426 ferebatur
1016 2372 1178 2426 super
1229 2373 1420 2428 aquas,
1462 2372 1564 2427 per
1618 2355 1888 2427 Spiritum
1945 2363 2003 2411 et

412 2464 613 2520 aquam
641 2448 823 2520 ipsum
853 2449 1154 2505 ostendens
1186 2468 1198 2503 :
1226 2464 1326 2520 per
1356 2464 1521 2520 quem
1550 2458 1607 2505 et
1645 2450 1826 2520 ipsum
1865 2465 2002 2521 pur-

408 2539 561 2610 gavit
588 2538 660 2593 ab
711 2539 959 2609 antiquis
1016 2538 1297 2600 sordibus,
1327 2547 1383 2593 et
1436 2538 1629 2594 docuit
1673 2541 2003 2611 mysterium

414 2631 877 2702 regenerationis,
900 2631 1030 2702 quia
1063 2632 1240 2687 dixit:
1274 2630 1401 2686 Fiat
1426 2631 1539 2699 lux,
1570 2648 1671 2704 per
1702 2633 1851 2703 quod
1880 2650 2005 2689 ver-

412 2723 547 2779 bum
601 2732 658 2778 et
702 2723 903 2779 bonam
946 2724 1118 2779 vitam
1145 2724 1216 2779 ab
1258 2739 1327 2779 eo
1355 2726 1557 2796 exegit,
1586 2740 1709 2794 qua:
1741 2734 2002 2796 tanquam

417 2814 511 2868 lux
532 2814 716 2868 luceat
742 2821 870 2868 ante
898 2813 1094 2869 faciem
1123 2816 1280 2884 ejus:
1315 2829 1385 2868 ne
1410 2816 1695 2886 contingat
1722 2830 1850 2870 eum
1882 2831 2004 2872 esse

412 2907 635 2976 pigrum
658 2904 726 2959 ad
755 2904 1005 2960 intensos
1027 2914 1083 2960 et
1105 2905 1467 2961 vehementes
1496 2907 1730 2962 sudores
1756 2908 2001 2975 virtutis,

418 3005 479 3050 ut
532 2997 630 3066 qui
683 3011 796 3051 non
832 2996 907 3051 sit
948 2996 1241 3052 habiturus
1269 3012 1506 3053 coronas
1535 3007 1815 3054 tantorum
1840 3000 2006 3057 sudo-

415 3103 538 3141 rum
587 3104 826 3157 quorum
890 3098 1019 3145 sunt
1067 3090 1369 3160 participes
1397 3089 1569 3145 futuri
1597 3091 1692 3161 qui
1727 3092 2001 3149 laborant.

414 3178 555 3233 Eum
611 3180 777 3235 docet
828 3180 995 3237 etiam
1049 3182 1375 3252 mysterium
1439 3182 1886 3248 resurrectionis,
1947 3192 2003 3239 et

415 3273 553 3330 dicit
582 3290 595 3327 :
626 3274 704 3329 Ne
727 3284 891 3345 putes
916 3273 983 3328 ad
1012 3273 1228 3328 nullum
1255 3273 1476 3329 lucrum
1505 3274 1604 3331 tibi
1635 3289 1758 3330 esse
1782 3275 1999 3331 reditu-

414 3382 477 3421 ra
508 3367 830 3422 certamina.
870 3366 991 3422 Non
1025 3369 1099 3424 ita
1144 3368 1291 3435 erit;
1334 3367 1429 3423 sed
1466 3367 1575 3423 erit
1606 3367 1708 3423 tibi
1745 3384 2001 3439 vespera,

413 3473 517 3529 per
541 3466 776 3515 mortem
805 3459 1020 3516 scilicet
1045 3468 1330 3517 contracta
1360 3477 1374 3514 :
1408 3468 1466 3516 et
1494 3459 1720 3516 vacabis
1746 3459 1817 3516 ab
1850 3459 2003 3516 omni

418 3657 1436 3675 -mmm—cl—

2104 1902 2229 1959 nies
2297 1911 2481 1958 autem
2540 1917 2638 1957 eos
2701 1900 2868 1956 etiam
2931 1899 3027 1970 qui
3069 1908 3198 1954 sunt
3237 1907 3394 1953 extra
3438 1896 3700 1969 gratiam,

2104 1990 2297 2047 eadem
2371 1990 2488 2046 fere
2556 1990 2767 2046 dicere.
2850 1988 3177 2061 Pythagorei
3240 1987 3389 2043 enim
3452 1986 3702 2057 primum

2104 2081 2251 2137 diem
2303 2080 2534 2146 mensis,
2586 2096 2699 2136 non
2733 2080 3000 2150 primum,
3041 2079 3139 2135 sed
3175 2078 3413 2134 similem
3444 2077 3702 2133 nomina-

2105 2182 2234 2228 runt
2262 2189 2275 2226 :
2303 2188 2436 2240 non,
2459 2182 2521 2228 ut
2541 2173 2761 2244 opinor,
2785 2170 2999 2227 visione
3023 2170 3503 2242 apprehendentes
3525 2169 3699 2223 vitam

2106 2264 2258 2319 illam
2293 2264 2759 2330 indissolubilem,
2797 2264 2894 2320 sed
2920 2263 3142 2319 interim
3172 2277 3296 2318 eam
3331 2263 3411 2318 sic
3437 2262 3700 2316 nomina-

2104 2364 2328 2412 verunt.
2360 2355 2599 2427 [Egyptii
2632 2371 2857 2428 quoque
2908 2370 3064 2411 sacra
3124 2354 3342 2410 ratione
3391 2354 3699 2410 draconem

2105 2448 2202 2519 qui
2235 2457 2395 2503 vorat
2420 2449 2651 2504 caudam
2675 2447 2997 2518 insculpunt
3022 2447 3074 2501 in
3102 2445 3502 2518 pyramidibus,
3527 2455 3700 2501 aeter-

2104 2555 2232 2596 nam
2264 2547 2321 2596 et
2351 2540 2695 2596 individuam
2732 2538 3225 2595 circumactionem
3257 2537 3569 2593 divinarum
3604 2553 3702 2592 re-

2105 2647 2230 2687 rum
2270 2632 2685 2703 signiﬁcantes;
2717 2631 3016 2687 draconem
3042 2630 3194 2687 enim
3226 2631 3283 2685 in
3318 2629 3453 2686 deos
3484 2629 3703 2685 refere—

2107 2725 2240 2781 bant
2263 2724 2527 2797 (Egyptii.
2575 2723 2830 2795 Orpheus
2874 2733 3063 2779 autem
3104 2722 3280 2777 Deum
3316 2722 3546 2777 vocabat
3594 2738 3701 2792 μο-

2106 2815 2583 2881 vdBa,unitatem,
2627 2815 2683 2871 id
2721 2823 2829 2881 est,
2879 2814 3250 2870 individuum.
3304 2813 3496 2884 Neque
3545 2812 3704 2868 enim

2105 2908 2496 2976 scsquialtera,
2525 2915 2623 2962 aut
2651 2906 3036 2978 sesquitertia,
3065 2915 3164 2961 aut
3204 2905 3389 2976 aliqua
3429 2904 3536 2958 alia
3570 2919 3706 2975 pars

2106 2999 2330 3053 numeri
2360 3008 2447 3054 est
2474 2999 2528 3053 in
2555 2998 2696 3069 ipso.
2729 2998 2921 3054 Diﬁert
2959 3006 3149 3053 autem
3199 2996 3386 3052 unitas
3436 2995 3505 3050 ab
3546 3002 3702 3060 "uno,

2107 3101 2387 3162 quatenus
2409 3092 2774 3164 archetypum
2802 3090 2991 3147 differt
3014 3090 3084 3144 ab
3119 3089 3378 3161 imagine.
3402 3088 3707 3159 Exemplar

2108 3184 2337 3256 quidem
2357 3192 2444 3241 est
2466 3186 2670 3250 unitas,
2701 3183 2932 3239 unitatis
2957 3192 3143 3238 autem
3175 3182 3582 3248 imitamentum
3611 3190 3703 3237 est

2108 3295 2283 3334 unum
2315 3297 2327 3332 :
2361 3278 2641 3349 quomodo
2668 3279 2750 3333 sol
2770 3286 2857 3333 est
2898 3276 3305 3332 imitamentum
3350 3275 3519 3330 unius
3572 3275 3704 3330 uni-

2112 3371 2266 3437 tatis,
2299 3370 2455 3437 Jesu,
2504 3371 2750 3440 inquam.
2790 3370 2900 3442 Ipsi
2930 3369 3002 3425 sit
3029 3369 3207 3441 gloria
3247 3375 3305 3425 et
3344 3368 3592 3439 potentia
3637 3367 3701 3422 in

2112 3462 2312 3518 saecula
2339 3463 2690 3519 saeculorum.
2722 3462 2920 3518 Amen.

1506 3829 1870 3918 LIBER
1943 3827 2602 3927 SECUNDUS.

1584 4021 1666 4063 DE
1699 4020 1991 4065 SECUNDO
2025 4019 2133 4062 DIE
2164 4020 2564 4072 CREATIONIS.

484 4298 676 4354 Primo
715 4298 804 4353 dic
848 4296 1057 4352 factum
1098 4306 1197 4386 est
1251 4298 1437 4352 velum
1486 4299 1793 4369 superioris
1847 4298 1997 4365 coeli,
2034 4301 2076 4356 D
2107 4300 2287 4371 posito
2318 4301 2421 4356 sub
2447 4317 2589 4373 aqua
2621 4303 2981 4372 ﬁrmamenti,
3016 4310 3120 4365 sub
3144 4310 3282 4377 sole,
3304 4309 3552 4383 inquam,
3575 4315 3693 4386 ejus

404 4389 564 4460 quod
622 4388 1031 4460 appropinquat
1086 4385 1324 4443 Sanetus
1380 4396 1723 4453 sanctorum,
1772 4405 1882 4460 quo
1917 4390 2001 4445 in-

412 4483 576 4537 troiit
599 4498 911 4552 pra’eursor
931 4497 1032 4551 pro
1052 4481 1214 4537 nobis
1236 4481 1493 4539 Christus
1514 4483 1580 4537 “.
1608 4483 1686 4538 Ea
1707 4482 1776 4539 de
1808 4498 1995 4548 causa,

409 4571 482 4627 de
509 4580 733 4637 caetero,
762 4570 1008 4627 secundo
1038 4570 1128 4626 die
1170 4571 1230 4626 lit
1290 4571 1598 4627 secundum
1644 4582 1701 4629 et
1752 4575 1999 4631 exterius

410 4665 618 4725 velum,
640 4663 790 4734 quod
812 4663 1020 4717 dicitur
1046 4681 1061 4718 ε
1087 4663 1503 4718 Firmamentum
1538 4664 1596 4718 in
1616 4664 1787 4719 medio
1821 4680 1998 4737 aquaz:

406 4753 559 4824 quod
598 4752 824 4823 quidem
858 4762 945 4808 est
981 4754 1390 4810 ﬁrmamentum
1431 4752 1560 4809 ﬁdei
1601 4754 1657 4809 in
1689 4754 1994 4811 Christum.

408 4846 531 4902 Non
557 4846 758 4902 luisset
784 4855 972 4901 autem
1001 4847 1108 4902 hoc
1131 4846 1363 4911 factum,
1385 4845 1492 4901 nisi
1521 4847 1678 4917 prius
1700 4855 1829 4903 nata
1851 4856 2000 4905 esset

409 4938 507 4995 lux
541 4958 555 4994 :
606 4953 809 5010 nempe
846 4948 1140 5011 postquam
1183 4938 1378 4995 datum
1411 4938 1519 4995 fuit
1537 4938 1832 5011 baptisma,
1861 4939 2000 4996 ﬁdes

408 5029 685 5099 sequitur.
718 5028 838 5086 Non
888 5030 948 5084 tit
994 5038 1177 5089 autem
1226 5039 1383 5086 extra
1424 5046 1621 5102 aquam
1667 5031 1775 5088 hoc
1815 5031 1999 5087 ﬁrma-

409 5130 682 5187 mentum,
733 5121 830 5176 sed
871 5122 927 5175 in
972 5121 1158 5177 medio
1200 5137 1357 5192 aquae
1380 5121 1626 5178 omnium
1654 5124 1901 5194 gentium
1931 5139 2001 5180 ex

409 5226 477 5265 ea
507 5221 850 5289 concretum,
882 5213 1146 5285 quoniam
1177 5214 1296 5285 fecit
1317 5214 1457 5269 Deus
1483 5213 1713 5270 salutem
1739 5217 1795 5271 in
1827 5219 1999 5273 medio

380 5308 571 5370 terra:
628 5302 697 5369 ⁷⁸,
747 5313 941 5375 utpote
988 5305 1083 5376 qui
1113 5304 1451 5361 habitaverit
1486 5306 1544 5361 in
1570 5305 1754 5362 medio
1791 5308 1998 5363 terreni

409 5393 555 5448 uteri
591 5394 836 5465 Virginis
871 5414 883 5450 :
916 5404 974 5451 et.
999 5397 1238 5453 salutem
1267 5396 1462 5452 mundi
1484 5396 1683 5453 fecerit
1709 5410 1998 5470 compacto

376 5482 759 5553 ,ﬁrmamento
804 5489 981 5545 sancti
1021 5491 1108 5546 sui
1142 5492 1397 5562 corporis
1441 5492 1499 5546 in
1529 5491 1715 5547 medio
1746 5492 2000 5549 incorru-

405 5586 518 5646 pta:
552 5580 818 5648 matricis,
877 5582 1048 5640 fontis
1099 5584 1227 5640 vitae
1265 5585 1465 5656 puellae
1511 5585 1609 5641 Dei
1670 5586 1905 5654 Matris;
1941 5599 1999 5643 et

481 5711 526 5744 “
562 5711 719 5767 Joan.
751 5730 829 5774 tv.
861 5716 934 5775 ιε
970 5733 1063 5776 xu.
1094 5718 1184 5774 55.

409 5778 452 5815 τ’
486 5781 679 5838 Matth.
714 5799 822 5853 avt,
861 5787 951 5841 l8.
1028 5787 1073 5818 τ’
1113 5789 1307 5844 Matth.
1339 5807 1392 5857 ι,
1433 5790 1517 5845 l6.

1277 5719 1320 5750 ”
1359 5719 1375 5771 1
1408 5720 1602 5807 "Illness.
1661 5736 1713 5786 τ,
1747 5721 1801 5775 7.
1879 5722 1926 5755 ⁸⁸
1977 5722 2178 5794 Ερῐιρτ.
2214 5742 2265 5792 v,
2293 5727 2383 5782 32.
2462 5729 2509 5807 δέ
2549 5728 2710 5785 ll-br.
2762 5746 2836 5799 vr,
2875 5731 2966 5787 20.

2107 4393 2442 4448 divinitatis.
2486 4394 2545 4449 In
2568 4395 2676 4451 hoc
2711 4398 3084 4465 ﬁrmamento,
3118 4401 3246 4467 ﬁde,
3280 4404 3527 4476 inquam,
3557 4408 3692 4463 tedi-

2108 4483 2293 4539 ﬁeavit
2343 4484 2554 4551 lunam,
2591 4488 2914 4553 Ecclesiam,
2957 4491 3151 4548 dicens
3184 4493 3301 4551 fore
3329 4504 3393 4551 ut
3417 4508 3584 4569 portte
3612 4499 3695 4553 in-

2106 4574 2246 4645 ferni
2275 4592 2382 4630 non
2417 4580 2771 4648 prwvalerent
2800 4581 3049 4638 adversus
3081 4600 3201 4640 eam
3238 4586 3306 4641 ⁷⁸.
3334 4586 3492 4644 Unde
3527 4591 3691 4645 etiam

2107 4665 2323 4722 ﬁrmata
2353 4667 2455 4723 l‘uit
2482 4669 2538 4725 in
2562 4672 2747 4727 medio
2780 4689 3079 4743 aquarum,
3122 4677 3454 4736 inconcussa
3488 4680 3544 4738 in
3580 4698 3693 4737 me.-

2108 4758 2217 4815 diis
2245 4760 2529 4827 ﬂuetibus,
2572 4765 2774 4828 ventis,
2810 4766 3091 4837 procellis,
3113 4778 3170 4825 et
3193 4770 3684 4829 innumerabilibus

2109 4854 2539 4924 tempestatibus
2560 4858 2882 4926 passionum
2926 4868 2983 4915 et
3034 4860 3326 4918 hatresum.
3381 4864 3474 4920 Sic
3525 4866 3689 4921 etiam

2105 4963 2204 5005 eos
2232 4949 2326 5020 qui
2379 4965 2500 5005 eam
2551 4949 2919 5019 aediﬁcarunt,
2970 4951 3123 5007 misit
3177 4962 3438 5019 tanquam
3474 4973 3594 5012 oves
3638 4960 3691 5010 in

2108 5040 2283 5095 medio
2323 5041 2573 5113 luporum
2607 5043 2692 5097 7':
2725 5043 2996 5110 virorum,
3039 5044 3288 5115 inquam,
3321 5048 3418 5118 qui
3451 5049 3601 5104 unde
3632 5065 3692 5104 ac

2108 5134 2376 5205 sanguine
2405 5134 2753 5190 delectantur
2778 5151 2793 5197 ;
2822 5134 3013 5193 dicens
3045 5154 3059 5191 :
3101 5136 3167 5192 In
3219 5140 3389 5194 medio
3429 5157 3689 5210 aquarum

2104 5224 2205 5294 ﬁat
2254 5225 2679 5294 ﬁrmamentum,
2723 5243 2924 5299 nempe
2961 5228 3100 5285 ﬁdes
3142 5230 3303 5286 ﬁrma
3334 5232 3687 5303 praedicetur,

2107 5334 2178 5373 ne
2204 5319 2444 5388 amplius
2496 5318 2885 5376 discindantur
2934 5322 3329 5393 agitenturque
3373 5333 3435 5381 et
3480 5325 3690 5383 diﬁ‘un-

2107 5410 2312 5467 dantur
2364 5426 2542 5481 aquae,
2566 5412 2820 5483 gentiles,
2880 5412 3004 5469 aliis
3031 5413 3257 5481 quidem
3286 5416 3603 5473 dicentibus
3634 5433 3689 5473 se

2107 5518 2228 5558 esse
2267 5503 2440 5569 Petri,
2469 5504 2595 5560 aliis
2619 5520 2760 5560 vero
2792 5505 2970 5586 Pauli,
2994 5506 3119 5562 aliis
3156 5523 3288 5563 vero
3318 5506 3522 5580 Cephaa
3554 5527 3568 5564 :
3595 5508 3687 5564 sed

2110 5592 2361 5650 ﬁrmetur
2391 5611 2588 5650 eorum
2628 5612 2802 5658 mare,
2838 5606 2896 5652 ut
2921 5614 3023 5670 ego
3050 5600 3327 5656 ambulem
3370 5617 3539 5671 super
3572 5602 3689 5674 eius

3063 5732 3106 5765 ⁷⁸
3161 5730 3302 5790 Psal.
3331 5749 3523 5799 usui,
3567 5733 3651 5790 12.
