4056 6496
346 370 434 430 $71

1446 363 1529 422 IN
1569 357 2118 421 HEXAEMERDN.
2151 383 2215 392 -·-
2239 358 2384 418 LIB.
2432 358 2510 417 Il.

3509 341 3613 406 δῖᾷ

346 498 522 553 aquas
552 490 609 537 et
656 480 963 536 inhabitem
990 488 1049 536 et
1079 477 1417 535 inambulem
1450 475 1508 530 in
1533 475 1798 531 cordibus
1825 490 1924 528 eo-
1957 483 1997 531 Α
2030 488 2139 527 ιιοιι
2173 482 2359 528 autem
2390 479 2585 526 natura
2620 488 2632 522 :
2663 482 2889 523 necesse
2915 476 2998 521 est
3024 465 3095 519 ob
3121 472 3350 533 typtcas,
3380 458 3476 515 sed
3504 475 3610 553 non

346 590 474 629 rum
503 573 561 628 in
597 572 783 628 medio
811 587 968 641 aquae
989 573 1148 637 virm,
1184 568 1291 624 ﬁde
1325 584 1339 624 :
1372 577 1429 624 et
1466 581 1622 637 aquae
1677 574 1926 628 mortuae,

345 665 757 721 incredulitate.
811 664 950 719 Nam
978 663 1025 719 si
1060 672 1146 717 est
1185 659 1447 725 inﬁdelis,
1475 668 1765 729 separetur
1790 657 1933 712 ziza-

346 761 442 815 nia
477 776 508 815 a
547 759 758 823 tritico,
780 738 956 827 )palea
979 772 1010 810 a
1038 771 1183 826 pane
1213 771 1227 807 :
1271 752 1391 808 Non
1417 752 1567 808 enim
1591 752 1710 806 veni
1732 758 1790 804 ut
1809 751 1932 803 mit~

346 861 516 905 εει-ειη
558 866 744 921 pacem
794 849 840 879 ⁷³
873 848 1014 903 locis
1042 847 1112 901 ad
1151 845 1429 908 tenebras,
1464 841 1562 897 sed
1596 851 1659 896 ut
1694 840 1933 895 facerem

347 941 762 1011 separationent
792 940 848 994 in
875 937 1058 992 medio
1093 934 1391 1006 serpentis.
1428 934 1487 991 Si
1517 941 1725 997 autem,
1761 940 1824 986 ιιι
1851 940 1936 986 εει

348 1040 827 1093 consentaneum,
885 1043 1000 1082 non
1055 1026 1377 1083 verisimilis
1432 1023 1693 1079 videatur
1733 1022 1934 1086 oratio,

348 1122 587 1178 ostendo
613 1122 715 1177 tibi
741 1121 797 1175 in
818 1119 1051 1190 singulis
1085 1133 1179 1175 sex
1236 1117 1476 1181 dierum,
1523 1114 1696 1173 Deum
1741 1112 1937 1168 fecisse

348 1216 594 1285 aliquam
662 1211 981 1282 hujusmodi
1056 1208 1504 1279 separationem:
1559 1205 1938 1274 exemplorum

352 1293 737 1370 multitudine,
769 1305 934 1368 forte,
967 1312 1021 1357 te
1042 1302 1388 1360 liberaturus
1414 1299 1486 1357 ab
1524 1295 1937 1357 incredulitate.

352 1401 543 1456 Primo
564 1392 696 1469 ergo
730 1397 818 1452 die
853 1396 995 1451 facta
1024 1405 1108 1450 est
1130 1394 1407 1467 separatio
1428 1390 1572 1447 lucis
1596 1405 1627 1444 a
1651 1387 1897 1444 tenebris
1922 1404 1937 1452 ;

354 1491 469 1547 hoc
489 1491 600 1554 die,
628 1490 772 1545 facta
799 1497 884 1544 est
908 1487 1190 1557 separatio
1210 1501 1371 1556 aqua:
1403 1493 1460 1539 et
1509 1497 1703 1552 aquae;
1753 1479 1938 1545 tertio,

352 1583 630 1653 separatio
672 1592 833 1636 teme
861 1580 928 1634 ab
964 1578 1124 1652 aquis
1155 1596 1170 1646 ;
1200 1585 1422 1648 quarto,
1449 1574 1725 1645 separatio
1774 1570 1941 1626 lumi-

324 1676 576 1744 _narium
599 1675 748 1728 inter
768 1672 917 1729 diem
944 1681 1001 1728 et
1034 1680 1253 1731 noctem
1284 1688 1299 1737 ;
1333 1678 1490 1725 sexto
1518 1664 1944 1735 die,-distinctio

352 1777 416 1822 et
442 1765 642 1820 divisio
670 1765 956 1820 hominum
983 1771 1041 1818 et
1066 1763 1380 1819 volucrum.
1405 1758 1564 1827 Quod
1586 1758 1631 1814 si
1652 1773 1764 1813 non
1782 1755 1944 1823 facile

354 1858 642 1923 admittas,
686 1871 787 1927 per
832 1856 1019 1910 omnia
1064 1852 1365 1925 signiﬁcari
1392 1851 1724 1906 divisionem
1756 1847 1947 1903 Eccle-

354 1951 456 2006 siae
484 1949 555 2004 ab
584 1962 779 2003 errore
808 1955 866 2001 et
892 1945 1303 2009 incredulitate,
1330 1943 1423 1998 die
1448 1941 1586 1996 mihi
1607 1954 1848 2011 quanam
1877 1937 1946 1991 de

354 2058 549 2108 causa,
576 2048 673 2095 aut
698 2038 835 2111 quid
861 2054 1005 2109 opus
1034 2048 1156 2093 erat
1176 2039 1289 2093 Deo
1328 2052 1421 2091 res
1448 2035 1595 2089 inter
1627 2048 1687 2089 se
1710 2031 1915 2102 conjun
1934 2059 1946 2068 -

348 2148 510 2206 gere,
540 2141 599 2187 et
632 2131 835 2187 deinde
869 2145 966 2185 eas
994 2145 1027 2184 a
1060 2144 1120 2184 se
1156 2143 1417 2196 separare
1440 2123 1688 2181 secundo
1712 2121 1947 2177 ordine?

350 2225 476 2288 Hoc
499 2226 652 2280 enim
695 2231 781 2279 est
819 2224 1038 2293 signum
1090 2220 1319 2275 artiﬁcis
1367 2219 1594 2275 minime
1652 2214 1942 2286 ingeniosi.

351 2318 502 2377 Dicit
526 2316 675 2371 enim
708 2333 722 2369 :
759 2314 830 2370 Et
857 2314 980 2385 fecit
1010 2312 1416 2381 ﬁrmamentum
1442 2309 1606 2374 Deus,
1636 2307 1731 2379 qui
1762 2306 1952 2361 ﬁrma»

351 2409 441 2463 vit
476 2418 680 2462 terram
714 2405 962 2459 hominis
991 2418 1160 2481 super
1204 2395 1473 2477 piscinam
1508 2418 1521 2455 :
1573 2408 1630 2454 et
1672 2397 1946 2473 separavit

354 2503 509 2565 Deus
531 2500 588 2553 in
616 2497 803 2554 medio
827 2513 986 2568 aquae
1014 2512 1143 2572 quae
1170 2503 1291 2557 erat
1315 2510 1484 2566 super
1502 2494 1944 2551 ﬁrmamentum:

363 2591 440 2645 Et
467 2591 655 2660 factum
685 2595 760 2641 est
792 2588 866 2646 sip
904 2595 954 2661 et
981 2585 1182 2639 vocavit
1221 2583 1360 2638 Deus
1412 2581 1811 2650 ﬁrmamentum
1844 2594 1950 2637 .008-

373 2682 490 2735 lum
513 2699 531 2746 ;
554 2690 599 2734 et
624 2680 753 2735 vidit
775 2678 915 2744 Deus
942 2676 1082 2748 quod
1114 2686 1243 2730 esset
1281 2674 1495 2728 bonum.
1531 2669 1675 2738 Quid
1719 2683 1950 2724 necesse

371 2782 496 2828 erat
533 2772 636 2838 die,
676 2785 889 2842 quaeso,
922 2769 1106 2831 facere
1133 2766 1240 2821 hoc
1264 2763 1567 2820 secundum
1597 2762 1780 2816 velum
1805 2778 1817 2814 :
1840 2775 1952 2815 ete-

364 2866 505 2932 lum,
529 2859 776 2935 inquam,
812 2860 962 2933 quod
1022 2860 1232 2915 dicitur
1284 2854 1742 2915 ﬁrmamentum?
1784 2851 1947 2909 Sulli-

359 2958 548 3014 ciebat
578 2957 730 3012 enim
760 2938 1003 3031 primum
1041 2953 1243 3007 caelum
1273 2950 1343 3006 ad
1359 2949 1534 3005 'situm
1558 2948 1691 3004 solis
1725 2955 1782 3002 et
1804 2947 1950 3002 lunae

356 3063 419 3109 et
443 3052 729 3107 stellarum
757 3049 826 3107 ad
859 3045 1276 3104 illuminandam
1307 3054 1530 3100 terram.
1553 3042 1610 3099 Si
1635 3051 1822 3097 autem
1843 3040 1951 3095 hoc

358 3143 593 3197 omnino
622 3155 852 3196 necesse
882 3146 1004 3192 erat
1024 3136 1168 3201 ﬁeri,
1196 3150 1300 3195 cur
1332 3149 1443 3189 non
1473 3131 1779 3189 secundum
1809 3144 1950 3201 quo-

356 3250 473 3304 que
503 3234 707 3288 caelum
753 3232 900 3287 sicut
937 3228 1180 3299 primum
1214 3226 1322 3285 fuit
1359 3224 1657 3296 indigena;
1692 3222 1788 3281 sed
1824 3230 1948 3279 tan-

355 3310 531 3399 quam
563 3340 631 3385 ex
676 3323 859 3397 aliqua
898 3327 1130 3384 externa
1155 3311 1406 3390 regione,
1434 3317 1617 3388 ipsum
1653 3315 1853 3375 extulit
1882 3331 1950 3370 ex

356 3424 518 3471 terra
541 3422 598 3469 et
623 3429 689 3467 ex
713 3415 835 3489 ejus
856 3411 1030 3483 guttis
1053 3410 1078 3464 ?
1107 3407 1425 3480 Superioris
1448 3421 1579 3477 ergo
1604 3405 1731 3461 εαξιί
1755 3415 1950 3469 natura

358 3488 950 3575 incomprehensibilis
990 3500 1125 3556 mihi
1161 3500 1384 3554 videtur
1428 3496 1634 3552 habere
1664 3504 1854 3568 typum
1886 3511 1951 3550 ac

354 3599 597 3670 ﬁguram
674 3594 984 3652 divinitatis
1052 3590 1469 3664 inaspectabilis
1523 3598 1581 3645 et
1640 3588 1953 3658 incompre-

354 3690 696 3761 hensibilis:
772 3688 1180 3744 ﬁrmamentum
1230 3691 1437 3750 autem,
1498 3680 1649 3757 quod
1710 3680 1781 3735 ab
1836 3679 1951 3735 imo

354 3782 634 3847 ascendit,
676 3780 848 3841 habet
895 3778 1125 3850 ﬁguram
1164 3775 1372 3833 Christi
1426 3772 1788 3831 humanitatis
1853 3788 1950 3826 seu

354 3873 569 3930 carnis.
634 3872 790 3943 Aqua
840 3878 1023 3924 autem
1060 3884 1187 3939 quae
1235 3882 1362 3922 cum
1412 3880 1480 3921 eo
1513 3864 1586 3919 ab
1615 3866 1728 3919 imo
1756 3878 1950 3923 ascen--

358 3966 452 4023 dit
521 3977 579 4020 et
657 3965 963 4033 intercepta
1047 3960 1156 4015 fuit
1231 3959 1290 4016 in
1367 3956 1554 4017 medio
1610 3955 1832 4026 primi,
1892 3963 1952 4016 et

356 4056 516 4129 quod
573 4055 795 4126 proprie
853 4061 941 4108 est
984 4052 1111 4108 coeli
1153 4060 1210 4106 ει
1243 4048 1409 4121 hujus
1441 4047 1773 4111 ﬁrmamenti
1803 4046 1951 4117 quod

356 4146 616 4206 ascendit
665 4145 735 4208 al)
792 4144 905 4201 imo
938 4160 952 4198 :
983 4141 1282 4200 describit
1315 4139 1612 4209 imaginem
1651 4138 1953 4210 impolluta:

356 4239 534 4313 335
562 4240 681 4309 ejus
722 4238 920 4293 animae
947 4252 1070 4306 qua:
1093 4244 1178 4292 est
1216 4233 1399 4288 media
1432 4232 1576 4287 inter
1604 4231 1949 4286 divinitatem

359 4340 426 4388 et
470 4331 652 4387 carnis
686 4328 1111 4385 crassitudinem
1151 4332 1340 4396 utpote
1385 4325 1531 4394 quod
1581 4324 1693 4380 sint
1739 4324 1797 4378 hi
1840 4324 1952 4379 duo

356 4422 493 4476 caeli
539 4438 551 4477 :
583 4437 652 4475 ex
692 4419 898 4491 quibus
935 4418 1171 4472 alterum
1213 4413 1437 4493 quidem
1472 4422 1557 4468 est
1595 4413 1948 4493 aspectabile,

356 4514 603 4569 alterum
644 4528 777 4568 vero
820 4528 928 4566 non
972 4509 1121 4566 cadit
1150 4507 1254 4565 sub
1296 4516 1600 4579 aspectum.

437 4605 571 4676 Ejus
588 4604 735 4677 quod
759 4604 969 4663 dictum
994 4613 1079 4659 est
1098 4600 1257 4657 testis
1278 4607 1365 4655 est
1385 4597 1687 4669 Gregorius
1713 4599 1769 4655 in
1792 4598 1960 4655 rebus

356 4698 575 4753 divinis
594 4697 921 4770 praeclarus,
939 4696 1132 4751 dicens
1152 4692 1370 4751 Domini
1392 4692 1634 4747 animam
1650 4706 1770 4748 esse
1790 4692 1961 4749 inter.

362 4790 608 4849 mediam
645 4789 792 4847 inter
820 4784 1165 4850 divinitatem
1188 4792 1253 4840 et
1283 4784 1467 4840 carnis
1489 4783 1914 4849 crassitudinem
1942 4804 1955 4839 :

361 4882 554 4942 anima
589 4882 739 4937 enim
770 4888 829 4936 et
856 4876 998 4953 aqua
1035 4880 1302 4941 dicuntur
1337 4879 1493 4956 signa
1525 4879 1658 4940 vita:
1685 4878 1743 4932 in
1771 4876 1958 4934 divina

361 4974 673 5044 Scriptura.
687 4972 824 5029 Vide
838 4975 986 5028 enim
1004 4971 1151 5042 quod
1168 4971 1369 5031 caelum
1386 4970 1609 5053 quidem
1626 4971 1885 5046 superius
1898 4980 1954 5027 et

354 5064 512 5136 quod
553 5080 665 5118 non
696 5065 844 5120 cadit
874 5064 977 5120 sub
1010 5071 1318 5134 aspectum,
1346 5071 1543 5121 natura
1578 5061 1648 5116 ab
1674 5061 1835 5117 initio
1856 5079 1954 5117 vo-

353 5164 548 5209 catum
582 5162 667 5208 est
710 5157 930 5210 cadum.
977 5154 1414 5208 Firmamentum
1457 5161 1641 5215 autem
1671 5154 1951 5208 materiale

350 5245 508 5315 quod
543 5245 611 5299 ab
638 5245 748 5303 imo
777 5246 1045 5307 ascendit,
1073 5260 1184 5300 non
1211 5254 1411 5301 natura
1451 5247 1520 5300 ab
1551 5245 1711 5301 initio
1745 5247 1948 5303 factum

348 5343 446 5389 est
475 5335 677 5389 cmlum
717 5353 731 5390 :
765 5336 860 5393 sed
906 5345 1031 5406 post
1076 5335 1340 5403 unionem
1374 5351 1538 5406 quam
1587 5337 1779 5393 habuit
1821 5355 1947 5394 cum

348 5428 502 5482 ccelo
531 5439 728 5483 natura
764 5428 1336 5499 inaspectabili,tunc
1366 5428 1547 5499 ipsum
1583 5445 1803 5501 quoque
1832 5447 1948 5487 cce-

345 5517 473 5572 lum
504 5528 591 5571 est
619 5519 972 5587 appellatum.
1005 5517 1112 5574 Sed
1150 5519 1413 5590 quoniam
1445 5530 1696 5575 sanctum
1728 5537 1949 5592 quoque

346 5610 573 5667 Christi
602 5627 804 5683 corpus
843 5612 1193 5670 deiﬁeatione
1224 5621 1281 5669 et
1311 5613 1517 5670 unione
1547 5614 1754 5671 dicitur
1779 5616 1946 5681 Deus,

2033 566 2335 629 naturales,
2380 580 2503 636 quae
2549 563 2710 618 dictae
2752 568 2884 616 sunt
2929 573 3115 613 rerum
3164 555 3509 615 traditiones,
3562 551 3614 604 id

2034 658 2221 713 dicere
2282 658 2689 712 ﬁrmamentum
2749 652 2896 724 quod
2946 652 3149 705 factum
3196 655 3282 701 est
3323 661 3389 700 ex
3437 644 3615 713 aquis.

2035 751 2169 806 Erat
2197 750 2428 821 abyssus
2452 748 2807 803 tenebrarum
2836 744 3016 806 sedes,
3052 742 3238 796 homo.
3268 738 3399 806 Qum
3433 746 3619 791 autem

2036 859 2134 914 per
2164 842 2446 899 Christum
2491 840 2728 895 exaltata
2760 846 2845 893 est
2889 850 3076 905 supra,
3110 831 3209 887 Dei
3240 831 3378 885 lucis
3412 827 3572 882 sedes
3607 844 3619 878 :

2037 934 2291 989 considet
2314 934 2483 989 etiam
2514 948 2640 989 cum
2668 947 2736 986 eo
2761 928 3063 984 individuo.
3098 926 3173 981 De
3200 924 3286 978 his
3316 924 3369 976 in
3401 920 3625 977 Christo

2040 1026 2211 1080 unitis
2256 1025 2411 1081 caelis
2456 1040 2555 1079 seu
2598 1022 2812 1078 naturis
2857 1021 3065 1074 dictum
3111 1026 3196 1071 est
3245 1014 3381 1069 iliud
3429 1030 3443 1065 :
3495 1011 3625 1066 Cmti

2040 1125 2300 1175 enarrant
2328 1117 2559 1189 gloriam
2588 1115 2682 1170 Dei
2706 1132 2727 1178 ;
2752 1115 2859 1169 hoc
2886 1121 2990 1175 est,
3018 1119 3228 1165 naturae
3251 1106 3458 1163 Christi
3490 1121 3630 1173 pra:-

2042 1212 2230 1271 dicant
2269 1219 2325 1266 et
2365 1212 2595 1282 gloriam
2636 1209 2811 1279 ipsius
2839 1206 2935 1262 Dei
2963 1202 3242 1274 Unigeniti
3268 1201 3364 1271 qui
3394 1215 3462 1257 ex
3494 1198 3630 1267 ipsis

2040 1308 2098 1352 et
2133 1299 2189 1353 in
2222 1298 2358 1369 ipsis
2389 1299 2794 1363 consideratur,
2823 1304 2880 1352 et
2905 1304 3214 1365 paternam,
3242 1306 3371 1347 eum
3401 1290 3630 1358 quidem

2041 1402 2098 1447 et
2127 1403 2190 1448 ut
2221 1393 2395 1448 Deum
2443 1392 2810 1455 declarantes,
2853 1400 2911 1445 et
2961 1396 3023 1443 ut
3071 1385 3354 1442 hominem
3401 1383 3499 1453 qui
3544 1390 3631 1436 est

2043 1485 2206 1541 simul
2237 1487 2296 1542 in
2327 1487 2447 1557 ipso
2475 1488 2654 1543 Deus.
2673 1487 2932 1541 Manuum
2969 1492 3153 1539 autem
3184 1483 3306 1553 ejus
3339 1481 3627 1539 facturam,

2044 1593 2168 1631 eum
2199 1585 2481 1647 oporteret
2505 1593 2652 1643 eum,
2687 1586 3024 1645 tangentem,
3060 1590 3160 1644 per
3190 1589 3251 1628 se
3279 1572 3500 1643 operari
3532 1589 3545 1624 :
3574 1572 3630 1625 iu

2042 1668 2329 1727 miraculis
2363 1669 2654 1724 annuntiat
2686 1669 3097 1725 ﬁrmamentum
3130 1686 3143 1720 :
3177 1667 3282 1722 hoc
3310 1674 3416 1732 est,
3444 1666 3538 1736 qui
3576 1665 3633 1719 in

2045 1778 2114 1817 eo
2143 1762 2391 1818 cernitur
2425 1762 2612 1819 homo.
2638 1761 2742 1817 Per
2770 1777 2896 1816 eum
2927 1760 3076 1816 enim
3107 1761 3443 1831 operabatur
3471 1758 3636 1815 mira-

2044 1852 2172 1907 cula
2215 1852 2544 1917 divinitatis,
2593 1868 2756 1922 quem
2781 1868 2817 1907 ε
2860 1864 3008 1911 terra
3051 1853 3400 1920 sustulerunt
3440 1852 3635 1907 dicen,

2051 1951 2158 1997 tem
2194 1960 2206 1996 :
2237 1942 2428 1997 Manus
2459 1951 2563 1999 tua:
2595 1943 2828 2013 fecerunt
2859 1960 2941 2001 me
2964 1951 3012 2003 et
3040 1941 3439 2013 plasmaverunt
3463 1959 3545 1995 me
3565 1944 3633 2008 ⁷⁵,

2050 2034 2460 2089 ﬁrmamentum
2510 2050 2543 2095 a
2590 2035 2951 2107 corruptione
3000 2036 3069 2095 ad
3134 2035 3633 2109 incorruptionem.

2049 2123 2205 2185 .Unde
2236 2126 2438 2181 coelum
2485 2126 2708 2196 quidem
2756 2126 2940 2187 carnis
2966 2126 3089 2197 ejus
3117 2125 3264 2196 quod
3292 2126 3536 2188 videtur,
3570 2142 3640 2181 ex

2050 2217 2283 2272 humore
2312 2231 2516 2280 terrae:
2548 2235 2748 2297 uentpe
2782 2235 2849 2273 ex
2897 2220 3164 2291 sanguine
3201 2219 3484 2281 terrestris
3510 2219 3641 2274 Vir-

2050 2308 2193 2376 ginis
2221 2308 2327 2364 sibi
2359 2308 2592 2374 editum,
2626 2310 2864 2365 firmavit
2896 2326 2992 2366 seu
3038 2311 3314 2382 compegit
3342 2310 3411 2369 ad
3450 2312 3639 2366 ineor-

2049 2400 2388 2469 ruptionem,
2432 2402 2694 2473 quoniam
2730 2413 2815 2457 est
2843 2403 2938 2457 Dei
2977 2419 3124 2458 caro.
3159 2403 3280 2458 Non
3325 2404 3472 2458 enim
3517 2419 3644 2459 Cur-

2052 2502 2214 2562 rupta
2246 2503 2350 2559 est,
2378 2503 2474 2549 aut
2509 2495 2740 2558 interiit,
2772 2495 2988 2550 etiamsi
3031 2510 3096 2550 ea
3135 2512 3258 2567 quae
3304 2504 3436 2552 sunt
3477 2506 3644 2551 uatu-

2052 2601 2127 2640 ηε
2152 2595 2342 2641 secuta
2369 2596 2455 2642 est
2483 2588 2649 2649 etiam
2694 2587 2749 2647 in
2776 2604 2967 2643 cruce.
3008 2589 3145 2642 Nam
3190 2589 3293 2643 etsi
3342 2588 3439 2645 Dei
3488 2604 3640 2653 caro,

2051 2690 2172 2739 erat
2214 2691 2398 2737 tamen
2434 2680 2621 2738 etiam
2654 2691 2865 2741 nostra.
2918 2682 3157 2744 Alteram
3203 2690 3412 2743 autem,
3444 2697 3645 2751 nerupe

2051 2787 2174 2841 quae
2195 2773 2501 2843 intercepta
2530 2781 2637 2836 est,
2661 2781 2724 2826 ut
2741 2772 2952 2831 dictum
2982 2782 3086 2835 est,
3124 2771 3307 2829 media
3338 2772 3484 2833 inter
3504 2772 3645 2827 duos

2053 2864 2224 2919 cmlos
2258 2881 2272 2916 :
2305 2863 2433 2918 dico
2475 2873 2660 2923 autem
2710 2863 2973 2925 animam,
3007 2872 3069 2919 nt
3096 2862 3307 2925 dictum
3331 2872 3439 2927 εει,
3473 2863 3644 2917 sumit

2052 2955 2108 3009 in
2152 2970 2251 3011 sua
2280 2955 2544 3019 essentia,
2578 2964 2641 3009 ut
2669 2971 2792 3024 qua:
2841 2971 2951 3015 non
3000 2969 3144 3024 opus
3189 2953 3423 3009 haberet
3456 2960 3516 3005 ut
3546 2953 3642 3005 lir-

2053 3058 2322 3111 maretur,
2353 3062 2422 3103 eo
2464 3045 2615 3119 quod
2646 3048 2768 3117 ejus
2796 3055 2994 3100 natura
3043 3045 3270 3107 minime
3317 3058 3642 3113 corrumpa—

1976 3156 2021 3216 ο
2055 3147 2165 3204 tur,
2196 3154 2301 3194 nec
2330 3139 2387 3197 in
2415 3155 2538 3194 eam
2571 3139 2731 3197 cadat
2760 3138 3034 3193 interitus.

2129 3231 2187 3286 Si
2227 3240 2411 3287 autem
2443 3232 2616 3296 voles,
2645 3248 2757 3286 non
2792 3231 3031 3301 accipies
3075 3230 3144 3285 de
3186 3231 3302 3285 sola
3346 3246 3511 3286 carne
3538 3229 3648 3284 Do-

2056 3321 2193 3377 mini
2227 3322 2533 3377 secundum
2581 3321 3012 3387 ﬁrmamentum,
3052 3338 3254 3393 nempe
3298 3338 3504 3387 aerem,
3545 3322 3643 3376 sed

2056 3412 2222 3467 etiam
2251 3412 2320 3468 de
2346 3415 2467 3484 ejus
2494 3412 2804 3475 divinitate.
2833 3412 3124 3480 Quomodo
3148 3413 3295 3469 enim
3327 3429 3423 3468 aer
3453 3414 3646 3483 implet

2057 3505 2265 3569 omnia,
2310 3516 2368 3561 et
2395 3505 2582 3562 nullus
2620 3516 2708 3561 est
2752 3506 2907 3564 locus
2938 3522 3006 3562 eo
3039 3522 3277 3573 vacuus;
3314 3506 3519 3561 dicitur
3543 3522 3646 3561 au-

2059 3606 2168 3652 tem
2204 3608 2260 3655 et
2289 3598 2361 3653 ab
2388 3598 2638 3661 externis
2670 3598 2828 3654 locus
2856 3614 3027 3669 capax
3056 3599 3306 3661 omnium
3341 3608 3398 3658 et
3424 3599 3519 3668 qui
3548 3614 3648 3670 po.

2059 3695 2167 3742 test
2195 3688 2380 3746 omnia
2413 3689 2698 3758 suscipere
2723 3707 2736 3743 :
2768 3699 2855 3744 est
2883 3699 3068 3744 autem
3099 3690 3265 3749 etiam
3291 3692 3642 3761 perspicuus.

2057 3779 2269 3833 nullius
2304 3796 2474 3850 capax
2518 3780 2727 3851 ﬁgurae,
2758 3791 2815 3836 et
2843 3782 3276 3852 inaspectabilis,
3310 3783 3407 3838 sed
3438 3783 3652 3839 faciens

2057 3870 2283 3940 quidem
2315 3880 2377 3927 ut
2407 3888 2496 3927 res
2524 3872 2821 3934 videantur
2846 3890 2974 3929 cum
3021 3874 3140 3945 ipse
3168 3877 3396 3937 omnino
3421 3893 3532 3932 non
3570 3878 3651 3931 vi,

2058 3962 2257 4018 deatur
2284 3980 2298 4016 :
2327 3963 2401 4019 ita
2426 3965 2595 4029 etiam
2618 3965 3007 4025 universorum
3042 3969 3190 4024 Deus
3220 3969 3415 4040 implet
3441 3971 3647 4033 omnia,

2057 4062 2115 4108 ει
2141 4055 2329 4110 nullus
2359 4064 2447 4111 est
2488 4057 2644 4115 locus
2675 4073 2743 4113 eo
2771 4074 3002 4115 vacuus.
3036 4061 3156 4116 Non
3200 4070 3285 4117 est
3310 4062 3460 4118 enim
3492 4079 3649 4117 crea-

2061 4153 2181 4201 tura
2212 4163 2334 4216 quae
2361 4164 2430 4209 ex
2461 4149 2580 4219 ipso
2619 4166 2731 4205 non
2761 4150 2833 4206 sit
2863 4153 3198 4222 conspicua;
3230 4161 3317 4213 est
3345 4164 3530 4216 autem
3561 4171 3650 4210 ca:-

2058 4252 2163 4307 pax
2193 4239 2440 4294 omnium
2468 4240 2563 4310 qui
2592 4250 2849 4311 quaerunt
2874 4245 3348 4314 comprehendere
3375 4263 3495 4301 eam
3527 4262 3651 4317 qua;

2058 4320 2124 4386 ei
2161 4331 2281 4402 ipso
2310 4333 2529 4388 exsistit
2557 4333 2985 4401 deiﬁcationem,
3017 4348 3387 4407 congruenter
3413 4338 3463 4391 ei
3500 4339 3649 4408 quod

2059 4438 2090 4477 a
2121 4423 2268 4478 Mose
2301 4423 2510 4479 dictum
2560 4434 2644 4481 est
2676 4445 2690 4482 :
2721 4427 2817 4482 Est
2858 4429 3000 4483 10cm
3050 4431 3194 4501 apud
3227 4448 3309 4484 me
3333 4433 3400 4497 "‘,
3450 4448 3650 4503 nempe

1991 4515 2032 4571 ι)
2062 4512 2298 4571 facultas
2326 4517 2669 4585 suscipiendi
2713 4527 2768 4573 te
2812 4528 2869 4574 et
2905 4527 3015 4574 tua.
3047 4520 3320 4587 Quidnam
3352 4532 3533 4583 autem
3564 4534 3651 4589 est

2055 4609 2206 4664 aliud
2237 4625 2306 4663 eo
2338 4610 2516 4681 magis
2561 4613 2939 4682 perspicuum,
2971 4615 3067 4686 qui
3115 4618 3512 4687 propemodum
3544 4617 3647 4674 ob-

2054 4699 2299 4759 eaeeabat
2327 4702 2522 4758 oculos
2550 4702 2951 4775 discipulorum
2999 4706 3055 4762 in
3104 4707 3367 4773 'Ihabor?
3414 4710 3512 4765 Est
3545 4727 3647 4765 au-

2056 4801 2167 4848 tem
2213 4792 2424 4851 nullius
2456 4809 2627 4864 capax
2681 4795 2887 4867 ﬁgurae,
2937 4799 3079 4855 adeo
3120 4809 3182 4854 ut
3227 4802 3434 4857 nullam
3480 4803 3645 4859 aliam

2057 4882 2327 4954 suscipiat
2348 4884 2607 4949 formam,
2638 4895 2899 4959 tanquam
2933 4891 3167 4951 formam
3200 4893 3257 4948 in
3285 4896 3535 4952 materia.
3561 4897 3646 4952 Ad

2058 4973 2177 5029 haec
2218 4982 2406 5031 autem
2451 4980 2692 5045 accedit,
2731 4980 2879 5051 quod
2925 4990 3011 5038 est
3059 4983 3489 5054 inaspectabilis.
3539 4988 3645 5056 Qui

2054 5067 2204 5122 enim
2236 5083 2404 5139 supra
2430 5070 2554 5140 ejus
2578 5079 2774 5141 pectus
2800 5074 3058 5133 recubuit
3086 5076 3226 5132 dixit
3253 5096 3266 5131 :
3293 5076 3465 5143 Deum
3493 5096 3646 5137 nemo

2054 5157 2184 5212 vidit
2213 5175 2452 5231 unquam
2484 5162 2550 5225 ⁷⁸,
2581 5162 2652 5217 Et
2677 5162 2810 5223 facit
2846 5166 3094 5235 quidem,
3133 5177 3193 5223 ut
3218 5170 3325 5225 alia
3356 5173 3647 5231 videantur

2055 5250 2125 5305 ab
2162 5250 2233 5307 iis
2264 5253 2359 5324 qui
2386 5252 2595 5317 habent
2618 5256 2857 5311 validam
2891 5260 3096 5315 mentis
3120 5264 3594 5334 perspicacitatem
3626 5287 3640 5322 :

2057 5351 2249 5413 utpote
2296 5346 2512 5416 angeli;
2543 5348 2745 5404 caelum
2787 5360 2846 5405 et
2872 5352 3135 5409 universa
3160 5365 3438 5423 creatura,
3470 5361 3646 5416 unde-

2055 5453 2182 5493 uam
2213 5448 2272 5494 et
2303 5441 2769 5510 quemadmodum
2803 5445 2948 5501 facta
2994 5448 3105 5502 sit:
3135 5447 3252 5518 ipse
3295 5460 3481 5508 autem
3530 5470 3643 5509 non

2055 5530 2353 5601 subjicitur
2386 5535 2891 5605 comprehensioni,
2925 5555 3106 5610 neque
3150 5543 3400 5599 cernitur
3444 5549 3644 5602 modus

2054 5622 2174 5692 ejus
2202 5623 2478 5679 essentize.
2511 5624 2627 5681 Hoc
2663 5643 2882 5700 quoque
2914 5646 3025 5687 non
3058 5639 3110 5688 te
3138 5646 3452 5706 praetereat,
3492 5640 3640 5709 quod

427 5791 483 5827 ’⁷³
515 5791 707 5849 Matth.
743 5810 798 5856 ι,
824 5794 913 5849 54.
988 5796 1035 5828 ⁷⁸
1066 5798 1212 5856 Psal.
1241 5818 1431 5872 cxvm,
1453 5808 1545 5862 75.
1620 5808 1665 5841 "
1689 5808 1865 5865 Exod.
1901 5826 1946 5865 ις

2051 5827 2088 5881 ι,
2113 5812 2204 5869 2i.
2285 5815 2331 5846 "
2355 5814 2513 5873 Joan.
2547 5833 2583 5885 ι,
2616 5818 2700 5875 {8.

722 5886 998 5949 I‘nnon.
1044 5889 1161 5955 GR.
1209 5895 1360 5957 LXX
1374 5899 1538 5963 XIX.

3267 5914 3349 5981 $28
