4098 6422
509 297 615 360 875

1701 308 1762 369 S.
1807 308 2203 370 ANASTASII
2243 314 2571 384 ΞΙΝΑΙΤίζΕ

3663 329 3777 394 87b

506 410 786 511 sicutaer
814 419 899 466 est
945 409 1251 511 viviﬁcator
1298 415 1588 473 hominum
1637 430 1694 476 ct
1742 439 1935 478 eorum
1982 440 2104 494 quze
2135 433 2174 486 Α
2207 429 2352 498 quod
2385 441 2518 486 sum
2553 435 2727 489 sancti
2779 437 2958 508 angeli
2993 437 3045 492 in
3093 439 3255 506 caelo,
3287 449 3432 511 quod
3480 458 3592 498 non
3641 447 3792 502 cadit

507 511 638 557 sunt
668 503 723 557 in
756 514 926 566 terra,
979 504 1053 560 ita
1083 507 1251 561 etiam
1284 508 1431 564 Deus
1467 513 1756 578 accedens,
1799 530 1897 570 eos
1923 516 2100 570 viviti-

505 605 597 650 eat
626 595 722 666 qui
757 596 952 652 vivunt
974 613 1042 652 ex
1068 599 1282 654 ratione
1314 617 1327 654 :
1360 603 1604 674 angelos,
1637 605 1884 676 inquam,
1911 618 1969 664 et
1997 608 2100 664 ho-

507 687 723 744 mines:
751 689 848 744 sed
880 698 934 745 et
979 706 1078 746 eos
1124 692 1293 747 etiam
1337 695 1432 764 qui
1473 706 1603 752 sunt
1633 697 1863 754 belluini
1891 701 1952 756 in
1982 701 2101 756 sola

501 801 602 840 eos
633 799 973 841 conservans
1005 788 1246 844 essentia
1281 807 1295 843 :
1326 805 1440 845 non
1471 791 1662 863 utique
1703 795 1773 850 ad
1815 811 1914 852 eos
1945 813 2103 854 acce-

501 878 658 943 dens,
692 887 748 932 et
794 894 920 934 cum
965 882 1048 935 eis
1083 882 1376 938 transiens.
1415 884 1570 951 Quod
1606 885 1654 941 si
1691 887 1858 942 etiam
1892 887 2098 944 intelli-

501 985 599 1041 gas
639 969 708 1026 de
737 971 948 1042 angelis
1000 980 1057 1027 et
1087 973 1435 1031 dmmonibus
1485 977 1620 1031 illud
1667 995 1680 1032 :
1718 978 1790 1032 Et
1830 983 2098 1050 separauit

501 1063 645 1117 Deus
679 1065 737 1118 in
777 1063 950 1118 medio
991 1081 1146 1136 aquw
1189 1083 1308 1138 qua:
1351 1077 1429 1122 est
1476 1069 1570 1124 sub
1619 1070 1994 1139 ﬁrmamento,
2048 1083 2100 1128 et

501 1173 662 1228 aqua:
691 1172 810 1228 quae
839 1166 917 1212 est
942 1174 1108 1229 supra
1147 1159 1586 1228 ﬁrmamentum;
1631 1164 1770 1218 nihil
1814 1165 2095 1238 intelligis,

499 1249 648 1320 quod
675 1249 958 1322 diserepet
980 1267 1010 1306 a
1035 1253 1260 1323 pietate.
1292 1255 1560 1310 Nonnulli
1585 1267 1770 1312 autem
1799 1258 1905 1314 hoc
1932 1261 2096 1316 etiam

500 1343 748 1400 referunt
776 1343 846 1399 ad
871 1343 1014 1400 duos
1044 1347 1300 1416 populos,
1332 1363 1533 1419 nempe
1563 1359 1619 1406 et
1649 1351 1717 1406 ad
1746 1366 1847 1406 nos
1872 1353 2098 1423 quidem

497 1453 708 1499 stantes
735 1443 832 1514 qui
864 1444 1005 1498 ﬁrmi
1033 1460 1228 1500 smnus
1253 1460 1318 1500 ac
1350 1446 1580 1503 stabiles
1602 1463 1770 1518 super
1795 1448 1944 1504 Petri
1968 1447 2097 1502 fun-

496 1536 841 1601 damentum,
872 1546 929 1592 et
958 1536 1106 1592 illius
1147 1536 1274 1592 ﬁdei
1310 1537 1650 1594 immobilem
1677 1539 2044 1595 constantiam
2077 1555 2092 1592 :

495 1637 553 1684 et
599 1629 668 1684 ad
700 1628 920 1684 Judams
953 1629 1050 1698 qui
1084 1629 1433 1694 ceciderunt,
1462 1639 1520 1686 et
1553 1632 1790 1703 subjecti
1834 1641 1962 1688 sunt
2005 1632 2093 1687 in-

495 1720 686 1778 feriori
734 1720 1103 1777 ﬁrmamento.
1141 1721 1330 1776 Potest
1375 1731 1561 1780 autem
1589 1724 1696 1779 hoc
1722 1739 1944 1794 quoque
1977 1723 2091 1778 dici

493 1813 565 1868 de
611 1813 775 1869 nobis
802 1822 859 1868 et
887 1813 956 1869 de
996 1813 1332 1870 adversariis
1364 1832 1378 1869 :
1410 1830 1661 1886 magnam
1696 1816 1845 1870 enim
1887 1815 2092 1871 daemo-

494 1921 631 1962 num
679 1905 1099 1961 multitudinem
1145 1907 1428 1978 separavit
1473 1909 1618 1963 Deus
1652 1907 1883 1963 veniens
1926 1923 2094 1978 super

492 2009 702 2054 terram
745 2005 802 2052 et
825 2013 924 2054 eos
966 1998 1118 2054 misit
1161 1999 1216 2054 in
1249 1999 1544 2072 abyssum;
1572 2015 1772 2072 nempe
1799 2000 1904 2056 sub
1932 2011 2093 2057 terrae

494 2092 906 2147 ﬁrmamentum
935 2107 1046 2162 quo
1073 2092 1226 2148 missi
1258 2101 1388 2148 sunt
1431 2091 1509 2146 illi
1541 2091 1636 2163 qui
1681 2101 1813 2148 sunt
1857 2092 2091 2163 ingressi

493 2182 552 2240 in
589 2200 811 2257 gregem
847 2199 1164 2255 porcorum,
1195 2193 1256 2240 ut
1281 2200 1408 2240 cum
1449 2185 1742 2256 pauciores
1770 2193 1956 2241 essent
1981 2185 2090 2240 ini-

492 2278 644 2343 mici,
673 2293 776 2333 nos
805 2287 955 2334 recte
985 2285 1042 2334 et
1071 2294 1139 2334 ex
1172 2278 1378 2334 virtute
1419 2277 1588 2333 vitam
1624 2292 1932 2349 ageremus.
1973 2278 2090 2332 Ali-

491 2369 717 2441 quando
754 2369 1038 2440 separavit
1066 2371 1234 2424 etiam
1269 2369 1498 2440 angelus
1524 2369 1621 2425 Dei
1659 2370 1717 2424 in
1748 2369 1909 2434 mari,
1937 2376 2090 2424 stans

492 2462 552 2517 iu
577 2462 764 2517 medio
797 2461 1020 2517 lsraelis
1044 2470 1100 2516 et
1125 2460 1531 2533 Egyptiorum,
1557 2469 1621 2516 ut
1641 2469 1962 2516 servaretur
1991 2475 2091 2530 po-

492 2553 660 2624 pulus
704 2553 823 2615 Dei,
857 2552 1294 2624 pmsigniﬁcans
1335 2551 1520 2623 inagni
1551 2551 1774 2606 consilii
1817 2551 2087 2621 Angelum

493 2647 590 2716 qui
623 2662 726 2702 nos
757 2653 880 2701 erat
921 2645 1260 2701 liberaturus
1289 2660 1321 2698 a
1352 2659 1517 2698 manu
1551 2643 1777 2698 diaboli.
1815 2643 2090 2698 Suavissi-

494 2751 620 2791 mus
651 2745 836 2791 autem
885 2734 1238 2806 Nyssaaorum
1275 2733 1606 2806 Gregorius,
1653 2733 2087 2804 intelligentiam

494 2829 770 2884 intellexit
796 2830 1140 2885 Potestatum
1171 2843 1292 2883 esse
1319 2843 1594 2897 aquarum
1629 2827 2083 2898 disiunctionem.

491 2921 628 2976 Nam
657 2921 797 2975 alias
818 2920 1045 2991 quidem
1085 2919 1377 2976 constituit
1406 2920 1552 2975 Deus
1577 2919 1634 2974 in
1661 2919 1817 2974 etelis
1841 2918 1909 2973 ad
1938 2916 2084 2973 divi-

493 3027 620 3066 nam
650 3011 1131 3083 gloriﬁcationem,
1157 3011 1374 3081 aliquas
1401 3021 1584 3065 autem
1614 3009 1684 3065 ad
1710 3007 2083 3064 ministerium

2203 522 2307 576 sub
2353 534 2658 593 aspectum,
2708 529 2813 583 hoc
2845 542 2973 586 sunt
3002 539 3059 585 ct
3094 532 3461 600 ﬁrmamento,
3493 537 3697 604 stellae;
3733 548 3792 594 et

2203 613 2256 668 in
2302 615 2572 698 Ecclesia,
2603 621 2798 675 sancti.
2836 621 2892 676 Si
2929 631 3113 678 autem
3162 625 3472 698 inhymnis
3515 629 3792 685 Daridieis

2200 696 2610 764 audias'etiam
2653 711 2806 766 calas
2859 713 3129 781 caelorum,
3186 696 3308 772 hate
3347 730 3434 773 est
3480 721 3794 789 proprietas

2200 799 2400 872 lingua:
2445 802 2748 870 Hebraicm,
2793 822 2916 876 qua:
2949 807 3226 878 singulare
3269 826 3412 880 saepe
3443 813 3689 868 nominat
3734 814 3792 868 in

2201 892 2422 962 plurali.
2483 894 2717 961 Quando
2767 905 2953 953 autem
2997 899 3156 954 audis
3189 900 3419 955 Paulum
3471 912 3684 973 raptum
3720 905 3794 958 ad

2202 988 2417 1040 tertium
2439 987 2625 1042 caelum
2640 989 2914 1058 ;primum
2941 992 3142 1046 uelum
3159 993 3410 1048 existima
3432 1009 3553 1048 esse
3579 1010 3791 1061 acrem,

2201 1088 2572 1150 congruenter
2604 1081 2656 1134 ei
2684 1081 2830 1150 quod
2859 1081 3105 1137 dicitur:
3134 1083 3273 1140 Novi
3315 1101 3508 1141 omnes
3536 1087 3794 1143 volucres

2201 1173 2346 1236 caeli,
2374 1174 2480 1228 hoc
2508 1183 2592 1229 est
2618 1177 2762 1230 aeris
2789 1193 2802 1229 :
2833 1175 3034 1233 deinde
3065 1178 3371 1232 secundum
3397 1181 3621 1244 cmlum,
3653 1181 3795 1236 stel-

2202 1267 2411 1332 larum;
2461 1275 2518 1322 et
2555 1267 2800 1332 tertium,
2850 1282 3171 1337 supremum
3207 1273 3406 1326 caelum
3443 1273 3791 1343 angelorum.

2199 1357 2418 1412 Etenim
2449 1357 2503 1413 in
2531 1359 2793 1415 exteriori
2823 1370 2978 1432 parte
3007 1363 3198 1433 templi
3224 1364 3402 1419 stabat
3429 1381 3621 1437 magna
3649 1367 3794 1422 mul-

2201 1447 2380 1503 titudo
2409 1449 2652 1517 Israclis,
2681 1451 2737 1505 in
2771 1451 3092 1508 interiorem
3129 1463 3312 1510 autem
3359 1457 3460 1510 soli
3513 1457 3794 1528 ingredie-

2200 1540 2401 1596 bantur
2435 1544 2771 1608 saccrdotes,
2803 1544 2858 1599 in
2888 1561 3008 1600 eam
3035 1562 3158 1616 qum
3183 1556 3268 1602 est
3297 1547 3445 1603 intra
3481 1550 3790 1605 secundum

2195 1633 2418 1697 velum,
2469 1633 2620 1689 solus
2665 1633 2935 1704 pontifex.
2985 1635 3273 1701 Quomodo
3315 1638 3480 1692 etiam
3531 1639 3586 1693 in
3632 1639 3792 1695 caelis

2198 1724 2468 1791 invenies,
2495 1725 2547 1779 in
2572 1726 2835 1780 exteriori
2861 1726 3085 1796 quidem
3111 1727 3252 1783 coelo
3275 1736 3329 1784 et
3355 1729 3501 1799 quod
3527 1739 3612 1785 est
3639 1730 3790 1801 apud

2203 1831 2302 1870 nos
2334 1833 2347 1869 :
2382 1815 2436 1870 in
2474 1815 2840 1881 ﬁrmamento,
2876 1817 3120 1887 inquam,
3151 1817 3305 1873 aerio
3333 1837 3346 1872 ε
3374 1819 3660 1874 volucrum
3692 1837 3790 1891 ge-

2203 1924 2335 1963 nera
2361 1907 2524 1963 simul
2552 1908 2783 1970 versari,
2816 1925 2938 1979 quae
2971 1907 3283 1979 significant
3308 1912 3594 1984 gregaletn
3615 1911 3793 1967 lsrae-

2199 1996 2267 2052 lis
2295 1997 2710 2052 multitudinem
2741 2015 2754 2052 :
2791 1999 2936 2054 intra
2967 2001 3371 2055 ﬁrmamentum
3418 2010 3600 2057 autem
3635 2002 3790 2072 quod

2198 2099 2446 2160 apparet,
2473 2100 2530 2145 et
2560 2089 2771 2162 ingredi
2819 2100 2876 2149 et
2917 2091 3118 2162 degere
3150 2100 3206 2148 et
3251 2093 3462 2148 servire
3503 2108 3568 2148 ae
3593 2094 3790 2149 colere

2197 2181 2568 2252 intelligentes
2609 2183 2950 2250 Potestates,
3004 2195 3061 2240 et
3105 2183 3248 2240 forte
3294 2186 3462 2240 etiam
3507 2187 3790 2256 iustorum

2197 2272 2426 2328 animas.
2451 2272 2640 2344 Supra
2675 2273 2983 2330 secundum
3009 2274 3209 2331 ctelum
3245 2275 3547 2346 (quodnam
3579 2277 3651 2332 sit
3684 2293 3789 2332 au-

2196 2372 2306 2418 tem
2331 2379 2444 2419 non
2474 2361 2771 2436 intelligo),
2797 2365 2904 2420 hoc
2923 2373 3023 2421 »εει
3049 2365 3356 2422 secundum
3383 2367 3591 2431 velum,
3621 2384 3790 2426 nemo

2193 2466 2279 2512 est
2310 2457 2587 2528 ingressus
2620 2457 2725 2512 nisi
2754 2458 2907 2513 solus
2933 2474 3098 2513 verus
3127 2457 3378 2513 Pontifex
3402 2459 3661 2516 Christus
3689 2461 3789 2532 qui

2193 2560 2278 2605 est
2309 2549 2556 2620 pontifex
2597 2549 2900 2606 secundum
2931 2551 3184 2604 ordinem
3216 2551 3642 2608 Melchisedech.
3671 2553 3788 2610 Su-

2193 2643 2382 2714 perius
2402 2652 2598 2699 autem
2628 2643 2829 2700 cmlum
2855 2643 3113 2698 existimo
3143 2657 3264 2699 esse
3307 2644 3464 2699 sinus
3496 2654 3784 2714 paternos.

2191 2733 2274 2789 Tu
2311 2742 2496 2790 autem
2527 2735 2754 2806 quando
2781 2735 3028 2790 audieris
3054 2735 3232 2791 Deum
3274 2751 3399 2791 esse
3427 2747 3495 2792 et
3517 2737 3786 2795 habitare

2193 2826 2246 2881 in
2276 2826 2451 2893 caelis,
2475 2841 2545 2882 ex
2567 2825 2752 2882 divina
2775 2825 3098 2896 "Scriptura,
3135 2836 3231 2882 aut
3263 2843 3386 2884 esse
3421 2828 3564 2883 intra
3592 2829 3784 2885 velum

2191 2915 2498 2972 secundum
2527 2933 2541 2970 :
2567 2931 2638 2971 ne
2673 2915 3014 2971 intellexeris
3059 2917 3272 2998 aliquas
3305 2918 3784 2991 circumscriptio-

2189 3027 2309 3077 nes,
2340 3021 2397 3068 et
2425 3013 2628 3068 locales
2655 3013 3044 3078 habitationes,
3079 3020 3134 3068 et
3158 3006 3701 3083 transmigratienes,
3727 3024 3784 3071 et

492 3105 548 3159 in
584 3114 728 3160 terra
755 3105 1154 3160 convenienter
1185 3104 1234 3158 ci
1263 3103 1359 3174 qui
1392 3103 1530 3157 dicit
1555 3117 1652 3158 eas
1676 3101 2080 3156 administrato-
2109 3131 2152 3190 ο
2188 3117 2472 3167 ascensus,
2501 3111 2557 3158 et
2587 3119 2860 3176 egressus.
2889 3103 3025 3158 Nam
3056 3117 3182 3158 cum
3225 3103 3298 3158 sit
3336 3101 3564 3159 humilis
3589 3113 3647 3160 et
3677 3105 3780 3160 ab-

491 3198 598 3250 rios
631 3197 850 3268 spiritus
885 3196 976 3264 qui
1009 3196 1293 3248 mittuntur
1331 3194 1402 3248 ad
1434 3195 1600 3249 nostri
1643 3193 1994 3248 ministerium
2031 3199 2083 3246 et

493 3289 719 3342 salutent
749 3288 818 3342 ".
851 3288 1046 3342 Videte
1089 3287 1261 3350 enim,
1311 3285 1494 3356 inquit
1529 3285 1806 3349 Christus,
1857 3300 1922 3338 ne
1960 3300 2088 3338 con-

495 3381 743 3434 temnatis
777 3396 943 3433 unum
976 3394 1038 3431 ea:
1070 3377 1275 3448 pusillis
1305 3377 1400 3446 qui
1434 3376 1492 3430 in
1522 3391 1609 3431 me
1654 3375 1889 3431 credunt
1915 3391 1928 3429 :
1953 3374 2082 3430 Dico

494 3474 634 3526 enim
659 3471 820 3535 vobis,
838 3470 976 3542 quod
1000 3467 1176 3539 angeli
1199 3483 1382 3522 eorum
1413 3473 1664 3538 perpetuo
1690 3465 1865 3520 uident
1895 3466 2082 3537 faciem

493 3564 808 3640 Patris'mei
839 3565 928 3634 qui
961 3571 1036 3616 est
1070 3563 1124 3615 in
1158 3559 1300 3616 caelis
1333 3560 1400 3612 ’⁸.
1437 3558 1494 3614 Si
1532 3568 1715 3614 autem
1753 3557 2078 3630 interrogas,

491 3666 548 3710 et
585 3657 862 3728 quomodo
900 3655 1070 3709 Deum
1107 3669 1260 3708 nemo
1289 3652 1414 3706 vidit
1447 3651 1731 3722 unquam?
1757 3650 1900 3706 scias
1932 3650 2080 3720 quod

493 3748 550 3801 in
607 3745 747 3800 Filio
793 3754 1053 3816 tanquam
1097 3745 1154 3799 in
1197 3744 1383 3813 aliquo
1423 3741 1614 3797 divino
1658 3741 1884 3811 speculo
1926 3740 2084 3796 vide-

492 3837 876 3902 mus-gloriam
923 3835 1119 3897 Patris,
1153 3839 1524 3904 congruenter
1545 3830 1597 3884 ei
1621 3829 1769 3899 quod
1813 3830 2081 3900 scriptum

492 3939 579 3985 cst
604 3949 616 3984 :
645 3928 746 3995 Qui
776 3945 857 3982 me
885 3929 1035 3991 uidit,
1067 3926 1194 3981 vidit
1231 3933 1282 3978 et
1306 3924 1546 3988 Patrem,
1571 3921 1713 3993 quod
1741 3937 1834 3992 ego
1879 3922 1980 3975 sim
2025 3922 2080 3974 in

497 4022 676 4082 Patre,
709 4029 759 4075 et
785 4020 945 4074 Pater
969 4021 1024 4073 in
1056 4035 1136 4072 me
1160 4020 1226 4072 τυ.

546 4114 840 4184 intelliges
899 4113 1068 4167 etiam
1120 4111 1356 4166 duarum
1409 4123 1677 4179 aquarum
1725 4107 2078 4174 divisionem,

487 4209 668 4279 iustos
708 4205 804 4276 qui
836 4212 1167 4274 separentur
1187 4217 1221 4256 a
1265 4201 1672 4272 peccatoribus,
1703 4201 1828 4256 illos
1855 4200 2081 4270 quidem

491 4299 588 4367 qui
622 4297 914 4367 rapiuntur
947 4297 1002 4350 in
1039 4293 1282 4348 nubibus
1305 4308 1471 4364 supra
1505 4291 1946 4358 fundamentum,
1977 4292 2082 4347 hos

492 4406 625 4443 vero
655 4387 751 4458 qui
795 4386 936 4442 infra
977 4385 1434 4440 transmittuntur
1471 4383 1540 4438 ad
1618 4380 1847 4438 inferos.
1883 4382 2084 4438 Nescio

2185 3195 2331 3266 jecta
2380 3203 2567 3250 nostra
2600 3203 2817 3262 natura,
2855 3210 2981 3250 cum
3011 3209 3097 3261 ea,
3133 3201 3300 3264 ριόιιι
3340 3202 3426 3250 εει
3457 3211 3645 3267 capax.
3675 3213 3780 3253 au-

2189 3287 2397 3352 diendi,
2428 3287 2672 3358 loquitur
2704 3286 2946 3358 Spiritus
2975 3295 3218 3342 sanctus.
3243 3287 3383 3358 ‘Ejus
3413 3297 3599 3343 autem
3625 3289 3778 3358 quod

2188 3381 2445 3446 dicimus,
2493 3381 2650 3440 testis
2682 3388 2765 3434 est
2814 3379 2976 3435 nobis
3023 3379 3301 3450 proposita
3336 3379 3620 3450 Scriptura
3656 3379 3776 3434 uo.

2187 3474 2354 3538 saica,
2393 3489 2514 3545 qua:
2543 3471 2789 3528 continet
2819 3471 3066 3542 quaedam
3100 3487 3286 3528 crassa
3313 3471 3482 3528 verba
3521 3482 3577 3526 et
3623 3471 3774 3526 indi-

2187 3582 2292 3638 gna
2318 3567 2430 3620 Deo
2465 3565 2555 3636 qui
2581 3581 2692 3620 non
2723 3572 2907 3634 potest
2931 3565 3317 3620 circumscribi
3348 3583 3363 3619 :
3389 3580 3512 3636 quae
3546 3565 3775 3636 quidem

2189 3660 2365 3716 Moses
2396 3675 2506 3714 non
2527 3674 2558 3713 a
2585 3658 2748 3714 domo
2776 3673 2873 3712 sua
2909 3657 3160 3727 protulit,
3193 3657 3287 3713 sed
3311 3658 3475 3724 Deus,
3501 3675 3627 3714 cum
3655 3658 3774 3729 ipse

2186 3767 2288 3824 per
2336 3762 2556 3808 sanctos
2599 3751 2824 3822 angelos
2867 3749 2925 3804 in
2968 3760 3156 3806 monte
3190 3751 3340 3807 Sinai
3385 3751 3505 3808 hrec
3548 3752 3773 3808 loeutus

2187 3853 2335 3901 esset
2365 3843 2421 3898 in
2453 3827 2964 3898 tabernaculo.-Sed
2995 3847 3099 3897 nec
3125 3857 3325 3898 nomen
3351 3859 3512 3898 suum
3543 3845 3772 3906 omnino

2187 3937 2373 4008 posuit
2416 3936 2594 3991 Moses
2624 3935 2680 3990 in
2725 3936 2844 4006 ejus
2872 3934 3256 4006 inscriptione,
3285 3944 3349 3992 ut
3379 3936 3631 3991 fecerunt
3663 3952 3770 3992 cae-

2188 4029 2291 4086 teri
2351 4027 2637 4098 prophetia
2701 4025 2758 4080 in
2821 4025 2980 4080 libris
3039 4041 3263 4103 suarum
3327 4027 3766 4098 prophetiarum.

2185 4121 2355 4193 866
2373 4117 2528 4186 Quod
2559 4127 2742 4173 autem
2769 4117 2946 4187 angeli
2983 4118 3099 4172 hate
3129 4128 3428 4173 narrarunt
3457 4118 3614 4182 Mosi,
3643 4119 3768 4174 audi

2189 4212 2416 4268 Paulum
2449 4210 2722 4265 dicentem
2756 4209 2810 4263 in
2853 4207 3092 4278 Epistola
3138 4208 3206 4263 ad
3235 4209 3492 4264 Hebrzeos
3527 4209 3596 4264 de
3628 4209 3771 4265 Seri-

2188 4309 2349 4372 plura
2379 4300 2515 4370 legis
2541 4299 2788 4353 Mosaicae
2821 4317 2834 4352 :
2869 4297 2927 4353 Si
2963 4301 3100 4352 enim
3125 4299 3215 4368 qui
3243 4314 3336 4368 per
3364 4298 3579 4368 angelos
3606 4298 3770 4352 dictus

2188 4402 2264 4448 est
2293 4407 2486 4457 sermo,
2513 4391 2618 4460 fuit
2645 4390 2833 4459 ﬁrmus
2863 4397 2914 4444 et
2937 4389 3142 4444 stabilis
3166 4389 3233 4443 '°.
3262 4387 3528 4444 Similiter
3553 4398 3610 4444 et
3639 4389 3768 4444 bea-

491 4479 802 4550 enimquid
837 4487 982 4534 esset
1005 4491 1165 4548 opus,
1193 4482 1256 4530 ut
1279 4490 1437 4546 aquae
1465 4475 1743 4530 ferrentur
1773 4489 1940 4545 supra
1971 4489 2084 4530 eoe-
2118 4495 2158 4551 ο
2189 4495 2278 4542 ms
2330 4483 2644 4554 stephanus
2691 4481 2752 4537 in
2804 4481 2956 4537 Actis
3001 4481 3378 4552 apostolorum
3438 4480 3506 4536 ad
3552 4481 3770 4536 Judzeos

492 4575 628 4628 lum.
658 4572 802 4628 Num
829 4569 1048 4625 volebat
1087 4569 1236 4624 Deus
1258 4574 1320 4622 ut
1346 4565 1608 4636 angelica:
1639 4573 1940 4636 potestates
1982 4581 2085 4620 νεε-

491 4674 783 4722 sectentur
833 4661 1116 4733 piscibus?
1157 4659 1268 4728 Qui
1321 4661 1473 4716 enim
1520 4675 1590 4714 ex
1636 4658 1796 4728 aquis
1846 4657 2087 4713 ﬁrmavit

490 4759 715 4822 caelum,
757 4767 816 4812 et
858 4771 1028 4826 super
1068 4769 1239 4824 aquas
1281 4751 1574 4824 suspendit
1609 4763 1832 4815 terram,
1869 4759 2086 4821 poterat

489 4853 658 4908 etiam
687 4851 808 4906 sine
847 4865 988 4920 aqua
1033 4847 1422 4902 iudissolubile
1453 4844 1736 4900 custodire
1770 4843 2087 4899 ﬁrmamen-

491 4955 608 5000 tum
655 4943 822 4998 ctiam
861 4957 930 4996 ex
979 4941 1104 5010 igne
1151 4939 1306 4995 solis.
1354 4938 1600 4992 Duorum
1639 4951 1772 5007 ergo
1805 4937 2082 4990 caelorum

492 5045 706 5094 tantum
727 5034 1150 5091 fabricationem
1175 5030 1474 5086 didicimus
1495 5044 1564 5083 ex
1589 5042 1743 5082 saera
1769 5026 2078 5097 Scriptura,

493 5136 551 5190 in
580 5144 768 5205 typum
797 5147 867 5186 ac
899 5130 1128 5201 figuram
1172 5127 1408 5183 duorum
1451 5125 1702 5178 velorum
1735 5121 1925 5192 templi
1947 5135 2082 5192 ‘qna:

493 5227 806 5297 signiﬁcant
845 5224 984 5278 duas
1030 5229 1258 5283 naturas
1295 5218 1446 5283 Jesu,
1473 5225 1531 5272 et
1574 5216 1811 5271 duorum
1841 5217 2078 5286 populo-

497 5335 642 5384 rum,
673 5317 988 5374 ctdaarum
1032 5314 1408 5370 Ecclesiarum
1453 5327 1468 5365 :
1513 5325 1792 5380 supernae,
1839 5310 2082 5380 inquam,

493 5410 824 5475 Jerusalem,
863 5418 919 5464 et
959 5416 1182 5473 nostrae,
1222 5405 1490 5460 ﬁdelium.
1534 5403 1693 5470 Quod
1737 5402 1884 5457 enim
1921 5417 2086 5472 supe-

495 5503 629 5556 riori
667 5502 807 5556 coelo
835 5502 979 5555 Deus
1008 5508 1094 5554 est
1123 5500 1192 5555 ad
1244 5498 1464 5561 lumen',
1513 5496 1620 5552 hoc
1651 5494 1792 5551 caelo
1831 5493 2084 5548 inferiori

496 5603 583 5648 est
626 5594 729 5656 sol,
771 5602 828 5647 et
865 5592 1212 5649 lirmamento
1251 5589 1539 5655 Ecclesim,
1591 5587 1970 5658 Evangelium.
2019 5586 2086 5640 Et

569 5773 614 5806 ττ
650 5771 816 5828 llehr.
852 5789 890 5840 ι,
933 5771 1017 5825 ll.
1095 5769 1138 5802 ⁷⁸
1172 5769 1363 5827 Matth.
1398 5782 1552 5834 xvm,
1586 5765 1668 5822 10.
1744 5767 1790 5802 τε
1817 5765 1980 5822 Joan.
2015 5779 2088 5818 xu

2192 5769 2220 5828 ι,
2257 5761 2342 5816 10.
2421 5762 2464 5794 ⁸ο
2497 5759 2662 5816 Hebr.
2700 5775 2760 5828 tt,
2791 5759 2846 5815 9..

2185 4576 2355 4633 verba
2394 4574 2624 4641 faciens,
2650 4573 2871 4629 dicebat
2909 4572 2978 4628 de
3011 4573 3158 4629 Mose
3185 4591 3198 4627 :
3240 4571 3337 4626 Hic
3363 4580 3439 4627 est
3471 4575 3560 4644 qui
3586 4573 3686 4643 fuit
3714 4573 3768 4626 in

2185 4667 2424 4724 Ecclesia
2453 4669 2508 4721 in
2537 4666 2822 4720 solitudine
2851 4680 2968 4719 cum
3019 4663 3210 4736 angelo
3237 4663 3328 4734 qui
3363 4664 3697 4734 loquebatur,
3721 4672 3769 4716 et

2183 4765 2238 4816 in
2270 4767 2446 4813 monte
2487 4756 2640 4822 Sina,
2688 4763 2738 4810 et
2772 4771 2890 4810 cum
2931 4757 3169 4826 patribus
3208 4759 3427 4821 nostris,
3451 4757 3540 4827 qui
3569 4756 3769 4824 accepit

2185 4851 2344 4908 verba
2383 4852 2504 4905 vita:
2547 4857 2604 4902 ut
2634 4849 2798 4902 uiaret
2847 4848 2992 4902 nobis
3020 4848 3090 4902 δι.
3135 4849 3277 4902 Ecce
3305 4856 3490 4918 aperte
3522 4835 3708 4901 audivi
3738 4859 3769 4898 a

2189 4945 2381 5008 Paulo,
2413 4941 2714 5011 Stephano,
2739 4939 3023 5011 apostolis,
3047 4953 3167 4994 esse
3197 4939 3420 5010 angelos
3441 4938 3536 5010 qui
3594 4953 3770 4994 enun-

2191 5039 2399 5092 tiaruut
2443 5033 2646 5088 librum
2676 5031 2906 5088 Genesis
2934 5031 3069 5085 Mosi
3114 5041 3212 5086 :et
3238 5047 3302 5086 ea
3343 5031 3412 5086 dc
3453 5046 3620 5086 causa
3659 5046 3766 5086 non

2186 5125 2470 5196 inscsipsit
2495 5140 2622 5180 eum
2653 5138 2752 5177 suo
2789 5121 3028 5175 nomine.

2259 5219 2524 5276 Przeterca
2554 5231 2665 5270 non
2695 5224 2780 5269 est
2810 5214 2914 5270 hoc
2947 5229 3168 5285 quoque
3211 5212 3762 5284 przetermittendum,

2185 5308 2653 5382 quemadmodum
2695 5306 2846 5360 hunc
2877 5305 3022 5361 diem
3067 5305 3357 5376 appellarit
3400 5304 3705 5360 secundum
3749 5321 3762 5357 :

2182 5403 2440 5458 existimo
2475 5410 2658 5456 autem
2689 5399 2740 5454 id
2771 5415 2894 5454 esse
2936 5399 3140 5453 factum
3171 5407 3296 5468 apte
3329 5397 3492 5452 simul
3535 5406 3592 5451 et
3618 5412 3762 5450 vere.

2185 5495 2240 5550 Si
2269 5493 2414 5550 enim
2443 5494 2588 5548 Deus
2627 5506 2738 5546 non
2771 5485 2896 5546 ideo
2939 5489 3198 5546 formavit
3225 5490 3506 5544 hominem
3551 5497 3612 5542 ut
3641 5503 3764 5558 pro.

2187 5595 2308 5657 pter
2352 5586 2530 5656 ipsum
2576 5583 2804 5638 subiens
2851 5583 3036 5638 crucis
3081 5583 3409 5652 patibulum,
3461 5580 3756 5636 alliceretut

2923 5760 2964 5792 ⁸¹
3001 5760 3121 5816 Act.
3161 5774 3254 5824 vn,
3288 5758 3376 5814 58.
