4098 6474
311 444 420 510 8ῗῖ

1395 439 1475 498 ΙΝ
1517 432 2073 496 HEXAEMERON.
2104 457 2173 467 -
2209 432 2357 494 LIB.
2399 431 2516 491 IlI.

3411 445 3418 455 τ
3490 423 3598 484 8'78

307 557 512 630 Iniuria
541 575 554 611 :
579 565 633 610 ct
653 557 754 619 sic,
779 571 874 626 per
897 569 956 612 se
985 562 1041 608 et
1065 568 1196 608 suos
1221 537 1529 622 discipulos
1546 551 1614 606 ad
1639 566 1698 606 se
1721 551 1907 606 trahe-
1934 577 1981 632 Α
2006 547 2276 602 Mosaieos
2300 558 2356 600 et
2379 543 2738 616 propheticus
2761 550 2814 598 ct
2839 541 3131 596 Davidicos
3166 555 3473 598 sermones,
3498 542 3602 631 ali-

306 658 392 706 ret
419 643 727 706 humanum
761 663 972 718 genus:
1001 647 1099 701 sed
1129 654 1190 700 ut
1215 645 1332 715 ipse
1359 644 1454 715 qui
1491 644 1672 701 fuerat
1700 645 1904 700 forma-

305 755 421 809 tus,
449 742 645 798 ﬁrmus
668 747 917 796 maneret
939 753 1004 794 ac
1029 738 1246 794 stabilis
1269 739 1324 792 in
1353 738 1422 794 iis
1451 753 1574 808 quae
1603 736 1656 792 ei
1683 737 1906 792 fuerant

307 839 523 894 tributa
569 837 628 891 in
673 835 849 899 Edon,
901 832 1129 888 minime
1177 827 1372 887 ab'eis
1411 831 1727 886 abstractus
1766 847 1780 882 :
1813 829 1904 884 ille

302 946 448 987 vero
471 945 598 986 cum
627 943 738 986 non
763 925 1184 998 permansisset,
1211 924 1392 980 victus
1417 932 1503 979 est
1524 931 1581 979 et
1607 923 1816 995 ejectus
1837 938 1906 982 ex

301 1021 487 1088 Eden',
515 1021 921 1088 damnatusque
948 1015 1018 1072 ad
1052 1015 1468 1086 corruptionem
1495 1022 1552 1071 et
1575 1015 1862 1070 interitum
1887 1030 1902 1067 :

303 1117 500 1186 itaque
521 1111 812 1184 oportebat
829 1109 1023 1166 venire
1049 1109 1235 1178 aliqua
1259 1107 1538 1178 prioribus
1561 1105 1724 1162 bonis
1745 1105 1907 1176 longe

301 1207 562 1270 meliora,
592 1220 657 1260 ea
685 1211 870 1258 autem
913 1209 1094 1266 erant,
1125 1201 1246 1272 ejus
1279 1199 1376 1270 qui
1417 1214 1522 1255 nos
1547 1207 1635 1255 est
1667 1198 1905 1254 fabrica-

303 1310 402 1354 tus
433 1299 689 1352 humana:
727 1302 940 1349 natura:
973 1291 1272 1362 susceptio.
1305 1291 1376 1345 Et
1403 1305 1554 1346 nunc
1579 1289 1648 1346 ab
1681 1289 1793 1344 imo
1819 1304 1908 1345 as-

301 1391 554 1447 cendens
579 1389 792 1444 aerium
823 1386 1231 1442 ﬁrmamentum
1261 1400 1328 1440 ex
1355 1385 1514 1454 aquis
1555 1392 1736 1450 terrm,
1763 1397 1907 1454 quo-

307 1486 489 1550 niam,
535 1479 852 1536 humanitas
897 1492 999 1548 per
1028 1476 1314 1533 Christum
1356 1483 1444 1532 est
1486 1483 1789 1544 assumpta,
1823 1481 1909 1530 est

302 1573 476 1634 simul
505 1587 634 1627 cum
663 1582 866 1640 magno
897 1556 966 1623 et
1006 1567 1188 1637 primo
1221 1565 1386 1629 creto,
1418 1579 1544 1620 cum
1585 1562 1777 1628 Verbi,
1823 1561 1909 1618 in.-

303 1681 498 1740 quam,
535 1661 848 1725 divinitate,
889 1657 1134 1714 assidue.
1178 1657 1249 1712 Et
1291 1657 1410 1712 haec
1455 1655 1599 1712 facta
1640 1664 1773 1711 sunt
1821 1671 1909 1710 se-

305 1757 538 1822 cunda,
597 1763 662 1810 ut
698 1751 1342 1825 prima,medicamento
1397 1747 1677 1815 adhibito,
1742 1763 1904 1807 enra-

307 1858 530 1904 rentur.

2009 635 2234 706 quando
2277 635 2499 705 quidem
2537 633 2790 703 accipere
2837 645 3012 702 aquas
3054 644 3154 700 pro
3195 619 3610 700 gentilms,'ali-

2009 729 2234 800 quando
2279 737 2463 784 autem
2513 744 2612 798 pro
2657 723 3084 784 tentatiunibus,
3131 722 3429 792 aliquando
3477 739 3608 775 Vt't‘u

2012 837 2111 893 pro
2134 821 2339 876 divinis
2365 820 2694 890 disciplinis.
2732 828 2789 876 ct
2825 826 2923 888 pro
2945 823 3138 872 sancto
3167 815 3400 886 Spiritu,
3424 825 3475 868 ct
3507 830 3608 884 pro

2009 915 2183 986 gratia
2233 914 2600 985 baptismatis.
2663 911 2954 979 Quomodo
3004 909 3173 966 etiam
3235 910 3438 964 cmlum
3501 908 3604 962 ali-

2009 1004 2234 1074 quando
2287 1005 2514 1075 quidem
2569 1004 2844 1075 signiﬁcat
2893 1003 3073 1072 ipsum
3127 999 3535 1054 ﬁrmamentum
3587 1015 3601 1050 :

2011 1093 2310 1166 aliquandiu
2352 1108 2536 1152 autem
2584 1095 2753 1150 etiam
2806 1097 3064 1149 caelestes
3122 1093 3461 1151 l‘otcstates,
3511 1098 3613 1143 aut

2009 1189 2179 1243 etiam
2205 1170 2304 1245 cor
2331 1204 2496 1244 omne
2528 1203 2697 1259 super
2717 1188 2866 1259 quod
2893 1189 3038 1243 Deus
3067 1184 3388 1254 requiescit.

2082 1281 2294 1336 Montes
2350 1297 2575 1352 quoque
2639 1281 2829 1336 multis
2897 1279 3075 1334 modis
3150 1277 3602 1347 intelliguntur:

2011 1361 2372 1444 accipiuntur
2449 1375 2598 1430 enim
2678 1389 2781 1444 pro
2864 1372 3022 1429 caelis
3105 1379 3158 1426 et
3245 1385 3344 1440 pro
3413 1369 3608 1424 Eccle-

2011 1462 2114 1528 sia,
2148 1474 2206 1519 et
2233 1480 2334 1536 pro
2359 1465 2594 1536 angelis,
2625 1477 2679 1520 et
2704 1481 2808 1536 pro
2836 1465 3019 1528 altari,
3046 1475 3104 1517 et
3144 1479 3244 1532 pro
3267 1461 3608 1516 adversariis

2009 1556 2398 1627 potestatibus,
2426 1565 2482 1611 et
2517 1571 2616 1626 pro
2642 1566 2833 1610 sancta
2861 1554 3083 1626 Virgine
3107 1561 3162 1608 et
3189 1553 3285 1607 Dei
3313 1549 3604 1621 genitrice.

2013 1648 2283 1705 Similiter
2307 1649 2476 1704 etiam
2505 1648 2661 1703 ﬂuvii
2688 1659 2745 1704 et
2766 1649 2970 1712 fontes,
3000 1654 3058 1702 et
3099 1645 3321 1715 plantae,
3351 1655 3408 1700 et
3434 1654 3606 1706 terra,

2011 1749 2069 1795 et
2104 1740 2371 1807 tenebrat,
2414 1741 2593 1796 nubes
2637 1749 2696 1796 et
2739 1739 2895 1796 venti
2927 1757 2941 1793 :
2969 1747 3027 1796 et
3073 1748 3134 1793 ut
3179 1740 3349 1794 semel
3396 1737 3604 1798 dicam,

2011 1835 2196 1889 omnis
2231 1835 2588 1906 aspectaliilis
2619 1844 2678 1890 et
2716 1849 2840 1904 qua:
2867 1833 2972 1888 sub
3000 1842 3286 1904 aspectum
3317 1847 3426 1887 non
3459 1831 3610 1887 cadit

381 1942 685 2010 Propterea
733 1936 860 1994 dies
899 1933 1178 1991 scdundus
1221 1941 1280 1989 et
1313 1931 1460 1988 actio
1488 1929 1733 1986 secunda
1761 1928 1906 1984 dici-
1941 1929 1983 1984 Β
2011 1937 2268 1984 creatura
2298 1923 2654 1983 multifariam
2675 1927 2982 1998 multisque
3007 1927 3190 1983 modis
3217 1927 3610 1998 intelliguntur

311 2044 426 2100 tur,
457 2031 768 2090 Servatoris
812 2029 1070 2085 humanae
1102 2034 1316 2082 natura:
1359 2025 1660 2095 susceptio.
1709 2023 1908 2091 Quam,

313 2127 411 2199 qui
455 2127 584 2180 hinc
630 2133 686 2180 et
730 2121 884 2178 illinc
923 2121 1187 2180 discrevit
1217 2119 1468 2174 ﬁdelium
1511 2126 1568 2173 et
1601 2117 1910 2176 inﬁdelium

313 2233 492 2289 aquas
515 2232 616 2287 per
643 2215 1050 2269 ﬁrmamentum
1082 2210 1212 2267 ﬁdei
1254 2227 1268 2266 :
1306 2207 1752 2265 Christianorum
1790 2208 1912 2264 dies

310 2303 664 2376 signiﬁcavit.
719 2302 963 2373 Apparet
1010 2309 1198 2356 autem
1248 2299 1356 2356 hoc
1406 2313 1630 2368 quoque
1677 2298 1910 2369 pulchre

306 2397 632 2461 dicendum,
675 2394 826 2466 quod
873 2409 984 2449 non
1014 2391 1428 2449 sit.recusanda
1461 2391 1906 2447 memorabilium

309 2492 688 2559 interpretum
719 2488 940 2542 diversa
965 2485 1023 2541 in
1057 2485 1264 2541 divinis
1285 2482 1593 2556 Scripturis
1613 2485 1864 2556 acceptio
1889 2504 1904 2540 :

314 2595 388 2636 ex
419 2581 542 2650 ipso
581 2578 733 2634 enim
780 2577 1053 2632 divinitus
1085 2576 1356 2646 inspirata
1387 2575 1770 2642 fundamento,
1804 2577 1910 2632 hoc

317 2674 500 2730 facere
547 2670 864 2726 didicimus.
917 2665 1072 2726 Unde
1113 2667 1283 2723 etiam
1330 2681 1551 2738 aequum
1585 2677 1675 2724 est
1710 2667 1906 2723 audire

319 2877 641 2894 -υ--ην-οσ-ι

643 2879 778 2906 Ἵν-

2008 2034 2040 2074 a
2069 2018 2274 2075 divinis
2298 2019 2554 2076 Patribus
2575 2036 2650 2076 ne
2675 2020 2861 2091 inopia
2881 2019 3220 2092 cognitionis
3249 2019 3456 2075 labore:
3481 2017 3609 2090 Spi-

2008 2111 2152 2168 ritus
2175 2120 2422 2177 sanctus,
2451 2128 2565 2168 non
2597 2113 2816 2178 valens,
2845 2113 2994 2170 sicut
3019 2113 3203 2185 pluvia
3236 2112 3462 2184 plantis,
3509 2112 3613 2174 do.-

2009 2207 2140 2262 nare
2185 2205 2462 2262 diversam
2491 2206 2726 2277 gratiam
2762 2207 2818 2261 in
2848 2205 3153 2262 esculentis
3181 2221 3377 2261 eorum
3410 2204 3610 2264 fructi-

2011 2299 2113 2355 bus
2138 2317 2152 2353 :
2179 2307 2267 2354 est
2298 2298 2448 2354 enim
2489 2299 2630 2354 facie
2669 2299 2980 2371 multiplex,
3005 2300 3352 2370 multamque
3379 2291 3436 2355 et
3458 2314 3614 2355 eam-

2009 2389 2135 2446 dem
2189 2390 2402 2446 habens
2445 2391 2628 2446 lucem
2675 2404 2820 2462 aqua
2881 2391 3082 2448 divinae
3127 2384 3430 2468 Scriptura:
3485 2407 3614 2463 quae

2009 2483 2248 2539 scaturit
2275 2499 2345 2538 ex
2390 2499 2503 2539 uno
2542 2483 2693 2540 fonte
2735 2484 2911 2565 sancti
2947 2483 3210 2556 Spiritus.
3237 2475 3302 2540 Ei
3333 2484 3508 2556 gloria
3553 2494 3614 2541 et

2011 2578 2262 2648 potentia
2290 2577 2346 2632 in
2375 2577 2576 2632 szecula
2611 2578 2962 2649 smculorum.
2985 2567 3194 2646 'Amen.

1364 3143 1372 3152 ,
1453 3048 1815 3153 LIBER
1888 3047 2034 3136 TE
2061 3049 2454 3150 RTIUS.

1901 3420 1976 3445 F

1477 3261 1562 3316 pc
1596 3261 1834 3304 TERTIO
1868 3261 1974 3324 ρπβ
2009 3259 2416 3318 unanimis,

370 3558 629 3612 Primum
657 3552 879 3624 quidem
906 3553 1112 3608 librum
1133 3551 1261 3618 feci,
1302 3567 1336 3607 ο
1370 3552 1698 3624 Theophile,
1722 3551 1793 3609 de
1835 3553 1905 3608 iis
1929 3556 1975 3614 c
2007 3552 2277 3621 gationem
2311 3550 2522 3604 unam?
2568 3549 2688 3606 Una
2729 3563 2864 3620 ergo
2895 3550 3248 3621 congregatio
3279 3558 3392 3608 tota
3437 3569 3601 3630 aqua,

287 3664 429 3722 quae
459 3649 644 3720 primo
675 3647 766 3702 die
789 3661 819 3700 a
848 3646 962 3700 Deo
997 3645 1138 3702 facta
1163 3654 1293 3702 sunt
1320 3663 1335 3700 :
1360 3647 1457 3717 qui
1482 3645 1692 3701 dicitur
1715 3645 1903 3701 Domi—

285 3744 490 3809 nicus.
515 3740 637 3808 Quo
671 3754 799 3794 cum
831 3737 1016 3812 omnia
1041 3751 1110 3793 ex
1132 3737 1310 3794 nihilo
1339 3738 1410 3794 ad
1443 3737 1552 3794 hoc
1573 3747 1634 3794 ut
1655 3737 1769 3803 sint
1797 3737 1897 3793 de-

285 3835 559 3892 duxisset
594 3833 762 3898 Deus,
795 3831 864 3886 de
886 3839 1088 3887 caetero
1121 3839 1385 3902 tanquam
1408 3845 1586 3887 massa
1615 3831 1803 3901 aliqua
1841 3830 1899 3886 in

283 3929 487 3992 frusta
513 3924 752 3979 dissecta
789 3922 1062 3978 mundum
1107 3922 1416 3986 constituit.
1447 3923 1581 3985 Post
1623 3922 1772 3978 diem
1795 3924 1904 3978 Do-

284 4019 369 4072 mi
381 4017 600 4079 nicum,
637 4023 896 4084 tanquam
939 4013 1346 4087 ad‘seeundum
1375 3998 1595 4080 sacrum
1625 4015 1900 4078 scalarum

282 4107 562 4182 gradum,
607 4105 676 4161 ad
725 4103 1056 4165 ﬁrmamenti
1095 4106 1446 4162 altitudinem
1495 4107 1894 4178 promovimus.

282 4203 468 4258 Nunc
497 4210 680 4256 autem
705 4199 762 4260 in
789 4200 885 4255 illo
908 4199 977 4254 ad
1003 4214 1276 4271 aquarum
1303 4199 1661 4266 latitudinem
1685 4208 1744 4256 et
1769 4215 1898 4272 pro-

283 4293 642 4351 funditatem
687 4301 744 4348 et
783 4292 1190 4364 longitudinem
1212 4292 1566 4359 .audebimus
1607 4293 1899 4360 accedere,

281 4386 592 4444 Christum
639 4385 907 4442 habentes
951 4384 1386 4456 gubernatorem
1423 4383 1574 4454 apud
1621 4385 1842 4444 Patrem
1879 4401 1898 4439 :

285 4488 572 4547 tanquam
613 4475 868 4548 opiﬁcem
908 4483 967 4532 et
996 4477 1054 4532 in
1088 4475 1412 4548 operatione
1437 4491 1650 4546 parem,
1683 4492 1899 4550 germa-

283 4585 574 4641 numqne,
611 4577 668 4624 et
695 4585 826 4625 vere
857 4569 1110 4642 ejusdem
1139 4571 1412 4629 essentize.
1471 4571 1542 4627 Et
1563 4571 1697 4625 dixit
1731 4570 1895 4636 Deus,

283 4668 668 4738 Congregetur
707 4683 852 4738 aqua
887 4681 1006 4738 quae
1035 4675 1113 4728 est
1138 4668 1232 4722 sub
1271 4667 1398 4724 caelo
1438 4669 1496 4723 in
1525 4669 1900 4738 congregatio-

286 4775 427 4812 nem
473 4773 660 4821 uuam,
689 4767 738 4818 et
786 4767 1048 4828 appareat
1083 4758 1260 4813 arida.
1301 4757 1600 4824 Memento,
1635 4773 1670 4816 0
1699 4757 1898 4824 lector,

285 4866 388 4906 me
429 4847 654 4912 dixisse,
687 4849 836 4919 quod
867 4865 976 4904 non
1007 4849 1374 4907 dissolventes
1409 4849 1654 4912 litteram
1694 4851 1897 4908 transi-

2002 3658 2178 3698 unum
2227 3658 2378 3699 mare
2415 3651 2541 3698 tota
2581 3640 2754 3696 facies
2787 3650 2967 3708 terrae,
3005 3659 3176 3698 unum
3217 3644 3396 3710 littus,
3431 3663 3602 3711 unum

2004 3735 2231 3806 pelagus
2258 3743 2652 3807 congregatum
2684 3753 2697 3789 :
2733 3743 2792 3790 et
2823 3735 3104 3805 quomodo
3146 3736 3290 3793 dicis
3322 3757 3335 3792 :
3371 3738 3606 3812 Congre-

2005 3829 2203 3898 getur?
2227 3826 2590 3899 Congregetur
2620 3827 2794 3892 enim,
2841 3825 3050 3884 dicitur
3088 3839 3146 3886 et
3195 3829 3258 3884 ﬁt
3290 3830 3344 3885 in
3390 3831 3608 3903 dispar.

2005 3921 2102 3984 sis.
2137 3919 2194 3977 Si
2222 3936 2355 3993 ergo
2387 3921 2788 3983 convenienter
2811 3921 3032 3988 litterae,
3057 3922 3288 3980 Judaice
3327 3926 3608 3998 intelligo:-

2004 4029 2137 4070 mus
2169 4014 2454 4086 proposita
2481 4033 2493 4068 :
2523 4029 2629 4069 nec
2673 4015 2728 4072 in
2757 4015 2847 4070 his
2879 4014 3084 4084 factum
3114 4028 3204 4077 est
3243 4017 3340 4077 Dei
3378 4021 3606 4080 manda,-

2005 4119 2144 4164 tum.
2175 4107 2342 4178 Atqui
2371 4106 2697 4166 testiﬁcatur
2718 4107 3008 4178 Scriptura
3051 4109 3242 4171 divina
3267 4111 3459 4168 dicens
3485 4133 3498 4168 :
3533 4113 3606 4168 Et

2004 4201 2204 4271 factum
2238 4210 2315 4255 est
2361 4201 2440 4255 ita
2463 4217 2481 4254 :
2503 4199 2670 4258 etiam
2705 4201 2756 4256 si.
2801 4200 2854 4256 in
2899 4201 3116 4257 ultimis
3154 4205 3498 4274 temporibus
3526 4207 3605 4266 ita

2003 4294 2209 4348 factum
2233 4299 2340 4352 est,
2366 4291 2508 4351 Nam
2538 4290 2701 4352 initio
2731 4291 2805 4346 in
2829 4308 2976 4363 aqua
3001 4294 3254 4352 sensibili
3283 4296 3489 4352 factum
3517 4311 3608 4355 est

2005 4395 2197 4442 contra
2231 4399 2396 4455 quam
2437 4385 2587 4440 Deus
2617 4384 2928 4450 mandarat,
2963 4385 3010 4441 si
3043 4387 3284 4452 litteram
3329 4393 3602 4461 sequaris.

2003 4479 2126 4549 Ipse
2147 4477 2300 4533 enim
2326 4476 2464 4534 dixit
2491 4495 2508 4532 ς
2533 4475 2894 4550 Congregetur
2919 4495 3062 4551 aqua
3093 4497 3212 4554 qua:
3238 4492 3316 4538 est
3349 4486 3445 4540 sub
3473 4487 3604 4543 coelo

2001 4570 2060 4623 in
2088 4571 2552 4642 congregationem
2576 4587 2742 4628 unam
2768 4587 2786 4625 :
2812 4581 3073 4643 tanquam
3099 4575 3169 4632 de
3197 4593 3304 4633 una
3332 4581 3604 4637 mandans

2004 4677 2150 4733 aqua
2175 4670 2234 4718 et
2261 4677 2370 4718 una
2395 4663 2858 4735 congregatione;
2888 4677 3240 4740 congregatae
3261 4661 3450 4728 autem
3468 4687 3604 4732 sunt

2003 4770 2161 4826 aquae
2183 4755 2242 4810 in
2270 4755 2478 4814 multas
2501 4756 2979 4827 eongregationcs,
2997 4775 3110 4815 non
3136 4771 3322 4818 autem
3346 4767 3401 4820 in
3433 4784 3600 4823 unam

2003 4847 2517 4921 congregationem.
2545 4847 2736 4918 Neque
2759 4849 2832 4904 ob
2855 4849 2909 4903 id
2937 4852 3090 4920 quod
3111 4853 3348 4912 diciMIs
3371 4868 3602 4914 contur-

285 4955 427 4996 mus
449 4938 518 4993 ad
543 4954 652 4992 non
679 4937 920 5010 scriptos
941 4955 1138 4996 sensus
1157 4939 1488 5014 anagogicos
1511 4958 1526 4995 :
1553 4941 1650 4997 sed
1672 4956 1705 4996 a
1722 4941 1897 4996 Paulo
1931 4955 1975 5010 ι)
2004 4944 2166 5000 betur
2193 4942 2416 4998 auditor
2441 4959 2457 4996 ς
2486 4942 2605 5012 ipsa
2645 4942 2794 4997 enim
2820 4943 3009 5000 divina
3051 4945 3342 5018 Scriptura
3383 4951 3490 5008 hoc
3518 4962 3605 5008 te-

283 5031 512 5088 eruditi
541 5030 636 5100 qui
667 5029 804 5084 dicit
833 5048 848 5085 :
881 5030 1086 5086 Littera
1131 5033 1318 5087 occidit
1339 5034 1390 5068 ³⁸
1415 5035 1586 5096 :sicut
1607 5037 1771 5100 etiam
1801 5052 1896 5094 oc-

295 5121 447 5176 cidit
470 5121 706 5180 .ludaaos.
755 5122 830 5178 Ea
875 5122 946 5177 de
989 5137 1176 5192 causa,
1227 5133 1354 5195 post
1399 5125 1667 5192 litteram,
1699 5127 1900 5196 queri-

288 5228 432 5268 mus
471 5213 636 5268 etiam
671 5214 930 5284 spiritum
969 5215 1067 5286 qui
1097 5231 1202 5286 per
1239 5215 1480 5284 litteram
1511 5217 1898 5284 adumbratur,

288 5308 350 5362 in
381 5305 608 5363 Christo
639 5318 827 5362 autem
871 5307 1154 5378 impletur.
1202 5309 1344 5366 Ecce
1391 5309 1543 5372 enim
1586 5326 1716 5366 cum
1757 5327 1900 5382 aqua

281 5407 454 5455 esset
483 5409 833 5472 congregata,
879 5409 1136 5472 essetque
1185 5401 1494 5467 individua,
1539 5413 1597 5459 et
1628 5405 1898 5475 quodam-

283 5491 471 5548 modo
515 5501 775 5564 tanquam
831 5510 982 5550 mare
1028 5510 1204 5550 unum
1252 5496 1619 5562 consisteret,
1669 5513 1738 5552 ex
1785 5513 1896 5568 quo

281 5586 517 5641 aerium
564 5585 768 5642 factum
809 5587 1000 5642 divisit
1033 5587 1466 5656 ﬁrmamentum,
1509 5590 1744 5646 alterum
1775 5591 1898 5662 qui-

282 5679 428 5734 dem
457 5694 645 5749 supra,
678 5682 919 5736 alterum
951 5697 1083 5738 vero
1113 5681 1258 5738 infra
1289 5701 1304 5738 :
1330 5683 1612 5754 quomodo
1633 5683 1771 5740 dicit
1793 5685 1898 5740 Do-

284 5771 510 5839 minus,
535 5770 892 5844 Congregetur
915 5793 1056 5848 aqua
1085 5792 1204 5847 qua:
1223 5784 1303 5851 est
1328 5777 1422 5832 sub
1445 5775 1572 5831 ca'lo
1596 5778 1649 5830 in
1675 5793 1887 5848 congre-

329 5914 386 5946 ⁸²
417 5909 465 5968 ll
493 5911 618 5969 Cor.
646 5929 726 5980 ιιι,
760 5915 812 5972 6.

2003 5044 2203 5092 statur.
2234 5035 2537 5107 Subiunxit
2558 5035 2708 5090 enim
2739 5036 2980 5107 scriptor
3007 5039 3203 5097 dicens
3229 5059 3246 5096 :
3277 5042 3346 5097 Et
3377 5061 3602 5118 congre-

1999 5138 2129 5200 gata
2168 5137 2244 5184 est
2279 5144 2420 5198 aqua
2459 5144 2578 5200 qua:
2619 5137 2699 5182 est
2737 5130 2833 5184 sub
2872 5131 3026 5197 cado,
3063 5135 3118 5188 in
3164 5139 3599 5209 congregatione:

1997 5237 2145 5276 suas.
2179 5220 2320 5276 Ecce
2349 5237 2460 5276 non
2495 5220 2631 5277 dicit
2663 5239 2677 5274 :
2703 5223 2758 5276 in
2797 5225 3260 5296 congregationem
3281 5245 3436 5284 suam
3465 5247 3600 5288 con.

2000 5325 2222 5387 gregata
2249 5324 2336 5371 est
2355 5329 2522 5386 aqua,
2545 5313 2666 5379 sed,
2689 5317 2746 5371 in
2767 5319 3203 5390 congregatione:
3219 5339 3347 5378 sua:
3371 5327 3596 5391 multas,

2001 5409 2192 5464 multm
2246 5424 2426 5480 aquae,
2470 5408 2688 5466 eﬂ‘ectm
2742 5412 2930 5466 multae
2985 5417 3467 5488 congregationcs.
3518 5422 3598 5478 Ex

1997 5499 2094 5555 illa
2123 5499 2272 5555 enim
2325 5515 2433 5556 una
2475 5501 2654 5571 prima
2683 5504 3110 5574 congregatione
3142 5517 3202 5564 et
3247 5514 3387 5569 mari
3433 5517 3600 5571 unius

1996 5609 2174 5664 aquae,
2205 5595 2394 5650 multa:
2418 5610 2597 5665 aquae,
2628 5596 2803 5651 multa
2834 5600 3008 5655 maria
3055 5601 3196 5659 facta
3229 5616 3362 5662 sunt
3389 5626 3402 5662 :
3439 5611 3599 5666 multi

1996 5686 2154 5742 lacus
2183 5685 2524 5752 suntdivisi,
2559 5687 2720 5744 multi
2754 5687 2938 5746 fontes
2957 5690 3134 5768 divisi
3154 5706 3285 5752 sunt
3309 5699 3364 5754 in
3391 5702 3600 5756 multos

1999 5779 2219 5836 ﬂuvios.
2259 5781 2416 5852 Aqua
2453 5779 2548 5848 illa
2592 5795 2716 5852 quae
2760 5783 2920 5854 prius
2966 5794 3090 5842 erat
3121 5802 3450 5864 congregata
3491 5795 3596 5855 sub
