4098 6462
485 389 608 452 ’879

1685 387 1747 448 s.
1789 383 2190 449 ANASTASII
2229 355 2558 446 smnus

3677 392 3786 458 830

505 501 670 569 calo,
711 498 891 558 divisa
937 507 1025 556 est
1071 498 1128 554 in
1171 500 1346 554 multa
1383 499 1524 567 loca,
1557 509 1616 555 et
1657 500 1848 556 tnultls
1894 499 2093 556 modis.
2127 508 2169 564 Α
2199 512 2256 554 ει
2301 511 2676 573 congregetur
2721 501 2790 558 ad
2839 502 3072 560 lucem‘:
3100 503 3208 559 hoc
3236 513 3342 572 est,
3391 505 3462 561 ad
3503 505 3785 570 Christum

501 595 662 667 Aqua
683 595 740 650 in
761 593 986 666 abysso,
1013 609 1144 650 ecce
1167 609 1280 649 una
1302 593 1657 666 congregatio
1680 611 1694 647 :
1717 609 1860 665 aqua
1880 595 2094 660 oceani,

505 702 638 743 ecce
685 701 882 742 rursus
923 685 1091 742 etiam
1138 685 1246 740 alia
1300 685 1870 756 congregatiozmare
1915 686 2097 756 ipsum

508 779 852 846 Rubrum,et
874 779 1022 848 quod
1046 789 1131 835 est
1153 779 1309 834 nobis
1331 779 1728 850 propinquum,
1749 795 1878 835 ecce
1901 789 2095 850 quarta

507 889 664 944 aqua
711 869 1064 944 congregatio
1118 889 1132 926 :
1171 871 1324 926 ﬂuvii
1367 887 1436 926 ex
1484 871 1637 927 Edeu
1677 887 1852 927 :ecce
1899 888 2095 944 magna

506 983 665 1039 aqua
701 965 1056 1038 congregatio
1085 983 1098 1019 :
1128 965 1370 1036 Physon,
1420 963 1572 1020 Geon
1598 1004 1614 1028 ,
1645 963 1846 1035 Tigris,
1891 973 1947 1020 et
1987 965 2098 1024 Eu-

507 1061 732 1132 phrates
775 1077 788 1114 :
833 1074 964 1116 ecce
1010 1066 1250 1129 quatuor
1299 1058 1754 1128 congregationes
1801 1071 2093 1128 aquarum.

507 1153 656 1209 Fons
703 1153 798 1222 qui
843 1151 1181 1208 ascendebat
1208 1166 1274 1206 ex
1323 1159 1471 1206 terra
1505 1159 1562 1205 et
1608 1150 1874 1222 irrigabat
1923 1159 2094 1206 totam

508 1245 703 1301 faciem
738 1252 898 1300 terra
927 1263 939 1298 :
971 1260 1104 1300 ecce
1132 1245 1300 1298 etiam
1331 1245 1439 1299 alia
1485 1243 1623 1299 foris
1669 1260 1935 1314 aquarum
1963 1259 2098 1298 con-

505 1335 782 1407 gregatio,
819 1344 996 1391 mater
1039 1335 1338 1391 multarum
1390 1350 1682 1404 aquarum.
1727 1333 2096 1405 Congregatio

505 1430 696 1495 maris,
732 1444 884 1483 mare
925 1428 1224 1493 Mortuum,
1253 1437 1418 1500 typus
1449 1427 1694 1484 Iudaica
1735 1435 1794 1483 et
1836 1427 2096 1482 iufertilis

502 1530 560 1578 et
591 1533 821 1577 mortuae
849 1519 1317 1592 congregationis.
1351 1520 1522 1592 Aquae
1547 1520 1844 1586 infertiles,
1868 1529 1926 1576 et
1959 1521 2093 1577 olim

502 1611 944 1668 llierichuntina
988 1629 1002 1666 :
1053 1621 1110 1666 et
1145 1627 1268 1683 qua
1315 1629 1464 1676 nunc
1507 1621 1636 1668 sunt
1669 1613 1882 1668 fertiles
1927 1629 1940 1666 :
1989 1627 2098 1668 nos

502 1704 827 1776 ﬁgurantes,
849 1704 1067 1775 quinos
1093 1703 1331 1760 invicem
1361 1705 1608 1775 parimus
1636 1705 1693 1760 in
1727 1705 1852 1760 vivo
1881 1703 2092 1775 Spiritu

501 1807 559 1854 et
603 1813 748 1868 aqua
801 1797 1172 1870 baptismatis.
1223 1795 1384 1868 Aqua
1421 1795 1699 1868 genitalis,
1732 1805 1794 1851 ut
1837 1794 2093 1867 Egyptia

2200 594 2298 664 qui
2329 594 2446 650 suis
2474 594 2702 651 mandat
2735 595 3024 666 discipulis
3066 604 3123 652 et
3154 596 3292 652 dicit
3318 615 3332 652 :
3360 597 3441 654 Ite
3469 609 3525 656 et
3552 616 3784 674 congre.

2197 695 2322 757 gate
2368 704 2546 742 omnes
2568 699 2747 760 gentes
2767 697 2824 744 et
2845 705 3017 760 aquas
3035 687 3090 745 in
3109 706 3277 746 unam
3299 695 3786 766 congregationem

2198 779 2570 851 baptismatis,
2597 781 2929 852 baptizantes
2953 800 3039 838 eos
3062 786 3118 838 in
3144 787 3356 840 nomine
3383 785 3568 842 Patris
3594 798 3644 842 et
3663 789 3788 848 Filii

2197 882 2246 927 et
2294 871 2527 945 Spiritus
2567 877 2738 930 sancti
2775 876 2824 908 "
2854 894 2868 932 :
2897 877 3069 942 illius,
3104 879 3352 948 inquam,
3405 879 3647 950 Spiritus
3691 884 3787 952 qui

2195 965 2354 1036 prius
2385 965 2675 1024 ferebatur
2703 983 2874 1040 super
2899 969 3045 1026 hanc
3072 985 3270 1042 aquam
3300 990 3316 1026 :
3343 989 3494 1028 mine
3517 984 3704 1030 autem
3729 975 3788 1030 in

2196 1072 2262 1113 ea
2314 1059 2618 1124 cohabitat,
2655 1071 2714 1117 et
2756 1063 3048 1134 coniungit
3084 1079 3280 1122 omnes
3320 1081 3494 1136 aquas
3539 1069 3787 1138 gentium

2197 1165 2323 1219 qua
2352 1151 2514 1220 prius
2541 1160 2705 1208 erant
2734 1161 2962 1209 remota
2988 1169 3054 1210 ac
3077 1154 3370 1222 distantes,
3405 1157 3460 1212 in
3486 1175 3653 1213 unam
3683 1159 3792 1214 Ec-

2198 1242 2380 1298 clesia
2413 1246 2902 1316 congregationem
2947 1255 3048 1302 :et
3088 1247 3223 1302 fient
3253 1263 3451 1305 omnes
3492 1267 3601 1306 una
3643 1267 3788 1320 aqua

2193 1335 2360 1400 vita,
2410 1353 2554 1393 unus
2598 1339 2761 1404 fons,
2796 1355 2942 1396 unus
2992 1339 3194 1397 hortus
3227 1341 3592 1410 deliciarum,
3641 1360 3795 1401 unus

2195 1443 2360 1498 grex,
2413 1444 2561 1484 unus
2609 1440 2830 1500 pastor,
2904 1447 3050 1488 unus
3099 1432 3398 1498 Dominus,
3452 1449 3563 1489 una
3617 1433 3786 1500 fides,

2195 1535 2368 1576 unum
2405 1520 2700 1592 baptisma,
2737 1539 2908 1580 unum
2951 1540 3156 1596 corpus
3177 1525 3407 1592 Christi,
3437 1542 3584 1583 unus
3617 1528 3788 1598 spiri-

2194 1619 2304 1676 tus,
2339 1629 2512 1668 unum
2546 1630 2667 1680 cor,
2701 1632 2811 1672 una
2848 1631 2980 1672 caro
3027 1633 3232 1688 sponsa
3263 1617 3532 1682 Ecclesia,
3566 1627 3624 1673 et
3663 1620 3793 1689 ejus

2194 1716 2433 1774 sponsus
2463 1703 2739 1774 Christus,
2772 1723 2946 1763 unum
2994 1707 3428 1774 ﬁrmamentum,
3459 1725 3630 1764 unum
3668 1726 3790 1766 cu:-

2195 1794 2309 1850 lum
2341 1795 2597 1854 Christus
2629 1807 2686 1854 et
2731 1795 2971 1870 populus
3006 1799 3253 1855 fidelium
3303 1810 3563 1872 tanquam
3596 1804 3790 1860 stella-

499 1906 644 1962 aqua
676 1891 880 1946 multos
904 1905 1196 1962 generans.
1231 1891 1401 1961 Aqua
1442 1887 1732 1960 potabiles,
1761 1895 1819 1943 et
1850 1903 1931 1944 ea
1969 1902 2094 1958 qua
2127 1875 2166 1931 Β
2195 1902 2318 1943 rum
2349 1905 2472 1960 qua
2502 1890 2559 1946 in
2593 1890 2716 1962 ipso
2747 1891 3014 1947 deficiunt
3042 1902 3099 1947 et
3129 1893 3536 1950 illuminantnr.

501 1992 633 2038 sunt
663 1982 718 2036 in
743 1998 870 2037 usu.
913 1980 1070 2053 Aqua
1113 1997 1238 2052 qua
1267 1979 1409 2036 adiri
1442 1995 1554 2035 non
1583 1987 1766 2051 potest
1803 1995 1817 2032 :
1861 1987 1920 2034 ut
1957 1979 2090 2033 Am-

499 2076 717 2132 monica
749 2093 763 2130 :
792 2091 922 2132 ecce
943 2077 1109 2132 etiam
1139 2073 1320 2131 aliena
1343 2089 1498 2145 aqua
1527 2071 1900 2144 congregatio.
1921 2071 2093 2142 Aqua

500 2171 560 2226 in
591 2170 791 2226 insulis
819 2169 1033 2233 divisis,
1067 2177 1122 2223 et
1159 2182 1258 2238 per
1289 2182 1348 2222 se
1389 2165 1863 2236 congregationes.
1911 2162 2091 2218 Fluvii

501 2261 559 2317 in
595 2262 902 2317 continenti
934 2278 946 2313 :
972 2261 1125 2314 lacus
1142 2269 1198 2314 et
1219 2273 1376 2328 aqua
1395 2273 1518 2327 qua
1539 2255 1596 2311 in
1620 2255 1762 2311 locis
1781 2255 1904 2310 aliis
1925 2255 2095 2310 aliam

499 2355 709 2412 habent
751 2353 1134 2426 operationem
1180 2359 1238 2407 et
1285 2349 1606 2421 qualitatem
1636 2365 1650 2402 :
1679 2363 1821 2418 aqua
1867 2362 2088 2413 amara,

499 2461 645 2518 aqua
695 2442 964 2500 accedens
1007 2441 1076 2496 ad
1120 2453 1375 2511 saporem
1420 2435 1732 2499 bituminis,
1765 2451 1906 2506 aqua
1942 2433 2090 2504 peri-

498 2553 682 2602 mens,
710 2545 772 2592 ut
795 2550 917 2606 qua
935 2543 1021 2590 est
1046 2533 1101 2587 in
1131 2531 1368 2587 desertis
1387 2527 1687 2600 Ethiopia
1713 2545 1728 2583 :
1753 2543 1894 2598 aqua
1915 2525 2092 2582 calida

499 2640 558 2685 et
586 2628 844 2684 salubris.
873 2623 1315 2681 Innumerabiles
1339 2621 1792 2694 congregationes
1823 2632 2091 2690 aquarum

501 2723 848 2780 diversarum
879 2727 936 2774 et
965 2719 1287 2773 multarum.

570 2809 740 2880 Atqui
763 2824 874 2864 non
903 2808 985 2863 sic
1007 2806 1174 2879 jussit
1201 2807 1350 2861 Deus
1379 2813 1440 2860 ut
1472 2819 1616 2876 aqua
1654 2811 1804 2875 esset
1843 2803 2090 2868 dividua,

499 2904 599 2962 sed
649 2903 807 2960 unita
852 2903 905 2957 in
957 2916 1120 2956 unam
1169 2899 1672 2970 congregationem.
1715 2896 1860 2964 Quid
1907 2905 2092 2952 autem

500 3004 625 3052 erat
653 2993 880 3050 omnino
912 3007 1137 3048 necesse
1158 2989 1352 3061 Opiﬁci
1377 3004 1578 3060 aquam
1601 2987 1901 3044 extendere.
1925 3003 2095 3058 super

503 3104 726 3144 omnem
775 3086 1126 3158 superﬁciem
1165 3093 1347 3147 terra,
1394 3091 1452 3139 et
1498 3082 1700 3138 deinde
1741 3097 1862 3137 eam
1898 3095 2096 3136 rursus

503 3197 887 3255 congregare:
933 3189 991 3234 et
1045 3194 1158 3234 non
1221 3177 1410 3248 potius
1461 3187 1911 3245 unamquamque
1976 3187 2092 3226 rem

503 3285 744 3333 creatam
789 3275 843 3328 in
883 3272 1114 3344 proprio
1161 3271 1285 3326 loco
1324 3277 1568 3324 statuere
1596 3274 1654 3321 et
1698 3263 2094 3336 compingare?

502 3369 668 3441 Ergo,
701 3383 770 3424 ne
820 3381 921 3420 nos
965 3377 1189 3434 quoque
1221 3360 1530 3416 incidamus
1576 3357 1634 3413 in
1665 3358 1895 3428 laqueos
1922 3355 2094 3411 Mani-

502 3464 806 3519 chaorum.
846 3460 928 3514 lili
977 3459 1149 3520 enim,
1196 3453 1594 3510 convenienter
1626 3451 1846 3516 littera,
1890 3448 2094 3505 intelli-

502 3563 698 3627 gentes
717 3555 928 3626 iussum
949 3551 1044 3606 Dei
1072 3549 1140 3604 de
1163 3549 1253 3603 his
1274 3547 1436 3617 aquis
1463 3563 1476 3600 :
1504 3545 1892 3600 existimarunt
1917 3543 2092 3598 Deum

502 3665 626 3706 esse
671 3647 1002 3711 mentitum,
1055 3655 1350 3715 propterea
1383 3638 1533 3710 quod
1576 3653 1720 3708 aqua
1765 3651 1877 3692 non
1922 3634 2094 3692 fuerit

499 3749 833 3814 congregata
875 3740 932 3795 in
983 3752 1148 3793 unam
1212 3732 1724 3806 congregationem,
1769 3729 1868 3786 sed
1905 3726 2094 3800 potius

501 3844 696 3892 (cntra
721 3833 922 3889 factum
953 3838 1058 3886 est.
1089 3829 1189 3884 llic
1214 3843 1348 3899 ergo
1383 3824 1552 3893 adsis,
1577 3841 1612 3880 ο
1633 3824 1833 3879 harum
1863 3819 2095 3877 divinis-

502 3928 768 3982 simarum
790 3922 1052 3979 Ecclesia
1074 3933 1341 3990 aquarum
1365 3925 1749 3988 congregatur.
1773 3923 1831 3970 et
1849 3913 2095 3969 deducas

501 4019 571 4074 ad
593 4015 929 4089 profundum
956 4014 1154 4068 harum
1179 4023 1471 4082 aquarum.
1502 4007 1648 4063 Dicit
1673 4007 1841 4070 Deus,
1863 4004 2095 4075 Congre-

505 4121 658 4182 getur
687 4125 830 4180 aqua
854 4121 973 4178 qua
998 4112 1074 4160 est
1100 4103 1194 4158 sub
1217 4101 1366 4167 coelo,
1391 4100 1500 4155 hoc
1527 4107 1632 4164 est,
1665 4098 1924 4152 universa
1953 4094 2096 4150 mul-

505 4203 688 4258 titudo
720 4200 967 4272 gentium
1002 4211 1126 4267 qua
1151 4202 1284 4250 sunt
1311 4193 1418 4249 sub
1449 4191 1614 4254 calo,
1642 4196 2010 4260 congregetur
2037 4188 2094 4240 in

506 4291 992 4365 congregationem
1031 4302 1196 4343 unam
1231 4300 1367 4341 mea
1401 4283 1530 4340 fidei
1558 4291 1616 4338 et
1644 4280 1923 4346 Ecclesia,
1953 4295 2095 4350 quo-

508 4387 676 4442 modo
703 4392 789 4439 est
829 4389 1156 4453 congregata
1185 4393 1327 4448 aqua
1355 4392 1478 4448 qua
1511 4384 1597 4430 est
1621 4373 1725 4429 sub
1751 4371 1926 4438 oculis,
1955 4371 2098 4426 mul-

509 4477 708 4542 titudo,
740 4477 988 4545 inquam,
1031 4473 1368 4526 Potestatum
1398 4466 1792 4536 angelicarum,
1835 4463 1894 4518 in
1927 4478 2094 4518 unam

2263 1978 2346 2034 lta
2395 1988 2480 2036 est
2527 1979 2890 2053 intelligenda
2940 1992 2998 2036 et
3047 1981 3375 2052 accipienda
3419 1998 3527 2038 vox
3581 1981 3678 2038 Dei
3727 1990 3795 2037 et

2191 2072 2382 2144 jussus
2418 2071 2488 2128 de
2539 2072 2628 2129 his
2677 2073 2882 2144 aquis:
2933 2073 3016 2130 sic
3061 2084 3120 2131 et
3152 2091 3263 2129 non
3304 2076 3470 2132 aliter
3512 2077 3795 2132 sentimus

2193 2161 2418 2232 spiritu,
2455 2161 2662 2228 omnia,
2695 2171 2752 2218 et
2782 2179 2891 2218 non
2918 2177 3150 2234 corpore
3177 2182 3191 2220 :
3215 2173 3274 2221 et
3305 2164 3385 2220 sic
3417 2166 3794 2236 praedicamus

2194 2255 2264 2313 de
2291 2257 2455 2312 nobis
2493 2257 2590 2330 qui
2621 2257 2783 2328 prius
2817 2274 3044 2314 eramus
3084 2268 3281 2330 gentes
3327 2259 3598 2330 dispersa
3636 2269 3694 2316 et
3726 2261 3794 2317 in

2193 2347 2338 2404 Deos
2386 2348 2832 2406 innumerabiles
2881 2351 2977 2421 qui
3027 2351 3113 2406 Dii
3158 2367 3270 2408 non
3329 2362 3491 2408 erant
3539 2361 3597 2409 et
3640 2353 3792 2409 muti

2192 2449 2355 2496 erant
2385 2441 2474 2496 Dii
2505 2441 2850 2507 errabamus,
2887 2442 3078 2498 dicere
3111 2451 3304 2498 Vocem
3335 2442 3583 2500 divinam
3615 2455 3672 2500 et
3693 2446 3798 2516 ju-

2192 2529 2381 2586 bendo
2397 2531 2590 2589 dicere
2617 2550 2631 2587 :
2657 2531 3022 2605 Congregetur
3043 2550 3189 2605 aqua
3211 2550 3331 2606 qua
3357 2543 3434 2590 est
3455 2537 3550 2590 sub
3576 2537 3708 2593 calo
3725 2539 3792 2594 in

2193 2622 2660 2692 congregationem
2680 2639 2868 2677 unam.
2895 2621 3074 2692 Super
3096 2631 3300 2678 terram
3320 2635 3620 2696 congregat
3639 2627 3795 2684 Deus

2192 2713 2440 2770 Verbum
2473 2715 2531 2770 in
2567 2731 2735 2770 unam
2762 2717 3272 2788 congregationem.
3309 2719 3414 2775 Per
3433 2721 3645 2776 aerium
3679 2738 3791 2778 au-

2195 2813 2308 2861 tem
2347 2804 2761 2862 ﬁrmamentum
2812 2807 3091 2875 dividens,
3123 2824 3253 2865 cum
3295 2809 3351 2864 in
3396 2812 3568 2866 caios
3595 2823 3790 2868 sustu-

2195 2896 2354 2953 lisset
2397 2913 2598 2968 aquam
2641 2914 2657 2952 :
2695 2913 2820 2953 eam
2858 2899 3115 2954 dilatavit
3159 2911 3216 2956 et
3253 2900 3414 2957 valde
3453 2903 3711 2958 extendit
3755 2921 3791 2960 a

2195 2987 2402 3044 ﬁnibus
2451 3004 2630 3060 usque
2665 2988 2732 3044 ad
2769 2989 2907 3046 fines
2935 2991 3212 3047 universa
3235 3001 3528 3060 creatura,
3554 2995 3786 3066 abysso-

2195 3095 2432 3152 rumque
2459 3091 2518 3136 et
2541 3097 2829 3153 aquorum
2867 3101 2881 3138 :
2925 3093 2982 3140 et
3012 3100 3138 3140 cum
3179 3101 3346 3157 supra
3374 3086 3790 3147 firmamentum

2197 3171 2376 3230 instar
2428 3174 2540 3229 veli
2591 3175 2977 3245 expandisset,
3029 3178 3211 3248 ipsum
3257 3179 3530 3243 extendit,
3583 3189 3644 3236 ut
3684 3196 3792 3240 nos

2199 3267 2476 3322 discamus
2523 3267 2674 3337 quod
2721 3284 2844 3338 qua
2889 3269 3046 3340 prius
3093 3277 3257 3325 erant
3299 3279 3494 3342 gentes
3541 3273 3792 3331 tenebris

2199 3359 2392 3416 oﬂ‘usa
2427 3376 2598 3430 super
2628 3370 2856 3426 terram,
2896 3362 2952 3416 in
2987 3377 3152 3416 unam
3181 3373 3528 3435 congregata
3557 3380 3793 3438 congre-

2199 3452 2480 3524 gationem
2525 3453 2915 3509 consensionis
2940 3453 3155 3510 Christi
3181 3454 3466 3522 Ecclesiae,
3498 3457 3793 3528 rapientur

2199 3543 2504 3614 aliquando
2538 3543 2593 3598 in
2620 3545 2839 3600 nubibus
2872 3547 2929 3600 in
2964 3562 3238 3602 occursum
3265 3545 3480 3602 Domini
3505 3547 3574 3617 in
3608 3550 3791 3613 caelis,

2199 3647 2442 3692 extensae
2487 3647 2542 3693 et
2587 3637 2832 3692 dilatata
2871 3637 3038 3693 :alia
3081 3639 3304 3707 quidem
3338 3640 3393 3695 in
3448 3641 3674 3714 regione
3706 3642 3793 3698 vi-

2199 3729 2468 3796 ventium,
2501 3729 2624 3786 alia
2645 3739 2830 3786 autem
2851 3729 2908 3785 in
2936 3731 3214 3801 paradiso,
3235 3741 3292 3787 et
3319 3733 3438 3789 alia
3463 3734 3519 3788 in
3542 3736 3792 3790 externis

2201 3819 2598 3878 tabernaculis.
2624 3828 2682 3875 et
2713 3819 2838 3875 alia
2865 3821 2921 3875 in
2947 3821 3073 3876 lu'ce
3105 3823 3436 3888 viventium,
3470 3833 3529 3880 et
3567 3825 3690 3881 alia
3730 3826 3791 3880 in

2201 3927 2374 3983 regno
2394 3911 2513 3977 Dei,
2537 3920 2596 3968 et
2615 3911 2739 3967 alia
2761 3913 2817 3967 in
2841 3913 3067 3970 civitate
3091 3914 3310 3970 Domini
3330 3917 3628 3982 virtutum,
3657 3935 3792 3974 con-

2200 4013 2469 4078 gruenter
2490 4004 2542 4060 ei
2567 4004 2724 4076 quod
2751 4004 2965 4062 dictum
2995 4015 3082 4060 est
3107 4022 3138 4062 a
3168 4005 3412 4074 Christo,
3459 4007 3645 4066 Multa:
3663 4024 3791 4067 sunt

2201 4100 2504 4173 mansiones
2531 4098 2676 4170 apud
2697 4096 2917 4154 Patrem
2935 4099 3002 4154 “.
3025 4099 3105 4156 De
3133 4102 3557 4174 congregatione
3591 4105 3787 4160 harum

2203 4191 2421 4247 ratione
2463 4189 2825 4262 praditarum
2856 4206 3130 4262 aquarum
3161 4192 3685 4262 dicebat'Christus,
3729 4213 3787 4252 se

2201 4301 2324 4342 esse
2363 4285 2594 4341 missum
2638 4298 2750 4339 non
2777 4285 2958 4340 solum
2994 4293 3224 4358 propter
3251 4302 3386 4343 oves
3417 4287 3656 4350 lsraelis.
3693 4292 3786 4346 sed

2201 4374 2370 4428 etiam
2410 4382 2472 4428 ut
2506 4373 2774 4442 dispersos
2807 4372 2902 4428 Dei
2936 4372 3078 4444 filios
3099 4385 3446 4446 congregaret
3477 4373 3546 4432 ⁸⁷.
3589 4377 3666 4434 De
3704 4377 3788 4434 his

2201 4467 2364 4538 aquis
2388 4467 2580 4535 maris,
2611 4467 2726 4525 Deo
2749 4465 2890 4523 dicit
2916 4465 3091 4522 David
3121 4485 3134 4521 :
3166 4465 3507 4540 Congregans
3530 4478 3787 4542 tanquam

509 4571 606 4626 Dei
630 4566 1134 4638 congregationem,
1173 4563 1228 4616 in
1259 4559 1636 4622 concordiam,
1673 4559 1728 4612 in
1762 4571 1929 4612 unam
1973 4570 2098 4626 gra-
2129 4583 2174 4638 ι)
2201 4569 2374 4614 utrem
2424 4577 2598 4631 aquas
2643 4561 2832 4625 maris,
2859 4575 3060 4631 ponens
3083 4561 3139 4614 in
3180 4560 3442 4614 thesauris
3479 4561 3696 4632 abyssos
3720 4563 3786 4624 ".

509 4674 621 4719 tam
642 4649 959 4717 animorum
981 4656 1426 4719 consensionem,
1451 4653 1507 4707 in
1530 4651 1886 4724 hymnodiam
1909 4664 2096 4714 unam,

511 4757 568 4811 in
601 4753 909 4811 Jerusalem
941 4750 1221 4804 calestem
1255 4761 1445 4811 unam,
1491 4743 1548 4798 in
1594 4755 1759 4798 unam
1801 4741 1942 4797 lucis
1969 4755 2102 4794 eon-

508 4849 784 4901 visionem
820 4860 834 4895 :
871 4841 964 4896 ubi
1015 4839 1166 4894 nulla
1206 4845 1292 4892 est
1341 4835 1569 4891 haeresis
1601 4850 1707 4890 nec
1748 4832 1970 4899 divisio,
2003 4830 2102 4887 ubi

511 4957 618 4996 non
656 4948 732 4994 est
771 4936 992 4992 ludatis
1037 4949 1131 4988 nec
1177 4930 1344 5002 867
1383 4930 1619 4992 Caecus,
1649 4929 1738 4982 ubi
1769 4944 1876 4982 non
1905 4925 2101 4997 Scytha

510 5051 606 5090 nec
632 5010 908 5087 iiarbarus
927 5029 1020 5090 ⁸⁸⁸,
1040 5027 1221 5096 neque
1251 5022 1479 5094 iniquus
1503 5036 1609 5076 nec
1633 5021 1896 5084 infidelis,
1919 5034 2101 5090 neque

513 5139 745 5196 serpens
770 5137 954 5192 neque
979 5117 1238 5188 scorpius
1254 5157 1268 5179 ,
1299 5130 1482 5184 neque
1511 5114 1741 5184 reptiles
1766 5114 1980 5177 bestia,
2005 5128 2104 5169 ne-

513 5233 622 5286 que
656 5225 946 5286 peccatum
976 5226 1081 5266 nec
1112 5210 1347 5280 nigror:
1378 5207 1475 5262 sed
1500 5221 1642 5275 aqua
1673 5222 1803 5268 una,
1836 5213 1895 5260 et
1922 5205 2102 5261 ﬂuen—

517 5321 634 5366 tum
664 5323 862 5374 unum,
891 5317 948 5362 et
979 5306 1106 5360 fons
1132 5317 1277 5358 unus
1307 5308 1366 5356 et
1396 5299 1613 5365 similis,
1639 5309 1696 5355 et
1721 5309 1923 5370 puteus
1946 5313 2106 5370 aqua

517 5405 657 5456 viva:
703 5401 752 5433 ⁸³
782 5415 928 5456 unus
962 5398 1052 5454 cui
1087 5394 1297 5452 assidet
1332 5393 1612 5457 Christus,
1657 5399 1716 5447 et
1757 5392 2114 5464 congregatio

519 5504 708 5551 sancta
738 5503 795 5549 et
821 5491 1066 5564 pretiosa
1095 5503 1228 5544 una.
1257 5485 1379 5541 Fiat
1405 5500 1538 5557 ergo
1565 5483 1815 5539 uoluntas
1843 5484 1939 5538 Dei
1975 5485 2114 5538 sicut

521 5592 574 5642 in
599 5588 726 5644 calo
757 5595 807 5642 et
830 5589 888 5642 in
912 5595 1060 5640 terra
1081 5585 1151 5638 ⁸⁸.
1185 5581 1546 5652 Congrrgetur
1570 5593 1748 5650 genus
1779 5577 2108 5643 humanum,

520 5696 720 5754 nempe
753 5694 894 5750 aqua
928 5676 1018 5734 cui
1059 5676 1220 5747 prius
1263 5671 1579 5728 insidebant
1609 5671 1888 5734 tenebrae;
1926 5671 2114 5726 veniat

591 5797 656 5828 ”'
697 5796 908 5854 Coloss.
939 5811 1018 5859 ιιι,
1049 5794 1136 5847 ll.
1215 5791 1262 5824 ⁸⁸
1289 5791 1447 5846 Joan.
1479 5806 1554 5852 tv.
1586 5789 1672 5843 ll.

523 5865 568 5901 '”
603 5868 761 5927 Joan.
806 5884 881 5936 χι,
935 5866 1024 5922 52.
1099 5865 1148 5898 ⁸⁸
1187 5861 1336 5920 Psal.
1387 5877 1558 5928 xxx",
1596 5862 1648 5916 7.

1751 5789 1796 5822 ⁸³
1843 5789 2010 5844 Matth
2073 5806 2144 5857 vt,
2177 5789 2210 5846 9
2244 5805 2396 5860 seqq.

2203 4649 2517 4705 Thesauros
2564 4649 2665 4705 Dei
2691 4649 2889 4705 dicens
2930 4649 3233 4714 Ecclesiae,
3264 4650 3362 4704 ubi
3393 4666 3595 4705 aurum
3618 4661 3678 4707 et
3701 4669 3787 4707 ar-

2199 4749 2425 4813 gentum
2475 4740 2635 4796 verbi
2689 4741 2996 4812 Scriptura
3038 4741 3330 4810 reponitur
3355 4741 3700 4798 absconsum
3733 4755 3788 4798 et

2199 4835 2514 4906 spirituale,
2545 4835 2638 4890 ubi
2689 4833 3088 4890 custodiuntur
3119 4835 3434 4904 margarita
3471 4834 3788 4892 divinorum

2202 4937 2702 4994 sacramentorum,
2729 4942 2868 4996 quas
2887 4927 3154 4998 jubemur
3186 4927 3530 4983 abscondere
3562 4929 3785 4998 porcis:

2209 5037 2340 5076 nam
2369 5021 2473 5086 illi,
2519 5022 2666 5077 sicut
2704 5028 2763 5076 et
2792 5019 2985 5086 ludas,
3028 5033 3123 5075 eas
3154 5035 3268 5074 non
3291 5021 3540 5091 capiunt.

2278 5113 2492 5172 Christi
2529 5115 2703 5185 igitur
2741 5113 2990 5168 thesauri
3020 5121 3152 5168 sunt
3186 5111 3466 5176 Ecclesia,
3500 5113 3556 5167 in
3587 5114 3791 5184 quibus

2212 5209 2308 5263 alii
2349 5207 2576 5279 quidem
2624 5223 2692 5262 ex
2742 5193 3002 5265 fideli-bus
3046 5205 3252 5261 dantur
3279 5207 3530 5276 quinque
3567 5207 3788 5270 talenta,

2208 5301 2303 5358 alii
2347 5310 2534 5357 autem
2567 5301 2782 5366 decem,
2810 5300 2902 5355 alii
2933 5315 3066 5354 vero
3095 5298 3228 5364 duo,
3255 5299 3350 5354 alii
3379 5309 3564 5355 autem
3601 5314 3788 5353 unum.

2209 5393 2267 5448 ln
2309 5393 2396 5449 his
2427 5393 2707 5449 thesauris
2757 5391 3072 5448 recondidit
3117 5391 3366 5463 gentium
3409 5391 3643 5464 abyssos
3674 5405 3792 5462 qua

2209 5487 2368 5558 prius
2399 5495 2562 5542 erant
2588 5485 2782 5541 otl‘usa
2803 5484 3070 5551 tenebris.
3103 5485 3368 5556 quoniam
3391 5485 3620 5540 tenebra:
3643 5489 3794 5539 erant

2207 5595 2370 5650 super
2409 5579 2676 5650 abyssum.
2737 5578 2814 5633 De
2873 5578 2978 5634 hac
3035 5579 3234 5651 abysso
3279 5580 3525 5649 gentium
3576 5578 3788 5634 dicebat

2209 5672 2376 5728 etiam
2426 5671 2700 5742 propheta
2765 5671 3024 5726 Habacue
3085 5688 3100 5726 :
3152 5671 3307 5726 Dedit
3358 5672 3578 5743 abyssus
3623 5683 3791 5724 roseus

2475 5789 2521 5822 ⁸⁸
2551 5787 2742 5843 Matth.
2782 5804 2968 5854 xxvtn,
3126 5787 3216 5846 20.
3314 5787 3360 5820 ⁸⁸
3407 5787 3566 5844 Joan.
3601 5802 3710 5846 xxv,
3737 5784 3790 5838 9..
