4098 6478
336 393 451 464 881

1434 400 1521 464 IN
1559 390 2208 466 ΗΕΧΑΕΜΕΒΟΝΖ-
2231 403 2380 465 LIB.
2421 401 2538 466 III.

3530 401 3644 465 882

337 525 502 566 suam
533 509 600 573 ⁸⁹.
635 507 956 582 gloriﬁcans
997 525 1126 568 eum
1161 511 1257 583 qui
1287 509 1468 586 ipsam
1503 515 1945 580 illuminavit,et
1975 528 2020 588 Α
2049 518 2442 590 receptaculis.
2467 516 2662 583 alveis,
2685 513 2972 572 canalibus
3006 522 3063 572 et
3089 515 3642 588 congregationibus.

341 601 606 659 dissolvit
633 604 988 662 altitudinem
1029 605 1338 676 phantasiae
1369 608 1548 679 ipsius
1571 611 1797 681 gentilis
1825 610 1946 666 ido-

341 695 604 752 lolatriae.
649 692 728 750 De
763 695 872 752 hac
917 695 1116 769 abysso
1171 711 1442 768 aquarum
1477 699 1696 755 ratione
1735 699 1942 770 praedi-

346 800 530 845 tarum
573 791 720 845 Deus
759 791 948 862 gloriae
983 792 1194 847 tonavit
1225 809 1324 863 per
1353 793 1717 866 Evangelium
1751 811 1764 848 :
1798 795 1946 851 Deus

345 883 612 939 Dominus
671 901 833 956 super
863 903 1059 969 'aquas
1095 886 1296 943 multas
1325 889 1378 922 '“
1399 898 1459 944 et
1479 897 1674 960 gentes
1721 889 1948 946 inenar-

347 977 577 1032 rabiles.
627 977 999 1042 Quamobrem
1049 995 1244 1036 rursus
1292 981 1560 1037 Dominus
1611 981 1950 1036 inhabitabit

341 1069 649 1135 diluvium,
686 1071 742 1126 in
783 1087 890 1126 una
937 1073 1389 1144 congregatione,
1425 1083 1482 1130 et
1519 1075 1737 1131 sedebit
1761 1075 1951 1130 Domi-

343 1171 460 1212 nus
483 1173 652 1226 super
672 1157 854 1228 ipsum
880 1169 1139 1230 tanquam
1163 1177 1333 1232 super
1357 1163 1543 1220 sedem
1568 1166 1948 1236 requiescens,

346 1263 595 1320 regnans
626 1265 796 1320 super
843 1250 1023 1321 ipsum
1058 1254 1112 1307 in
1145 1255 1436 1311 saeculum.

425 1341 524 1396 Die
549 1356 682 1412 ergo
717 1341 888 1396 tertio
923 1343 1054 1398 fecit
1093 1344 1238 1398 Deus
1263 1360 1438 1416 aquas
1462 1347 1520 1401 in
1553 1343 1948 1418 congregatio-

350 1449 483 1490 nem
533 1451 722 1488 unam.
755 1435 1173 1501 Quamobrem?
1215 1435 1490 1504 Quoniam
1543 1448 1666 1506 post
1701 1440 1946 1509 primum

351 1528 506 1584 diem
528 1528 856 1594 Mosaicum,
883 1539 941 1586 et
965 1531 1272 1586 secundum
1297 1534 1510 1588 cultrum
1534 1533 1948 1603 propheticum,

347 1621 523 1677 tertio
557 1622 669 1686 die,
714 1637 818 1676 nos
860 1631 1058 1693 gentes
1101 1633 1449 1696 congregatae
1479 1641 1672 1680 sumus
1701 1626 1758 1681 in
1783 1641 1950 1681 unam

347 1715 484 1771 fidei
501 1716 986 1787 congregationem
1008 1733 1108 1786 per
1127 1733 1385 1788 sagenam
1411 1719 1717 1790 Evangelii.
1745 1719 1952 1786 Quam-

347 1807 548 1862 obrem
603 1806 828 1862 dicebat
865 1807 1037 1863 etiam
1081 1807 1339 1866 Christus
1365 1809 1460 1879 qui
1493 1811 1660 1866 tertio
1701 1811 1792 1867 die
1824 1827 1950 1866 sur-

351 1899 506 1955 rexit
548 1915 582 1953 a
630 1900 866 1955 mortuis
911 1917 926 1954 :
980 1899 1148 1954 Hodie
1199 1911 1249 1955 et
1291 1919 1412 1955 cras
1459 1902 1598 1972 facio
1649 1905 1805 1974 signa
1851 1904 1894 1936 ³⁸
1933 1921 1948 1956 :

349 2007 489 2047 ecce
537 1991 651 2045 duo
695 1991 836 2046 dies.
877 1990 1045 2062 Signa
1082 2001 1268 2048 autem
1298 1993 1456 2056 dicit,
1488 2009 1614 2064 qua:
1650 1993 1798 2050 facta
1821 2003 1954 2052 sunt

349 2084 410 2138 in
443 2083 703 2154 Egypto,
740 2099 862 2154 quae
899 2083 956 2139 in
999 2083 1246 2149 deserto,
1278 2093 1336 2140 et
1381 2101 1508 2156 quae
1555 2102 1658 2156 per
1702 2087 1907 2142 Mosem
1935 2105 1979 2142 :.

347 2179 659 2242 sunthaec,
716 2185 778 2232 ut
835 2177 1007 2232 semel
1063 2175 1271 2241 dicam,
1303 2176 1470 2247 primi
1515 2176 1653 2232 diei.
1709 2174 1954 2233 Secundi

346 2280 564 2337 autem,
597 2286 723 2341 quae
749 2285 850 2340 per
877 2270 1056 2325 Etiam
1087 2279 1146 2326 et
1173 2270 1456 2336 Elisseum,
1479 2279 1538 2326 et
1562 2269 1658 2340 qui
1688 2268 1956 2340 deinceps

343 2364 534 2420 secuti
570 2371 702 2418 sunt
753 2363 1081 2432 prophetas.
1117 2356 1542 2418 Tertio'autem
1577 2361 1670 2417 die
1705 2363 1826 2434 ejus
1853 2361 1952 2416 ad-

345 2465 560 2511 ventus
612 2455 738 2511 dies
784 2455 1008 2511 lucidus
1051 2456 1363 2526 perficitur,
1429 2457 1526 2528 qui
1567 2456 1813 2512 ostendit
1857 2471 1958 2526 per

354 2547 745 2619 Evangelium,
779 2549 1090 2620 perfectum
1122 2557 1180 2604 et
1219 2549 1480 2605 omnibus
1509 2550 1758 2605 numeris
1791 2549 1955 2606 abso-

358 2639 543 2696 lutum
575 2641 690 2712 ejus
725 2642 977 2696 studium
1015 2659 1030 2696 :
1063 2649 1150 2698 est
1185 2642 1335 2697 enim
1367 2641 1624 2699 Chrisms
1664 2643 1958 2714 plenitudo

363 2747 433 2787 ac
479 2733 946 2803 complementum
991 2733 1130 2806 legis
1171 2734 1596 2805 prophetarum.
1642 2733 1712 2789 Et
1753 2735 1960 2791 Paulus

359 2821 520 2886 dicit,
571 2825 675 2880 Lex
709 2834 787 2880 est
825 2827 977 2880 omni
1013 2841 1080 2880 ex
1113 2834 1271 2896 parte
1304 2827 1543 2896 perfecta
1581 2843 1838 2898 :'nempe
1869 2827 1960 2882 lex

355 2917 565 2974 Christi
586 2936 599 2971 :
618 2935 712 2989 eqp
735 2930 918 2974 autem
937 2936 1032 2989 per
1061 2919 1229 2990 legem
1249 2920 1320 2986 ",
1342 2919 1604 2976 videlicet
1638 2920 1956 2988 Mosaicam,
1995 2921 2001 2926 ’

351 3011 546 3066 servio
579 3009 950 3082 legi-peccati.
975 3011 1135 3068 Unde
1151 3012 1320 3068 etiam
1371 3028 1495 3082 quae
1531 3013 1586 3068 in
1615 3011 1764 3068 Cana
1803 3012 1962 3069 facta:

349 3112 496 3159 sunt
542 3105 774 3174 nuptiae,
823 3103 979 3160 factae
1031 3117 1164 3160 sunt
1211 3105 1380 3159 tertio
1415 3105 1731 3162 die:Cana
1771 3115 1960 3162 autem

351 3197 776 3269 interpretatur
811 3207 1066 3253 creatura
1104 3217 1123 3264 ς

351 3291 690 3357 scendente,
738 3291 900 3346 factm
937 3300 1067 3346 sunt
1113 3293 1456 3363 incorrupta:
1490 3293 1702 3364 nuptiae
1735 3293 1962 3349 unionis

351 3385 530 3440 Verbi
573 3394 634 3440 et
677 3393 885 3440 nostrae
935 3395 1168 3440 naturae.
1199 3385 1261 3440 lu
1297 3385 1388 3441 his
1421 3386 1636 3456 nuptiis
1671 3387 1838 3441 tertio
1871 3385 1960 3440 die

351 3477 603 3549 primum
628 3477 957 3532 miraculum
981 3476 1242 3532 Christus
1273 3475 1408 3532 fecit
1442 3477 1499 3531 in
1547 3493 1692 3548 aqua
1716 3477 1786 3544 ³³,
1819 3493 1963 3548 quo-

285 3641 304 3648 -
354 3569 515 3624 niam
541 3569 708 3624 tertio
729 3569 820 3624 die
839 3579 1040 3639 aquam
1063 3567 1310 3639 gentium
1329 3567 1688 3639 congregavit
1717 3567 1772 3622 in
1793 3583 1962 3622 unam

356 3663 882 3734 congregationem,
918 3677 1043 3716 cum
1079 3677 1200 3716 eam
1227 3669 1659 3740 transmutasset
1677 3677 1809 3717 vera
1831 3661 1964 3718 vitis

356 3755 436 3809 ah
467 3771 610 3824 aqua
640 3754 696 3808 in
723 3755 914 3808 vinum
937 3755 1162 3820 laetitiae,
1187 3751 1242 3808 in
1266 3753 1790 3826 congregationibus
1822 3753 1959 3818 suis,

357 3865 566 3918 nempe
593 3849 647 3902 in
679 3847 916 3919 lapideis
958 3855 1131 3918 petra:
1153 3846 1532 3902 Ecclesiarum
1555 3846 1812 3919 'hydriis,
1840 3863 1963 3918 quae

352 3941 602 4012 capiunt
629 3941 774 3996 circa
806 3941 945 3996 duas
991 3947 1252 3996 metretas
1289 3937 1498 3994 veteris
1525 3945 1583 3992 et
1618 3937 1748 3992 novi
1789 3947 1961 3994 testa-

357 4033 541 4089 menti
573 4049 588 4087 :
625 4041 721 4087 aut
758 4042 890 4095 tres,
924 4032 1173 4104 mysterii
1204 4028 1500 4086 Trinitatis
1530 4031 1631 4086 Dei
1666 4029 1762 4101 qui
1793 4029 1961 4086 tertio

357 4127 460 4184 die
502 4128 846 4183 resurrexit:
883 4126 977 4197 qui
1013 4127 1105 4182 die
1156 4125 1324 4182 tertio
1371 4123 1507 4180 dicit
1546 4141 1563 4178 :
1599 4122 1964 4196 Congregetur

360 4226 684 4290 aqua‘qua:
719 4229 795 4274 est
827 4219 923 4273 sub
969 4217 1100 4273 cmlo
1165 4219 1224 4272 in
1257 4233 1424 4272 unam
1471 4217 1960 4288 congregationem.

359 4309 507 4365 Nam
561 4311 749 4364 inulta:
813 4326 994 4380 nuper
1063 4317 1223 4364 erant
1279 4304 1474 4379 aquae,
1542 4307 1846 4378 multaeque
1906 4313 1964 4362 et

357 4392 724 4458 exsecranda
763 4417 1050 4474 synagoga
1096 4417 1163 4457 ac
1213 4401 1678 4473 congregationes
1721 4409 1966 4455 extensae

359 4509 542 4564 super
585 4503 755 4548 totam
801 4493 996 4550 faciem
1035 4503 1218 4550 terrae.
1249 4493 1441 4564 Aquas
1492 4508 1646 4549 nunc
1683 4492 1832 4558 dico,
1861 4492 1964 4548 do-

358 4595 551 4658 gmata
581 4593 638 4640 et
671 4585 991 4656 disciplinas
1021 4586 1238 4642 alienas
1281 4601 1316 4642 a
1348 4586 1578 4656 pietate,
1627 4585 1728 4641 sed
1761 4600 1961 4656 aquam

361 4694 496 4750 qua;
538 4677 809 4734 interimit
857 4677 1122 4749 gentilem
1179 4677 1520 4743 doctrinam,
1580 4677 1962 4749 astrologiam,

362 4771 800 4826 divinationem.
828 4769 985 4840 Aqua
1010 4769 1245 4826 fusionis
1270 4771 1576 4843 sanguinis,
1607 4785 1749 4841 aqua
1780 4786 1964 4826 amara

363 4863 650 4919 haereticus
679 4861 884 4932 linguae
913 4862 1238 4934 pruriginis,
1283 4879 1424 4934 aqua
1448 4863 1687 4920 obscura
1721 4869 1775 4919 et
1821 4861 1966 4918 diﬂi-

363 4956 498 5012 cilis
547 4955 616 5010 ad
710 4955 1212 5027 interpretandum.
1263 4953 1698 5027 Superstitionis
1758 4953 1966 5011 Graecae

365 5051 562 5104 multze
587 5059 716 5105 sunt
746 5060 928 5121 aquae;
955 5049 1115 5104 multi
1147 5047 1324 5111 ﬂuvii,
1360 5048 1520 5104 multi
1551 5047 1962 5104 submersores.

365 5143 486 5200 Iste
521 5135 757 5198 docebat
791 5158 903 5198 non
949 5157 1072 5198 esse
1123 5143 1323 5208 Deum,
1379 5141 1476 5196 hic
1521 5156 1636 5196 non
1681 5154 1807 5196 esse
1839 5155 1968 5212 pro-

367 5233 698 5289 videntiam.
739 5235 849 5290 Iste
900 5235 1236 5306 praedicabat
1268 5233 1402 5290 solis
1436 5233 1840 5298 adorationem,
1872 5235 1967 5290 hic

365 5326 658 5382 adoranda
687 5327 831 5398 ligna
863 5346 876 5382 :
913 5335 972 5382 et
1019 5328 1125 5382 iste
1176 5326 1413 5382 docebat
1459 5326 1672 5398 ligneas
1707 5326 1967 5382 fabricari

364 5427 610 5486 statuas,
649 5429 706 5477 et
753 5421 845 5476 hic
891 5421 1073 5492 ignem
1129 5419 1396 5485 adorare;
1429 5417 1575 5474 alius
1603 5417 1862 5474 initiabat
1909 5418 1966 5473 in

367 5512 660 5586 mysteriis
707 5513 959 5577 libidinis
991 5523 1049 5568 et
1075 5511 1537 5583 intemperantia.

451 5603 547 5660 Hae
582 5615 711 5660 sunt
753 5607 947 5676 prima:
989 5614 1046 5661 et
1085 5603 1304 5660 steriles
1349 5611 1408 5658 et
1444 5617 1558 5657 non
1587 5600 1862 5672 potabiles
1911 5609 1969 5658 et

369 5697 683 5756 mortiferae
717 5715 876 5770 aqua:
905 5699 1059 5754 orbis
1089 5707 1365 5754 terrarum
1421 5703 1633 5750 stantes
1671 5695 1728 5750 in
1773 5695 1970 5750 mult-is

449 5811 497 5845 ⁸⁸
539 5812 740 5868 Hahae.
825 5823 906 5867 Ill.
1009 5815 1094 5875 10.
1197 5818 1243 5849 ⁹⁰
1282 5817 1436 5874 Psal.
1476 5835 1658 5886 xxviii,
1688 5820 1740 5874 5.

365 5887 425 5921 ⁹⁸
474 5886 597 5939 Act.
638 5901 694 5951 ll,
729 5886 782 5938 5.
859 5887 904 5919 ”‘
929 5886 1064 5942 ibid.
1100 5887 1248 5944 9-“.

1993 4547 2040 4603 D

1856 5820 1908 5852 “-
1934 5819 2065 5875 an.
2099 5835 2214 5886 xm,
2265 5818 2355 5874 55.

2045 621 2103 667 et
2133 627 2258 682 quae
2295 619 2426 668 sunt
2467 625 2744 684 synagoga
2793 624 2891 665 seu
2943 608 3298 680 congregatio
3341 607 3641 679 Apollinis,

2047 720 2332 778 synagoga
2369 703 2620 770 Saturni,
2653 717 2931 776 synagoga
2978 701 3286 766 Ammonis,
3323 701 3518 758 etalia
3545 701 3644 758 Sc-

2046 796 2278 867 rapidis,
2301 811 2576 869 synagoga
2593 795 2749 860 Julii,
2771 810 3048 868 synagoga
3067 794 3348 861 Mercurii,
3366 809 3642 866 synagoga

2047 889 2260 960 Pythiae
2303 897 2360 944 ct
2411 889 2622 944 Dianai.
2654 888 2772 944 Nec
2808 887 2915 943 hoc
2947 888 3151 953 solum,
3181 886 3277 942 sed
3323 886 3494 942 etiam
3535 886 3642 940 im-

2046 979 2223 1050 proba
2253 979 2508 1045 Judaica,
2539 978 2746 1035 Christi
2784 979 3013 1034 inimica
3041 986 3098 1032 et
3147 976 3244 1033 Dei
3296 976 3642 1032 adversaria.

2048 1073 2285 1144 Propter
2330 1073 2430 1130 has
2485 1089 2618 1145 ergo
2673 1073 2872 1144 impias
2910 1086 3213 1145 synagogas
3243 1079 3298 1126 et
3345 1085 3645 1141 congrega-

2049 1165 2250 1231 tiones,
2284 1175 2342 1222 et
2389 1173 2514 1237 quae
2556 1167 2614 1222 in
2645 1165 2730 1222 eis
2769 1173 2902 1220 sunt
2931 1164 3266 1236 populorum
3304 1164 3641 1236 et‘gentium

2048 1259 2419 1315 exsecrandas
2471 1259 2800 1330 disciplinas
2850 1267 2908 1314 et
2963 1259 3267 1323 doctrinas,
3305 1257 3452 1312 Deus
3484 1257 3644 1328 jubet

2049 1365 2246 1422 magna
2290 1362 2424 1406 voce
2451 1350 2644 1407 dicens
2683 1369 2696 1406 :
2727 1349 3092 1423 Congregetur
3117 1368 3260 1422 aqua
3291 1368 3410 1422 qua:
3444 1363 3519 1406 est
3547 1351 3642 1406 sub

2051 1443 2180 1498 caelo
2231 1444 2288 1498 in
2317 1459 2486 1499 unam
2515 1443 2642 1500 ﬁdei
2673 1445 3177 1522 congregationem.
3213 1444 3388 1512 Quam
3416 1443 3645 1516 quidem

2049 1552 2244 1592 vocem
2287 1536 2496 1594 Christi
2545 1537 2666 1604 Dei,
2715 1553 2843 1594 cum
2895 1538 3207 1594 audiisscnt
3259 1547 3316 1594 ct
3374 1553 3552 1608 aquae,
3589 1545 3648 1592 et

2053 1627 2212 1694 ﬁnes,
2241 1645 2443 1702 genera
2470 1629 2756 1686 barbarica
2783 1648 2796 1684 :
2825 1630 3106 1700 quomodo
3125 1639 3260 1686 tunc
3286 1631 3340 1686 in
3363 1631 3647 1686 creatione

2053 1721 2270 1787 mundi,
2317 1737 2475 1792 aquae
2505 1721 2685 1789 ﬂuxae,
2727 1731 2878 1778 metu
2912 1739 2978 1778 ac
3028 1732 3288 1788 tremore,
3315 1739 3514 1794 magno
3547 1722 3648 1778 im—

2053 1823 2186 1884 petu
2228 1813 2470 1870 ﬂuentes
2492 1815 2851 1876 festinabant.
2885 1817 3206 1883 currebant,
3242 1818 3647 1885 accelerabant,

2054 1922 2164 1962 non
2205 1907 2604 1978 exspectabant
2637 1923 2696 1963 se
2729 1909 2982 1963 invicem’
3006 1917 3069 1962 ut
3101 1909 3159 1961 in
3199 1923 3365 1962 unam
3411 1923 3648 1978 congre-

2054 2007 2320 2070 garentur
2362 2007 2420 2054 et
2447 2008 2810 2053 moverentur
2840 1998 3348 2070 congregationem,
3373 1997 3648 2062 boreales,

2055 2090 2352 2157 australes,
2403 2089 2800 2150 occidentales,
2847 2089 3154 2144 orientales
3181 2087 3335 2144 orbis
3376 2097 3648 2143 terrarum

2057 2181 2218 2236 unda:
2259 2189 2317 2236 et
2364 2181 2571 2236 ﬂuenta
2605 2198 2621 2235 :
2658 2197 2718 2236 se
2751 2181 2994 2236 invicem
3049 2181 3545 2252 praavenicntcs-et
3592 2179 3650 2236 in

2055 2273 2260 2329 ﬂuctus
2293 2282 2670 2346 assurgentes,
2707 2283 2968 2345 tanquam
3003 2274 3072 2329 ab
3101 2273 3288 2345 aliquo
3315 2275 3566 2330 violento
3592 2285 3652 2331 et

2057 2363 2252 2422 divino
2313 2366 2514 2438 spiritu
2549 2375 2607 2422 et
2645 2366 2740 2438 qui
2781 2382 2951 2437 super
2999 2366 3149 2436 ipsas
3172 2365 3474 2434 ferebatur,
3515 2376 3653 2423 acta:

2058 2468 2116 2516 et
2163 2461 2438 2532 impulsae,
2491 2471 2554 2516 ut
2604 2476 2716 2516 una
2759 2459 3114 2531 congregatio
3162 2467 3220 2514 et
3271 2475 3425 2514 mare
3465 2468 3655 2516 essent

2059 2567 2254 2608 omnes
2295 2550 2463 2624 aquae
2479 2562 2662 2609 terrai.
2705 2551 2786 2607 Ita
2819 2553 2952 2608 licet
2988 2551 3180 2607 videre
3211 2567 3405 2606 omnes
3434 2561 3650 2622 gentes,

2054 2652 2116 2698 'et
2142 2646 2382 2697 maxime
2406 2642 2503 2697 illo
2526 2643 2618 2698 die
2645 2641 3024 2707 Pentecostes,
3049 2641 3120 2696 ab
3141 2641 3234 2696 illa
3255 2656 3391 2697 voce
3411 2642 3654 2698 violenta

2058 2747 2183 2803 quae
2214 2732 2363 2788 facta
2395 2740 2484 2788 est
2511 2732 2744 2803 spiritus
2779 2732 2875 2802 qui
2902 2747 3057 2787 nunc
3087 2731 3254 2788 etiam
3282 2731 3462 2788 fertur
3487 2749 3655 2804 supra

2060 2824 2326 2896 gentilem
2364 2823 2586 2880 fidelem
2629 2838 2854 2894 aquam,
2907 2839 3030 2894 quae
3083 2833 3417 2896 congregata
3458 2833 3544 2882 est
3597 2825 3655 2882 in

2062 2934 2228 2973 unam
2261 2917 2388 2974 fidei
2427 2919 2940 2990 congregationem,
2973 2927 3031 2974 et
3053 2919 3208 2974 unita
3249 2921 3306 2974 in
3351 2933 3515 2976 unam
3547 2919 3656 2976 Ec-

2062 3011 2247 3066 clesiae
2288 3011 2692 3084 compaginem,
2725 3021 3148 3068 concurrentes.
3187 3012 3324 3070 Vide
3357 3011 3507 3068 enim
3541 3027 3654 3068 non

2063 3105 2240 3160 solum
2289 3105 2480 3170 rebus,
2529 3104 2628 3161 sed
2655 3105 2825 3161 etiam
2857 3103 2994 3174 ipsis
3025 3104 3216 3160 verbis
3255 3113 3655 3160 consonantem

1171 3198 1228 3254 in
1281 3215 1389 3270 qua
1435 3207 1716 3266 creatura,
1764 3215 1832 3256 eo
1859 3199 1958 3255 de-
1987 3202 2029 3260 C
2061 3207 2118 3254 et
2167 3199 2594 3254 convenientem
2649 3199 2918 3254 unionem
2965 3197 3188 3253 illarum
3252 3213 3546 3269 aquarum,
3599 3206 3658 3252 et

2063 3291 2262 3347 harum
2309 3291 2599 3362 gentilium
2655 3307 2946 3362 aquarum.
2982 3290 3224 3362 Spiritus
3250 3291 3342 3362 qui
3373 3289 3658 3347 ferebatur

2063 3400 2233 3456 super
2270 3400 2492 3455 aquam,
2524 3394 2660 3440 tunc
2698 3388 2814 3456 ipse
2846 3385 3068 3456 spirans
3095 3401 3190 3440 cas
3223 3384 3407 3456 coegit
3435 3394 3493 3440 ct
3513 3383 3658 3439 uniit

2063 3478 2121 3532 in
2158 3493 2324 3532 unam
2357 3478 2840 3550 congregationem
2869 3495 2883 3531 :
2925 3486 2982 3533 et
3011 3477 3106 3533 hic
3135 3478 3254 3548 ipsc
3285 3474 3528 3548 Spiritus
3561 3476 3658 3531 ad—

2062 3571 2295 3626 veniens
2343 3579 2401 3626 et
2445 3571 2687 3641 Spirans.
2729 3569 2863 3626 fecit
2910 3569 3160 3641 gentium
3207 3567 3492 3624 unionem.
3539 3568 3660 3624 Illic

2065 3663 2333 3731 scriptum
2380 3670 2469 3716 est
2506 3678 2520 3714 :
2583 3659 2814 3734 Spiritus
2855 3661 3102 3716 insedit:
3147 3667 3205 3716 et
3251 3660 3346 3716 hic
3389 3660 3657 3731 scriptum

2063 3763 2183 3810 est:
2209 3753 2358 3810 Sedit
2387 3769 2548 3827 super
2588 3770 3022 3826 unumquemque
3057 3755 3297 3826 ipsorum
3322 3752 3554 3826 Spiritus
3585 3753 3653 3810 “.

2063 3847 2123 3902 In
2155 3847 2250 3903 illo
2292 3847 2475 3918 primo
2505 3847 2616 3914 die,
2670 3847 2848 3919 ignem
2900 3848 3049 3904 Deus
3075 3846 3206 3902 fecit
3239 3856 3336 3902 :et
3371 3847 3425 3902 in
3461 3846 3655 3902 eodem

2063 3940 2246 4010 primo
2297 3940 2390 3996 die
2439 3925 2730 3996 Dominico
2763 3939 2822 3994 in
2849 3940 3055 4011 linguis
3098 3938 3275 4012 igneis
3322 3939 3543 3994 advenit
3573 3939 3660 3994 lu-

2065 4045 2194 4086 men
2219 4029 2462 4102 Spiritus
2489 4031 2686 4087 sancti.
2725 4031 2848 4086 lllic
2896 4030 3165 4102 scriptum
3194 4039 3282 4086 est
3320 4047 3333 4084 :
3376 4028 3552 4085 Tertio
3574 4029 3658 4084 die

2064 4132 2389 4194 congregata
2420 4131 2500 4178 est
2526 4138 2669 4195 aqua
2699 4137 2719 4176 :
2748 4123 2841 4178 hic
2861 4123 3198 4194 congregatis
3233 4137 3299 4176 ea:
3325 4123 3472 4176 omni
3505 4132 3658 4194 gente

2066 4206 2186 4288 qua
2208 4223 2284 4272 est
2315 4217 2410 4271 sub
2441 4215 2568 4272 ca'la
2601 4217 2949 4272 unanimiter.
2981 4214 3187 4272 Omnes
3211 4231 3367 4286 aqua:
3399 4216 3656 4288 gentiles,

2065 4307 2281 4378 Parthi,
2331 4309 2494 4375 Medi,
2537 4318 2594 4364 et
2641 4308 2919 4375 Elamiue,
2971 4317 3020 4363 et
3079 4313 3170 4380 qui
3225 4308 3542 4364 habitabant
3601 4311 3656 4364 in

2064 4401 2471 4474 HesOpotamia,
2509 4401 2804 4474 Judwaque
2857 4409 2910 4456 et
2942 4399 3306 4474 Cappadocia,
3368 4400 3562 4468 Ponto,
3609 4410 3660 4457 ct

2065 4494 2216 4560 Asia,
2257 4491 2493 4566 Phrygia
2515 4502 2566 4550 et
2592 4493 2938 4567 Pamphylia,
2967 4494 3302 4568 ﬁgyptoque
3325 4503 3377 4549 et
3417 4495 3660 4568 partibus

2067 4586 2247 4660 Libya:
2267 4603 2384 4658 qua:
2421 4595 2498 4642 est
2542 4589 2682 4643 circa
2709 4587 2996 4660 Cyrenam,
3019 4589 3271 4652 Romani,
3301 4599 3350 4644 et
3378 4589 3575 4654 Judaei,
3609 4599 3670 4643 et-

2069 4679 2356 4752 Proselyti.
2425 4679 2604 4737 Cretes
2632 4690 2682 4736 et
2717 4681 2920 4736 Arabes
2964 4683 3032 4737 ⁸⁵.
3075 4680 3180 4748 Qui
3204 4683 3430 4752 quidem
3468 4698 3662 4738 omnes

2066 4789 2193 4831 cum
2239 4774 2552 4831 audiissent
2611 4791 2804 4831 vocem
2854 4792 2977 4848 qua:
3030 4776 3172 4832 facta
3225 4784 3312 4834 est
3369 4794 3439 4832 ex
3493 4778 3656 4843 ccelo,

2068 4873 2338 4936 tanquam
2382 4881 2650 4936 aquarum
2684 4882 2698 4919 :
2729 4873 2841 4921 tota
2872 4865 3196 4932 multitudo,
3238 4866 3403 4922 simul
3432 4864 3661 4920 fuerunt

2067 4959 2384 5030 congregati
2410 4951 2465 5012 in
2487 4959 2656 5014 domo
2681 4957 2776 5013 ubi
2802 4965 2962 5012 erant
2983 4957 3244 5028 apostoli.
3273 4955 3467 5026 Papae!
3492 4971 3660 5026 quam

2068 5059 2200 5106 sunt
2245 5049 2330 5105 ha:
2369 5066 2460 5106 res
2503 5051 2689 5108 novae!
2721 5047 2874 5104 Nihil
2928 5049 3102 5105 refert
3131 5064 3203 5104 an
3246 5048 3465 5104 dicatur
3507 5047 3660 5118 quod

2067 5150 2402 5213 congregata
2447 5149 2505 5196 et
2543 5139 2773 5196 confusa
2822 5140 2929 5196 fuit
2964 5149 3077 5196 tota
3117 5139 3210 5196 illa
3261 5139 3568 5195 multitudo
3601 5139 3660 5197 in

2069 5229 2234 5286 domo
2253 5231 2656 5301 apostolorum.
2679 5230 2849 5302 838
2873 5229 3014 5286 Illud
3035 5230 3186 5286 enim
3219 5247 3234 5285 :
3263 5228 3496 5302 Confusa
3523 5230 3660 5302 fuit:

2061 5322 2220 5378 valde
2241 5323 2505 5378 convenit
2530 5333 2590 5380 ut
2620 5333 2748 5393 apte
2767 5332 2824 5378 et
2843 5323 3112 5379 decenter
3137 5322 3362 5379 dicatur
3383 5324 3452 5378 de
3473 5323 3655 5394 aquis.

2064 5413 2304 5470 Ratione
2331 5413 2484 5470 enim
2515 5413 2773 5484 praeditis
2803 5421 2937 5469 tunc
2963 5413 3127 5486 aquis
3149 5422 3208 5470 et
3232 5414 3440 5470 Christi
3473 5415 3658 5486 pisca-

2062 5507 2316 5570 toribus,
2363 5517 2595 5580 propter
2643 5522 2810 5562 unam
2852 5507 3305 5578 praedicationem
3345 5505 3658 5564 communis

2061 5600 2200 5655 vita.

2134 5694 2360 5750 Christo
2401 5709 2538 5766 ergo
2577 5692 2812 5749 Domino
2866 5693 3027 5748 valde
3087 5693 3353 5749 convenit
3405 5690 3590 5746 dicere
3633 5713 3660 5750 :.

2454 5817 2499 5850 ἐ
2531 5817 2692 5874 Rom.
2732 5833 2826 5878 vn,
2870 5817 2959 5873 25.
3040 5815 3089 5850 "
3123 5816 3284 5873 Joan.
3326 5829 3384 5872 ιι.
3429 5813 3452 5868 1
3493 5826 3655 5884 κεια-
