  <div class='ocr_page' id='page_1' title='image "/cluster/home/n/w/nwhite01/storage/ocr_20150623/89/coo.31924054869932/453.png"; bbox 0 0 4098 6426; ppageno 0'>
   <div class='ocr_carea' id='block_1_1' title="bbox 533 356 640 419">
    <p class='ocr_par' dir='ltr' id='par_1_1' title="bbox 533 356 640 419">
     <span class='ocr_line' id='line_1_1' title="bbox 533 356 640 419; baseline -0.019 0"><span class='ocrx_word' id='word_1_1' title='bbox 533 356 640 419; x_wconf 82' lang='lat'><strong>883</strong></span> 
     </span>
    </p>
   </div>
   <div class='ocr_carea' id='block_1_2' title="bbox 1703 351 2572 419">
    <p class='ocr_par' dir='ltr' id='par_1_2' title="bbox 1703 351 2572 419">
     <span class='ocr_line' id='line_1_2' title="bbox 1703 351 2572 419; baseline 0.008 -7"><span class='ocrx_word' id='word_1_2' title='bbox 1703 351 1762 414; x_wconf 88' lang='lat' dir='ltr'><strong>S.</strong></span> <span class='ocrx_word' id='word_1_3' title='bbox 1805 355 2206 416; x_wconf 78' lang='lat' dir='ltr'><strong>ANASTASII</strong></span> <span class='ocrx_word' id='word_1_4' title='bbox 2245 353 2572 419; x_wconf 65' lang='lat' dir='ltr'><strong>SINAITE</strong></span> 
     </span>
    </p>
   </div>
   <div class='ocr_carea' id='block_1_3' title="bbox 3704 341 3821 408">
    <p class='ocr_par' dir='ltr' id='par_1_3' title="bbox 3704 341 3821 408">
     <span class='ocr_line' id='line_1_3' title="bbox 3704 341 3821 408; baseline -0.026 0"><span class='ocrx_word' id='word_1_5' title='bbox 3704 341 3821 408; x_wconf 70' lang='lat'><strong>884</strong></span> 
     </span>
    </p>
   </div>
   <div class='ocr_carea' id='block_1_4' title="bbox 527 451 2140 540">
    <p class='ocr_par' dir='ltr' id='par_1_4' title="bbox 527 451 2113 537">
     <span class='ocr_line' id='line_1_4' title="bbox 527 451 2113 537; baseline 0.004 -21"><span class='ocrx_word' id='word_1_6' title='bbox 527 451 892 537; x_wconf 66' lang='lat' dir='ltr'><strong>fiongregetur</strong></span> <span class='ocrx_word' id='word_1_7' title='bbox 946 483 1087 536; x_wconf 81' lang='lat' dir='ltr'><strong>aqua</strong></span> <span class='ocrx_word' id='word_1_8' title='bbox 1135 482 1256 536; x_wconf 71' lang='lat' dir='ltr'><strong>qua:</strong></span> <span class='ocrx_word' id='word_1_9' title='bbox 1290 475 1368 521; x_wconf 86' lang='lat' dir='ltr'><strong>est</strong></span> <span class='ocrx_word' id='word_1_10' title='bbox 1402 466 1496 521; x_wconf 84' lang='lat' dir='ltr'><strong>sub</strong></span> <span class='ocrx_word' id='word_1_11' title='bbox 1543 466 1676 520; x_wconf 75' lang='lat' dir='ltr'><strong>coelo</strong></span> <span class='ocrx_word' id='word_1_12' title='bbox 1710 467 1766 519; x_wconf 85' lang='lat' dir='ltr'><strong>in</strong></span> <span class='ocrx_word' id='word_1_13' title='bbox 1794 483 1956 520; x_wconf 78' lang='lat' dir='ltr'><strong>unam</strong></span> <span class='ocrx_word' id='word_1_14' title='bbox 1986 485 2113 522; x_wconf 87' lang='lat' dir='ltr'><strong>con-</strong></span> 
     </span>
    </p>
   </div>
   <div class='ocr_carea' id='block_1_5' title="bbox 2241 451 3818 540">
    <p class='ocr_par' dir='ltr' id='par_1_5' title="bbox 2243 453 3818 540">
     <span class='ocr_line' id='line_1_5' title="bbox 2243 453 3818 540; baseline -0.01 -15"><span class='ocrx_word' id='word_1_15' title='bbox 2243 471 2390 525; x_wconf 89' lang='lat' dir='ltr'><strong>uriat</strong></span> <span class='ocrx_word' id='word_1_16' title='bbox 2435 469 2714 540; x_wconf 87' lang='lat' dir='ltr'><strong>scaturigo</strong></span> <span class='ocrx_word' id='word_1_17' title='bbox 2758 461 3128 536; x_wconf 73' lang='lat' dir='ltr'><strong>baptismatis.</strong></span> <span class='ocrx_word' id='word_1_18' title='bbox 3179 459 3456 535; x_wconf 74' lang='lat' dir='ltr'><strong>App-arcet</strong></span> <span class='ocrx_word' id='word_1_19' title='bbox 3504 453 3818 518; x_wconf 57' lang='lat' dir='ltr'><strong>arida,“-</strong></span> 
     </span>
    </p>
   </div>
   <div class='ocr_carea' id='block_1_6' title="bbox 527 556 2122 630">
    <p class='ocr_par' dir='ltr' id='par_1_6' title="bbox 527 556 2122 630">
     <span class='ocr_line' id='line_1_6' title="bbox 527 556 2122 630; baseline 0.003 -20"><span class='ocrx_word' id='word_1_20' title='bbox 527 557 922 627; x_wconf 74' lang='lat' dir='ltr'><strong>gregationem.</strong></span> <span class='ocrx_word' id='word_1_21' title='bbox 951 556 1313 630; x_wconf 82' lang='lat' dir='ltr'><strong>Congregetur</strong></span> <span class='ocrx_word' id='word_1_22' title='bbox 1336 575 1500 629; x_wconf 85' lang='lat' dir='ltr'><strong>aqua,</strong></span> <span class='ocrx_word' id='word_1_23' title='bbox 1527 557 1832 628; x_wconf 69' lang='lat' dir='ltr'><strong>piscatores</strong></span> <span class='ocrx_word' id='word_1_24' title='bbox 1851 559 2000 616; x_wconf 83' lang='lat' dir='ltr'><strong>enim</strong></span> <span class='ocrx_word' id='word_1_25' title='bbox 2025 574 2122 630; x_wconf 85' lang='lat' dir='ltr'><strong>pa-</strong></span> 
     </span>
    </p>
   </div>
   <div class='ocr_carea' id='block_1_7' title="bbox 527 649 2121 723">
    <p class='ocr_par' dir='ltr' id='par_1_7' title="bbox 527 649 2121 723">
     <span class='ocr_line' id='line_1_7' title="bbox 527 649 2121 723; baseline 0.001 -19"><span class='ocrx_word' id='word_1_26' title='bbox 527 650 666 706; x_wconf 89' lang='lat' dir='ltr'><strong>ravi.</strong></span> <span class='ocrx_word' id='word_1_27' title='bbox 711 651 1063 723; x_wconf 78' lang='lat' dir='ltr'><strong>Congregetur</strong></span> <span class='ocrx_word' id='word_1_28' title='bbox 1083 665 1221 720; x_wconf 86' lang='lat' dir='ltr'><strong>aqua</strong></span> <span class='ocrx_word' id='word_1_29' title='bbox 1247 665 1268 703; x_wconf 92' lang='lat'><strong><em>:</em></strong></span> <span class='ocrx_word' id='word_1_30' title='bbox 1331 651 1538 705; x_wconf 82' lang='lat' dir='ltr'><strong>Petrus</strong></span> <span class='ocrx_word' id='word_1_31' title='bbox 1552 649 1724 714; x_wconf 90' lang='lat' dir='ltr'><strong>enim,</strong></span> <span class='ocrx_word' id='word_1_32' title='bbox 1754 649 1868 719; x_wconf 87' lang='lat' dir='ltr'><strong>jam</strong></span> <span class='ocrx_word' id='word_1_33' title='bbox 1899 666 2121 706; x_wconf 86' lang='lat' dir='ltr'><strong>crucem</strong></span> 
     </span>
    </p>
   </div>
   <div class='ocr_carea' id='block_1_8' title="bbox 529 741 2123 815">
    <p class='ocr_par' dir='ltr' id='par_1_8' title="bbox 529 741 2123 815">
     <span class='ocr_line' id='line_1_8' title="bbox 529 741 2123 815; baseline 0.001 -20"><span class='ocrx_word' id='word_1_34' title='bbox 529 751 794 812; x_wconf 86' lang='lat' dir='ltr'><strong>tanquam</strong></span> <span class='ocrx_word' id='word_1_35' title='bbox 823 759 1039 798; x_wconf 90' lang='lat' dir='ltr'><strong>remum</strong></span> <span class='ocrx_word' id='word_1_36' title='bbox 1073 743 1300 815; x_wconf 91' lang='lat' dir='ltr'><strong>intingit</strong></span> <span class='ocrx_word' id='word_1_37' title='bbox 1341 743 1398 798; x_wconf 91' lang='lat' dir='ltr'><strong>in</strong></span> <span class='ocrx_word' id='word_1_38' title='bbox 1448 743 1590 797; x_wconf 87' lang='lat' dir='ltr'><strong>mari</strong></span> <span class='ocrx_word' id='word_1_39' title='bbox 1640 741 1945 798; x_wconf 84' lang='lat' dir='ltr'><strong>mundano.</strong></span> <span class='ocrx_word' id='word_1_40' title='bbox 1979 742 2123 799; x_wconf 84' lang='lat' dir='ltr'><strong>Con-</strong></span> 
     </span>
    </p>
   </div>
   <div class='ocr_carea' id='block_1_9' title="bbox 527 835 2123 908">
    <p class='ocr_par' dir='ltr' id='par_1_9' title="bbox 527 835 2123 908">
     <span class='ocr_line' id='line_1_9' title="bbox 527 835 2123 908; baseline 0.002 -21"><span class='ocrx_word' id='word_1_41' title='bbox 527 845 775 906; x_wconf 84' lang='lat' dir='ltr'><strong>gregetur</strong></span> <span class='ocrx_word' id='word_1_42' title='bbox 821 853 988 908; x_wconf 85' lang='lat' dir='ltr'><strong>aqua,</strong></span> <span class='ocrx_word' id='word_1_43' title='bbox 1047 847 1236 906; x_wconf 86' lang='lat' dir='ltr'><strong>parata</strong></span> <span class='ocrx_word' id='word_1_44' title='bbox 1263 845 1352 891; x_wconf 86' lang='lat' dir='ltr'><strong>est</strong></span> <span class='ocrx_word' id='word_1_45' title='bbox 1377 835 1528 892; x_wconf 91' lang='lat' dir='ltr'><strong>enim</strong></span> <span class='ocrx_word' id='word_1_46' title='bbox 1553 851 1756 906; x_wconf 84' lang='lat' dir='ltr'><strong>sagena</strong></span> <span class='ocrx_word' id='word_1_47' title='bbox 1794 836 1987 892; x_wconf 82' lang='lat' dir='ltr'><strong>Verbi.</strong></span> <span class='ocrx_word' id='word_1_48' title='bbox 2015 836 2123 891; x_wconf 82' lang='lat' dir='ltr'><strong>Ac-</strong></span> 
     </span>
    </p>
   </div>
   <div class='ocr_carea' id='block_1_10' title="bbox 531 927 2125 1000">
    <p class='ocr_par' dir='ltr' id='par_1_10' title="bbox 531 927 2125 1000">
     <span class='ocr_line' id='line_1_10' title="bbox 531 927 2125 1000; baseline 0.002 -20"><span class='ocrx_word' id='word_1_49' title='bbox 531 928 849 982; x_wconf 85' lang='lat' dir='ltr'><strong>cumuletur</strong></span> <span class='ocrx_word' id='word_1_50' title='bbox 877 945 1042 998; x_wconf 88' lang='lat' dir='ltr'><strong>aqua,</strong></span> <span class='ocrx_word' id='word_1_51' title='bbox 1076 943 1188 986; x_wconf 86' lang='lat' dir='ltr'><strong>non</strong></span> <span class='ocrx_word' id='word_1_52' title='bbox 1225 937 1411 999; x_wconf 85' lang='lat' dir='ltr'><strong>potest</strong></span> <span class='ocrx_word' id='word_1_53' title='bbox 1443 927 1593 983; x_wconf 88' lang='lat' dir='ltr'><strong>enim</strong></span> <span class='ocrx_word' id='word_1_54' title='bbox 1639 928 1818 1000; x_wconf 74' lang='lat' dir='ltr'><strong>frangi</strong></span> <span class='ocrx_word' id='word_1_55' title='bbox 1853 938 1987 983; x_wconf 80' lang='lat' dir='ltr'><strong>rete.</strong></span> <span class='ocrx_word' id='word_1_56' title='bbox 2018 928 2125 983; x_wconf 69' lang='lat' dir='ltr'><strong>Arc-</strong></span> 
     </span>
    </p>
   </div>
   <div class='ocr_carea' id='block_1_11' title="bbox 532 1018 2122 1090">
    <p class='ocr_par' dir='ltr' id='par_1_11' title="bbox 532 1018 2122 1090">
     <span class='ocr_line' id='line_1_11' title="bbox 532 1018 2122 1090; baseline -0.001 -16"><span class='ocrx_word' id='word_1_57' title='bbox 532 1019 742 1075; x_wconf 83' lang='lat' dir='ltr'><strong>celeret</strong></span> <span class='ocrx_word' id='word_1_58' title='bbox 767 1035 934 1090; x_wconf 88' lang='lat' dir='ltr'><strong>aqua,</strong></span> <span class='ocrx_word' id='word_1_59' title='bbox 965 1020 1170 1075; x_wconf 84' lang='lat' dir='ltr'><strong>adsunt</strong></span> <span class='ocrx_word' id='word_1_60' title='bbox 1193 1019 1340 1075; x_wconf 86' lang='lat' dir='ltr'><strong>enim</strong></span> <span class='ocrx_word' id='word_1_61' title='bbox 1379 1019 1617 1090; x_wconf 72' lang='lat' dir='ltr'><strong>scaphas.</strong></span> <span class='ocrx_word' id='word_1_62' title='bbox 1642 1018 1921 1074; x_wconf 80' lang='lat' dir='ltr'><strong>Convenit</strong></span> <span class='ocrx_word' id='word_1_63' title='bbox 1956 1035 2122 1088; x_wconf 85' lang='lat' dir='ltr'><strong>aqua,</strong></span> 
     </span>
    </p>
   </div>
   <div class='ocr_carea' id='block_1_12' title="bbox 531 1107 2123 1192">
    <p class='ocr_par' dir='ltr' id='par_1_12' title="bbox 531 1107 2123 1192">
     <span class='ocr_line' id='line_1_12' title="bbox 531 1107 2123 1192; baseline -0.001 -25"><span class='ocrx_word' id='word_1_64' title='bbox 531 1111 803 1167; x_wconf 81' lang='lat' dir='ltr'><strong>festinant</strong></span> <span class='ocrx_word' id='word_1_65' title='bbox 845 1113 1134 1192; x_wconf 24' lang='lat' dir='ltr'><strong>enim&#39;qui</strong></span> <span class='ocrx_word' id='word_1_66' title='bbox 1178 1107 1488 1182; x_wconf 83' lang='lat' dir='ltr'><strong>baptizant.</strong></span> <span class='ocrx_word' id='word_1_67' title='bbox 1516 1112 1674 1182; x_wconf 83' lang='lat' dir='ltr'><strong>Aqua</strong></span> <span class='ocrx_word' id='word_1_68' title='bbox 1719 1111 2123 1176; x_wconf 83' lang='lat' dir='ltr'><strong>sanctiﬁcetur,</strong></span> 
     </span>
    </p>
   </div>
   <div class='ocr_carea' id='block_1_13' title="bbox 533 1200 2126 1272">
    <p class='ocr_par' dir='ltr' id='par_1_13' title="bbox 533 1200 2126 1272">
     <span class='ocr_line' id='line_1_13' title="bbox 533 1200 2126 1272; baseline 0.002 -17"><span class='ocrx_word' id='word_1_69' title='bbox 533 1200 801 1270; x_wconf 71' lang='lat' dir='ltr'><strong>pnnvenit</strong></span> <span class='ocrx_word' id='word_1_70' title='bbox 820 1201 968 1256; x_wconf 90' lang='lat' dir='ltr'><strong>enim</strong></span> <span class='ocrx_word' id='word_1_71' title='bbox 999 1203 1313 1256; x_wconf 76' lang='lat' dir='ltr'><strong>Pnncnrsor</strong></span> <span class='ocrx_word' id='word_1_72' title='bbox 1341 1202 1408 1258; x_wconf 89' lang='lat' dir='ltr'><strong>ad</strong></span> <span class='ocrx_word' id='word_1_73' title='bbox 1433 1217 1599 1272; x_wconf 88' lang='lat' dir='ltr'><strong>quem</strong></span> <span class='ocrx_word' id='word_1_74' title='bbox 1623 1204 1927 1258; x_wconf 86' lang='lat' dir='ltr'><strong>currebant</strong></span> <span class='ocrx_word' id='word_1_75' title='bbox 1956 1205 2126 1260; x_wconf 88' lang='lat' dir='ltr'><strong>etiam</strong></span> 
     </span>
    </p>
   </div>
   <div class='ocr_carea' id='block_1_14' title="bbox 533 1293 2129 1367">
    <p class='ocr_par' dir='ltr' id='par_1_14' title="bbox 533 1293 2129 1367">
     <span class='ocr_line' id='line_1_14' title="bbox 533 1293 2129 1367; baseline 0.003 -21"><span class='ocrx_word' id='word_1_76' title='bbox 533 1309 691 1363; x_wconf 74' lang='lat' dir='ltr'><strong>aquze</strong></span> <span class='ocrx_word' id='word_1_77' title='bbox 717 1293 1087 1364; x_wconf 88' lang='lat' dir='ltr'><strong>populorum:</strong></span> <span class='ocrx_word' id='word_1_78' title='bbox 1119 1305 1176 1348; x_wconf 90' lang='lat' dir='ltr'><strong>et</strong></span> <span class='ocrx_word' id='word_1_79' title='bbox 1209 1295 1752 1358; x_wconf 85' lang='lat' dir='ltr'><strong>circumcurrebant,</strong></span> <span class='ocrx_word' id='word_1_80' title='bbox 1785 1295 1935 1367; x_wconf 88' lang='lat' dir='ltr'><strong>quod</strong></span> <span class='ocrx_word' id='word_1_81' title='bbox 1963 1297 2034 1352; x_wconf 89' lang='lat' dir='ltr'><strong>ab</strong></span> <span class='ocrx_word' id='word_1_82' title='bbox 2061 1313 2129 1350; x_wconf 88' lang='lat' dir='ltr'><strong>eo</strong></span> 
     </span>
    </p>
   </div>
   <div class='ocr_carea' id='block_1_15' title="bbox 533 1386 2131 1463">
    <p class='ocr_par' dir='ltr' id='par_1_15' title="bbox 533 1386 2131 1463">
     <span class='ocr_line' id='line_1_15' title="bbox 533 1386 2131 1463; baseline 0.003 -26"><span class='ocrx_word' id='word_1_83' title='bbox 533 1394 1010 1463; x_wconf 78' lang='lat' dir='ltr'><strong>congregarentur</strong></span> <span class='ocrx_word' id='word_1_84' title='bbox 1041 1395 1099 1441; x_wconf 80' lang='lat' dir='ltr'><strong>et</strong></span> <span class='ocrx_word' id='word_1_85' title='bbox 1134 1386 1644 1442; x_wconf 79' lang='lat' dir='ltr'><strong>accutnularentur.</strong></span> <span class='ocrx_word' id='word_1_86' title='bbox 1673 1387 1772 1442; x_wconf 93' lang='lat' dir='ltr'><strong>llle</strong></span> <span class='ocrx_word' id='word_1_87' title='bbox 1815 1403 2131 1458; x_wconf 63' lang='lat' dir='ltr'><strong>praecursor</strong></span> 
     </span>
    </p>
   </div>
   <div class='ocr_carea' id='block_1_16' title="bbox 531 1475 2130 1550">
    <p class='ocr_par' dir='ltr' id='par_1_16' title="bbox 531 1475 2130 1550">
     <span class='ocr_line' id='line_1_16' title="bbox 531 1475 2130 1550; baseline 0.006 -24"><span class='ocrx_word' id='word_1_88' title='bbox 531 1484 786 1530; x_wconf 83' lang='lat' dir='ltr'><strong>veterum</strong></span> <span class='ocrx_word' id='word_1_89' title='bbox 827 1475 1120 1546; x_wconf 82' lang='lat' dir='ltr'><strong>aquarum,</strong></span> <span class='ocrx_word' id='word_1_90' title='bbox 1185 1476 1289 1532; x_wconf 88' lang='lat' dir='ltr'><strong>fuit</strong></span> <span class='ocrx_word' id='word_1_91' title='bbox 1333 1479 1502 1533; x_wconf 90' lang='lat' dir='ltr'><strong>etiam</strong></span> <span class='ocrx_word' id='word_1_92' title='bbox 1542 1494 1856 1549; x_wconf 61' lang='lat' dir='ltr'><strong>praecursor</strong></span> <span class='ocrx_word' id='word_1_93' title='bbox 1898 1489 1954 1535; x_wconf 90' lang='lat' dir='ltr'><strong>et</strong></span> <span class='ocrx_word' id='word_1_94' title='bbox 1979 1482 2130 1550; x_wconf 90' lang='lat' dir='ltr'><strong>&#39;pro-</strong></span> 
     </span>
    </p>
   </div>
   <div class='ocr_carea' id='block_1_17' title="bbox 532 1567 2131 1642">
    <p class='ocr_par' dir='ltr' id='par_1_17' title="bbox 532 1567 2131 1642">
     <span class='ocr_line' id='line_1_17' title="bbox 532 1567 2131 1642; baseline 0.004 -23"><span class='ocrx_word' id='word_1_95' title='bbox 532 1581 779 1636; x_wconf 86' lang='lat' dir='ltr'><strong>gramma</strong></span> <span class='ocrx_word' id='word_1_96' title='bbox 818 1567 986 1639; x_wconf 84' lang='lat' dir='ltr'><strong>hujus</strong></span> <span class='ocrx_word' id='word_1_97' title='bbox 1033 1570 1416 1638; x_wconf 65' lang='lat' dir='ltr'><strong>prtecursoris,</strong></span> <span class='ocrx_word' id='word_1_98' title='bbox 1449 1569 1736 1642; x_wconf 86' lang='lat' dir='ltr'><strong>figuraque</strong></span> <span class='ocrx_word' id='word_1_99' title='bbox 1769 1570 2131 1626; x_wconf 78' lang='lat' dir='ltr'><strong>etindicium</strong></span> 
     </span>
    </p>
   </div>
   <div class='ocr_carea' id='block_1_18' title="bbox 533 1660 2130 1734">
    <p class='ocr_par' dir='ltr' id='par_1_18' title="bbox 533 1660 2130 1734">
     <span class='ocr_line' id='line_1_18' title="bbox 533 1660 2130 1734; baseline 0.004 -22"><span class='ocrx_word' id='word_1_100' title='bbox 533 1674 804 1728; x_wconf 89' lang='lat' dir='ltr'><strong>aquarum</strong></span> <span class='ocrx_word' id='word_1_101' title='bbox 845 1660 1198 1716; x_wconf 84' lang='lat' dir='ltr'><strong>credentium</strong></span> <span class='ocrx_word' id='word_1_102' title='bbox 1253 1670 1310 1716; x_wconf 86' lang='lat' dir='ltr'><strong>et</strong></span> <span class='ocrx_word' id='word_1_103' title='bbox 1358 1662 1575 1718; x_wconf 88' lang='lat' dir='ltr'><strong>ratione</strong></span> <span class='ocrx_word' id='word_1_104' title='bbox 1625 1661 2011 1734; x_wconf 58' lang='lat' dir='ltr'><strong>praeditarum,</strong></span> <span class='ocrx_word' id='word_1_105' title='bbox 2061 1663 2130 1718; x_wconf 88' lang='lat' dir='ltr'><strong>ad</strong></span> 
     </span>
    </p>
   </div>
   <div class='ocr_carea' id='block_1_19' title="bbox 533 1749 2134 1824">
    <p class='ocr_par' dir='ltr' id='par_1_19' title="bbox 533 1749 2134 1824">
     <span class='ocr_line' id='line_1_19' title="bbox 533 1749 2134 1824; baseline 0.002 -20"><span class='ocrx_word' id='word_1_106' title='bbox 533 1749 817 1805; x_wconf 81' lang='lat' dir='ltr'><strong>Christum</strong></span> <span class='ocrx_word' id='word_1_107' title='bbox 847 1752 1281 1806; x_wconf 84' lang='lat' dir='ltr'><strong>accurrentium.</strong></span> <span class='ocrx_word' id='word_1_108' title='bbox 1315 1751 1419 1807; x_wconf 82' lang='lat' dir='ltr'><strong>Per</strong></span> <span class='ocrx_word' id='word_1_109' title='bbox 1447 1752 1602 1814; x_wconf 87' lang='lat' dir='ltr'><strong>illum</strong></span> <span class='ocrx_word' id='word_1_110' title='bbox 1630 1753 1924 1823; x_wconf 88' lang='lat' dir='ltr'><strong>antiquum</strong></span> <span class='ocrx_word' id='word_1_111' title='bbox 1961 1769 2134 1824; x_wconf 88' lang='lat' dir='ltr'><strong>aqua-</strong></span> 
     </span>
    </p>
   </div>
   <div class='ocr_carea' id='block_1_20' title="bbox 2225 545 3818 629">
    <p class='ocr_par' dir='ltr' id='par_1_20' title="bbox 2225 545 3818 629">
     <span class='ocr_line' id='line_1_20' title="bbox 2225 545 3818 629; baseline -0.012 -11"><span class='ocrx_word' id='word_1_112' title='bbox 2225 565 2367 618; x_wconf 85' lang='lat' dir='ltr'><strong>ferte</strong></span> <span class='ocrx_word' id='word_1_113' title='bbox 2410 562 2615 622; x_wconf 84' lang='lat' dir='ltr'><strong>malum</strong></span> <span class='ocrx_word' id='word_1_114' title='bbox 2677 557 3007 629; x_wconf 89' lang='lat' dir='ltr'><strong>operculum</strong></span> <span class='ocrx_word' id='word_1_115' title='bbox 3057 552 3288 624; x_wconf 72' lang='lat' dir='ltr'><strong>pudoris</strong></span> <span class='ocrx_word' id='word_1_116' title='bbox 3331 545 3818 604; x_wconf 55' lang='lat' dir='ltr'><strong>anima-Solvite</strong></span> 
     </span>
    </p>
   </div>
   <div class='ocr_carea' id='block_1_21' title="bbox 2225 637 3819 722">
    <p class='ocr_par' dir='ltr' id='par_1_21' title="bbox 2225 637 3819 722">
     <span class='ocr_line' id='line_1_21' title="bbox 2225 637 3819 722; baseline -0.012 -14"><span class='ocrx_word' id='word_1_117' title='bbox 2225 653 2617 709; x_wconf 77' lang='lat' dir='ltr'><strong>intermedium</strong></span> <span class='ocrx_word' id='word_1_118' title='bbox 2649 649 2862 722; x_wconf 79' lang='lat' dir='ltr'><strong>peccati</strong></span> <span class='ocrx_word' id='word_1_119' title='bbox 2889 646 3208 707; x_wconf 83' lang='lat' dir='ltr'><strong>maccriem,</strong></span> <span class='ocrx_word' id='word_1_120' title='bbox 3244 658 3366 712; x_wconf 72' lang='lat' dir='ltr'><strong>qua:</strong></span> <span class='ocrx_word' id='word_1_121' title='bbox 3392 641 3567 695; x_wconf 87' lang='lat' dir='ltr'><strong>Deum</strong></span> <span class='ocrx_word' id='word_1_122' title='bbox 3595 637 3664 692; x_wconf 92' lang='lat' dir='ltr'><strong>ab</strong></span> <span class='ocrx_word' id='word_1_123' title='bbox 3693 637 3819 707; x_wconf 89' lang='lat' dir='ltr'><strong>ipsa</strong></span> 
     </span>
    </p>
   </div>
   <div class='ocr_carea' id='block_1_22' title="bbox 2224 728 3824 815">
    <p class='ocr_par' dir='ltr' id='par_1_22' title="bbox 2224 728 3824 815">
     <span class='ocr_line' id='line_1_22' title="bbox 2224 728 3824 815; baseline -0.014 -14"><span class='ocrx_word' id='word_1_124' title='bbox 2224 753 2462 815; x_wconf 78' lang='lat' dir='ltr'><strong>separat.</strong></span> <span class='ocrx_word' id='word_1_125' title='bbox 2495 743 2776 814; x_wconf 79' lang='lat' dir='ltr'><strong>Appareat</strong></span> <span class='ocrx_word' id='word_1_126' title='bbox 2803 756 2927 810; x_wconf 72' lang='lat' dir='ltr'><strong>qua:</strong></span> <span class='ocrx_word' id='word_1_127' title='bbox 2955 744 3096 794; x_wconf 88' lang='lat' dir='ltr'><strong>tecta</strong></span> <span class='ocrx_word' id='word_1_128' title='bbox 3130 740 3253 789; x_wconf 87' lang='lat' dir='ltr'><strong>erat</strong></span> <span class='ocrx_word' id='word_1_129' title='bbox 3300 747 3413 786; x_wconf 92' lang='lat' dir='ltr'><strong>non</strong></span> <span class='ocrx_word' id='word_1_130' title='bbox 3447 728 3688 799; x_wconf 85' lang='lat' dir='ltr'><strong>amplius</strong></span> <span class='ocrx_word' id='word_1_131' title='bbox 3712 742 3824 782; x_wconf 71' lang='lat' dir='ltr'><strong>caa-</strong></span> 
     </span>
    </p>
   </div>
   <div class='ocr_carea' id='block_1_23' title="bbox 2226 819 3824 912">
    <p class='ocr_par' dir='ltr' id='par_1_23' title="bbox 2226 819 3824 912">
     <span class='ocr_line' id='line_1_23' title="bbox 2226 819 3824 912; baseline -0.013 -20"><span class='ocrx_word' id='word_1_132' title='bbox 2226 837 2448 892; x_wconf 84' lang='lat' dir='ltr'><strong>cutiens</strong></span> <span class='ocrx_word' id='word_1_133' title='bbox 2488 854 2511 912; x_wconf 22' lang='lat'><strong>1:</strong></span> <span class='ocrx_word' id='word_1_134' title='bbox 2554 835 2651 890; x_wconf 90' lang='lat' dir='ltr'><strong>sed</strong></span> <span class='ocrx_word' id='word_1_135' title='bbox 2700 833 2981 895; x_wconf 80' lang='lat' dir='ltr'><strong>videatur,</strong></span> <span class='ocrx_word' id='word_1_136' title='bbox 3026 826 3291 899; x_wconf 90' lang='lat' dir='ltr'><strong>quoniam</strong></span> <span class='ocrx_word' id='word_1_137' title='bbox 3335 825 3490 877; x_wconf 85' lang='lat' dir='ltr'><strong>visus</strong></span> <span class='ocrx_word' id='word_1_138' title='bbox 3537 828 3626 875; x_wconf 89' lang='lat' dir='ltr'><strong>est</strong></span> <span class='ocrx_word' id='word_1_139' title='bbox 3669 819 3824 873; x_wconf 87' lang='lat' dir='ltr'><strong>Deus</strong></span> 
     </span>
    </p>
   </div>
   <div class='ocr_carea' id='block_1_24' title="bbox 2227 908 3826 992">
    <p class='ocr_par' dir='ltr' id='par_1_24' title="bbox 2227 908 3826 992">
     <span class='ocr_line' id='line_1_24' title="bbox 2227 908 3826 992; baseline -0.014 -7"><span class='ocrx_word' id='word_1_140' title='bbox 2227 929 2460 985; x_wconf 87' lang='lat' dir='ltr'><strong>deorum</strong></span> <span class='ocrx_word' id='word_1_141' title='bbox 2488 908 2546 983; x_wconf 82' lang='lat' dir='ltr'><strong>in</strong></span> <span class='ocrx_word' id='word_1_142' title='bbox 2591 926 2747 984; x_wconf 87' lang='lat' dir='ltr'><strong>Sion.</strong></span> <span class='ocrx_word' id='word_1_143' title='bbox 2789 922 3050 992; x_wconf 79' lang='lat' dir='ltr'><strong>Respiret</strong></span> <span class='ocrx_word' id='word_1_144' title='bbox 3085 919 3156 974; x_wconf 90' lang='lat' dir='ltr'><strong>de</strong></span> <span class='ocrx_word' id='word_1_145' title='bbox 3195 925 3400 971; x_wconf 67' lang='lat' dir='ltr'><strong>cretero</strong></span> <span class='ocrx_word' id='word_1_146' title='bbox 3453 921 3509 968; x_wconf 93' lang='lat' dir='ltr'><strong>et</strong></span> <span class='ocrx_word' id='word_1_147' title='bbox 3553 908 3826 966; x_wconf 86' lang='lat' dir='ltr'><strong>ascendat</strong></span> 
     </span>
    </p>
   </div>
   <div class='ocr_carea' id='block_1_25' title="bbox 2227 1001 3827 1094">
    <p class='ocr_par' dir='ltr' id='par_1_25' title="bbox 2227 1001 3827 1094">
     <span class='ocr_line' id='line_1_25' title="bbox 2227 1001 3827 1094; baseline -0.015 -16"><span class='ocrx_word' id='word_1_148' title='bbox 2227 1039 2298 1078; x_wconf 78' lang='lat' dir='ltr'><strong>ex</strong></span> <span class='ocrx_word' id='word_1_149' title='bbox 2325 1021 2625 1094; x_wconf 74' lang='lat' dir='ltr'><strong>profundo</strong></span> <span class='ocrx_word' id='word_1_150' title='bbox 2670 1015 3004 1090; x_wconf 72' lang='lat' dir='ltr'><strong>ignorantia:</strong></span> <span class='ocrx_word' id='word_1_151' title='bbox 3037 1028 3160 1082; x_wconf 66' lang='lat' dir='ltr'><strong>qua:</strong></span> <span class='ocrx_word' id='word_1_152' title='bbox 3190 1009 3298 1065; x_wconf 89' lang='lat' dir='ltr'><strong>fuit</strong></span> <span class='ocrx_word' id='word_1_153' title='bbox 3329 1005 3632 1076; x_wconf 85' lang='lat' dir='ltr'><strong>aliquando</strong></span> <span class='ocrx_word' id='word_1_154' title='bbox 3663 1001 3827 1056; x_wconf 86' lang='lat' dir='ltr'><strong>arida</strong></span> 
     </span>
    </p>
   </div>
   <div class='ocr_carea' id='block_1_26' title="bbox 2229 1093 3826 1182">
    <p class='ocr_par' dir='ltr' id='par_1_26' title="bbox 2229 1093 3826 1182">
     <span class='ocr_line' id='line_1_26' title="bbox 2229 1093 3826 1182; baseline -0.017 -10"><span class='ocrx_word' id='word_1_155' title='bbox 2229 1093 2502 1180; x_wconf 86' lang='lat' dir='ltr'><strong>Ecclesia,</strong></span> <span class='ocrx_word' id='word_1_156' title='bbox 2551 1123 2612 1169; x_wconf 90' lang='lat' dir='ltr'><strong>et</strong></span> <span class='ocrx_word' id='word_1_157' title='bbox 2658 1111 2898 1182; x_wconf 85' lang='lat' dir='ltr'><strong>accipiat</strong></span> <span class='ocrx_word' id='word_1_158' title='bbox 2942 1108 3132 1162; x_wconf 89' lang='lat' dir='ltr'><strong>radios</strong></span> <span class='ocrx_word' id='word_1_159' title='bbox 3163 1101 3408 1160; x_wconf 62' lang='lat' dir='ltr'><strong>caelestis</strong></span> <span class='ocrx_word' id='word_1_160' title='bbox 3449 1098 3617 1158; x_wconf 87' lang='lat' dir='ltr'><strong>Solis,</strong></span> <span class='ocrx_word' id='word_1_161' title='bbox 3645 1103 3708 1149; x_wconf 90' lang='lat' dir='ltr'><strong>ut</strong></span> <span class='ocrx_word' id='word_1_162' title='bbox 3733 1093 3826 1147; x_wconf 86' lang='lat' dir='ltr'><strong>di-</strong></span> 
     </span>
    </p>
   </div>
   <div class='ocr_carea' id='block_1_27' title="bbox 2231 1185 3829 1278">
    <p class='ocr_par' dir='ltr' id='par_1_27' title="bbox 2231 1185 3829 1278">
     <span class='ocr_line' id='line_1_27' title="bbox 2231 1185 3829 1278; baseline -0.017 -14"><span class='ocrx_word' id='word_1_163' title='bbox 2231 1211 2378 1265; x_wconf 84' lang='lat' dir='ltr'><strong>citur</strong></span> <span class='ocrx_word' id='word_1_164' title='bbox 2425 1207 2632 1278; x_wconf 84' lang='lat' dir='ltr'><strong>pluvia.</strong></span> <span class='ocrx_word' id='word_1_165' title='bbox 2672 1203 2976 1261; x_wconf 81' lang='lat' dir='ltr'><strong>Reveletur</strong></span> <span class='ocrx_word' id='word_1_166' title='bbox 3025 1197 3202 1260; x_wconf 88' lang='lat' dir='ltr'><strong>arida,</strong></span> <span class='ocrx_word' id='word_1_167' title='bbox 3250 1191 3514 1264; x_wconf 90' lang='lat' dir='ltr'><strong>quoniam</strong></span> <span class='ocrx_word' id='word_1_168' title='bbox 3543 1188 3723 1242; x_wconf 87' lang='lat' dir='ltr'><strong>lumen</strong></span> <span class='ocrx_word' id='word_1_169' title='bbox 3755 1185 3829 1240; x_wconf 82' lang='lat' dir='ltr'><strong>ad</strong></span> 
     </span>
    </p>
   </div>
   <div class='ocr_carea' id='block_1_28' title="bbox 2231 1277 3830 1368">
    <p class='ocr_par' dir='ltr' id='par_1_28' title="bbox 2231 1277 3830 1368">
     <span class='ocr_line' id='line_1_28' title="bbox 2231 1277 3830 1368; baseline -0.014 -14"><span class='ocrx_word' id='word_1_170' title='bbox 2231 1277 2612 1356; x_wconf 75' lang='lat' dir='ltr'><strong>reuelationem</strong></span> <span class='ocrx_word' id='word_1_171' title='bbox 2641 1295 2876 1368; x_wconf 86' lang='lat' dir='ltr'><strong>gentium</strong></span> <span class='ocrx_word' id='word_1_172' title='bbox 2905 1293 2951 1325; x_wconf 79' lang='lat'><strong>&quot;</strong></span> <span class='ocrx_word' id='word_1_173' title='bbox 2985 1289 3232 1352; x_wconf 77' lang='lat' dir='ltr'><strong>advenit,</strong></span> <span class='ocrx_word' id='word_1_174' title='bbox 3269 1294 3327 1340; x_wconf 92' lang='lat' dir='ltr'><strong>et</strong></span> <span class='ocrx_word' id='word_1_175' title='bbox 3357 1295 3574 1352; x_wconf 86' lang='lat' dir='ltr'><strong>tempus</strong></span> <span class='ocrx_word' id='word_1_176' title='bbox 3620 1287 3708 1334; x_wconf 90' lang='lat' dir='ltr'><strong>est</strong></span> <span class='ocrx_word' id='word_1_177' title='bbox 3755 1277 3830 1332; x_wconf 87' lang='lat' dir='ltr'><strong>de</strong></span> 
     </span>
    </p>
   </div>
   <div class='ocr_carea' id='block_1_29' title="bbox 2231 1374 3832 1460">
    <p class='ocr_par' dir='ltr' id='par_1_29' title="bbox 2231 1374 3832 1460">
     <span class='ocr_line' id='line_1_29' title="bbox 2231 1374 3832 1460; baseline -0.017 -11"><span class='ocrx_word' id='word_1_178' title='bbox 2231 1402 2436 1449; x_wconf 69' lang='lat' dir='ltr'><strong>caetero</strong></span> <span class='ocrx_word' id='word_1_179' title='bbox 2495 1401 2557 1446; x_wconf 91' lang='lat' dir='ltr'><strong>ut</strong></span> <span class='ocrx_word' id='word_1_180' title='bbox 2619 1392 2948 1460; x_wconf 76' lang='lat' dir='ltr'><strong>ipsaexuat</strong></span> <span class='ocrx_word' id='word_1_181' title='bbox 3000 1393 3056 1440; x_wconf 86' lang='lat' dir='ltr'><strong>ct</strong></span> <span class='ocrx_word' id='word_1_182' title='bbox 3101 1383 3345 1451; x_wconf 85' lang='lat' dir='ltr'><strong>deponat</strong></span> <span class='ocrx_word' id='word_1_183' title='bbox 3393 1374 3652 1430; x_wconf 76' lang='lat' dir='ltr'><strong>tenebras</strong></span> <span class='ocrx_word' id='word_1_184' title='bbox 3703 1385 3832 1441; x_wconf 66' lang='lat' dir='ltr'><strong>quae</strong></span> 
     </span>
    </p>
   </div>
   <div class='ocr_carea' id='block_1_30' title="bbox 2231 1467 3832 1552">
    <p class='ocr_par' dir='ltr' id='par_1_30' title="bbox 2231 1467 3832 1552">
     <span class='ocr_line' id='line_1_30' title="bbox 2231 1467 3832 1552; baseline -0.014 -10"><span class='ocrx_word' id='word_1_185' title='bbox 2231 1493 2366 1542; x_wconf 86' lang='lat' dir='ltr'><strong>sunt</strong></span> <span class='ocrx_word' id='word_1_186' title='bbox 2414 1484 2493 1539; x_wconf 92' lang='lat' dir='ltr'><strong>illi</strong></span> <span class='ocrx_word' id='word_1_187' title='bbox 2523 1481 2818 1552; x_wconf 66' lang='lat' dir='ltr'><strong>impositae,</strong></span> <span class='ocrx_word' id='word_1_188' title='bbox 2861 1489 2924 1533; x_wconf 91' lang='lat' dir='ltr'><strong>ut</strong></span> <span class='ocrx_word' id='word_1_189' title='bbox 2948 1493 3043 1532; x_wconf 83' lang='lat' dir='ltr'><strong>cas</strong></span> <span class='ocrx_word' id='word_1_190' title='bbox 3086 1475 3193 1530; x_wconf 86' lang='lat' dir='ltr'><strong>sibi</strong></span> <span class='ocrx_word' id='word_1_191' title='bbox 3226 1472 3429 1528; x_wconf 85' lang='lat' dir='ltr'><strong>habeat</strong></span> <span class='ocrx_word' id='word_1_192' title='bbox 3462 1467 3748 1538; x_wconf 79' lang='lat' dir='ltr'><strong>subjectus</strong></span> <span class='ocrx_word' id='word_1_193' title='bbox 3772 1472 3832 1519; x_wconf 90' lang='lat' dir='ltr'><strong>et</strong></span> 
     </span>
    </p>
   </div>
   <div class='ocr_carea' id='block_1_31' title="bbox 2231 1558 3830 1633">
    <p class='ocr_par' dir='ltr' id='par_1_31' title="bbox 2231 1558 3830 1633">
     <span class='ocr_line' id='line_1_31' title="bbox 2231 1558 3830 1633; baseline -0.016 -1"><span class='ocrx_word' id='word_1_194' title='bbox 2231 1576 2594 1633; x_wconf 88' lang='lat' dir='ltr'><strong>conculcatas</strong></span> <span class='ocrx_word' id='word_1_195' title='bbox 2619 1581 2676 1627; x_wconf 89' lang='lat' dir='ltr'><strong>et</strong></span> <span class='ocrx_word' id='word_1_196' title='bbox 2703 1571 2806 1625; x_wconf 89' lang='lat' dir='ltr'><strong>sub</strong></span> <span class='ocrx_word' id='word_1_197' title='bbox 2847 1584 2906 1624; x_wconf 91' lang='lat' dir='ltr'><strong>se</strong></span> <span class='ocrx_word' id='word_1_198' title='bbox 2953 1565 3312 1621; x_wconf 89' lang='lat' dir='ltr'><strong>transmissas</strong></span> <span class='ocrx_word' id='word_1_199' title='bbox 3343 1559 3412 1614; x_wconf 90' lang='lat' dir='ltr'><strong>ad</strong></span> <span class='ocrx_word' id='word_1_200' title='bbox 3455 1558 3742 1629; x_wconf 80' lang='lat' dir='ltr'><strong>abyssum,</strong></span> <span class='ocrx_word' id='word_1_201' title='bbox 3773 1563 3830 1608; x_wconf 89' lang='lat' dir='ltr'><strong>ct</strong></span> 
     </span>
    </p>
   </div>
   <div class='ocr_carea' id='block_1_32' title="bbox 2233 1649 3832 1738">
    <p class='ocr_par' dir='ltr' id='par_1_32' title="bbox 2233 1649 3832 1738">
     <span class='ocr_line' id='line_1_32' title="bbox 2233 1649 3832 1738; baseline -0.016 -15"><span class='ocrx_word' id='word_1_202' title='bbox 2233 1668 2427 1723; x_wconf 85' lang='lat' dir='ltr'><strong>audiat</strong></span> <span class='ocrx_word' id='word_1_203' title='bbox 2467 1683 2482 1719; x_wconf 92' lang='lat'><strong>:</strong></span> <span class='ocrx_word' id='word_1_204' title='bbox 2539 1665 2675 1719; x_wconf 86' lang='lat' dir='ltr'><strong>Ecce</strong></span> <span class='ocrx_word' id='word_1_205' title='bbox 2719 1661 2840 1716; x_wconf 82' lang='lat' dir='ltr'><strong>dedi</strong></span> <span class='ocrx_word' id='word_1_206' title='bbox 2881 1659 2972 1714; x_wconf 85' lang='lat' dir='ltr'><strong>tibi</strong></span> <span class='ocrx_word' id='word_1_207' title='bbox 3020 1665 3335 1738; x_wconf 83' lang='lat' dir='ltr'><strong>potestatem</strong></span> <span class='ocrx_word' id='word_1_208' title='bbox 3378 1649 3625 1706; x_wconf 85' lang='lat' dir='ltr'><strong>calcandi</strong></span> <span class='ocrx_word' id='word_1_209' title='bbox 3670 1656 3832 1716; x_wconf 78' lang='lat' dir='ltr'><strong>super</strong></span> 
     </span>
    </p>
   </div>
   <div class='ocr_carea' id='block_1_33' title="bbox 2239 1740 3835 1826">
    <p class='ocr_par' dir='ltr' id='par_1_33' title="bbox 2239 1740 3835 1826">
     <span class='ocr_line' id='line_1_33' title="bbox 2239 1740 3835 1826; baseline -0.014 -11"><span class='ocrx_word' id='word_1_210' title='bbox 2239 1760 2482 1816; x_wconf 79' lang='lat' dir='ltr'><strong>tenebras</strong></span> <span class='ocrx_word' id='word_1_211' title='bbox 2503 1758 2548 1790; x_wconf 73' lang='grc' dir='ltr'><strong>θ’</strong></span> <span class='ocrx_word' id='word_1_212' title='bbox 2574 1764 2697 1826; x_wconf 66' lang='lat' dir='ltr'><strong>quas</strong></span> <span class='ocrx_word' id='word_1_213' title='bbox 2719 1751 3022 1824; x_wconf 86' lang='lat' dir='ltr'><strong>aliquando</strong></span> <span class='ocrx_word' id='word_1_214' title='bbox 3051 1757 3213 1805; x_wconf 88' lang='lat' dir='ltr'><strong>erant</strong></span> <span class='ocrx_word' id='word_1_215' title='bbox 3259 1761 3429 1814; x_wconf 87' lang='lat' dir='ltr'><strong>supra</strong></span> <span class='ocrx_word' id='word_1_216' title='bbox 3473 1753 3526 1798; x_wconf 90' lang='lat' dir='ltr'><strong>te</strong></span> <span class='ocrx_word' id='word_1_217' title='bbox 3556 1740 3754 1811; x_wconf 87' lang='lat' dir='ltr'><strong>positae</strong></span> <span class='ocrx_word' id='word_1_218' title='bbox 3776 1747 3835 1792; x_wconf 86' lang='lat' dir='ltr'><strong>et</strong></span> 
     </span>
    </p>
   </div>
   <div class='ocr_carea' id='block_1_34' title="bbox 535 1829 3832 1915">
    <p class='ocr_par' dir='ltr' id='par_1_34' title="bbox 535 1829 3832 1915">
     <span class='ocr_line' id='line_1_34' title="bbox 535 1829 3832 1915; baseline -0.005 -21"><span class='ocrx_word' id='word_1_219' title='bbox 535 1846 660 1895; x_wconf 86' lang='lat' dir='ltr'><strong>ru&#39;m</strong></span> <span class='ocrx_word' id='word_1_220' title='bbox 693 1841 1098 1911; x_wconf 66' lang='lat' dir='ltr'><strong>praecursorem</strong></span> <span class='ocrx_word' id='word_1_221' title='bbox 1133 1832 1422 1898; x_wconf 79' lang='lat' dir='ltr'><strong>constituti</strong></span> <span class='ocrx_word' id='word_1_222' title='bbox 1459 1853 1590 1899; x_wconf 86' lang='lat' dir='ltr'><strong>sunt.</strong></span> <span class='ocrx_word' id='word_1_223' title='bbox 1619 1844 1805 1900; x_wconf 84' lang='lat' dir='ltr'><strong>fontes</strong></span> <span class='ocrx_word' id='word_1_224' title='bbox 1838 1861 2130 1915; x_wconf 89' lang='lat' dir='ltr'><strong>aquarum,</strong></span> <span class='ocrx_word' id='word_1_225' title='bbox 2165 1832 2208 1886; x_wconf 84' lang='grc' dir='ltr'>Β</span> <span class='ocrx_word' id='word_1_226' title='bbox 2238 1851 2338 1906; x_wconf 73' lang='lat' dir='ltr'><strong>ubi</strong></span> <span class='ocrx_word' id='word_1_227' title='bbox 2367 1849 2633 1909; x_wconf 58' lang='lat' dir='ltr'><strong>adversm,</strong></span> <span class='ocrx_word' id='word_1_228' title='bbox 2673 1859 2822 1903; x_wconf 77' lang='lat' dir='ltr'><strong>nunc</strong></span> <span class='ocrx_word' id='word_1_229' title='bbox 2845 1853 3032 1896; x_wconf 66' lang='lat' dir='ltr'><strong>autem</strong></span> <span class='ocrx_word' id='word_1_230' title='bbox 3064 1847 3202 1894; x_wconf 69' lang='lat' dir='ltr'><strong>sunt</strong></span> <span class='ocrx_word' id='word_1_231' title='bbox 3227 1835 3512 1906; x_wconf 56' lang='lat' dir='ltr'><strong>subjecta.</strong></span> <span class='ocrx_word' id='word_1_232' title='bbox 3542 1833 3678 1887; x_wconf 85' lang='lat' dir='ltr'><strong>Nam</strong></span> <span class='ocrx_word' id='word_1_233' title='bbox 3716 1829 3832 1882; x_wconf 78' lang='lat' dir='ltr'><strong>vim</strong></span> 
     </span>
    </p>
   </div>
   <div class='ocr_carea' id='block_1_35' title="bbox 534 1919 2134 2006">
    <p class='ocr_par' dir='ltr' id='par_1_35' title="bbox 534 1919 2134 2006">
     <span class='ocr_line' id='line_1_35' title="bbox 534 1919 2134 2006; baseline 0.003 -20"><span class='ocrx_word' id='word_1_234' title='bbox 534 1936 591 1987; x_wconf 81' lang='lat' dir='ltr'><strong>et</strong></span> <span class='ocrx_word' id='word_1_235' title='bbox 621 1932 864 1988; x_wconf 68' lang='lat' dir='ltr'><strong>revelata</strong></span> <span class='ocrx_word' id='word_1_236' title='bbox 897 1927 1026 1988; x_wconf 88' lang='lat' dir='ltr'><strong>sunt</strong></span> <span class='ocrx_word' id='word_1_237' title='bbox 1053 1919 1408 1988; x_wconf 77' lang='lat' dir='ltr'><strong>fundamenta</strong></span> <span class='ocrx_word' id='word_1_238' title='bbox 1434 1921 1588 1990; x_wconf 86' lang='lat' dir='ltr'><strong>orbis</strong></span> <span class='ocrx_word' id='word_1_239' title='bbox 1611 1943 1775 1992; x_wconf 73' lang='lat' dir='ltr'><strong>terra:</strong></span> <span class='ocrx_word' id='word_1_240' title='bbox 1813 1955 1826 1988; x_wconf 86' lang='lat'><strong>:</strong></span> <span class='ocrx_word' id='word_1_241' title='bbox 1863 1951 1964 2006; x_wconf 90' lang='lat' dir='ltr'><strong>per</strong></span> <span class='ocrx_word' id='word_1_242' title='bbox 1985 1935 2134 1991; x_wconf 89' lang='lat' dir='ltr'><strong>hunc</strong></span> 
     </span>
    </p>
   </div>
   <div class='ocr_carea' id='block_1_36' title="bbox 535 2011 2136 2107">
    <p class='ocr_par' dir='ltr' id='par_1_36' title="bbox 535 2011 2136 2107">
     <span class='ocr_line' id='line_1_36' title="bbox 535 2011 2136 2107; baseline 0.004 -33"><span class='ocrx_word' id='word_1_243' title='bbox 535 2025 944 2107; x_wconf 63' lang='lat' dir='ltr'><strong>praecursorem</strong></span> <span class='ocrx_word' id='word_1_244' title='bbox 995 2011 1263 2094; x_wconf 81' lang='lat' dir='ltr'><strong>aquarum</strong></span> <span class='ocrx_word' id='word_1_245' title='bbox 1311 2027 1624 2096; x_wconf 82' lang='lat' dir='ltr'><strong>gentilium,</strong></span> <span class='ocrx_word' id='word_1_246' title='bbox 1662 2027 1878 2082; x_wconf 81' lang='lat' dir='ltr'><strong>ﬁrmata</strong></span> <span class='ocrx_word' id='word_1_247' title='bbox 1916 2034 2048 2082; x_wconf 92' lang='lat' dir='ltr'><strong>sunt</strong></span> <span class='ocrx_word' id='word_1_248' title='bbox 2079 2038 2136 2081; x_wconf 87' lang='lat' dir='ltr'><strong>et</strong></span> 
     </span>
    </p>
   </div>
   <div class='ocr_carea' id='block_1_37' title="bbox 535 2115 1969 2175">
    <p class='ocr_par' dir='ltr' id='par_1_37' title="bbox 535 2115 1969 2175">
     <span class='ocr_line' id='line_1_37' title="bbox 535 2115 1969 2175; baseline 0.003 -7"><span class='ocrx_word' id='word_1_249' title='bbox 535 2125 724 2171; x_wconf 88' lang='lat' dir='ltr'><strong>creata</strong></span> <span class='ocrx_word' id='word_1_250' title='bbox 767 2115 1129 2172; x_wconf 87' lang='lat' dir='ltr'><strong>fundamenta</strong></span> <span class='ocrx_word' id='word_1_251' title='bbox 1164 2117 1430 2174; x_wconf 78' lang='lat' dir='ltr'><strong>Ecclesiae</strong></span> <span class='ocrx_word' id='word_1_252' title='bbox 1479 2120 1636 2174; x_wconf 87' lang='lat' dir='ltr'><strong>orbis</strong></span> <span class='ocrx_word' id='word_1_253' title='bbox 1673 2130 1969 2175; x_wconf 90' lang='lat' dir='ltr'><strong>terrarum.</strong></span> 
     </span>
    </p>
   </div>
   <div class='ocr_carea' id='block_1_38' title="bbox 607 2205 2133 2281">
    <p class='ocr_par' dir='ltr' id='par_1_38' title="bbox 607 2205 2133 2281">
     <span class='ocr_line' id='line_1_38' title="bbox 607 2205 2133 2281; baseline 0.002 -21"><span class='ocrx_word' id='word_1_254' title='bbox 607 2207 720 2262; x_wconf 69' lang='lat' dir='ltr'><strong>Illae</strong></span> <span class='ocrx_word' id='word_1_255' title='bbox 764 2205 922 2279; x_wconf 70' lang='lat' dir='ltr'><strong>aquae</strong></span> <span class='ocrx_word' id='word_1_256' title='bbox 973 2219 1246 2264; x_wconf 84' lang='lat' dir='ltr'><strong>currentes</strong></span> <span class='ocrx_word' id='word_1_257' title='bbox 1291 2209 1614 2264; x_wconf 84' lang='lat' dir='ltr'><strong>revelarunt</strong></span> <span class='ocrx_word' id='word_1_258' title='bbox 1681 2225 1782 2281; x_wconf 89' lang='lat' dir='ltr'><strong>per</strong></span> <span class='ocrx_word' id='word_1_259' title='bbox 1829 2211 2133 2265; x_wconf 88' lang='lat' dir='ltr'><strong>vehemen-</strong></span> 
     </span>
    </p>
   </div>
   <div class='ocr_carea' id='block_1_39' title="bbox 539 2288 2130 2386">
    <p class='ocr_par' dir='ltr' id='par_1_39' title="bbox 539 2288 2130 2386">
     <span class='ocr_line' id='line_1_39' title="bbox 539 2288 2130 2386; baseline 0.001 -33"><span class='ocrx_word' id='word_1_260' title='bbox 539 2309 648 2354; x_wconf 90' lang='lat' dir='ltr'><strong>tcm</strong></span> <span class='ocrx_word' id='word_1_261' title='bbox 679 2315 903 2386; x_wconf 81' lang='lat' dir='ltr'><strong>cursum</strong></span> <span class='ocrx_word' id='word_1_262' title='bbox 931 2317 1127 2386; x_wconf 76' lang='lat' dir='ltr'><strong>omnes</strong></span> <span class='ocrx_word' id='word_1_263' title='bbox 1151 2310 1368 2358; x_wconf 88' lang='lat' dir='ltr'><strong>montes</strong></span> <span class='ocrx_word' id='word_1_264' title='bbox 1387 2288 1480 2372; x_wconf 88' lang='lat' dir='ltr'><strong>qui</strong></span> <span class='ocrx_word' id='word_1_265' title='bbox 1513 2302 1672 2372; x_wconf 89' lang='lat' dir='ltr'><strong>prius</strong></span> <span class='ocrx_word' id='word_1_266' title='bbox 1711 2303 1843 2359; x_wconf 89' lang='lat' dir='ltr'><strong>tecti</strong></span> <span class='ocrx_word' id='word_1_267' title='bbox 1873 2305 2130 2358; x_wconf 88' lang='lat' dir='ltr'><strong>luerunt:</strong></span> 
     </span>
    </p>
   </div>
   <div class='ocr_carea' id='block_1_40' title="bbox 539 2382 2135 2474">
    <p class='ocr_par' dir='ltr' id='par_1_40' title="bbox 539 2382 2135 2474">
     <span class='ocr_line' id='line_1_40' title="bbox 539 2382 2135 2474; baseline 0.001 -30"><span class='ocrx_word' id='word_1_268' title='bbox 539 2382 1034 2474; x_wconf 72' lang='lat' dir='ltr'><strong>j;ra:_signilicantes</strong></span> <span class='ocrx_word' id='word_1_269' title='bbox 1064 2382 1474 2448; x_wconf 67' lang='lat' dir='ltr'><strong>l5raacursorem</strong></span> <span class='ocrx_word' id='word_1_270' title='bbox 1517 2394 1787 2464; x_wconf 86' lang='lat' dir='ltr'><strong>gentium,</strong></span> <span class='ocrx_word' id='word_1_271' title='bbox 1821 2394 2135 2450; x_wconf 80' lang='lat' dir='ltr'><strong>revelantes</strong></span> 
     </span>
    </p>
   </div>
   <div class='ocr_carea' id='block_1_41' title="bbox 540 2469 2135 2556">
    <p class='ocr_par' dir='ltr' id='par_1_41' title="bbox 540 2469 2135 2556">
     <span class='ocr_line' id='line_1_41' title="bbox 540 2469 2135 2556; baseline 0.002 -18"><span class='ocrx_word' id='word_1_272' title='bbox 540 2491 596 2540; x_wconf 76' lang='lat' dir='ltr'><strong>rt</strong></span> <span class='ocrx_word' id='word_1_273' title='bbox 634 2470 998 2542; x_wconf 83' lang='lat' dir='ltr'><strong>ostendentes</strong></span> <span class='ocrx_word' id='word_1_274' title='bbox 1040 2493 1262 2542; x_wconf 89' lang='lat' dir='ltr'><strong>montes</strong></span> <span class='ocrx_word' id='word_1_275' title='bbox 1311 2471 1519 2542; x_wconf 86' lang='lat' dir='ltr'><strong>Christi</strong></span> <span class='ocrx_word' id='word_1_276' title='bbox 1569 2469 1966 2552; x_wconf 75' lang='lat' dir='ltr'><strong>Ecclesiarum,</strong></span> <span class='ocrx_word' id='word_1_277' title='bbox 2011 2501 2135 2556; x_wconf 65' lang='lat' dir='ltr'><strong>quae</strong></span> 
     </span>
    </p>
   </div>
   <div class='ocr_carea' id='block_1_42' title="bbox 541 2571 2132 2652">
    <p class='ocr_par' dir='ltr' id='par_1_42' title="bbox 541 2571 2132 2652">
     <span class='ocr_line' id='line_1_42' title="bbox 541 2571 2132 2652; baseline 0.001 -19"><span class='ocrx_word' id='word_1_278' title='bbox 541 2581 700 2650; x_wconf 83' lang='lat' dir='ltr'><strong>prius</strong></span> <span class='ocrx_word' id='word_1_279' title='bbox 751 2571 1080 2652; x_wconf 79' lang='lat' dir='ltr'><strong>tegebantur</strong></span> <span class='ocrx_word' id='word_1_280' title='bbox 1104 2588 1162 2634; x_wconf 91' lang='lat' dir='ltr'><strong>et</strong></span> <span class='ocrx_word' id='word_1_281' title='bbox 1192 2579 1611 2634; x_wconf 79' lang='lat' dir='ltr'><strong>suffocabantur</strong></span> <span class='ocrx_word' id='word_1_282' title='bbox 1634 2594 1663 2634; x_wconf 89' lang='lat' dir='ltr'><strong>a</strong></span> <span class='ocrx_word' id='word_1_283' title='bbox 1693 2579 1963 2635; x_wconf 87' lang='lat' dir='ltr'><strong>tenebris.</strong></span> <span class='ocrx_word' id='word_1_284' title='bbox 1989 2583 2132 2636; x_wconf 83' lang='lat' dir='ltr'><strong>Ante</strong></span> 
     </span>
    </p>
   </div>
   <div class='ocr_carea' id='block_1_43' title="bbox 543 2670 2135 2754">
    <p class='ocr_par' dir='ltr' id='par_1_43' title="bbox 543 2670 2135 2754">
     <span class='ocr_line' id='line_1_43' title="bbox 543 2670 2135 2754; baseline 0.001 -28"><span class='ocrx_word' id='word_1_285' title='bbox 543 2670 699 2727; x_wconf 92' lang='lat' dir='ltr'><strong>illum</strong></span> <span class='ocrx_word' id='word_1_286' title='bbox 743 2687 1150 2754; x_wconf 66' lang='lat' dir='ltr'><strong>praecursorem</strong></span> <span class='ocrx_word' id='word_1_287' title='bbox 1197 2687 1492 2742; x_wconf 89' lang='lat' dir='ltr'><strong>aquarum,</strong></span> <span class='ocrx_word' id='word_1_288' title='bbox 1536 2680 1694 2742; x_wconf 87' lang='lat' dir='ltr'><strong>petra</strong></span> <span class='ocrx_word' id='word_1_289' title='bbox 1727 2688 1896 2745; x_wconf 89' lang='lat' dir='ltr'><strong>super</strong></span> <span class='ocrx_word' id='word_1_290' title='bbox 1931 2682 2135 2729; x_wconf 90' lang='lat' dir='ltr'><strong>terram</strong></span> 
     </span>
    </p>
   </div>
   <div class='ocr_carea' id='block_1_44' title="bbox 545 2765 2137 2851">
    <p class='ocr_par' dir='ltr' id='par_1_44' title="bbox 545 2765 2137 2851">
     <span class='ocr_line' id='line_1_44' title="bbox 545 2765 2137 2851; baseline 0 -31"><span class='ocrx_word' id='word_1_291' title='bbox 545 2781 658 2822; x_wconf 86' lang='lat' dir='ltr'><strong>non</strong></span> <span class='ocrx_word' id='word_1_292' title='bbox 713 2765 1156 2851; x_wconf 81' lang='lat' dir='ltr'><strong>cognoscebatur</strong></span> <span class='ocrx_word' id='word_1_293' title='bbox 1197 2783 1210 2820; x_wconf 93' lang='lat'><strong>:</strong></span> <span class='ocrx_word' id='word_1_294' title='bbox 1257 2773 1315 2821; x_wconf 85' lang='lat' dir='ltr'><strong>et</strong></span> <span class='ocrx_word' id='word_1_295' title='bbox 1345 2776 1474 2822; x_wconf 86' lang='lat' dir='ltr'><strong>ante</strong></span> <span class='ocrx_word' id='word_1_296' title='bbox 1505 2765 1913 2821; x_wconf 65' lang='lat' dir='ltr'><strong>Praecursorem</strong></span> <span class='ocrx_word' id='word_1_297' title='bbox 1970 2781 2137 2837; x_wconf 89' lang='lat' dir='ltr'><strong>aqua-</strong></span> 
     </span>
    </p>
   </div>
   <div class='ocr_carea' id='block_1_45' title="bbox 545 2857 2138 2930">
    <p class='ocr_par' dir='ltr' id='par_1_45' title="bbox 545 2857 2138 2930">
     <span class='ocr_line' id='line_1_45' title="bbox 545 2857 2138 2930; baseline 0 -18"><span class='ocrx_word' id='word_1_298' title='bbox 545 2858 668 2922; x_wconf 74' lang='lat' dir='ltr'><strong>rum</strong></span> <span class='ocrx_word' id='word_1_299' title='bbox 724 2857 1042 2930; x_wconf 85' lang='lat' dir='ltr'><strong>gentilium,</strong></span> <span class='ocrx_word' id='word_1_300' title='bbox 1095 2857 1384 2914; x_wconf 88' lang='lat' dir='ltr'><strong>Christum</strong></span> <span class='ocrx_word' id='word_1_301' title='bbox 1435 2857 1654 2914; x_wconf 86' lang='lat' dir='ltr'><strong>Petram</strong></span> <span class='ocrx_word' id='word_1_302' title='bbox 1713 2871 1826 2912; x_wconf 91' lang='lat' dir='ltr'><strong>non</strong></span> <span class='ocrx_word' id='word_1_303' title='bbox 1879 2857 2138 2930; x_wconf 87' lang='lat' dir='ltr'><strong>cognovi-</strong></span> 
     </span>
    </p>
   </div>
   <div class='ocr_carea' id='block_1_46' title="bbox 545 2965 1975 3025">
    <p class='ocr_par' dir='ltr' id='par_1_46' title="bbox 545 2965 1975 3025">
     <span class='ocr_line' id='line_1_46' title="bbox 545 2965 1975 3025; baseline 0 -21"><span class='ocrx_word' id='word_1_304' title='bbox 545 2965 692 3005; x_wconf 90' lang='lat' dir='ltr'><strong>mus.</strong></span> <span class='ocrx_word' id='word_1_305' title='bbox 1091 3019 1098 3025; x_wconf 89' lang='lat'><strong>_</strong></span> <span class='ocrx_word' id='word_1_306' title='bbox 1969 2999 1975 3004; x_wconf 93' lang='lat'><strong>.</strong></span> 
     </span>
    </p>
   </div>
   <div class='ocr_carea' id='block_1_47' title="bbox 615 3039 2136 3114">
    <p class='ocr_par' dir='ltr' id='par_1_47' title="bbox 615 3039 2136 3114">
     <span class='ocr_line' id='line_1_47' title="bbox 615 3039 2136 3114; baseline -0.002 -18"><span class='ocrx_word' id='word_1_307' title='bbox 615 3041 727 3096; x_wconf 68' lang='lat' dir='ltr'><strong>Illae</strong></span> <span class='ocrx_word' id='word_1_308' title='bbox 759 3057 917 3112; x_wconf 71' lang='lat' dir='ltr'><strong>aqum</strong></span> <span class='ocrx_word' id='word_1_309' title='bbox 945 3049 1295 3114; x_wconf 71' lang='lat' dir='ltr'><strong>congregata:</strong></span> <span class='ocrx_word' id='word_1_310' title='bbox 1336 3041 1495 3097; x_wconf 60' lang='lat' dir='ltr'><strong>terra&quot;;</strong></span> <span class='ocrx_word' id='word_1_311' title='bbox 1518 3040 1698 3096; x_wconf 88' lang='lat' dir='ltr'><strong>lucem</strong></span> <span class='ocrx_word' id='word_1_312' title='bbox 1723 3039 2090 3096; x_wconf 86' lang='lat' dir='ltr'><strong>ostenderunt</strong></span> <span class='ocrx_word' id='word_1_313' title='bbox 2122 3057 2136 3093; x_wconf 89' lang='lat'><strong>:</strong></span> 
     </span>
    </p>
   </div>
   <div class='ocr_carea' id='block_1_48' title="bbox 2235 1921 3830 2012">
    <p class='ocr_par' dir='ltr' id='par_1_48' title="bbox 2235 1921 3830 2012">
     <span class='ocr_line' id='line_1_48' title="bbox 2235 1921 3830 2012; baseline -0.014 -15"><span class='ocrx_word' id='word_1_314' title='bbox 2235 1955 2410 2012; x_wconf 78' lang='lat' dir='ltr'><strong>passae</strong></span> <span class='ocrx_word' id='word_1_315' title='bbox 2444 1936 2707 1993; x_wconf 82' lang='lat' dir='ltr'><strong>Ecclesiae</strong></span> <span class='ocrx_word' id='word_1_316' title='bbox 2736 1943 2795 1988; x_wconf 87' lang='lat' dir='ltr'><strong>et</strong></span> <span class='ocrx_word' id='word_1_317' title='bbox 2835 1948 2959 2004; x_wconf 83' lang='lat' dir='ltr'><strong>quae</strong></span> <span class='ocrx_word' id='word_1_318' title='bbox 2987 1931 3277 1987; x_wconf 88' lang='lat' dir='ltr'><strong>submersa</strong></span> <span class='ocrx_word' id='word_1_319' title='bbox 3325 1933 3448 1982; x_wconf 88' lang='lat' dir='ltr'><strong>erat</strong></span> <span class='ocrx_word' id='word_1_320' title='bbox 3495 1933 3552 1980; x_wconf 91' lang='lat' dir='ltr'><strong>et</strong></span> <span class='ocrx_word' id='word_1_321' title='bbox 3589 1921 3696 1977; x_wconf 90' lang='lat' dir='ltr'><strong>sub</strong></span> <span class='ocrx_word' id='word_1_322' title='bbox 3730 1936 3830 1990; x_wconf 88' lang='lat' dir='ltr'><strong>pe-</strong></span> 
     </span>
    </p>
   </div>
   <div class='ocr_carea' id='block_1_49' title="bbox 2235 2022 3830 2099">
    <p class='ocr_par' dir='ltr' id='par_1_49' title="bbox 2235 2022 3830 2099">
     <span class='ocr_line' id='line_1_49' title="bbox 2235 2022 3830 2099; baseline -0.013 -12"><span class='ocrx_word' id='word_1_323' title='bbox 2235 2033 2420 2094; x_wconf 89' lang='lat' dir='ltr'><strong>dibus,</strong></span> <span class='ocrx_word' id='word_1_324' title='bbox 2449 2028 2740 2099; x_wconf 87' lang='lat' dir='ltr'><strong>subjiciam</strong></span> <span class='ocrx_word' id='word_1_325' title='bbox 2761 2033 2818 2080; x_wconf 90' lang='lat' dir='ltr'><strong>et</strong></span> <span class='ocrx_word' id='word_1_326' title='bbox 2851 2039 3049 2079; x_wconf 90' lang='lat' dir='ltr'><strong>omnes</strong></span> <span class='ocrx_word' id='word_1_327' title='bbox 3083 2032 3258 2091; x_wconf 81' lang='lat' dir='ltr'><strong>aquas</strong></span> <span class='ocrx_word' id='word_1_328' title='bbox 3287 2024 3584 2073; x_wconf 78' lang='lat' dir='ltr'><strong>terrestres</strong></span> <span class='ocrx_word' id='word_1_329' title='bbox 3619 2022 3678 2069; x_wconf 84' lang='lat' dir='ltr'><strong>et</strong></span> <span class='ocrx_word' id='word_1_330' title='bbox 3712 2026 3830 2067; x_wconf 65' lang='grc' dir='ltr'><strong>ραι-ί</strong></span> 
     </span>
    </p>
   </div>
   <div class='ocr_carea' id='block_1_50' title="bbox 2233 2103 3836 2178">
    <p class='ocr_par' dir='ltr' id='par_1_50' title="bbox 2233 2103 3836 2178">
     <span class='ocr_line' id='line_1_50' title="bbox 2233 2103 3836 2178; baseline -0.014 0"><span class='ocrx_word' id='word_1_331' title='bbox 2233 2123 2404 2178; x_wconf 84' lang='lat' dir='ltr'><strong>lcstes</strong></span> <span class='ocrx_word' id='word_1_332' title='bbox 2433 2138 2446 2173; x_wconf 92' lang='lat'>:</span> <span class='ocrx_word' id='word_1_333' title='bbox 2481 2119 2817 2176; x_wconf 81' lang='lat' dir='ltr'><strong>exsiccatam</strong></span> <span class='ocrx_word' id='word_1_334' title='bbox 2863 2123 3119 2174; x_wconf 84' lang='lat' dir='ltr'><strong>naturam</strong></span> <span class='ocrx_word' id='word_1_335' title='bbox 3153 2121 3210 2168; x_wconf 90' lang='lat' dir='ltr'><strong>et</strong></span> <span class='ocrx_word' id='word_1_336' title='bbox 3241 2122 3466 2167; x_wconf 85' lang='lat' dir='ltr'><strong>carnem</strong></span> <span class='ocrx_word' id='word_1_337' title='bbox 3497 2104 3749 2160; x_wconf 89' lang='lat' dir='ltr'><strong>hominis</strong></span> <span class='ocrx_word' id='word_1_338' title='bbox 3779 2103 3836 2157; x_wconf 91' lang='lat' dir='ltr'><strong>in</strong></span> 
     </span>
    </p>
   </div>
   <div class='ocr_carea' id='block_1_51' title="bbox 2191 2193 3832 2277">
    <p class='ocr_par' dir='ltr' id='par_1_51' title="bbox 2191 2193 3832 2277">
     <span class='ocr_line' id='line_1_51' title="bbox 2191 2193 3832 2277; baseline -0.015 -7"><span class='ocrx_word' id='word_1_339' title='bbox 2191 2236 2197 2241; x_wconf 52' lang='grc' dir='ltr'><strong>λ</strong></span> <span class='ocrx_word' id='word_1_340' title='bbox 2233 2210 2703 2270; x_wconf 77' lang='lat' dir='ltr'><strong>exterminatione</strong></span> <span class='ocrx_word' id='word_1_341' title='bbox 2737 2217 2794 2262; x_wconf 91' lang='lat' dir='ltr'><strong>et</strong></span> <span class='ocrx_word' id='word_1_342' title='bbox 2825 2203 3142 2277; x_wconf 82' lang='lat' dir='ltr'><strong>privatione</strong></span> <span class='ocrx_word' id='word_1_343' title='bbox 3165 2200 3338 2258; x_wconf 88' lang='lat' dir='ltr'><strong>fontis</strong></span> <span class='ocrx_word' id='word_1_344' title='bbox 3370 2199 3499 2253; x_wconf 75' lang='lat' dir='ltr'><strong>vita:</strong></span> <span class='ocrx_word' id='word_1_345' title='bbox 3529 2193 3782 2267; x_wconf 87' lang='lat' dir='ltr'><strong>paradisi</strong></span> <span class='ocrx_word' id='word_1_346' title='bbox 3815 2208 3832 2246; x_wconf 88' lang='lat'><strong>:</strong></span> 
     </span>
    </p>
   </div>
   <div class='ocr_carea' id='block_1_52' title="bbox 2232 2293 3833 2372">
    <p class='ocr_par' dir='ltr' id='par_1_52' title="bbox 2232 2293 3833 2372">
     <span class='ocr_line' id='line_1_52' title="bbox 2232 2293 3833 2372; baseline -0.014 -9"><span class='ocrx_word' id='word_1_347' title='bbox 2232 2322 2357 2363; x_wconf 90' lang='lat' dir='ltr'><strong>eam</strong></span> <span class='ocrx_word' id='word_1_348' title='bbox 2409 2305 2650 2361; x_wconf 82' lang='lat' dir='ltr'><strong>elferens</strong></span> <span class='ocrx_word' id='word_1_349' title='bbox 2697 2304 2866 2372; x_wconf 84' lang='lat' dir='ltr'><strong>super</strong></span> <span class='ocrx_word' id='word_1_350' title='bbox 2907 2310 3130 2354; x_wconf 87' lang='lat' dir='ltr'><strong>onmem</strong></span> <span class='ocrx_word' id='word_1_351' title='bbox 3173 2293 3548 2365; x_wconf 87' lang='lat' dir='ltr'><strong>principatum</strong></span> <span class='ocrx_word' id='word_1_352' title='bbox 3595 2298 3654 2342; x_wconf 88' lang='lat' dir='ltr'><strong>et</strong></span> <span class='ocrx_word' id='word_1_353' title='bbox 3708 2301 3833 2342; x_wconf 88' lang='lat' dir='ltr'><strong>om-</strong></span> 
     </span>
    </p>
   </div>
   <div class='ocr_carea' id='block_1_53' title="bbox 2233 2379 3835 2468">
    <p class='ocr_par' dir='ltr' id='par_1_53' title="bbox 2233 2379 3835 2468">
     <span class='ocr_line' id='line_1_53' title="bbox 2233 2379 3835 2468; baseline -0.014 -14"><span class='ocrx_word' id='word_1_354' title='bbox 2233 2415 2362 2454; x_wconf 90' lang='lat' dir='ltr'><strong>nem</strong></span> <span class='ocrx_word' id='word_1_355' title='bbox 2389 2404 2744 2468; x_wconf 86' lang='lat' dir='ltr'><strong>potestatem,</strong></span> <span class='ocrx_word' id='word_1_356' title='bbox 2780 2392 2837 2446; x_wconf 91' lang='lat' dir='ltr'><strong>in</strong></span> <span class='ocrx_word' id='word_1_357' title='bbox 2868 2391 3073 2446; x_wconf 86' lang='lat' dir='ltr'><strong>throno</strong></span> <span class='ocrx_word' id='word_1_358' title='bbox 3093 2385 3420 2444; x_wconf 88' lang='lat' dir='ltr'><strong>Cherubino</strong></span> <span class='ocrx_word' id='word_1_359' title='bbox 3449 2383 3502 2438; x_wconf 90' lang='lat' dir='ltr'><strong>ei</strong></span> <span class='ocrx_word' id='word_1_360' title='bbox 3525 2379 3835 2436; x_wconf 87' lang='lat' dir='ltr'><strong>ostendens</strong></span> 
     </span>
    </p>
   </div>
   <div class='ocr_carea' id='block_1_54' title="bbox 2236 2469 3836 2556">
    <p class='ocr_par' dir='ltr' id='par_1_54' title="bbox 2236 2469 3836 2556">
     <span class='ocr_line' id='line_1_54' title="bbox 2236 2469 3836 2556; baseline -0.014 -10"><span class='ocrx_word' id='word_1_361' title='bbox 2236 2492 2334 2548; x_wconf 87' lang='lat' dir='ltr'><strong>Dei</strong></span> <span class='ocrx_word' id='word_1_362' title='bbox 2386 2489 2584 2545; x_wconf 80' lang='lat' dir='ltr'><strong>faciem</strong></span> <span class='ocrx_word' id='word_1_363' title='bbox 2638 2485 2735 2556; x_wconf 87' lang='lat' dir='ltr'><strong>qui</strong></span> <span class='ocrx_word' id='word_1_364' title='bbox 2780 2492 3014 2555; x_wconf 88' lang='lat' dir='ltr'><strong>propter</strong></span> <span class='ocrx_word' id='word_1_365' title='bbox 3066 2480 3243 2550; x_wconf 81' lang='lat' dir='ltr'><strong>ipsam</strong></span> <span class='ocrx_word' id='word_1_366' title='bbox 3297 2473 3522 2530; x_wconf 77' lang='lat' dir='ltr'><strong>advenit</strong></span> <span class='ocrx_word' id='word_1_367' title='bbox 3571 2469 3836 2526; x_wconf 82' lang='lat' dir='ltr'><strong>Christus</strong></span> 
     </span>
    </p>
   </div>
   <div class='ocr_carea' id='block_1_55' title="bbox 2237 2558 3834 2652">
    <p class='ocr_par' dir='ltr' id='par_1_55' title="bbox 2237 2558 3834 2652">
     <span class='ocr_line' id='line_1_55' title="bbox 2237 2558 3834 2652; baseline -0.018 -12"><span class='ocrx_word' id='word_1_368' title='bbox 2237 2585 2408 2644; x_wconf 85' lang='lat' dir='ltr'><strong>Deus,</strong></span> <span class='ocrx_word' id='word_1_369' title='bbox 2458 2581 2590 2652; x_wconf 89' lang='lat' dir='ltr'><strong>quia</strong></span> <span class='ocrx_word' id='word_1_370' title='bbox 2625 2577 2807 2633; x_wconf 91' lang='lat' dir='ltr'><strong>dicit:</strong></span> <span class='ocrx_word' id='word_1_371' title='bbox 2854 2574 3220 2644; x_wconf 87' lang='lat' dir='ltr'><strong>Congregetur</strong></span> <span class='ocrx_word' id='word_1_372' title='bbox 3266 2581 3410 2638; x_wconf 76' lang='lat' dir='ltr'><strong>aqua</strong></span> <span class='ocrx_word' id='word_1_373' title='bbox 3460 2579 3580 2636; x_wconf 74' lang='lat' dir='ltr'><strong>qua:</strong></span> <span class='ocrx_word' id='word_1_374' title='bbox 3620 2570 3697 2616; x_wconf 87' lang='lat' dir='ltr'><strong>est</strong></span> <span class='ocrx_word' id='word_1_375' title='bbox 3740 2558 3834 2616; x_wconf 83' lang='lat' dir='ltr'><strong>sub</strong></span> 
     </span>
    </p>
   </div>
   <div class='ocr_carea' id='block_1_56' title="bbox 2232 2653 3836 2744">
    <p class='ocr_par' dir='ltr' id='par_1_56' title="bbox 2232 2653 3836 2744">
     <span class='ocr_line' id='line_1_56' title="bbox 2232 2653 3836 2744; baseline -0.014 -16"><span class='ocrx_word' id='word_1_376' title='bbox 2232 2671 2364 2728; x_wconf 73' lang='lat' dir='ltr'><strong>coelo</strong></span> <span class='ocrx_word' id='word_1_377' title='bbox 2409 2673 2468 2725; x_wconf 90' lang='lat' dir='ltr'><strong>in</strong></span> <span class='ocrx_word' id='word_1_378' title='bbox 2507 2667 2967 2740; x_wconf 75' lang='lat' dir='ltr'><strong>congregationem</strong></span> <span class='ocrx_word' id='word_1_379' title='bbox 2998 2679 3165 2744; x_wconf 69' lang='lat' dir='ltr'><strong>unum</strong></span> <span class='ocrx_word' id='word_1_380' title='bbox 3202 2677 3221 2715; x_wconf 91' lang='lat'><strong><em>:</em></strong></span> <span class='ocrx_word' id='word_1_381' title='bbox 3247 2663 3514 2730; x_wconf 80' lang='lat' dir='ltr'><strong>appareat</strong></span> <span class='ocrx_word' id='word_1_382' title='bbox 3551 2653 3734 2717; x_wconf 77' lang='lat' dir='ltr'><strong>arida,</strong></span> <span class='ocrx_word' id='word_1_383' title='bbox 3778 2659 3836 2706; x_wconf 84' lang='lat' dir='ltr'><strong>ut</strong></span> 
     </span>
    </p>
   </div>
   <div class='ocr_carea' id='block_1_57' title="bbox 2238 2744 3836 2822">
    <p class='ocr_par' dir='ltr' id='par_1_57' title="bbox 2238 2744 3836 2822">
     <span class='ocr_line' id='line_1_57' title="bbox 2238 2744 3836 2822; baseline -0.015 -1"><span class='ocrx_word' id='word_1_384' title='bbox 2238 2769 2367 2821; x_wconf 84' lang='lat' dir='ltr'><strong>ante</strong></span> <span class='ocrx_word' id='word_1_385' title='bbox 2396 2762 2599 2819; x_wconf 67' lang='lat' dir='ltr'><strong>coelum</strong></span> <span class='ocrx_word' id='word_1_386' title='bbox 2631 2766 2868 2816; x_wconf 87' lang='lat' dir='ltr'><strong>ornetur</strong></span> <span class='ocrx_word' id='word_1_387' title='bbox 2899 2755 3080 2812; x_wconf 47' lang='lat' dir='ltr'><strong>arida;</strong></span> <span class='ocrx_word' id='word_1_388' title='bbox 3104 2754 3341 2822; x_wconf 89' lang='lat' dir='ltr'><strong>Propter</strong></span> <span class='ocrx_word' id='word_1_389' title='bbox 3373 2764 3495 2804; x_wconf 85' lang='lat' dir='ltr'><strong>eam</strong></span> <span class='ocrx_word' id='word_1_390' title='bbox 3517 2745 3670 2802; x_wconf 84' lang='lat' dir='ltr'><strong>enim</strong></span> <span class='ocrx_word' id='word_1_391' title='bbox 3699 2744 3836 2800; x_wconf 77' lang='lat' dir='ltr'><strong>exiit</strong></span> 
     </span>
    </p>
   </div>
   <div class='ocr_carea' id='block_1_58' title="bbox 2240 2838 3836 2929">
    <p class='ocr_par' dir='ltr' id='par_1_58' title="bbox 2240 2838 3836 2929">
     <span class='ocr_line' id='line_1_58' title="bbox 2240 2838 3836 2929; baseline -0.017 -15"><span class='ocrx_word' id='word_1_392' title='bbox 2240 2860 2289 2914; x_wconf 86' lang='lat' dir='ltr'><strong>is</strong></span> <span class='ocrx_word' id='word_1_393' title='bbox 2333 2857 2433 2929; x_wconf 88' lang='lat' dir='ltr'><strong>qui</strong></span> <span class='ocrx_word' id='word_1_394' title='bbox 2468 2855 2730 2928; x_wconf 84' lang='lat' dir='ltr'><strong>seminat,</strong></span> <span class='ocrx_word' id='word_1_395' title='bbox 2773 2850 2848 2929; x_wconf 15' lang='lat' dir='ltr'><strong>ad.</strong></span> <span class='ocrx_word' id='word_1_396' title='bbox 2893 2845 3284 2905; x_wconf 84' lang='lat' dir='ltr'><strong>seminandum</strong></span> <span class='ocrx_word' id='word_1_397' title='bbox 3311 2851 3370 2898; x_wconf 87' lang='lat' dir='ltr'><strong>et</strong></span> <span class='ocrx_word' id='word_1_398' title='bbox 3405 2838 3759 2929; x_wconf 64' lang='lat' dir='ltr'><strong>irrigandum</strong></span> <span class='ocrx_word' id='word_1_399' title='bbox 3784 2845 3836 2888; x_wconf 85' lang='lat' dir='ltr'><strong>et</strong></span> 
     </span>
    </p>
   </div>
   <div class='ocr_carea' id='block_1_59' title="bbox 2239 2927 3831 3008">
    <p class='ocr_par' dir='ltr' id='par_1_59' title="bbox 2239 2927 3831 3008">
     <span class='ocr_line' id='line_1_59' title="bbox 2239 2927 3831 3008; baseline -0.017 0"><span class='ocrx_word' id='word_1_400' title='bbox 2239 2927 2551 3008; x_wconf 73' lang='lat' dir='ltr'><strong>ornandum</strong></span> <span class='ocrx_word' id='word_1_401' title='bbox 2574 2945 2811 3004; x_wconf 87' lang='lat' dir='ltr'><strong>aridam.</strong></span> <span class='ocrx_word' id='word_1_402' title='bbox 2833 2927 3033 3000; x_wconf 87' lang='lat' dir='ltr'><strong>Semen</strong></span> <span class='ocrx_word' id='word_1_403' title='bbox 3051 2938 3202 2996; x_wconf 86' lang='lat' dir='ltr'><strong>enim</strong></span> <span class='ocrx_word' id='word_1_404' title='bbox 3225 2945 3311 2992; x_wconf 90' lang='lat' dir='ltr'><strong>est</strong></span> <span class='ocrx_word' id='word_1_405' title='bbox 3327 2927 3608 3005; x_wconf 82' lang='lat' dir='ltr'><strong>paratum,</strong></span> <span class='ocrx_word' id='word_1_406' title='bbox 3634 2941 3831 2998; x_wconf 85' lang='lat' dir='ltr'><strong>nempe</strong></span> 
     </span>
    </p>
   </div>
   <div class='ocr_carea' id='block_1_60' title="bbox 2240 3021 3828 3114">
    <p class='ocr_par' dir='ltr' id='par_1_60' title="bbox 2240 3021 3828 3114">
     <span class='ocr_line' id='line_1_60' title="bbox 2240 3021 3828 3114; baseline -0.017 -14"><span class='ocrx_word' id='word_1_407' title='bbox 2240 3041 2644 3114; x_wconf 82' lang='lat' dir='ltr'><strong>Evangelium:</strong></span> <span class='ocrx_word' id='word_1_408' title='bbox 2679 3043 2973 3108; x_wconf 86' lang='lat' dir='ltr'><strong>promptus</strong></span> <span class='ocrx_word' id='word_1_409' title='bbox 3020 3041 3078 3088; x_wconf 85' lang='lat' dir='ltr'><strong>et</strong></span> <span class='ocrx_word' id='word_1_410' title='bbox 3123 3027 3327 3085; x_wconf 88' lang='lat' dir='ltr'><strong>alacris</strong></span> <span class='ocrx_word' id='word_1_411' title='bbox 3369 3033 3456 3081; x_wconf 90' lang='lat' dir='ltr'><strong>est</strong></span> <span class='ocrx_word' id='word_1_412' title='bbox 3498 3021 3828 3081; x_wconf 70' lang='lat' dir='ltr'><strong>seminator,</strong></span> 
     </span>
    </p>
   </div>
   <div class='ocr_carea' id='block_1_61' title="bbox 545 3117 3837 3227">
    <p class='ocr_par' dir='ltr' id='par_1_61' title="bbox 545 3117 3837 3227">
     <span class='ocr_line' id='line_1_61' title="bbox 545 3117 3837 3227; baseline -0.007 -38"><span class='ocrx_word' id='word_1_413' title='bbox 545 3128 604 3222; x_wconf 78' lang='lat' dir='ltr'><strong>et</strong></span> <span class='ocrx_word' id='word_1_414' title='bbox 649 3134 706 3189; x_wconf 90' lang='lat' dir='ltr'><strong>in</strong></span> <span class='ocrx_word' id='word_1_415' title='bbox 754 3149 1030 3218; x_wconf 81' lang='lat' dir='ltr'><strong>concursu</strong></span> <span class='ocrx_word' id='word_1_416' title='bbox 1074 3137 1346 3204; x_wconf 83' lang='lat' dir='ltr'><strong>aquarum</strong></span> <span class='ocrx_word' id='word_1_417' title='bbox 1385 3132 1679 3204; x_wconf 84' lang='lat' dir='ltr'><strong>gentilium</strong></span> <span class='ocrx_word' id='word_1_418' title='bbox 1727 3140 1885 3187; x_wconf 89' lang='lat' dir='ltr'><strong>ortus</strong></span> <span class='ocrx_word' id='word_1_419' title='bbox 1919 3141 2006 3188; x_wconf 90' lang='lat' dir='ltr'><strong>est</strong></span> <span class='ocrx_word' id='word_1_420' title='bbox 2058 3132 2139 3186; x_wconf 89' lang='lat' dir='ltr'><strong>sol</strong></span> <span class='ocrx_word' id='word_1_421' title='bbox 2167 3170 2212 3227; x_wconf 70' lang='grc' dir='ltr'>ο</span> <span class='ocrx_word' id='word_1_422' title='bbox 2245 3149 2445 3204; x_wconf 86' lang='lat' dir='ltr'><strong>nempe</strong></span> <span class='ocrx_word' id='word_1_423' title='bbox 2471 3130 2769 3187; x_wconf 88' lang='lat' dir='ltr'><strong>Christus:</strong></span> <span class='ocrx_word' id='word_1_424' title='bbox 2801 3124 3042 3197; x_wconf 89' lang='lat' dir='ltr'><strong>operarii</strong></span> <span class='ocrx_word' id='word_1_425' title='bbox 3077 3129 3210 3178; x_wconf 87' lang='lat' dir='ltr'><strong>sunt</strong></span> <span class='ocrx_word' id='word_1_426' title='bbox 3242 3117 3442 3190; x_wconf 83' lang='lat' dir='ltr'><strong>parati,</strong></span> <span class='ocrx_word' id='word_1_427' title='bbox 3481 3127 3682 3183; x_wconf 86' lang='lat' dir='ltr'><strong>nempe</strong></span> <span class='ocrx_word' id='word_1_428' title='bbox 3708 3126 3837 3182; x_wconf 48' lang='lat' dir='ltr'><strong>apo‘</strong></span> 
     </span>
    </p>
   </div>
   <div class='ocr_carea' id='block_1_62' title="bbox 549 3209 2145 3298">
    <p class='ocr_par' dir='ltr' id='par_1_62' title="bbox 549 3209 2145 3298">
     <span class='ocr_line' id='line_1_62' title="bbox 549 3209 2145 3298; baseline -0.003 -17"><span class='ocrx_word' id='word_1_429' title='bbox 549 3209 798 3298; x_wconf 71' lang='lat' dir='ltr'><strong>iustitiae.</strong></span> <span class='ocrx_word' id='word_1_430' title='bbox 849 3209 991 3282; x_wconf 66' lang='lat' dir='ltr'><strong>Ante</strong></span> <span class='ocrx_word' id='word_1_431' title='bbox 1019 3225 1176 3280; x_wconf 91' lang='lat' dir='ltr'><strong>illum</strong></span> <span class='ocrx_word' id='word_1_432' title='bbox 1207 3241 1614 3296; x_wconf 65' lang='lat' dir='ltr'><strong>praecursorem</strong></span> <span class='ocrx_word' id='word_1_433' title='bbox 1653 3239 1947 3294; x_wconf 84' lang='lat' dir='ltr'><strong>aquarum,</strong></span> <span class='ocrx_word' id='word_1_434' title='bbox 1987 3223 2145 3278; x_wconf 88' lang='lat' dir='ltr'><strong>volu-</strong></span> 
     </span>
    </p>
   </div>
   <div class='ocr_carea' id='block_1_63' title="bbox 550 3299 2144 3388">
    <p class='ocr_par' dir='ltr' id='par_1_63' title="bbox 550 3299 2144 3388">
     <span class='ocr_line' id='line_1_63' title="bbox 550 3299 2144 3388; baseline -0.004 -12"><span class='ocrx_word' id='word_1_435' title='bbox 550 3319 664 3376; x_wconf 81' lang='lat' dir='ltr'><strong>cris</strong></span> <span class='ocrx_word' id='word_1_436' title='bbox 697 3319 751 3375; x_wconf 90' lang='lat' dir='ltr'><strong>in</strong></span> <span class='ocrx_word' id='word_1_437' title='bbox 801 3329 952 3376; x_wconf 86' lang='lat' dir='ltr'><strong>terra</strong></span> <span class='ocrx_word' id='word_1_438' title='bbox 998 3335 1110 3376; x_wconf 91' lang='lat' dir='ltr'><strong>non</strong></span> <span class='ocrx_word' id='word_1_439' title='bbox 1147 3303 1442 3382; x_wconf 88' lang='lat' dir='ltr'><strong>habitavit,</strong></span> <span class='ocrx_word' id='word_1_440' title='bbox 1481 3327 1538 3374; x_wconf 90' lang='lat' dir='ltr'><strong>ct</strong></span> <span class='ocrx_word' id='word_1_441' title='bbox 1585 3325 1714 3372; x_wconf 89' lang='lat' dir='ltr'><strong>ante</strong></span> <span class='ocrx_word' id='word_1_442' title='bbox 1758 3299 2144 3388; x_wconf 85' lang='lat' dir='ltr'><strong>congregatio-</strong></span> 
     </span>
    </p>
   </div>
   <div class='ocr_carea' id='block_1_64' title="bbox 553 3389 2145 3498">
    <p class='ocr_par' dir='ltr' id='par_1_64' title="bbox 553 3389 2145 3498">
     <span class='ocr_line' id='line_1_64' title="bbox 553 3389 2145 3498; baseline -0.006 -30"><span class='ocrx_word' id='word_1_443' title='bbox 553 3429 680 3498; x_wconf 81' lang='lat' dir='ltr'><strong>ncm</strong></span> <span class='ocrx_word' id='word_1_444' title='bbox 732 3414 932 3468; x_wconf 87' lang='lat' dir='ltr'><strong>cursus</strong></span> <span class='ocrx_word' id='word_1_445' title='bbox 958 3410 1232 3484; x_wconf 90' lang='lat' dir='ltr'><strong>gentium,</strong></span> <span class='ocrx_word' id='word_1_446' title='bbox 1266 3394 1510 3480; x_wconf 82' lang='lat' dir='ltr'><strong>Spiritus</strong></span> <span class='ocrx_word' id='word_1_447' title='bbox 1545 3408 1719 3464; x_wconf 88' lang='lat' dir='ltr'><strong>sancti</strong></span> <span class='ocrx_word' id='word_1_448' title='bbox 1750 3389 2006 3498; x_wconf 76' lang='lat' dir='ltr'><strong>cplumba</strong></span> <span class='ocrx_word' id='word_1_449' title='bbox 2033 3420 2145 3460; x_wconf 90' lang='lat' dir='ltr'><strong>non</strong></span> 
     </span>
    </p>
   </div>
   <div class='ocr_carea' id='block_1_65' title="bbox 555 3479 2148 3571">
    <p class='ocr_par' dir='ltr' id='par_1_65' title="bbox 555 3479 2148 3571">
     <span class='ocr_line' id='line_1_65' title="bbox 555 3479 2148 3571; baseline -0.006 -10"><span class='ocrx_word' id='word_1_450' title='bbox 555 3488 832 3561; x_wconf 78' lang='lat' dir='ltr'><strong>habitavit</strong></span> <span class='ocrx_word' id='word_1_451' title='bbox 865 3505 924 3560; x_wconf 92' lang='lat' dir='ltr'><strong>in</strong></span> <span class='ocrx_word' id='word_1_452' title='bbox 954 3479 1142 3560; x_wconf 77' lang='lat' dir='ltr'><strong>nobis.</strong></span> <span class='ocrx_word' id='word_1_453' title='bbox 1195 3479 1340 3558; x_wconf 83' lang='lat' dir='ltr'><strong>Ante</strong></span> <span class='ocrx_word' id='word_1_454' title='bbox 1374 3503 1524 3557; x_wconf 92' lang='lat' dir='ltr'><strong>illam</strong></span> <span class='ocrx_word' id='word_1_455' title='bbox 1575 3503 1735 3571; x_wconf 61' lang='lat' dir='ltr'><strong>aqua:</strong></span> <span class='ocrx_word' id='word_1_456' title='bbox 1761 3479 2148 3570; x_wconf 65' lang='lat' dir='ltr'><strong>eongregatio-</strong></span> 
     </span>
    </p>
   </div>
   <div class='ocr_carea' id='block_1_66' title="bbox 557 3582 2150 3664">
    <p class='ocr_par' dir='ltr' id='par_1_66' title="bbox 557 3582 2150 3664">
     <span class='ocr_line' id='line_1_66' title="bbox 557 3582 2150 3664; baseline -0.008 -8"><span class='ocrx_word' id='word_1_457' title='bbox 557 3597 706 3664; x_wconf 77' lang='lat' dir='ltr'><strong>nem,</strong></span> <span class='ocrx_word' id='word_1_458' title='bbox 737 3607 884 3654; x_wconf 89' lang='lat' dir='ltr'><strong>terra</strong></span> <span class='ocrx_word' id='word_1_459' title='bbox 917 3595 1074 3652; x_wconf 89' lang='lat' dir='ltr'><strong>nullo</strong></span> <span class='ocrx_word' id='word_1_460' title='bbox 1099 3582 1265 3650; x_wconf 86' lang='lat' dir='ltr'><strong>modo</strong></span> <span class='ocrx_word' id='word_1_461' title='bbox 1286 3587 1529 3656; x_wconf 84' lang='lat' dir='ltr'><strong>fructum</strong></span> <span class='ocrx_word' id='word_1_462' title='bbox 1557 3593 1842 3658; x_wconf 85' lang='lat' dir='ltr'><strong>ostendit;</strong></span> <span class='ocrx_word' id='word_1_463' title='bbox 1869 3589 2150 3662; x_wconf 91' lang='lat' dir='ltr'><strong>quomodo</strong></span> 
     </span>
    </p>
   </div>
   <div class='ocr_carea' id='block_1_67' title="bbox 557 3667 2146 3759">
    <p class='ocr_par' dir='ltr' id='par_1_67' title="bbox 557 3667 2146 3759">
     <span class='ocr_line' id='line_1_67' title="bbox 557 3667 2146 3759; baseline -0.006 -15"><span class='ocrx_word' id='word_1_464' title='bbox 557 3690 660 3744; x_wconf 87' lang='lat' dir='ltr'><strong>nec</strong></span> <span class='ocrx_word' id='word_1_465' title='bbox 687 3694 816 3744; x_wconf 89' lang='lat' dir='ltr'><strong>ante</strong></span> <span class='ocrx_word' id='word_1_466' title='bbox 840 3680 1332 3759; x_wconf 81' lang='lat' dir='ltr'><strong>congregationem</strong></span> <span class='ocrx_word' id='word_1_467' title='bbox 1358 3670 1570 3742; x_wconf 81' lang='lat' dir='ltr'><strong>Christi</strong></span> <span class='ocrx_word' id='word_1_468' title='bbox 1605 3667 1866 3742; x_wconf 70' lang='lat' dir='ltr'><strong>Ecclesiae</strong></span> <span class='ocrx_word' id='word_1_469' title='bbox 1901 3669 2146 3736; x_wconf 63' lang='lat' dir='ltr'><strong>fructum</strong></span> 
     </span>
    </p>
   </div>
   <div class='ocr_carea' id='block_1_68' title="bbox 555 3775 2147 3854">
    <p class='ocr_par' dir='ltr' id='par_1_68' title="bbox 555 3775 2147 3854">
     <span class='ocr_line' id='line_1_68' title="bbox 555 3775 2147 3854; baseline -0.008 -15"><span class='ocrx_word' id='word_1_470' title='bbox 555 3782 806 3854; x_wconf 72' lang='lat' dir='ltr'><strong>po&#39;ssedit</strong></span> <span class='ocrx_word' id='word_1_471' title='bbox 827 3778 1070 3836; x_wconf 85' lang='lat' dir='ltr'><strong>humana</strong></span> <span class='ocrx_word' id='word_1_472' title='bbox 1097 3777 1320 3844; x_wconf 87' lang='lat' dir='ltr'><strong>natura,</strong></span> <span class='ocrx_word' id='word_1_473' title='bbox 1348 3794 1549 3849; x_wconf 90' lang='lat' dir='ltr'><strong>nempe</strong></span> <span class='ocrx_word' id='word_1_474' title='bbox 1582 3777 1842 3832; x_wconf 81' lang='lat' dir='ltr'><strong>virtutes.</strong></span> <span class='ocrx_word' id='word_1_475' title='bbox 1875 3775 1982 3830; x_wconf 92' lang='lat' dir='ltr'><strong>Per</strong></span> <span class='ocrx_word' id='word_1_476' title='bbox 2009 3788 2147 3854; x_wconf 86' lang='lat' dir='ltr'><strong>con-</strong></span> 
     </span>
    </p>
   </div>
   <div class='ocr_carea' id='block_1_69' title="bbox 557 3850 2146 3948">
    <p class='ocr_par' dir='ltr' id='par_1_69' title="bbox 557 3850 2146 3948">
     <span class='ocr_line' id='line_1_69' title="bbox 557 3850 2146 3948; baseline -0.007 -18"><span class='ocrx_word' id='word_1_477' title='bbox 557 3850 936 3948; x_wconf 70' lang='lat' dir='ltr'><strong>gregationem</strong></span> <span class='ocrx_word' id='word_1_478' title='bbox 982 3870 1177 3946; x_wconf 71' lang='lat' dir='ltr'><strong>primae</strong></span> <span class='ocrx_word' id='word_1_479' title='bbox 1211 3862 1387 3943; x_wconf 64' lang='lat' dir='ltr'><strong>aquae,</strong></span> <span class='ocrx_word' id='word_1_480' title='bbox 1420 3873 1620 3941; x_wconf 84' lang='lat' dir='ltr'><strong>panem</strong></span> <span class='ocrx_word' id='word_1_481' title='bbox 1655 3855 1826 3940; x_wconf 77' lang='lat' dir='ltr'><strong>homo</strong></span> <span class='ocrx_word' id='word_1_482' title='bbox 1853 3850 2098 3948; x_wconf 81' lang='lat' dir='ltr'><strong>comedit</strong></span> <span class='ocrx_word' id='word_1_483' title='bbox 2133 3883 2146 3919; x_wconf 92' lang='lat'>:</span> 
     </span>
    </p>
   </div>
   <div class='ocr_carea' id='block_1_70' title="bbox 557 3946 2154 4040">
    <p class='ocr_par' dir='ltr' id='par_1_70' title="bbox 557 3946 2154 4040">
     <span class='ocr_line' id='line_1_70' title="bbox 557 3946 2154 4040; baseline -0.006 -16"><span class='ocrx_word' id='word_1_484' title='bbox 557 3969 616 4024; x_wconf 80' lang='lat' dir='ltr'><strong>c&#39;t</strong></span> <span class='ocrx_word' id='word_1_485' title='bbox 651 3967 707 4024; x_wconf 92' lang='lat' dir='ltr'><strong>in</strong></span> <span class='ocrx_word' id='word_1_486' title='bbox 749 3966 1183 4040; x_wconf 86' lang='lat' dir='ltr'><strong>congregatione</strong></span> <span class='ocrx_word' id='word_1_487' title='bbox 1215 3974 1428 4030; x_wconf 89' lang='lat' dir='ltr'><strong>nostra,</strong></span> <span class='ocrx_word' id='word_1_488' title='bbox 1477 3977 1680 4034; x_wconf 88' lang='lat' dir='ltr'><strong>nempe</strong></span> <span class='ocrx_word' id='word_1_489' title='bbox 1723 3946 1994 4033; x_wconf 86' lang='lat' dir='ltr'><strong>gentium,</strong></span> <span class='ocrx_word' id='word_1_490' title='bbox 2041 3961 2154 4015; x_wconf 70' lang='grc' dir='ltr'><strong>ρῶ-</strong></span> 
     </span>
    </p>
   </div>
   <div class='ocr_carea' id='block_1_71' title="bbox 559 4040 2155 4138">
    <p class='ocr_par' dir='ltr' id='par_1_71' title="bbox 559 4040 2155 4138">
     <span class='ocr_line' id='line_1_71' title="bbox 559 4040 2155 4138; baseline -0.007 -20"><span class='ocrx_word' id='word_1_491' title='bbox 559 4046 724 4138; x_wconf 86' lang='lat' dir='ltr'><strong>lestis</strong></span> <span class='ocrx_word' id='word_1_492' title='bbox 764 4063 926 4118; x_wconf 87' lang='lat' dir='ltr'><strong>cibus</strong></span> <span class='ocrx_word' id='word_1_493' title='bbox 975 4061 1033 4116; x_wconf 92' lang='lat' dir='ltr'><strong>in</strong></span> <span class='ocrx_word' id='word_1_494' title='bbox 1083 4045 1271 4118; x_wconf 84' lang='lat' dir='ltr'><strong>cibum</strong></span> <span class='ocrx_word' id='word_1_495' title='bbox 1299 4040 1598 4138; x_wconf 83' lang='lat' dir='ltr'><strong>apparuit,</strong></span> <span class='ocrx_word' id='word_1_496' title='bbox 1635 4064 1692 4110; x_wconf 94' lang='lat' dir='ltr'><strong>ct</strong></span> <span class='ocrx_word' id='word_1_497' title='bbox 1739 4055 1985 4126; x_wconf 71' lang='lat' dir='ltr'><strong>coelestia</strong></span> <span class='ocrx_word' id='word_1_498' title='bbox 2035 4053 2155 4108; x_wconf 67' lang='lat' dir='ltr'><strong>haec</strong></span> 
     </span>
    </p>
   </div>
   <div class='ocr_carea' id='block_1_72' title="bbox 559 4133 2154 4216">
    <p class='ocr_par' dir='ltr' id='par_1_72' title="bbox 559 4133 2154 4216">
     <span class='ocr_line' id='line_1_72' title="bbox 559 4133 2154 4216; baseline -0.006 -5"><span class='ocrx_word' id='word_1_499' title='bbox 559 4157 747 4212; x_wconf 79' lang='lat' dir='ltr'><strong>omnia</strong></span> <span class='ocrx_word' id='word_1_500' title='bbox 795 4139 940 4212; x_wconf 84' lang='lat' dir='ltr'><strong>bona</strong></span> <span class='ocrx_word' id='word_1_501' title='bbox 986 4133 1304 4210; x_wconf 29' lang='lat' dir='ltr'><strong>nascuntur.</strong></span> <span class='ocrx_word' id='word_1_502' title='bbox 1329 4161 1492 4208; x_wconf 80' lang='lat' dir='ltr'><strong>terrae</strong></span> <span class='ocrx_word' id='word_1_503' title='bbox 1519 4147 1786 4204; x_wconf 87' lang='lat' dir='ltr'><strong>hominis.</strong></span> <span class='ocrx_word' id='word_1_504' title='bbox 1822 4145 2154 4216; x_wconf 89' lang='lat' dir='ltr'><strong>Prophctice</strong></span> 
     </span>
    </p>
   </div>
   <div class='ocr_carea' id='block_1_73' title="bbox 561 4220 2154 4320">
    <p class='ocr_par' dir='ltr' id='par_1_73' title="bbox 561 4220 2154 4320">
     <span class='ocr_line' id='line_1_73' title="bbox 561 4220 2154 4320; baseline -0.008 -16"><span class='ocrx_word' id='word_1_505' title='bbox 561 4245 710 4304; x_wconf 78' lang='lat' dir='ltr'><strong>dixit</strong></span> <span class='ocrx_word' id='word_1_506' title='bbox 735 4234 880 4304; x_wconf 74' lang='lat' dir='ltr'><strong>Deus</strong></span> <span class='ocrx_word' id='word_1_507' title='bbox 916 4265 929 4302; x_wconf 91' lang='lat'><strong>:</strong></span> <span class='ocrx_word' id='word_1_508' title='bbox 965 4246 1328 4320; x_wconf 84' lang='lat' dir='ltr'><strong>Congregetur</strong></span> <span class='ocrx_word' id='word_1_509' title='bbox 1358 4257 1497 4310; x_wconf 84' lang='lat' dir='ltr'><strong>aqua</strong></span> <span class='ocrx_word' id='word_1_510' title='bbox 1545 4255 1665 4313; x_wconf 71' lang='lat' dir='ltr'><strong>qua:</strong></span> <span class='ocrx_word' id='word_1_511' title='bbox 1697 4248 1776 4294; x_wconf 77' lang='lat' dir='ltr'><strong>est</strong></span> <span class='ocrx_word' id='word_1_512' title='bbox 1811 4239 1906 4294; x_wconf 91' lang='lat' dir='ltr'><strong>sub</strong></span> <span class='ocrx_word' id='word_1_513' title='bbox 1936 4220 2064 4320; x_wconf 68' lang='grc' dir='ltr'>διιεῘο</span> <span class='ocrx_word' id='word_1_514' title='bbox 2097 4239 2154 4292; x_wconf 88' lang='lat' dir='ltr'><strong>in</strong></span> 
     </span>
    </p>
   </div>
   <div class='ocr_carea' id='block_1_74' title="bbox 564 4317 2154 4412">
    <p class='ocr_par' dir='ltr' id='par_1_74' title="bbox 564 4317 2154 4412">
     <span class='ocr_line' id='line_1_74' title="bbox 564 4317 2154 4412; baseline -0.006 -16"><span class='ocrx_word' id='word_1_515' title='bbox 564 4335 1026 4412; x_wconf 77' lang='lat' dir='ltr'><strong>congregationem</strong></span> <span class='ocrx_word' id='word_1_516' title='bbox 1080 4317 1268 4401; x_wconf 82' lang='lat' dir='ltr'><strong>unam,</strong></span> <span class='ocrx_word' id='word_1_517' title='bbox 1320 4347 1371 4392; x_wconf 89' lang='lat' dir='ltr'><strong>et</strong></span> <span class='ocrx_word' id='word_1_518' title='bbox 1419 4342 1684 4408; x_wconf 83' lang='lat' dir='ltr'><strong>appareat</strong></span> <span class='ocrx_word' id='word_1_519' title='bbox 1735 4333 1914 4389; x_wconf 86' lang='lat' dir='ltr'><strong>arida.</strong></span> <span class='ocrx_word' id='word_1_520' title='bbox 1966 4317 2154 4388; x_wconf 77' lang='lat' dir='ltr'><strong>Tertio</strong></span> 
     </span>
    </p>
   </div>
   <div class='ocr_carea' id='block_1_75' title="bbox 565 4424 2157 4503">
    <p class='ocr_par' dir='ltr' id='par_1_75' title="bbox 565 4424 2157 4503">
     <span class='ocr_line' id='line_1_75' title="bbox 565 4424 2157 4503; baseline -0.006 -15"><span class='ocrx_word' id='word_1_521' title='bbox 565 4424 752 4488; x_wconf 80' lang='lat' dir='ltr'><strong>autem</strong></span> <span class='ocrx_word' id='word_1_522' title='bbox 783 4432 896 4497; x_wconf 88' lang='lat' dir='ltr'><strong>die,</strong></span> <span class='ocrx_word' id='word_1_523' title='bbox 925 4448 992 4488; x_wconf 73' lang='lat' dir='ltr'><strong>ex</strong></span> <span class='ocrx_word' id='word_1_524' title='bbox 1017 4429 1296 4503; x_wconf 86' lang='lat' dir='ltr'><strong>profundo</strong></span> <span class='ocrx_word' id='word_1_525' title='bbox 1330 4429 1543 4500; x_wconf 82' lang='lat' dir='ltr'><strong>profert</strong></span> <span class='ocrx_word' id='word_1_526' title='bbox 1567 4436 1773 4483; x_wconf 89' lang='lat' dir='ltr'><strong>terram</strong></span> <span class='ocrx_word' id='word_1_527' title='bbox 1807 4427 1974 4491; x_wconf 89' lang='lat' dir='ltr'><strong>Deus,</strong></span> <span class='ocrx_word' id='word_1_528' title='bbox 1999 4425 2157 4503; x_wconf 90' lang='lat' dir='ltr'><strong>prius</strong></span> 
     </span>
    </p>
   </div>
   <div class='ocr_carea' id='block_1_76' title="bbox 2245 3202 3839 3290">
    <p class='ocr_par' dir='ltr' id='par_1_76' title="bbox 2245 3202 3839 3290">
     <span class='ocr_line' id='line_1_76' title="bbox 2245 3202 3839 3290; baseline -0.017 -8"><span class='ocrx_word' id='word_1_529' title='bbox 2245 3202 2416 3284; x_wconf 81' lang='lat' dir='ltr'><strong>stoli:</strong></span> <span class='ocrx_word' id='word_1_530' title='bbox 2455 3236 2734 3279; x_wconf 87' lang='lat' dir='ltr'><strong>messores</strong></span> <span class='ocrx_word' id='word_1_531' title='bbox 2767 3217 2951 3290; x_wconf 87' lang='lat' dir='ltr'><strong>probi,</strong></span> <span class='ocrx_word' id='word_1_532' title='bbox 2982 3224 3116 3271; x_wconf 87' lang='lat' dir='ltr'><strong>sunt</strong></span> <span class='ocrx_word' id='word_1_533' title='bbox 3141 3213 3400 3268; x_wconf 88' lang='lat' dir='ltr'><strong>doctores</strong></span> <span class='ocrx_word' id='word_1_534' title='bbox 3431 3227 3444 3262; x_wconf 89' lang='lat'><strong>:</strong></span> <span class='ocrx_word' id='word_1_535' title='bbox 3474 3207 3648 3262; x_wconf 83' lang='lat' dir='ltr'><strong>boves</strong></span> <span class='ocrx_word' id='word_1_536' title='bbox 3680 3202 3839 3272; x_wconf 83' lang='lat' dir='ltr'><strong>impi-</strong></span> 
     </span>
    </p>
   </div>
   <div class='ocr_carea' id='block_1_77' title="bbox 2245 3300 3838 3392">
    <p class='ocr_par' dir='ltr' id='par_1_77' title="bbox 2245 3300 3838 3392">
     <span class='ocr_line' id='line_1_77' title="bbox 2245 3300 3838 3392; baseline -0.018 -17"><span class='ocrx_word' id='word_1_537' title='bbox 2245 3319 2353 3392; x_wconf 90' lang='lat' dir='ltr'><strong>gri,</strong></span> <span class='ocrx_word' id='word_1_538' title='bbox 2402 3316 2444 3371; x_wconf 89' lang='lat' dir='ltr'><strong>ii</strong></span> <span class='ocrx_word' id='word_1_539' title='bbox 2485 3315 2585 3386; x_wconf 88' lang='lat' dir='ltr'><strong>qui</strong></span> <span class='ocrx_word' id='word_1_540' title='bbox 2631 3300 2856 3368; x_wconf 84' lang='lat' dir='ltr'><strong>crucem</strong></span> <span class='ocrx_word' id='word_1_541' title='bbox 2903 3309 3093 3364; x_wconf 91' lang='lat' dir='ltr'><strong>ferunt</strong></span> <span class='ocrx_word' id='word_1_542' title='bbox 3138 3323 3152 3360; x_wconf 76' lang='grc' dir='ltr'><strong>ι</strong></span> <span class='ocrx_word' id='word_1_543' title='bbox 3217 3304 3407 3374; x_wconf 86' lang='lat' dir='ltr'><strong>jugum</strong></span> <span class='ocrx_word' id='word_1_544' title='bbox 3462 3305 3676 3368; x_wconf 87' lang='lat' dir='ltr'><strong>aptum,</strong></span> <span class='ocrx_word' id='word_1_545' title='bbox 3729 3308 3838 3348; x_wconf 87' lang='lat' dir='ltr'><strong>non</strong></span> 
     </span>
    </p>
   </div>
   <div class='ocr_carea' id='block_1_78' title="bbox 2246 3385 3836 3467">
    <p class='ocr_par' dir='ltr' id='par_1_78' title="bbox 2246 3385 3836 3467">
     <span class='ocr_line' id='line_1_78' title="bbox 2246 3385 3836 3467; baseline -0.019 -1"><span class='ocrx_word' id='word_1_546' title='bbox 2246 3385 2398 3467; x_wconf 71' lang='lat' dir='ltr'><strong>enim</strong></span> <span class='ocrx_word' id='word_1_547' title='bbox 2442 3385 2575 3462; x_wconf 64' lang='lat' dir='ltr'><strong>teiit</strong></span> <span class='ocrx_word' id='word_1_548' title='bbox 2627 3403 2834 3459; x_wconf 89' lang='lat' dir='ltr'><strong>collare</strong></span> <span class='ocrx_word' id='word_1_549' title='bbox 2879 3399 3076 3454; x_wconf 87' lang='lat' dir='ltr'><strong>:bene</strong></span> <span class='ocrx_word' id='word_1_550' title='bbox 3105 3393 3490 3467; x_wconf 88' lang='lat' dir='ltr'><strong>germinarunt</strong></span> <span class='ocrx_word' id='word_1_551' title='bbox 3539 3385 3836 3467; x_wconf 83' lang='lat' dir='ltr'><strong>naturalia,</strong></span> 
     </span>
    </p>
   </div>
   <div class='ocr_carea' id='block_1_79' title="bbox 2249 3464 3839 3572">
    <p class='ocr_par' dir='ltr' id='par_1_79' title="bbox 2249 3464 3839 3572">
     <span class='ocr_line' id='line_1_79' title="bbox 2249 3464 3839 3572; baseline -0.018 -14"><span class='ocrx_word' id='word_1_552' title='bbox 2249 3501 2528 3572; x_wconf 88' lang='lat' dir='ltr'><strong>aspiciunt</strong></span> <span class='ocrx_word' id='word_1_553' title='bbox 2571 3495 2720 3552; x_wconf 90' lang='lat' dir='ltr'><strong>enim</strong></span> <span class='ocrx_word' id='word_1_554' title='bbox 2769 3493 2914 3548; x_wconf 89' lang='lat' dir='ltr'><strong>bene</strong></span> <span class='ocrx_word' id='word_1_555' title='bbox 2945 3464 3217 3546; x_wconf 75' lang='lat' dir='ltr'><strong>comatum</strong></span> <span class='ocrx_word' id='word_1_556' title='bbox 3263 3487 3533 3542; x_wconf 87' lang='lat' dir='ltr'><strong>virtutum</strong></span> <span class='ocrx_word' id='word_1_557' title='bbox 3586 3464 3839 3534; x_wconf 88' lang='lat' dir='ltr'><strong>altitudi-</strong></span> 
     </span>
    </p>
   </div>
   <div class='ocr_carea' id='block_1_80' title="bbox 2251 3573 3836 3662">
    <p class='ocr_par' dir='ltr' id='par_1_80' title="bbox 2251 3573 3836 3662">
     <span class='ocr_line' id='line_1_80' title="bbox 2251 3573 3836 3662; baseline -0.016 -12"><span class='ocrx_word' id='word_1_558' title='bbox 2251 3610 2399 3650; x_wconf 88' lang='lat' dir='ltr'><strong>nem.</strong></span> <span class='ocrx_word' id='word_1_559' title='bbox 2441 3590 2718 3662; x_wconf 74' lang='lat' dir='ltr'><strong>Regiones</strong></span> <span class='ocrx_word' id='word_1_560' title='bbox 2739 3587 3012 3660; x_wconf 85' lang='lat' dir='ltr'><strong>gentium,</strong></span> <span class='ocrx_word' id='word_1_561' title='bbox 3035 3590 3166 3640; x_wconf 85' lang='lat' dir='ltr'><strong>sunt</strong></span> <span class='ocrx_word' id='word_1_562' title='bbox 3187 3581 3325 3636; x_wconf 71' lang='lat' dir='ltr'><strong>albae</strong></span> <span class='ocrx_word' id='word_1_563' title='bbox 3352 3588 3409 3634; x_wconf 88' lang='lat' dir='ltr'><strong>et</strong></span> <span class='ocrx_word' id='word_1_564' title='bbox 3437 3592 3589 3648; x_wconf 70' lang='lat' dir='ltr'><strong>pura:</strong></span> <span class='ocrx_word' id='word_1_565' title='bbox 3605 3573 3836 3628; x_wconf 74' lang='lat' dir='ltr'><strong>animm.</strong></span> 
     </span>
    </p>
   </div>
   <div class='ocr_carea' id='block_1_81' title="bbox 2249 3663 3840 3752">
    <p class='ocr_par' dir='ltr' id='par_1_81' title="bbox 2249 3663 3840 3752">
     <span class='ocr_line' id='line_1_81' title="bbox 2249 3663 3840 3752; baseline -0.018 -8"><span class='ocrx_word' id='word_1_566' title='bbox 2249 3687 2335 3743; x_wconf 83' lang='lat' dir='ltr'><strong>Ad</strong></span> <span class='ocrx_word' id='word_1_567' title='bbox 2378 3699 2617 3742; x_wconf 85' lang='lat' dir='ltr'><strong>messem</strong></span> <span class='ocrx_word' id='word_1_568' title='bbox 2647 3677 3060 3752; x_wconf 87' lang='lat' dir='ltr'><strong>importandam</strong></span> <span class='ocrx_word' id='word_1_569' title='bbox 3103 3677 3215 3730; x_wconf 89' lang='lat' dir='ltr'><strong>lata</strong></span> <span class='ocrx_word' id='word_1_570' title='bbox 3245 3680 3331 3728; x_wconf 91' lang='lat' dir='ltr'><strong>est</strong></span> <span class='ocrx_word' id='word_1_571' title='bbox 3355 3678 3414 3725; x_wconf 92' lang='lat' dir='ltr'><strong>et</strong></span> <span class='ocrx_word' id='word_1_572' title='bbox 3441 3667 3622 3737; x_wconf 87' lang='lat' dir='ltr'><strong>ampla</strong></span> <span class='ocrx_word' id='word_1_573' title='bbox 3647 3663 3840 3752; x_wconf 82' lang='lat' dir='ltr'><strong>Eccle-</strong></span> 
     </span>
    </p>
   </div>
   <div class='ocr_carea' id='block_1_82' title="bbox 2251 3755 3840 3838">
    <p class='ocr_par' dir='ltr' id='par_1_82' title="bbox 2251 3755 3840 3838">
     <span class='ocr_line' id='line_1_82' title="bbox 2251 3755 3840 3838; baseline -0.019 0"><span class='ocrx_word' id='word_1_574' title='bbox 2251 3783 2348 3838; x_wconf 73' lang='lat' dir='ltr'><strong>siae</strong></span> <span class='ocrx_word' id='word_1_575' title='bbox 2381 3795 2510 3837; x_wconf 89' lang='lat' dir='ltr'><strong>area</strong></span> <span class='ocrx_word' id='word_1_576' title='bbox 2542 3795 2556 3832; x_wconf 90' lang='lat'><strong>:</strong></span> <span class='ocrx_word' id='word_1_577' title='bbox 2594 3777 2738 3832; x_wconf 83' lang='lat' dir='ltr'><strong>bene</strong></span> <span class='ocrx_word' id='word_1_578' title='bbox 2766 3771 3009 3828; x_wconf 65' lang='lat' dir='ltr'><strong>laborati</strong></span> <span class='ocrx_word' id='word_1_579' title='bbox 3041 3775 3171 3824; x_wconf 89' lang='lat' dir='ltr'><strong>sunt</strong></span> <span class='ocrx_word' id='word_1_580' title='bbox 3217 3764 3380 3828; x_wconf 88' lang='lat' dir='ltr'><strong>sulci,</strong></span> <span class='ocrx_word' id='word_1_581' title='bbox 3409 3760 3660 3831; x_wconf 85' lang='lat' dir='ltr'><strong>Baptista</strong></span> <span class='ocrx_word' id='word_1_582' title='bbox 3689 3755 3840 3813; x_wconf 90' lang='lat' dir='ltr'><strong>enim</strong></span> 
     </span>
    </p>
   </div>
   <div class='ocr_carea' id='block_1_83' title="bbox 2251 3846 3838 3942">
    <p class='ocr_par' dir='ltr' id='par_1_83' title="bbox 2251 3846 3838 3942">
     <span class='ocr_line' id='line_1_83' title="bbox 2251 3846 3838 3942; baseline -0.019 -13"><span class='ocrx_word' id='word_1_583' title='bbox 2251 3887 2350 3930; x_wconf 91' lang='lat' dir='ltr'><strong>eos</strong></span> <span class='ocrx_word' id='word_1_584' title='bbox 2397 3867 2668 3942; x_wconf 90' lang='lat' dir='ltr'><strong>proscidit</strong></span> <span class='ocrx_word' id='word_1_585' title='bbox 2712 3881 2728 3920; x_wconf 89' lang='lat'><strong>:</strong></span> <span class='ocrx_word' id='word_1_586' title='bbox 2774 3863 2892 3934; x_wconf 88' lang='lat' dir='ltr'><strong>agri</strong></span> <span class='ocrx_word' id='word_1_587' title='bbox 2917 3867 3068 3916; x_wconf 83' lang='lat' dir='ltr'><strong>&#39;-sunt</strong></span> <span class='ocrx_word' id='word_1_588' title='bbox 3105 3853 3404 3927; x_wconf 88' lang='lat' dir='ltr'><strong>frugiferi:</strong></span> <span class='ocrx_word' id='word_1_589' title='bbox 3442 3849 3621 3905; x_wconf 83' lang='lat' dir='ltr'><strong>Facite</strong></span> <span class='ocrx_word' id='word_1_590' title='bbox 3665 3846 3838 3909; x_wconf 89' lang='lat' dir='ltr'><strong>enim,</strong></span> 
     </span>
    </p>
   </div>
   <div class='ocr_carea' id='block_1_84' title="bbox 2249 3941 3840 4034">
    <p class='ocr_par' dir='ltr' id='par_1_84' title="bbox 2249 3941 3840 4034">
     <span class='ocr_line' id='line_1_84' title="bbox 2249 3941 3840 4034; baseline -0.019 -14"><span class='ocrx_word' id='word_1_591' title='bbox 2249 3941 2438 4034; x_wconf 90' lang='lat' dir='ltr'><strong>inquit</strong></span> <span class='ocrx_word' id='word_1_592' title='bbox 2458 3961 2598 4032; x_wconf 87' lang='lat' dir='ltr'><strong>ipse,</strong></span> <span class='ocrx_word' id='word_1_593' title='bbox 2620 3957 2823 4030; x_wconf 77' lang='lat' dir='ltr'><strong>fructus</strong></span> <span class='ocrx_word' id='word_1_594' title='bbox 2856 3953 3042 4025; x_wconf 86' lang='lat' dir='ltr'><strong>dignos</strong></span> <span class='ocrx_word' id='word_1_595' title='bbox 3072 3947 3394 4022; x_wconf 70' lang='lat' dir='ltr'><strong>poenitentia:</strong></span> <span class='ocrx_word' id='word_1_596' title='bbox 3418 3945 3485 3997; x_wconf 68' lang='grc' dir='ltr'><strong>νε.</strong></span> <span class='ocrx_word' id='word_1_597' title='bbox 3517 3941 3596 3996; x_wconf 89' lang='lat' dir='ltr'><strong>De</strong></span> <span class='ocrx_word' id='word_1_598' title='bbox 3640 3945 3840 3994; x_wconf 71' lang='lat' dir='ltr'><strong>caetero</strong></span> 
     </span>
    </p>
   </div>
   <div class='ocr_carea' id='block_1_85' title="bbox 2251 4031 3834 4127">
    <p class='ocr_par' dir='ltr' id='par_1_85' title="bbox 2251 4031 3834 4127">
     <span class='ocr_line' id='line_1_85' title="bbox 2251 4031 3834 4127; baseline -0.019 -14"><span class='ocrx_word' id='word_1_599' title='bbox 2251 4031 2540 4127; x_wconf 79' lang='lat' dir='ltr'><strong>aperiatur</strong></span> <span class='ocrx_word' id='word_1_600' title='bbox 2576 4060 2635 4107; x_wconf 91' lang='lat' dir='ltr'><strong>et</strong></span> <span class='ocrx_word' id='word_1_601' title='bbox 2657 4055 2920 4120; x_wconf 84' lang='lat' dir='ltr'><strong>appareat</strong></span> <span class='ocrx_word' id='word_1_602' title='bbox 2942 4043 3120 4122; x_wconf 84' lang='lat' dir='ltr'><strong>arida,</strong></span> <span class='ocrx_word' id='word_1_603' title='bbox 3155 4048 3220 4095; x_wconf 87' lang='lat' dir='ltr'><strong>ut</strong></span> <span class='ocrx_word' id='word_1_604' title='bbox 3243 4045 3523 4110; x_wconf 87' lang='lat' dir='ltr'><strong>ponantur</strong></span> <span class='ocrx_word' id='word_1_605' title='bbox 3552 4033 3674 4104; x_wconf 86' lang='lat' dir='ltr'><strong>ejus</strong></span> <span class='ocrx_word' id='word_1_606' title='bbox 3704 4031 3834 4085; x_wconf 88' lang='lat' dir='ltr'><strong>fun-</strong></span> 
     </span>
    </p>
   </div>
   <div class='ocr_carea' id='block_1_86' title="bbox 2253 4128 3838 4206">
    <p class='ocr_par' dir='ltr' id='par_1_86' title="bbox 2253 4128 3838 4206">
     <span class='ocr_line' id='line_1_86' title="bbox 2253 4128 3838 4206; baseline -0.019 -2"><span class='ocrx_word' id='word_1_607' title='bbox 2253 4149 2515 4206; x_wconf 86' lang='lat' dir='ltr'><strong>damenta</strong></span> <span class='ocrx_word' id='word_1_608' title='bbox 2539 4143 2596 4198; x_wconf 91' lang='lat' dir='ltr'><strong>in</strong></span> <span class='ocrx_word' id='word_1_609' title='bbox 2623 4138 2912 4196; x_wconf 87' lang='lat' dir='ltr'><strong>montibus</strong></span> <span class='ocrx_word' id='word_1_610' title='bbox 2934 4133 3141 4192; x_wconf 84' lang='lat' dir='ltr'><strong>sanctis</strong></span> <span class='ocrx_word' id='word_1_611' title='bbox 3164 4129 3315 4194; x_wconf 89' lang='lat' dir='ltr'><strong>fidei,</strong></span> <span class='ocrx_word' id='word_1_612' title='bbox 3347 4143 3471 4199; x_wconf 71' lang='lat' dir='ltr'><strong>qua:</strong></span> <span class='ocrx_word' id='word_1_613' title='bbox 3503 4128 3838 4197; x_wconf 87' lang='lat' dir='ltr'><strong>putruerant</strong></span> 
     </span>
    </p>
   </div>
   <div class='ocr_carea' id='block_1_87' title="bbox 2254 4211 3838 4302">
    <p class='ocr_par' dir='ltr' id='par_1_87' title="bbox 2254 4211 3838 4302">
     <span class='ocr_line' id='line_1_87' title="bbox 2254 4211 3838 4302; baseline -0.019 -5"><span class='ocrx_word' id='word_1_614' title='bbox 2254 4257 2286 4296; x_wconf 90' lang='lat' dir='ltr'><strong>a</strong></span> <span class='ocrx_word' id='word_1_615' title='bbox 2323 4234 2668 4296; x_wconf 80' lang='lat' dir='ltr'><strong>circumﬂuis</strong></span> <span class='ocrx_word' id='word_1_616' title='bbox 2704 4215 2864 4302; x_wconf 87' lang='lat' dir='ltr'><strong>aquis</strong></span> <span class='ocrx_word' id='word_1_617' title='bbox 2887 4243 2952 4284; x_wconf 90' lang='lat' dir='ltr'><strong>ea</strong></span> <span class='ocrx_word' id='word_1_618' title='bbox 2977 4224 3319 4282; x_wconf 87' lang='lat' dir='ltr'><strong>alluentibns</strong></span> <span class='ocrx_word' id='word_1_619' title='bbox 3355 4239 3369 4276; x_wconf 91' lang='lat'>:</span> <span class='ocrx_word' id='word_1_620' title='bbox 3403 4229 3465 4275; x_wconf 88' lang='lat' dir='ltr'><strong>ut</strong></span> <span class='ocrx_word' id='word_1_621' title='bbox 3485 4221 3608 4274; x_wconf 84' lang='lat' dir='ltr'><strong>eam</strong></span> <span class='ocrx_word' id='word_1_622' title='bbox 3639 4211 3838 4272; x_wconf 81' lang='lat' dir='ltr'><strong>contir-</strong></span> 
     </span>
    </p>
   </div>
   <div class='ocr_carea' id='block_1_88' title="bbox 2255 4307 3838 4392">
    <p class='ocr_par' dir='ltr' id='par_1_88' title="bbox 2255 4307 3838 4392">
     <span class='ocr_line' id='line_1_88' title="bbox 2255 4307 3838 4392; baseline -0.02 -2"><span class='ocrx_word' id='word_1_623' title='bbox 2255 4343 2410 4390; x_wconf 87' lang='lat' dir='ltr'><strong>ment</strong></span> <span class='ocrx_word' id='word_1_624' title='bbox 2435 4344 2502 4386; x_wconf 90' lang='lat' dir='ltr'><strong>ac</strong></span> <span class='ocrx_word' id='word_1_625' title='bbox 2524 4325 2814 4386; x_wconf 86' lang='lat' dir='ltr'><strong>stabiliant</strong></span> <span class='ocrx_word' id='word_1_626' title='bbox 2840 4336 3012 4392; x_wconf 88' lang='lat' dir='ltr'><strong>super</strong></span> <span class='ocrx_word' id='word_1_627' title='bbox 3039 4331 3213 4388; x_wconf 84' lang='lat' dir='ltr'><strong>aquas</strong></span> <span class='ocrx_word' id='word_1_628' title='bbox 3244 4313 3496 4386; x_wconf 79' lang='lat' dir='ltr'><strong>piscinae,</strong></span> <span class='ocrx_word' id='word_1_629' title='bbox 3531 4317 3594 4364; x_wconf 91' lang='lat' dir='ltr'><strong>ut</strong></span> <span class='ocrx_word' id='word_1_630' title='bbox 3619 4307 3676 4362; x_wconf 89' lang='lat' dir='ltr'><strong>in</strong></span> <span class='ocrx_word' id='word_1_631' title='bbox 3716 4311 3838 4378; x_wconf 85' lang='lat' dir='ltr'><strong>gut-</strong></span> 
     </span>
    </p>
   </div>
   <div class='ocr_carea' id='block_1_89' title="bbox 2257 4394 3841 4492">
    <p class='ocr_par' dir='ltr' id='par_1_89' title="bbox 2257 4394 3841 4492">
     <span class='ocr_line' id='line_1_89' title="bbox 2257 4394 3841 4492; baseline -0.02 -11"><span class='ocrx_word' id='word_1_632' title='bbox 2257 4426 2330 4481; x_wconf 89' lang='lat' dir='ltr'><strong>tis</strong></span> <span class='ocrx_word' id='word_1_633' title='bbox 2365 4404 2715 4492; x_wconf 88' lang='lat' dir='ltr'><strong>baptismatis</strong></span> <span class='ocrx_word' id='word_1_634' title='bbox 2755 4394 3072 4471; x_wconf 40' lang='lat' dir='ltr'><strong>ea’laitetur</strong></span> <span class='ocrx_word' id='word_1_635' title='bbox 3103 4407 3364 4464; x_wconf 80' lang='lat' dir='ltr'><strong>exeriens</strong></span> <span class='ocrx_word' id='word_1_636' title='bbox 3403 4417 3528 4473; x_wconf 64' lang='lat' dir='ltr'><strong>quae</strong></span> <span class='ocrx_word' id='word_1_637' title='bbox 3560 4400 3692 4454; x_wconf 90' lang='lat' dir='ltr'><strong>olim</strong></span> <span class='ocrx_word' id='word_1_638' title='bbox 3725 4409 3841 4451; x_wconf 87' lang='lat' dir='ltr'><strong>erat</strong></span> 
     </span>
    </p>
   </div>
   <div class='ocr_carea' id='block_1_90' title="bbox 565 4490 3840 4594">
    <p class='ocr_par' dir='ltr' id='par_1_90' title="bbox 565 4490 3840 4594">
     <span class='ocr_line' id='line_1_90' title="bbox 565 4490 3840 4594; baseline -0.011 -16"><span class='ocrx_word' id='word_1_639' title='bbox 565 4531 760 4594; x_wconf 78' lang='lat' dir='ltr'><strong>aperte</strong></span> <span class='ocrx_word' id='word_1_640' title='bbox 797 4490 1123 4578; x_wconf 69' lang='lat' dir='ltr'><strong>describens</strong></span> <span class='ocrx_word' id='word_1_641' title='bbox 1154 4490 1365 4576; x_wconf 83' lang='lat' dir='ltr'><strong>Christi</strong></span> <span class='ocrx_word' id='word_1_642' title='bbox 1398 4519 1570 4574; x_wconf 91' lang='lat' dir='ltr'><strong>trium</strong></span> <span class='ocrx_word' id='word_1_643' title='bbox 1599 4519 1817 4574; x_wconf 91' lang='lat' dir='ltr'><strong>dierum</strong></span> <span class='ocrx_word' id='word_1_644' title='bbox 1852 4517 1922 4572; x_wconf 89' lang='lat' dir='ltr'><strong>ab</strong></span> <span class='ocrx_word' id='word_1_645' title='bbox 1957 4490 2151 4572; x_wconf 76' lang='lat' dir='ltr'><strong>inferis</strong></span> <span class='ocrx_word' id='word_1_646' title='bbox 2185 4525 2230 4581; x_wconf 86' lang='grc'><strong>1)</strong></span> <span class='ocrx_word' id='word_1_647' title='bbox 2259 4514 2416 4572; x_wconf 89' lang='lat' dir='ltr'><strong>arida</strong></span> <span class='ocrx_word' id='word_1_648' title='bbox 2440 4490 2503 4568; x_wconf 77' lang='lat' dir='ltr'><strong>et</strong></span> <span class='ocrx_word' id='word_1_649' title='bbox 2533 4511 2735 4580; x_wconf 63' lang='lat' dir='ltr'><strong>expers</strong></span> <span class='ocrx_word' id='word_1_650' title='bbox 2775 4505 3031 4560; x_wconf 88' lang='lat' dir='ltr'><strong>humoris</strong></span> <span class='ocrx_word' id='word_1_651' title='bbox 3059 4498 3238 4556; x_wconf 87' lang='lat' dir='ltr'><strong>divini</strong></span> <span class='ocrx_word' id='word_1_652' title='bbox 3263 4494 3508 4552; x_wconf 81' lang='lat' dir='ltr'><strong>inﬂuxus</strong></span> <span class='ocrx_word' id='word_1_653' title='bbox 3553 4495 3568 4547; x_wconf 77' lang='grc' dir='ltr'><strong>ἑ</strong></span> <span class='ocrx_word' id='word_1_654' title='bbox 3604 4499 3666 4544; x_wconf 88' lang='grc' dir='ltr'><strong>ιιι</strong></span> <span class='ocrx_word' id='word_1_655' title='bbox 3692 4490 3749 4544; x_wconf 91' lang='lat' dir='ltr'><strong>in</strong></span> <span class='ocrx_word' id='word_1_656' title='bbox 3781 4503 3840 4544; x_wconf 88' lang='lat' dir='ltr'><strong>ea</strong></span> 
     </span>
    </p>
   </div>
   <div class='ocr_carea' id='block_1_91' title="bbox 527 4609 2153 4682">
    <p class='ocr_par' dir='ltr' id='par_1_91' title="bbox 527 4609 2153 4682">
     <span class='ocr_line' id='line_1_91' title="bbox 527 4609 2153 4682; baseline -0.002 -16"><span class='ocrx_word' id='word_1_657' title='bbox 527 4634 530 4638; x_wconf 92' lang='grc'><strong>·</strong></span> <span class='ocrx_word' id='word_1_658' title='bbox 568 4611 1044 4668; x_wconf 79' lang='lat' dir='ltr'><strong>resurrectionem</strong></span> <span class='ocrx_word' id='word_1_659' title='bbox 1083 4627 1115 4668; x_wconf 93' lang='lat' dir='ltr'><strong>e</strong></span> <span class='ocrx_word' id='word_1_660' title='bbox 1169 4618 1314 4666; x_wconf 90' lang='lat' dir='ltr'><strong>terra</strong></span> <span class='ocrx_word' id='word_1_661' title='bbox 1345 4609 1544 4682; x_wconf 65' lang='lat' dir='ltr'><strong>genitae</strong></span> <span class='ocrx_word' id='word_1_662' title='bbox 1573 4619 1778 4664; x_wconf 62' lang='lat' dir='ltr'><strong>nostrae</strong></span> <span class='ocrx_word' id='word_1_663' title='bbox 1821 4616 2054 4672; x_wconf 63' lang='lat' dir='ltr'><strong>naturae,</strong></span> <span class='ocrx_word' id='word_1_664' title='bbox 2082 4620 2153 4662; x_wconf 89' lang='lat' dir='ltr'><strong>ne</strong></span> 
     </span>
    </p>
   </div>
   <div class='ocr_carea' id='block_1_92' title="bbox 568 4689 2156 4776">
    <p class='ocr_par' dir='ltr' id='par_1_92' title="bbox 568 4689 2156 4776">
     <span class='ocr_line' id='line_1_92' title="bbox 568 4689 2156 4776; baseline -0.004 -15"><span class='ocrx_word' id='word_1_665' title='bbox 568 4705 808 4776; x_wconf 81' lang='lat' dir='ltr'><strong>amplius</strong></span> <span class='ocrx_word' id='word_1_666' title='bbox 849 4706 1070 4761; x_wconf 86' lang='lat' dir='ltr'><strong>maneat</strong></span> <span class='ocrx_word' id='word_1_667' title='bbox 1101 4703 1278 4760; x_wconf 86' lang='lat' dir='ltr'><strong>arida.</strong></span> <span class='ocrx_word' id='word_1_668' title='bbox 1320 4689 1598 4774; x_wconf 70' lang='lat' dir='ltr'><strong>Appareat</strong></span> <span class='ocrx_word' id='word_1_669' title='bbox 1630 4711 1687 4756; x_wconf 93' lang='lat' dir='ltr'><strong>et</strong></span> <span class='ocrx_word' id='word_1_670' title='bbox 1720 4701 2002 4756; x_wconf 86' lang='lat' dir='ltr'><strong>reveletur</strong></span> <span class='ocrx_word' id='word_1_671' title='bbox 2031 4713 2156 4770; x_wconf 67' lang='lat' dir='ltr'><strong>quae</strong></span> 
     </span>
    </p>
   </div>
   <div class='ocr_carea' id='block_1_93' title="bbox 565 4779 2156 4870">
    <p class='ocr_par' dir='ltr' id='par_1_93' title="bbox 565 4779 2156 4870">
     <span class='ocr_line' id='line_1_93' title="bbox 565 4779 2156 4870; baseline -0.005 -16"><span class='ocrx_word' id='word_1_672' title='bbox 565 4810 690 4855; x_wconf 87' lang='lat' dir='ltr'><strong>erat</strong></span> <span class='ocrx_word' id='word_1_673' title='bbox 731 4797 889 4854; x_wconf 79' lang='lat' dir='ltr'><strong>arida</strong></span> <span class='ocrx_word' id='word_1_674' title='bbox 920 4806 977 4852; x_wconf 84' lang='lat' dir='ltr'><strong>et</strong></span> <span class='ocrx_word' id='word_1_675' title='bbox 1028 4779 1354 4867; x_wconf 67' lang='lat' dir='ltr'><strong>inffugiier&#39;a</strong></span> <span class='ocrx_word' id='word_1_676' title='bbox 1397 4795 1621 4868; x_wconf 82' lang='lat' dir='ltr'><strong>gentilis</strong></span> <span class='ocrx_word' id='word_1_677' title='bbox 1663 4793 1933 4870; x_wconf 82' lang='lat' dir='ltr'><strong>Ecclesia,</strong></span> <span class='ocrx_word' id='word_1_678' title='bbox 1972 4807 2096 4863; x_wconf 72' lang='lat' dir='ltr'><strong>quae</strong></span> <span class='ocrx_word' id='word_1_679' title='bbox 2125 4806 2156 4846; x_wconf 88' lang='lat' dir='ltr'><strong>a</strong></span> 
     </span>
    </p>
   </div>
   <div class='ocr_carea' id='block_1_94' title="bbox 565 4875 2160 4964">
    <p class='ocr_par' dir='ltr' id='par_1_94' title="bbox 565 4875 2160 4964">
     <span class='ocr_line' id='line_1_94' title="bbox 565 4875 2160 4964; baseline -0.006 -14"><span class='ocrx_word' id='word_1_680' title='bbox 565 4879 682 4950; x_wconf 75' lang='lat' dir='ltr'><strong>Deo</strong></span> <span class='ocrx_word' id='word_1_681' title='bbox 730 4891 1032 4964; x_wconf 88' lang='lat' dir='ltr'><strong>aliquando</strong></span> <span class='ocrx_word' id='word_1_682' title='bbox 1060 4890 1245 4947; x_wconf 85' lang='lat' dir='ltr'><strong>fuerat</strong></span> <span class='ocrx_word' id='word_1_683' title='bbox 1268 4889 1561 4953; x_wconf 75' lang='lat' dir='ltr'><strong>absConsa,</strong></span> <span class='ocrx_word' id='word_1_684' title='bbox 1601 4895 1664 4942; x_wconf 92' lang='lat' dir='ltr'><strong>ut</strong></span> <span class='ocrx_word' id='word_1_685' title='bbox 1691 4895 1818 4958; x_wconf 76' lang='lat' dir='ltr'><strong>quae</strong></span> <span class='ocrx_word' id='word_1_686' title='bbox 1842 4875 1983 4942; x_wconf 73' lang='lat' dir='ltr'><strong>facta</strong></span> <span class='ocrx_word' id='word_1_687' title='bbox 2013 4893 2160 4964; x_wconf 86' lang='lat' dir='ltr'><strong>esset</strong></span> 
     </span>
    </p>
   </div>
   <div class='ocr_carea' id='block_1_95' title="bbox 567 4957 2158 5050">
    <p class='ocr_par' dir='ltr' id='par_1_95' title="bbox 567 4957 2158 5050">
     <span class='ocr_line' id='line_1_95' title="bbox 567 4957 2158 5050; baseline -0.006 -10"><span class='ocrx_word' id='word_1_688' title='bbox 567 4983 717 5040; x_wconf 84' lang='lat' dir='ltr'><strong>nuda</strong></span> <span class='ocrx_word' id='word_1_689' title='bbox 749 4957 1071 5039; x_wconf 43' lang='lat' dir='ltr'><strong>ab-insidiis</strong></span> <span class='ocrx_word' id='word_1_690' title='bbox 1103 4981 1332 5038; x_wconf 83' lang='lat' dir='ltr'><strong>diaboli.</strong></span> <span class='ocrx_word' id='word_1_691' title='bbox 1377 4979 1656 5050; x_wconf 84' lang='lat' dir='ltr'><strong>Appareat</strong></span> <span class='ocrx_word' id='word_1_692' title='bbox 1699 4957 1823 5047; x_wconf 69' lang='lat' dir='ltr'><strong>qua:</strong></span> <span class='ocrx_word' id='word_1_693' title='bbox 1853 4984 1975 5032; x_wconf 90' lang='lat' dir='ltr'><strong>erat</strong></span> <span class='ocrx_word' id='word_1_694' title='bbox 2003 4957 2158 5032; x_wconf 88' lang='lat' dir='ltr'><strong>arida</strong></span> 
     </span>
    </p>
   </div>
   <div class='ocr_carea' id='block_1_96' title="bbox 2255 4581 3837 4668">
    <p class='ocr_par' dir='ltr' id='par_1_96' title="bbox 2255 4581 3837 4668">
     <span class='ocr_line' id='line_1_96' title="bbox 2255 4581 3837 4668; baseline -0.021 -3"><span class='ocrx_word' id='word_1_695' title='bbox 2255 4611 2602 4668; x_wconf 87' lang='lat' dir='ltr'><strong>constructa,</strong></span> <span class='ocrx_word' id='word_1_696' title='bbox 2648 4597 2930 4656; x_wconf 82' lang='lat' dir='ltr'><strong>exsultent</strong></span> <span class='ocrx_word' id='word_1_697' title='bbox 2966 4591 3192 4664; x_wconf 82' lang='lat' dir='ltr'><strong>quidem</strong></span> <span class='ocrx_word' id='word_1_698' title='bbox 3254 4591 3473 4642; x_wconf 89' lang='lat' dir='ltr'><strong>montes</strong></span> <span class='ocrx_word' id='word_1_699' title='bbox 3524 4581 3837 4652; x_wconf 87' lang='lat' dir='ltr'><strong>regionum,</strong></span> 
     </span>
    </p>
   </div>
   <div class='ocr_carea' id='block_1_97' title="bbox 2259 4676 3843 4758">
    <p class='ocr_par' dir='ltr' id='par_1_97' title="bbox 2259 4676 3843 4758">
     <span class='ocr_line' id='line_1_97' title="bbox 2259 4676 3843 4758; baseline -0.023 1"><span class='ocrx_word' id='word_1_700' title='bbox 2259 4695 2639 4758; x_wconf 89' lang='lat' dir='ltr'><strong>multitudinis</strong></span> <span class='ocrx_word' id='word_1_701' title='bbox 2669 4702 2858 4748; x_wconf 88' lang='lat' dir='ltr'><strong>autem</strong></span> <span class='ocrx_word' id='word_1_702' title='bbox 2887 4687 3057 4744; x_wconf 90' lang='lat' dir='ltr'><strong>colles</strong></span> <span class='ocrx_word' id='word_1_703' title='bbox 3103 4681 3364 4740; x_wconf 79' lang='lat' dir='ltr'><strong>exsiliant</strong></span> <span class='ocrx_word' id='word_1_704' title='bbox 3391 4695 3406 4732; x_wconf 88' lang='lat'><strong>:</strong></span> <span class='ocrx_word' id='word_1_705' title='bbox 3439 4678 3701 4732; x_wconf 81' lang='lat' dir='ltr'><strong>laetentur</strong></span> <span class='ocrx_word' id='word_1_706' title='bbox 3753 4676 3843 4725; x_wconf 87' lang='lat' dir='ltr'><strong>au-</strong></span> 
     </span>
    </p>
   </div>
   <div class='ocr_carea' id='block_1_98' title="bbox 2260 4762 3845 4858">
    <p class='ocr_par' dir='ltr' id='par_1_98' title="bbox 2260 4762 3845 4858">
     <span class='ocr_line' id='line_1_98' title="bbox 2260 4762 3845 4858; baseline -0.02 -13"><span class='ocrx_word' id='word_1_707' title='bbox 2260 4800 2372 4846; x_wconf 86' lang='lat' dir='ltr'><strong>tem</strong></span> <span class='ocrx_word' id='word_1_708' title='bbox 2398 4799 2594 4858; x_wconf 87' lang='lat' dir='ltr'><strong>greges</strong></span> <span class='ocrx_word' id='word_1_709' title='bbox 2627 4781 2981 4854; x_wconf 89' lang='lat' dir='ltr'><strong>populorum.</strong></span> <span class='ocrx_word' id='word_1_710' title='bbox 3025 4773 3227 4846; x_wconf 86' lang='lat' dir='ltr'><strong>Fugiat</strong></span> <span class='ocrx_word' id='word_1_711' title='bbox 3255 4781 3439 4827; x_wconf 87' lang='lat' dir='ltr'><strong>autem</strong></span> <span class='ocrx_word' id='word_1_712' title='bbox 3469 4781 3624 4837; x_wconf 85' lang='lat' dir='ltr'><strong>mare</strong></span> <span class='ocrx_word' id='word_1_713' title='bbox 3639 4762 3845 4858; x_wconf 70' lang='lat' dir='ltr'><strong>adver-</strong></span> 
     </span>
    </p>
   </div>
   <div class='ocr_carea' id='block_1_99' title="bbox 2263 4850 3842 4942">
    <p class='ocr_par' dir='ltr' id='par_1_99' title="bbox 2263 4850 3842 4942">
     <span class='ocr_line' id='line_1_99' title="bbox 2263 4850 3842 4942; baseline -0.02 -7"><span class='ocrx_word' id='word_1_714' title='bbox 2263 4850 2546 4936; x_wconf 47' lang='lat' dir='ltr'><strong>sario‘rut—n</strong></span> <span class='ocrx_word' id='word_1_715' title='bbox 2581 4850 2828 4942; x_wconf 81' lang='lat' dir='ltr'><strong>:nempe</strong></span> <span class='ocrx_word' id='word_1_716' title='bbox 2873 4865 3128 4939; x_wconf 88' lang='lat' dir='ltr'><strong>improha</strong></span> <span class='ocrx_word' id='word_1_717' title='bbox 3174 4872 3232 4920; x_wconf 89' lang='lat' dir='ltr'><strong>et</strong></span> <span class='ocrx_word' id='word_1_718' title='bbox 3282 4860 3420 4917; x_wconf 81' lang='lat' dir='ltr'><strong>falsa</strong></span> <span class='ocrx_word' id='word_1_719' title='bbox 3465 4850 3842 4913; x_wconf 88' lang='lat' dir='ltr'><strong>incredulitas.</strong></span> 
     </span>
    </p>
   </div>
   <div class='ocr_carea' id='block_1_100' title="bbox 2260 4953 3847 5048">
    <p class='ocr_par' dir='ltr' id='par_1_100' title="bbox 2260 4953 3847 5048">
     <span class='ocr_line' id='line_1_100' title="bbox 2260 4953 3847 5048; baseline -0.02 -19"><span class='ocrx_word' id='word_1_720' title='bbox 2260 4969 2522 5029; x_wconf 82' lang='lat' dir='ltr'><strong>Jordanis</strong></span> <span class='ocrx_word' id='word_1_721' title='bbox 2551 4974 2735 5022; x_wconf 90' lang='lat' dir='ltr'><strong>autem</strong></span> <span class='ocrx_word' id='word_1_722' title='bbox 2761 4959 3114 5048; x_wconf 81' lang='lat' dir='ltr'><strong>baptismatis</strong></span> <span class='ocrx_word' id='word_1_723' title='bbox 3144 4955 3412 5030; x_wconf 82' lang='lat' dir='ltr'><strong>gentium,</strong></span> <span class='ocrx_word' id='word_1_724' title='bbox 3448 4953 3736 5048; x_wconf 65' lang='lat' dir='ltr'><strong>copvertat</strong></span> <span class='ocrx_word' id='word_1_725' title='bbox 3767 4960 3847 4999; x_wconf 89' lang='lat' dir='ltr'><strong>re-</strong></span> 
     </span>
    </p>
   </div>
   <div class='ocr_carea' id='block_1_101' title="bbox 570 5030 3845 5143">
    <p class='ocr_par' dir='ltr' id='par_1_101' title="bbox 570 5030 3845 5143">
     <span class='ocr_line' id='line_1_101' title="bbox 570 5030 2996 5050; baseline -0.005 -10"><span class='ocrx_word' id='word_1_726' title='bbox 570 5030 717 5040; x_wconf 62' lang='grc' dir='ltr'><strong>ω...-</strong></span> <span class='ocrx_word' id='word_1_727' title='bbox 749 5030 816 5039; x_wconf 72' lang='lat'><strong>_-</strong></span> <span class='ocrx_word' id='word_1_728' title='bbox 855 5030 1070 5038; x_wconf 51' lang='grc' dir='ltr'><strong>..-ηκηη</strong></span> <span class='ocrx_word' id='word_1_729' title='bbox 1107 5030 1332 5038; x_wconf 75' lang='lat'><strong>---__-__-</strong></span> <span class='ocrx_word' id='word_1_730' title='bbox 1377 5030 1652 5050; x_wconf 27' lang='lat' dir='ltr'><strong>“ne---”</strong></span> <span class='ocrx_word' id='word_1_731' title='bbox 1707 5030 1816 5047; x_wconf 55' lang='grc' dir='ltr'><strong>τη-</strong></span> <span class='ocrx_word' id='word_1_732' title='bbox 1863 5030 1879 5032; x_wconf 95' lang='lat'>_</span> <span class='ocrx_word' id='word_1_733' title='bbox 1924 5030 1945 5032; x_wconf 48' lang='grc' dir='ltr'><em>η</em></span> <span class='ocrx_word' id='word_1_734' title='bbox 2009 5030 2031 5032; x_wconf 47' lang='grc' dir='ltr'>η</span> <span class='ocrx_word' id='word_1_735' title='bbox 2837 5030 2854 5034; x_wconf 87' lang='lat'>_</span> <span class='ocrx_word' id='word_1_736' title='bbox 2989 5030 2996 5036; x_wconf 70' lang='grc'><strong><em>,</em></strong></span> 
     </span>
     <span class='ocr_line' id='line_1_102' title="bbox 570 5030 3845 5143; baseline -0.012 -13"><span class='ocrx_word' id='word_1_737' title='bbox 570 5082 628 5130; x_wconf 89' lang='lat' dir='ltr'><strong>et</strong></span> <span class='ocrx_word' id='word_1_738' title='bbox 655 5073 878 5130; x_wconf 88' lang='lat' dir='ltr'><strong>deserta</strong></span> <span class='ocrx_word' id='word_1_739' title='bbox 920 5081 979 5128; x_wconf 89' lang='lat' dir='ltr'><strong>et</strong></span> <span class='ocrx_word' id='word_1_740' title='bbox 1028 5071 1244 5135; x_wconf 86' lang='lat' dir='ltr'><strong>sitiens,</strong></span> <span class='ocrx_word' id='word_1_741' title='bbox 1273 5067 1536 5140; x_wconf 80' lang='lat' dir='ltr'><strong>quoniam</strong></span> <span class='ocrx_word' id='word_1_742' title='bbox 1581 5069 1637 5122; x_wconf 91' lang='lat' dir='ltr'><strong>in</strong></span> <span class='ocrx_word' id='word_1_743' title='bbox 1686 5063 1918 5143; x_wconf 81' lang='lat' dir='ltr'><strong>deserto</strong></span> <span class='ocrx_word' id='word_1_744' title='bbox 1972 5065 2162 5136; x_wconf 90' lang='lat' dir='ltr'><strong>erupit</strong></span> <span class='ocrx_word' id='word_1_745' title='bbox 2267 5073 2508 5120; x_wconf 91' lang='lat' dir='ltr'><strong>trorsum</strong></span> <span class='ocrx_word' id='word_1_746' title='bbox 2559 5074 2662 5142; x_wconf 35' lang='lat' dir='ltr'><strong>eos.</strong></span> <span class='ocrx_word' id='word_1_747' title='bbox 2689 5041 2786 5141; x_wconf 78' lang='lat' dir='ltr'><strong>qui</strong></span> <span class='ocrx_word' id='word_1_748' title='bbox 2819 5055 3000 5138; x_wconf 81' lang='lat' dir='ltr'><strong>ipsum</strong></span> <span class='ocrx_word' id='word_1_749' title='bbox 3042 5049 3265 5122; x_wconf 85' lang='lat' dir='ltr'><strong>fugiunt</strong></span> <span class='ocrx_word' id='word_1_750' title='bbox 3293 5055 3349 5102; x_wconf 90' lang='lat' dir='ltr'><strong>et</strong></span> <span class='ocrx_word' id='word_1_751' title='bbox 3373 5030 3707 5114; x_wconf 85' lang='lat' dir='ltr'><strong>baptismum</strong></span> <span class='ocrx_word' id='word_1_752' title='bbox 3739 5049 3845 5090; x_wconf 88' lang='lat' dir='ltr'><strong>non</strong></span> 
     </span>
    </p>
   </div>
   <div class='ocr_carea' id='block_1_102' title="bbox 572 5139 2160 5243">
    <p class='ocr_par' dir='ltr' id='par_1_102' title="bbox 572 5139 2160 5243">
     <span class='ocr_line' id='line_1_103' title="bbox 572 5139 2160 5243; baseline -0.006 -19"><span class='ocrx_word' id='word_1_753' title='bbox 572 5171 738 5239; x_wconf 82' lang='lat' dir='ltr'><strong>aqua,</strong></span> <span class='ocrx_word' id='word_1_754' title='bbox 774 5183 846 5223; x_wconf 90' lang='lat' dir='ltr'><strong>ne</strong></span> <span class='ocrx_word' id='word_1_755' title='bbox 891 5165 1132 5238; x_wconf 84' lang='lat' dir='ltr'><strong>amplius</strong></span> <span class='ocrx_word' id='word_1_756' title='bbox 1185 5139 1410 5218; x_wconf 84' lang='lat' dir='ltr'><strong>maneat</strong></span> <span class='ocrx_word' id='word_1_757' title='bbox 1464 5155 1637 5217; x_wconf 86' lang='lat' dir='ltr'><strong>arida.</strong></span> <span class='ocrx_word' id='word_1_758' title='bbox 1673 5139 1972 5243; x_wconf 56' lang='lat' dir='ltr'><strong>Appareat,</strong></span> <span class='ocrx_word' id='word_1_759' title='bbox 2001 5167 2059 5215; x_wconf 88' lang='lat' dir='ltr'><strong>et</strong></span> <span class='ocrx_word' id='word_1_760' title='bbox 2091 5157 2160 5214; x_wconf 88' lang='lat' dir='ltr'><strong>ad</strong></span> 
     </span>
    </p>
   </div>
   <div class='ocr_carea' id='block_1_103' title="bbox 574 5247 2158 5332">
    <p class='ocr_par' dir='ltr' id='par_1_103' title="bbox 574 5247 2158 5332">
     <span class='ocr_line' id='line_1_104' title="bbox 574 5247 2158 5332; baseline -0.008 -14"><span class='ocrx_word' id='word_1_761' title='bbox 574 5254 784 5318; x_wconf 65' lang='lat' dir='ltr'><strong>fontem</strong></span> <span class='ocrx_word' id='word_1_762' title='bbox 801 5261 929 5316; x_wconf 74' lang='lat' dir='ltr'><strong>vita:</strong></span> <span class='ocrx_word' id='word_1_763' title='bbox 948 5259 1268 5329; x_wconf 73' lang='lat' dir='ltr'><strong>veniatqua:</strong></span> <span class='ocrx_word' id='word_1_764' title='bbox 1280 5247 1385 5312; x_wconf 84' lang='lat' dir='ltr'><strong>l&#39;uit</strong></span> <span class='ocrx_word' id='word_1_765' title='bbox 1407 5256 1537 5311; x_wconf 89' lang='lat' dir='ltr'><strong>olim</strong></span> <span class='ocrx_word' id='word_1_766' title='bbox 1550 5253 1774 5326; x_wconf 85' lang='lat' dir='ltr'><strong>gentilis</strong></span> <span class='ocrx_word' id='word_1_767' title='bbox 1792 5251 2158 5332; x_wconf 85' lang='lat' dir='ltr'><strong>Samaritana,</strong></span> 
     </span>
    </p>
   </div>
   <div class='ocr_carea' id='block_1_104' title="bbox 2267 5128 3844 5223">
    <p class='ocr_par' dir='ltr' id='par_1_104' title="bbox 2267 5128 3844 5223">
     <span class='ocr_line' id='line_1_105' title="bbox 2267 5128 3844 5223; baseline -0.02 -13"><span class='ocrx_word' id='word_1_768' title='bbox 2267 5137 2598 5223; x_wconf 81' lang='lat' dir='ltr'><strong>suscipiunt.</strong></span> <span class='ocrx_word' id='word_1_769' title='bbox 2647 5132 2806 5205; x_wconf 83' lang='lat' dir='ltr'><strong>Unde</strong></span> <span class='ocrx_word' id='word_1_770' title='bbox 2839 5143 2909 5200; x_wconf 89' lang='lat' dir='ltr'><strong>de</strong></span> <span class='ocrx_word' id='word_1_771' title='bbox 2953 5130 3068 5196; x_wconf 80' lang='lat' dir='ltr'><strong>Deo</strong></span> <span class='ocrx_word' id='word_1_772' title='bbox 3097 5135 3236 5194; x_wconf 81' lang='lat' dir='ltr'><strong>dicit</strong></span> <span class='ocrx_word' id='word_1_773' title='bbox 3255 5134 3532 5205; x_wconf 88' lang='lat' dir='ltr'><strong>Propheta</strong></span> <span class='ocrx_word' id='word_1_774' title='bbox 3575 5147 3590 5184; x_wconf 90' lang='lat'><strong>:</strong></span> <span class='ocrx_word' id='word_1_775' title='bbox 3637 5128 3844 5223; x_wconf 66' lang='lat' dir='ltr'><strong>Baltena</strong></span> 
     </span>
    </p>
   </div>
   <div class='ocr_carea' id='block_1_105' title="bbox 2269 5221 3846 5314">
    <p class='ocr_par' dir='ltr' id='par_1_105' title="bbox 2269 5221 3846 5314">
     <span class='ocr_line' id='line_1_106' title="bbox 2269 5221 3846 5314; baseline -0.02 -12"><span class='ocrx_word' id='word_1_776' title='bbox 2269 5221 2438 5302; x_wconf 78' lang='lat' dir='ltr'><strong>maris</strong></span> <span class='ocrx_word' id='word_1_777' title='bbox 2470 5259 2592 5314; x_wconf 71' lang='lat' dir='ltr'><strong>qua:</strong></span> <span class='ocrx_word' id='word_1_778' title='bbox 2616 5229 2894 5294; x_wconf 82' lang='lat' dir='ltr'><strong>conturbat</strong></span> <span class='ocrx_word' id='word_1_779' title='bbox 2942 5249 3098 5288; x_wconf 86' lang='lat' dir='ltr'><strong>sonos</strong></span> <span class='ocrx_word' id='word_1_780' title='bbox 3131 5227 3391 5304; x_wconf 82' lang='lat' dir='ltr'><strong>ﬂuctuum</strong></span> <span class='ocrx_word' id='word_1_781' title='bbox 3419 5225 3554 5296; x_wconf 84' lang='lat' dir='ltr'><strong>ejus,</strong></span> <span class='ocrx_word' id='word_1_782' title='bbox 3596 5221 3713 5294; x_wconf 84' lang='lat' dir='ltr'><strong>quis</strong></span> <span class='ocrx_word' id='word_1_783' title='bbox 3737 5233 3846 5274; x_wconf 77' lang='lat' dir='ltr'><strong>sus-</strong></span> 
     </span>
    </p>
   </div>
   <div class='ocr_carea' id='block_1_106' title="bbox 575 5315 3843 5424">
    <p class='ocr_par' dir='ltr' id='par_1_106' title="bbox 575 5315 3843 5424">
     <span class='ocr_line' id='line_1_107' title="bbox 575 5315 3843 5424; baseline -0.014 -16"><span class='ocrx_word' id='word_1_784' title='bbox 575 5344 763 5408; x_wconf 86' lang='lat' dir='ltr'><strong>l&#39;erens</strong></span> <span class='ocrx_word' id='word_1_785' title='bbox 789 5350 1043 5424; x_wconf 87' lang='lat' dir='ltr'><strong>hydriam</strong></span> <span class='ocrx_word' id='word_1_786' title='bbox 1075 5349 1272 5403; x_wconf 79' lang='lat' dir='ltr'><strong>animm</strong></span> <span class='ocrx_word' id='word_1_787' title='bbox 1299 5346 1368 5401; x_wconf 85' lang='lat' dir='ltr'><strong>ad</strong></span> <span class='ocrx_word' id='word_1_788' title='bbox 1407 5339 1636 5416; x_wconf 83' lang='lat' dir='ltr'><strong>puteum</strong></span> <span class='ocrx_word' id='word_1_789' title='bbox 1666 5343 1962 5398; x_wconf 77' lang='lat' dir='ltr'><strong>viventem.</strong></span> <span class='ocrx_word' id='word_1_790' title='bbox 1999 5315 2170 5396; x_wconf 85' lang='lat' dir='ltr'><strong>Sedet</strong></span> <span class='ocrx_word' id='word_1_791' title='bbox 2265 5335 2447 5392; x_wconf 86' lang='lat' dir='ltr'><strong>tinebit</strong></span> <span class='ocrx_word' id='word_1_792' title='bbox 2489 5333 2575 5388; x_wconf 68' lang='lat'><strong>’9?</strong></span> <span class='ocrx_word' id='word_1_793' title='bbox 2615 5331 2730 5399; x_wconf 5' lang='lat' dir='ltr'><strong>Sed,</strong></span> <span class='ocrx_word' id='word_1_794' title='bbox 2754 5341 2812 5383; x_wconf 87' lang='lat' dir='ltr'><strong>tu</strong></span> <span class='ocrx_word' id='word_1_795' title='bbox 2845 5325 3139 5381; x_wconf 84' lang='lat' dir='ltr'><strong>dominaris</strong></span> <span class='ocrx_word' id='word_1_796' title='bbox 3171 5318 3424 5394; x_wconf 77' lang='lat' dir='ltr'><strong>potestati</strong></span> <span class='ocrx_word' id='word_1_797' title='bbox 3469 5315 3659 5378; x_wconf 87' lang='lat' dir='ltr'><strong>maris,</strong></span> <span class='ocrx_word' id='word_1_798' title='bbox 3699 5323 3843 5366; x_wconf 74' lang='lat' dir='ltr'><strong>sonos</strong></span> 
     </span>
    </p>
   </div>
   <div class='ocr_carea' id='block_1_107' title="bbox 577 5407 3844 5510">
    <p class='ocr_par' dir='ltr' id='par_1_107' title="bbox 577 5407 3844 5510">
     <span class='ocr_line' id='line_1_108' title="bbox 577 5407 3844 5510; baseline -0.014 -12"><span class='ocrx_word' id='word_1_799' title='bbox 577 5443 730 5498; x_wconf 89' lang='lat' dir='ltr'><strong>enim</strong></span> <span class='ocrx_word' id='word_1_800' title='bbox 775 5407 1034 5500; x_wconf 74' lang='lat' dir='ltr'><strong>Christus</strong></span> <span class='ocrx_word' id='word_1_801' title='bbox 1065 5457 1189 5496; x_wconf 91' lang='lat' dir='ltr'><strong>eam</strong></span> <span class='ocrx_word' id='word_1_802' title='bbox 1240 5447 1592 5510; x_wconf 86' lang='lat' dir='ltr'><strong>exspectans.</strong></span> <span class='ocrx_word' id='word_1_803' title='bbox 1618 5435 1896 5506; x_wconf 84' lang='lat' dir='ltr'><strong>Appareat</strong></span> <span class='ocrx_word' id='word_1_804' title='bbox 1929 5431 2090 5487; x_wconf 91' lang='lat' dir='ltr'><strong>arida</strong></span> <span class='ocrx_word' id='word_1_805' title='bbox 2113 5439 2170 5488; x_wconf 91' lang='lat' dir='ltr'><strong>et</strong></span> <span class='ocrx_word' id='word_1_806' title='bbox 2263 5421 2521 5500; x_wconf 78' lang='lat' dir='ltr'><strong>ﬂuctuum</strong></span> <span class='ocrx_word' id='word_1_807' title='bbox 2546 5415 2658 5495; x_wconf 80' lang='lat' dir='ltr'><strong>ejus</strong></span> <span class='ocrx_word' id='word_1_808' title='bbox 2681 5423 2795 5494; x_wconf 84' lang='lat' dir='ltr'><strong>quis</strong></span> <span class='ocrx_word' id='word_1_809' title='bbox 2816 5415 3134 5474; x_wconf 83' lang='lat' dir='ltr'><strong>sustinebit?</strong></span> <span class='ocrx_word' id='word_1_810' title='bbox 3165 5411 3356 5469; x_wconf 82' lang='lat' dir='ltr'><strong>Salum</strong></span> <span class='ocrx_word' id='word_1_811' title='bbox 3387 5416 3567 5464; x_wconf 85' lang='lat' dir='ltr'><strong>autem</strong></span> <span class='ocrx_word' id='word_1_812' title='bbox 3595 5407 3844 5478; x_wconf 82' lang='lat' dir='ltr'><strong>ﬂuctuum</strong></span> 
     </span>
    </p>
   </div>
   <div class='ocr_carea' id='block_1_108' title="bbox 581 5499 3845 5606">
    <p class='ocr_par' dir='ltr' id='par_1_108' title="bbox 581 5499 3845 5606">
     <span class='ocr_line' id='line_1_109' title="bbox 581 5499 3845 5606; baseline -0.012 -16"><span class='ocrx_word' id='word_1_813' title='bbox 581 5543 704 5604; x_wconf 68' lang='lat' dir='ltr'><strong>quae</strong></span> <span class='ocrx_word' id='word_1_814' title='bbox 724 5535 999 5606; x_wconf 87' lang='lat' dir='ltr'><strong>proﬂuvio</strong></span> <span class='ocrx_word' id='word_1_815' title='bbox 1020 5534 1160 5588; x_wconf 90' lang='lat' dir='ltr'><strong>male</strong></span> <span class='ocrx_word' id='word_1_816' title='bbox 1184 5499 1478 5588; x_wconf 78' lang='lat' dir='ltr'><strong>laborabat</strong></span> <span class='ocrx_word' id='word_1_817' title='bbox 1506 5499 1794 5599; x_wconf 77' lang='lat' dir='ltr'><strong>sanguinis</strong></span> <span class='ocrx_word' id='word_1_818' title='bbox 1817 5522 2166 5587; x_wconf 66' lang='lat' dir='ltr'><strong>idololatriae,</strong></span> <span class='ocrx_word' id='word_1_819' title='bbox 2265 5499 2382 5594; x_wconf 82' lang='lat' dir='ltr'><strong>ejus</strong></span> <span class='ocrx_word' id='word_1_820' title='bbox 2417 5530 2474 5574; x_wconf 85' lang='lat' dir='ltr'><strong>tu</strong></span> <span class='ocrx_word' id='word_1_821' title='bbox 2512 5519 2725 5590; x_wconf 84' lang='lat' dir='ltr'><strong>mitigas</strong></span> <span class='ocrx_word' id='word_1_822' title='bbox 2757 5516 2818 5584; x_wconf 58' lang='grc'><strong>¹.,</strong></span> <span class='ocrx_word' id='word_1_823' title='bbox 2843 5513 2922 5569; x_wconf 92' lang='lat' dir='ltr'><strong>Te</strong></span> <span class='ocrx_word' id='word_1_824' title='bbox 2949 5511 3097 5567; x_wconf 92' lang='lat' dir='ltr'><strong>enim</strong></span> <span class='ocrx_word' id='word_1_825' title='bbox 3131 5504 3496 5578; x_wconf 66' lang='lat' dir='ltr'><strong>praaﬁgurans</strong></span> <span class='ocrx_word' id='word_1_826' title='bbox 3522 5499 3845 5606; x_wconf 87' lang='lat' dir='ltr'><strong>Jonas</strong></span> 
     </span>
    </p>
   </div>
   <div class='ocr_carea' id='block_1_109' title="bbox 583 5597 3608 5695">
    <p class='ocr_par' dir='ltr' id='par_1_109' title="bbox 583 5597 3608 5695">
     <span class='ocr_line' id='line_1_110' title="bbox 583 5597 3608 5695; baseline -0.013 -12"><span class='ocrx_word' id='word_1_827' title='bbox 583 5634 646 5683; x_wconf 87' lang='lat' dir='ltr'><strong>ut</strong></span> <span class='ocrx_word' id='word_1_828' title='bbox 665 5597 974 5684; x_wconf 51' lang='lat' dir='ltr'><strong>cit-siccetur</strong></span> <span class='ocrx_word' id='word_1_829' title='bbox 1003 5625 1184 5682; x_wconf 75' lang='lat' dir='ltr'><strong>fluxus</strong></span> <span class='ocrx_word' id='word_1_830' title='bbox 1210 5622 1496 5695; x_wconf 86' lang='lat' dir='ltr'><strong>sanguinis</strong></span> <span class='ocrx_word' id='word_1_831' title='bbox 1517 5597 1626 5693; x_wconf 83' lang='lat' dir='ltr'><strong>qui</strong></span> <span class='ocrx_word' id='word_1_832' title='bbox 1657 5619 1938 5682; x_wconf 86' lang='lat' dir='ltr'><strong>currebat,</strong></span> <span class='ocrx_word' id='word_1_833' title='bbox 1969 5625 2026 5672; x_wconf 91' lang='lat' dir='ltr'><strong>et</strong></span> <span class='ocrx_word' id='word_1_834' title='bbox 2051 5630 2172 5671; x_wconf 90' lang='lat' dir='ltr'><strong>sca-</strong></span> <span class='ocrx_word' id='word_1_835' title='bbox 2267 5615 2457 5686; x_wconf 86' lang='lat' dir='ltr'><strong>pheta,</strong></span> <span class='ocrx_word' id='word_1_836' title='bbox 2509 5609 2730 5682; x_wconf 84' lang='lat' dir='ltr'><strong>quando</strong></span> <span class='ocrx_word' id='word_1_837' title='bbox 2793 5605 3075 5678; x_wconf 85' lang='lat' dir='ltr'><strong>projectus</strong></span> <span class='ocrx_word' id='word_1_838' title='bbox 3118 5597 3226 5654; x_wconf 89' lang='lat' dir='ltr'><strong>fuit</strong></span> <span class='ocrx_word' id='word_1_839' title='bbox 3275 5597 3332 5651; x_wconf 91' lang='lat' dir='ltr'><strong>in</strong></span> <span class='ocrx_word' id='word_1_840' title='bbox 3417 5607 3572 5648; x_wconf 88' lang='lat' dir='ltr'><strong>mare</strong></span> <span class='ocrx_word' id='word_1_841' title='bbox 3593 5631 3608 5658; x_wconf 87' lang='lat'><strong>,</strong></span> 
     </span>
    </p>
   </div>
   <div class='ocr_carea' id='block_1_110' title="bbox 3667 5580 3844 5645">
    <p class='ocr_par' dir='ltr' id='par_1_110' title="bbox 3667 5580 3844 5645">
     <span class='ocr_line' id='line_1_111' title="bbox 3667 5580 3844 5645; baseline -0.023 -2"><span class='ocrx_word' id='word_1_842' title='bbox 3667 5580 3844 5645; x_wconf 77' lang='lat' dir='ltr'><strong>effecit</strong></span> 
     </span>
    </p>
   </div>
   <div class='ocr_carea' id='block_1_111' title="bbox 657 5765 2140 5871">
    <p class='ocr_par' dir='ltr' id='par_1_111' title="bbox 657 5792 2135 5871">
     <span class='ocr_line' id='line_1_112' title="bbox 657 5792 2135 5871; baseline -0.012 -10"><span class='ocrx_word' id='word_1_843' title='bbox 657 5807 704 5838; x_wconf 79' lang='lat'>&quot;</span> <span class='ocrx_word' id='word_1_844' title='bbox 745 5805 880 5862; x_wconf 83' lang='lat' dir='ltr'><strong>Luc.</strong></span> <span class='ocrx_word' id='word_1_845' title='bbox 918 5821 974 5871; x_wconf 86' lang='grc' dir='ltr'>ιι,</span> <span class='ocrx_word' id='word_1_846' title='bbox 1024 5805 1111 5858; x_wconf 71' lang='grc'><strong>52.</strong></span> <span class='ocrx_word' id='word_1_847' title='bbox 1190 5804 1232 5834; x_wconf 80' lang='grc' dir='ltr'><strong>⁰τ</strong></span> <span class='ocrx_word' id='word_1_848' title='bbox 1279 5801 1416 5856; x_wconf 67' lang='lat' dir='ltr'><strong>Luc.</strong></span> <span class='ocrx_word' id='word_1_849' title='bbox 1472 5815 1526 5864; x_wconf 67' lang='grc' dir='ltr'><strong>κ,</strong></span> <span class='ocrx_word' id='word_1_850' title='bbox 1585 5798 1666 5853; x_wconf 82' lang='lat' dir='ltr'><strong>l9.</strong></span> <span class='ocrx_word' id='word_1_851' title='bbox 1743 5794 1788 5828; x_wconf 72' lang='lat'><strong>&quot;’</strong></span> <span class='ocrx_word' id='word_1_852' title='bbox 1833 5792 2026 5856; x_wconf 82' lang='lat' dir='ltr'><strong>Matth.</strong></span> <span class='ocrx_word' id='word_1_853' title='bbox 2081 5807 2135 5847; x_wconf 88' lang='grc' dir='ltr'><strong>ιιι</strong></span> 
     </span>
    </p>
   </div>
   <div class='ocr_carea' id='block_1_112' title="bbox 2241 5765 3552 5871">
    <p class='ocr_par' dir='ltr' id='par_1_112' title="bbox 2248 5765 3552 5853">
     <span class='ocr_line' id='line_1_113' title="bbox 2248 5765 3552 5853; baseline -0.017 -9"><span class='ocrx_word' id='word_1_854' title='bbox 2248 5798 2298 5845; x_wconf 82' lang='grc'><strong>.⁶</strong></span> <span class='ocrx_word' id='word_1_855' title='bbox 2337 5787 2382 5820; x_wconf 71' lang='grc'><strong>’³</strong></span> <span class='ocrx_word' id='word_1_856' title='bbox 2422 5783 2566 5841; x_wconf 87' lang='lat' dir='ltr'><strong>Psal.</strong></span> <span class='ocrx_word' id='word_1_857' title='bbox 2607 5796 2748 5848; x_wconf 78' lang='lat' dir='ltr'><strong>Lstv,</strong></span> <span class='ocrx_word' id='word_1_858' title='bbox 2794 5777 2846 5835; x_wconf 89' lang='lat'><strong>8.</strong></span> <span class='ocrx_word' id='word_1_859' title='bbox 2925 5777 2943 5810; x_wconf 85' lang='grc'>¹</span> <span class='ocrx_word' id='word_1_860' title='bbox 2982 5775 3128 5835; x_wconf 87' lang='lat' dir='ltr'><strong>Psal.</strong></span> <span class='ocrx_word' id='word_1_861' title='bbox 3165 5783 3427 5835; x_wconf 75' lang='lat' dir='ltr'><strong>Lxxxvm,</strong></span> <span class='ocrx_word' id='word_1_862' title='bbox 3467 5765 3552 5853; x_wconf 79' lang='grc' dir='ltr'><strong>ιο.</strong></span> 
     </span>
    </p>
   </div>
  </div>
