4098 6426
536 348 638 418 837

1765 340 1826 411 S.
1865 337 2272 414 ANAS’I‘ASII
2308 345 2638 420 SINAI‘I‘A?

529 469 736 525 nuarii.
768 466 974 539 lncipit
1005 465 1161 523 enim
1223 455 1401 522 fluere
1463 478 1657 520 mense
1700 462 1900 520 lanio:
1929 471 1988 518 et
2021 476 2122 532 per
2151 470 2194 523 Λ
2223 466 2384 535 prius
2415 468 2532 524 dixi
2570 487 2585 524 :
2622 485 2727 540 per
2764 469 2955 527 omnia
3005 487 3132 544 quae
3172 479 3306 529 sunt
3369 487 3540 545 supra
3591 475 3808 531 terram

527 576 658 614 eum
693 568 872 615 totum
899 567 956 616 et
980 568 1104 631 post
1134 557 1317 629 ipsum
1346 557 1570 622 crescit,
1595 569 1801 626 nempe
1838 555 2011 612 Julio.
2057 553 2121 609 ln

527 648 782 718 Augusto
837 657 1027 704 autem
1061 657 1120 703 et
1169 657 1287 703 toto
1353 647 1672 718 Septembri
1734 646 1915 702 instar
1947 643 2122 700 maris

528 739 811 796 inundans
872 739 1190 812 IEgyptum,
1247 739 1378 795 facit
1411 739 1780 810 navigabilem
1809 753 1934 809 quae
1962 737 2121 808 prius

527 833 924 887 cratarabilis.
963 832 1162 903 Incipit
1190 841 1401 894 autem,
1429 843 1491 888 ut
1524 831 1739 886 dictum
1785 841 1892 895 est,
1925 831 2120 886 decre-

527 938 688 980 scere
735 925 792 978 in
837 923 1070 980 Octobri
1116 933 1172 980 et
1203 925 1537 990 Novembri;
1585 926 1640 980 in
1687 939 1879 979 mense
1930 932 2118 980 utem

529 1014 824 1072 Deccmbri
865 1026 922 1070 et
951 1025 1066 1071 toto
1086 1017 1372 1078 Januario,
1411 1016 1668 1070 redditur
1710 1016 1884 1086 priori
1932 1018 2116 1071 alveo.

523 1107 760 1175 Quando
789 1124 921 1178 ergo
965 1119 1094 1164 ante
1124 1108 1334 1165 Christi
1386 1119 1573 1164 ortum
1624 1125 1747 1163 eam
1810 1109 2118 1165 viderimus

525 1201 740 1257 tristem
765 1203 1297 1281 etcaliginosam,.et
1322 1201 1648 1266 infertilem,
1667 1211 1726 1258 et
1753 1203 1808 1257 in
1834 1203 2117 1273 profundo

524 1295 869 1350 submersam
929 1304 985 1348 et
1036 1293 1386 1360 inornatam;
1457 1293 1664 1349 deinde
1725 1303 1850 1364 post
1905 1293 2115 1350 Christi

522 1397 709 1443 ortqu
739 1397 796 1443 et
819 1388 943 1458 ejus
987 1387 1364 1458 prmsentiam.
1408 1387 1466 1443 in
1520 1387 1672 1443 omni
1731 1389 1852 1443 loco
1894 1385 2114 1460 Egypti

523 1483 710 1536 statim
743 1479 860 1535 ﬁeri
883 1495 1190 1545 recessum,
1229 1491 1286 1536 et
1313 1491 1518 1536 terram
1559 1481 1751 1536 ornari
1776 1489 1833 1536 et
1864 1481 2111 1552 irrigari,

520 1575 728 1648 gestire
757 1575 1036 1645 regiones,
1061 1575 1286 1630 densari
1322 1575 1576 1646 paludes,
1596 1575 2110 1646 agrosgerminare,

520 1677 577 1721 et
606 1666 759 1722 vicos
818 1675 1080 1736 tanquam
1108 1680 1179 1720 ex
1223 1665 1502 1737 profundo
1539 1679 1811 1736 aquarum
1861 1665 2114 1720 detectas

517 1769 580 1815 et
609 1759 666 1814 in
704 1759 877 1813 altum
929 1760 1130 1823 elatos,
1185 1765 1244 1814 ct
1293 1773 1469 1830 aquas
1514 1767 1879 1830 congregatas
1902 1758 1960 1813 in
1991 1758 2109 1813 suis

520 1851 1086 1923 congregationibus,
1150 1865 1458 1924 earumque
1523 1851 1700 1908 fossas
1759 1861 1818 1908 et
1885 1852 2106 1914 ﬂuvios,

520 1945 688 2014 plane
715 1943 1103 2016 intelligamus
1124 1944 1354 2015 quando
1383 1946 1502 2000 haec
1552 1945 1674 2000 ﬁeri
1701 1943 2016 2000 viderimus
2054 1944 2112 1999 in

515 2035 780 2110 Egypto,
811 2037 961 2108 quod
991 2035 1237 2094 Verbum
1279 2037 1378 2092 Dei
1409 2037 1758 2092 incarnatum
1786 2037 1970 2108 ipsum
1993 2045 2116 2093 erat

517 2128 672 2200 quod
733 2129 790 2183 in
833 2128 1111 2199 principio
1163 2139 1252 2184 est
1307 2128 1742 2184 architectatum
1797 2137 2112 2185 creaturam

517 2219 648 2276 caeli
676 2228 734 2273 et
776 2229 978 2274 teme:
1022 2219 1322 2292 ipsmnque
1350 2220 1406 2275 in
1431 2219 1673 2293 Egypto
1715 2231 1999 2276 versatum
2027 2229 2115 2277 est

517 2315 580 2369 in
608 2326 798 2378 carne,
846 2321 904 2368 et
961 2329 1089 2370 cum
1141 2329 1262 2370 eam
1323 2315 1560 2371 vidisset
1589 2316 1950 2372 tenebrosam
1991 2325 2050 2372 et
2079 2332 2111 2372 a

517 2407 764 2480 maligno
787 2407 1138 2472 suﬂ'ocatam,
1167 2409 1427 2464 clamavit
1451 2425 1518 2465 ex
1539 2418 1812 2481 potestate
1843 2416 2112 2480 tanquam

517 2500 688 2564 Deus,
717 2499 1476 2572 sicutaquismundanisita
1522 2501 1694 2557 etiam
1744 2500 2110 2574 Egyptiacis,

518 2592 715 2648 dicens
739 2601 876 2662 quot
901 2594 1086 2658 anuis,
1118 2603 1178 2649 et
1230 2609 1408 2665 usque
1453 2594 1522 2650 ad
1569 2595 2110 2652 consummationem

519 2692 648 2755 post
667 2683 774 2739 Nili
801 2699 1116 2749 ascensum,
1151 2695 1499 2758 congregetur
1528 2703 1670 2758 aqua
1705 2702 1827 2759 quis
1847 2697 1921 2741 est
1945 2701 2114 2758 supra

521 2777 712 2848 faciem
759 2779 1019 2835 universa:
1053 2789 1212 2834 terra:
1257 2777 1477 2852 [Egypti
1543 2780 1596 2835 in
1655 2779 2114 2852 congregationes

521 2882 672 2927 suas.
697 2872 947 2928 Rursus:
985 2883 1252 2944 appareat
1276 2881 1448 2940 terra,
1473 2883 1535 2930 ut
1565 2875 1660 2946 qui
1687 2863 1800 2946 jam
1828 2873 1963 2928 olim
1991 2871 2115 2944 qui-

521 2965 649 3020 dem
701 2965 936 3036 spiritus
961 2965 1174 3022 erroris
1205 2965 1511 3038 increparit
1535 2979 1593 3021 et
1617 2983 1716 3022 eos
1740 2966 1978 3039 Aigypto
2011 2983 2112 3022 ex-

520 3059 746 3129 pulerit,
773 3072 926 3112 nunc
949 3065 1135 3114 autem
1157 3059 1210 3113 in
1245 3069 1495 3130 tempore
1527 3059 1651 3130 ejus
1698 3073 1871 3130 aquas
1917 3059 2114 3115 fecerit

2222 561 2346 630 ejus
2375 561 2718 618 ineti'abilem
2755 561 3028 620 discimus
3058 564 3413 635 sapientiam.
3452 565 3608 622 Unde
3657 573 3820 622 stans

2225 653 2279 708 in
2312 657 2608 725 praesentia
2637 655 2692 712 in
2726 671 3000 728 aquarum
3039 659 3399 724 tractatione,
3439 667 3496 714 et
3544 658 3818 730 obstupe-

2222 765 2418 805 scens:
2445 767 2552 806 nec
2587 752 2760 809 malas
2782 753 3011 824 quidem
3053 769 3119 810 ac
3142 755 3452 810 metallicas
3473 769 3814 826 amarasque

2219 850 2277 896 et
2325 843 2711 902 abhorrendas
2731 863 2905 918 aquas
2929 863 3052 918 qua:
3075 849 3160 903 vel
3175 847 3245 903 ad
3265 863 3518 918 saporem
3540 853 3820 906 accedunt

2221 929 2536 1002 bituminis,
2569 937 2658 993 vel
2709 938 2858 1002 atris,
2886 939 2970 994 vel
3000 939 3241 1009 alicujus
3280 939 3492 996 mctalli
3540 939 3610 994 ad
3659 938 3816 1010 quod

2220 1042 2332 1081 non
2365 1037 2454 1083 est
2507 1031 2697 1084 sensui
2745 1045 3028 1095 accessus,
3073 1031 3245 1087 credo
3297 1031 3471 1086 factas
3508 1046 3631 1087 esse
3653 1043 3813 1086 extra

2221 1115 2318 1172 Dei
2351 1120 2707 1190 mysterium:
2735 1121 2832 1176 sed
2866 1122 3037 1178 credo
3070 1138 3166 1178 eas
3196 1133 3449 1192 spectare
3479 1123 3546 1176 ad
3574 1121 3815 1192 profun-

2215 1210 2349 1264 dum
2377 1211 2605 1282 aliquod
2635 1215 2974 1284 exemplum,
3004 1224 3063 1270 et
3093 1230 3195 1270 nos
3227 1215 3430 1272 docere
3462 1215 3611 1286 quod
3638 1225 3814 1270 totam

2217 1303 2448 1372 quidem
2481 1319 2705 1374 aquam,
2747 1321 2946 1376 nempe
2990 1321 3168 1377 genus
3208 1307 3538 1367 lmuianum,
3571 1306 3725 1362 Deus
3761 1305 3815 1361 in

2217 1395 2503 1466 principio
2541 1413 2709 1451 unam
2741 1399 2945 1453 bonam
2973 1413 3174 1470 aquam
3198 1399 3354 1464 fecit,
3382 1399 3552 1454 unius
3575 1409 3814 1461 naturae,

2218 1488 2384 1543 unius
2401 1491 2762 1567 operationis,
2789 1491 2957 1546 unius
2977 1492 3298 1562 potestatis,
3325 1491 3574 1548 similem
3586 1501 3644 1546 et
3671 1491 3817 1546 indi-

2216 1579 2480 1635 viduam:
2521 1582 2618 1637 sed
2687 1597 2812 1653 qua:
2845 1595 2932 1638 est
2967 1583 3022 1638 in
3052 1599 3182 1640 aere
3211 1585 3488 1655 Operatio,
3535 1598 3815 1653 terr-mque

2217 1669 2438 1727 diversa
2489 1682 2873 1746 temperatura
2925 1685 2984 1730 et
3013 1676 3272 1745 qualitas,
3323 1676 3412 1730 vel
3472 1674 3816 1746 salsuginem

2217 1765 2501 1830 redoleas,
2533 1767 2622 1821 vel
2655 1768 2984 1838 aeruginem,
3009 1768 3100 1822 vel
3149 1765 3390 1838 aliquem
3415 1767 3586 1822 alium
3622 1767 3818 1820 insua-

2221 1873 2346 1913 vem
2379 1873 2448 1914 ex
2473 1859 2718 1915 metallis
2769 1859 3026 1923 odorem,
3093 1875 3295 1930 aquam
3329 1866 3512 1914 mutat
3551 1858 3618 1913 ad
3652 1873 3815 1912 suam

2218 1951 2624 2022 proprietatem
2648 1970 2660 2006 :
2682 1951 2756 2007 ita
2794 1967 3012 2007 morum
3042 1967 3166 2022 qua-
3200 1959 3287 2007 est
3323 1952 3379 2006 in
3406 1951 3545 2006 locis
3572 1950 3815 2005 diversi-

2217 2052 2302 2100 tas
2356 2053 2530 2114 genus
2557 2043 2888 2108 humanum,
2937 2043 3088 2116 quod
3121 2049 3206 2100 est
3251 2060 3448 2108 unum,
3501 2044 3558 2099 in
3609 2044 3816 2098 multas

2217 2134 2398 2191 secuit
2459 2133 2788 2189 divisiones.
2843 2133 2976 2188 Mihi
3008 2143 3195 2188 autem
3233 2133 3484 2203 intelligo
3533 2147 3742 2201 aquam
3783 2145 3814 2184 a

2217 2227 2332 2284 Deo
2359 2236 2629 2292 creatam,
2676 2227 3015 2283 catholicam
3071 2225 3236 2282 fidem
3296 2225 3590 2288 veritatis,
3643 2239 3815 2294 quam

2200 2319 2364 2378 'Deus
2391 2319 2529 2376 fecit
2549 2319 2621 2374 ab
2648 2319 2834 2374 initio.
2857 2317 3008 2374 Mala:
3033 2329 3219 2374 autem
3251 2333 3444 2373 rursus
3471 2325 3604 2372 sunt
3629 2332 3810 2386 aqum,

2216 2413 2564 2484 impurarum
2597 2413 2874 2468 haeresum
2910 2411 3416 2482 diseiplinmzquas
3441 2426 3557 2472 aer,
3577 2411 3692 2466 hoc
3730 2417 3814 2465 est

2221 2497 2404 2561 malus
2433 2507 2699 2577 princeps
2728 2521 2876 2561 aeris
2901 2505 3182 2568 diabolus,
3227 2512 3286 2560 et
3337 2503 3674 2565 amaricans,
3719 2517 3813 2558 seu

2215 2600 2603 2656 adbituminis
2651 2599 2918 2654 ardorem
2953 2597 3230 2653 accedens
3263 2613 3361 2652 cor
3398 2597 3812 2668 terrigenarum

2215 2693 2508 2750 hominum
2537 2691 2688 2764 quod
2728 2691 2874 2763 sapit
2909 2691 3218 2754 terrestria,
3262 2690 3454 2760 genuit
3479 2699 3540 2744 et
3576 2687 3814 2744 c'onver-

2217 2785 2305 2850 tit,
2355 2792 2411 2839 ct
2450 2799 2518 2839 es
2570 2783 2719 2839 bona
2768 2782 2969 2837 malam
3018 2772 3158 2837 fecit
3214 2781 3378 2836 [idem
3414 2781 3810 2851 alteravitque.

2214 2875 2374 2943 Quod
2400 2867 2630 2946 quidem
2683 2873 2892 2929 factum
2942 2879 3030 2930 est
3085 2873 3256 2929 etiam
3291 2873 3348 2928 in
3396 2873 3559 2944 aquis
3613 2875 3810 2927 maris.

2215 2968 2365 3023 Deus
2395 2968 2545 3022 enim
2579 2967 2650 3021 ab
2683 2966 2846 3022 initio
2895 2966 3078 3038 ipsum
3132 2965 3264 3020 fecit
3290 2979 3489 3036 aquam
3545 2964 3774 3019 dulcem
3802 2981 3814 3016 :

2215 3069 2489 3116 mutatum
2515 3069 2602 3115 est
2627 3067 2814 3114 autem
2839 3051 3212 3130 tetnpore,'ab
3243 3071 3374 3112 aere
3427 3065 3484 3112 et
3517 3056 3813 3112 elementis

526 3159 866 3224 restagnare;
895 3163 954 3208 ut
979 3159 1036 3208 et
1061 3152 1188 3209 eiet
1216 3153 1380 3209 nobis
1419 3166 1642 3210 revocet
1671 3154 1724 3210 in
1783 3155 2110 3211 memoriam
2141 3176 2184 3233 η
2221 3155 2496 3210 eﬂectum
2529 3154 2738 3211 salsum
2769 3154 2972 3210 divina-
3002 3151 3394 3224 permissione,
3448 3149 3813 3221 pragiigurans

521 3246 670 3316 quod
726 3247 842 3316 ipse
878 3253 966 3302 est
1002 3247 1197 3303 mundi
1233 3247 1494 3304 conditor
1523 3249 1617 3319 qui
1659 3265 1782 3304 eam
1807 3249 2110 3304 atenebris

519 3348 573 3394 et
596 3354 787 3394 errore
836 3339 1122 3396 liberavit.
1167 3339 1302 3396 Nam
1333 3341 1378 3396 sl
1409 3341 1463 3395 in
1489 3340 1764 3411 sapientia
1811 3340 1944 3396 fecit
1974 3340 2113 3396 Ver-

519 3433 652 3486 hum
684 3433 804 3496 Dei,
828 3433 965 3488 nihil
999 3433 1131 3490 fecit
1167 3434 1556 3505 intempestive
1579 3439 1635 3490 et
1665 3450 1775 3489 non
1804 3431 1911 3488 nisi
1959 3442 2114 3489 certo

519 3541 690 3597 scopo
711 3525 816 3582 sibi
839 3524 1163 3598 proposito:
1191 3532 1266 3593 et,
1291 3528 1336 3582 si
1364 3529 1554 3582 omnia
1585 3535 1808 3599 potest,
1838 3543 1950 3585 nou
1992 3536 2114 3583 erat

521 3617 668 3673 Deus
705 3618 1081 3688 omnipotens,
1111 3619 1392 3690 impotens
1415 3617 1566 3674 sicut
1628 3619 1944 3673 universam
1997 3625 2113 3672 ter-

521 3707 638 3766 ram
679 3712 754 3768 ita
789 3711 958 3766 etiam
988 3711 1286 3784 {Egyptum
1319 3712 1647 3768 cmlcstihus
1683 3710 1960 3766 imbribus
1985 3709 2114 3764 irri-

517 3820 680 3876 gare:
735 3816 900 3874 quam
951 3805 1118 3859 etiam
1174 3794 1306 3859 fecit
1359 3803 1535 3876 magis
1577 3817 1882 3859 concavam
1943 3817 2110 3872 quam

519 3905 692 3955 totam
733 3900 938 3953 terram
986 3913 1111 3969 quze
1161 3892 1384 3955 eststh
1438 3899 1602 3960 caelo,
1647 3902 1714 3951 ut
1757 3897 1962 3952 docent
2015 3893 2113 3965 qui

520 3991 948 4062 descripserunt
985 3999 1263 4048 terrarum
1307 3986 1499 4045 mundi
1532 3989 1962 4060 descriptiones.
2003 3985 2112 4042 Sed

518 4099 590 4141 ne
636 4083 834 4150 rideat,
865 4101 990 4156 quae
1011 4085 1302 4148 dicuntur,
1343 4083 1844 4154 insipientissimus
1864 4081 2108 4138 auditor:

519 4177 713 4232 credat
742 4185 928 4232 autem
953 4177 1004 4232 ei
1029 4177 1121 4248 qui
1154 4176 1294 4232 dicit
1322 4173 1472 4246 quod
1498 4175 1637 4230 Deus
1691 4175 1874 4232 omnia
1904 4174 2027 4245 fecit
2055 4177 2112 4230 in

519 4271 811 4342 sapientia.
839 4269 1080 4326 Omnino
1118 4270 1267 4325 enim
1299 4269 1596 4344 nobiscum
1648 4269 1933 4334 fateberis,
1960 4267 2112 4341 quod

521 4362 592 4417 ad
624 4360 1060 4416 admonitionem
1089 4361 1312 4432 pietatis
1331 4371 1389 4416 et
1418 4360 1584 4418 fidem
1615 4360 1924 4418 faciendam
1945 4377 2113 4417 mun-

521 4451 578 4506 di
611 4451 934 4516 ereationis,
962 4451 1108 4508 Deus
1133 4453 1188 4507 in
1218 4451 1454 4524 )Egypto
1507 4453 1705 4509 statuit
1732 4452 1840 4509 hoc
1873 4453 2114 4508 miracu-

2216 3267 2281 3306 ac
2308 3251 2464 3322 prius
2519 3247 2849 3306 describens
2909 3247 3142 3304 humani
3195 3245 3366 3314 maris
3415 3244 3808 3310 mutationem,

2214 3343 2362 3414 quod
2391 3360 2457 3398 ex
2489 3343 2698 3398 virtute
2719 3355 2807 3400 est
2861 3352 3194 3397 conversum
3233 3340 3288 3394 in
3325 3339 3532 3394 salsum
3585 3337 3807 3398 vitium,

2215 3436 2364 3509 quod
2395 3436 2654 3492 Christus
2685 3433 2921 3490 mutavit
2956 3434 3014 3489 in
3074 3432 3277 3488 melius
3305 3446 3406 3502 per
3435 3445 3587 3511 mare
3621 3429 3809 3500 bapti-

2215 3531 2430 3588 smatis.

2287 3624 2359 3679 Et
2404 3625 2542 3678 dixit
2573 3622 2738 3688 Deus,
2763 3622 3040 3680 Germinet
3071 3629 3220 3676 terra
3247 3619 3468 3676 herbam
3501 3617 3613 3689 feni
3645 3615 3807 3672 semi-

2215 3735 2354 3773 nans
2394 3734 2571 3773 semen
2628 3717 2918 3771 secundum
2979 3732 3144 3788 genus
3183 3724 3233 3768 et
3280 3712 3706 3770 similitudinem.
3749 3710 3806 3765 ln

2215 3811 2304 3868 his
2331 3825 2554 3882 quoque
2579 3823 2777 3862 rursus
2803 3803 3032 3862 minime
3065 3819 3418 3876 consequens
3444 3811 3503 3858 et
3541 3801 3647 3856 sibi
3694 3814 3806 3854 non

2215 3904 2598 3967 consentiens,
2631 3903 2675 3959 si
2733 3903 2980 3958 litteram
3038 3908 3284 3972 spectes,
3351 3895 3576 3952 videtur
3633 3891 3806 3948 dictio

2216 3998 2538 4069 Scripturae.
2599 3997 2736 4053 Nam
2787 3995 3026 4068 loquens
3060 3994 3116 4048 in
3169 3991 3438 4048 feminino
3485 4002 3691 4060 genere
3740 3998 3806 4041 ex

2215 4093 2404 4164 regula
2434 4089 2948 4164 grammaticorum,
2986 4078 3154 4143 desiit
3195 4085 3248 4140 in
3281 4093 3564 4148 neutrum,
3595 4081 3802 4138 Genui-

2215 4195 2302 4240 net
2352 4184 2524 4246 enim.
2562 4183 2768 4252 inquit.
2818 4189 2963 4235 terra
2994 4179 3214 4235 herbam
3265 4178 3371 4248 feni
3419 4175 3716 4230 seminans.
3747 4171 3801 4228 Si

2214 4291 2349 4348 ergo
2391 4275 2459 4330 ad
2519 4273 2752 4328 herbam
2811 4273 3123 4328 deducatur
3177 4269 3546 4324 seminantem
3591 4279 3800 4329 semen,

2215 4377 2365 4425 recte
2408 4367 2614 4423 habet:
2657 4365 2743 4421 sin
2792 4373 2978 4420 autem
3005 4362 3073 4418 ad
3128 4361 3255 4432 ferri,
3293 4359 3449 4416 dicas
3479 4355 3798 4417 convenire,

2217 4463 2490 4517 seminans
2511 4475 2712 4514 semen.
2757 4456 3046 4528 Scriptura
3077 4454 3406 4524 relinquens
3426 4449 3572 4506 hanc
3601 4463 3798 4505 consc—

520 4547 639 4603 lum
683 4560 950 4602 ascensus
999 4559 1272 4617 aquarum
1297 4557 1355 4602 et
1399 4562 1592 4602 earum
1625 4547 1683 4602 in
1721 4561 1885 4602 suum
1927 4547 2112 4602 locum
2143 4527 2526 4624 D,quentiam,
2551 4547 2710 4612 dicit,
2737 4527 3024 4604 Seminans
3073 4561 3251 4599 semen
3287 4543 3580 4598 secundum
3615 4557 3796 4613 genus.

499 4635 884 4710 _reversionis.
909 4636 1200 4704 Quomodo
1228 4649 1424 4694 rursus
1478 4637 1538 4694 in
1593 4637 1850 4694 ﬁnitimis
1893 4639 1966 4716 iis
1992 4653 2116 4710 quae

523 4730 580 4786 in
613 4731 902 4801 Pentapoli
933 4728 1232 4787 Barbaries
1260 4731 1528 4786 dicuntur
1546 4730 1724 4804 Adyta
1749 4747 1921 4803 super
1942 4747 2116 4802 aquas

519 4823 704 4879 fertur
766 4831 915 4879 terra
963 4823 1305 4880 convincens
1369 4822 1690 4879 incredulos
1743 4822 1893 4894 quod
1946 4839 2116 4892 super

521 4932 698 4988 aquas
717 4932 887 4988 supra
931 4925 1192 4973 naturam
1218 4919 1366 4974 Deus
1411 4933 1636 4990 gravem
1675 4917 1970 4989 suspendit
2001 4925 2115 4974 ter-

521 5024 676 5064 ram:
705 5008 854 5081 quod
885 5009 1026 5080 lapis
1068 5025 1099 5064 a
1137 5017 1323 5066 monte
1355 5010 1642 5066 abscissus
1671 5011 1789 5081 ipse
1833 5010 2117 5082 angularis

520 5099 798 5167 Christus,
829 5109 976 5156 terra
1014 5103 1256 5173 genitam
1295 5110 1547 5158 nostram
1578 5101 1881 5159 essentiam
1933 5097 2114 5156 admi-

522 5193 775 5250 rabiliter
800 5195 1031 5252 extollet
1051 5207 1222 5267 snpra
1254 5205 1448 5266 aquas,
1479 5195 1746 5251 videlicet
1796 5211 1963 5266 supra
2002 5209 2115 5250 οωι

521 5289 627 5344 los.
669 5287 945 5344 Similiter
965 5287 1133 5344 etiam
1161 5288 1217 5343 in
1243 5287 1528 5344 montibus
1565 5281 1750 5358 Lyciae
1792 5286 1886 5358 qui
1917 5285 2116 5341 dicun-

525 5393 640 5445 tur,
675 5397 819 5451 aqua
848 5391 904 5436 et
937 5383 1080 5454 ignis
1101 5381 1268 5439 simul
1295 5389 1525 5443 coeunt,
1549 5395 1656 5435 nos
1687 5379 1957 5436 docentes
1975 5379 2118 5434 indi-

521 5473 744 5528 viduam
763 5473 970 5530 Christi
1003 5473 1313 5529 divinitatis
1340 5480 1399 5530 et
1433 5471 1800 5528 humanitatis
1825 5470 2116 5526 unionem.

523 5563 660 5622 Nam
694 5567 740 5623 si
781 5575 869 5622 est
893 5575 1090 5623 natura
1125 5567 1401 5640 sapientia
1432 5575 1491 5622 et
1519 5565 1684 5622 dator
1717 5564 2028 5637 sapientiae,
2059 5573 2120 5620 et

524 5665 576 5717 in
645 5659 920 5731 sapientia
983 5659 1169 5716 omnia
1203 5659 1338 5716 fecit
1383 5660 1530 5716 Deus
1579 5659 1752 5717 Filius
1812 5659 1934 5726 Dei,
1969 5659 2116 5716 sicut

591 5841 610 5869 ’
657 5842 847 5900 Matth.
872 5861 988 5911 xm,
1021 5846 1090 5912 5;
1128 5845 1261 5903 Luc.
1297 5863 1411 5912 vm,
1471 5849 1524 5903 Β.

2213 4645 2438 4702 videtur
2469 4649 2657 4697 autem
2691 4639 2826 4694 mihi
2869 4655 2992 4695 esse
3045 4638 3244 4693 harum
3292 4641 3481 4692 rerum
3527 4631 3801 4704 ejusmodi

2213 4735 2637 4807 consequentia,
2659 4742 2722 4788 ut
2749 4733 2920 4788 illud:
2951 4729 3217 4789 Cel'mt'net
3245 4729 3472 4800 quidem
3514 4735 3662 4782 terra
3691 4729 3806 4782 her.

2215 4831 2338 4886 bam
2387 4829 2496 4902 feni
2570 4827 2790 4882 dicatur
2839 4842 2868 4881 a
2923 4826 3038 4881 Deo
3095 4823 3165 4879 ad
3220 4823 3436 4878 animas
3486 4820 3800 4876 infertiles:

2216 4922 2355 4978 illud
2417 4928 2604 4976 autem
2653 4919 2981 4972 :seminans
3035 4933 3216 4971 semen
3275 4913 3570 4970 secundum
3606 4925 3801 4984 genus:

2215 5013 2385 5086 87o
2414 5011 2638 5066 videtur
2669 5009 2804 5064 mihi
2860 5008 3010 5079 quod
3059 5009 3208 5064 Deus
3249 5007 3407 5078 jubet
3453 5005 3628 5061 choro
3671 5018 3802 5076 apo-

2217 5104 2512 5158 stolorum.
2566 5095 2724 5158 Unde
2755 5109 2881 5172 post
2929 5100 3052 5171 ejus
3101 5097 3336 5162 exitum,
3375 5095 3477 5168 qui
3514 5105 3602 5152 est
3650 5111 3680 5149 a
3707 5095 3804 5150 Pa-

2216 5207 2300 5254 tre
2361 5193 2772 5266 inscparabilis,
2834 5191 3061 5249 dicebat
3107 5190 3176 5247 de
3229 5191 3457 5262 seipso,
3503 5187 3665 5266 ‘Exiit
3719 5203 3800 5258 qui

2213 5293 2468 5356 seminat,
2514 5289 2616 5354 ad.
2646 5286 3025 5342 seminandum
3086 5302 3265 5340 semen
3293 5279 3337 5351 ’,
3400 5281 3584 5348 verbi,
3608 5297 3803 5338 secun-

2215 5382 2348 5438 dum
2401 5390 2647 5454 gentem,
2688 5387 2749 5435 et
2782 5377 3092 5434 secundum
3130 5376 3414 5448 regionem
3468 5375 3526 5430 in
3581 5375 3799 5429 univcr-

2216 5491 2275 5532 sa
2303 5483 2450 5530 terra
2487 5488 2610 5545 qua:
2640 5472 2795 5544 prius
2845 5470 3154 5527 vocabatur
3183 5469 3378 5524 arida:
3432 5483 3604 5538 super
3641 5477 3797 5538 quam

2216 5566 2546 5630 descendit,
2601 5573 2864 5636 tanquam
2937 5563 3128 5634 pluvia
3191 5575 3362 5633 super
3421 5559 3622 5622 vellus,
3671 5555 3800 5611 Ver-

2219 5661 2352 5716 bum
2412 5661 2511 5717 Dei
2564 5674 2688 5716 eam
2757 5655 3044 5712 seminans
3113 5662 3172 5710 et
3219 5653 3468 5711 dicens:
3537 5649 3798 5709 Cerminet
