4098 6422
409 367 521 436 889

1510 380 1592 442 ΙΝ
1633 375 2187 448 HEXAEMERON-
2219 411 2288 422 ·-
2310 381 2458 448 Ll-B.
2501 378 2600 449 IV.

3588 389 3702 460 890

404 496 555 540 terra
583 479 815 542 humani
837 489 1046 549 cordis.
1082 493 1146 545 ut
1168 503 1293 559 qua:
1320 504 1434 546 non
1455 504 1608 549 esset
1653 496 1810 565 prius
1838 497 1996 552 arida
2025 504 2070 558 A
2101 502 2323 572 (nempe
2355 500 2502 554 bona
2531 504 2702 568 terra)
2729 497 2968 570 primum
3011 499 3239 570 quidem
3287 499 3515 557 herbam
3555 501 3692 568 icni.

412 593 471 632 in
503 579 677 649 priori
729 579 1114 641 infertilitate:
1181 585 1278 641 sed
1321 586 1598 662 germinet
1643 587 1912 660 deinceps
1939 598 1997 645 et

406 672 611 730 ﬂoreat
677 683 943 746 tanquam
989 677 1191 742 lilium,
1236 687 1299 733 ut
1347 695 1462 734 non
1510 681 1750 736 suﬁ'ocet
1803 698 1996 737 semen

407 765 713 821 multitudo
779 769 1088 836 spinarum.
1151 770 1528 827 Recesserunt
1579 774 1822 828 tenebra:
1872 789 1996 844 quae

408 859 756 928 prius~erant
807 876 978 930 super
1003 878 1123 917 eam
1163 880 1361 934 :aqua'
1391 875 1522 920 sunt
1561 869 1995 938 congregatzein

411 967 546 1005 snas
568 953 1030 1022 congregationes
1067 973 1082 1008 :
1110 955 1314 1012 ﬂuvius
1344 955 1501 1013 verbi
1522 960 1616 1014 Dei
1639 961 1900 1030 impletus
1915 971 2000 1017 est

407 1044 572 1112 aquis
603 1044 841 1114 irrigans
869 1046 1020 1101 hunc
1049 1049 1368 1118 paradisum
1417 1049 1698 1106 Ecclesiae.
1735 1049 2000 1108 Fluminis

409 1136 642 1200 impetus
669 1133 906 1203 lmti/icat
930 1138 1198 1192 civitatem
1233 1138 1332 1192 Dei
1365 1141 1405 1204 ⁸,
1449 1155 1746 1210 supernam
1777 1144 2002 1201 Jerusa-

411 1227 554 1281 lem:
589 1225 831 1280 Plurium
855 1226 1221 1283 voluntariam
1257 1233 1554 1300 segregavit
1607 1231 1742 1286 Deus
1777 1234 2002 1289 liceretli-

414 1323 520 1376 ιαΞί
543 1335 652 1376 suae
679 1319 739 1386 ‘;
769 1337 964 1392 nempe
987 1323 1270 1392 gentium:
1336 1325 1684 1394 praesentiam
1735 1326 1998 1397 Spiritus,

409 1427 527 1480 quo
558 1413 742 1466 sulcos
809 1427 941 1466 suos
997 1401 1258 1478 inébriat,
1306 1423 1364 1470 et
1408 1416 1740 1486 multiplicat
1787 1417 2002 1474 fructus

409 1519 548 1556 suos
581 1502 633 1555 in
664 1502 888 1572 triginta
950 1513 1008 1557 et
1059 1506 1341 1576 sexaginta
1371 1515 1428 1562 et
1473 1519 1732 1563 centum.
1782 1509 1851 1564 Et
1889 1520 2002 1566 tor-

410 1604 567 1647 rente
606 1593 894 1664 roluptatis
930 1599 1134 1668 potabis
1180 1613 1286 1661 eos,
1323 1601 1578 1668 quoniam
1627 1601 1776 1671 apud
1827 1603 2002 1671 ipsum

410 1693 494 1740 est
527 1686 642 1756 fons
668 1688 789 1740 vita:
827 1688 887 1751 ';
933 1688 1003 1742 de
1051 1696 1254 1743 caetero
1302 1690 1384 1743 sic
1415 1707 1564 1745 nunc
1597 1692 1825 1762 irrigata
1881 1709 2004 1763 qua:

407 1777 573 1848 prius
599 1786 720 1832 erat
783 1777 961 1840 arida,
1005 1780 1282 1847 germinet
1312 1789 1372 1834 ut
1409 1791 1556 1836 terra
1611 1783 1731 1846 Dei,
1770 1783 2002 1838 herbam

2101 605 2300 660 nempe
2329 589 2727 658 simpliciorem
2750 597 2808 644 et
2832 587 3132 644 delicatum
3148 582 3316 644 Verbi
3342 589 3581 646 fructum
3595 594 3694 663 qui

2099 683 2364 738 convenit
2410 679 2659 737 Iudaicis
2708 689 2766 736 et
2805 679 3038 735 rationis
3087 679 3272 734 minus
3320 681 3691 751 participibus

2098 773 2304 828 Christi
2333 773 2515 843 gregis
2539 771 2743 826 animis
2758 771 2823 826 ad
2849 771 3037 826 cibum
3063 771 3462 826 infantioribus
3476 781 3533 827 et
3551 773 3697 829 lacte

2099 865 2396 936 egentibus
2423 881 2435 917 :
2465 864 2558 918 Est
2577 864 2725 919 enim
2745 863 3136 934 pcrfectorum;
3163 877 3363 932 nempe
3387 873 3579 917 noster
3599 863 3696 933 qui

2101 975 2294 1014 sumus
2322 958 2545 1012 ﬁdeles:
2584 957 2728 1012 cibus
2750 957 2972 1020 solidus,
3008 971 3174 1026 quem
3207 964 3430 1026 portant
3460 955 3694 1026 perfecti

2101 1051 2170 1106 de
2197 1050 2404 1120 quibus
2431 1051 2642 1104 dictum
2671 1058 2790 1104 est:
2837 1049 3115 1105 Germinet
3145 1055 3302 1102 terra:
3329 1049 3553 1102 herbam
3583 1048 3694 1117 feni

2101 1153 2150 1197 et
2181 1143 2380 1214 lignum
2403 1143 2736 1214 fructiferum
2763 1142 2961 1214 faciens
2989 1142 3244 1212 fructum,
3290 1142 3452 1212 cujus
3500 1155 3692 1196 semen

2103 1237 2224 1307 ejus
2249 1236 2304 1289 in
2331 1237 2470 1305 ipso.
2503 1235 2638 1289 Nam
2673 1250 2894 1304 semper
2913 1233 3226 1304 geminans.
3261 1244 3318 1288 et
3340 1233 3433 1303 qui
3463 1233 3693 1288 minimc

2105 1328 2298 1382 interit
2343 1344 2408 1383 ac
2472 1326 2896 1396 corrumpitur,
2967 1335 3054 1382 est
3108 1327 3328 1380 fructus
3375 1325 3684 1394 Evangelii.

2104 1420 2338 1492 Lignum
2370 1418 2740 1482 fructiferum,
2765 1418 3029 1488 quoniam
3063 1420 3234 1472 omnis
3267 1418 3424 1472 arbor
3444 1434 3563 1487 qua:
3585 1433 3691 1472 non

2104 1512 2232 1582 facit
2257 1511 2488 1580 fructum
2509 1511 2702 1564 bonum
2716 1497 3042 1562 exscinditur
3055 1518 3105 1561 et
3127 1509 3182 1560 in
3205 1509 3381 1578 ignem
3401 1509 3630 1561 mittitur
3645 1509 3687 1561 ’.

2104 1603 2342 1674 Lignum
2399 1602 2748 1656 fructiferum
2800 1601 3014 1655 habens
3051 1599 3268 1655 fructus
3315 1600 3582 1670 spiritus,
3632 1609 3694 1654 ut

2104 1712 2300 1754 eorum
2336 1697 2430 1766 qui
2457 1711 2606 1751 nunc
2645 1695 2868 1750 dicunt:
2906 1695 3016 1766 Ego
3054 1703 3236 1748 autem
3287 1703 3546 1764 tanquam
3587 1693 3692 1748 oli-

2106 1808 2172 1846 ea
2199 1789 2478 1860 fructifera
2508 1789 2564 1842 in
2597 1787 2753 1842 domo
2787 1788 2885 1842 Dei
2907 1790 2972 1842 ¹⁰.
3010 1787 3168 1844 Unde
3195 1786 3290 1857 qui
3326 1797 3458 1841 sunt
3488 1787 3695 1842 illumi-

407 1872 526 1926 l‘eni
546 1871 810 1942 gentibus
833 1873 1298 1942 quaepriuserant
1315 1884 1574 1944 expertes
1599 1875 2005 1944 rationis.Quo-
2040 1854 2078 1909 Β
2109 1884 2246 1950 nati,
2278 1889 2411 1938 sunt
2438 1882 2494 1936 in
2524 1881 2692 1936 domo
2732 1881 2827 1936 Dei
2855 1881 2914 1935 in
2944 1881 3100 1936 atriis
3139 1879 3236 1934 Dei
3282 1879 3457 1934 nostri
3483 1878 3692 1933 ﬂoren-

407 1966 564 2021 niam
605 1966 695 2020 bos
719 1976 925 2029 arator,
969 1966 1210 2036 populus
1253 1967 1349 2036 qui
1383 1968 1541 2036 prius
1593 1977 1716 2023 erat
1746 1980 2004 2025 assuetus

406 2059 739 2120 sacrificiis;
773 2056 1012 2129 cognovit
1043 2075 1163 2114 eum
1186 2061 1276 2131 qui
1320 2061 1547 2130 possedit
1570 2062 1766 2132 ipsum,
1820 2078 2002 2133 popu-

405 2147 527 2206 lum
587 2152 954 2221 peculiarem.
1003 2150 1148 2207 Deus
1200 2153 1351 2208 enim
1389 2154 1558 2224 elegit
1610 2170 1739 2208 cum
1785 2154 1893 2210 sibi
1945 2155 2002 2210 in

405 2241 839 2300 ha‘reditatem:
875 2241 946 2300 Et
971 2245 1156 2300 asinus
1193 2247 1427 2316 agrestis
1450 2248 1688 2318 populus
1709 2229 2000 2304 idololatra

404 2338 654 2408 cognorit
689 2352 922 2407 prwsepe
948 2335 1164 2392 Domini
1189 2337 1333 2401 sui“,
1378 2337 1660 2393 Bethleem
1686 2339 2004 2396 ludamlllic

403 2430 562 2483 enim
603 2444 730 2484 eum
768 2429 1019 2484 adoravit
1045 2445 1144 2498 per
1183 2429 1422 2500 Magieas
1459 2431 1759 2498 primitias.
1791 2433 2003 2499 Quam-

413 2519 612 2574 obretn
646 2522 909 2591 germinet
951 2529 1096 2574 terra
1132 2521 1350 2576 herbam
1391 2524 1518 2590 feni.
1565 2523 1625 2579 In
1658 2524 1815 2578 Eden
1849 2525 2001 2579 enim

421 2609 536 2665 loco
567 2629 776 2682 pascua:
811 2611 1080 2682 paradisi,
1109 2613 1181 2667 ibi
1241 2629 1337 2668 nos
1381 2613 1695 2669 collocavit:
1726 2615 1793 2670 Et
1840 2631 2005 2686 super

418 2721 612 2775 aquam
635 2706 824 2774 quietis
847 2705 1088 2758 educavit
1115 2714 1162 2758 et
1185 2706 1438 2758 convertit
1475 2705 1516 2770 ⁷,
1544 2707 1748 2760 amotis
1770 2707 1839 2761 ab
1859 2717 2004 2777 aqua

413 2799 702 2854 veteribus
731 2798 1002 2860 tenebris,
1028 2807 1085 2852 et
1119 2798 1324 2868 quietis
1352 2813 1495 2867 aqua
1553 2797 1696 2853 facta
1735 2813 1877 2869 aqua
1907 2801 2005 2854 ba-

407 2892 718 2962 ptismatis,
753 2890 808 2944 in
834 2907 946 2962 quo
976 2890 1293 2960 depositum
1350 2899 1435 2944 est
1475 2907 1618 2945 onus
1648 2902 2000 2962 peccatorum

406 2985 787 3056 praesentibus
841 2992 898 3040 et
949 2983 1413 3048 redumlautibus,
1460 2991 1517 3038 et
1555 2983 1784 3038 ﬂuvium
1836 2999 2002 3040 manu

409 3076 759 3132 unanimiter
817 3075 1140 3130 tenentibus
1194 3075 1492 3144 gentibus,
1548 3085 1604 3130 ct
1647 3075 1998 3132 dieentibus:

410 3165 772 3220 Exsultemus
818 3173 1050 3235 propter
1103 3163 1344 3218 salutare
1399 3171 1678 3226 nostrum,
1720 3181 1824 3219 nos
1851 3165 2000 3220 enim

410 3259 603 3316 induit
637 3258 972 3313 vestimento
1001 3257 1262 3312 salutaris
1290 3256 1663 3326 baptismatis,
1696 3268 1754 3312 et
1782 3259 2005 3314 ornavit

410 3359 682 3422 tanquam
726 3351 1064 3407 vestimento
1112 3349 1308 3404 salutis
1351 3358 1408 3404 et
1459 3350 1921 3420 incorruptionis,
1947 3359 2004 3404 et

411 3443 669 3498 fontibus
701 3441 1119 3512 Scripturarum
1157 3441 1598 3496 scaturientibus
1629 3450 1686 3495 et
1727 3441 1780 3494 in
1812 3441 2005 3496 Eccle-

411 3533 498 3594 s'ia
519 3538 691 3592 Deum
715 3536 1177 3592 benedicentibus
1209 3544 1266 3591 et
1294 3536 1590 3590 Dominum
1617 3535 1806 3591 Jesum
1841 3535 2000 3591 Chri-

413 3641 598 3686 stum:
652 3631 760 3685 hoc
815 3639 900 3685 est
948 3629 1231 3701 gentibus,
1282 3645 1351 3684 ex
1389 3627 1638 3684 fontibus
1681 3627 2004 3698 apostolicis

411 3722 608 3778 Israel.
643 3722 803 3777 llliuc
820 3721 1066 3776 enimest
1091 3737 1268 3792 genus
1294 3720 1502 3790 ipsius:
1533 3721 1602 3775 Et
1635 3735 1803 3790 super
1843 3735 2006 3773 mon-

413 3826 504 3872 tes
546 3814 920 3870 Ecclesiarum
946 3813 1226 3868 stantibus
1253 3813 1416 3883 aquis
1447 3813 1782 3883 populorum
1818 3810 2006 3881 bapti-

413 3919 668 3964 zatorum
713 3908 987 3979 germinet
1035 3915 1183 3962 terra
1248 3907 1531 3978 gentium,
1583 3921 1747 3976 quam
1805 3905 2006 3976 procul

411 4000 715 4056 annuntiat
747 4001 978 4056 dicens:
1010 3999 1216 4055 Veritas
1241 3999 1305 4053 de
1333 4009 1477 4053 terra
1501 4007 1618 4053 orta
1659 4007 1756 4061 est,
1787 4007 1836 4052 et
1861 4007 2007 4052 terra

410 4102 602 4148 nostra
631 4092 778 4146 dabit
799 4091 1028 4162 fructum
1081 4107 1238 4146 suum
1271 4091 1314 4143 ⁸.
1364 4088 1637 4156 Quoniam
1685 4089 1828 4144 bene
1853 4104 2004 4144 com-

407 4188 628 4260 placuit
649 4187 770 4249 tibi,
794 4187 1050 4251 Domine,
1069 4194 1221 4240 terra
1241 4193 1355 4251 tua,
1382 4201 1506 4256 qua:
1522 4183 1699 4241 audiit
1714 4192 1771 4239 et
1791 4183 2004 4238 obediit

405 4281 463 4336 ei
489 4279 586 4350 qui
622 4280 796 4350 ipsam
825 4279 1105 4336 convertit
1131 4285 1190 4334 et
1227 4278 1401 4333 dixit:
1437 4277 1710 4334 Germinet
1750 4275 1999 4332 Ecclesia

485 4430 674 4486 'Psal.
721 4448 842 4494 xtv,
874 4431 928 4485 5.
1003 4429 1190 4486 ‘Psal.
1241 4445 1406 4494 van,
1449 4428 1538 4484 10.
1611 4427 1634 4460 ⁸
1683 4429 1826 4484 Psal.
1860 4443 2024 4489 xxxv.
2062 4427 2116 4482 9.
2191 4427 2212 4456 "
2253 4427 2421 4490 lsa.i,
2452 4427 2504 4480 5.

406 4503 431 4535 ⁸
469 4503 670 4558 Matth.
729 4519 812 4568 Ill,
853 4501 941 4558 10.
1021 4503 1066 4534 ¹⁰
1104 4502 1249 4558 Psal.
1281 4517 1353 4567 LI,
1390 4500 1476 4556 10.
1551 4499 1594 4530 ¹⁸
1624 4497 1768 4554 Psal.
1804 4515 1914 4566 XCI,
1955 4499 2038 4554 15.

2109 1987 2211 2039 tes,
2265 1975 2528 2046 quoniam
2567 1974 2746 2046 justus
2805 1983 3066 2044 tanquam
3120 1971 3304 2043 palma
3359 1971 3567 2043 ﬂorebit
3625 1972 3691 2035 η,

2106 2068 2244 2125 alios
2265 2084 2487 2140 quoque
2513 2067 2728 2122 fructus
2758 2065 2988 2121 seminis
3030 2065 3378 2134 impertiens.
3428 2071 3490 2118 ut
3527 2075 3714 2118 mun-'

2105 2160 2210 2216 dus
2233 2159 2402 2215 corde
2430 2167 2488 2214 et
2517 2167 2778 2228 tanquam
2805 2156 3008 2212 cedrus
3040 2170 3166 2225 quae
3198 2154 3252 2208 in
3289 2153 3523 2217 Libano,
3549 2153 3695 2208 mul-

2105 2254 2364 2325 tiplicans
2389 2261 2446 2308 et
2480 2250 2800 2306 laetiﬁcans:
2839 2249 3109 2320 quoniam
3161 2247 3504 2302 laetabuntur
3542 2247 3694 2317 ejus-

2104 2343 2255 2398 modi
2282 2343 2433 2414 ligna
2458 2339 2678 2398 Domini
2709 2356 2836 2394 cum
2867 2339 3051 2395 cedris
3097 2338 3194 2394 alti
3235 2337 3455 2401 Libani,
3491 2352 3692 2406 nempe

2105 2433 2429 2490 C(Blestibus
2455 2431 2827 2502 potestatibus
2851 2446 2992 2500 quas
3033 2429 3303 2484 Dominus
3339 2428 3608 2499 plantavit
3636 2436 3694 2482 et

2103 2543 2214 2580 non
2245 2525 2434 2579 homo.
2496 2523 2578 2577 Tu
2637 2530 2824 2576 autem
2878 2521 3106 2590 quando
3153 2519 3314 2574 audis
3369 2517 3519 2589 quod
3568 2525 3696 2588 post

2105 2615 2416 2686 simplicius
2455 2622 2512 2668 et
2533 2613 2839 2668 delicatum
2865 2611 3310 2665 contrimentum
3334 2609 3526 2664 herba:
3551 2610 3694 2665 Ver-

2108 2707 2187 2768 bi.
2218 2721 2388 2775 quam
2441 2713 2504 2758 ut
2536 2703 2803 2759 convenit
2843 2703 3037 2774 jussus
3085 2713 3173 2757 est
3222 2701 3433 2766 colere,
3491 2699 3695 2756 deinde

2104 2798 2272 2853 etiam
2298 2795 2532 2867 jubetur
2591 2793 2778 2848 colere
2829 2793 3036 2864 lignum
3087 2792 3434 2863 fructiferum
3491 2791 3695 2862 faciens

2105 2889 2359 2959 fructum,
2395 2889 2555 2960 cujus
2575 2903 2764 2943 semen
2783 2888 2837 2942 in
2856 2886 3032 2942 forma
3045 2889 3202 2958 jussa
3237 2885 3533 2958 germinat,
3554 2887 3694 2942 nihil

2110 2982 2260 3036 aliud
2290 2982 2572 3053 intelliges
2605 2997 2772 3052 quam
2807 2982 3124 3052 passionem
3157 2981 3364 3045 crucis,
3399 2981 3695 3036 Mosaican:

2107 3075 2458 3146 prophetiam
2489 3073 2652 3128 nobis
2673 3088 2988 3144 proponere
3004 3074 3071 3127 ad
3100 3071 3457 3128 imitandum.
3484 3073 3698 3129 Etideo

2033 3201 2075 3258 ρ
2107 3166 2527 3222 dicitEcclcsise
2555 3175 2615 3221 ut
2643 3166 2906 3237 germinet
2929 3165 3132 3238 lignum
3155 3165 3361 3232 crucis,
3405 3165 3500 3221 sed
3533 3165 3700 3221 nobis

2107 3251 2478 3326 solis'fertile,
2521 3259 2730 3315 Judaeis
2761 3267 2948 3314 autem
3007 3257 3334 3314 scandalum
3386 3266 3444 3312 et
3505 3259 3695 3314 incre-

2105 3353 2252 3408 dulis
2279 3352 2570 3407 stultitiam
2597 3369 2610 3406 :
2642 3352 2856 3407 faciens
2875 3361 3066 3406 autem
3083 3351 3328 3406 fructum
3360 3361 3419 3406 et
3463 3363 3694 3420 aspectu

2106 3441 2400 3513 pulchrum
2438 3450 2496 3496 et
2529 3441 2740 3496 bonum
2783 3442 2852 3496 ad
2903 3441 3268 3508 vescendum,
3301 3457 3502 3512 nempe
3535 3440 3699 3496 Chri-

2108 3545 2254 3589 stum
2299 3535 2651 3595 crueitixnm.
2685 3551 2850 3604 quem
2883 3534 3204 3606 colligimus
3243 3534 3584 3604 accipientes
3627 3548 3698 3594 ex

2107 3639 2266 3700 parte
2299 3629 2435 3700 justi
2455 3629 2726 3690 ‘latronis,
2777 3627 3185 3698 blasphemiam
3216 3638 3402 3682 autem
3430 3627 3698 3698 dejicien-

2109 3729 2212 3781 tes.
2244 3730 2301 3776 et
2330 3721 2434 3791 ipsi
2464 3735 2690 3776 crucem
2715 3719 3085 3777 ascendentes
3111 3728 3173 3774 ut
3193 3719 3460 3790 utrinque
3484 3717 3697 3774 Christi

2104 3810 2363 3867 eamdem
2419 3809 2794 3880 prmdicemus
2846 3806 3183 3878 theologiam
3221 3805 3278 3860 in
3320 3813 3574 3874 tempore
3607 3802 3696 3857 ef-

2107 3901 2240 3959 fecti
2275 3900 2640 3956 immortales.
2671 3899 2849 3971 Cujus
2901 3899 3120 3955 fructus
3149 3912 3340 3952 semen
3378 3905 3465 3950 est
3507 3895 3692 3950 Evan-

2105 3995 2281 4067 gelica
2295 3991 2616 4064 praedicatio
2644 3989 2789 4046 facta
2822 3989 3026 4060 exipso
3058 3987 3267 4054 fructu,
3299 3997 3357 4043 et
3381 3987 3694 4059 procedens

2111 4089 2176 4143 in.
2205 4095 2409 4142 terram
2464 4083 2696 4138 dilatata
2746 4091 2804 4138 et
2833 4083 3084 4154 dispersa
3132 4081 3359 4152 quando
3410 4078 3696 4135 mandavit

2111 4177 2436 4248 discipulis:
2466 4173 2544 4228 Ite
2574 4181 2624 4226 et
2644 4173 2932 4244 prwdicate
2983 4169 3338 4243 Evangelium
3371 4170 3518 4223 omni
3545 4183 3695 4222 crea-

2111 4281 2280 4328 turaz:
2309 4269 2412 4341 ipsi
2445 4267 2621 4341 gloria
2655 4269 2715 4323 in
2738 4267 2940 4323 saecula
2961 4265 3314 4322 seculorum.
3347 4263 3545 4318 Amen.

2452 4425 2504 4480 5.
2583 4421 2776 4476 'Psal.
2836 4420 3050 4486 xxn,5.
3113 4415 3718 4483 'Psal.txxvlv,i‘2,i5.

1541 4780 1898 4870 LIBER
1983 4779 2591 4885 QUARTUS.

1618 4992 1702 5035 ne
1742 4991 2000 5046 ousn'ro
2034 4990 2142 5032 me
2173 4963 2574 5034 cannnouis.

487 5285 559 5341 Et
575 5285 708 5340 dixit
728 5285 868 5342 Deus
891 5302 909 5342 :
929 5284 1088 5342 Fiant
1120 5285 1416 5343 luminaria
1449 5285 1504 5342 in
1528 5285 1872 5356 ﬁrmamento
1889 5288 2008 5344 caeli
2038 5286 2086 5344 D
2111 5298 2182 5339 ex
2209 5283 2394 5341 littera
2423 5282 2744 5346 historiam,
2786 5281 3156 5354 Spiritualiter
3191 5278 3516 5350 corporales
3541 5293 3699 5335 crea-

409 5379 490 5434 ad
539 5379 997 5436 illuminationem
1053 5398 1215 5453 super
1265 5391 1490 5447 terram,
1539 5361 2011 5454 adlseparandum

409 5471 558 5526 inter
572 5472 712 5527 diem
755 5481 805 5528 et
835 5475 975 5531 inter
1008 5482 1232 5529 noctem.
1255 5473 1497 5546 Equum
1543 5490 1666 5531 esse
1725 5475 2007 5538 existimo,

409 5563 695 5635 valdeque
746 5566 1195 5636 amplectendam
1243 5577 1301 5624 et
1357 5567 1491 5623 utile
1529 5583 1630 5638 per
1681 5567 2000 5623 universam

411 5664 672 5712 nostram
697 5674 794 5714 sex
817 5659 1038 5714 dierum
1067 5659 1496 5730 expositionem.
1519 5659 1823 5716 admonere
1851 5661 2011 5716 andi-

415 5753 576 5802 tores
605 5749 890 5818 quodnon
909 5749 1284 5806 dissolventes
1334 5751 1430 5806 Dei
1457 5766 1690 5820 operum
1745 5763 1868 5822 qua:
1923 5761 2010 5806 est

2115 5387 2267 5434 turas
2288 5378 2620 5449 exponimus
2639 5393 2740 5448 per
2762 5375 3087 5447 allegoriam
3115 5391 3128 5428 :
3156 5389 3338 5445 neque
3381 5382 3701 5431 avertentes

2111 5473 2336 5528 Patrum
2398 5471 2802 5544 expositiones,
2841 5469 2939 5524 sed
2983 5468 3282 5524 audientes
3327 5467 3482 5523 orbis
3543 5478 3703 5524 terra:

2113 5563 2386 5618 luminare
2436 5571 2494 5618 et
2545 5561 2913 5618 clarissimam
2952 5559 3533 5616 Ecclesizeluccrnam
3557 5557 3702 5613 Pau-

2112 5659 2229 5713 lum
2289 5656 2568 5712 dicentem
2622 5655 2771 5726 quod
2836 5664 2999 5710 vetus
3027 5653 3319 5725 Scriptura
3367 5661 3424 5710 ct
3475 5653 3565 5708 lex
3613 5663 3698 5706 est

2114 5749 2310 5804 umbra
2346 5748 2601 5805 veritatis
2628 5765 2816 5805 rerum
2831 5747 3109 5805 Christiet
3140 5747 3404 5804 Ecclesia:
3428 5763 3442 5802 :
3471 5753 3527 5802 et
3551 5744 3699 5816 quod
