4098 6422
412 783 427 808 ’τ

419 813 428 860 i

462 315 568 382 891

1676 337 1736 396 s.
1777 338 2176 400 ANASTASII
2217 329 2544 402 SlNAITAi

3605 347 3724 413 επ

451 427 646 481 omnia
671 433 906 496 propter
933 427 1223 492 Christum
1241 443 1299 491 et
1329 436 1384 490 in
1427 436 1710 495 Christum
1755 443 2040 499 tendentia
2071 449 2114 506 A
2143 447 2325 503 adhuc
2357 449 2646 520 agebatur,
2677 447 3002 528 priusquam
3029 449 3382 508 illucesceret
3411 448 3712 510 multitudo

453 517 597 571 facta
627 523 778 581 sunt,
813 525 922 570 tam
970 536 1093 590 qua:
1145 533 1277 578 sunt
1313 525 1366 580 in
1405 529 1562 584 caelis
1619 547 1782 600 quam
1831 549 1953 602 quae
1982 535 2036 588 in

453 596 622 666 terra.
681 609 749 664 Et
795 611 922 667 ideo
963 615 1310 673 excutientes
1366 621 1576 688 spicam
1622 623 1926 694 Scriptura:
1968 627 2038 681 ab

452 705 798 759 extrinsecus
853 706 1120 776 imposito
1177 713 1445 779 operculo
1504 714 1706 770 litteras
1760 717 2035 782 Mosaicae.

454 795 691 865 primam
709 795 1007 862 rationem,
1040 815 1297 870 granum,
1333 801 1582 874 inquam,
1617 807 1764 877 quod
1791 817 1878 864 est
1907 810 2039 864 abs-

418 887 681 964 jconsum
715 887 864 943 intra
893 889 1258 958 frumentum,
1295 911 1496 967 nempe
1529 887 1825 955 Christum
1856 901 2042 973 inqui-

455 972 659 1036 rimus,
675 975 784 1029 Res
803 991 998 1031 omnes
1020 978 1451 1050 prtefigurabant
1513 984 1799 1043 Christum
1836 999 1892 1045 et
1918 972 2040 1062 ejus

456 1064 790 1122 Ecclesiam:
835 1069 1032 1135 Moses,
1067 1071 1315 1140 inquam,
1361 1084 1418 1130 et
1447 1071 1672 1135 Tabulze
1727 1078 1950 1151 priores
1983 1091 2040 1139 et

456 1159 736 1225 secundze,
770 1170 826 1216 et
884 1162 1324 1229 tabernaculum,
1360 1177 1418 1222 et
1444 1183 1626 1237 mons,
1660 1183 1717 1228 et
1751 1175 1951 1240 rubus,
1985 1185 2042 1230 et

459 1249 620 1318 ignis,
652 1257 707 1304 et
765 1267 988 1317 manna,
1045 1262 1100 1309 et
1151 1272 1312 1322 urna,
1365 1269 1421 1314 et
1475 1277 1627 1329 arca,
1663 1273 1720 1320 et
1751 1282 1949 1337 agnus,
1985 1277 2042 1323 ct

457 1343 748 1408 columbrc,
784 1353 841 1399 et
872 1356 1138 1414 turtures,
1192 1361 1248 1406 et
1279 1355 1576 1421 sacrificia,
1615 1367 1672 1414 et
1709 1356 1954 1432 sanguis,
1986 1372 2043 1418 et

457 1435 723 1504 aspersio,
776 1446 831 1491 et
870 1441 1206 1509 sacerdotes,
1241 1456 1296 1500 ct
1348 1449 1825 1518 propitiatorium,
1855 1453 2042 1508 etduo

458 1527 579 1581 vela
625 1539 680 1582 et
715 1541 890 1598 petra,
928 1541 984 1586 et
1014 1533 1187 1606 virga,
1213 1547 1268 1595 ct
1295 1539 1612 1610 hysSOpum,
1647 1555 1705 1599 et
1729 1548 2040 1612 coccinum,

457 1626 538 1680 et,
584 1628 644 1672 ut
679 1621 847 1674 semel
879 1622 1079 1691 dicam,
1130 1641 1220 1680 res
1249 1643 1442 1684 omnes
1499 1630 1756 1701 legitima:
1798 1634 2038 1690 lsraelis.

461 1708 553 1764 Sic
573 1702 956 1797 etiam'oinnia
993 1715 1242 1787 legitima
1278 1736 1402 1790 qua:
1438 1738 1468 1776 a
1511 1717 1661 1779 Mose
1693 1733 1824 1778 sunt
1865 1723 2038 1800 dicta,

461 1801 608 1858 dicta
639 1813 768 1858 sunt
797 1789 866 1860 de
893 1805 1118 1863 Christo
1147 1818 1204 1865 et
1228 1821 1456 1882 propter
1489 1813 1798 1881 Christum,
1835 1789 2042 1872 couve;

460 1893 680 1950 nienter
714 1897 888 1967 ipsius
919 1897 1051 1956 Jesu
1079 1903 1202 1957 t’oci
1231 1901 1325 1973 qui
1365 1905 1504 1962 dicit
1540 1926 1551 1960 :
1585 1902 1705 1962 Iota
1742 1927 1910 1964 unum
1949 1921 2045 1965 aut

463 2003 608 2062 apex
631 2003 766 2043 unus
804 2005 908 2044 non
941 1995 1236 2063 prwteribit
1261 2013 1324 2050 ea;
1351 1995 1484 2068 lege,
1503 1999 1667 2054 donec
1685 2003 1865 2056 omnia
1889 2002 1956 2058 de
1977 2018 2046 2059 eo

462 2077 600 2149 [iam
633 2081 677 2112 “
706 2090 765 2136 et
794 2083 1154 2152 impleantur.
1191 2087 1281 2144 Sic
1309 2091 1458 2144 enim
1512 2108 1636 2163 qua:
1664 2102 1748 2150 est
1791 2096 2045 2150 omnium

463 2171 562 2228 Dei
593 2182 980 2232 creaturarum
1008 2179 1323 2236 miserrima
1379 2191 1437 2237 et
1465 2185 1755 2253 vilissima,
1809 2189 2040 2255 vermis,

465 2259 718 2335 inquam,
751 2267 848 2338 qui
885 2269 1006 2324 sine
1040 2273 1252 2328 semine
1285 2283 1453 2330 natus
1495 2285 1668 2332 estex
1706 2279 2048 2350 pinguedine

464 2373 648 2426 terrae,
681 2361 794 2431 jam
822 2363 957 2418 olim
988 2364 1368 2438 praeﬁguravit
1401 2385 1466 2424 ac
1493 2369 1792 2443 descripsit
1821 2382 2046 2429 uterum

467 2445 883 2520 gloriosissima:
908 2455 1176 2527 Deiparae,
1201 2467 1263 2513 ut
1293 2467 1528 2516 testatur
1555 2460 1732 2524 David
1757 2465 1952 2520 dicens
1980 2483 2047 2522 ex

467 2547 708 2608 persona
733 2541 976 2602 Christi:
1031 2547 1145 2618 Ego
1169 2567 1288 2604 sum
1355 2555 1570 2620 vermis,
1610 2565 1660 2609 et
1713 2575 1816 2611 non
1843 2561 1999 2613 homo
2029 2577 2048 2614 :

469 2625 578 2686 hoc
605 2641 712 2698 est,
747 2634 866 2690 sine
929 2637 1143 2693 semine
1208 2650 1508 2711 generatus
1558 2645 1704 2700 sicut
1731 2649 1960 2712 vermis,
1993 2657 2050 2704 ct

471 2729 582 2776 non
609 2738 762 2778 more
789 2725 1035 2782 humano
1063 2744 1130 2784 ex
1169 2746 1336 2786 causa
1388 2733 1653 2790 seminis:
1710 2738 2050 2808 opprobrium

473 2811 747 2868 hominum
775 2815 1120 2886 Judzeorum,
1163 2809 1390 2894 abjectio
1415 2826 1598 2896 populi
1617 2827 1660 2860 "
1692 2829 1950 2900 gentilis:
1982 2847 2052 2886 ne

476 2903 546 2959 de
566 2913 769 2963 caetero
797 2909 935 2964 mihi
963 2911 1310 2971 dubitaveris
1343 2933 1528 2996 neque
1561 2917 1740 2988 fueris
1789 2921 2054 2978 incredu-

475 2995 566 3052 lus
597 2997 668 3052 de
688 3003 1166 3068 praestantissimis
1189 3008 1486 3072 creaturis,
1519 3011 1670 3079 quod
1697 3011 1906 3067 fuerint
1935 3030 2054 3068 om-

2137 540 2515 610 apostolorum
2547 549 2604 595 et
2639 539 2954 606 doctorum,
2990 541 3212 609 lucidas,
3277 542 3529 613 inquam,
3589 560 3710 614 quae

2140 639 2270 684 sunt
2296 631 2350 684 in
2383 631 2546 686 terris
2569 631 2763 695 stellae,
2785 640 2843 687 et
2857 633 3180 705 priusquam
3200 635 3445 690 oriretur
3459 634 3718 692 Christus

2139 721 2301 792 871
2334 721 2426 776 Sol
2450 721 2702 793 justitiae,
2727 739 2854 779 cum
2869 725 2990 798 ejus
3015 729 3250 798 conjuge
3284 729 3439 794 luna,
3498 744 3701 800 nempe

2140 812 2418 869 Ecclesia:
2451 831 2516 870 ea
2576 817 2645 873 de
2691 833 2860 873 causa
2893 827 3008 874 tres
3068 819 3188 874 dies
3237 829 3368 874 ante
3425 831 3718 890 quartum,

2141 905 2495 976 imperfectos
2541 919 2598 964 et
2647 925 2853 980 opacos
2882 909 3108 982 soleque
3167 919 3224 966 et
3267 911 3400 966 luna
3451 920 3712 970 carentes

2141 997 2275 1054 fecit
2303 998 2468 1056 Deus.

2213 1090 2452 1156 Quartus
2481 1101 2667 1148 autem
2704 1089 2826 1148 dies
2862 1093 2970 1148 fuit
3017 1093 3136 1163 ipse
3168 1093 3378 1149 mundo
3413 1095 3726 1164 perfectus.

2141 1181 2209 1236 Et
2247 1193 2475 1253 propter
2507 1200 2634 1238 cum
2683 1194 2878 1256 quarta
2928 1187 3094 1240 noctis
3140 1185 3324 1256 vigilia
3365 1189 3504 1240 venit
3563 1186 3730 1242 Chri-

2142 1283 2263 1330 stus
2293 1284 2424 1330 tunc
2459 1293 2632 1347 super
2657 1293 2809 1333 mare
2837 1278 3128 1334 ambulans
3150 1288 3207 1333 et
3233 1294 3296 1334 su
3309 1293 3407 1350 per
3430 1295 3623 1349 aquas,
3655 1280 3729 1335 ad

2142 1379 2272 1420 suos
2339 1365 2648 1436 discipulos
2711 1367 2807 1438 qui
2865 1368 3220 1439 agitabantur
3275 1376 3624 1439 tempestate,
3669 1379 3730 1424 ct

2141 1467 2302 1512 erant
2357 1459 2590 1529 perituri
2639 1461 2695 1515 in
2728 1462 2868 1516 mari
2921 1462 3089 1532 hujus
3148 1461 3367 1526 mundi,
3397 1469 3456 1516 et
3513 1461 3585 1516 ad
3625 1478 3733 1519 nos

2144 1550 2334 1605 itidem
2365 1551 2668 1620 discipulos
2697 1553 2794 1622 qui
2818 1553 2874 1606 in
2908 1554 3216 1622 periculum
3250 1553 3670 1609 adducebantur
3703 1565 3735 1604 a

2144 1643 2436 1712 spiritibus
2463 1644 2820 1699 tenebrarum
2839 1655 2895 1700 et
2914 1644 3183 1701 ﬂuctuum
3213 1645 3544 1716 impietatis.
3568 1644 3731 1701 Unde

2143 1733 2313 1787 etiam
2364 1733 2512 1788 Deus
2558 1735 2818 1791 lsraelem
2857 1736 2914 1791 in
2958 1739 3099 1792 mari
3145 1737 3390 1792 servavit
3433 1737 3490 1791 in
3531 1745 3733 1808 quarta

2145 1827 2334 1898 vigilia
2365 1828 2639 1883 matutina
2679 1829 2748 1883 ad
2779 1845 2884 1884 nos
2915 1828 3257 1900 figurandos.
3286 1829 3398 1884 Nos
3439 1828 3590 1884 enim
3631 1845 3736 1884 su-

2145 1933 2268 1974 mus
2296 1920 2417 1990 ejus
2464 1920 2706 1990 p0pulus
2733 1937 2898 1991 quem
2931 1922 3192 1977 liberavit
3223 1938 3256 1977 a
3290 1937 3452 1977 manu
3504 1921 3740 1992 maligni

2148 2011 2356 2066 diaboli
2411 2009 2718 2068 Pharaonis
2779 2021 2980 2084 quarto
3019 2021 3076 2068 et
3113 2016 3296 2084 primo
3346 2013 3596 2082 perfecto
3639 2013 3739 2067 die

2146 2111 2442 2172 postquam
2489 2103 2657 2158 tertio
2692 2103 2784 2158 die
2825 2104 3071 2159 surrexit
3108 2121 3139 2159 a
3171 2104 3414 2160 mortuis
3451 2115 3612 2159 ortus
3649 2103 3740 2159 sol

2142 2193 2371 2264 justitiae
2397 2211 2410 2246 :
2441 2209 2604 2264 quem
2631 2193 2787 2264 prius
2818 2193 3149 2265 significavit
3175 2195 3279 2251 iste
3300 2195 3384 2251 sol
3407 2195 3502 2266 qui
3534 2203 3744 2265 quarto

2149 2283 2239 2340 die
2275 2284 2380 2340 fuit
2427 2301 2458 2340 a
2499 2286 2610 2341 Deo
2642 2285 2933 2353 conditus,
2965 2287 3248 2358 quoddam
3292 2304 3496 2343 novum
3549 2297 3606 2343 et
3651 2287 3746 2343 di-

2149 2393 2318 2447 gnum
2355 2377 2506 2448 quod
2529 2389 2848 2434 scrutemur
2873 2379 3037 2436 nobis
3057 2381 3359 2436 ostendens
3382 2381 3740 2452 mysterium,

2151 2476 2446 2538 propterea
2497 2468 2645 2540 quod
2696 2479 2896 2540 quarto
2947 2470 3040 2526 die
3093 2469 3274 2526 factus
3323 2479 3426 2526 est.
3462 2471 3600 2526 Nam
3637 2469 3772 2525 luxp

2151 2559 2375 2628 quidem
2427 2560 2599 2615 trium
2626 2560 2846 2616 dierum
2901 2561 3358 2632 praecedentium,
3394 2577 3640 2632 expansa
3669 2577 3746 2622 ac

2152 2649 2402 2720 dispersa
2431 2667 2532 2722 per
2577 2661 2749 2708 totam
2783 2641 3230 2719 udiversitatem,
3263 2654 3508 2710 ostendit
3555 2655 3746 2709 lucem

2154 2741 2412 2799 increatae
2463 2745 2750 2801 Trinitatis
2799 2763 3134 2818 quocunque
3166 2749 3482 2818 pervenire,
3517 2758 3574 2804 et
3609 2749 3748 2803 nul-

2152 2835 2268 2890 lum
2311 2837 2631 2908 relinquere
2685 2839 2871 2894 locum
2895 2855 2958 2894 ea
2984 2855 3242 2895 vacuum.
3269 2839 3506 2907 Quando
3552 2847 3750 2894 autem

2156 2936 2354 2996 quarto
2389 2926 2479 2982 die
2525 2927 2832 2984 fabricatur
2883 2930 3039 2986 orbis
3088 2931 3242 2996 solis,
3273 2939 3331 2986 et
3357 2931 3453 2987 lux
3485 2931 3578 2986 illa
3618 2947 3754 3001 qua:

2156 3030 2242 3074 est
2264 3019 2472 3088 ubique
2488 3036 2732 3090 prmscns
2759 3021 2814 3076 in
2831 3037 2897 3078 eo
2919 3023 3164 3093 ponitur,
3179 3022 3288 3078 hoc
3309 3021 3753 3094 signiticatquod

479 3099 580 3140 ucs
614 3085 801 3158 figurae
829 3088 1060 3157 Christi,
1086 3109 1152 3148 ex
1189 3095 1394 3165 quibus
1413 3101 1726 3155 suntetiam
1757 3102 2054 3160 luminaria
2088 3125 2128 3183 ε
2162 3107 2350 3174 divina
2381 3111 2476 3164 illa
2517 3111 2612 3166 lux
2651 3113 2707 3167 in
2755 3114 2890 3170 orbe
2937 3114 3178 3186 quodam
3223 3113 3463 3185 primum
3517 3113 3755 3184 quidem

480 3190 606 3240 quas
635 3176 774 3234 facta
799 3190 930 3236 sunt
963 3193 1163 3254 quarto
1188 3186 1298 3243 die.
1327 3187 1468 3244 Ante
1523 3190 1823 3248 dictionem
1874 3205 2060 3250 autem

485 3267 619 3323 illud
642 3281 728 3326 est
760 3276 1146 3342 quaerendum,
1177 3295 1280 3334 cur
1303 3289 1418 3336 tres
1449 3283 1678 3339 fuerunt
1721 3285 1842 3340 dies
1883 3288 2064 3343 manci

483 3369 540 3414 et
564 3361 896 3432 imperfecti,
938 3366 1380 3441 lucem'quidem
1413 3374 1708 3442 habentes,
1753 3379 1926 3432 solem
1961 3395 2065 3434 au-

491 3463 624 3512 tem.
651 3455 837 3511 lunam
869 3465 927 3512 et
972 3462 1259 3518 stellarum
1284 3479 1394 3520 non
1425 3465 1696 3524 habentes
1750 3471 2067 3528 multitudi-

483 3557 647 3599 nem:
681 3545 791 3601 imo
825 3564 959 3604 vero
993 3551 1326 3608 videbantur
1341 3571 1466 3613 esse
1495 3558 1907 3628 quadammodo
1938 3577 2068 3632 pro-

482 3632 642 3689 fundi
667 3644 721 3690 et
745 3653 855 3692 non
882 3639 1214 3706 illuminati:
1241 3659 1353 3700 non
1379 3644 1660 3702 habebant
1689 3649 1839 3704 enim
1868 3651 2064 3715 solem,

483 3726 608 3781 εωΙί
643 3737 700 3782 et
733 3739 894 3785 terrae
925 3731 1240 3803 luminare;
1274 3721 1336 3791 εἴ
1354 3737 1617 3795 universa
1646 3755 1770 3811 quae
1797 3758 1898 3812 per
1928 3743 2066 3798 alias

483 3820 825 3879 refulserunt
871 3825 1011 3882 dies.
1069 3825 1213 3896 Quid
1267 3847 1400 3904 ergo
1442 3832 1497 3888 in
1546 3833 1636 3891 his
1691 3835 1963 3892 dicimus?
2011 3845 2069 3892 et

481 3927 716 4002 cumam
779 3925 1012 3987 quartus
1029 3919 1152 3978 dies
1208 3923 1315 3978 fuit
1336 3925 1552 3996 primus
1582 3936 1640 3983 et
1668 3945 1780 3983 non
1805 3928 2069 3986 mancus?

483 4002 809 4076 Audiamus,
862 4028 1090 4082 qumso,
1123 4032 1378 4087 quaenam
1430 4019 1578 4075 inter
1625 4020 1882 4092 homines
1939 4035 2068 4080 ante

483 4097 694 4155 Christi
720 4103 1022 4162 adventum
1057 4116 1114 4162 et
1141 4109 1607 4167 illuminationem
1657 4113 1886 4170 fuerunt
1919 4115 2070 4187 leges

483 4201 542 4246 et
571 4193 719 4248 modi
751 4196 978 4264 pietatis
1000 4207 1059 4254 et
1085 4199 1290 4256 divina:
1324 4204 1631 4275 religionis.
1660 4205 1800 4260 Nam
1837 4207 1891 4262 in
1918 4209 2070 4278 prin-

484 4281 632 4350 cipio
660 4285 886 4352 quidem
913 4287 970 4342 iu
1001 4290 1183 4358 prima
1201 4293 1482 4348 creatione
1503 4293 1650 4350 Deus
1677 4295 1832 4351 dedit
1853 4297 2066 4354 Adamo

484 4374 688 4429 exilem
743 4385 801 4433 et
851 4381 1144 4437 evanidam
1191 4383 1373 4440 lucem
1435 4386 1808 4458 cognitionis,
1865 4405 2068 4460 nempe

2167 3199 2393 3269 ponitur
2415 3201 2654 3257 obscura
2675 3203 2746 3258 ob
2763 3211 3052 3274 peccatum
3089 3203 3285 3259 Adami
3307 3243 3322 3269 ,
3347 3213 3536 3273 postea
3556 3211 3754 3256 autem

2144 3287 2350 3359 lucida
2387 3303 2617 3362 propter
2643 3292 2909 3347 unionem
2945 3293 3000 3348 in
3051 3293 3167 3348 Deo
3209 3309 3313 3364 per
3353 3293 3698 3365 hypostasim
3737 3308 3752 3344 :

2169 3381 2222 3436 in
2281 3383 2498 3454 abjecto
2537 3384 2749 3440 scilicet
2803 3394 2860 3441 et
2914 3394 3236 3456 contempto
3295 3383 3523 3440 homine
3579 3399 3754 3464 quem

2168 3471 2344 3540 Filius
2397 3475 2642 3531 hominis
2689 3476 2797 3531 sibi
2844 3487 3090 3532 assumet
3133 3471 3202 3531 ei
3253 3485 3366 3532 tota
3411 3476 3648 3531 obscura
3693 3484 3756 3530 et

2171 3565 2521 3622 tcnebricosa
2572 3567 2961 3622 humanitate:
2995 3565 3093 3622 sed
3149 3567 3227 3622 ita
3259 3581 3480 3638 quoque
3527 3575 3587 3620 ut
3635 3580 3754 3618 non

2169 3663 2493 3710 cocrceatur
2519 3655 2572 3710 in
2594 3665 2806 3712 arctum
2841 3672 3023 3727 neque
3047 3657 3566 3712 circumscribatur.
3595 3655 3751 3722 Quo-

2169 3744 2334 3800 modo
2369 3746 2518 3800 cnim
2547 3745 2640 3800 lux
2663 3762 2858 3802 rursus
2885 3755 3008 3816 post
3037 3749 3158 3820 ejus
3193 3747 3248 3802 in
3285 3747 3400 3802 sole
3438 3748 3752 3818 posituram

2169 3845 2371 3907 quarto
2427 3837 2539 3903 die,
2569 3837 2724 3893 adest
2790 3838 3000 3909 ubique
3057 3847 3109 3894 et
3159 3853 3262 3908 per
3319 3845 3488 3892 totam
3544 3844 3794 3900 terram,

2169 3929 2506 3998 expanditur
2547 3948 2562 3982 :
2597 3929 2672 3984 ita
2705 3929 2874 3984 etiam
2925 3931 3020 3984 lux
3065 3929 3378 3984 divinitatis
3405 3939 3533 4000 post
3566 3929 3745 3984 incar-

2169 4021 2451 4076 nationem
2471 4036 2582 4075 non
2606 4029 2695 4076 est
2713 4021 3135 4092 circumscripta
3165 4038 3268 4077 nec
3289 4029 3571 4077 contracta
3603 4039 3616 4075 :
3653 4020 3752 4076 sed

2170 4130 2388 4180 rursus,
2423 4113 2568 4170 sicut
2593 4115 2762 4170 etiam
2787 4115 2936 4170 Deus
2964 4114 3244 4178 Christus,
3269 4115 3450 4169 omnia
3473 4114 3750 4178 intuetur,

2171 4205 2524 4276 illustratque
2561 4215 2619 4262 et
2643 4205 2913 4262 vivificat.
2941 4198 3038 4262 Ilia
3068 4207 3216 4262 enim
3243 4207 3340 4263 Dei
3369 4206 3536 4262 Verbi
3575 4205 3751 4276 hypo—

2172 4299 2336 4354 stasis
2366 4299 2534 4353 etiam
2585 4299 2643 4354 in
2671 4315 2838 4355 carne
2883 4309 2970 4356 cst
2998 4309 3190 4370 aperta
3223 4318 3236 4355 :
3263 4309 3319 4356 et
3358 4301 3453 4354 illa
3491 4299 3661 4352 etiam
3685 4311 3751 4352 ex

2172 4407 2340 4448 carne
2387 4391 2655 4446 mundum
2711 4391 2974 4448 illustrat.
3025 4391 3268 4459 Quartus
3303 4400 3488 4447 autem
3545 4391 3670 4446 dies
3697 4390 3752 4444 in

485 4464 665 4534 legem
694 4469 963 4527 mandati.
1014 4473 1228 4531 Deinde
1270 4477 1520 4534 secundo
1571 4479 1722 4546 loco,
1761 4491 1888 4552 post
1919 4483 2064 4538 dilu-
2101 4481 2144 4536 ο
2172 4499 2284 4554 quo
2311 4483 2594 4553 perfectus
2611 4483 2718 4540 fuit
2753 4484 2858 4551 sol,
2883 4484 2980 4554 qui
3015 4484 3289 4556 significat
3327 4482 3534 4539 Christi
3567 4483 3756 4537 incar‘

486 4557 662 4624 vium,
717 4569 1032 4618 creaturam
1082 4580 1342 4622 recreans
1381 4576 1438 4623 ει
1495 4578 1706 4625 terram
1752 4588 1948 4628 rursus
2005 4590 2072 4629 ex

487 4648 650 4719 aquis
671 4652 932 4720 aperiens
958 4654 1124 4720 Deus,
1152 4655 1247 4711 dat
1279 4659 1580 4714 secundam
1633 4661 1812 4732 legem
1848 4662 1916 4718 de
1948 4665 2077 4734 qui-

489 4739 722 4796 busdam
756 4744 1033 4801 mandatis
1055 4755 1114 4801 et
1141 4749 1434 4820 praeceptis
1459 4750 1606 4806 datis
1639 4752 1779 4808 Noe.
1868 4753 2077 4820 Quam-

489 4833 682 4889 obrem
710 4835 962 4891 nominat
981 4838 1149 4894 etiam
1201 4840 1614 4909 Testamentum,
1632 4861 1754 4900 eam
1807 4862 1929 4916 qua:
1957 4847 2078 4918 ,ipsi

491 4926 620 4983 data
645 4937 732 4982 est
769 4929 968 4999 legem.
1011 4930 1236 4988 Tertius
1263 4933 1468 4990 deinde
1501 4936 1606 4990 fuit
1633 4935 1776 5003 dies,
1824 4938 1913 4994 lex
1953 4955 2077 5010 quae

491 5017 618 5073 data
639 5028 726 5074 est
748 5021 802 5073 in
824 5029 1010 5076 monte
1031 5021 1206 5077 Sinai.
1239 5023 1446 5082 Tribus
1477 5026 1664 5097 itaque
1699 5027 1900 5084 diebus
1918 5031 2077 5099 prius

493 5109 798 5166 instructus
822 5121 873 5166 et
895 5115 1275 5172 sanctificatus
1301 5117 1408 5173 fuit
1429 5118 1600 5175 Israel
1623 5122 1846 5190 quando
1865 5124 2079 5193 accepit

492 5202 692 5274 legem.
736 5207 1013 5274 Quoniam
1047 5228 1181 5283 ergo
1225 5212 1318 5268 illa
1358 5213 1463 5268 tria
1498 5214 1790 5270 hominum
1823 5217 2078 5272 instituta

494 5294 733 5367 vitaeque
763 5301 986 5369 agendae
1021 5303 1286 5368 rationes,
1308 5322 1430 5376 quae
1458 5305 1686 5362 fuerunt
1706 5349 1720 5374 ,
1747 5307 1994 5378 inquam,
2021 5308 2076 5362 in

495 5385 668 5442 Adam
703 5399 831 5444 ante
861 5393 1058 5464 legem,
1091 5405 1148 5452 et
1173 5414 1296 5468 qua:
1321 5399 1514 5471 inlege
1543 5399 1671 5454 data
1696 5400 1812 5456 Noe
1837 5441 1852 5468 ,
1877 5410 1932 5455 et
1958 5417 2080 5471 qua:

500 5477 558 5532 in
588 5477 710 5550 lege
731 5479 990 5550 Mosaica,
1017 5485 1246 5542 fuerunt
1267 5488 1624 5559 imperfectae,
1653 5499 1710 5546 et
1741 5490 1798 5544 in
1843 5491 2078 5562 profun-

497 5567 586 5627 dis
611 5582 898 5630 nocturnae
924 5585 981 5632 et
1004 5579 1322 5650 caliginosae
1346 5583 1647 5653 impietatis
1683 5583 1934 5640 tenebris
1962 5583 2074 5638 vita

570 5750 616 5784 “
666 5748 859 5804 Matth.
885 5768 936 5819 v,
973 5753 1060 5808 18.
1136 5755 1178 5786 ¹³
1208 5754 1348 5810 Psal.
1374 5771 1482 5824 χχι,
1519 5756 1572 5812 7.

2171 4573 2476 4640 nationem,
2503 4573 2782 4645 significat
2825 4575 2976 4645 quod
3021 4574 3298 4630 bonorum
3341 4575 3592 4629 omnium
3633 4589 3756 4644 per-

2170 4663 2338 4718 fectio
2363 4672 2496 4720 tunc
2523 4664 2836 4734 apparebit,
2863 4680 2988 4720 cum
3025 4681 3094 4720 ex
3121 4663 3302 4721 lucida
3341 4665 3498 4719 stella
3533 4664 3756 4734 (nempe

2171 4753 2424 4825 Virgine)
2472 4762 2654 4810 ortum
2715 4755 2887 4810 fuerit
2949 4763 3162 4810 astrum
3223 4754 3633 4810 lucidissimum
3687 4771 3754 4809 ex

2172 4843 2402 4909 Jacobo,
2425 4844 2640 4900 habens
2659 4845 2954 4899 luciferum
2979 4847 3266 4900 stellarum
3298 4849 3754 4916 (praecurrentcm

2175 4935 2360 5007 Magos
2413 4936 2624 4992 oﬂ‘usos
2655 4935 2925 5008 tenebris)
2957 4952 3082 5007 quae
3139 4937 3245 4992 hoc
3301 4937 3532 4992 indicat.
3573 4937 3754 4991 Dena-

2175 5027 2320 5082 rium
2342 5029 2536 5098 implet
2563 5027 2960 5099 quaternarius
2987 5045 3000 5082 :
3030 5029 3218 5083 unitas
3246 5027 3396 5083 enim
3419 5043 3545 5082 cum
3594 5027 3754 5082 bina-

2175 5115 2499 5186 rio‘implet
2539 5117 2866 5200 'ternarium
2913 5125 2972 5172 ct
3032 5101 3136 5171 tria
3190 5132 3317 5172 cum
3379 5132 3448 5172 eo
3505 5115 3753 5172 etliciunt

2177 5209 2488 5277 senarium,
2521 5218 2577 5265 et
2610 5209 3008 5281 quaternarius
3043 5225 3169 5264 cum
3223 5225 3292 5264 eo
3340 5209 3536 5280 implet
3587 5209 3756 5264 dena-

2178 5299 2346 5369 rium,
2396 5309 2454 5357 et
2506 5302 2656 5369 ideo,
2688 5294 3109 5374 quaternarium
3161 5301 3466 5372 appellant,
3497 5302 3764 5354 ἐπιτελεσ-

2179 5398 2462 5470 σματικὶν,
2503 5398 2610 5452 hoc
2655 5407 2760 5463 cst,
2795 5396 3174 5467 perﬁcientem
3203 5398 3226 5450 ἐ
3255 5397 3519 5466 quoniam
3545 5412 3611 5450 ex
3638 5397 3756 5466 ejus

2175 5491 2450 5562 partibus,
2483 5490 2528 5546 si
2575 5491 2917 5546 reducantur
2955 5489 3024 5544 ad
3070 5489 3364 5554 unitatem,
3394 5489 3757 5545 constituitur

2177 5584 2464 5640 denarius.
2489 5583 2688 5642 Diccns
2705 5599 2838 5654 ergo
2855 5577 3089 5654 quartus
3109 5579 3230 5638 dies
3253 5601 3266 5636 :
3287 5584 3550 5653 quoniam
3568 5581 3754 5638 decem
