4098 6432
447 357 552 438 θέΒ

1541 359 1624 434 IN
1664 361 2214 435 HEXAEMERON.
2241 399 2305 410 -
2331 363 2476 435 LIB‘.
2521 363 2618 436 rv’.

3607 363 3710 436 894

443 483 652 550 indico,
697 491 888 554 aperte
935 482 1173 540 ostendo
1219 485 1371 555 quod
1425 485 1701 540 bonorum
1772 487 2022 541 omnium
2051 495 2096 549 Α
2124 485 2400 550 cruciﬁxi,
2430 482 2803 556 praeﬁguravit
2827 491 3066 554 quatuor
3099 486 3309 538 cornua
3340 481 3544 548 erucis,
3587 498 3711 553 quas

440 574 720 646 perfectio
775 583 908 631 tunc
969 561 1260 648 apparebit
1315 587 1372 633 et
1433 579 1724 634 illucescet
1773 580 2022 635 humano

438 667 658 738 generi,
687 669 909 738 quando
931 669 1189 726 Christus
1221 671 1386 726 unius
1425 671 1597 727 fuerit
1624 680 1839 728 natura:
1893 681 2026 728 tunc

439 759 774 825 obscuratae,
807 761 1088 830 quomodo
1114 762 1170 816 in
1203 778 1292 818 me
1324 763 1622 818 obscurato
1645 763 1782 818 orbe
1815 763 1910 817 lux
1937 772 2024 818 est

437 848 619 904 unita.
669 849 838 904 Multa
895 850 1078 906 habeo
1145 861 1268 923 quae
1325 853 1398 907 in‘
1429 853 1643 924 judicio
1701 853 1884 910 dicam
1951 853 2023 908 de

437 947 643 1009 quarto
671 939 762 995 die
797 960 811 994 :
841 951 897 996 et
947 943 1095 1012 quod
1143 955 1242 1014 per
1279 944 1431 1000 hunc
1467 961 1785 1010 numerum,
1822 962 2023 1017 nempe

437 1032 859 1100 quaternarium
891 1073 905 1096 ,
965 1033 1388 1091 administratur
1443 1047 1501 1092 et
1561 1045 1779 1093 constat
1835 1039 2018 1093 omnis

436 1123 684 1178 emiestis
745 1135 998 1180 creatura
1063 1143 1188 1198 quae
1247 1129 1390 1184 facta
1453 1130 1562 1184 fuit
1616 1146 1714 1185 sex
1781 1130 2022 1198 diebus,

432 1232 508 1271 eo
529 1232 766 1272 numero
793 1234 896 1273 nos
937 1219 1172 1276 docente
1212 1237 1312 1291 per
1341 1225 1682 1293 exemplum,
1709 1223 1858 1294 quod
1889 1239 2022 1278 san-

434 1317 525 1362 eta
553 1307 774 1377 quidem
807 1309 1048 1366 Trinitas
1085 1321 1172 1366 est
1217 1313 1461 1368 increata
1499 1333 1512 1368 :
1543 1315 1635 1384 qui
1668 1325 1856 1370 autem
1887 1324 2016 1384 post

435 1397 771 1455 Trinitatem
802 1409 889 1456 est
917 1401 1124 1458 Christi
1151 1404 1572 1472 incarnationis,
1605 1407 1704 1478 qui
1749 1415 1836 1462 est
1875 1419 2022 1462 unus

431 1505 504 1544 ex
540 1500 730 1546 sancta
753 1492 1049 1559 Trinitate,
1086 1497 1284 1552 modiis
1309 1504 1366 1552 et
1398 1499 1565 1565 ratio,
1595 1499 1642 1554 is
1681 1507 1768 1554 est
1808 1499 1934 1554 fons
1965 1506 2023 1554 e’t

433 1581 773 1652 principium
812 1596 868 1646 et
907 1586 1067 1640 radix
1091 1597 1148 1643 et
1181 1587 1605 1644 fundamentum
1655 1601 1714 1646 et
1746 1591 2022 1646 securitas

431 1673 684 1726 ninnium
713 1674 986 1730 bonorum
1012 1689 1135 1747 quae
1162 1694 1193 1733 a
1219 1679 1332 1734 Deo
1362 1679 1506 1736 facta
1535 1688 1670 1736 sunt
1697 1682 1752 1736 in
1777 1683 2018 1738 creatio-

429 1781 506 1820 ne
561 1782 657 1821 sex
707 1767 928 1822 dierum
969 1769 1026 1823 in
1057 1771 1198 1824 cutio
1246 1777 1303 1826 et
1349 1772 1405 1826 in
1437 1781 1606 1837 terra,
1642 1781 2020 1844 congruenter

425 1857 560 1911 ἣνοοί
609 1857 763 1912 Pauli
799 1873 922 1928 qua
957 1859 1131 1916 dicit:
1160 1859 1355 1918 Omnia
1397 1863 1454 1918 in
1481 1863 1689 1920 Christi
1723 1876 1913 1937 typum
1952 1875 2018 1922 ac

429 1946 667 2016 figuram
720 1961 906 2006 creata
945 1960 1095 2018 sunt,
1130 1955 1285 2023 prius
1329 1955 1633 2010 indicantia
1655 1957 1930 2012 rationem
1961 1967 2019 2013 et

427 2041 659 2096 modum
706 2043 828 2112 ejus
877 2044 1280 2102 incernationis
1335 2048 1434 2117 qui
1473 2057 1598 2118 post
1631 2049 1738 2104 tria
1764 2049 1783 2070 ⁴
1811 2050 2016 2122 (dicam

425 2135 729 2206 rationem)
769 2153 870 2206 per
895 2147 1135 2208 quatuor
1167 2137 1462 2212 Evangelia
1490 2123 1752 2212 tanquam
1783 2155 2019 2214 quartus

424 2225 554 2282 dies
577 2227 630 2282 in
659 2238 900 2298 quatuor
925 2232 1177 2300 partibus
1209 2234 1362 2288 orbis
1393 2242 1575 2300 terrae,
1609 2235 1664 2290 in
1703 2251 1814 2306 quo
1853 2251 2019 2291 exor-

423 2329 523 2374 tus
586 2331 673 2377 est
725 2322 934 2378 mundo
990 2325 1073 2378 sol
1129 2325 1392 2380 caelestis.
1452 2327 1686 2396 Propter
1737 2329 2014 2400 ejusmodi

425 2420 590 2466 ortus
649 2414 996 2479 mysterium,
1023 2415 1156 2472 fecit
1207 2419 1380 2472 etiam
1433 2429 1633 2488 quarto
1673 2419 1766 2474 die
1817 2421 2014 2474 solem.

429 2501 670 2572 Propter
720 2505 828 2560 hoc
879 2521 947 2560 ex
991 2515 1233 2577 quatuor
1287 2506 1582 2564 elementis
1625 2510 1756 2564 fecit
1805 2512 2014 2575 omnia,

433 2606 634 2661 nempe
665 2593 815 2664 igne,
859 2603 1028 2662 terra,
1059 2605 1117 2651 et
1161 2613 1326 2668 aqua,
1351 2607 1408 2653 et
1435 2614 1561 2654 aere
1597 2609 1610 2653 :
1641 2611 1936 2670 propterea
1960 2613 2018 2657 et

439 2684 552 2754 ipsa
587 2695 827 2756 quatuor
855 2687 910 2742 in
945 2689 1181 2760 singulis
1208 2701 1406 2745 eorum
1445 2690 1502 2746 in
1551 2705 1792 2762 quatuor
1837 2695 2020 2750 consia

431 2775 720 2843 derantur,
753 2779 897 2850 ignis
930 2781 1156 2850 quidem
1194 2781 1250 2835 in
1272 2781 1420 2846 luce,
1448 2789 1505 2837 et
1540 2784 1750 2850 stellis,
1781 2792 1838 2839 et
1859 2784 2012 2847 luna.

425 2875 489 2922 et
507 2867 663 2922 sole:
697 2884 842 2938 aqua
887 2879 1074 2926 autem
1105 2871 1161 2926 in
1201 2873 1572 2938 ﬁrmamento,
1611 2881 1668 2928 et
1718 2875 1824 2929 alia
1873 2891 2017 2946 aqua

426 2974 598 3030 supra
619 2960 1048 3028 ﬁrmamentum,
1072 2971 1129 3019 et
1151 2964 1430 3031 terrestri,
1449 2973 1504 3020 et
1529 2965 1776 3038 abyssin.
1813 2967 2016 3024 Aerem

426 3050 490 3106 in
533 3060 776 3126 quatuor
805 3065 1007 3109 ventos
1032 3063 1089 3109 et
1117 3065 1364 3124 quatuor
1397 3057 1528 3139 anni
1573 3064 1823 3127 tempora
1869 3057 2018 3114 divi-

425 3141 525 3197 sit.
563 3143 794 3199 Terram
817 3146 1058 3215 partitus
1088 3159 1180 3202 est
1197 3147 1254 3202 in
1279 3154 1524 3218 Quatuor
1549 3147 1708 3213 ﬁnes,
1735 3147 2017 3218 quomodo

423 3239 598 3295 etiam
629 3239 685 3294 in
707 3250 948 3310 quatuor
970 3241 1377 3312 generationes,
1406 3241 1732 3308 herbarum,
1762 3225 2012 3312 inquam,

424 3337 486 3386 ct
505 3329 808 3396 fructuum,
838 3343 896 3387 et
917 3333 1309 3398 animantium,
1330 3338 1388 3388 et
1410 3333 1718 3388 hominum.
1745 3333 2016 3390 Similiter

423 3422 597 3477 etiam
619 3423 922 3478 animantia
938 3423 995 3478 in
1009 3435 1463 3496 quatuorgenera
1487 3425 1745 3481 dividens
1757 3442 1821 3480 ea
1838 3426 2014 3482 nami-

423 3513 603 3579 navit,
627 3529 693 3570 ea
719 3531 922 3571 vocans
958 3531 1180 3586 pecora,
1199 3515 1479 3582 animalia,
1499 3517 1644 3572 feras
1675 3525 1732 3575 et
1770 3518 2012 3588 reptilia.

423 3604 698 3662 Volucres
744 3602 930 3662 autem
956 3623 1063 3662 una
1093 3616 1256 3662 vocat
1284 3608 1677 3678 appellatione;
1702 3612 1834 3663 sunt
1861 3610 2014 3663 enim

424 3700 592 3768 typus
615 3713 680 3752 ac
714 3696 890 3768 figura
917 3699 1044 3753 eceli
1075 3699 1370 3754 volucrum
1408 3717 1420 3752 :
1445 3713 1645 3770 nempe
1671 3699 2014 3756 l‘Otestatum

426 3786 889 3858 intelligentium,
915 3803 1152 3858 quarum
1186 3789 1478 3846 sententire
1513 3798 1610 3845 aut
1636 3792 1764 3845 vita:
1785 3791 2016 3860 agenda:

423 3876 585 3932 nulla.
616 3883 704 3932 est
739 3875 961 3932 divisio.
991 3877 1263 3934 Similiter
1306 3879 1474 3934 etiam
1521 3889 1762 3950 quatuor
1802 3879 2015 3936 semina

423 3967 484 4022 in
529 3975 784 4022 creatura
834 3983 1007 4039 super
1063 3977 1268 4025 terram
1321 3979 1700 4042 agnoscuntur
1750 3989 1766 4025 2
1813 3987 2012 4042 nempe

417 4057 876 4127 germinantium,
899 4068 956 4115 et
979 4061 1292 4128 volucrum,
1333 4070 1392 4116 et
1431 4061 1689 4132 piscium,
1713 4069 1771 4118 et
1801 4063 2015 4119 anima-

420 4150 581 4204 lium.
612 4150 691 4205 Ea
715 4153 864 4206 enim
903 4153 1021 4208 sola
1052 4152 1109 4207 in
1142 4161 1310 4218 terra,
1339 4167 1398 4210 et
1429 4169 1460 4210 e
1493 4163 1640 4210 terra
1673 4165 2008 4222 nascuntur,

418 4257 544 4312 quae
559 4251 862 4315 sunttypus
879 4252 1122 4314 quatuor
1143 4244 1416 4298 seminum
1429 4244 1696 4300 doctrinae
1709 4245 2014 4311 Verbi,hoc

415 4345 508 4390 est
541 4335 664 4390 Dei.
697 4335 991 4405 Quomodo
1016 4336 1162 4390 enim
1189 4350 1377 4390 semen
1407 4353 1505 4392 sua
1535 4345 1734 4408 sponte
1763 4340 2013 4394 nascitur

417 4443 487 4482 ex
537 4435 705 4494 terra,
757 4429 838 4503 ita
877 4429 1044 4484 etiam
1087 4429 1231 4484 ratio
1271 4429 1538 4484 doctrina:
1571 4430 1919 4497 naturaliter,
1944 4449 2012 4486 ex

2129 581 2297 634 etiam
2319 579 2526 634 dicitur
2555 578 2767 648 lignum
2794 577 2922 631 vitae
2951 594 2964 630 :
2992 591 3130 631 crux
3158 575 3308 630 enim
3335 585 3456 629 erat
3477 574 3708 631 Christi.

2126 671 2364 740 Propter
2397 671 2576 740 ipsum
2623 670 2772 724 enim
2817 669 3103 738 exsculpta
3144 675 3230 722 est
3273 666 3534 736 scalpello
3573 665 3710 736 ligni

2125 777 2258 817 vere
2305 761 2535 832 plantati
2572 771 2719 814 secus
2765 761 3014 814 decursus
3045 775 3313 829 aquarum
3347 759 3426 823 “;
3469 766 3712 827 quatuor

2127 852 2350 921 inquam
2386 851 2836 922 Evangeliorum.
2863 851 2986 906 Non
3017 850 3128 905 erit.
3151 858 3339 904 autem
3373 848 3706 912 absurdum,

2125 945 2168 1000 si
2197 945 2344 998 illius
2393 957 2613 1013 quoque
2658 943 2839 1013 quarti
2893 941 2986 1012 qui
3042 943 3099 996 in
3152 940 3379 996 fornace
3405 953 3706 1010 puerorum

2128 1035 2280 1091 visus
2309 1043 2394 1090 est
2419 1033 2783 1090 similitudine
2822 1033 2946 1088 Filii
2971 1032 3067 1087 Dei
3091 1033 3156 1097 ¹⁵,
3192 1032 3466 1087 visionem
3505 1031 3708 1086 intelli-

2125 1142 2338 1200 gamus,
2377 1135 2636 1196 tanquam
2695 1126 2878 1196 quarti
2922 1125 3033 1180 diei
3084 1124 3315 1195 ﬁguram
3348 1142 3360 1176 :
3397 1132 3450 1178 et
3498 1122 3708 1178 Christi

2125 1222 2220 1290 qui
2252 1221 2307 1274 in
2342 1235 2409 1274 eo
2441 1228 2696 1274 ostensus
2735 1227 2840 1282 est,
2865 1234 3066 1287 nempe
3099 1217 3252 1272 solis.
3281 1217 3378 1271 Est
3416 1217 3566 1272 enim
3616 1217 3710 1270 ille

2124 1311 2270 1382 ignis
2293 1319 2562 1382 cognatus
2593 1312 2759 1380 hujus
2785 1309 2954 1374 solis;
2984 1309 3261 1378 siquidem
3309 1308 3404 1363 ille
3441 1323 3707 1378 corpora-

2125 1404 2214 1468 lis,
2242 1404 2352 1457 vim
2387 1403 2602 1458 habens
2637 1411 2693 1457 et
2723 1403 2916 1457 urendi
2960 1411 3018 1457 et
3058 1415 3266 1471 pueros
3306 1399 3660 1455 custodiendi
3690 1417 3706 1466 ;

2123 1496 2258 1552 solis
2282 1495 2376 1565 qui
2407 1503 2494 1550 εει
2518 1494 2574 1548 in
2604 1495 2788 1558 nobis,
2820 1508 3022 1564 nempe
3051 1493 3294 1560 'Christi,
3319 1493 3710 1564 praefigurabat

2125 1587 2423 1658 imaginem
2466 1587 2592 1642 :slc
2640 1586 2808 1642 etiam
2857 1586 3073 1652 fornax,
3109 1581 3372 1657 Virginis.
3403 1585 3543 1640 Dum
3591 1584 3708 1638 haec

2123 1694 2309 1738 autem
2364 1681 2656 1738 terrestria
2707 1697 3020 1751 persequor
3082 1680 3139 1734 in
3201 1687 3404 1750 quarto
3463 1679 3578 1742 die,
3637 1677 3707 1732 de

2123 1784 2326 1846 quarto
2357 1789 2590 1830 numero
2627 1773 2852 1837 divinus
2883 1773 3138 1828 Ezechiel
3167 1773 3436 1843 propheta
3468 1773 3510 1804 ’⁸
3532 1771 3706 1825 veluti

2121 1869 2409 1934 assistens,
2443 1883 2600 1923 suam
2631 1866 2990 1936 prophetiam
3033 1873 3089 1920 et
3117 1863 3378 1920 exstasim
3426 1863 3708 1918 revocavit

2117 1959 2178 2016 in
2219 1959 2566 2022 memoriam,
2597 1957 2759 2012 nobis
2810 1955 3111 2010 ostendens
3155 1953 3555 2024 quadriformia
3613 1952 3708 2007 illa

2119 2049 2426 2107 animantia
2479 2057 2820 2104 Summarum
2876 2047 3310 2118 intelligentium
3361 2046 3706 2101 Potestatum

2119 2155 2242 2212 quae
2297 2140 2472 2205 vidit,
2524 2139 2850 2210 mysterium
2903 2137 3108 2194 Christi
3163 2134 3593 2206 praesignificare
3649 2145 3707 2188 et

2121 2234 2440 2290 describere
2464 2233 2520 2287 in
2545 2232 2616 2287 iis
2643 2231 2846 2302 quibus
2875 2227 3286 2299 cantemplatus
3313 2235 3400 2282 est
3429 2226 3704 2296 propheta

2117 2324 2316 2380 faciem
2363 2321 2629 2388 hominis,
2656 2329 2713 2376 et
2760 2320 2918 2375 bovis
2945 2325 3001 2374 et
3045 2317 3223 2373 leonis
3259 2325 3316 2371 et
3345 2315 3566 2386 aquilae,
3602 2329 3706 2369 nos

2119 2417 2378 2473 decentia
2435 2415 2584 2487 quod
2643 2413 2831 2484 magni
2883 2410 3102 2467 consilii
3157 2409 3400 2479 Angelus
3455 2409 3602 2478 (cum
3634 2405 3708 2464 sit

2119 2505 2504 2578 incorporeus)
2531 2482 2589 2561 et
2613 2482 2911 2559 humanam
2931 2501 3165 2556 formam
3187 2499 3360 2554 subiit
3387 2516 3400 2552 :
3437 2507 3705 2568 tanquam

2120 2599 2288 2655 homo
2329 2597 2558 2668 quidem
2609 2594 2892 2650 videbitur
2937 2593 2995 2646 in
3035 2601 3230 2657 terra;
3265 2597 3326 2645 ut
3368 2589 3454 2644 leo
3495 2598 3704 2652 autem,

2119 2706 2246 2751 cum
2283 2683 2550 2749 ceciderit
2596 2689 2862 2760 quidem,
2906 2686 3147 2742 dormiet
3189 2685 3248 2740 in
3301 2689 3703 2738 monumento:

2119 2791 2382 2841 caeterum
2429 2779 2740 2837 divinitatis
2788 2777 3019 2833 habebit
3067 2783 3290 2847 apertos
3343 2774 3558 2838 oculos,
3590 2787 3706 2828 non

2118 2877 2268 2932 enim
2321 2874 2504 2930 somni
2541 2871 2856 2937 affectione,
2888 2878 2984 2924 aut
3015 2869 3251 2940 alicujus
3284 2867 3514 2922 alterius
3554 2863 3708 2936 capi-

2121 2979 2212 3024 tur
2241 2969 2508 3025 divinitas
2538 2984 2552 3021 :
2595 2964 2850 3022 resiliens
2877 2969 3063 3018 autem
3094 2968 3348 3032 resurget
3379 2975 3410 3014 a
3440 2957 3704 3024 mortuis,

2119 3071 2176 3120 et
2205 3073 2464 3132 tanquam
2490 3059 2676 3130 aquila
2703 3073 2800 3113 rex
2825 3061 3140 3112 assumetur
3165 3054 3220 3108 in
3251 3053 3475 3108 crelum.
3498 3050 3706 3116 Quam-

2045 3176 2086 3232 ο
2121 3155 2312 3210 obrem
2339 3153 2528 3208 divine
2560 3149 2904 3206 vociferatur
2930 3146 3138 3203 Paulus
3168 3146 3233 3212 ’⁷,
3269 3145 3418 3216 quod
3458 3145 3515 3198 in
3543 3142 3708 3200 Chri‘

2120 3245 2188 3302 sti
2247 3246 2480 3315 figuram
2535 3257 2602 3296 ae
2641 3249 2832 3312 typum
2874 3247 3058 3293 creata
3117 3244 3249 3291 sunt
3306 3234 3594 3290 terrestria
3641 3242 3710 3289 ac

2118 3333 2388 3397 coelestia,
2409 3342 2478 3386 ex
2502 3331 2708 3402 quibus
2735 3336 2864 3385 sunt
2895 3328 3130 3383 maxime
3157 3327 3324 3382 etiam
3349 3341 3472 3396 qua:
3501 3323 3705 3380 dicunta-

2120 3437 2211 3482 tur
2257 3425 2315 3480 in
2368 3431 2572 3494 quarto
2612 3431 2668 3478 et
2721 3421 2902 3492 primo
2947 3420 3038 3476 die
3083 3417 3467 3490 perfecta;de
3496 3417 3706 3486 quibus

2116 3517 2260 3573 dixit
2290 3525 2304 3571 ‘:
2336 3508 2493 3570 Fiant
2529 3513 2822 3568 luminaria
2847 3515 2905 3568 in
2931 3512 3273 3582 ﬁrmamento
3321 3510 3438 3564 σωιὶ
3467 3509 3537 3564 ad
3574 3508 3706 3564 illa-

2117 3609 2464 3664 minau'onem
2484 3620 2644 3678 super
2659 3613 2881 3660 terram.
2899 3605 3195 3662 Pulchram
3211 3601 3704 3659 commutationem

2115 3699 2332 3767 accepit
2376 3711 2406 3750 a
2455 3697 2570 3751 Deo
2621 3695 3033 3750 ﬁrmamentum
3102 3707 3370 3762 aquarum
3418 3689 3701 3746 Ecclesiae.

2114 3790 2308 3860 Cogita
2339 3789 2487 3845 enim
2521 3787 2670 3860 quod
2704 3787 3028 3858 priusquam
3062 3785 3222 3840 ﬁeret
3263 3784 3698 3847 firmamentum,

2115 3897 2257 3953 aqua
2285 3889 2408 3937 erat
2435 3897 2547 3936 non
2576 3881 2794 3934 ﬁrmata
2833 3889 2900 3934 ac
2941 3875 3210 3942 ‘solidata,
3248 3885 3372 3946 quae
3396 3874 3704 3929 vocabatur

2115 3974 2348 4046 abyssus
2379 3980 2610 4043 propter
2652 3971 2826 4026 malas
2859 3969 3070 4025 erroris
3107 3967 3367 4024 tenebras
3391 3976 3515 4036 qua:
3530 3977 3702 4036 supra

2113 4080 2235 4122 eam
2271 4063 2569 4137 iacebant:
2613 4075 2752 4133 quas
2778 4077 2906 4117 cum
2957 4061 3104 4116 Deus
3133 4059 3203 4114 ab
3255 4058 3377 4128 ipso
3437 4055 3704 4112 extermi-

2117 4159 2344 4221 nasset,
2395 4155 2480 4210 eis
2521 4153 2901 4209 adversariam
2951 4151 3184 4208 donavit
3211 4150 3425 4215 lucem,
3456 4149 3697 4205 dicens:

2115 4242 2274 4304 Fiant
2323 4246 2617 4302 luminaria
2650 4247 2706 4299 in
2735 4244 3077 4312 ﬁrmamento
3137 4242 3253 4297 οωιε
3303 4242 3373 4298 ad
3417 4242 3700 4296 illumina-

2117 4339 2313 4392 tionem
2384 4348 2546 4406 super
2617 4342 2842 4386 terram.
2914 4332 3068 4386 Beati
3132 4331 3281 4386 enim
3341 4330 3520 4401 angeli
3587 4343 3702 4385 non

2123 4429 2192 4484 ab
2248 4429 2359 4483 ulla
2435 4444 2491 4482 re
2566 4434 2756 4483 creata
2829 4425 3256 4488 illuminantur,
3307 4422 3405 4478 sed
3465 4423 3534 4477 ab
3580 4423 3702 4492 ipso

415 4504 643 4574 Christo
673 4527 730 4574 et
766 4519 998 4590 angelis,
1031 4535 1171 4591 quos
1195 4519 1514 4591 ﬁgurabunt
1539 4522 1815 4590 volucres,
1847 4532 1904 4578 et
1935 4538 2004 4579 ex
2036 4513 2082 4571 Ι)
2110 4522 2221 4576 Deo
2259 4521 2329 4576 de
2377 4535 2488 4590 quo
2529 4519 2670 4574 dicit
2711 4518 3000 4588 Scriptura
3033 4509 3188 4570 τιατ
3235 4516 3418 4586 justus
3461 4523 3538 4568 est
3579 4531 3704 4585 per-

418 4609 760 4663 animalibus
795 4619 852 4663 et
885 4609 1212 4664 hominibus
1244 4611 1561 4682 (scriptura:
1597 4611 1746 4667 enim
1779 4621 1910 4667 sunt
1939 4615 2009 4668 ab

417 4699 790 4772 hominibus),
813 4717 911 4770 per
933 4701 1037 4756 hos
1051 4701 1202 4755 enim
1221 4711 1464 4772 quatuOr
1484 4703 1679 4759 modos
1703 4704 2012 4760 seminatur

417 4798 568 4845 terra
632 4791 912 4845 Ecclesiae.
939 4791 1130 4846 Pisces
1171 4799 1357 4846 autem
1410 4807 1600 4847 semen
1647 4792 1919 4862 dejiciunt
1951 4794 2008 4848 in

416 4891 644 4948 terram,
678 4882 786 4937 nisi
806 4882 958 4953 quod
990 4883 1127 4936 citra
1150 4897 1340 4938 semen
1373 4891 1684 4938 nascuntur
1705 4898 1772 4938 ex
1797 4884 1960 4954 aquis
1989 4903 2002 4938 :

412 4992 588 5046 quare
617 4986 804 5031 autem
843 4977 1096 5032 dicemus
1119 4977 1174 5032 in
1205 4977 1402 5048 quinto
1425 4978 1536 5033 die.
1559 4979 1629 5034 Et
1677 4987 1862 5034 tamen
1898 4995 2003 5036 nec

414 5069 600 5141 pisces
621 5077 753 5125 sunt
780 5069 981 5140 privati
1015 5069 1188 5141 figura
1215 5070 1582 5140 quaternarii,
1611 5086 1737 5126 eum
1763 5071 2004 5126 habeant

414 5162 646 5236 ﬁguram
672 5163 858 5218 crucis
884 5180 898 5217 :
940 5161 1084 5218 sicut
1113 5163 1282 5218 etiam
1317 5163 1596 5228 volucres,
1625 5178 1751 5216 cum
1794 5163 2002 5234 quibus

409 5253 549 5310 facti
577 5263 728 5309 sunt.
762 5254 871 5324 Ipsi
895 5254 1044 5308 enim
1076 5253 1293 5312 duabus
1317 5253 1442 5317 alis,
1469 5262 1526 5308 et
1547 5253 1728 5322 capite
1754 5254 2000 5310 etcauda

409 5345 673 5401 feruntur
703 5347 758 5400 in
781 5363 912 5403 aere
937 5353 993 5401 et
1015 5347 1196 5417 aquis.
1232 5347 1437 5400 Pecora
1461 5361 1707 5416 quoque.
1739 5363 1864 5402 cum
1889 5348 2002 5403 sint

412 5438 819 5510 quadrupedia,
843 5447 1106 5510 quartum
1131 5439 1458 5494 describunt
1483 5455 1804 5494 numerum.
1835 5439 2001 5494 Simi-

411 5529 545 5586 liter
594 5533 766 5588 etiam
833 5533 1002 5589 homo
1057 5533 1125 5588 ad
1175 5533 1410 5588 formam
1461 5532 1645 5587 crucis
1705 5533 1993 5604 figuratam

411 5621 630 5680 habens
676 5623 993 5696 imaginem,
1023 5635 1084 5681 ut
1121 5626 1217 5696 qui
1248 5623 1322 5679 sit
1351 5623 1417 5678 ad
1456 5622 1753 5696 imaginem
1783 5626 1994 5682 Christi

488 5804 535 5838 “
559 5803 702 5863 Psal.
728 5821 766 5873 ι,
795 5805 851 5862 ὅ.
930 5808 972 5840 ¹⁸
1001 5808 1139 5864 Dan.
1171 5824 1248 5876 ιιι,
1277 5807 1365 5864 99..

1446 5811 1488 5841 ¹⁶
1515 5807 1715 5864 Ezech.
1751 5823 1788 5873 ι,
1815 5807 1847 5861 4
1881 5823 2034 5880 seqq.

2111 4619 2286 4680 petua.
2351 4610 2434 4664 Ad
2490 4617 2654 4662 terrae
2700 4621 2836 4678 ergo
2865 4603 3331 4660 illuminationem
3378 4602 3524 4657 facta
3570 4609 3703 4656 sunt

2107 4703 2428 4766 luminaria,
2467 4714 2578 4755 non
2627 4701 2797 4754 etiam
2853 4698 2924 4754 ad
2977 4696 3445 4752 illuminationem
3503 4707 3699 4749 eorum

2107 4805 2396 4868 quaesout
2434 4795 2489 4849 in
2529 4793 2666 4849 mari
2699 4811 2713 4846 :
2745 4791 3006 4862 quoniam
3037 4791 3093 4844 in
3128 4790 3387 4861 abyssum
3414 4803 3444 4840 a
3473 4786 3700 4842 Christo

2107 4887 2264 4943 missi
2316 4887 2596 4942 daemones
2627 4885 2888 4954 (quorum
2946 4889 3108 4953 typus
3183 4887 3315 4933 sunt
3379 4884 3699 4946 strepentes

2101 4979 2302 5049 pisces)
2334 4987 2465 5033 sunt
2493 4985 2753 5046 expertes
2783 4973 3027 5029 caelestis
3048 4971 3278 5026 luminis
3311 4965 3696 5023 illuminatio-

2101 5087 2170 5125 ne
2191 5111 2206 5134 ,
2240 5079 2298 5126 et
2333 5070 2404 5124 ab
2425 5085 2492 5124 eo
2523 5069 2715 5122 alieni.
2749 5065 2907 5132 Quod
2939 5065 2985 5120 si
3019 5065 3090 5119 de
3119 5064 3286 5118 astris
3336 5059 3698 5116 sensibilibus

2099 5161 2241 5215 dixit
2270 5161 2415 5215 Deus
2447 5161 2628 5214 solum
2662 5175 2676 5212 :
2707 5156 2869 5212 Fiant
2905 5155 3220 5216 luminaria,
3284 5168 3469 5208 annon
3521 5151 3696 5206 dixis-
3789 5191 3804 5209 .

2100 5264 2184 5309 set
2209 5271 2223 5306 :
2260 5252 2342 5307 Ad
2367 5250 2820 5305 illuminalionem
2853 5257 3010 5301 terra?
3050 5255 3098 5300 et
3142 5248 3308 5300 maris
3327 5246 3353 5299 ?
3381 5245 3513 5300 Plus
3540 5244 3693 5298 enim

2109 5359 2274 5412 quam
2306 5343 2374 5398 iis
2405 5341 2499 5412 qui
2524 5348 2818 5396 versantur
2848 5340 2901 5394 in
2930 5348 3100 5400 terra,
3131 5347 3281 5393 astra
3305 5343 3438 5392 sunt
3461 5334 3586 5391 usui
3622 5334 3692 5390 iis

2107 5429 2205 5500 qui
2257 5431 2518 5499 navigant
2567 5431 2622 5484 in
2673 5429 2833 5483 mari.
2870 5427 3017 5499 Ergo
3056 5427 3420 5497 corporaliter
3461 5424 3690 5496 quidem

2105 5521 2241 5576 dicit
2271 5522 2582 5592 Scriptura,
2614 5521 2682 5577 de
2706 5521 2772 5576 iis
2797 5537 2967 5593 quam
2992 5523 3102 5578 Deo
3127 5536 3258 5576 vere
3289 5519 3692 5579 convenienter

2105 5613 2304 5668 litterae
2347 5613 2490 5670 facta
2525 5624 2656 5670 sunt
2685 5616 2960 5671 creaturis
2991 5634 3006 5670 :
3041 5633 3139 5687 per
3167 5617 3282 5687 ipsa
3315 5623 3502 5672 autem
3546 5612 3687 5671 citra

2116 5809 2156 5840 ”
2179 5809 2346 5866 llebr.
2373 5828 2428 5882 x,
2459 5815 2508 5868 1.
