4098 6488
454 573 664 632 Christi
687 579 742 626 et
773 565 1058 624 Ecclesiae.
1089 563 1147 620 Si
1192 570 1380 618 autem
1421 556 1492 613 ad
1541 555 1658 610 haec
1713 544 2047 604 contradicit.

457 667 702 724 carnalis
760 661 988 718 Iudaeus
1037 655 1296 720 auditor;
1327 653 1419 708 dic
1460 647 1595 703 mihi
1644 655 1724 707 tu,
1753 657 1862 696 cur
1919 652 2046 694 cum

1677 345 1740 416 S..
1779 339 2180 408 ANASTASII
2219 327 2546 399 SINAITJE

453 483 632 538 ullum
658 475 1011 535 mendacium
1038 464 1474 544 praesigniﬁcans
1505 469 1681 520 totum
1711 453 2039 530 mysterium
2071 454 2117 512 Α

3603 315 3722 381 -896

2144 447 2314 504 habet
2362 451 2680 500 sanctorum
2727 433 3051 509 angelorum
3100 421 3200 504 qui
3251 419 3428 524 creati
3489 427 3724 493 suntin

2147 539 2340 605 ccelis;
2375 546 2436 592 et
2461 535 2586 590 ideo
2615 547 2712 588 eas
2742 529 2929 602 posuit
2948 537 3248 597 antequam
3279 519 3538 578 illuceret
3563 519 3728 576 solet

2147 633 2281 688 luna
2314 643 2484 698 super
2532 635 2758 679 terram.
2789 621 2927 676 Nam
2957 628 3088 676 ante
3137 616 3312 673 solem
3333 613 3640 676 Christum,
3675 622 3733 668 et

461 758 689 813 fecisset
723 754 870 808 Deus
887 751 1316 807 ﬁrmamentum,
1342 757 1455 796 non
1489 735 1680 793 statim
1709 747 1838 787 cum
1873 745 1942 784 eo
1964 728 2050 783 fe-
2149 722 2340 778 lunam
2371 715 2698 779 Ecclesiam,
2725 711 3086 767 divinissima'.
3131 721 3356 779 quoque
3385 712 3603 762 mentes
3635 718 3735 756 seu

463 851 542 904 cit
594 847 782 903 stellas
830 853 888 899 et
927 841 1101 897 solem
1135 845 1192 892 et
1230 837 1459 890 lunam:
1502 825 1784 900 quomodo
1829 820 2051 893 quando

471 939 697 1012 aperuit
739 946 968 998 terram,
995 931 1255 1002 protinus
1280 925 1446 996 872
1472 935 1594 976 eam
1623 915 1843 973 ornavit
1864 911 2056 968 herbis

469 1038 528 1086 et
577 1027 871 1083 fructibus.
901 1033 958 1078 et
1007 1017 1306 1075 arboribus
1357 1006 1680 1083 lignorum?
1709 1005 1824 1060 Cur
1869 1013 2054 1056 autem

471 1125 607 1178 fecit
666 1119 895 1174 minima
922 1155 936 1179 ,
970 1119 1098 1168 ante
1151 1109 1262 1164 duo
1307 1103 1550 1175 perfecta
1605 1093 1953 1154 luminaria?
1991 1092 2060 1146 Et

474 1209 758 1284 quomodo
809 1218 1009 1260 rursus
1049 1201 1103 1254 in
1145 1197 1362 1253 duobus
1415 1189 1680 1250 perfectis
1721 1201 1833 1240 non
1874 1183 2060 1237 minus

474 1273 633 1375 prius
687 1307 774 1354 est
824 1294 1162 1354 fabricatus,
1195 1287 1294 1342 sed
1350 1296 1610 1353 magnum
1641 1280 1666 1334 ?
1703 1273 2062 1333 Perterrihile

477 1404 662 1450 autem
690 1390 941 1452 omnino,
971 1395 1033 1440 ut
1055 1384 1276 1454 opinor,
1307 1387 1365 1434 et
1381 1377 1662 1432 occultum
1701 1365 2059 1441 mysterium!

479 1487 666 1542 stellas
686 1481 916 1554 quidem
947 1492 1114 1548 supra
1136 1491 1234 1546 per
1260 1473 1479 1544 jussum
1521 1465 1735 1524 creavit
1779 1463 1836 1516 in
1881 1460 2068 1514 ﬁrma-

479 1585 668 1632 mento
698 1593 710 1628 :
747 1575 922 1628 solem
955 1581 1141 1625 autem
1182 1575 1240 1622 et
1272 1566 1462 1619 lunam
1498 1575 1625 1615 cum
1658 1573 1758 1628 per
1793 1570 1852 1610 se
1899 1567 2068 1622 super

482 1680 716 1730 terram,
750 1675 1015 1734 tanquam
1045 1660 1222 1715 Adam
1244 1666 1301 1713 et
1331 1656 1523 1713 Evam.
1561 1659 1710 1706 esset
1739 1645 2066 1707 fabricatus,

483 1769 674 1833 postea
698 1772 796 1812 eos
819 1757 875 1810 in
904 1755 1077 1810 altum
1107 1751 1358 1823 sublatos
1387 1743 1573 1817 posuit
1605 1743 1661 1796 in
1693 1740 2068 1794 ﬁrmamento.

557 1855 862 1922 Propterea
889 1863 1016 1902 cum
1047 1845 1167 1900 haec
1192 1842 1354 1897 audis
1387 1838 1482 1908 qui
1515 1837 1626 1892 vim
1665 1833 1839 1889 habes
1874 1844 2076 1900 cogno-

488 1944 716 2007 scendi,
744 1956 778 1996 ο
807 1941 1052 2004 auditor,
1092 1935 1208 1992 noli
1257 1931 1504 1994 diﬁ'erre,
1531 1927 1628 1984 sed
1661 1924 1832 1980 transi
1865 1932 1922 1978 et
1957 1937 2080 1976 rur-

490 2057 588 2098 sus
644 2037 1022 2110 ingrediamur
1066 2033 1124 2088 in
1165 2029 1431 2086 interiora
1483 2023 1594 2080 veli
1637 2021 1946 2091 Scriptura;
1977 2057 1993 2083 ,
2022 2016 2079 2070 in

490 2143 723 2190 externa
759 2127 962 2185 versati
990 2121 1345 2196 philosophia
1371 2159 1386 2185 ,
1412 2133 1471 2172 re
1518 2115 1679 2172 nobis
1733 2110 2082 2183 significante

489 2225 662 2296 adyta
684 2229 1002 2278 sanctarum
1025 2213 1447 2286 cogitationum.
1477 2206 1595 2262 Iloc
1621 2205 1770 2261 enim
1797 2217 1898 2257 nos
1922 2201 2086 2269 docet

494 2306 796 2388 Scriptura
817 2313 984 2368 etiam
1010 2310 1079 2365 de
1109 2305 1257 2362 blose
1281 2303 1494 2366 dicens,
1529 2315 1657 2355 eum
1696 2311 1820 2353 esse
1870 2294 2087 2364 ingres-

501 2423 626 2465 sum
655 2407 804 2462 intra
837 2405 1012 2476 ipsam
1038 2400 1330 2469 caliginem
1359 2393 1454 2448 ubi
1487 2399 1610 2446 erat
1642 2390 1787 2444 Deus
1811 2427 1827 2450 ,
1854 2385 2046 2440 dicens
2071 2399 2086 2436 :

502 2499 666 2557 Fiant
707 2496 998 2552 luminaria
1034 2494 1088 2548 in
1117 2491 1458 2558 ﬁrmamento
1487 2483 1602 2539 caeli
1641 2482 1712 2537 ad
1741 2477 2094 2535 illuminatio-

505 2611 630 2650 nem
654 2600 828 2646 terra.
863 2589 992 2644 llaec
1017 2585 1213 2641 dicens
1236 2582 1366 2637 fecit
1393 2587 1450 2634 et
1479 2577 1598 2632 ﬁxit
1624 2574 1846 2632 tertiam
1884 2568 2095 2626 illumi-

506 2687 796 2743 nationem
851 2682 910 2736 in
961 2680 1311 2734 ﬁrmamento
1359 2673 1620 2729 Ecclesiae
1662 2684 1766 2738 per
1795 2665 2003 2726 stellas,
2040 2669 2098 2718 et

510 2792 616 2849 per
668 2775 864 2840 solem,
888 2780 947 2829 et
1001 2786 1102 2842 per
1151 2770 1362 2824 lunam.
1396 2765 1501 2820 Per
1557 2761 1777 2819 stellas.
1833 2755 2097 2827 quoniam

511 2869 693 2926 sancti
720 2867 1007 2939 propheta:
1043 2861 1234 2934 primi,
1263 2870 1320 2916 et
1343 2859 1476 2931 justi
1505 2855 1666 2927 prius
1696 2850 2104 2909 annuntiarunt

510 2969 578 3017 et
609 2964 1096 3030 praecucurrerunt
1140 2952 1349 3008 mundo
1379 2948 1773 3006 annuntiantes
1804 2943 2104 2998 adventura

523 3051 659 3108 solis
686 3049 894 3108 Christi
918 3049 1040 3112 Dei,
1071 3056 1130 3103 et
1156 3047 1278 3118 ejus
1305 3042 1558 3115 conjugis
1585 3037 1872 3094 Ecclesiae.
1894 3032 2106 3090 Deinde

521 3152 651 3216 post
689 3157 881 3198 earum
910 3148 1167 3196 exortum
1213 3137 1398 3192 illuxit
1421 3133 1524 3197 sol,
1557 3143 1756 3200 nempe
1797 3125 2056 3182 Christus
2089 3141 2102 3178 :

525 3245 584 3292 et
631 3235 832 3305 conjux
871 3233 993 3302 cjus
1051 3230 1205 3294 luna,
1264 3241 1464 3296 nempe
1500 3221 1767 3280 Ecclesia.
1805 3221 2108 3288 Propterea

531 3327 624 3382 illa
650 3339 874 3396 quoque
907 3321 1154 3378 accurrit
1202 3319 1490 3389 suppetias
1528 3315 1705 3370 latura
1735 3310 1910 3367 stellae
1950 3307 2108 3368 solis,

529 3419 648 3475 suis
679 3415 850 3471 radiis
890 3415 1062 3468 solem
1091 3407 1474 3466 illuminantis.
1503 3405 1620 3460 Nisi
1661 3402 1811 3471 enim
1859 3397 2113 3453 subindi-

531 3517 686 3565 caret
711 3506 915 3563 Christi
951 3515 1006 3561 et
1029 3502 1292 3559 Ecclesia:
1323 3495 1810 3556 illuminationem,
1838 3506 1950 3545 non
2000 3488 2116 3558 ipsa

532 3617 757 3672 quoque
790 3600 846 3654 in
879 3597 970 3653 die
993 3595 1160 3652 simul
1195 3593 1438 3648 ferretur
1459 3603 1586 3646 cum
1622 3587 1760 3652 sole,
1793 3581 2013 3654 quando
2035 3586 2120 3634 est

534 3695 698 3767 plena
751 3692 902 3746 luna.
946 3691 1083 3745 Nam
1115 3686 1338 3758 quando
1369 3683 1596 3755 quidem
1650 3687 1738 3735 est
1795 3673 2121 3747 imperfecta

535 3783 805 3847 Ecclesia,
835 3791 897 3836 ut
929 3790 1176 3850 tempore
1207 3776 1505 3848 Synagoga:
1533 3769 1853 3827 Judzeorum
1879 3805 1894 3829 ,
1921 3779 1985 3820 ea
2018 3777 2122 3817 no-

533 3885 632 3930 ctu
677 3875 856 3929 solum
914 3872 1106 3935 lucet;
1145 3869 1203 3923 in
1253 3881 1472 3930 eorum,
1520 3863 1768 3932 inquam,
1806 3857 1942 3913 vita.
1987 3853 2126 3909 Cum

536 3974 729 4019 autem
761 3961 931 4016 fuerit
973 3957 1213 4030 perfecta
1253 3971 1284 4010 a
1325 3954 1440 4008 Deo
1483 3951 1579 4022 qui
1631 3947 1820 4004 omnla
1871 3944 2128 4016 perfecit,

541 4067 683 4112 tunc
727 4052 892 4110 simul
955 4055 1188 4120 apparet
1241 4061 1370 4112 cum
1418 4043 1566 4108 sole,
1637 4053 1838 4109 nempe
1885 4036 2130 4098 Christo,

541 4149 908 4204 illucescente
939 4143 1028 4198 die
1061 4139 1394 4210 evangelicae
1439 4142 1656 4190 nostrae.
1687 4131 1934 4186 ﬁdelium
1983 4129 2132 4183 vitm.

547 4239 753 4308 Accipe
779 4237 948 4291 etiam
969 4233 1132 4288 aliam
1163 4230 1230 4284 de
1260 4228 1350 4283 his
1371 4223 1922 4292 contemplationem.
1950 4219 2137 4275 Primo

552 4332 645 4387 die
689 4331 836 4384 Deus
873 4333 1186 4380 creaturam
1237 4320 1394 4390 prius
1440 4313 1778 4371 illuminavit
1825 4327 1928 4383 per
1973 4324 2138 4364 unam

553 4421 830 4494 quandam
844 4418 1177 4488 singularem
1194 4424 1252 4469 et
1273 4411 1616 4468 individuam
1631 4409 1832 4463 lucem.
1847 4414 2140 4474 antequam

2154 807 2558 880 intelligentiae.
2590 807 2772 861 lucem
2795 800 3119 874 premebant
3148 798 3217 853 iis
3239 797 3336 868 qui
3367 803 3530 852 erant
3571 809 3737 864 super

2157 911 2382 965 terram,
2409 899 2582 954 variis
2605 897 2786 952 modis
2813 895 2894 948 eis
2921 893 3270 948 assistentes.
3298 889 3433 944 Nam
3459 886 3605 957 quod
3631 886 3739 938 duo

2158 995 2276 1050 haec
2305 1007 2500 1062 magna
2531 987 2825 1044 luminaria
2857 1001 3024 1054 super
3055 992 3258 1037 terram
3307 981 3452 1034 Deus
3481 987 3740 1033 constru-

2159 1085 2400 1146 xerit,et
2432 1081 2633 1136 deinde
2664 1079 2718 1133 in
2746 1079 3090 1132 ﬁrmamento
3111 1075 3235 1127 cmli
3270 1087 3334 1126 ea
3369 1070 3647 1142 posuerit;
3678 1085 3746 1122 cx

2163 1175 2300 1246 ipsis
2325 1173 2627 1243 Scriptura:
2665 1171 2850 1225 verbis
2887 1166 3178 1221 discimus.
3219 1165 3361 1217 Dicit
3411 1162 3559 1215 enim
3583 1159 3718 1228 legis

2163 1268 2306 1322 lator
2351 1266 2572 1320 Moses:
2631 1263 2699 1318 Et
2731 1263 2865 1316 dixit
2926 1259 3104 1323 Deus,
3135 1257 3275 1325 ﬁant
3339 1255 3630 1308 lunu'nariu
3693 1253 3746 1303 in

2164 1359 2504 1429 ﬁrmamento
2557 1357 2716 1422 coeli;
2767 1364 2828 1410 ut
2882 1353 2978 1423 qui
3037 1367 3141 1407 suo
3185 1353 3340 1422 jussu
3397 1349 3590 1400 fecerit
3637 1347 3753 1400 lia-c

2167 1451 2414 1515 sensilia,
2445 1449 2542 1504 sed
2573 1457 2628 1503 et
2651 1464 2716 1502 ea
2754 1461 2876 1516 qua:
2917 1443 3122 1500 cadunt
3176 1441 3281 1496 sub
3307 1437 3753 1507 ,intclligentiam

2170 1551 2488 1598 sanctorum
2519 1540 2838 1610 angelorum
2867 1534 3160 1591 luminaria
3195 1553 3207 1587 :
3247 1533 3368 1602 Ipse
3403 1530 3550 1585 enim
3583 1529 3716 1581 dixit
3739 1567 3754 1591 ,

2171 1641 2218 1687 et
2251 1632 2393 1702 facta
2419 1641 2542 1686 sunt
2579 1647 2597 1684 :
2623 1633 2734 1701 ipse
2759 1627 3036 1683 mandavit
3069 1633 3118 1679 et
3165 1633 3347 1678 creata
3379 1629 3508 1675 sunt
3541 1619 3606 1670 ¹⁸.
3641 1619 3759 1672 Duo

2174 1735 2360 1784 autem
2387 1722 2681 1779 luminaria
2697 1735 2809 1776 non
2833 1718 2952 1775 sic:
2975 1715 3072 1772 sed
3103 1733 3118 1769 :
3144 1713 3284 1769 Fecit
3314 1713 3452 1767 Deus
3471 1694 3762 1764 luminaria

2108 1801 2149 1858 Β
2180 1834 2398 1891 magna,
2439 1825 2490 1868 et
2526 1813 2700 1885 posuit
2745 1828 2806 1864 ea
2849 1811 2906 1864 in
2949 1808 3290 1877 ﬁrmamento
3335 1801 3472 1858 caeli.
3519 1799 3762 1855 Primum

2181 1910 2332 1972 fecit,
2368 1915 2425 1963 et
2479 1915 2614 1960 tunc
2658 1920 2724 1960 ea
2765 1915 2930 1972 supra
2965 1897 3172 1968 posuit.
3201 1894 3439 1950 Ubinam
3475 1900 3658 1945 autem
3699 1903 3764 1942 ea

2183 2005 2256 2061 ab
2287 2003 2406 2074 ipso
2433 2006 2592 2056 erant
2625 1993 2880 2052 facienda
2905 1991 3012 2048 nisi
3036 2003 3204 2059 supra
3225 1983 3468 2040 terram?
3502 1983 3624 2038 Non
3647 1987 3768 2034 erat

2187 2095 2336 2154 enim
2391 2095 2537 2148 alius
2579 2091 2738 2146 locus
2773 2098 2932 2143 extra
2979 2084 3184 2140 cmlum
3230 2081 3337 2135 nisi
3377 2079 3432 2134 iu
3464 2085 3645 2140 terra,
3675 2073 3768 2128 ubi

2189 2190 2335 2246 facta
2383 2194 2515 2242 sunt
2567 2183 2636 2238 ab
2689 2183 2810 2252 ipso
2832 2179 2966 2243 Deo,
3001 2183 3059 2232 et
3113 2173 3312 2230 deinde
3372 2170 3590 2226 sublata
3645 2173 3772 2223 sunt

2193 2295 2438 2338 rursum.
2473 2276 2611 2332 Vide
2646 2272 2784 2328 mihi
2815 2285 3013 2326 rursus
3033 2267 3126 2324 hic
3149 2279 3375 2336 quoque
3411 2272 3612 2317 terram
3641 2267 3765 2312 ante

2195 2373 2396 2430 cmlum
2425 2386 2455 2426 a
2492 2368 2609 2424 sole
2651 2363 2997 2421 illuminari:
3028 2368 3085 2415 et
3116 2357 3197 2414 sic
3234 2356 3304 2412 ad
3369 2353 3573 2410 coelum
3611 2347 3772 2405 Chri-

2197 2473 2343 2521 stum
2360 2462 2456 2533 qui
2483 2469 2568 2514 est
2584 2458 2666 2513 sol
2685 2499 2698 2522 ,
2721 2455 3008 2511 remittere
3032 2460 3158 2522 post
3175 2449 3296 2520 ejus
3316 2443 3776 2515 compositionem

2197 2565 2256 2612 et
2289 2551 2764 2610 constructionem
2799 2561 2924 2618 quae
2949 2545 3091 2600 facta
3126 2550 3216 2598 est
3247 2555 3416 2610 supra
3440 2546 3646 2592 terram
3701 2531 3779 2588 Ne

2200 2662 2306 2704 nos
2355 2645 2505 2700 enim
2560 2642 2734 2696 lateat
2777 2637 2926 2708 quod
2971 2651 3038 2692 ex
3100 2632 3366 2688 omnibus
3411 2624 3782 2684 luminaribus

2204 2739 2288 2796 sol
2317 2733 2657 2804 compositus
2694 2729 2790 2794 sit,
2832 2737 2894 2783 ut
2935 2726 3031 2796 qui
3085 2729 3307 2780 constet
3331 2735 3401 2776 ex
3433 2717 3656 2773 duobus
3693 2730 3784 2786 ge-

2208 2799 2535 2886 neribus'in
2565 2834 2752 2894 typum
2805 2817 3015 2875 Christi
3051 2829 3296 2883 :nempe
3357 2827 3427 2866 ex
3466 2799 3560 2864 illa
3609 2807 3786 2876 prima

2209 2917 2423 2977 caelesti
2473 2925 2528 2970 et
2569 2913 2799 2982 antiqua
2831 2911 2986 2974 luce,
3007 2916 3065 2962 et
3098 2906 3223 2977 igne
3249 2903 3345 2976 qui
3385 2911 3578 2980 postea
3611 2898 3790 2953 fat-tus

2211 3022 2298 3068 est
2327 3019 2384 3066 et
2409 3010 2464 3064 in
2489 3006 2698 3062 aethere
2716 3011 2802 3057 est
2831 3003 3199 3069 interceptus,
3237 3005 3292 3052 et
3324 2995 3393 3050 de
3429 2991 3707 3049 industria
3736 2989 3790 3044 in

2217 3114 2418 3162 terram
2478 3099 2797 3170 projectus.’
2838 3095 2908 3149 Et
2965 3092 3234 3162 intellige.
3273 3089 3393 3144 haec
3453 3085 3620 3140 nobis
3665 3081 3795 3137 sub-

2215 3195 2533 3252 ministrare
2557 3192 2738 3244 luccm
2770 3206 2785 3242 :
2825 3200 3028 3256 nempe
3058 3183 3224 3238 Verbi
3265 3179 3640 3235 divinitatem.
3666 3176 3798 3227 Erat

2209 3289 2360 3346 enim
2391 3296 2450 3342 ct
2483 3285 2699 3356 pridem
2733 3283 2789 3336 in
2821 3277 3099 3351 principio
3133 3275 3224 3330 tua:
3259 3290 3388 3330 vera
3429 3287 3546 3344 qua:
3589 3266 3798 3323 illumi-

2217 3389 2312 3436 nat
2357 3393 2566 3434 onmem
2601 3376 2862 3430 hominem
2897 3372 2938 3402 "
2979 3389 2992 3425 :
3035 3383 3232 3424 rursus
3270 3374 3455 3420 autem
3497 3359 3798 3431 sanguino-

2212 3473 2418 3528 lentam
2442 3479 2498 3524 e'.
2517 3469 2845 3524 candentem
2867 3473 3110 3518 nostram
3140 3472 3388 3514 carnem.
3418 3455 3534 3510 Lux
3561 3453 3713 3506 enim
3746 3450 3799 3506 in

2217 3565 2332 3620 sole
2370 3564 2550 3634 ignem
2587 3557 2838 3629 accepit;
2863 3557 3091 3617 hucest,
3110 3553 3354 3608 Verbum
3385 3545 3801 3613 illuminansfa-

2223 3666 2372 3712 ctum
2393 3663 2478 3708 est
2497 3667 2624 3707 caro
2652 3670 2662 3704 :
2693 3650 2863 3705 Adam
2886 3649 3035 3703 enim
3059 3645 3240 3700 induit
3257 3643 3526 3698 Dominus
3547 3648 3604 3695 et
3623 3637 3806 3692 accin-

2225 3751 2324 3804 xit.
2357 3747 2532 3803 Adam
2558 3744 2705 3798 enim
2737 3743 3141 3811 interpretatur
3165 3735 3397 3791 candens
3422 3742 3480 3787 et
3516 3731 3806 3800 sanguino-

2227 3847 2399 3902 lentus
2427 3859 2444 3898 :
2467 3835 2923 3913 quandoquidem
2953 3830 3112 3901 pueri
3134 3825 3624 3884 communicarmit
3651 3819 3801 3876 carni

2229 3950 2288 3997 et
2347 3935 2601 4008 sanguini
2629 3933 2823 3996 ’°;ex
2871 3925 3078 3996 quibus
3135 3921 3306 3976 etiam
3363 3933 3533 3987 super
3606 3923 3808 3968 terram

2231 3997 2492 4089 Christus
2521 4027 2739 4097 (nempe
2767 4020 2871 4088 sol)
2899 4014 3240 4086 compositus
3279 4009 3553 4081 apparuit.
3587 4007 3662 4062 Et
3688 3997 3810 4060 ideo

2235 4125 2405 4180 etiam
2461 4106 2620 4176 soror
2654 4116 2776 4186 ejus
2811 4111 2968 4175 luna,
3005 4121 3204 4177 nempe
3252 4101 3528 4160 Ecclesia,
3575 4097 3715 4152 dicit
3761 4095 3816 4148 in

2237 4211 2483 4272 Cauticis
2515 4227 2534 4264 ε
2569 4203 2843 4263 Patruelis
2871 4215 3016 4274 meus
3042 4198 3193 4252 albus
3220 4203 3269 4248 et
3309 4195 3479 4265 ﬂavus
3505 4190 3548 4220 "
3576 4205 3592 4242 :
3619 4198 3816 4255 nempe

2241 4309 2389 4364 Deus
2423 4312 2482 4360 et
2509 4301 2682 4358 Adam
2720 4315 2736 4365 ;
2768 4295 2930 4350 albus
2963 4298 3194 4363 prepter
3230 4284 3612 4341 divinitatem,
3644 4277 3821 4332 ﬂavus

2243 4405 2472 4468 propter
2543 4388 2946 4476 humanitatem
2985 4379 3248 4451 :qualem
3331 4374 3498 4430 etiam
3568 4369 3823 4423 videmus

555 4457 1252 4494 ιιιιωιυα...ο...δ......ν...ν.
1273 4457 1832 4468 ..........___-_--___.
1956 4457 1968 4458 ,
1996 4457 2010 4474 _
2246 4457 2264 4468 _
2351 4457 2367 4467 _

555 4513 820 4570 adessent
843 4509 926 4565 sol
953 4519 1012 4564 et
1059 4509 1193 4563 luna
1249 4513 1307 4562 et
1355 4503 1568 4568 stellae;
1635 4499 1890 4554 revolans
1934 4495 2146 4550 scilicet
2181 4499 2224 4554 ι)
2250 4464 2620 4556 compositum
2672 4481 2870 4542 solem,
2901 4475 3089 4530 album
3130 4480 3189 4526 et
3242 4469 3445 4524 ﬂavum
3476 4482 3491 4529 ;
3527 4463 3594 4516 ad
3625 4457 3826 4528 imagi-

555 4616 618 4664 et
655 4604 961 4660 ostendens
1006 4599 1466 4657 illuminationcm
1509 4591 1815 4650 divinitatis
1835 4589 1889 4643 in
1915 4587 2142 4642 mundo.

558 4699 620 4756 In
653 4698 764 4754 hoc
811 4704 998 4751 autem
1046 4693 1290 4765 perfecto
1337 4690 1518 4762 primo
1561 4693 1762 4757 quarto
1796 4683 1909 4746 die,
1947 4681 2004 4735 in
2037 4695 2150 4750 quo

558 4791 858 4868 praesentia
880 4789 1012 4846 solis
1023 4803 1192 4859 super
1207 4795 1412 4841 terram
1427 4797 1459 4838 e
1479 4781 1619 4836 cmlo
1640 4774 1900 4848 apparuit
1917 4791 1931 4828 :
1947 4786 2154 4843 cognm-

559 4887 644 4946 vit
666 4884 906 4940 mundus
933 4882 1134 4938 trinam
1165 4873 1632 4934 illuminationem
1657 4879 1714 4926 et
1741 4868 1941 4924 trinam
1969 4865 2150 4920 lucem

562 4977 816 5052 ejusdem
831 4975 998 5033 simul
1017 4971 1292 5033 essentia.
1313 4969 1370 5024 in
1397 4978 1586 5040 typum
1609 4970 1812 5020 sanctae
1831 4955 2152 5014 Trinitatis:

565 5071 626 5126 in
648 5070 740 5126 illa
777 5068 1004 5140 quidem
1032 5065 1211 5136 prima
1243 5063 1390 5126 luce,
1422 5061 1688 5116 docemur
1723 5054 1994 5108 unitatem
2019 5045 2158 5102 divi-

571 5163 766 5218 nitatis
800 5179 814 5216 :
843 5163 899 5216 in
957 5161 1064 5214 hac
1105 5165 1290 5214 autem
1333 5154 1482 5209 trina
1518 5152 1640 5205 luce
1683 5141 2154 5218 praesigniﬁcatur

573 5251 823 5308 Trinitas
845 5266 1036 5306 earum
1073 5264 1196 5320 quae
1223 5245 1386 5302 simul
1411 5251 1544 5300 sunt
1578 5238 1829 5312 ejusdem
1875 5232 2153 5296 essentne,

578 5356 973 5413 personarum.
1007 5337 1162 5406 Quod
1200 5337 1248 5394 si
1277 5336 1331 5391 id
1357 5333 1508 5406 quod
1535 5332 1746 5387 dictum
1773 5336 1860 5382 est
1888 5325 1988 5380 tibi
2011 5321 2168 5377 vide-

593 5623 874 5672 mamento
923 5615 1098 5671 stellae
1143 5613 1297 5668 facta:
1342 5583 1452 5667 sint
1483 5607 1755 5678 indigenae
1777 5642 1794 5670 ,
1847 5599 1904 5655 id
1943 5596 2174 5668 ﬁguram
2270 5594 2438 5651 etiam
2459 5589 2680 5646 diccbat
2712 5605 2726 5642 :
2759 5583 2874 5655 Ego
2904 5583 3024 5636 exii.
3055 5595 3120 5633 ea;

1236 5727 1276 5758 ’θ
1301 5725 1458 5782 Joan.
1492 5740 1529 5789 ι,
1556 5723 1608 5778 9.
1684 5720 1730 5753 ’θ
1763 5717 1931 5773 llehr.
1983 5713 2089 5776 n.l

2232 5711 2273 5742 "
2297 5709 2455 5764 Cant.
2488 5723 2542 5767 γ.
2573 5702 2658 5757 l0.
2735 5701 2780 5733 ”
2819 5695 3052 5754 Malach.
3091 5708 3164 5755 tv,
3191 5691 3248 5745 9..
3325 5686 3372 5717 ’³
3401 5683 3561 5740 Joan.
3613 5693 3712 5740 xu,
3769 5673 3860 5729 ιθ.

665 5729 710 5762 ¹⁸
730 5727 874 5784 Psal.
903 5743 1070 5790 χλιιι,
1099 5728 1156 5784 9.

599 5796 644 5833 "°
673 5798 851 5855 Eccle.
888 5817 940 5859 ι,

2244 4552 2611 4635 nem-Christi
2635 4571 2731 4642 qui
2761 4578 2849 4624 est
2874 4566 2956 4623 sol
2982 4561 3234 4635 iustitiae.
3265 4559 3339 4612 De
3374 4571 3485 4626 quo
3516 4552 3654 4607 dicit
3686 4552 3831 4603 Deus

2247 4687 2348 4744 per
2383 4641 2706 4724 blalachiam
2743 4659 3074 4732 prophetam
3119 4672 3134 4708 :
3183 4653 3396 4706 Orietur
3433 4648 3496 4701 iis
3537 4645 3627 4716 qui
3665 4641 3833 4696 Deum

2251 4733 2438 4818 timent
2472 4759 2553 4816 sol
2594 4757 2821 4830 justitim
2851 4754 2920 4817 ",
2950 4761 3012 4806 ut
3037 4754 3303 4819 appareat
3339 4743 3408 4798 iis
3427 4740 3519 4810 qui
3552 4735 3753 4792 sedent
3779 4733 3834 4787 in

2251 4854 2500 4912 tenebris
2518 4860 2577 4906 et
2601 4851 2658 4905 in
2693 4846 2890 4902 umbra
2925 4841 3140 4898 mortis.
3172 4838 3273 4893 Hic
3313 4845 3401 4891 est
3438 4831 3587 4888 enim
3626 4827 3711 4884 sol
3743 4823 3836 4896 qui

2251 4949 2429 5006 dicit:
2459 4946 2572 5017 Ego
2610 4943 2701 4997 tua:
2724 4940 2840 4995 veni
2890 4939 2947 4991 in
2993 4933 3250 4990 mundum
3277 4929 3326 4960 "
3363 4945 3380 4994 ;
3416 4927 3525 4980 hoc
3547 4929 3636 4978 est
3665 4939 3679 4975 :
3717 4933 3840 4974 eum

2251 5050 2404 5100 esset
2455 5013 2676 5096 subtilis
2731 5041 2792 5089 ut
2837 5032 2932 5086 lux
2963 5034 3190 5100 propter
3215 5021 3594 5082 divinitatem,
3629 5013 3842 5083 pudore

2257 5145 2344 5192 cst
2393 5131 2627 5188 allectus
2674 5133 2972 5197 propterea
3012 5115 3157 5188 quod
3197 5112 3413 5169 venerit
3453 5109 3507 5163 in
3552 5103 3842 5161 mundum.

2262 5228 2365 5293 Hic
2391 5234 2480 5281 est
2508 5224 2591 5279 sol
2621 5195 2691 5276 de
2723 5231 2834 5288 quo
2870 5213 3042 5270 etiam
3075 5209 3217 5264 dicit
3265 5200 3593 5276 proplietice
3621 5215 3636 5252 :
3665 5195 3848 5252 Oritu-

2260 5319 2340 5376 sol
2369 5320 2457 5384 ";
2495 5317 2605 5371 hoc
2656 5319 2769 5376 est,
2799 5307 2980 5364 tendit
3015 5303 3083 5359 ad
3121 5301 3354 5359 inferos.
3380 5307 3438 5351 et
3464 5305 3660 5348 rursus
3707 5289 3854 5342 «enit

3160 5576 3346 5636 Patre,
3376 5580 3638 5638 tanquam
3661 5563 3814 5618 Deus
3841 5573 3858 5612 :
