4098 6426
372 369 477 434 89τ
1443 372 1527 431 ΙΝ
1568 369 1953 431 ΗΕΧΛΕΜΕ]

2054 368 2121 427 Ν.
2158 393 2225 402 -
2260 369 2407 429 LIB.
2449 370 2548 431 ιν.
3544 371 3651 434 898

373 478 602 538 Etvado
655 478 726 534 ad
788 477 1008 533 Patrem
1041 478 1086 512 "
1133 491 1319 533 meum
1376 486 1641 548 tanquam
1702 477 1850 531 Deus
1901 484 1956 529 et
1989 486 2029 539 Α
2064 473 2186 529 Vidi
2219 475 2393 529 solem
2439 490 2609 545 super
2641 482 2847 530 terram
2881 486 3261 531 constructum
3306 490 3362 534 et
3396 495 3464 533 ex
3511 480 3649 535 dua-

365 572 563 629 Adam.
602 571 776 625 Porro
814 578 1001 624 autem
1052 568 1233 638 ipsum
1286 583 1511 637 quoque
1550 578 1754 620 nomen
1801 564 1955 628 solis,

366 664 516 736 quod
566 662 757 718 Graece
810 670 898 717 est
947 661 1122 733 ἣλιος,
1152 677 1275 716 ειιηι
1312 665 1385 716 sit
1435 660 1608 715 dictio
1661 657 1955 722 llebraica,

366 757 772 826 interpretatur
860 755 1024 813 Deus.
1110 755 1487 822 Quamobrem
1560 752 1822 807 Christus
1889 765 1959 804 ex

366 864 537 905 cruce
581 849 938 915 exclamavit,
971 847 1092 903 Heli
1137 847 1261 901 Heli
1313 862 1331 901 :
1372 845 1525 917 quod
1579 844 1957 914 interpretans

366 942 718 1013 evangelista
772 941 912 997 dicit
967 959 982 995 :
1048 939 1161 995 Hoc
1220 950 1318 1004 est,
1373 939 1514 992 Deus
1582 953 1750 1001 meus,
1813 935 1955 988 Deus

367 1050 520 1087 meus
562 1034 633 1095 “,
690 1041 814 1087 erat
858 1031 1010 1087 enim
1061 1031 1147 1086 sol
1201 1038 1363 1101 typus
1410 1028 1642 1085 Christi.
1698 1026 1857 1081 Unde
1909 1024 1956 1078 si

362 1141 440 1181 ex
476 1125 701 1181 homine
740 1124 966 1179 recedat
1022 1124 1222 1179 caloris
1251 1122 1524 1193 operatio,
1558 1120 1745 1175 statim
1784 1117 1956 1173 etiam

364 1219 486 1273 vita
517 1217 586 1272 ab
622 1233 691 1272 eo
728 1226 1025 1289 separatur
1059 1226 1115 1272 et
1152 1216 1221 1270 ad
1258 1224 1492 1270 mortem
1526 1212 1951 1275 transmittitur,

358 1326 474 1367 nos
533 1310 770 1365 docente
831 1311 1088 1379 exemplo
1141 1309 1290 1379 quod
1356 1307 1474 1378 ipsa
1515 1306 1723 1362 Christi
1775 1305 1956 1358 virtus

358 1405 557 1459 omnia
583 1402 852 1470 viviﬁeat,
879 1411 937 1458 et
975 1404 1072 1473 qui
1103 1404 1174 1457 ab
1203 1418 1269 1457 ea
1307 1408 1601 1471 separatur
1624 1413 1750 1453 onon
1774 1395 1955 1453 habet

356 1501 537 1554 vitam
568 1506 856 1561 aeternam,
882 1495 979 1550 sed
1007 1505 1093 1550 εει
1117 1503 1375 1549 mortuus
1402 1500 1651 1564 peccato.

437 1590 544 1657 Qui
581 1589 769 1659 itaque
796 1596 929 1647 sunt
973 1588 1206 1643 scrutati
1242 1589 1487 1642 rationes
1543 1595 1761 1640 natura:
1792 1599 1953 1640 crea-

356 1692 622 1737 turarum
671 1681 933 1736 dixerunt
982 1696 1106 1736 esse
1157 1679 1502 1736 ineﬂ‘abilem
1534 1686 1591 1734 et
1634 1680 1955 1747 incompre—

357 1774 709 1830 hensibilem
771 1772 1338 1841 contemperationem
1394 1779 1452 1824 et
1490 1769 1953 1841 compositionem

355 1877 583 1922 natura:
642 1865 798 1929 solis,
836 1871 899 1918 ut
922 1864 1017 1934 qui
1048 1863 1121 1918 sit
1154 1872 1320 1935 typus
1345 1878 1409 1917 ac
1438 1863 1614 1934 ﬁgura
1651 1859 1954 1915 ineliabilis

357 1960 592 2014 unionis
623 1957 924 2029 singularis
945 1956 1154 2012 Christi
1177 1957 1520 2027 hypostasis;
1542 1970 1610 2010 ex
1634 1954 1841 2024 quibus
1867 1961 1954 2008 est

352 2055 534 2108 etiam
563 2052 790 2106 divinus
819 2049 1076 2104 Basilius.
1112 2049 1249 2104 Nam
1275 2049 1320 2103 si
1354 2049 1435 2104 sol
1465 2056 1550 2103 est
1580 2048 1769 2102 lumen
1813 2047 1951 2101 sim-

354 2143 513 2210 plex,
553 2140 836 2211 quomodo
887 2138 1295 2194 admirabiliter
1342 2147 1400 2194 et
1445 2137 1953 2207 supernaturaliter

354 2236 624 2292 calefacit
652 2246 856 2289 terram
881 2234 903 2286 ?
933 2232 1044 2288 Sed
1072 2232 1119 2286 si
1153 2241 1238 2286 est
1271 2231 1416 2302 ignis
1444 2230 1954 2301 incontemperatus

355 2337 417 2384 et
456 2325 1180 2396 incommistus,quomodo
1228 2318 1458 2378 arbores
1509 2339 1620 2378 non
1671 2323 1955 2378 comburit

358 2429 418 2476 et
453 2419 726 2473 herbam?
767 2418 937 2474 Multa
970 2415 1179 2472 Christi
1211 2416 1465 2485 exempla
1492 2423 1547 2469 et
1575 2416 1955 2485 praecedentes

358 2515 575 2585 ﬁguras
604 2512 773 2567 habet
804 2512 908 2566 sol.
935 2510 1083 2580 Ignis
1107 2509 1256 2564 enim
1282 2509 1562 2563 nescimus
1589 2509 1954 2579 quemadmo-

364 2606 502 2659 dum
523 2618 588 2656 ει
616 2603 739 2671 ipso
762 2608 926 2657 exeat
945 2600 1399 2670 accendaturque
1424 2607 1481 2654 ει
1511 2600 1822 2654 exstinctus
1841 2614 1954 2670 quo

367 2694 575 2747 vadat:
608 2700 705 2746 aut
739 2691 1026 2761 quomodo
1062 2689 1275 2761 absque
1307 2690 1420 2744 ullo
1447 2690 1620 2760 ligno,
1650 2697 1747 2744 aut
1799 2704 1951 2753 cera,

367 2794 468 2841 aut
517 2787 702 2855 aliquo
743 2786 857 2840 alio
895 2784 1214 2855 huiusmodi
1255 2800 1447 2851 crasso
1500 2800 1734 2855 corpore
1788 2801 1954 2839 nemo

361 2886 550 2950 potest
570 2879 753 2948 ignem
777 2893 879 2949 per
904 2892 962 2933 se
984 2886 1041 2931 et
1076 2877 1289 2932 nudum
1337 2878 1608 2947 aspicere,
1636 2887 1734 2932 aut
1765 2886 1953 2933 tenere

357 2985 538 3041 super
579 2980 809 3032 terram,
840 2987 944 3025 nos
992 2973 1230 3026 docente
1279 2972 1536 3043 exemplo
1594 2972 1743 3042 quod
1789 2988 1954 3027 nemo

356 3065 508 3118 vidit
536 3064 741 3119 nudam
788 3063 999 3120 Christi
1047 3065 1398 3119 divinitatem
1442 3073 1538 3120 aut
1585 3066 1955 3122 contrectavit

354 3157 545 3212 donec
592 3172 819 3212 carnem
866 3159 1166 3229 acceperit.
1223 3159 1436 3214 Rursus
1481 3159 1626 3230 ignis
1671 3169 1756 3215 est
1807 3161 1953 3216 intra

353 3258 588 3306 omnem
619 3260 960 3315 creaturam,
992 3260 1048 3305 et
1078 3252 1133 3305 in
1168 3251 1354 3321 lignis,
1385 3262 1441 3306 et
1481 3253 1537 3306 in
1569 3253 1874 3324 lapidibus,
1898 3263 1956 3310 et

352 3341 415 3396 in
430 3341 614 3412 aquis,
628 3351 683 3396 et
699 3356 862 3396 nemo
877 3341 1142 3396 videtnec
1158 3358 1278 3396 com
1286 3343 1583 3412 prehendit
1598 3346 1958 3414 quemadmo-

353 3433 499 3489 dum
521 3434 577 3487 in
605 3433 741 3503 ipsis
770 3434 985 3489 habitet
1012 3450 1024 3487 :
1060 3435 1341 3505 quomodo
1373 3435 1523 3507 quod
1553 3444 1640 3492 est
1668 3428 1875 3508 ubique
1901 3447 1957 3493 et

352 3527 557 3584 omnia
599 3528 793 3597 implet
818 3527 1063 3583 Verbum
1088 3528 1206 3592 Dei,
1241 3527 1308 3587 de
1328 3543 1440 3598 quo
1461 3529 1598 3583 dicit
1621 3531 1909 3602 Scriptura
1938 3550 1952 3585 :

351 3620 509 3674 Deus
547 3628 726 3673 noster
764 3620 903 3691 ignis
942 3635 1255 3673 consumens
1295 3629 1373 3673 est
1396 3620 1463 3674 ³⁷.
1506 3621 1721 3676 Rursus
1768 3630 1952 3676 autem

352 3712 684 3768 invenimus
742 3710 888 3765 lunae
958 3720 1017 3766 et
1072 3710 1246 3765 stellis
1303 3710 1489 3764 lumen
1544 3712 1955 3783 suppeditari'a

355 3803 506 3868 sole,
566 3808 626 3855 ut
694 3801 900 3855 docent
962 3800 1059 3868 qui
1124 3798 1365 3853 maxime
1428 3808 1559 3853 sunt
1615 3800 1670 3854 in
1725 3807 1952 3854 externa

350 3893 572 3950 versati
638 3891 1034 3964 philosophia:
1071 3907 1131 3946 re
1192 3891 1358 3946 nobis
1401 3891 1748 3962 signiﬁcante
1805 3890 1954 3962 quod

353 4004 388 4045 a
418 3987 650 4044 Christo
699 3987 796 4057 qui
838 3986 990 4041 cadit
1031 3985 1135 4039 sub
1166 3984 1612 4056 intelligentiam,
1641 3986 1956 4041 illustratur

353 4079 619 4137 Ecclesia
650 4088 708 4133 et
735 4085 1054 4134 sanctorum
1078 4077 1396 4132 luminaria.
1429 4078 1550 4149 Ipse
1564 4078 1711 4132 enim
1732 4086 1817 4133 est
1836 4079 1951 4142 lux,

354 4175 429 4229 de
459 4187 572 4243 qua
606 4171 801 4226 dicunt
832 4170 1082 4227 Ecclesia
1107 4179 1164 4226 et
1189 4171 1324 4242 justi
1357 4188 1371 4224 :
1400 4170 1485 4224 Ea:
1513 4172 1627 4241 ejus
1664 4171 1803 4243 ignis
1837 4172 1954 4241 ple-

352 4266 606 4321 nitudine
643 4281 735 4318 nos
764 4280 944 4319 omnes
967 4264 1260 4335 accepimus
1285 4264 1353 4316 ⁸⁸.
1381 4263 1597 4330 Quibus
1619 4265 1786 4318 etiam
1816 4263 1954 4319 dicit

350 4374 428 4414 ex
487 4358 775 4413 adverso:
824 4357 923 4410 Vos
969 4359 1092 4412 estis
1154 4356 1247 4411 lux
1300 4359 1483 4413 mundi
1510 4359 1576 4413 ’⁸.
1626 4357 1703 4413 De
1747 4355 1955 4427 quibus

350 4465 561 4509 rursus
587 4450 727 4506 dixit
752 4450 933 4523 typice
966 4466 979 4504 :
1014 4448 1169 4503 Fiant
1192 4448 1483 4505 luminaria
1527 4450 1582 4503 in
1612 4448 1954 4519 ﬁrmamento

2062 566 2168 621 bus
2219 567 2393 622 rebus
2424 568 2794 638 compositum
2825 582 3059 637 :nempe
3107 568 3201 637 qui
3228 569 3386 640 prius
3428 580 3649 627 constet

2057 673 2125 712 ex
2150 658 2296 723 luce,
2324 669 2382 714 et
2408 675 2477 715 ex
2516 660 2643 731 igne
2681 671 2916 730 postea;
2962 659 3164 714 deinde
3210 670 3336 731 post
3375 663 3649 731 ejusmodi

2058 752 2519 821 compositionem
2546 763 2603 807 et
2634 753 2689 807 in
2724 752 3005 824 hypostasi
3040 753 3324 813 unionem.
3356 754 3411 808 in
3446 757 3649 812 cmlum

2056 856 2088 895 e
2117 849 2262 896 terra
2295 843 2575 897 sublatum
2601 852 2656 897 et
2678 843 3000 898 restitutum
3036 861 3049 898 :
3078 844 3217 898 nihil
3255 844 3406 899 aliud
3438 848 3650 916 aspicio

2057 950 2221 1005 quam
2255 935 2540 991 Christum
2586 937 2686 992 Dei
2737 937 2935 991 Filium
2988 953 3116 992 eum
3158 954 3325 993 carne
3372 939 3428 993 in
3479 947 3652 995 coctos

2056 1037 2427 1098 assumptum.
2463 1028 2565 1084 Hic
2610 1029 2761 1084 enim
2809 1037 2896 1085 est
2953 1030 3034 1086 sol
3084 1030 3155 1085 de
3209 1046 3321 1100 quo
3372 1034 3648 1102 scriptum

2008 1123 2012 1127 ’
2055 1126 2140 1173 εει
2179 1135 2194 1173 :
2238 1119 2403 1190 873
2431 1120 2497 1174 In
2540 1121 2669 1175 cazlo
2723 1124 2898 1192 posuit
2920 1123 3331 1177 tabernaculum
3377 1126 3596 1179 suum“
3631 1143 3646 1180 :

2055 1209 2163 1266 hoc
2192 1222 2278 1267 est
2308 1213 2472 1268 Verbi
2525 1212 2802 1270 divinitati
2854 1216 3000 1270 uniit
3043 1232 3198 1272 suam
3269 1234 3493 1273 carnem
3530 1238 3542 1272 :
3584 1220 3653 1275 Et

2053 1300 2167 1371 ipse
2211 1311 2474 1375 tanquam
2512 1322 2755 1376 sponsus.
2793 1307 2968 1363 Datus
2990 1316 3079 1363 est
3121 1310 3271 1364 enim
3307 1310 3378 1364 ad
3427 1313 3653 1382 nuptias

2055 1394 2312 1452 humanae
2342 1408 2555 1454 natura:
2588 1415 2618 1455 a
2646 1401 2808 1456 Patre
2842 1403 2938 1471 qui
2973 1416 3102 1456 eum
3133 1404 3346 1474 genuit.
3376 1402 3515 1459 Cum
3562 1405 3652 1459 in-

2054 1498 2315 1560 corrupta
2355 1500 2542 1547 aettem
2573 1494 2697 1563 ejus
2722 1509 2947 1564 sponsa,
2978 1510 3178 1564 nempe
3205 1511 3376 1552 carne
3410 1514 3423 1550 :
3451 1497 3648 1551 Proce-

2053 1578 2184 1634 dens
2220 1597 2284 1635 er-
2308 1582 2548 1637 thalamo
2569 1587 2726 1639 suo"
2761 1602 2776 1639 :
2806 1585 2980 1641 Matre
3019 1587 3236 1643 scilicet
3287 1606 3301 1641 :
3338 1590 3650 1644 Earsultabit

2055 1678 2315 1739 tanquam
2360 1674 2511 1743 gigas
2552 1681 2621 1728 ad
2658 1677 2982 1730 currendum
3016 1679 3157 1732 viam
3178 1679 3221 1709 ”
3247 1680 3305 1733 in
3345 1681 3516 1736 etelos
3548 1698 3563 1735 :
3597 1682 3643 1736 Α

2055 1778 2263 1817 summo
2280 1763 2573 1821 malefacta
2598 1776 2683 1822 est
2722 1771 2951 1841 egressio
2976 1770 3092 1842 ejus
3108 1771 3154 1804 ³³
3180 1772 3278 1841 qui
3299 1772 3367 1826 ad
3399 1789 3503 1827 nos
3525 1781 3645 1828 erat

2054 1870 2319 1926 egressus
2347 1874 2359 1911 :
2383 1858 2450 1912 Et
2477 1869 2607 1915 tunc
2623 1878 2873 1916 occursus
2897 1869 3012 1928 eius
3043 1880 3209 1930 usque
3226 1865 3295 1918 ad
3319 1880 3589 1920 summum
3605 1866 3652 1898 "

2055 1949 2259 2005 ccelum
2288 1952 2632 2008 recurrentis
2660 1954 2727 2009 ad
2756 1956 2999 2011 Patrem.
3036 1957 3143 2011 Per
3173 1956 3280 2013 hoc
3298 1974 3432 2030 ergo
3465 1975 3622 2014 exem
3644 1990 3656 2002 ε

2054 2043 2207 2112 plum
2254 2044 2535 2101 discamus
2580 2044 2907 2117 prophetice
2940 2089 2956 2113 ,
2990 2050 3165 2105 solem
3206 2069 3220 2107 :
3254 2067 3455 2122 nempe
3485 2052 3653 2108 Chri-

2053 2145 2220 2202 stum,
2258 2136 2312 2190 in
2335 2138 2476 2193 cmlo
2497 2148 2817 2195 currentem
2840 2158 2853 2195 :
2875 2156 3042 2211 quem
3064 2143 3231 2197 etiam
3257 2144 3653 2216 praesignifica-

2053 2227 2134 2281 vit
2192 2229 2340 2283 Elias
2394 2245 2633 2303 currens
2686 2249 2790 2304 per
2846 2235 3142 2291 aethera".
3204 2236 3404 2292 Stcllas
3464 2248 3650 2294 autem

2054 2317 2298 2388 desuper
2345 2335 2413 2373 ex
2472 2319 2821 2377 ﬁrmamento
2843 2364 2857 2389 ,
2911 2324 3040 2379 dico
3074 2333 3297 2382 sanctos
3333 2328 3562 2398 angelos
3592 2328 3651 2383 in

2053 2424 2183 2464 eum
2229 2410 2536 2479 intuentes,
2582 2427 2805 2468 sursum
2844 2414 2914 2469 ad
2946 2416 3130 2486 ipsum
3182 2428 3561 2484 recurrentes,
3594 2428 3653 2474 et

2054 2515 2250 2557 omnes
2270 2502 2384 2558 cito
2411 2503 2480 2558 ad
2512 2520 2641 2560 eum
2674 2517 3042 2563 occurrentes
3081 2519 3139 2564 et
3178 2509 3476 2566 adorantes
3511 2511 3651 2566 cho-

2053 2606 2258 2662 rosque
2288 2594 2560 2650 ducentes
2588 2604 2645 2650 et
2676 2596 2930 2653 dicentes
2963 2601 3242 2669 supremis
3270 2617 3463 2657 eorum
3494 2604 3653 2674 prin-

2055 2682 2276 2751 cipibus
2296 2700 2309 2737 :
2335 2684 2579 2739 Attollite
2600 2694 2804 2756 portas,
2821 2689 3106 2760 principes,
3128 2700 3332 2745 vestras
3350 2691 3417 2756 “,
3432 2700 3490 2748 et
3506 2695 3653 2748 viam

2057 2774 2276 2831 munite
2297 2777 2348 2832 ei
2381 2779 2474 2849 qui
2505 2780 2742 2833 ascendit
2772 2796 2935 2852 super
2958 2798 3225 2848 occasum,
3262 2800 3414 2839 nunc
3445 2786 3503 2840 in
3537 2803 3653 2842 cm-

2054 2867 2171 2921 lum
2228 2868 2353 2924 coeli
2407 2869 2475 2923 ad
2508 2879 2692 2925 ortum
2732 2872 2899 2927 solis.
2939 2872 3101 2930 Nunc
3156 2875 3305 2929 enim
3341 2877 3592 2932 ascendit
3621 2896 3652 2932 a

2056 2967 2206 3012 terra
2239 2974 2410 3029 super
2436 2959 2765 3025 Cherubim,
2796 2971 2856 3015 et
2906 2970 3172 3020 extensus
3215 2975 3301 3019 est
3347 2965 3415 3020 ad
3458 2967 3652 3024 εεειοε.

2055 3049 2341 3106 Extensus
2389 3062 2476 3107 est
2519 3062 2707 3108 autem
2756 3054 2971 3109 habens
3000 3054 3142 3110 duas
3174 3056 3291 3111 alas
3332 3056 3399 3111 ut
3439 3058 3534 3128 qui
3581 3061 3654 3114 sit

2057 3139 2224 3196 simul
2242 3141 2389 3197 Deus
2402 3149 2460 3196 ει
2483 3142 2671 3208 homo,
2707 3160 2869 3214 super
2891 3161 3095 3215 pennas
3110 3156 3388 3202 ventorum
3403 3148 3446 3179 "
3484 3149 3654 3218 spiri-

2005 3224 2023 3244 ‘
2059 3240 2216 3286 tuum
2248 3234 2710 3301 incorporeorum
2758 3236 2856 3305 qui
2898 3252 2992 3293 sex
3036 3238 3244 3293 habent
3274 3240 3410 3294 alas.
3452 3241 3521 3295 Et
3555 3257 3654 3311 po-

2057 3328 2162 3380 suit
2180 3326 2421 3381 tenebras
2445 3326 2728 3386 latibulum
2755 3344 2912 3385 suum
2930 3327 2998 3395 ‘3,
3023 3337 3085 3384 ut
3109 3331 3204 3400 qui
3230 3332 3302 3385 sit
3332 3332 3652 3399 ineffabilia,

2059 3418 2474 3483 inenarrabilis,
2502 3430 2561 3476 et
2588 3421 2685 3493 qui
2728 3423 3095 3495 intelligentia
3129 3439 3242 3479 non
3273 3434 3459 3495 potest
3498 3442 3654 3482 com-

2057 3515 2355 3585 prehendi,
2388 3516 2624 3585 gcminre
2651 3516 2868 3572 scilicet
2898 3525 3131 3573 naturae.
3161 3518 3277 3573 Hoc
3300 3520 3449 3574 enim
3476 3521 3653 3593 signi-

2058 3608 2223 3665 ﬁcant
2252 3611 2517 3676 tenebrae,
2544 3620 2607 3667 ut
2629 3611 2748 3681 qui,
2778 3611 3079 3681 quomodo,
3099 3613 3380 3669 neminem
3398 3614 3656 3677 docuerit

2059 3698 2282 3754 etiamsi
2310 3700 2365 3754 in
2390 3700 2495 3755 hac
2510 3700 2697 3770 specie
2715 3700 2889 3756 obscu
2899 3716 2973 3755 rae
2994 3712 3052 3756 et
3075 3701 3374 3758 inell'abilis
3394 3704 3652 3760 ineffabi-

2056 3791 2234 3847 litatis
2260 3792 2609 3863 ingrediatur
2632 3801 2689 3847 et
2716 3793 2914 3847 subeat
2947 3793 3104 3848 sinus
3128 3795 3332 3858 Patris,
3358 3797 3567 3852 circum
3591 3815 3655 3856 se

2057 3881 2274 3939 habens
2309 3886 2396 3952 (ut
2422 3883 2517 3952 qui
2552 3884 2625 3939 sit
2659 3883 2806 3938 Deus
2836 3891 2894 3937 et
2923 3883 3193 3955 Verbum)
3224 3886 3649 3942 tabernaculum

2057 3976 2145 4031 sui
2175 3975 2433 4046 corporis
2465 3975 2520 4029 in
2565 3990 2678 4047 quo
2705 3975 2980 4033 habitavit
3021 3975 3161 4030 citra
3194 3977 3362 4032 ullam
3408 3980 3654 4033 circum-

2058 4070 2447 4141 scriptionem,
2470 4086 2538 4125 eo
2573 4085 2685 4125 non
2720 4069 2978 4141 deposito
3016 4068 3143 4141 (etsi
3170 4087 3199 4124 a
3225 4072 3392 4127 nobis
3422 4074 3648 4129 absces-

2057 4162 2243 4235 serit),
2274 4172 2337 4218 ut
2363 4162 2622 4220 nonnulli
2672 4163 2742 4218 de
2781 4178 2849 4218 eo
2902 4165 3046 4219 male
3084 4163 3509 4236 disceptarent:
3550 4167 3649 4221 sed

2058 4262 2320 4329 tanquam
2356 4256 2414 4310 in
2450 4256 2814 4311 tabernaculo
2846 4255 3216 4318 lucidissime.
3239 4258 3465 4313 liberoa
3490 4268 3653 4315 natu-

2058 4352 2273 4406 ralibus
2303 4349 2743 4405 obscuritatibus
2776 4359 2834 4405 et
2868 4349 3262 4406 aﬂ‘ectionibus
3293 4350 3348 4409 in
3383 4368 3451 4408 eo
3486 4354 3651 4413 habi-

2058 4452 2137 4498 tat
2166 4442 2332 4499 etiam
2365 4452 2490 4514 post
2518 4458 2679 4497 suum
2715 4457 2745 4496 ιι
2777 4442 2941 4497 nobis
2966 4442 3275 4499 discessum
3310 4455 3369 4501 et
3397 4457 3484 4502 est
3510 4464 3652 4519 aqua

353 4544 504 4608 caeli,
536 4541 685 4612 quod
716 4541 969 4597 ascendit
1003 4556 1033 4595 a
1062 4548 1207 4594 terra
1236 4549 1298 4594 ut
1323 4549 1619 4612 appareret
1642 4556 1810 4613 supra
1841 4550 1950 4596 ter—
1984 4532 2028 4589 D
2057 4535 2320 4599 Obscura.
2348 4533 2445 4588 sed
2477 4534 2533 4588 in
2572 4533 2817 4588 nubibus
2845 4534 3010 4589 acris.

354 4652 508 4691 ram.
538 4634 696 4691 Unde
720 4634 889 4688 etiam
915 4633 1188 4689 discimus
1217 4632 1644 4697 admirabiliter,
1671 4644 1727 4687 et
1751 4645 1952 4704 praeter

354 4725 616 4782 omnium
641 4722 985 4793 opinionem,
1013 4722 1164 4794 quod
1194 4723 1313 4778 haec
1330 4722 1517 4778 omnia
1547 4722 1707 4794 prius
1731 4722 1785 4777 in
1805 4731 1950 4777 terra

349 4818 505 4873 facta
553 4826 706 4885 sunt,
750 4816 954 4873 deinde
978 4818 1121 4872 C(BIO
1154 4825 1286 4871 sunt
1327 4816 1569 4870 tradita:
1602 4826 1862 4886 tanquam
1904 4816 1949 4871 si

354 4923 513 4968 terra
564 4920 694 4966 ante
742 4911 944 4966 cretum
993 4910 1167 4964 ditata
1217 4909 1291 4964 sit
1338 4907 1546 4964 Christi
1598 4909 1861 4980 mysterio
1895 4919 1953 4964 et

352 5006 626 5067 adventu.
670 5014 728 5061 et
785 5004 990 5059 deinde
1054 5012 1180 5074 post
1221 5004 1683 5074 compositionem
1726 5013 1782 5059 et
1817 5020 1955 5059 con-

350 5100 727 5157 structionem
761 5100 829 5154 ad
860 5096 1062 5155 cwlum
1098 5108 1155 5152 et
1184 5098 1252 5153 ad
1280 5097 1645 5169 intelligentia
1676 5114 1798 5168 qum
1823 5088 1954 5155 sunt

354 5195 419 5249 in
448 5195 592 5249 uelo
628 5192 923 5248 luminaria
962 5190 1300 5246 transmittat
1332 5191 1387 5244 in
1408 5191 1528 5261 ejus
1550 5190 1948 5260 assumptione.

356 5286 481 5356 Ego
506 5285 731 5356 quidem
765 5295 916 5341 certe
951 5284 1118 5339 audio
1146 5275 1375 5338 Paulum
1405 5284 1707 5347 dicentem,
1738 5283 1823 5336 vel
1856 5297 1954 5353 po-

357 5378 478 5431 tius
528 5375 584 5430 in
628 5393 694 5432 eo
739 5376 1082 5432 habitantem
1117 5383 1370 5429 sanctum
1418 5373 1683 5444 Spiritum
1736 5374 1953 5442 procla-

356 5478 610 5524 mantem
646 5486 660 5523 :
700 5467 899 5524 Omnia
930 5469 987 5523 in
1030 5467 1235 5522 Christi
1280 5476 1466 5538 typum
1492 5467 1634 5535 facta
1662 5472 1808 5528 sunt,
1846 5473 1955 5517 tam

354 5575 483 5631 qua
533 5569 657 5614 sunt
700 5560 755 5613 in
788 5558 929 5614 caelis
974 5575 1138 5631 quam
1187 5572 1305 5627 qam:
1351 5556 1490 5610 fiunt
1530 5571 1690 5626 super
1731 5564 1952 5609 terram.

436 5701 482 5734 ³⁸
510 5700 670 5756 Joan.
698 5717 820 5765 xvi,
851 5700 941 5755 ‘28.
1019 5701 1065 5732 ³⁸
1099 5699 1292 5754 Matth.
1322 5714 1487 5757 xxvii.
1526 5700 1616 5754 46.

353 5773 416 5826 6.
497 5774 536 5804 ³⁸
568 5773 700 5827 ibid.
782 5775 826 5805 ³¹
866 5774 936 5825 ili.
962 5774 1007 5828 7.
1075 5773 1118 5802 ³³
1145 5772 1276 5824 ibid.
1355 5772 1397 5801 ³’
1428 5770 1561 5823 ἰὲιὶιΙ.

354 5844 598 5911 xv:t,l‘2.
675 5845 720 5877 ³¹⁹
745 5844 889 5899 l’sal.
932 5858 1042 5906 ειη,
1074 5843 1164 5896 25.
1248 5844 1291 5872 τυ
1330 5841 1467 5896 Cen.
1504 5857 1541 5907 l,
1592 5841 1683 5895 ξε.

1693 5702 1738 5731 ’⁷
1768 5703 1929 5757 Deut.
1966 5718 2038 5765 tv,
2070 5703 2159 5756 (Μ.

1670 5772 1713 5799 ³τ
1745 5773 1806 5828 IV
1839 5775 1971 5840 llvg.
2009 5788 2066 5835 ιι,
2100 5774 2178 5825 Η.

1767 5845 1802 5873 ⁸⁸
1840 5845 2069 5899 Zachut'.
2100 5859 2175 5898 λιι
2207 5881 2221 5906 ,
2252 5842 2303 5897 8.

2120 4629 2331 4697 Aquam
2357 4634 2542 4681 autem
2570 4625 2663 4679 hic
2692 4625 2830 4680 dicit
2863 4626 3162 4683 humanam
3188 4637 3470 4695 naturam,
3511 4645 3652 4685 con.

2048 4719 2342 4775 venienter
2371 4718 2423 4773 ei
2444 4717 2594 4788 quod
2626 4718 2893 4788 scriptum
2933 4719 3123 4773 :‘Mare
3147 4738 3402 4793 magnum
3439 4733 3489 4776 et
3522 4740 3648 4794 spa-

2052 4813 2247 4867 tiosum
2267 4812 2348 4879 1i’;
2395 4825 2596 4881 nempe
2625 4810 2866 4864 humana
2889 4822 3085 4866 natura
3115 4828 3239 4879 quze
3272 4822 3432 4869 estet
3463 4816 3569 4868 lata
3593 4825 3645 4878 et

2052 4904 2345 4959 abundans
2376 4902 2768 4968 multitudine;
2799 4902 2867 4957 de
2893 4919 3000 4973 qua
3029 4906 3238 4960 dictum
3263 4917 3349 4962 est
3382 4925 3395 4960 :
3427 4907 3654 4969 Crescite

2062 5010 2110 5052 et
2165 4997 2620 5067 multiplicamini.
2667 5007 2712 5050 el
2755 4997 2971 5069 implete
2998 4999 3261 5055 terram"
3292 5001 3345 5054 in
3378 5018 3485 5071 qua
3522 5015 3654 5062 sunt

2060 5091 2280 5162 reptilia
2323 5106 2561 5160 quorum
2599 5107 2710 5145 non
2753 5099 2834 5146 est
2883 5108 3178 5158 numerus,
3236 5109 3435 5165 nempe
3464 5105 3655 5165 gentes

2059 5200 2182 5253 qua:
2215 5184 2502 5240 ambulant
2533 5198 2700 5255 super
2730 5194 2926 5255 pectus
2953 5192 3009 5240 et
3031 5197 3304 5252 ventrem,
3329 5197 3388 5245 ut
3411 5205 3533 5258 qua:
3562 5193 3656 5245 ine

2055 5278 2301 5331 serviant
2325 5283 2380 5330 ει
2420 5276 2713 5346 voluptati,
2746 5285 3043 5350 propterea
3076 5278 3223 5348 quod
3252 5282 3520 5351 sanguine
3554 5282 3655 5337 des-

2056 5370 2333 5423 lectcntur
2356 5376 2412 5423 et
2446 5369 2711 5441 ingluvie.
2750 5370 2819 5424 Et
2842 5386 3061 5438 rursus,
3093 5372 3311 5428 utdicit
3355 5374 3499 5430 alius
3529 5390 3661 5444 pro-

2057 5465 2225 5536 pheta
2252 5484 2263 5519 :
2303 5465 2624 5536 Egredietur
2641 5483 2782 5537 aqua
2815 5484 2873 5521 ea
2895 5464 3046 5528 Sion.
3076 5478 3125 5521 et
3155 5469 3436 5525 dimidium
3462 5471 3574 5541 ejus
3599 5472 3657 5524 in

2060 5574 2210 5612 mare
2239 5559 2495 5629 primum,
2519 5567 2567 5613 ct
2598 5559 2881 5614 dimidium
2905 5561 3021 5630 ejus
3049 5561 3103 5615 iu
3133 5578 3282 5616 mare
3317 5562 3564 5618 ultimum
3587 5565 3654 5629 “,

2239 5702 2285 5733 "
2305 5702 2466 5759 Joan.
2503 5703 2635 5766 1,16.
2727 5703 2773 5735 ”
2811 5702 3003 5759 Matth.
3039 5721 3094 5768 v,
3131 5704 3217 5758 14.
3249 5705 3297 5736 ³⁰
3332 5703 3475 5759 Psal.
3504 5722 3653 5768 xm.

2395 5773 2438 5805 “
2469 5774 2610 5828 I’sal.
2632 5790 2784 5841 xxm,
2821 5775 2872 5827 7.
2952 5775 2995 5806 ³⁷
3031 5776 3178 5831 Psal.
3212 5792 3321 5840 ειη,
3344 5774 3397 5829 5.
3428 5776 3473 5809 ³⁸
3510 5779 3654 5842 l’sai.
