4098 6430
480 354 592 420 8'99
1698 349 1759 406 S.
1806 347 1949 406 ΛΝΑ
1960 345 2082 405 5Τεὶ

2184 346 2204 404 l
2248 344 2423 404 SINA
2436 344 2576 403 l’I’di
3654 341 3753 404 900

488 481 684 538 ..empe
709 464 948 526 Judaeos,
980 461 1073 532 qui
1124 462 1281 531 prius
1323 468 1455 515 sunt
1481 462 1696 525 vocati,
1729 470 1785 515 et
1830 460 2065 529 gentiles
2095 468 2139 521 Α
2167 473 2403 529 quanam
2432 465 2616 511 autem
2634 456 2701 512 de
2733 470 2897 512 causa
2917 471 3027 511 non
3048 454 3322 511 fecithaec
3343 454 3757 511 duolumlnaria

483 561 579 635 qui
607 569 815 629 postea.
845 555 984 610 Num
1008 554 1168 616 enim,
1207 554 1386 624 inquit
1414 553 1726 623 Apostolus,
1756 552 2067 606 Judworum
2171 549 2337 603 unius
2368 548 2537 602 etiam
2563 548 2906 618 operationis
2937 547 3239 617 formaeque
3294 555 3356 605 et
3399 547 3626 617 speciei.
3669 550 3758 604 sed

484 652 658 709 solum
682 649 909 705 estDeus
930 649 954 701 ?
974 646 1126 702 Certe
1143 658 1192 700 et
1213 646 1523 717 gentium“.
1549 646 1646 699 Est
1667 643 1839 709 enim,
1864 641 2067 710 inquit,
2170 640 2341 695 solem
2369 639 2593 710 quidem
2617 638 2751 694 fecit
2772 638 2939 694 etiam
2958 647 3211 693 urentem
3236 648 3296 693 et
3326 638 3757 693 illuminantcm;

486 759 631 814 aqua
673 742 930 804 obscura,
998 753 1197 807 nempe
1234 752 1346 791 non
1396 735 1707 791 illuminata
1766 732 1836 787 ad
1864 746 2071 801 cogno.
2172 733 2361 788 lunam
2385 731 3045 801 autcm,etipsametiam
3071 730 3484 788 illuminantem
3508 731 3758 789 etbume-

488 837 777 901 scendum,
798 842 855 889 et
876 848 987 887 non
1024 830 1220 884 didicit
1246 827 1525 899 quomodo
1558 826 1631 881 sit
1651 826 1816 889 Dens,
1847 833 1905 879 et
1924 838 2074 878 nunc
2174 832 2414 880 ctantem
2434 824 2455 862 ⁸³
2475 824 2615 879 Num
2630 823 2857 878 omnino
2881 824 2936 878 in
2961 832 3148 895 typum
3167 823 3377 885 Christi
3395 833 3452 878 et
3478 824 3755 881 Ecclesiae?

488 936 576 982 est
598 942 724 981 cum
750 936 1004 993 corpore,
1024 920 1091 974 de
1108 935 1176 975 eo
1192 928 1379 974 autem
1406 919 1567 988 plane
1591 925 1676 970 est
1697 930 1911 979 secura,
1937 929 2077 984 quo-
2175 913 2311 968 Nam
2341 914 2522 984 justos
2539 913 2765 983 quidem
2782 913 2875 968 hic
2903 914 2985 968 sol
3005 912 3306 978 illuminat;
3333 928 3431 968 eos
3458 923 3641 968 autem
3667 915 3755 984 qui

492 1022 656 1077 modo
680 1020 849 1076 etiam
882 1033 942 1071 se
974 1015 1182 1069 habent
1212 1013 1390 1067 nubes
1419 1010 1605 1075 actim,
1653 1024 1852 1079 nempe
1896 1007 2073 1063 subli-

492 1131 580 1169 me
609 1114 856 1168 volantes
874 1117 930 1163 et
950 1107 1205 1163 caelestes
1232 1103 1414 1175 angeli
1449 1122 1462 1158 :
1493 1118 1674 1171 neque
1693 1101 1843 1161 enim
1874 1099 1986 1160 illis
2006 1114 2074 1154 ex

495 1206 751 1279 mysterio
784 1202 1084 1258 revelatum
1127 1208 1212 1253 est
1242 1195 1544 1267 quomodo,
1593 1203 1887 1265 propterea
1924 1191 2079 1262 quod

494 1300 561 1353 ab
597 1299 717 1368 ejus
772 1293 1071 1364 splendore
1119 1290 1299 1344 nubes
1349 1288 1481 1358 ipsa:
1530 1287 1920 1349 transierunt,
1979 1283 2077 1339 sed

492 1390 657 1445 etiam
686 1386 1077 1457 praeterierunt
1102 1391 1159 1439 et
1190 1381 1473 1452 fugerunt,
1506 1388 1563 1435 et
1594 1385 2077 1433 retrocesserunt:

493 1490 579 1536 est
595 1481 743 1535 enim
770 1478 852 1535 eis
877 1478 1137 1538 celatum,
1171 1490 1275 1530 nec
1298 1479 1531 1545 possunt
1558 1471 1701 1529 scire
1720 1468 2083 1541 quemadmo-

494 1575 625 1629 dum
663 1572 777 1627 sint
796 1571 852 1624 in
885 1585 1056 1624 unum
1084 1568 1207 1623 dum
1230 1575 1462 1621 natum.

569 1662 777 1719 Deinde
846 1660 1131 1730 subjungit
1174 1658 1345 1713 etiam
1408 1669 1629 1710 causam
1694 1651 2076 1724 ignorationis.

496 1755 763 1821 Quoniam
788 1761 883 1817 est,
911 1750 1116 1820 inquit,
1149 1765 1296 1804 mare
1316 1755 1374 1801 et
1391 1746 1663 1802 carbones
1691 1745 1856 1817 ignis,
1879 1759 2079 1814 nempe

2178 1006 2515 1061 ustulatione
2534 1021 2675 1075 opus
2701 1007 2909 1061 habent
2927 1017 2985 1062 et
3030 1014 3387 1076 peccatorum
3417 1008 3755 1076 purgatione,

2180 1094 2315 1148 urit.
2341 1095 2575 1150 Dicebat
2592 1094 2780 1166 itaque
2798 1112 2812 1149 :
2830 1095 3016 1166 Ignem
3031 1099 3150 1152 veni
3170 1097 3381 1150 mittere
3409 1098 3467 1153 in
3493 1099 3755 1152 terram".

2180 1185 2338 1243 Luna
2366 1197 2557 1241 autem
2575 1227 2592 1251 ,
2623 1202 2827 1256 nempe
2858 1188 3131 1253 Ecclesia,
3160 1188 3440 1244 ilhminat
3468 1188 3758 1259 prsidii-aus

2181 1278 2533 1343 Trinitatem,
2579 1279 2861 1335 humectat
2892 1289 3076 1334 autem
3094 1321 3108 1345 ,
3132 1280 3385 1349 prtebens
3411 1281 3759 1350 baptisma.

2250 1371 2515 1431 Nonnulli
2549 1372 2743 1427 dicunt
2792 1373 2981 1433 lunam
3023 1388 3146 1428 esse
3181 1373 3419 1444 figuram
3472 1373 3757 1444 Scriptura

2181 1463 2320 1534 legis
2353 1473 2410 1539 ej
2455 1465 2639 1519 cultus
2673 1465 2770 1534 qui
2816 1473 2903 1520 est
2934 1465 2992 1519 in
3032 1465 3341 1538 Synagoga,
3392 1467 3492 1537 qui
3523 1469 3756 1538 quotidie

2182 1557 2386 1611 multos
2434 1557 2668 1627 suscipit
2693 1558 2868 1615 divini
2898 1559 3123 1615 luminis
3148 1559 3404 1615 defectus
3439 1567 3497 1616 et
3522 1561 3754 1616 diminu-

2182 1647 2386 1704 tiones.
2420 1648 2532 1702 Nos
2559 1655 2745 1703 autem
2773 1648 3086 1716 audientes,
3118 1650 3266 1720 quod
3299 1652 3388 1707 sol
3421 1660 3756 1711 constructus

2183 1737 2255 1792 sit
2279 1737 2515 1807 primus,
2543 1748 2599 1793 et
2628 1747 2823 1808 postea
2873 1739 3026 1804 luna,
3066 1754 3168 1795 nos
3211 1755 3335 1796 eam
3386 1741 3755 1805 existimamus

494 1846 700 1902 Christi
736 1843 1086 1907 humanitas;
1130 1850 1215 1895 est
1244 1839 1394 1894 enim
1422 1854 1551 1896 caro
1591 1848 1650 1893 et
1693 1852 1804 1895 non
1830 1853 1982 1901 caro,
2013 1854 2084 1893 ne
2116 1822 2157 1875 Β
2188 1830 2363 1900 magis
2395 1845 2517 1886 esse
2552 1840 2739 1902 typum
2791 1830 3000 1889 Christi
3047 1831 3331 1899 EccleSiIB,
3375 1843 3440 1893 ut
3485 1834 3757 1905 corijugem

496 1936 774 2006 intelligas
799 1934 906 1987 hoc
926 1946 1131 2001 corpus
1153 1945 1274 1985 esse
1315 1927 1526 1998 aliquid
1548 1928 1791 1983 alterum
1825 1944 1839 1977 :
1874 1927 2085 1998 grando

493 2026 643 2081 enim
676 2033 763 2080 est
791 2037 934 2093 aqua
966 2030 1023 2077 et
1046 2037 1156 2076 non
1195 2036 1359 2091 aqua.
1385 2021 1567 2090 Aqua,
1605 2028 1667 2081 ut
1693 2035 1818 2090 quae
1841 2018 1984 2074 facta
2013 2020 2087 2074 sit

494 2135 562 2174 ex
594 2118 686 2172 illa
721 2135 734 2171 :
765 2132 878 2171 non
909 2131 1072 2185 aqua,
1108 2122 1169 2168 ut
1220 2096 1344 2183 quae
1383 2113 1754 2169 concreverit.
1790 2113 1861 2169 Ut
1894 2120 2083 2167 autem

494 2210 677 2264 discas
718 2206 903 2269 carnis
932 2204 1101 2260 Verbi
1133 2203 1513 2263 diversitatem
1550 2212 1614 2260 .et
1651 2218 1763 2258 non
1793 2202 2090 2259 diversita-

497 2308 608 2354 tem
642 2316 655 2352 :
684 2298 801 2363 Est,
835 2297 1037 2366 inquit,
1080 2296 1251 2351 carbo
1279 2296 1460 2367 ignis,
1494 2304 1748 2365 exempta
1778 2294 1995 2350 scilicet
2017 2311 2086 2350 ex

494 2391 787 2447 divinitate
808 2396 1071 2459 tanquam
1093 2402 1161 2443 ex
1174 2386 1689 2457 comprehensione.
1713 2385 1895 2441 Carbo
1913 2385 2083 2452 enim,

495 2485 710 2556 lignum
754 2492 814 2537 et
843 2496 958 2555 non
1002 2481 1236 2551 lignum,
1270 2487 1358 2534 est
1410 2488 1701 2549 exemptus
1725 2478 1800 2539 ab
1838 2478 1963 2550 igne
1987 2478 2087 2549 qui

494 2585 580 2633 est
607 2576 665 2631 in
687 2590 755 2631 eo
774 2581 1091 2631 contentus.
1128 2571 1369 2643 ignitum
1409 2571 1558 2627 enim
1588 2571 1726 2627 dicit
1761 2571 2083 2635 carbonem.

496 2669 606 2723 hoc
626 2665 776 2737 quod
798 2667 1103 2723 carbonem
1149 2662 1316 2719 efﬁcit
1333 2704 1348 2728 ,
1374 2663 1526 2732 quod
1562 2678 1783 2722 sursum
1822 2663 2003 2719 fertur
2031 2672 2089 2719 et

495 2770 582 2815 est
612 2759 852 2826 subtile;
903 2757 959 2812 id
1002 2765 1187 2812 autem
1229 2756 1379 2825 quod
1412 2754 1472 2810 fit
1517 2755 1717 2821 carbo,
1741 2755 1795 2810 id
1817 2755 1969 2825 quod
2003 2762 2090 2810 est

496 2849 642 2904 intra
669 2857 832 2905 etest
861 2862 1134 2909 crassum.
1169 2845 1439 2902 Divinitas
1465 2844 1618 2901 enim
1646 2852 1738 2899 est
1765 2857 1833 2898 ex
1862 2843 1930 2898 iis
1964 2858 2090 2913 quas

496 2949 627 2996 sunt
651 2955 853 3009 supra,
890 2938 1211 2994 humanitas
1246 2944 1434 2992 autem
1475 2950 1545 2991 ex
1578 2934 1648 2990 iis
1671 2950 1796 3004 qum
1823 2942 1955 2990 sunt
1998 2932 2086 2988 in-

496 3032 601 3095 fra,
650 3030 869 3087 etiamsi
923 3045 985 3085 se
1027 3030 1322 3099 attingant.
1375 3028 1447 3085 Et
1496 3026 1625 3085 ideo
1651 3026 1974 3099 Gregorius,
2030 3027 2087 3081 in

499 3123 771 3193 theologia
793 3121 1213 3185 celeberrimus,
1252 3136 1363 3176 non
1390 3129 1616 3175 veretur
1643 3119 1830 3176 dicere
1860 3134 2084 3175 carnem

2185 1919 2394 1981 Christi
2430 1940 2444 1976 :
2480 1923 2586 1978 hoc
2639 1922 2789 1977 enim
2838 1921 3108 1979 docemur
3142 1939 3244 1995 per
3296 1940 3394 1983 res
3450 1925 3618 2005 ipsas.
3667 1925 3756 1980 Die

2184 2014 2335 2070 enim
2375 2015 2432 2069 in
2464 2029 2576 2086 quo
2599 2014 2705 2070 fuit
2744 2024 2944 2085 quarta
2972 2014 3191 2071 decima
3221 2017 3357 2073 luna
3386 2018 3443 2079 in
3476 2018 3753 2089 principio,
3852 2050 3857 2057 ~

2183 2124 2252 2165 eo
2277 2107 2369 2164 die
2393 2110 2581 2180 jussus
2609 2117 2695 2163 est
2724 2107 2893 2162 Israel
2917 2107 3193 2178 imprimis
3215 2108 3538 2168 sacriﬁcare
3566 2110 3757 2166 Pascha

2187 2200 2244 2260 in
2266 2207 2457 2271 typum
2487 2198 2693 2254 Christi
2720 2216 2731 2251 :
2776 2198 2925 2259 unde
2949 2200 3119 2255 etiam
3154 2202 3267 2261 huc
3301 2217 3486 2273 usque
3511 2203 3751 2259 eumdem

2185 2301 2446 2362 quartum
2476 2290 2754 2346 decimum
2775 2290 2925 2347 diem
2958 2301 3183 2348 servant
3210 2294 3417 2361 Judaei,
3459 2296 3751 2351 nescientes

2186 2383 2321 2454 quid
2346 2390 2595 2443 servent,
2615 2382 2671 2438 Si
2686 2398 2821 2455 ergo
2845 2398 3022 2454 agnus
3040 2384 3337 2454 Christum
3366 2387 3752 2460 praefigurabat,

2185 2486 2271 2534 est
2301 2477 2660 2548 perspicuum
2685 2518 2700 2539 .
2754 2478 2909 2548 quod
2954 2479 3105 2535 lunze
3132 2495 3361 2550 quoque
3400 2479 3520 2537 dies
3559 2480 3649 2551 qui
3682 2488 3757 2535 est

2185 2569 2364 2639 plena:
2391 2570 2561 2634 lunae,
2595 2568 2870 2640 significat
2899 2570 3311 2640 plenitudinem
3360 2572 3618 2629 Ecclesia:
3645 2587 3760 2642 pro-

2186 2670 2311 2732 pter
2334 2678 2499 2730 quam
2543 2661 2798 2718 Christus
2828 2671 2915 2719 est
2938 2664 3299 2719 sacriﬁcatus.
3338 2665 3556 2721 Etenim
3593 2664 3757 2735 ipsum

2186 2754 2309 2824 ejus
2342 2769 2547 2809 nomen
2591 2754 2866 2825 significat
2893 2755 3146 2826 gratiam,
3182 2771 3392 2828 nempe
3432 2754 3760 2827 baptismatis

2189 2844 2689 2915 regenerationem.
2719 2844 2925 2916 Σεληνὴ
2942 2845 3114 2909 enim,
3141 2844 3196 2900 id
3208 2854 3296 2901 est
3322 2847 3481 2911 luna,
3506 2847 3757 2918 interpm

2191 2944 2338 2997 tatur
2356 2937 2513 3002 σέλας
2547 2936 2777 3008 νηπίων,
2809 2936 2864 2991 id
2892 2946 2995 3006 est,
3022 2937 3201 3009 fulgor
3232 2937 3554 3004 infantium,
3576 2949 3632 2996 et
3650 2954 3757 2993 om:

2189 3029 2348 3084 nium
2375 3029 2472 3101 qui
2506 3040 2868 3101 generantur,
2905 3037 3100 3100 utpote
3124 3030 3273 3100 quod
3299 3030 3376 3087 ab
3403 3040 3561 3087 utero
3581 3031 3679 3086 alia
3694 3030 3758 3085 sit

2187 3122 2403 3193 piscina
2452 3139 2470 3177 :
2521 3122 2681 3186 σέλας
2720 3122 2871 3177 enim
2927 3130 3014 3178 est
3061 3122 3178 3177 lux.
3236 3123 3356 3178 Aut
3411 3139 3601 3180 rursus
3628 3124 3757 3178 lunai

498 3214 717 3270 Domini
739 3213 983 3285 ὁμόοεον,
1012 3212 1069 3267 id
1099 3221 1205 3280 est,
1237 3211 1402 3269 simul
1432 3211 1629 3267 Deum.
1660 3210 1719 3266 Si
1739 3210 1873 3282 quid
1896 3221 2083 3267 autem
2110 3198 2152 3255 Ο
2188 3213 2367 3285 fulgor
2413 3222 2499 3270 est
2541 3229 2879 3285 puerascens
2899 3254 2913 3278 ,
2974 3223 3270 3285 propterea
3307 3216 3462 3285 quod
3508 3222 3758 3286 perpetuo

498 3306 744 3379 mysterii
774 3305 1154 3377 cognovimus,
1206 3304 1261 3359 id
1295 3320 1409 3359 non
1442 3314 1528 3360 est
1576 3319 1648 3360 ex
1687 3304 1854 3360 domo
1894 3313 2087 3361 n0stra

496 3414 601 3454 nec
630 3414 698 3453 ex
748 3398 930 3464 nobis,
985 3397 1081 3453 sed
1124 3414 1193 3453 ex
1226 3397 1383 3453 caelis
1425 3396 1587 3453 nobis
1631 3406 1715 3453 est
1753 3398 2082 3454 revelatum.

500 3490 799 3562 Subjungit
827 3490 979 3545 enim
1005 3507 1019 3543 :
1059 3490 1129 3545 Et
1159 3491 1359 3544 tanavit
1387 3505 1414 3543 e
1439 3489 1567 3545 coelo
1612 3489 1867 3549 Dominus
1911 3499 1963 3543 et
1999 3489 2087 3545 Al-

498 3585 728 3637 tissimus
794 3582 936 3636 dedit
992 3598 1170 3636 vocem
1246 3599 1401 3643 suam
1426 3583 1491 3637 ⁵³.
1558 3581 1789 3652 Quando
1848 3583 2086 3643 autem?

497 3671 730 3740 Quando
760 3672 975 3742 linguas
1003 3671 1189 3743 igneas
1231 3687 1358 3729 cum
1395 3673 1604 3727 tonitru
1631 3673 1903 3729 emisit“.
1933 3674 2079 3740 Qua.-

496 3780 621 3820 rum
671 3765 983 3835 linguarum
1026 3764 1298 3836 fulgorem
1351 3764 1432 3820 sol
1476 3779 1700 3836 quoque
1745 3764 1843 3835 qui
1884 3775 2084 3835 quarto

496 3857 590 3913 die
627 3855 806 3911 factus
836 3863 950 3921 est,
993 3855 1462 3927 przesignilieavit.
1507 3857 1585 3911 De
1629 3857 1736 3912 hoc
1772 3865 1958 3912 autem
1994 3857 2084 3912 die

495 3956 717 4017 quarto,
759 3948 1003 4017 inquam,
1050 3955 1105 4001 et
1146 3948 1323 4017 primo
1359 3948 1608 4018 perfecto
1665 3948 1721 4004 in
1761 3965 1877 4020 quo
1927 3958 2084 4006 ortus

496 4049 581 4094 est
616 4039 696 4094 sol
718 4038 968 4109 justiti.e,
993 4047 1050 4092 et
1074 4038 1268 4104 stellae,
1307 4048 1365 4093 et
1391 4040 1543 4101 luna,
1575 4038 1797 4094 videtur
1824 4040 1971 4095 Deus
1995 4040 2083 4095 di-

496 4145 624 4185 cere
659 4129 962 4184 fortissimo
992 4130 1110 4183 viro
1125 4129 1272 4189 Jobo
1298 4148 1310 4183 :
1343 4127 1569 4195 Quando
1591 4129 1735 4199 facta
1754 4137 1877 4183 sunt
1908 4139 2079 4195 astra,

499 4222 791 4276 laudarunt
834 4237 915 4275 me
973 4237 1093 4279 voce
1155 4237 1352 4290 magna
1407 4236 1587 4274 omnes
1650 4221 1829 4292 angeli
1877 4223 1978 4276 mei
2034 4232 2084 4279 ιι

498 4311 704 4380 hymnis
752 4308 1174 4363 celebrarunt“.
1226 4309 1296 4363 Et
1348 4309 1761 4379 quamobrem?
1808 4310 2082 4378 Quoniam

496 4401 643 4454 facta
674 4408 806 4454 sunt
831 4399 1016 4453 astra?
1047 4398 1168 4453 Non
1199 4408 1349 4453 certe
1372 4408 1663 4469 propterea
1692 4400 1822 4455 :sed
1851 4416 1977 4455 cum
2003 4401 2085 4456 vi—

497 4491 713 4545 dissent
750 4490 921 4545 solem
947 4506 978 4545 e
1003 4498 1150 4545 terra
1180 4499 1576 4555 recurrentem,
1618 4490 1675 4546 in
1703 4491 1965 4562 mysterio
1994 4492 2081 4548 di-

495 4585 774 4649 dicerunt,
835 4598 959 4653 qua:
1009 4583 1275 4638 extremis
1317 4582 1661 4654 temporibus
1703 4583 1891 4639 futura
1935 4594 2077 4652 erat,

494 4673 701 4729 Christi
758 4672 1223 4737 incarnationem,
1263 4682 1320 4729 et
1367 4690 1398 4729 e
1436 4682 1582 4730 terra
1619 4675 2078 4745 assumptionem,

495 4765 563 4819 Et
602 4763 726 4817 ideo
757 4778 883 4817 cum
912 4763 1181 4826 vidissent
1218 4779 1346 4826 eum
1386 4780 1453 4818 ex
1483 4775 1673 4821 sancta
1703 4764 1928 4834 Virgine
1957 4774 2082 4821 tan-

494 4869 659 4925 quam
690 4870 758 4908 ex
787 4854 985 4926 abysso
1021 4865 1309 4920 exortum,
1343 4857 1529 4919 statim
1544 4856 1940 4917 exclamarunt
1994 4860 2082 4917 di-

494 4955 681 5000 centes
710 4963 722 5001 :
748 4945 933 5001 Gloria
974 4948 1028 4999 in
1072 4946 1293 5003 excelsis
1351 4947 1487 5012 Deo,
1536 4956 1587 5009 et
1619 4950 1675 5002 in
1705 4958 1848 5003 terra
1892 4952 2078 5019 pax“,

490 5038 628 5093 Cum
662 5039 887 5109 quibus,
931 5038 1090 5095 stella
1110 5055 1233 5109 qua:
1271 5040 1501 5094 deduxit
1530 5041 1714 5112 Magos
1745 5043 1828 5105 eis
1854 5059 2085 5114 persua-

493 5130 567 5184 sit
614 5140 675 5184 ut
705 5133 1015 5187 clamarent
1070 5151 1082 5186 :
1129 5131 1192 5187 In
1235 5134 1531 5188 hominibus
1571 5134 1708 5189 bona
1741 5135 1990 5193 voluntas
2013 5138 2081 5194 "7.

494 5220 584 5275 Sic
617 5236 647 5274 a
680 5237 767 5277 me
799 5223 1127 5295 intelligitur
1169 5225 1304 5279 solis
1348 5242 1516 5296 super
1557 5234 1761 5281 terram
1808 5232 2086 5300 composi‘

496 5311 593 5376 tio,
644 5323 700 5368 et
754 5330 785 5368 a
822 5324 969 5370 terra
1020 5316 1086 5371 ad
1140 5318 1310 5372 cmlos
1355 5320 1679 5387 assumptio.
1717 5321 1849 5375 Mihi
1899 5333 2084 5379 autem

494 5402 645 5455 venit
675 5402 729 5456 in
755 5414 1020 5471 mentem,
1057 5415 1120 5461 ut
1152 5407 1390 5479 cogitem
1432 5408 1563 5479 quid
1596 5394 1739 5475 erat,
1782 5412 1932 5482 quod
1959 5430 2086 5483 pro-

496 5491 719 5547 hiberet
765 5497 1062 5565 quominus
1090 5498 1285 5569 Opifex
1324 5502 1416 5555 ubi
1456 5500 1695 5571 desuper
1732 5501 1847 5557 fixit
1896 5503 2083 5559 firma-

496 5592 764 5649 mentum,
786 5586 840 5641 in
860 5586 980 5656 ipso
1004 5595 1199 5643 etcum
1224 5590 1341 5661 ipso
1369 5592 1764 5647 faceretsolcm
1790 5594 2078 5663 etlunam;

566 5702 611 5735 δ’
640 5703 797 5760 Rom.
826 5722 905 5773 Ill,
934 5705 1028 5761 29.
1104 5707 1149 5739 “
1183 5700 1320 5757 l‘sal.
1347 5718 1478 5771 xvn,
1504 5708 1586 5763 ιιι.

495 5789 587 5837 nt,
630 5775 711 5829 £9.

1680 5711 1723 5742 “
1753 5710 1875 5767 Act.
1902 5715 2031 5781 ",2,
2060 5718 2112 5772 5.

2182 3316 2485 3378 generetur
2510 3313 2569 3363 et
2606 3313 2989 3377 regeneretur.
3025 3306 3159 3375 Quae
3192 3307 3428 3377 quidem
3459 3315 3543 3363 est
3572 3319 3756 3377 perpe-

2189 3406 2284 3459 tua
2313 3398 2656 3469 regeneratio
2685 3398 2828 3453 lucis
2862 3397 3228 3469 baptismatis.
3272 3400 3343 3454 Et
3391 3399 3517 3456 ideo
3553 3398 3756 3470 triginta

2187 3487 2308 3544 dies
2342 3489 2597 3544 consistit
2627 3488 2755 3543 luna
2781 3497 3041 3544 constans
3057 3504 3126 3545 ex
3162 3491 3343 3547 tribus
3383 3492 3638 3565 perfectis
3662 3506 3756 3545 nu-

2188 3581 2377 3641 meris,
2405 3596 2605 3651 nempe
2648 3580 2916 3646 denariis,
2951 3582 3009 3635 in
3037 3592 3225 3653 typum
3259 3598 3323 3640 ac
3348 3583 3581 3657 figuram
3605 3584 3754 3642 trium

2187 3670 2585 3741 perfectarum,
2641 3681 2698 3727 et
2742 3672 2951 3742 quibus
2980 3675 3120 3729 nihil
3158 3674 3378 3743 deficit,
3410 3679 3753 3751 bypostaseon

2188 3775 2391 3827 sancta:
2409 3775 2466 3821 et
2488 3766 2737 3837 ejusdem
2761 3768 2926 3823 simul
2949 3770 3206 3830 essentiae
3224 3770 3518 3827 Trinitatis
3538 3769 3593 3825 in
3606 3780 3752 3838 quam

2188 3855 2470 3911 credimus
2492 3856 2544 3910 in
2570 3856 2921 3927 baptismate.
2953 3858 3253 3928 Propterea
3273 3862 3526 3916 omnium
3551 3868 3751 3930 quoque

2187 3955 2403 4001 creator
2431 3947 2594 4004 Jesus
2619 3949 2714 4019 qui
2748 3958 2833 4004 est
2877 3967 3024 4005 unus
3065 3967 3133 4006 ex
3169 3951 3468 4017 Trinitate,
3499 3949 3750 4020 baptismo

2189 4038 2394 4093 tinctus
2422 4050 2508 4094 est
2538 4040 2763 4111 triginta
2785 4057 2961 4096 annos
2992 4052 3156 4098 natus
3190 4062 3203 4098 :
3235 4046 3498 4115 quoniam
3523 4042 3630 4097 illic
3645 4047 3751 4094 erat

2187 4131 2395 4203 ittundo
2424 4133 2887 4201 manifestandum
2908 4136 3229 4206 mysterium
3261 4137 3564 4201 Trinitatis.
3594 4130 3748 4188 David

2185 4237 2431 4291 quoque,
2462 4224 2557 4293 qui
2598 4226 2903 4280 secundum
2927 4242 3149 4281 carnem
3176 4238 3298 4287 erat
3329 4229 3503 4301 ﬁgura
3528 4236 3581 4282 et
3612 4235 3748 4295 pater

2184 4313 2414 4381 Christi,
2452 4318 2675 4388 triginta
2712 4335 2889 4374 annos
2917 4331 3080 4384 natus
3106 4319 3285 4377 factus
3306 4332 3392 4377 est
3413 4338 3527 4384 rex,
3562 4328 3617 4374 et
3646 4326 3750 4371 tan-

2186 4423 2353 4477 quam
2408 4406 2683 4479 baptismo
2731 4412 2917 4481 aliquo
2949 4413 3131 4484 typico
3171 4416 3432 4485 mysterio
3484 4411 3634 4483 prius
3675 4413 3748 4460 est

2191 4505 2415 4553 unctus.
2443 4499 2732 4565 Quomodo
2758 4502 2925 4555 etiam
2945 4503 3172 4576 Joseph,
3198 4504 3339 4560 alius
3358 4502 3561 4560 Christi
3583 4509 3744 4571 typus,

2189 4589 2413 4661 triginta
2468 4607 2644 4649 annos
2694 4601 2857 4648 natus
2912 4594 2970 4649 in
3030 4594 3269 4667 Aigypto
3297 4605 3384 4651 est
3432 4593 3744 4651 dominatus.

2181 4679 2321 4741 Nam
2374 4679 2634 4738 Christus
2671 4699 2893 4755 quoque
2932 4684 3158 4756 triginta
3202 4686 3482 4757 argenteis
3509 4678 3747 4737 venditus

2182 4786 2376 4843 agrum
2416 4774 2589 4835 totius
2634 4775 2829 4836 mundi
2877 4776 3027 4845 figuli
3069 4777 3289 4847 (nempe
3331 4776 3431 4843 Dei
3472 4764 3742 4834 creatoris)

2181 4864 2419 4921 redemit
2454 4876 2511 4921 et
2559 4867 2818 4921 liberavit
2864 4884 2963 4938 per
3008 4868 3173 4931 ﬁdem
3236 4870 3294 4931 in
3340 4869 3603 4925 Trinitate
3646 4871 3747 4914 sum

2181 4957 2433 5028 conjugis
2464 4958 2630 5025 lutue,
2652 4975 2853 5035 nempe
2878 4961 3159 5019 Ecclesiar.
3185 4963 3361 5030 Quam
3391 4962 3521 5016 olim
3546 4964 3747 5026 (ιιιοίίυθ

2183 5058 2376 5120 aperte
2413 5050 2824 5121 przefigurabat,
2863 5062 2921 5108 et
2951 5053 3093 5110 citra
3138 5056 3305 5110 ullam
3341 5049 3742 5111 dubitationem,
3842 5080 3857 5085 -

2184 5156 2312 5195 arca
2337 5141 2474 5207 Noe,
2512 5159 2635 5212 qua:
2673 5154 2996 5202 constructa
3044 5156 3166 5202 erat
3204 5156 3578 5204 trecentorum
3607 5133 3746 5193 cubi-

2184 5242 2366 5287 torum
2391 5234 2761 5305 Iongitudine,
2788 5246 2846 5294 et
2871 5238 3096 5310 triginta
3111 5218 3427 5297 cubitorum
3451 5229 3743 5292 altitudine.

2187 5325 2241 5377 in
2280 5334 2469 5397 typum
2507 5328 2738 5387 cxeelsa)
2777 5329 3070 5387 Trinitatis
3121 5349 3287 5402 quam
3317 5331 3568 5391 Christus
3598 5317 3745 5377 nobis

2184 5417 2451 5480 τονειεινίι
2481 5419 2577 5486 qui
2627 5429 2712 5475 est
2755 5437 2905 5478 unus
2938 5438 3008 5478 ex
3038 5424 3348 5487 Trinitate,
3389 5422 3469 5479 sul
3511 5411 3740 5490 juslilizl‘a

2181 5509 2276 5576 qui
2315 5509 2457 5564 inse
2500 5514 2746 5568 ostendit
2772 5524 2884 5571 tres
2928 5518 3316 5574 exaltationes.
3358 5515 3595 5573 Primum
3638 5499 3742 5573 qui‘

2180 5602 2304 5658 dem
2328 5606 2601 5662 exaltatus
2632 5608 2736 5664 fuit
2761 5610 2817 5665 in
2850 5627 3034 5667 cruce.
3060 5612 3219 5668 Unde
3240 5621 3370 5669 tunc
3395 5611 3475 5669 sol
3505 5605 3743 5671 ωηψιειηι

2192 5721 2233 5752 ’δ’
2255 5721 2358 5777 Jul)
2390 5741 2607 5791 xxxvtu,
2635 5727 2686 5783 7.
2804 5728 2847 5761 ⁸⁸
2879 5730 2993 5787 Luc
3035 5750 3094 5800 ιι,
3124 5733 3209 5790 Η.
3286 5734 3330 5766 ⁸⁷
3352 5729 3485 5791 ibid,
3557 5723 3597 5757 “
3619 5717 3740 5783 Lucr
