4098 6492
318 405 420 468 90'.
1389 401 1469 459 IN
1515 391 2070 457 IIEXAEMERON.
2105 417 2176 425 —
2209 390 2359 449 ΠΒ.
2397 391 2495 451 IV.

3487 389 3521 452 9
3531 385 3600 454 09.

316 535 490 574 verus
521 517 728 571 Christi
760 525 922 588 typus
952 515 1121 570 simul
1155 513 1527 570 cumChristc
1561 513 1700 582 (ejus
1740 509 1908 562 mise-
1944 513 1984 566 A
2014 503 2097 557 dit
2147 502 2202 556 in
2247 500 2754 574 praefigurationem
2799 499 3009 556 Christi
3045 501 3325 562 Ecclesiae,
3363 502 3606 573 quadra--

317 609 472 680 rens)
502 618 588 664 est
622 623 843 678 passus,
883 616 940 662 et
965 623 1098 676 cum.
1131 605 1430 662 defecisset
1473 603 1760 674 impolluta
1792 601 1914 672 ejus

315 699 504 752 anima
557 713 627 753 ex
684 697 911 768 proprio
989 711 1228 767 corpore
1265 735 1279 760 ,
1335 695 1500 750 simul
1553 693 1722 748 etiam
1759 691 1913 746 defe-

316 792 399 846 cit
425 791 506 846 sol
543 805 613 846 ex
639 790 852 845 etelesti
891 805 994 846 suo
1032 803 1267 860 corpore
1294 785 1666 851 ﬁrmamenti;
1699 796 1756 840 et
1787 798 1914 837 eum

317 884 582 939 Christus
614 882 885 938 subiisset
919 881 1148 946 inferos,
1183 879 1349 936 simul
1379 879 1546 934 etiam
1577 892 1705 932 cum
1741 891 1809 931 eo
1835 875 1917 930 sol

319 975 502 1030 subiit
539 984 702 1030 nocte
731 974 1092 1030 adventante.
1135 973 1291 1030 Unde
1325 972 1496 1028 etiam
1525 969 1748 1024 Christo
1781 981 1916 1022 exo-

322 1065 507 1120 riente
529 1074 588 1119 et
609 1073 872 1136 surgente
899 1080 930 1119 a
955 1064 1192 1119 mortuis
1211 1076 1374 1117 mane
1393 1075 1504 1116 una
1531 1058 1917 1119 sabbatorum,

321 1172 438 1212 una
475 1171 599 1212 cum
628 1172 696 1212 eo
723 1157 906 1212 oritur
930 1157 1099 1212 etiam
1123 1154 1206 1211 sol
1230 1170 1262 1209 a
1292 1164 1470 1217 terra,
1511 1151 1721 1206 faciens
1753 1145 1924 1222 874

325 1249 502 1303 diem.
548 1248 677 1304 Hcce
724 1251 874 1304 enim
910 1248 1153 1304 secunda
1175 1246 1384 1304 Christi
1427 1243 1708 1308 exultatio,
1756 1255 1922 1311 quam

327 1347 522 1413 aperte
544 1339 1010 1411 prmsigniflcabat
1031 1340 1112 1394 sol
1145 1339 1250 1394 hoe
1279 1345 1478 1409 quarto
1505 1335 1596 1390 die
1623 1330 1923 1388 ereationis

327 1444 362 1482 a
417 1436 560 1482 terra
607 1428 916 1484 ascendens
959 1428 1018 1485 in
1048 1429 1243 1484 altum.
1291 1423 1686 1482 Animadverte
1731 1419 1920 1482 etiam,

326 1516 485 1586 quod
505 1515 760 1574 Christus
789 1530 1012 1590 quoque
1049 1527 1247 1590 quarta
1269 1515 1479 1572 decade
1512 1513 1641 1586 (hoc
1673 1519 1759 1568 est
1784 1526 1923 1581 qua-

329 1605 648 1678 dragesimo
669 1609 781 1681 die)
821 1609 954 1666 fecit
993 1611 1052 1666 in
1089 1609 1292 1664 cmlum
1323 1605 1794 1676 assumptionem,
1835 1617 1925 1657 as-

330 1708 586 1765 cendens
621 1702 678 1756 in
716 1719 1014 1774 supernam
1065 1701 1395 1758 Jerusalem.
1442 1697 1615 1769 Cujus
1646 1697 1928 1766 ingressus

331 1812 473 1853 vera
521 1804 580 1851 et
611 1802 762 1851 certa
799 1802 920 1848 erat
971 1792 1146 1864 ﬁgura
1187 1791 1358 1867 etiam
1393 1790 1515 1862 ejus
1550 1788 1606 1842 in
1641 1786 1926 1842 Bethleem

2014 595 2168 667 ginta
2197 610 2372 653 annos
2401 595 2652 666 regnavit
2683 609 2852 663 super
2884 593 3073 648 Israel.
3105 591 3232 648 llaec
3267 602 3452 648 autem
3482 608 3606 648 om-

2015 689 2108 742 nia
2145 686 2310 742 nobis
2324 685 2619 742 conferunt
2637 685 2704 740 ad
2729 701 3026 742 numerum
3047 685 3231 754 quarti
3258 685 3390 750 diei,
3421 685 3476 739 in
3497 700 3608 755 quo

2017 787 2183 834 natus
2203 784 2366 834 estet
2395 776 2580 832 illuxit
2597 775 2852 833 Christus
2869 777 2964 846 qui
2987 775 3090 830 fuit
3113 785 3240 830 ante
3263 776 3454 836 solem.
3483 790 3610 830 cum

2017 872 2141 943 ejus
2171 871 2406 942 conjuge
2449 871 2584 925 luna
2610 869 2832 942 (nempe
2878 866 3173 940 Ecclesia),
3213 867 3436 938 quando
3468 867 3611 922 dixit

2018 962 2166 1018 Deus
2211 979 2224 1016 :
2280 961 2446 1016 Fiant
2493 961 2790 1015 luminaria
2856 961 2914 1014 in
2975 961 3316 1030 ﬁrmamento
3358 958 3503 1023 caeli,
3541 957 3612 1013 ad

2018 1052 2475 1108 illuminationem
2508 1069 2669 1124 super
2691 1060 2918 1106 terram.
2949 1051 3226 1107 Convenit
3259 1060 3444 1105 autem
3481 1066 3608 1105 eum

2021 1145 2118 1219 qui
2151 1145 2432 1201 desiderio
2464 1153 2521 1200 et
2561 1161 2750 1201 amore
2791 1144 2980 1200 divino
3016 1145 3072 1199 in
3109 1143 3265 1200 verbi
3295 1144 3393 1198 Dei
3419 1143 3615 1197 dulce-

2022 1239 2154 1294 dine
2193 1239 2573 1311 perfunditur,
2595 1239 2969 1310 congruen'ter
2988 1237 3040 1293 ei
3074 1236 3170 1308 qui
3218 1235 3355 1290 dicit
3385 1256 3398 1289 :
3439 1234 3616 1300 Quam

2024 1331 2204 1386 dulcia
2227 1333 2434 1404 gutturi
2457 1349 2572 1391 meo
2601 1330 2813 1401 eloquia
2841 1338 2958 1395 tua,
2983 1345 3144 1400 super
3176 1327 3280 1382 mel
3310 1330 3392 1382 ori
3415 1343 3528 1381 meo
3543 1328 3613 1392 5‘,

2024 1439 2291 1494 quaerere.
2315 1423 2686 1496 Quamobrem
2733 1439 2860 1479 cum
2893 1423 3041 1478 Deus
3069 1421 3250 1491 primo
3282 1420 3371 1474 die
3393 1420 3618 1474 fecisset

2027 1517 2231 1583 lucem,
2263 1532 2374 1571 non
2407 1516 2547 1570 dixit
2577 1516 2730 1571 :Fiat
2751 1516 2864 1583 lux,
2897 1523 2954 1568 ut
2980 1514 3161 1569 luceat
3191 1521 3355 1582 super
3373 1523 3613 1566 terram:

2027 1610 2264 1665 maxime
2289 1625 2414 1665 cum
2448 1611 2538 1665 illa
2577 1610 2668 1668 lux
2706 1609 2778 1664 sit
2817 1619 2996 1664 mater
3025 1616 3082 1663 et
3120 1607 3359 1678 genitrix
3388 1606 3616 1660 univer-

2029 1715 2241 1765 sorum,
2267 1717 2391 1772 quae
2427 1718 2496 1756 ex
2523 1700 2640 1772 ipsa
2666 1700 2972 1756 illuxerunt
3007 1699 3256 1770 ejusdem
3283 1697 3538 1752 essentia:
3559 1696 3618 1750 in

2031 1795 2176 1850 caelo
2206 1793 2587 1848 luminarium.
2618 1794 2687 1854 Et
2707 1793 2978 1857 dicamus,
3002 1792 3152 1862 quod
3195 1791 3285 1846 illa
3304 1791 3400 1845 lux
3427 1790 3618 1860 singu-

331 1897 630 1960 postquam
655 1894 822 1941 natus
845 1893 992 1941 esset
1013 1857 1440 1956 quadragesimo
1461 1879 1551 1936 die
1574 1879 1852 1951 ingressus
1873 1883 1931 1932 et
1961 1857 2004 1912 Β
2032 1884 2164 1939 laris
2203 1893 2259 1938 et
2297 1883 2548 1956 simplex,
2578 1894 2700 1939 erat
2725 1892 2889 1956 typus
2920 1857 3260 1938 ιιιοίηποιιίω
3287 1889 3344 1936 ει
3376 1857 3620 1938 ,ιιιάιιῖςω

331 1981 614 2036 adventus
667 1978 726 2032 in
755 1977 1056 2032 'terrenam
1092 1973 1424 2031 Jerusalem.
1455 1970 1702 2026 Adverte
1739 1977 1930 2024 autem

332 2071 798 2143 prudentissime,
832 2078 884 2124 te
919 2083 1077 2139 rogo,
1101 2081 1237 2121 num
1279 2065 1385 2134 hoc
1413 2077 1638 2134 quoque
1657 2061 1770 2132 jam
1797 2059 1930 2116 olim

335 2164 523 2239 typice
549 2163 708 2235 prius
757 2160 1056 2231 descripsit
1081 2159 1170 2216 lex
1195 2159 1316 2222 Dei,
1345 2156 1538 2212 dicens
1575 2152 1934 2229 quadragesi_

334 2271 431 2310 mo
450 2255 544 2310 die
564 2270 706 2324 expu
717 2251 857 2324 rgari
883 2251 1175 2306 mulierem
1204 2264 1235 2304 a
1277 2247 1541 2303 sordibus
1566 2244 1934 2302 immunditia:

336 2361 481 2411 suae,
530 2352 588 2400 et
634 2343 903 2414 templum
946 2340 1170 2413 Domini
1227 2337 1466 2410 ingredi,
1517 2335 1780 2408 quoniam
1836 2335 1933 2405 qui

333 2444 544 2508 quarto
576 2451 810 2490 numero
837 2442 1052 2504 quartae
1101 2432 1262 2504 legis,
1303 2438 1368 2486 ut
1413 2428 1674 2500 superius
1721 2427 1932 2483 dictum

334 2538 450 2596 est,
489 2525 672 2598 quarti
704 2525 815 2581 diei
848 2523 1068 2579 numeri
1101 2519 1536 2595 quadragesimi,
1559 2519 1881 2592 expurgavit
1902 2533 1934 2578 a

338 2619 500 2674 ﬂuxu
528 2615 894 2672 immunditia:
929 2614 1258 2686 sanguinum
1286 2612 1616 2671 idolicorum
1635 2611 1934 2666 humanam

347 2719 626 2772 naturam,
661 2723 785 2779 quae
811 2707 1114 2778 aliquando
1147 2705 1290 2761 male
1333 2705 1622 2760 laborabat
1661 2701 1934 2776 profluvio

354 2801 645 2872 sanguinis
664 2803 708 2834 ⁵⁸
735 2815 856 2856 eam
891 2815 1018 2855 eum
1057 2798 1382 2853 mundasset
1405 2806 1462 2851 et
1491 2793 1841 2867 corruptioni
1878 2801 1938 2848 et

353 2890 609 2946 interitui
637 2905 750 2944 non
767 2889 1010 2962 amplius
1029 2885 1328 2943 obnoxiam
1351 2882 1713 2946 reddidisset,
1731 2880 1785 2935 in
1802 2879 1938 2951 bap-

351 2986 521 3040 tismo
550 2985 710 3056 prius
746 2983 1014 3054 ablutam,
1042 2981 1264 3035 rursum
1307 2977 1365 3032 in
1393 2977 1595 3032 Sancta
1617 2983 1936 3029 sanctorum

349 3085 617 3144 tanquam
640 3087 872 3144 magnus
891 3069 1141 3143 pontifex
1165 3069 1448 3139 ingressus
1476 3063 1754 3128 Christus,
1784 3061 1935 3118 Patri

349 3183 454 3238 pro
479 3175 669 3221 nostra
707 3165 886 3220 salute
917 3161 1140 3218 obtulit.
1182 3159 1339 3216 Unde
1365 3159 1534 3214 etiam
1579 3156 1668 3212 die
1699 3154 1938 3227 quadra-

347 3261 566 3332 gesimo
603 3273 732 3313 cum
763 3256 1089 3328 jejunasset,
1121 3258 1249 3324 post
1285 3251 1372 3306 sui
1405 3248 1664 3319 baptismi
1697 3262 1798 3318 pro
1837 3262 1940 3301 no-

345 3353 442 3406 bis
478 3348 982 3421 regenerationem,
1029 3352 1280 3398 tentatus
1317 3339 1614 3410 aliquando
1635 3339 1692 3393 in
1723 3338 1941 3393 deserta

346 3443 602 3516 gentium
652 3438 896 3495 Ecclesia
946 3434 1230 3490 diabolum
1259 3431 1536 3487 ‘abolevit
1596 3439 1653 3486 et
1698 3429 1938 3484 otiosum

349 3531 686 3589 reddidit”.
723 3529 782 3584 Si
801 3542 937 3598 ergo
975 3525 1034 3581 in
1071 3523 1428 3596 generatione
1449 3537 1518 3576 ex
1549 3520 1774 3590 Virgine
1803 3519 1942 3574 etin

347 3623 616 3695 baptismi
648 3619 1088 3692 regeneratione,
1121 3624 1176 3672 et
1194 3630 1387 3671 rursus
1420 3615 1475 3668 in
1505 3614 1625 3683 ejus
1649 3614 1942 3682 incorrup-

347 3713 532 3770 tionis
553 3711 890 3768 formatione
927 3725 960 3764 a
1009 3707 1266 3772 mortuis,
1289 3704 1547 3760 Christus
1571 3703 1815 3758 servavit
1837 3717 1942 3756 nu-

343 3822 570 3862 merum
619 3805 840 3859 dierum
875 3801 1276 3872 quadraginta,
1331 3807 1522 3852 exacte
1573 3795 1850 3856 discamus
1887 3802 1944 3850 et

343 3903 686 3971 persuasum
724 3895 1061 3958 habeamus,
1085 3891 1234 3962 quod
1269 3889 1450 3945 omnis
1471 3885 1944 3957 quadragenarius

344 4005 630 4047 numerus
656 3989 713 4044 in
751 3987 1040 4058 Scriptura
1075 3982 1466 4056 praetigurabat
1491 3980 1701 4036 Christi
1739 3979 1942 4051 myste-

341 4085 543 4149 rium,
592 4097 792 4152 nempe
842 4081 898 4136 in
929 4093 1094 4136 carne
1128 4078 1250 4148 ejus
1299 4073 1769 4144 dispensationem
1822 4086 1946 4142 qua:

342 4185 488 4247 post
539 4177 808 4230 rationem
861 4171 1202 4233 ternariam,
1250 4177 1513 4238 tanquam
1567 4166 1688 4220 dies
1746 4163 1946 4233 aiiquis

343 4277 574 4340 quartae
609 4263 1030 4321 illuminationis
1063 4261 1269 4316 mundo
1295 4259 1574 4329 apparuit.
1611 4258 1799 4328 Itaque
1823 4271 1950 4326 pro-

345 4359 665 4433 pter‘eaira
687 4358 782 4412 Dei
817 4357 908 4411 die
943 4352 1364 4426 quadragesimo
1398 4349 1741 4421 compescuit
1771 4349 1948 4402 minas

344 4467 431 4510 ex
459 4453 573 4506 alto
598 4465 740 4520 aqua
785 4446 1063 4503 obruendi
1113 4445 1168 4499 in
1201 4442 1416 4498 diluvio
1440 4481 1454 4505 ,
1487 4441 1694 4495 mundo
1727 4455 1947 4493 annun-

2034 1974 2186 2042 fidei,
2214 1977 2446 2048 ejusque
2483 1991 2605 2046 quae
2627 1975 2735 2030 fuit
2768 1983 2898 2030 ante
2933 1975 3108 2047 legem
3141 1980 3197 2028 et
3221 1975 3340 2044 ejus
3361 1977 3622 2044 quaepost

2033 2069 2247 2140 legem;
2281 2085 2404 2141 qua:
2425 2069 2650 2142 quidem
2691 2085 2809 2130 non.
2831 2069 3015 2138 potuit
3055 2066 3372 2121 illuminare
3393 2065 3620 2120 univer-

2034 2177 2148 2216 sam
2189 2171 2400 2216 terram
2429 2200 2446 2226 ,
2497 2171 2794 2232 prepterea
2861 2159 3011 2234 quod
3067 2174 3134 2214 ea
3185 2157 3369 2212 adhuc
3425 2163 3624 2226 operta

2033 2262 2201 2320 esset,
2231 2255 2460 2326 quando
2489 2255 2638 2311 Deus
2671 2255 2822 2309 illam
2856 2252 3107 2310 ostendit
3143 2252 3350 2317 lucem,
3382 2266 3526 2320 aqua
3566 2251 3624 2304 et

2037 2345 2282 2403 tenebris
2315 2345 2528 2404 erroris
2559 2347 2704 2416 (quae
2727 2355 2858 2401 sunt
2883 2353 3151 2400 terrestre
3175 2342 3498 2414 operculum
3531 2352 3627 2396 suo

2035 2450 2134 2510 per
2155 2449 2254 2490 cor
2279 2434 2618 2506 hominum),
2641 2435 2822 2490 donec
2851 2435 2998 2490 Deus
3034 2431 3166 2488 fecit
3195 2431 3307 2486 duo
3329 2427 3624 2486 luminaria

2035 2544 2158 2600 qua:
2191 2537 2320 2600 sunt
2353 2543 2573 2600 magna,
2613 2527 2857 2584 lucentia
2899 2542 3068 2596 super
3103 2534 3328 2581 terram.
3365 2524 3500 2581 Dico
3521 2541 3625 2580 au-

2037 2628 2150 2675 tem
2183 2618 2483 2675 adventum
2523 2619 2762 2675 increati
2796 2618 2964 2674 Verbi
3005 2617 3124 2684 Dei,
3155 2627 3212 2674 et
3241 2619 3452 2682 lunam,
3478 2633 3628 2674 nem-

2036 2726 2104 2782 pe
2142 2710 2449 2768 Ecclesiam
2469 2711 2988 2782 eidesponsam.Et
3026 2709 3302 2764 luminare
3340 2725 3624 2781 magnum,

2037 2819 2236 2874 nempe
2273 2803 2556 2859 Christum
2585 2804 2757 2860 solem
2781 2805 2836 2859 in
2857 2803 3204 2874 principatus
3225 2801 3336 2858 diei
3374 2803 3503 2875 (hoc
3519 2814 3627 2868 est,

2037 2893 2246 2964 quiest
2277 2903 2504 2950 exortus
2538 2893 2597 2950 in
2638 2894 2913 2966 principio
2952 2893 3412 2966 przedicationis.)
3434 2895 3500 2948 Et
3537 2895 3628 2949 lti-

2037 3000 2166 3040 nam
2208 2985 2265 3040 in
2305 2985 2654 3058 principatus
2691 2985 2874 3042 noctis
2908 3004 2922 3042 :
2953 2985 3060 3041 hoc
3103 2993 3220 3050 est,
3262 2985 3484 3055 quando
3527 3002 3629 3040 na-

2041 3077 2314 3134 scentium
2329 3078 2626 3134 infantium
2639 3086 2938 3150 acceptura
2955 3087 3078 3134 erat
3097 3082 3632 3152 principatum,qme

2039 3177 2162 3225 erat
2201 3169 2258 3223 in
2287 3169 2422 3240 ipsis
2449 3169 2827 3236 incredulitas,
2863 3171 3122 3240 protinus
3159 3174 3294 3229 oriri
3318 3173 3448 3229 facit
3474 3187 3632 3234 suam

2043 3259 2530 3327 illuminationem,
2574 3278 2698 3332 qua:
2745 3262 2891 3334 apud
2937 3278 3039 3318 nos
3067 3263 3199 3319 luna
3227 3273 3311 3320 est
3359 3265 3628 3320 Ecclesia.

2041 3349 2280 3405 Attende
2300 3357 2486 3405 autem
2517 3351 2984 3420 quemadmodum
3011 3369 3122 3408 non
3155 3353 3380 3416 dixerit,
3405 3356 3462 3408 in
3483 3355 3634 3424 prin-

2041 3443 2298 3513 cipatum,
2346 3443 2442 3498 sed
2490 3447 2546 3498 in
2603 3447 2954 3514 principatus.
3003 3445 3204 3501 Multos
3259 3448 3408 3502 enim
3464 3447 3636 3509 habet

2051 3531 2396 3602 principatus
2459 3535 2543 3590 sol
2595 3535 2846 3607 justitite,
2912 3537 3117 3592 multas
3158 3545 3484 3608 potestates.
3534 3537 3634 3594 Est

2043 3622 2192 3676 enim
2231 3622 2487 3696 Princeps
2529 3628 2732 3697 pacis"
2755 3668 2768 3692 ,
2799 3637 2884 3682 est
2922 3628 3187 3699 princeps
3239 3637 3337 3682 aut
3365 3629 3635 3686 Dominus

2045 3711 2412 3779 Poteslatum,
2449 3727 2535 3772 est
2567 3717 2678 3772 Rea:
2704 3735 2906 3790 regum,
2941 3731 3026 3773 est
3069 3721 3328 3792 princeps
3361 3728 3418 3775 et
3450 3720 3636 3776 Domi-

2046 3817 2146 3856 nus
2174 3801 2652 3871 dominantium",
2683 3821 2770 3862 est
2818 3824 2916 3862 rex
2955 3810 3164 3880 gloriw.
3211 3810 3389 3865 Unum
3437 3811 3635 3866 habuit

2045 3892 2442 3964 principatum,
2481 3897 2669 3953 lumen
2724 3898 2872 3968 quod
2900 3898 3172 3955 illuminat
3199 3901 3464 3954 hominem
3509 3911 3634 3955 ante

2046 3992 2335 4046 adventum
2378 4005 2537 4060 super
2571 3989 2861 4056 terram“;
2898 4000 3027 4046 ante
3076 3991 3306 4056 smcula,
3366 3993 3474 4048 hoc
3523 4001 3630 4058 est,

2047 4097 2172 4137 cum
2217 4097 2284 4136 eo
2325 4091 2412 4138 est
2451 4081 2572 4136 sine
2612 4081 2910 4156 principio.
2959 4083 3036 4138 lta
3085 4084 3234 4138 enim
3271 4083 3634 4154 intelligimus

2049 4173 2186 4228 illud
2213 4191 2227 4228 :
2252 4173 2318 4229 In
2345 4174 2604 4245 principio
2634 4183 2750 4227 erat
2783 4175 3022 4240 Verbum,
3056 4177 3111 4230 in
3133 4176 3316 4235 Patre.
3339 4176 3459 4230 Non
3484 4175 3634 4231 enim

2049 4267 2106 4321 in
2137 4267 2416 4338 principio
2447 4267 2656 4333 smcuii,
2689 4267 2786 4322 sed
2833 4270 2890 4322 in
2919 4271 3178 4340 principio
3224 4269 3474 4339 genitore
3517 4277 3636 4324 erat

2051 4360 2294 4424 Verbum,
2326 4368 2375 4414 et
2404 4359 2625 4413 Verbum
2651 4369 2766 4413 erat
2791 4361 2934 4430 apud
2971 4360 3138 4416 Deum
3165 4362 3231 4416 ⁸⁸.
3269 4361 3500 4428 Quando
3539 4375 3637 4415 au-

2052 4461 2160 4507 tem
2185 4451 2444 4520 apparuit
2474 4457 2533 4504 et
2568 4457 2797 4507 exortus
2813 4453 3260 4522 estprincipatus
3288 4453 3399 4508 diei
3425 4453 3510 4508 sui
3539 4451 3661 4506 ad-'

347 4546 512 4600 tians
547 4541 877 4598 beneficium
917 4541 1030 4594 Suae
1057 4537 1111 4592 in
1141 4535 1398 4590 homines
1427 4531 1799 4602 benignitatis.
1861 4529 1948 4584 Si-
1982 4531 2024 4586 D
2053 4554 2271 4606 γοηιυε,
2301 4545 2506 4599 mullos
2531 4544 2730 4599 habuit
2758 4545 3122 4614 principatus.
3161 4546 3296 4600 Nam
3338 4554 3635 4620 postquam

347 4637 572 4692 militer
611 4633 796 4688 Moses
835 4645 1058 4702 quoque
1081 4627 1365 4684 Christum
1403 4625 1555 4695 prius
1602 4621 1947 4685 describens,

348 4745 491 4786 cum
531 4732 780 4796 tempore
816 4721 1237 4794 quadragesimo
1267 4718 1598 4774 sceleratum
1632 4715 1788 4770 illum
1805 4714 1954 4769 occi-

349 4822 541 4877 disset
585 4819 642 4872 in
700 4826 890 4888 typum
930 4812 1134 4868 diaboli
1183 4812 1281 4882 qui
1317 4810 1527 4865 bellum
1557 4807 1785 4878 gerebat
1825 4821 1951 4860 cum

353 4913 595 4972 homine
657 4908 948 4971 Israelita,
990 4919 1120 4959 eum
1173 4901 1372 4957 infod-it
1421 4901 1478 4954 in
1517 4913 1686 4954 arena
1745 4896 1948 4968 abyssi.

352 5005 580 5063 Deinde
617 5002 734 5072 ipse
778 4999 846 5053 ad
875 4995 1242 5068 quadraginta
1265 5006 1438 5048 annos
1461 4991 1700 5062 primum
1727 5004 1950 5060 gregem

355 5093 606 5151 rationis
633 5097 953 5166 expertem,
981 5085 1198 5144 Jethro.
1235 5082 1387 5153 pavit
1415 5082 1694 5152 intypum
1734 5080 1951 5135 lsraelis

356 5185 590 5244 ratione
629 5179 892 5244 carentis,
938 5186 996 5233 et
1041 5175 1222 5246 spatio
1253 5172 1620 5244 quadraginta
1653 5184 1948 5235 annorum,

359 5276 635 5352 p0pulum
668 5272 766 5328 Dei
804 5271 900 5342 qui
933 5269 1139 5324 dicitur
1182 5267 1402 5340 (nempe
1441 5263 1562 5333 nos)
1601 5263 1952 5318 conservavit

361 5373 427 5426 in
461 5370 686 5424 deserta
734 5362 1005 5420 Ecclesia.
1039 5361 1413 5430 Quadraginta
1463 5357 1584 5412 dies
1647 5356 1704 5410 in
1764 5362 1950 5410 monte

362 5437 524 5518 Sinai
577 5461 634 5514 in
662 5457 872 5513 Christi
906 5463 1095 5526 typum
1121 5453 1414 5524 jejunavit.
1449 5447 1824 5517 Quadraginta
1853 5463 1954 5502 an-

363 5567 476 5608 nos
497 5541 722 5605 Samuel
755 5547 900 5600 lil'rus
925 5541 1178 5598 mulieris
1200 5557 1326 5610 quae
1347 5537 1646 5608 aliquando
1668 5537 1774 5591 fuit
1795 5535 1959 5591 steri-

369 5643 463 5704 Εἰς.
498 5637 873 5712 prophetarit.
899 5634 1180 5698 Salomon,
1215 5631 1310 5700 qui
1337 5629 1432 5683 Dei
1460 5627 1730 5696 templum
1763 5626 1958 5682 condi-

2049 4636 2343 4706 imperavit
2371 4636 2714 4700 caelestibus,
2743 4635 3225 4706 imperavitetiam
3252 4637 3632 4702 terrestribus,

2049 4726 2331 4797 accipiens
2362 4724 2584 4785 infirma
2619 4725 2675 4780 in
2709 4741 2866 4783 suam
2888 4726 3292 4791 haereditatcm,
3327 4739 3384 4782 et
3416 4743 3636 4798 posses.

2050 4817 2265 4872 sionem
2297 4832 2453 4870 suam
2510 4816 2652 4874 lines
2680 4821 2870 4882 terrae,
2917 4824 2973 4870 et
3005 4815 3300 4871 dominans
3323 4831 3354 4870 a
3400 4818 3536 4870 mari
3565 4817 3636 4872 ad

2051 4921 2226 4972 mare,
2253 4906 2359 4962 fuit
2379 4907 2492 4961 dux
2523 4905 2719 4962 salutis
2739 4913 2966 4970 nostrae,
2989 4914 3045 4959 et
3070 4905 3175 4961 fuit
3198 4906 3533 4976 principium
3546 4906 3639 4961 ba-

2062 5000 2364 5072 ptismatis,
2391 4997 2800 5072 etprincipium
2828 4996 3265 5067 incorruptionis
3289 5013 3357 5052 ex
3383 4997 3635 5060 mortuis,

2056 5099 2113 5146 et
2147 5089 2484 5161 principium
2515 5097 2578 5144 ut
2606 5088 2754 5142 Deus
2777 5087 2994 5146 habitet
3017 5086 3072 5140 in
3095 5087 3319 5141 homine
3343 5105 3356 5140 :
3386 5087 3466 5140 sic
3488 5086 3638 5141 enim

2057 5183 2445 5239 intelleximus
2457 5181 2741 5237 Christum
2755 5181 3166 5250 primogenitum
3182 5181 3236 5232 in
3256 5179 3434 5233 multis
3451 5180 3611 5250 fratri
3626 5210 3640 5221 -

2057 5278 2150 5332 bus
2171 5277 2218 5310 ⁸⁸
2242 5275 2472 5342 nostris,
2489 5275 2546 5329 in
2563 5273 2767 5346 quibus
2783 5274 2928 5328 Deus
2957 5287 3056 5342 per
3086 5273 3266 5342 ipsum
3285 5270 3638 5326 inhabitavit.

2120 5369 2302 5424 Habet
2333 5368 2504 5422 alium
2528 5383 2750 5439 quoque
2778 5365 3150 5437 principatum
3178 5379 3274 5420 seu
3306 5363 3641 5434 principium

2051 5462 2142 5518 hic
2171 5460 2416 5516 caelestis
2435 5460 2516 5514 sol
2540 5457 2816 5514 Christus.
2852 5457 2972 5527 Ipse
2994 5455 3145 5510 enim
3171 5455 3386 5525 primus
3413 5453 3641 5523 incepit,

2052 5564 2111 5611 et
2143 5554 2290 5609 viam
2311 5553 2472 5608 nobis
2503 5553 2574 5607 ad
2604 5553 2824 5608 Patrem
2859 5551 3062 5604 muniit
3088 5565 3155 5604 ac
3175 5547 3391 5620 paravit
3425 5545 3644 5601 sublato

2055 5663 2278 5702 sursum
2325 5645 2576 5701 homine.
2620 5645 2727 5700 Per
2758 5643 2860 5698 hos
2883 5658 3017 5714 ergo
3055 5649 3111 5697 et
3131 5638 3406 5712 ejusmodi
3439 5635 3646 5709 princi-

446 5786 488 5817 ιο
526 5777 700 5834 Levit.
725 5779 870 5840 xu.2
913 5779 1064 5848 seqq.
1143 5777 1188 5807 '°
1218 5773 1409 5848 Matth.
1441 5771 1568 5834 iv,‘.2
1590 5785 1742 5848 seqq.
1820 5770 1862 5802 δ’
1891 5769 2032 5826 Psal.
2062 5785 2241 5835 cxx-tu,
2283 5768 2397 5823 105.
2477 5769 2520 5800 ⁸⁸
2547 5767 2650 5821 lsa.
2679 5781 2753 5824 ix.
2783 5765 2834 5819 6.
2913 5764 2958 5795 ⁵³
2993 5763 3161 5834 Apoc.
3195 5776 3306 5825 xu,
3342 5757 3430 5814 l6.

361 5855 604 5913 "1mm.
635 5869 670 5918 ι,
708 5854 760 5907 9.
835 5853 880 5882 ⁵⁵
910 5843 1043 5904 ibid.
1089 5848 1137 5902 l.
1215 5846 1260 5876 “
1290 5843 1448 5898 Rom.
1480 5857 1592 5904 vm,
1621 5843 1710 5894 ΞΩ.
