4098 6422
486 344 594 408 903

1701 316 1765 375 s.
1807 307 2207 372 ANAS’l‘ASIl
2247 301 2571 364 suum

3652 288 3760 352 90!.

489 463 654 518 patns
673 460 772 502 seu
795 431 1356 513 principia,intellige
1377 438 1637 498 magnum
1656 435 1778 476 esse
1801 417 2076 490 luminare
2110 445 2150 496 Α
2183 420 2292 466 tem
2324 409 2452 462 luna
2481 423 2511 460 a
2561 405 2673 460 Deo
2703 399 2986 472 acceperit
3025 415 3181 469 aqua:
3211 404 3536 466 potestatem
3563 403 3620 448 et
3655 412 3761 467 gn-

1427 509 1467 518 .-
1511 514 1522 518 -
1635 510 1648 518 .
1685 509 1740 518 ...
1845 505 1858 517 ο
1943 513 1952 518 -
2058 517 2065 518 ,
2183 503 2198 518 η.
2334 499 2465 518 ,.9,_,,
2489 513 2563 518 -.υ
2626 496 2964 518 ---ε-ειηρηηυι
2994 492 3046 518 ε..
3081 489 3340 518 ...ιζ-νηκοη
3375 503 3513 518 anno
3537 495 3588 518 nl
3625 489 3757 518 κισ-..ἒ

490 505 548 598 ira
579 505 926 609 principatus
955 505 1055 582 seu
1098 519 1376 595 principia
1415 509 1527 570 diei
1557 510 1650 582 qui
1683 505 2074 609 illuminatnra

2183 499 2590 561 bernalionem,
2625 496 2966 566 spiritusque
2994 492 3050 546 in
3081 489 3342 544 universa
3375 503 3517 557 aqua
3536 495 3594 541 et
3625 489 3760 543 mari

491 579 1590 697 sicileuquircad—itwsub-intelligentiam,
1633 617 1734 672 per
1781 593 2077 653 duodecim
2181 603 2237 648 et
2271 591 2461 647 multis
2483 587 2830 658 corporibus,
2857 593 2914 640 et
2941 583 3043 654 ipsi
3075 580 3298 652 quidem
3333 580 3499 650 hujus
3522 580 3604 633 rei
3639 579 3761 649 plu-

493 689 910 782 horam-nempe
934 706 1238 777 discipulos
1255 710 1311 756 et
1341 696 1654 770 apostolos;
1679 689 2082 746 luminareau—

494 775 606 870 tem
635 775 819 864 minus
846 775 903 858 in
939 775 1282 871 principatus
1307 805 1402 846 seu
1429 784 1698 859 principia
1723 780 1924 836 noctis.
1949 775 2080 830 lllihi

495 906 740 964 videtur,
771 895 920 968 quod
947 901 1006 947 et
1037 889 1229 944 verbis
1273 893 1329 939 et
1363 881 1531 937 rebus
1563 887 1620 932 ct
1652 873 1841 945 ﬁguris
1889 879 2080 940 aptum

497 1010 558 1055 et
586 962 1063 1050 accommodatum
1099 989 1185 1035 est
1225 975 1540 1044 exemplum
1577 967 1711 1024 solis
1747 974 1805 1019 et
1841 965 1986 1017 lunae
2016 962 2082 1014 ad

499 1053 782 1148 Christum
805 1091 861 1138 et
885 1075 1213 1134 Ecclesium.
1239 1069 1376 1126 Nam
1401 1081 1526 1120 cum
1550 1061 1773 1116 fecisset
1803 1057 1950 1112 Deus
1970 1053 2087 1106 haec

501 1143 960 1242 duolnminaria,
993 1182 1252 1239 magnum
1287 1162 1509 1233 (nempe
1529 1147 1944 1242 solem)statim
1971 1143 2088 1200 ﬁxit

503 1277 574 1332 ad
624 1280 807 1328 ortum
841 1258 1193 1322 ﬁrmamenti,
1227 1256 1415 1310 lunam
1470 1255 1656 1306 autem
1685 1241 1758 1298 ad
1805 1250 2084 1332 occasum,

501 1383 607 1422 nos
639 1365 874 1418 docente
907 1357 1013 1409 hoc
1029 1349 1306 1418 exemplo,
1329 1342 1479 1415 quod
1505 1341 1560 1395 in
1593 1333 1870 1410 principio
1887 1328 2090 1384 adven-

507 1469 596 1514 tus
626 1454 858 1514 Christi,
891 1451 1012 1518 ipso
1036 1443 1258 1500 Christo
1288 1434 1616 1511 splendente
1645 1429 1702 1482 in
1733 1433 2091 1518 earne‘supcr

508 1509 740 1608 terram,
775 1509 983 1596 Curi-sti
1029 1549 1142 1590 non
1193 1509 1522 1599 Splendebat
1559 1515 1806 1576 Ecclesia
1839 1531 1853 1566 :
1895 1509 2092 1608 Ait-huc

509 1643 658 1698 enim
688 1636 872 1694 stabat
922 1630 976 1683 in
1015 1637 1220 1681 occasu
1268 1615 1504 1690 peccati.
1539 1611 1676 1666 Cum
1709 1615 1892 1662 autem
1925 1599 2092 1658 Chri-

507 1743 630 1791 stus
664 1725 944 1787 oecidens,
983 1720 1040 1774 in
1065 1715 1220 1772 caelis
1245 1707 1572 1766 accessisset
1594 1700 1661 1756 ad
1687 1699 1927 1760 Patrem,
1960 1701 2094 1747 tunc

2187 687 2384 740 rimam
2415 683 2688 738 habemus
2727 677 3122 748 experientiam
3142 715 3156 736 ,
3189 681 3245 728 et
3275 681 3548 727 testantur
3575 688 3766 727 omines

2189 777 2284 856 qui
2312 777 2365 830 in
2399 789 2549 829 mare
2578 769 2995 827 drscenduntin
3020 766 3276 829 navibus,
3308 765 3456 836 quod
3483 773 3766 820 crescente

2188 869 2352 940 3-75
2384 881 2617 938 corpore
2643 866 2787 920 luna:
2822 861 2987 917 simul
3010 861 3175 915 etiam
3209 866 3467 914 crescunt
3491 866 3548 911 et
3582 857 3768 911 inulti-

2187 964 2466 1034 plieantur
2495 975 2672 1029 aqum,
2713 973 2776 1012 ea
2817 965 3002 1012 autem
3027 956 3387 1009 decrescente
3421 964 3618 1006 rursus
3644 965 3768 1004 cum

2187 1071 2251 1109 ea
2288 1053 2550 1108 desinunt
2587 1059 2644 1105 et
2673 1049 3024 1104 decrescunt.

2261 1144 2468 1201 Dicunt
2498 1155 2684 1197 autem
2729 1141 2864 1194 ibim
2894 1153 3143 1210 quoque,
3175 1151 3302 1208 qua:
3331 1144 3415 1189 (τοο
3453 1133 3662 1189 animal
3691 1131 3768 1186 si-

2191 1237 2324 1292 mile
2366 1237 2511 1291 luna:
2539 1235 2800 1290 aetherem
2850 1231 2935 1302 (ut
2973 1246 3098 1301 quas
3142 1229 3200 1284 in
3241 1238 3510 1284 extremis
3545 1225 3770 1296 quidem

2191 1329 2459 1391 albescat,
2494 1328 2548 1382 in
2575 1326 2761 1381 medio
2791 1333 2976 1379 autem
3004 1323 3079 1379 sit
3099 1331 3220 1378 atra
3243 1332 3301 1376 et
3325 1319 3678 1391 caliginosa),
3704 1335 3772 1373 ne

2193 1422 2368 1492 ipsam
2405 1420 2632 1492 quidem
2683 1418 2875 1472 videre
2922 1416 3145 1487 quando
3178 1417 3382 1470 coelum
3439 1414 3610 1468 fuerit
3655 1414 3775 1468 sine

2194 1511 2326 1568 luna
2357 1529 2372 1564 :
2406 1527 2528 1566 eam
2559 1520 2744 1566 autem
2774 1523 2841 1564 eo
2876 1519 3126 1578 tempore
3159 1505 3367 1562 clausis
3412 1520 3537 1559 esse
3574 1503 3772 1566 oculis,

2193 1613 2252 1660 et
2295 1619 2521 1664 manere
2574 1602 2690 1657 cibi
2733 1610 3046 1675 expertem.
3095 1599 3266 1654 Simia
3313 1607 3499 1652 autem
3546 1595 3779 1650 manife-

2195 1693 2398 1748 stiores
2428 1692 2598 1747 habet
2625 1691 3006 1763 Operationes.
3033 1691 3172 1745 Nam
3213 1688 3438 1759 quando
3457 1687 3665 1742 crescit
3689 1686 3777 1740 Iun

509 1780 634 1883 orla
656 1780 739 1876 est
762 1820 916 1878 luna,
932 1780 1074 1866 tunc
1094 1819 1250 1862 suam
1269 1795 1516 1857 ostendit
1537 1788 1940 1864 operationem.
1963 1790 2094 1835 tunc
2127 1793 2167 1848 Β
2195 1799 2288 1868 na,
2313 1784 2364 1839 ei
2388 1783 2658 1840 dilatatur
2677 1783 2833 1838 orbis
2856 1783 3148 1838 oculorum
3169 1799 3184 1850 ;
3205 1780 3434 1851 quando
3455 1788 3647 1836 autem
3681 1780 3779 1834 de-

509 1917 791 1976 dominata
824 1915 910 1963 est
942 1899 1190 1960 tenebris
1221 1892 1427 1954 noctis,
1461 1898 1594 1940 tunc
1635 1874 1972 1937 illuminavit
1996 1887 2095 1927 eos

508 1971 784 2081 quierant
806 2001 861 2053 in
884 1992 1154 2052 tenebris,
1173 1993 1306 2041 tunc
1326 1979 1676 2081 principatus
1685 1978 1748 2076 et
1772 1971 2094 2081 potestates,

509 2057 570 2157 et
595 2097 878 2170 principes
908 2085 1265 2142 tenebrarum
1301 2073 1470 2144 hujus
1515 2063 1701 2124 saeculi
1728 2057 2094 2170 conculeavit,

511 2148 796 2262 imperans
823 2191 880 2242 et
912 2176 1222 2237 dominans,
1246 2175 1303 2224 et
1325 2161 1628 2236 subiiciens
1651 2167 1873 2262 omnem
1899 2148 2098 2262 Obs‘ctl-

511 2239 630 2340 ram
658 2295 722 2336 ac
764 2273 1112 2332 tenebrosam
1141 2259 1426 2320 diabolicae
1463 2245 1805 2322 operationis
1845 2239 2097 2340 fraudem

599 2329 964 2445 potestatem;
1003 2369 1060 2416 et
1103 2357 1229 2413 ideo
1262 2350 1468 2408 dicitur
1495 2346 1639 2400 facta
1663 2353 1785 2395 esse
1818 2353 1850 2392 a
1889 2334 2003 2390 Deo
2041 2329 2100 2386 in

511 2435 860 2540 principatus
886 2470 983 2510 seu
1028 2444 1306 2520 principia
1333 2439 1532 2500 noctis,
1563 2445 1622 2492 ut
1646 2447 1766 2537 quas
1793 2435 2103 2532 postocca-

513 2521 640 2615 sum
691 2521 862 2616 solis,
927 2558 1126 2614 nempe
1177 2535 1428 2598 Christi,
1469 2531 1538 2586 ab
1587 2530 1708 2600 ipso
1752 2521 2102 2579 illuminetur

516 2611 1016 2716 inaspectahiliter,
1043 2611 1321 2705 quomodo
1351 2626 1518 2682 etiam
1548 2623 1678 2676 luna
1711 2634 1742 2672 a
1781 2615 1918 2674 sole.
1944 2611 2102 2669 Unde

519 2706 778 2810 tanquam
809 2735 942 2788 luna
971 2727 1220 2800 quaedam
1247 2738 1347 2808 per
1371 2717 1715 2774 aversionem
1741 2720 1798 2766 et
1823 2706 2100 2787 privatio-

517 2799 651 2888 nem
678 2844 775 2886 seu
815 2823 956 2881 lucis
982 2799 1284 2880 defectum,
1329 2799 1604 2868 obscuros
1633 2807 1908 2861 lueresum
1946 2799 2102 2855 defe-

519 2933 646 2980 ctus
674 2935 723 2976 el
757 2916 1083 2974 atllietioncs
1110 2907 1462 2964 inimicorum
1491 2899 1644 2956 subit
1675 2893 1944 2955 Ecclesia,
1979 2890 2104 2946 ani-

519 3015 598 3072 mi
631 3011 938 3082 deliquium
973 3006 1090 3061 fere
1126 3000 1346 3073 patiens
1397 3004 1454 3052 et
1497 3003 1763 3062 tanquam
1811 2983 2100 3082 deficiens,

522 3083 635 3164 cito
661 3075 847 3159 autem
877 3102 1080 3155 iterum
1134 3092 1413 3162 refulgens
1453 3094 1552 3145 aut
1588 3085 1772 3140 lucem
1818 3075 2102 3150 propriam

523 3197 819 3268 recipiens.
855 3189 982 3246 llaec
1005 3203 1109 3242 nos
1139 3191 1330 3255 aperte
1352 3177 1515 3234 docet
1539 3173 1797 3268 llabaeuc
1834 3166 2104 3268 propheta

525 3257 718 3350 dice-ns
749 3287 818 3342 de
843 3285 961 3340 sole
985 3290 1042 3336 et
1072 3280 1244 3334 luna:
1273 3273 1338 3331 In
1361 3271 1532 3326 altum
1570 3266 1740 3322 elatus
1775 3271 1849 3316 est
1869 3257 1971 3323 sol,
2001 3257 2109 3350 hoc

525 3347 612 3442 est
635 3378 890 3434 Christus
920 3367 1176 3428 ascendit
1205 3367 1262 3420 in
1303 3361 1504 3427 caelos;
1536 3365 1592 3414 et
1623 3363 1759 3410 tunc
1793 3351 1924 3405 [una
1961 3347 2110 3400 stetit

525 3439 584 3530 in
609 3471 796 3527 ordine
836 3462 1021 3530 suo”,
1055 3473 1255 3530 nempe
1285 3451 1532 3512 Ecclesia
1560 3451 1618 3505 in
1642 3445 1826 3502 valido
1865 3455 1966 3498 suo
1995 3439 2111 3494 sta-'

530 3575 614 3630 tu,
641 3563 697 3618 in
737 3552 1158 3631 pulchritudine
1185 3564 1308 3613 sua,
1333 3547 1391 3602 in
1429 3543 1634 3600 decore
1657 3554 1781 3602 suo,
1817 3535 1874 3591 in
1905 3531 2114 3590 illumi-

526 3625 756 3718 nalione
802 3666 924 3715 sua,
979 3647 1035 3702 in
1076 3658 1250 3700 cursu
1290 3655 1414 3697 suo.
1447 3638 1621 3692 Recte
1649 3640 1833 3689 autem
1863 3626 2024 3690 dixit,
2055 3625 2114 3682 in

525 3749 721 3805 ordine
761 3760 889 3809 suo;
921 3740 1080 3812 prius
1108 3737 1258 3793 enim
1290 3740 1416 3789 erat
1444 3728 1762 3786 inordinata
1799 3730 1858 3778 et
1901 3720 2115 3776 incom-

529 3837 735 3910 posita,
766 3844 828 3890 ut
853 3846 976 3902 qua:
998 3836 1149 3884 esset
1179 3824 1368 3880 dedita
1395 3817 1740 3876 idololatriae.
1784 3813 1883 3868 Est
1929 3819 2114 3865 autem

529 3901 699 3984 etiam
745 3901 997 3995 quaedam
1027 3918 1136 3973 alia
1185 3911 1534 3971 admirabilis
1578 3907 1760 3966 oratio
1791 3904 1860 3960 de
1900 3901 2018 3958 sole
2059 3906 2118 3954 et

531 4021 686 4083 luna,
714 3989 1016 4073 ostendens
1035 4007 1362 4082 mysterium
1387 4002 1593 4060 Christi
1622 4010 1680 4057 et
1708 3993 1988 4054 Ecclesiae.
2019 3989 2118 4048 Di-
2176 4057 2182 4072 ‘

533 4121 669 4170 cunt
693 4109 842 4166 enim
863 4107 961 4178 qui
989 4120 1081 4160 res
1103 4103 1238 4158 solis
1253 4108 1309 4156 et
1331 4099 1478 4154 lunae
1503 4095 1800 4167 diligenter
1821 4086 2121 4157 investiga-

533 4200 850 4272 runt,quod
875 4199 946 4253 ab
967 4197 1057 4251 bis
1081 4193 1302 4250 duobus
1315 4187 1684 4246 luminaribus
1698 4182 2120 4240 administratur

534 4305 593 4350 et
619 4271 963 4365 gubernatur
1003 4302 1068 4342 ac
1103 4283 1383 4354 dependet
1405 4280 1668 4334 universa
1715 4290 1840 4346 qua:
1881 4282 1968 4328 est
2014 4271 2120 4327 sub

536 4364 694 4440 emlis
722 4388 996 4442 creatura,
1029 4386 1139 4431 tam
1169 4374 1540 4430 animatorum
1561 4383 1726 4440 quam
1748 4364 2118 4421 inanimorum

2197 1861 2423 1940 crescit,
2485 1874 2540 1928 ei
2579 1873 2934 1930 contrahitur
2970 1873 3262 1928 oculorum
3300 1869 3778 1928 circumferentia.

2198 1965 2405 2022 Dicunt
2427 1977 2613 2021 autem
2633 1967 2690 2021 in
2707 1965 2936 2021 ﬂumine
2963 1965 3232 2041 Hystaspe
3251 1967 3404 2020 nasci
3430 1964 3674 2038 lapidem
3687 1965 3783 2036 qui

2199 2058 2407 2113 dicitur
2439 2057 2703 2130 Lyclmis,
2732 2059 2828 2128 qui
2863 2057 3090 2128 quidem
3127 2072 3256 2115 cum
3291 2057 3498 2112 crescit
3528 2061 3662 2112 luna
3699 2071 3784 2112 so-

2198 2165 2334 2205 num
2380 2148 2564 2204 reddit
2597 2148 2963 2204 modulatum.
3013 2147 3074 2202 In
3122 2146 3294 2202 fluvio
3327 2163 3552 2218 quoque
3597 2146 3784 2203 Gallias

2200 2243 2400 2298 dicunt
2431 2242 2633 2313 degere
2663 2243 2898 2312 piscem,
2929 2239 3026 2314 qui
3063 2241 3133 2296 ab
3181 2239 3382 2296 incolis
3420 2239 3634 2294 dicitur
3672 2240 3784 2295 clo-

2199 2335 2344 2406 pias,
2377 2334 2472 2406 qui
2521 2334 2746 2405 quidem
2787 2333 2922 2389 luna
2965 2340 3252 2390 crescente
3291 2331 3546 2398 albescit,
3589 2333 3782 2387 decre-

2201 2437 2389 2482 scente
2419 2435 2604 2482 autem
2637 2425 2922 2497 nigrescit.
2963 2423 3106 2481 Cum
3135 2439 3268 2495 ergo
3299 2433 3356 2480 et
3388 2429 3629 2494 corpora
3662 2439 3787 2478 mu-

2203 2527 2428 2585 tentur,
2475 2529 2532 2575 et
2575 2535 2733 2589 aqua:
2780 2525 3036 2572 crescant
3063 2527 3128 2582 et
3183 2516 3511 2572 decrescant
3535 2517 3594 2572 in
3645 2517 3790 2574 luna

2204 2611 2634 2677 mutationibus,
2667 2611 2784 2667 haec
2812 2609 2950 2666 mihi
2985 2608 3289 2664 transferas
3320 2609 3390 2663 ad
3419 2608 3626 2665 seriem
3657 2609 3792 2664 alles

2203 2705 2393 2776 gerite.
2424 2714 2480 2760 et
2506 2705 2724 2760 videbis
2741 2703 2930 2761 omnia
2961 2703 3113 2758 omni
3143 2718 3212 2758 ex
3249 2711 3410 2773 parte
3455 2717 3790 2774 congruere.

2205 2796 2344 2852 Nam
2380 2812 2506 2852 cum
2533 2796 2736 2852 crescit
2787 2805 2846 2851 et
2887 2805 3249 2868 promovetur
3297 2793 3574 2862 Ecclesia,
3627 2795 3792 2856 simul

2202 2889 2372 2942 etiam
2407 2896 2668 2943 crescunt
2691 2899 2869 2945 cretus
2896 2888 3236 2958 populorum
3261 2885 3512 2962 ﬁdelium
3539 2905 3556 2944 :
3600 2887 3796 2945 dcere.

2207 2988 2400 3036 scente
2445 2989 2632 3035 autem
2659 2990 2718 3036 et
2755 2979 3247 3050 persecutionibus
3279 2979 3528 3050 appetito
3559 2995 3794 3052 corpore

2206 3085 2262 3129 et
2289 3074 2496 3128 lumine
2527 3075 2657 3130 ﬁdei
2681 3073 3079 3130 ecclesiastica:
3108 3073 3178 3130 ab
3213 3071 3559 3143 inﬁdelibus,
3601 3073 3796 3129 decrev

2207 3175 2372 3221 scunt
2407 3177 2464 3220 et
2497 3167 2890 3222 diminuuntur
2915 3167 3084 3222 etiam
3111 3174 3426 3222 conventus
3457 3164 3794 3238 populorum

2210 3259 2478 3314 ﬁdelium.
2515 3259 2786 3314 Similiter
2814 3258 3065 3330 spiritus
3095 3273 3344 3331 quoque,
3389 3257 3482 3315 cui
3516 3266 3606 3314 est
3637 3258 3788 3316 inna-

2211 3361 2350 3416 tum,
2379 3361 2440 3406 ut
2467 3354 2541 3408 sit
2574 3368 2744 3424 super
2773 3367 2995 3422 aquam,
3041 3351 3097 3407 in
3125 3367 3294 3408 cursu
3340 3360 3583 3424 ortuque
3616 3360 3677 3408 et
3707 3368 3798 3410 oc-

2211 3461 2344 3501 casu
2375 3445 2520 3501 lunas
2546 3447 2778 3518 ejusque
2807 3445 3153 3500 incremento
3184 3451 3244 3498 et
3274 3442 3498 3500 defectu
3540 3441 3797 3515 procedit

2210 3545 2270 3592 et
2299 3536 2534 3602 recedit,
2591 3545 2649 3593 et
2689 3536 3092 3608 multiplicatur
3141 3549 3207 3591 ac
3247 3535 3548 3594 decrescit.
3580 3537 3795 3609 itaque.

2214 3628 2308 3697 qui
2341 3620 2626 3698 navigant,
2652 3627 3081 3700 diligentissime
3115 3626 3418 3683 observant
3453 3635 3512 3684 et
3539 3628 3799 3687 conside-

2215 3727 2344 3774 rant
2365 3730 2655 3800 aspectum
2682 3719 2849 3785 lunze,
2877 3729 2935 3774 et
2961 3719 3219 3790 ﬁguram,
3248 3733 3314 3774 ac
3338 3719 3544 3788 lucem,
3580 3728 3639 3777 et
3663 3737 3799 3792 qua-

2215 3818 2346 3866 tuor
2370 3813 2492 3884 ejus
2529 3811 2946 3878 conversiones,
2979 3820 3187 3878 ortum,
3245 3810 3496 3882 inquam,
3542 3820 3602 3868 et
3630 3815 3798 3886 septi,

2219 3918 2393 3970 mum,
2417 3913 2475 3959 et
2489 3903 2770 3958 decimum
2791 3903 3074 3974 quintum,
3091 3911 3150 3958 et
3168 3901 3497 3958 vicesimum
3518 3905 3796 3974 primum:

2221 3993 2276 4048 in
2319 3993 2389 4048 iis
2427 3993 2578 4048 enim
2623 3991 2793 4048 edicit
2823 4001 3118 4047 ventorum
3172 3989 3532 4049 mutationes.
3577 3989 3796 4045 Etenim

2221 4096 2352 4143 sunt
2381 4095 2438 4141 et
2470 4096 2710 4158 quatuor
2736 4086 2876 4140 ﬁnes
2918 4092 3160 4155 quatuor
3205 4090 3497 4142 ventorum
3538 4082 3798 4155 Ecclesia

2223 4177 2574 4234 dominantis
2603 4186 2661 4232 et
2681 4173 3047 4232 transeuntis.
3077 4172 3208 4228 Ideo
3242 4178 3484 4242 quatuor
3505 4171 3658 4228 subit
3679 4187 3796 4226 mue

2221 4270 2488 4334 lationes,
2517 4285 2643 4340 quae
2674 4284 2705 4324 a
2729 4269 2841 4322 Deo
2871 4275 2958 4322 est
2984 4266 3136 4333 luna,
3167 4265 3371 4337 typice.
3409 4263 3546 4320 Nam
3573 4263 3796 4335 quando

2221 4364 2376 4420 venit
2403 4363 2472 4418 ad
2496 4372 2706 4426 ortum,
2743 4357 2989 4428 Spiritus
3031 4365 3261 4415 sanctus
3301 4370 3421 4415 eam
3474 4355 3664 4410 statim
3711 4355 3796 4411 in-

537 4485 836 4545 eorporum
871 4488 888 4530 ;
921 4468 1039 4524 sole
1087 4465 1316 4538 quidem
1359 4463 1681 4518 dominante
1703 4457 1900 4521 azstati,
1938 4454 2114 4526 utqui
2149 4467 2192 4522 ι)
2223 4458 2420 4528 Spirat,
2451 4466 2708 4512 nostrum
2745 4467 2898 4508 mare
2932 4449 3196 4506 ﬂuctibus
3223 4465 3336 4504 non
3361 4449 3580 4520 agitans
3607 4459 3666 4506 et
3709 4464 3800 4504 ex-

535 4565 612 4621 sit
643 4562 981 4618 elementum
1007 4557 1241 4622 siccum,
1276 4554 1334 4609 in
1356 4563 1544 4626 typum
1568 4548 1777 4606 Christi
1809 4547 1903 4620 qui
1931 4547 1988 4604 in
2014 4546 2121 4600 ﬁne

537 4653 740 4711 messis
783 4647 1284 4707 consummationis
1327 4651 1415 4700 est
1447 4643 1831 4700 exsiccaturus
1875 4653 1972 4693 eos
2023 4635 2149 4708 qui‘

537 4753 672 4804 sunt
697 4744 802 4799 sub
831 4751 1081 4814 peccato,
1116 4739 1290 4799 ﬂuvio
1335 4739 1500 4808 igneo
1530 4735 1625 4806 qui
1657 4733 1900 4788 trahitur
1931 4747 1998 4786 ex
2025 4746 2122 4785 eo.-

542 4850 669 4892 rum
701 4833 1030 4904 baptismate
1067 4850 1080 4886 :
1109 4829 1256 4889 unde
1290 4829 1460 4886 etiam
1503 4825 1586 4882 sol
1617 4825 1862 4882 exsiccat
1884 4831 1942 4880 et
1979 4820 2125 4880 eale-

538 4929 670 4986 facit
695 4936 1000 4982 creaturas.
1029 4923 1187 4978 Luna
1228 4937 1362 4978 vero
1394 4921 1632 4976 habente
1666 4917 2119 4990 gubernationem

535 5031 598 5078 et
633 5019 1172 5077 administrationem
1222 5011 1570 5069 auctoritatis
1601 5025 1756 5082 aqua:
1790 5018 1846 5064 et
1885 4998 2127 5081 spiritus

536 5112 740 5176 sancti,
766 5111 863 5182 qui
893 5127 925 5165 a
959 5108 1180 5164 Christo
1204 5104 1466 5160 Ecclesiae
1497 5112 1757 5172 tanquam
1781 5102 1928 5156 lunae
1955 5101 2126 5155 dona-

543 5209 635 5257 tus
649 5208 800 5256 estet
822 5199 1090 5263 creditus,
1111 5211 1234 5267 quae
1254 5195 1400 5249 luna:
1421 5193 1550 5248 data
1571 5201 1658 5248 est
1683 5201 1946 5262 tanquam
1963 5189 2126 5246 Chri-

541 5302 686 5358 stus,
721 5301 778 5346 et
825 5292 1035 5347 credita
1067 5291 1134 5346 ad
1172 5295 1503 5360 potestatem
1541 5294 1598 5342 et
1642 5283 2123 5356 gubernationem,

547 5395 610 5442 ut
639 5397 741 5438 nos
775 5399 880 5454 per.
902 5383 1076 5452 ipsam
1108 5395 1441 5454 generemur
1479 5385 1536 5434 et
1565 5391 1976 5447 regeneremur,
2025 5373 2128 5428 do-

544 5489 652 5537 nec
679 5471 932 5546 premota
951 5477 1024 5531 sit
1054 5485 1112 5530 et
1134 5472 1467 5544 prmterierit
1503 5487 1612 5526 nox
1635 5470 1800 5541 hujus
1836 5469 2042 5533 surculi,
2075 5478 2131 5523 et

545 5583 746 5625 rursus
769 5573 996 5623 exortus
1019 5567 1188 5645 fuerit
1207 5567 1462 5624 Christus
1481 5566 1563 5622 sol
1577 5557 1828 5636 iustitiae.
1854 5562 2010 5630 Quod
2034 5579 2132 5617 au-

625 5737 674 5773 "
707 5738 910 5794 Hahae.
943 5755 1020 5807 m,
1047 5742 1134 5796 ll.

2225 4553 2428 4614 citans,
2475 4550 2570 4606 sed
2601 4548 2966 4619 tranquillum
2994 4545 3184 4618 potius
3205 4545 3468 4611 reddens,
3517 4551 3576 4600 et
3606 4551 3669 4600 ut
3713 4558 3800 4599 se-

2219 4642 2406 4698 cundo
2431 4651 2597 4698 vento
2621 4640 2948 4711 navigemus
2977 4653 3082 4695 nos
3111 4651 3440 4709 provocans.
3477 4635 3537 4691 ln
3563 4635 3799 4705 septimo

2218 4743 2406 4794 autem
2431 4732 2522 4789 die
2554 4730 2906 4789 nascentium
2949 4730 3266 4796 infantium,
3314 4727 3551 4798 inspirat
3573 4739 3798 4784 ventum

2194 4827 2318 4896 'qui
2351 4825 2714 4896 persequitur
2750 4823 2989 4894 spiritus
3040 4820 3325 4892 nequitiae,
3366 4833 3578 4888 eosque
3623 4819 3680 4882 in
3710 4833 3802 4874 ve-

2223 4919 2449 4975 stibulis
2490 4917 2774 4974 catechesi
2828 4915 3014 4971 initiat
3047 4924 3106 4970 et
3139 4911 3386 4969 insufflat
3415 4910 3640 4978 veniam
3683 4925 3800 4982 quae

2225 5010 2472 5080 expellat
2507 5009 2804 5064 daemones
2839 5006 2935 5077 qui
2986 5004 3304 5072 inhabitant
3353 5002 3413 5059 in
3440 5003 3800 5075 generatione
3887 5034 3894 5040 -

2227 5099 2462 5170 peccati.
2506 5099 2740 5166 Quando
2763 5105 2946 5153 autem
2981 5096 3181 5160 crevit,
3218 5093 3438 5165 spirant
3471 5093 3530 5148 in
3560 5094 3798 5149 medium

2225 5193 2368 5263 ejus,
2403 5201 2460 5246 et
2491 5193 2614 5263 ejus
2647 5189 3003 5244 alumnarum
3051 5185 3146 5257 qui
3175 5184 3401 5256 abrupti
3447 5195 3582 5240 sunt
3627 5198 3660 5239 a
3705 5199 3798 5238 sua

2225 5284 2566 5354 integritate,
2623 5291 2682 5338 et
2728 5280 3047 5336 dilexerunt
3096 5277 3520 5334 decrementum
3555 5276 3679 5348 ejus
3721 5275 3801 5330 ln-

2226 5376 2479 5441 minum,
2527 5375 2760 5447 spiritus
2808 5374 3102 5439 haresum,
3166 5385 3278 5442 quo
3317 5379 3572 5440 tempore
3610 5365 3798 5436 incipit
3889 5427 3893 5430 ,

2229 5468 2397 5524 etiam
2427 5469 2776 5524 decrescere.
2813 5466 2874 5522 ln
2899 5463 3148 5538 perfecta
3183 5471 3372 5519 autem
3427 5463 3552 5534 ejus
3592 5466 3800 5516 contra.

2231 5561 2420 5617 ctione
2453 5569 2509 5617 et
2545 5561 2786 5626 defectu,
2816 5557 3040 5630 quando
3067 5564 3154 5615 est
3195 5554 3534 5612 universitas
3572 5559 3798 5616 ventura
