4098 6444
388 342 518 435 eos

1470 345 1550 406 IN
1592 346 2142 406 HEXAEMERON.
2174 371 2242 382 --
2277 348 2423 408 LIB.
2462 347 2559 408 IV.

3544 345 3682 409 -906

406 457 467 513 in
498 456 770 531 judicium
793 499 808 524 ,
857 467 992 514 tunc
1024 457 1264 529 spirabit
1292 458 1539 514 exitialis
1586 461 1842 530 spiritus,
1881 478 1993 517 non
2031 485 2069 536 Α
2105 463 2334 526 tionem,
2366 472 2424 517 et
2449 446 2619 517 vitam
2649 477 2774 532 quae
2798 470 2884 518 est
2909 476 3009 531 per
3036 475 3239 531 aquam
3284 469 3341 516 et
3374 461 3635 532 spiritum
3666 482 3681 517 :

408 548 480 605 ab
514 551 629 620 ipsa
664 541 1011 615 autem,'aut
1038 567 1138 621 per
1173 551 1371 623 ipsam,
1401 553 1768 619 labefactans,
1801 555 1846 609 si
1876 554 1996 609 ﬁeri

409 644 611 713 possit,
647 643 813 719 etiam
850 643 1001 713 ipsos
1025 645 1256 699 electos.
1300 644 1394 700 Sic
1426 646 1784 718 luna-ﬁgurat
1808 648 1999 703 Eccle-

407 735 553 789 siam
586 734 784 790 :unde
827 736 995 791 etiam
1027 737 1123 791 lux
1169 753 1315 792 nova
1361 737 1570 793 dicitur
1619 747 1779 797 ortus
1828 740 1994 807 lunae,

402 821 641 898 propter
674 832 1155 900 regenerationem
1178 847 1375 887 eorum
1412 835 1508 903 qui
1542 850 1744 890 recens
1791 835 1999 889 illumi-

401 922 657 980 nuntur,
707 933 830 986 quae
872 927 1147 989 perpetuo
1204 929 1504 990 generatur
1531 931 1588 976 et
1636 933 1998 992 regeneratur

403 1008 559 1062 sicut
587 1008 741 1074 luna,
780 1023 956 1081 usque
983 1011 1051 1066 ad
1083 998 1632 1069 consummationem
1668 1016 1880 1070 saeculi.
1908 1015 1999 1070 Si-

400 1102 478 1157 tit
515 1112 701 1157 autem
742 1104 973 1160 omnino
1007 1114 1063 1160 et
1092 1116 1219 1162 avet
1253 1107 1502 1177 prudens
1546 1108 1770 1163 auditor
1804 1125 2000 1185 rursus

404 1194 629 1251 discere
674 1195 743 1250 de
777 1197 999 1253 duabus
1051 1199 1186 1254 solis
1221 1201 1602 1270 potestatibus
1626 1241 1640 1265 ,
1692 1215 1896 1271 nempe
1932 1201 2001 1257 de

396 1286 598 1342 calido
629 1292 685 1341 e‘t
706 1287 882 1354 sicco,
912 1298 970 1344 et
991 1289 1465 1359 quemadmodum
1488 1307 1554 1347 ea
1589 1292 1906 1355 referantur
1931 1293 2000 1348 ad

404 1378 716 1434 Christum.
773 1378 1028 1436 Calidum
1072 1392 1257 1438 autem
1300 1392 1357 1440 ct
1393 1386 1604 1441 siccum
1645 1386 1999 1444 elementum

404 1482 499 1525 est
522 1473 684 1543 ignis,
713 1473 794 1528 sic
827 1481 973 1528 terra
1002 1485 1086 1531 est
1121 1477 1287 1532 etiam
1325 1478 1474 1533 sicca
1508 1488 1566 1532 et
1598 1478 1839 1550 frigida:
1875 1495 2002 1534 nam

396 1578 479 1619 ea
517 1581 736 1635 quoque
778 1578 864 1621 est
907 1559 1213 1638 injicienda
1243 1579 1477 1640 propter
1520 1571 1575 1626 id
1619 1572 1768 1642 quod
1797 1554 1882 1629 est
1914 1572 2002 1627 di-

400 1657 676 1712 cendum.
709 1656 1040 1731 Quicunque
1071 1677 1206 1732 ergo
1247 1662 1563 1736 perfectum
1593 1666 1769 1721 Deum
1793 1673 1851 1721 et
1881 1682 2004 1736 per-

401 1749 620 1804 fectum
648 1746 931 1807 hominem
966 1732 1397 1812 Chr'istumiesse
1426 1732 1712 1812 credimus
1741 1797 1757 1821 ,
1776 1816 1791 1824 _
1813 1757 2000 1829 ignem

2098 553 2257 623 cujus
2288 553 2421 607 luna
2473 560 2778 617 estcausa,
2833 553 3159 608 describens
3214 554 3452 624 gratiam
3497 554 3685 626 bapti-

2100 632 2315 697 smatis.
2344 643 2479 713 Ejus
2512 651 2697 698 autem
2726 642 2875 714 quod
2904 643 3029 698 dico
3057 644 3127 700 de
3158 660 3223 700 ea
3259 645 3371 700 vita
3420 655 3479 702 et
3519 664 3691 718 gene-

2100 732 2320 787 ratione
2352 744 2409 786 et
2437 733 2863 803 regeneratione
2898 748 2999 801 per
3050 748 3254 802 aquam
3304 740 3362 789 et
3402 733 3686 803 spiritum,

2102 820 2407 893 ipse'Deus
2446 825 2687 881 Verbum
2726 825 2892 880 ﬁdem
2922 825 3077 890 facit,
3136 826 3331 881 dicens
3368 843 3381 878 :
3416 826 3534 881 Nisi
3570 829 3689 898 quis

2101 915 2260 985 fuerit
2288 923 2631 988 regeneratus
2664 933 2759 987 per
2779 934 2977 987 aquam
2994 924 3044 970 et
3069 915 3351 987 Spiritum,
3378 934 3483 972 non
3510 920 3690 973 intra-

2098 1008 2175 1061 bit
2201 1009 2258 1062 in
2278 1026 2504 1081 regnum
2545 1009 2799 1065 caelorum
2846 1011 2913 1064 ⁸ο.
2961 1009 3199 1086 Eclipsis
3252 1020 3405 1066 certe
3444 1027 3541 1067 seu
3595 1011 3694 1067 dc-

2101 1100 2284 1157 fectus
2304 1103 2474 1168 lunae,
2497 1112 2555 1158 et
2580 1103 2807 1173 quando
2826 1103 2956 1158 luna
2973 1112 3059 1158 est
3074 1103 3260 1173 plena.
3287 1103 3523 1170 Quando
3537 1105 3689 1160 enim

2102 1196 2394 1266 plenitudo
2423 1197 2671 1267 gentium
2698 1197 2948 1267 ingressa
2976 1195 3148 1251 fuerit
3183 1197 3527 1268 Ecclesium;
3560 1207 3693 1255 tunc

2103 1289 2257 1344 subit
2290 1290 2517 1354 ccelum,
2559 1299 2769 1345 terram
2805 1289 2873 1344 de
2900 1298 3103 1344 cretero
3161 1290 3512 1361 relinquens.
3554 1293 3693 1348 Pro-

2103 1389 2297 1451 pterea
2332 1382 2644 1451 simplicem
2693 1397 2917 1451 quoque
2953 1381 3135 1436 lucem
3170 1382 3339 1438 habet
3378 1384 3531 1449 luna,
3578 1400 3691 1441 non

2104 1485 2289 1531 autem
2316 1476 2600 1547 duplicem
2636 1476 2784 1532 sicut
2812 1478 2917 1533 sol.
2967 1477 3104 1532 Nam
3138 1478 3253 1533 Eva
3291 1487 3379 1534 est
3405 1481 3594 1549 genita
3626 1498 3691 1535 ex

2105 1584 2215 1623 una
2245 1578 2401 1624 costa
2444 1570 2715 1626 hominis.
2738 1569 2921 1625 Adam
2975 1579 3160 1625 autem
3196 1570 3343 1627 sicut
3383 1573 3468 1627 soi
3502 1572 3691 1643 .figura

2104 1657 2335 1727 Christi,
2367 1670 2456 1717 est
2482 1662 2690 1733 duplex
2715 1670 2781 1719 et
2795 1663 3163 1732 compositus.
3211 1678 3411 1734 nempe
3443 1681 3512 1720 ex
3544 1673 3692 1720 terra

2103 1762 2160 1806 et
2212 1752 2405 1810 divina
2455 1741 2832 1809 insuﬂlatione
2862 1764 3028 1824 quam
3073 1754 3221 1809 Deus
3277 1754 3334 1809 in
3381 1755 3552 1810 Evam
3577 1771 3693 1811 non

399 1843 771 1913 quidemesse
791 1844 1681 1920 intelligimusejusdivinitatem:
1701 1849 2000 1906 Deusenim
2033 1830 2074 1884 Β
2105 1845 2406 1901 insuﬂlavit
2439 1865 2452 1901 :
2490 1846 2944 1917 quandoquidem
2972 1862 3086 1900 non
3119 1861 3189 1901 ex
3236 1846 3458 1901 duabus
3498 1862 3695 1902 essem

402 1946 591 1989 noster
628 1943 706 1989 est
733 1937 870 2008 ignis
895 1954 1207 1994 consumens
1245 1941 1313 1995 ".
1358 1941 1592 1997 Terram
1650 1952 1840 1998 autem
1874 1959 2005 1997 rur-

400 2044 535 2094 sus,
570 2037 712 2085 terra
742 2030 987 2101 genitam
1017 2034 1204 2089 carnis
1234 2034 1357 2107 ejus
1382 2035 1788 2093 humanitatem
1812 2054 1831 2089 :
1863 2052 2002 2108 qua-

408 2138 538 2177 rum
572 2123 800 2193 quidem
840 2125 1080 2180 duarum
1108 2127 1482 2184 essentiarum
1511 2139 1570 2185 et
1591 2130 2002 2186 elementorum

407 2218 579 2288 typus
611 2227 731 2272 erat
762 2234 928 2274 verus
952 2227 1009 2275 et
1038 2230 1358 2287 accuratus,
1392 2223 1560 2293 primi
1584 2223 1719 2279 Adae
1742 2232 2005 2279 constru-

403 2307 550 2359 ctio.
595 2307 671 2360 Ex
703 2305 792 2361 his
825 2306 975 2362 enim
999 2307 1219 2365 duobus
1240 2309 1424 2366 factus
1448 2319 1536 2367 est
1558 2311 1756 2378 Adam,
1797 2327 2003 2383 nempe

401 2404 469 2450 et
504 2397 683 2450 divini
724 2396 869 2467 ignis
902 2398 1297 2470 inspiratione,
1334 2410 1391 2457 et
1413 2419 1481 2458 ex
1510 2403 1660 2459 sicca
1691 2413 1748 2458 et
1785 2420 1817 2459 e
1855 2413 2005 2460 terra

402 2489 600 2560 genita
623 2488 742 2544 limi
773 2479 1155 2547 concretione.
1210 2489 1268 2547 Si
1294 2508 1430 2564 ergo
1459 2510 1578 2549 rem
1601 2494 1886 2550 subtiliter
1913 2510 2005 2550 os-

410 2580 600 2636 tendit
641 2582 825 2637 oratio
865 2600 881 2635 :
916 2579 980 2637 'in
1018 2583 1243 2639 duobus
1273 2586 1651 2641 luminaribus
1693 2595 1845 2652 sunt,
1904 2601 2005 2642 co-

416 2685 873 2745 gnoscunturque
894 2685 950 2731 et
971 2676 1436 2733 administrantur
1460 2688 1704 2750 quatuor
1728 2681 2005 2734 elementa

411 2778 483 2817 ex
514 2765 718 2834 quibus
750 2775 972 2822 constat
996 2768 1263 2823 mundus.
1308 2770 1430 2825 Duo
1461 2778 1650 2826 autem
1676 2770 2001 2841 luminaria,

406 2856 582 2911 solet
618 2858 774 2925 luna,
823 2858 965 2913 citra
1018 2860 1189 2916 ullam
1220 2864 1665 2918 controversiam
1714 2865 1877 2935 prius
1908 2865 2004 2922 de-

402 2950 673 3007 scribunt
699 2950 988 3008 Christum
1013 2963 1071 3009 et
1100 2951 1430 3011 Ecclesiam.
1453 2956 1642 3012 Discat
1662 2973 1796 3029 ergo
1819 2957 2005 3013 omnis

400 3042 584 3097 homo
615 3042 765 3112 quod
793 3042 849 3097 in
876 3043 966 3098 his
995 3046 1159 3115 aquis
1180 3086 1196 3110 ,
1230 3054 1289 3101 et
1322 3062 1426 3116 per
1461 3046 1581 3103 haec
1608 3047 1721 3103 duo
1751 3048 2001 3104 caelestia

400 3135 714 3192 luminaria
764 3137 913 3205 (dico
967 3147 1153 3194 autem
1207 3138 1501 3196 Christum
1552 3149 1609 3196 et
1662 3141 1999 3214 Ecclesiam)

402 3229 751 3294 consistunt,
793 3229 1290 3299 administrantur,
1324 3240 1382 3287 et
1434 3241 1842 3289 conservantur
1889 3243 2000 3289 tam

394 3324 623 3394 eaquae
656 3336 791 3382 sunt
830 3325 892 3380 in
929 3326 1108 3392 ccelis,
1136 3342 1302 3397 quam
1334 3342 1460 3399 qua:
1490 3335 1625 3383 sunt
1656 3328 1716 3382 in
1750 3336 1920 3393 terra,
1945 3334 2004 3383 et

398 3426 523 3471 tam
551 3433 616 3473 ea
643 3435 768 3489 quae
795 3419 901 3475 sub
922 3428 1214 3490 aspectum
1247 3420 1478 3485 cadunt,
1508 3435 1679 3490 quam
1722 3436 1849 3491 quae
1886 3436 2000 3476 non

399 3510 639 3577 cadunt,
679 3520 737 3567 et
761 3521 871 3568 tam
894 3513 1141 3568 animata
1173 3528 1341 3584 quam
1386 3513 1718 3581 inanimata,
1775 3522 1834 3570 et
1885 3523 2001 3570 tam

399 3604 641 3659 mobilia
667 3620 833 3675 quam
860 3585 1192 3672 imnlobilia,
1237 3614 1295 3661 et
1329 3621 1398 3662 ex
1429 3614 1673 3676 quatuor
1704 3607 2002 3663 elementis

399 3695 737 3766 composita:
770 3711 868 3751 sex
900 3696 1119 3758 dierum
1142 3706 1439 3752 creatum.

478 3788 550 3843 Et
592 3788 877 3859 quomodo
923 3805 1024 3860 per
1063 3790 1248 3845 virum
1297 3798 1352 3845 et
1408 3791 1702 3847 mulierem
1748 3791 2002 3847 nascitur

402 3898 585 3936 unum
621 3898 862 3952 corpus,
919 3882 995 3937 ita
1044 3882 1538 3939 indiscrimiuatim
1585 3900 1685 3954 per
1731 3884 1851 3939 haec
1889 3885 2000 3940 duo

404 3974 718 4031 luminaria
743 3985 940 4054 natum
980 3984 1067 4032 est
1101 3991 1309 4047 corpus
1340 3978 1530 4048 p0puli
1564 3976 1767 4042 fidelis,
1804 3979 1999 4034 Eccle-

404 4070 507 4126 siae
533 4087 556 4123 ε·
576 4077 633 4125 et
661 4070 736 4124 ita
761 4077 953 4140 aperte
976 4069 1244 4140 impletur
1271 4069 1448 4147 illud;
1468 4069 1645 4124 Erunt
1665 4070 1770 4125 duo
1801 4072 1858 4124 in
1876 4087 2002 4126 uar-

410 4179 537 4216 nem
558 4146 722 4216 unam
737 4163 806 4228 ’9;
828 4170 885 4217 et
911 4162 1063 4233 quod
1081 4162 1265 4217 omnis
1285 4177 1413 4217 caro
1432 4169 1654 4217 constat
1668 4178 1737 4218 ex
1759 4171 2001 4232 quatuor

403 4254 710 4315 elementis
738 4254 875 4310 solis
906 4264 963 4310 et
986 4255 1157 4311 lunae.
1205 4253 1582 4320 Quamobrem
1628 4255 1681 4310 ei
1724 4256 1822 4325 qui
1863 4271 1999 4326 pru-

407 4348 616 4404 denter
645 4348 884 4421 attendit
933 4348 1013 4403 illi
1060 4347 1254 4419 ﬁgurae
1297 4356 1422 4419 quae
1462 4347 1731 4418 primarie
1758 4348 2001 4404 refertur

404 4441 481 4497 ad
526 4440 813 4498 Christum
845 4450 903 4497 et
941 4441 1252 4498 Ecclesiam
1299 4458 1314 4494 :
1364 4441 1593 4505 Adami,
1648 4441 1896 4512 inquam,
1943 4450 2001 4498 et

2106 1934 2235 2001 tiis,
2275 1951 2346 1990 ex
2381 1935 2699 2002 divinitate,
2737 1935 2987 2005 inquam,
3022 1943 3079 1990 et
3109 1935 3460 1989 humanitate
3504 1937 3694 1993 consi-

2102 2027 2203 2083 stit
2274 2028 2567 2098 plenitudo
2644 2029 2949 2095 Ecclesiae,
3009 2028 3159 2086 sicut
3237 2028 3534 2090 Christus,
3593 2027 3693 2082 sed

2101 2135 2170 2175 ex
2226 2120 2342 2176 sola
2415 2121 2784 2176 humanitate.
2843 2120 3043 2175 Divina
3117 2119 3268 2175 enim
3338 2120 3430 2174 illa
3492 2130 3549 2174 ct
3604 2135 3696 2175 es-

2103 2212 2359 2268 sentialis
2407 2213 2504 2268 Dei
2573 2212 2913 2280 insuﬂlatio,
2989 2227 3112 2282 quae
3172 2221 3383 2266 terram
3452 2221 3543 2266 est
3606 2211 3691 2266 in-

2103 2322 2313 2376 gressa,
2368 2306 2478 2363 fuit
2525 2323 2692 2365 verus
2734 2310 2838 2364 Dei
2874 2310 3042 2366 Verbi
3081 2319 3247 2382 typus
3278 2310 3377 2381 qui
3413 2326 3482 2365 ex
3530 2310 3696 2366 Patre

2103 2399 2401 2467 processit,
2430 2408 2488 2456 et
2505 2408 2659 2458 terra
2682 2410 2878 2458 natum
2899 2403 3191 2459 hominem
3214 2403 3571 2459 inindividue
3586 2402 3694 2459 sibi

2104 2492 2321 2547 couniit
2368 2509 2471 2564 per
2529 2494 2897 2566 hypostasim.
2946 2497 3223 2553 Existimo
3278 2506 3466 2552 autem
3517 2498 3693 2568 quod,

2102 2583 2273 2641 etiam
2320 2595 2479 2642 extra
2516 2588 2836 2657 paradisum
2888 2589 3223 2645 fabricatum
3274 2606 3397 2646 esse
3450 2591 3695 2661 primum

2102 2685 2393 2745 parentem
2438 2678 2733 2746 Adamum,
2761 2690 2821 2737 et
2870 2681 3075 2738 deinde
3120 2683 3372 2752 positum
3420 2682 3592 2738 fuisse
3636 2685 3695 2738 in

2103 2769 2388 2839 paradiso,
2409 2773 2661 2842 apposite
2691 2773 2994 2830 admodum
3024 2776 3292 2831 convenit
3315 2774 3386 2830 de
3414 2777 3534 2830 sole
3565 2790 3697 2831 sen-

2103 2861 2213 2928 sili,
2253 2864 2522 2933 quoniam
2558 2865 2678 2936 ipse
2708 2882 2934 2937 quoque
2969 2867 3170 2933 Adam,
3201 2868 3351 2923 sicut
3380 2867 3520 2923 dicit
3547 2867 3700 2923 Scri-

2100 2969 2291 3026 ptura,
2327 2968 2386 3013 et
2432 2959 2515 3014 sic
2544 2961 2762 3030 positus
2778 2967 2871 3016 est
2903 2962 3066 3018 coelo.
3100 2961 3263 3018 Unde
3294 2964 3468 3017 etiam
3511 2962 3577 3017 in-
3604 2963 3697 3018 lu-

2102 3048 2418 3106 minaribus
2468 3053 2743 3123 scriptum
2784 3063 2901 3121 est,
2941 3057 3157 3127 posuit,
3210 3057 3493 3127 quomodo
3525 3058 3696 3113 etiam

2102 3139 2162 3195 in
2192 3141 2419 3200 homine
2453 3161 2467 3198 :
2495 3145 2566 3199 Et
2589 3150 2810 3217 accepit,
2845 3148 3048 3219 inquit,
3078 3149 3221 3203 Deus
3247 3151 3514 3205 hominem
3534 3167 3695 3221 quem

2055 3230 2072 3249 ‘
2102 3229 2282 3298 ﬁnxit,
2329 3242 2381 3287 et
2426 3236 2600 3306 posuit
2644 3253 2767 3293 eum
2810 3239 2868 3292 in
2905 3239 3187 3309 paradiso,
3228 3238 3537 3310 principem
3564 3256 3692 3296 eum

2098 3324 2453 3380 constituens
2480 3334 2540 3381 et
2583 3327 2779 3394 Evam,
2819 3328 3074 3383 omnium
3110 3330 3504 3397 animantium,
3548 3331 3697 3387 sicut

2102 3415 2271 3472 etiam
2298 3417 2412 3491 duo
2439 3418 2763 3486 luminaria,
2796 3429 2858 3475 ut
2904 3420 3251 3491 imperarent
3285 3421 3398 3477 diei
3427 3432 3485 3478 et
3516 3426 3692 3489 nocti,

2101 3516 2160 3563 et
2207 3499 2277 3564 ut'
2307 3510 2659 3566 dominatum
2690 3511 2970 3567 haberent
3018 3512 3077 3567 in
3122 3513 3311 3569 omnia
3363 3514 3692 3579 animantia,

2098 3616 2203 3670 per
2220 3610 2470 3673 quatuor
2496 3603 2776 3661 elementa
2809 3620 2935 3675 qua:
2965 3615 3097 3661 sunt
3126 3607 3183 3662 in
3211 3606 3352 3678 ipsa,
3386 3625 3457 3665 ex
3487 3609 3697 3680 quibus

2100 3705 2159 3749 et
2187 3709 2289 3764 per
2312 3711 2438 3765 quae
2464 3696 2727 3752 consistit
2763 3697 2948 3753 omnis
2997 3708 3201 3763 natura
3242 3716 3547 3771 corporum
3582 3710 3693 3756 tam

2100 3786 2399 3842 brutorum
2438 3804 2607 3858 quam
2633 3789 2951 3845 volucrum.
2975 3790 3133 3856 Quod
3156 3789 3205 3845 si
3236 3791 3385 3846 lucis
3413 3790 3695 3848 defectum

2101 3887 2163 3933 et
2189 3879 2647 3947 diminutionem,
2674 3890 2734 3936 et
2758 3898 2954 3938 rursus
2981 3883 3428 3950 renovationem,
3466 3886 3614 3940 sicut
3636 3886 3693 3940 in

2100 3972 2255 4038 luna,
2290 3974 2379 4028 vis
2406 3975 2578 4029 etiam
2604 3974 2799 4030 videre
2843 3976 2899 4030 in
2942 3976 3080 4043 Eva,
3130 3977 3314 4048 cogita
3357 3978 3693 4049 prophetam

2100 4066 2198 4135 qui
2235 4065 2378 4122 dicit
2425 4068 2540 4123 Deo
2594 4084 2609 4121 :
2657 4067 2861 4123 Lumen
2926 4078 3053 4124 sunt
3094 4079 3358 4141 prrrcepta
3400 4078 3492 4124 tua
3536 4087 3698 4143 super

2101 4166 2326 4217 terram.
2355 4158 2604 4227 Quorum
2628 4161 2796 4215 etiam
2832 4160 3114 4216 defectum
3150 4162 3420 4217 sustinuit
3448 4163 3560 4217 Eva
3594 4178 3698 4233 per

2103 4250 2571 4307 inobedientiam».
2600 4252 2775 4307 Adam
2801 4255 2944 4308 enim
2977 4254 3218 4325 non'fuit
3242 4255 3509 4323 deceptus,
3550 4257 3696 4313 sicut

2102 4342 2240 4399 dicit
2263 4344 2567 4415 Apostolus
2608 4346 2694 4411 ⁶¹;
2732 4345 2847 4400 Eva
2873 4356 3053 4401 autem
3083 4348 3301 4419 decepta
3321 4387 3336 4411 ,
3365 4364 3493 4403 cum
3537 4364 3570 4403 a
3618 4359 3698 4404 te-

2103 4435 2384 4491 nebricosi
2411 4444 2468 4492 et
2485 4436 2711 4491 obscuri
2747 4439 3027 4508 serpentis
3050 4438 3341 4495 dominatu
3366 4454 3694 4512 Oppressum

408 4535 563 4601 Evae,
599 4534 682 4589 sol
712 4544 767 4589 et
800 4535 933 4589 luna
969 4543 1101 4589 sunt
1130 4534 1502 4605 praecedentia
1525 4533 1824 4605 aenigmata
1855 4550 1870 4587 :
1904 4534 2002 4604 qui
2033 4541 2078 4596 D
2106 4535 2257 4582 esset
2283 4535 2342 4582 et
2369 4526 2672 4585 defecisset
2701 4529 2825 4600 ejus
2845 4531 3060 4585 lumen.
3092 4530 3223 4602 Ejus
3245 4539 3431 4588 tamen
3464 4535 3697 4589 luminis

409 4626 528 4682 duo
556 4627 913 4683 constituunt
934 4635 996 4683 et
1026 4627 1347 4698 producunt
1366 4643 1435 4683 ex
1458 4628 1759 4697 duobus‘et
1785 4627 2006 4682 duobus

406 4719 705 4775 elementis
735 4736 906 4776 unam
936 4721 1283 4776 individuam
1318 4721 1566 4777 hominis
1589 4737 1844 4789 carnem;
1887 4730 2006 4779 tan-

406 4827 578 4884 quam
601 4828 789 4871 semen
808 4813 1093 4881 hominis,»
1113 4813 1234 4868 sole
1258 4813 1542 4883 praebente
1559 4829 1717 4869 suam
1739 4813 1921 4869 lucem
1945 4814 2003 4868 in

410 4914 577 4960 utero
596 4904 846 4974 piscinae,
879 4920 993 4960 sua:
1024 4905 1303 4975 conjugis.
1341 4918 1545 4974 nempe
1575 4904 1743 4969 lunae,
1772 4919 1897 4974 quze
1917 4911 2005 4959 est

406 4997 680 5053 Ecclesia.
718 4996 925 5054 Omnes
954 4998 1185 5068 quidem
1210 4992 1365 5077 certe
1396 5012 1487 5053 res
1540 4996 1850 5053 ostendunt
1880 5012 1997 5052 ma-

405 5105 575 5161 gnam
603 5092 978 5162 aequalitatem
1001 5078 1062 5147 et
1089 5089 1521 5149 similitudinem
1563 5089 1704 5144 solis
1729 5100 1788 5145 et
1824 5090 1992 5155 lunae,
2019 5110 2022 5114 ’

406 5182 479 5237 ad
530 5183 802 5240 Adamum
843 5191 900 5238 et
943 5184 1113 5239 Evam
1151 5183 1377 5255 :ignem
1425 5189 1615 5238 autem
1655 5190 1714 5238 et
1766 5189 1993 5246 terram,

406 5273 520 5328 hoc
552 5283 658 5339 est,
686 5275 863 5330 Deum
886 5284 945 5329 et
969 5273 1275 5338 hominem,
1323 5273 1495 5347 paulo
1514 5280 1646 5328 ante
1670 5270 1998 5343 dicebamus

402 5364 697 5425 Christum
719 5383 886 5439 quem
905 5368 987 5423 sol
1013 5367 1320 5433 describit;
1341 5374 1404 5421 ut
1418 5367 1515 5438 qui
1545 5365 1710 5438 ignis,
1729 5364 1997 5429 calidum,

402 5466 466 5515 et
490 5467 674 5527 terrae,
696 5462 908 5518 siccum
933 5461 1139 5518 habeat
1162 5462 1528 5516 elementum.
1547 5459 2000 5516 Similiteretiam
2038 5464 2044 5471 ‘

406 5548 528 5633 Eva
557 5551 963 5621 interpretatur
993 5553 1117 5608 Vita
1157 5569 1173 5605 :
1213 5551 1339 5608 Vita
1370 5561 1556 5608 autem
1583 5557 1670 5605 est
1697 5549 1866 5606 etiam
1892 5552 2000 5609 Ee-

407 5642 608 5709 clesia,
639 5645 915 5701 exhibens
940 5654 1269 5716 perpetuam
1299 5644 1656 5717 baptismatis
1702 5659 2002 5715 regenera-

479 5815 531 5849 "
557 5816 719 5873 Deut.
743 5819 928 5888 “.25;
958 5818 1126 5877 Hebr.
1162 5839 1255 5885 xu,
1288 5823 1378 5880 29.
1456 5826 1502 5857 ³³
1536 5825 1672 5881 Gcn.
1708 5843 1764 5892 ιι,
1800 5826 1872 5880 9.1
1907 5842 1921 5892 ;
1967 5823 2160 5878 Matth.
2187 5839 2298 5892 nx,
2345 5823 2398 5877 5.

726 5916 997 5980 Puncta
1042 5919 1158 5981 Gn.
1202 5922 1532 5989 LXXXIX.

2103 4618 2388 4684 defectum
2421 4621 2673 4675 restituit
2700 4620 2796 4675 lux
2824 4636 2959 4676 vera
2982 4637 3105 4691 quae
3135 4637 3205 4677 ex
3236 4623 3354 4693 ipsa
3370 4626 3695 4694 processit:

2101 4727 2172 4768 ex
2221 4712 2491 4779 secunda,
2544 4712 2795 4783 inquam,
2822 4714 2937 4769 Eva
2978 4714 3268 4783 Christus,
3323 4724 3583 4788 tanquam
3625 4733 3696 4773 ex

2103 4803 2367 4874 quapiam
2391 4804 2554 4875 plena
2578 4803 2955 4869 luna,-Maria,
2991 4818 3115 4875 quae
3146 4816 3434 4876 nunquam
3478 4807 3693 4887 minuta

2101 4897 2212 4954 fuit
2232 4903 2331 4952 aut
2361 4895 2590 4963 defecit,
2617 4902 2717 4952 aut
2745 4897 2965 4967 privata
2996 4897 3104 4952 fuit
3143 4899 3426 4954 essentiali
3457 4900 3691 4967 lumine,

2103 5006 2305 5062 nempe
2330 5007 2431 5047 sua
2459 4990 2808 5062 virginitate,
2844 4991 3070 5062 quando
3110 4992 3166 5046 ei
3209 4994 3538 5048 acclamavit
3575 4996 3692 5051 An-

2102 5084 2262 5154 gelus
2297 5101 2309 5136 :
2340 5083 2470 5148 Ave,
2493 5083 2673 5154 gratia
2710 5081 2938 5154 repleta,
2983 5093 3212 5155 prepter
3235 5083 3408 5141 Evam
3447 5101 3574 5157 qua
3608 5093 3695 5144 est

2102 5177 2260 5241 luna,
2286 5191 2413 5247 quae
2446 5176 2554 5233 fuit
2582 5176 2733 5232 male
2766 5177 2960 5233 habita
3005 5186 3064 5233 et
3090 5187 3312 5245 vexata,
3362 5187 3420 5235 et
3455 5194 3581 5252 "quae
3623 5199 3693 5249 ex

2101 5285 2207 5327 suo
2252 5269 2477 5328 defectu
2527 5268 2965 5325 inobedientiam
3000 5268 3239 5342 fugerat,
3271 5278 3330 5327 et
3359 5287 3419 5328 se
3458 5272 3695 5331 abseom

2097 5362 2258 5417 derat
2282 5371 2342 5417 et
2367 5362 2638 5417 timuerat
2658 5377 2688 5415 a
2717 5362 2872 5433 ligno
2897 5360 3292 5418 inobedlentiaa
3310 5372 3369 5418 et
3386 5372 3695 5436 transgrcs.

2097 5456 2318 5512 sionis:
2363 5455 2578 5519 Gratia,
2627 5455 2878 5525 inquam,
2929 5454 3134 5527 repleta
3179 5471 3212 5511 a
3260 5455 3389 5513 Sole
3416 5457 3651 5528 justitia:
3679 5497 3692 5517 .

2096 5562 2299 5620 nempe
2324 5564 2357 5604 a
2388 5550 2520 5605 Deo.
2547 5547 2679 5604 Haec
2706 5548 2960 5606 breviter
2986 5565 3017 5604 a
3036 5550 3201 5606 nobis
3229 5550 3377 5607 dicta
3413 5550 3693 5607 sufficiant

2098 5645 2168 5701 de
2203 5646 2322 5702 sole
2341 5654 2398 5700 et
2422 5646 2556 5700 luna
2586 5643 2644 5699 in
2666 5653 2873 5714 quarto
2909 5644 3025 5709 die,
3058 5642 3288 5713 quando
3329 5644 3473 5699 dixit
3498 5644 3646 5699 Deus
3673 5659 3689 5695 :

2478 5823 2523 5856 ‘°
2553 5822 2714 5879 Joan.
2741 5841 2817 5890 ut,
2857 5824 2908 5879 5.
2990 5826 3029 5857 “
3060 5824 3082 5879 ι
3114 5822 3256 5878 Tim.
3293 5839 3350 5889 η,
3390 5821 3474 5876 14.

2130 5936 2133 5945 ’
3127 5926 3208 5983 29
