4098 6432
491 354 593 423 997
1787 353 2187 416 ANASTAS‘II
2245 356 2567 419 summa

3664 368 3773 430 908

494 468 649 525 Fiant
676 466 967 521 luminaria
1007 467 1063 518 in
1095 462 1441 533 ﬁrmamento
1474 460 1590 517 creti
1614 464 1683 517 ad
1726 461 2081 517 illuminatio—
2109 467 2152 522 Α
2184 465 2388 535 quibus
2421 468 2668 523 Ecclesia
2718 469 2857 524 nihil
2903 470 3133 525 docetur
3169 470 3453 542 spirituale
3474 489 3544 528 ex
3566 489 3769 546 corpu-

492 577 613 616 nem
628 569 809 624 terrm,
832 565 895 612 ut
919 557 1210 626 separetin
1238 556 1423 611 medio
1444 555 1555 610 diei
1582 564 1642 609 et
1663 554 1847 610 medio
1874 552 2076 617 noctis,

489 653 634 710 etin
676 650 865 706 medio
895 648 1066 713 lucis,
1106 657 1165 704 et
1198 648 1253 703 in
1308 649 1494 704 medio
1532 648 1917 703 tenebrarum.
1963 647 2081 701 Hoc

492 753 720 809 quoque
748 736 1229 806 considera,quod
1250 738 1654 792 convenienter
1666 737 1907 792 naturali
1926 751 2081 791 crea-

494 839 748 885 turarum
766 827 1216 898 consequentiae,
1258 828 1427 898 878
1457 819 1985 898 magna’luminaria
2010 843 2077 883 ea

490 921 742 976 nominat
771 920 1020 991 Moyses:
1047 927 1106 974 et
1126 919 1297 974 solem
1326 918 1548 989 quidem
1578 918 1799 989 prOprie
1828 920 2079 975 nominat

489 1027 773 1083 magnum,
804 1019 865 1067 ut
906 1008 1001 1080 qui
1041 1024 1072 1064 a
1107 1023 1167 1063 se
1204 1009 1413 1073 lumen,
1447 1025 1556 1064 non
1596 1008 1818 1064 aliunde
1852 1009 2072 1064 habeat.

488 1106 703 1160 Lumen
735 1112 919 1160 autem
964 1118 1075 1157 non
1124 1103 1225 1167 sic,
1259 1109 1318 1157 ut
1357 1118 1479 1172 qua:
1523 1102 1705 1157 lucem
1750 1101 1951 1156 habeat
1979 1118 2077 1172 per

488 1197 993 1267 participationem,
1023 1208 1135 1249 non
1165 1208 1267 1264 per
1302 1193 1622 1260 essentiam,
1646 1203 1704 1249 et
1729 1194 2077 1249 illuminetur

488 1290 677 1352 asole,
740 1303 863 1342 eam
929 1288 1088 1358 cujus
1129 1293 1240 1341 est‘
1269 1287 1546 1358 particeps
1588 1288 1968 1357 impertiente.
2006 1287 2075 1343 Ut

488 1390 675 1436 autem
719 1381 885 1455 paulo
912 1381 1158 1435 crassius
1182 1395 1299 1435 rem
1334 1380 1537 1445 dicam,
1570 1381 1777 1436 dicitur
1809 1397 1930 1437 esse
1969 1376 2075 1435 du—

486 1475 611 1544 plex
643 1490 767 1544 qua}
805 1473 1030 1543 preprie
1048 1481 1143 1529 est
1174 1473 1231 1528 in
1263 1474 1424 1529 nobis
1452 1474 1537 1528 vis
1564 1474 1796 1528 rationis
1826 1492 1840 1528 :
1876 1491 2075 1544 nempe

481 1577 539 1622 et
571 1583 601 1622 a
635 1581 743 1637 qua
796 1580 1061 1621 ornantur
1105 1574 1162 1619 et
1207 1566 1463 1621 homines
1497 1582 1621 1622 esse
1665 1567 2073 1635 cognoscimur,

482 1658 711 1715 discreti
750 1658 822 1714 ab
857 1657 1232 1713 animantibus
1284 1658 1517 1728 reliquis
1557 1674 1681 1728 quae
1706 1659 1902 1713 vivunt
1935 1659 2074 1713 citra

482 1752 776 1814 rationem,
812 1766 936 1820 quae
977 1750 1203 1820 quidem
1256 1750 1464 1805 distant
1499 1767 1567 1805 ex
1598 1751 1870 1805 diametro
1901 1767 1931 1805 a
1983 1768 2072 1805 ra-

482 1842 637 1897 tione
695 1812 855 1910 eujus
894 1812 1088 1893 sumus
1143 1838 1461 1908 participes.
1489 1838 1557 1892 Et
1588 1838 1640 1891 id
1704 1837 1851 1907 quod
1892 1846 1978 1891 est
2016 1839 2069 1891 in
2107 1812 2146 1869 Β

482 1932 648 1988 nobis
709 1944 909 2001 expers
965 1929 1217 1994 rationis,
1242 1936 1305 1983 ut
1354 1928 1502 1998 quod
1542 1929 1840 1998 aliquando
1893 1937 2076 1998 pateat

483 2024 712 2088 rationi,
738 2031 795 2079 et
820 2031 905 2077 est
938 2023 1059 2093 ejus
1092 2021 1391 2091 particeps,
1422 2029 1479 2074 et
1516 2021 1586 2074 ab
1608 2020 1728 2091 ejus
1774 2020 1824 2073 vi
1866 2020 2074 2074 illumi-

484 2128 669 2173 natur.
701 2117 773 2173 Ut
803 2116 934 2170 licet
960 2114 1152 2168 videre
1174 2127 1242 2168 ex
1275 2112 1643 2167 iucontinenti
1671 2112 2070 2177 continentem,

480 2220 541 2267 et
583 2226 651 2266 ex
688 2206 1080 2278 intemperanti
1130 2215 1551 2277 temperantem,
1584 2213 1640 2259 et
1683 2220 1749 2260 ex
1789 2204 1985 2260 audaci
2019 2215 2075 2258 et

483 2304 682 2361 timido
708 2318 835 2359 eum
865 2300 958 2371 qui
986 2298 1168 2370 magni
1199 2298 1367 2353 animi
1401 2307 1648 2352 armatur
1677 2297 1900 2351 virtute.
1927 2296 2076 2364 Quo-

482 2396 650 2453 modo
697 2409 831 2465 ergo
860 2393 966 2448 hoc
999 2391 1053 2446 in
1088 2391 1251 2446 nobis
1282 2389 1488 2444 dicitur
1515 2388 1793 2458 particeps
1821 2389 2070 2450 rationis,

480 2496 542 2545 et
589 2485 740 2558 quod
781 2493 868 2540 est
914 2482 1141 2554 proprie
1196 2481 1424 2536 rationis
1474 2480 1769 2550 particeps,
1815 2488 1872 2535 et
1925 2480 2071 2549 quod

483 2587 638 2637 caret
679 2578 895 2634 ratione
945 2590 1146 2645 parens
1195 2575 1436 2639 rationi;
1481 2574 1553 2627 ita
1604 2572 1827 2643 proprie
1880 2588 2074 2642 magna

483 2680 617 2729 sunt
648 2671 970 2730 luminaria,
991 2676 1050 2723 et
1078 2667 1159 2723 sol
1191 2667 1290 2736 qui
1322 2666 1601 2720 illuminat
1622 2681 1722 2736 per
1756 2664 2072 2723 essentiam,

481 2772 544 2822 et
575 2765 705 2820 luna
738 2777 862 2833 qua:
894 2762 989 2817 dat
1014 2761 1201 2815 lumen
1228 2774 1331 2830 per
1362 2757 1843 2813 illuminationem.

552 2858 664 2915 Sed
698 2856 1042 2912 redeundum
1073 2863 1160 2909 est
1186 2854 1253 2908 ad
1295 2852 1496 2908 seriem
1524 2850 1780 2906 abinitio
1817 2850 2074 2922 proposi-

485 2961 620 3016 tam,
653 2946 1027 3007 et‘dicendum
1058 2945 1233 3016 quod,
1264 2959 1388 2999 cum
1413 2944 1562 2998 Deus
1578 2945 1691 3013 jam
1724 2960 1754 2998 a
1780 2943 1960 3012 primo
1986 2942 2076 2996 die

486 3043 707 3100 fecisset
740 3041 918 3096 lucem
955 3056 1056 3110 per
1089 3053 1168 3103 se,
1205 3036 1483 3107 separavit
1522 3037 1667 3091 inter
1698 3037 1938 3091 medium
1968 3035 2074 3089 diei

2182 558 2284 612 rali
2336 574 2529 613 eorum
2581 561 2832 629 positura
2882 568 2938 616 et
2978 568 3151 616 motu;
3180 562 3236 617 Si
3276 565 3403 633 quis
3428 574 3617 620 autem
3654 566 3765 620 vim

2180 651 2352 705 habet
2400 661 2551 707 recte
2601 652 2971 723 cognoscendi
3015 671 3081 709 ac
3125 655 3468 726 dijudicandi
3501 697 3515 719 ,
3569 666 3767 729 estque

2176 740 2313 810 legis
2345 743 2549 798 divina:
2571 744 2907 814 cognitor'et
2936 746 3129 810 lector,
3158 748 3303 818 legat
3334 748 3672 803 intrinsecus
3711 758 3769 804 et

2176 837 2524 892 extrinsecus
2557 837 2777 893 divinas
2809 837 3026 892 tabulas
3054 854 3084 892 a
3116 839 3227 894 Deo
3261 840 3620 910 Striptas,~ut
3646 858 3769 909 qua:

2176 930 2522 985 extrinsecus
2560 930 2785 1000 quidem
2830 929 3212 1000 intelligantur
3262 932 3569 987 secundum
3616 934 3763 988 litte-

2177 1037 2293 1075 ram
2317 1063 2331 1086 ,
2364 1022 2701 1077 intrinsecus
2734 1031 2917 1077 autem
2958 1023 3263 1078 secundum
3310 1025 3592 1093 spiritum.
3620 1024 3767 1081 Sunt

2179 1120 2364 1165 autem
2413 1110 2533 1165 duae
2576 1127 2799 1182 quoque
2842 1112 3043 1167 tabulae
3085 1112 3377 1177 caelorum,
3407 1130 3532 1184 quae
3570 1113 3767 1167 intrin-

2178 1216 2343 1255 secus
2381 1201 2606 1272 quidem
2666 1204 2854 1257 ferunt
2893 1204 3106 1257 ratione
3161 1205 3421 1273 praeditas
3459 1202 3665 1260 stellas”
3709 1214 3766 1261 et

2177 1294 2502 1365 angelorum
2537 1305 2595 1349 et
2641 1296 3021 1367 angelicorum
3070 1298 3559 1368 mysteriorunrac
3590 1298 3738 1355 ratio

2175 1402 2332 1450 num,
2362 1387 2713 1442 extrinsecus
2756 1398 2941 1442 autem
2996 1389 3181 1443 stellas
3230 1406 3379 1461 quaer
3404 1391 3616 1445 cadunt
3660 1391 3768 1445 sub

2177 1487 2507 1547 aspectum:
2556 1488 2613 1534 et
2661 1495 2852 1534 earum
2907 1479 3284 1535 describentes
3328 1483 3620 1551 aanigmata
3668 1497 3769 1551 per

2175 1583 2273 1622 eas
2321 1584 2443 1638 qua:
2498 1579 2627 1625 sunt
2672 1570 2727 1623 in
2760 1569 2893 1641 ipsis
2930 1569 3152 1641 ﬁguras,
3186 1571 3416 1641 locaque
3463 1582 3521 1626 et
3560 1588 3766 1649 cursus

2177 1659 2546 1736 digerentias,
2575 1677 2678 1716 nos
2705 1660 2971 1717 docentes
2998 1662 3363 1727 diﬁ‘erentias,
3399 1672 3456 1718 et
3489 1672 3763 1735 tempora,

2176 1762 2233 1810 et
2268 1755 2411 1818 loca,
2451 1764 2507 1809 et
2543 1770 2745 1817 mores,
2784 1766 2839 1811 et
2879 1772 3095 1821 cursus,
3129 1766 3185 1811 et
3222 1758 3603 1827 apparitiones
3640 1775 3757 1814 san-

2175 1854 2390 1900 ctorum
2422 1846 2515 1916 qui
2564 1845 2862 1901 illuxerunt
2913 1847 2965 1901 in
3005 1848 3354 1902 ﬁrmamento
3398 1849 3549 1907 ﬁdei.
3577 1850 3670 1920 qui
3697 1866 3761 1904 ex

2174 1937 2286 1991 alto
2318 1952 2421 1991 nos
2472 1936 2878 1993 illuminarunt.
2915 1939 3219 2008 Propterea
3271 1940 3390 1993 aliae
3438 1941 3661 2010 quidem
3696 1958 3761 1997 ex

2176 2030 2373 2093 stellis,
2411 2039 2573 2109 nocte
2623 2030 2804 2085 adhuc
2857 2040 3142 2086 crescente
3178 2031 3426 2103 (errore,
3491 2030 3760 2102 inquam)

2173 2122 2507 2176 exoriuntur
2535 2140 2548 2176 :
2586 2121 2897 2191 cujusmodi
2923 2125 3150 2177 fuerunt
3176 2122 3338 2186 Abel,
3369 2134 3426 2178 et
3463 2123 3680 2186 Euoch;
3704 2133 3761 2177 et

2174 2215 2311 2277 Noe,
2361 2223 2417 2269 et
2469 2215 2767 2270 Abraham.
2799 2215 2933 2271 Alia:
2979 2225 3163 2270 autem
3220 2232 3416 2271 rursus
3479 2215 3533 2269 in
3580 2215 3761 2270 medio

2174 2294 2315 2360 lucis
2344 2315 2399 2361 et
2434 2307 2810 2372 tenebrarum,
2851 2308 3044 2376 quales
3082 2309 3343 2363 novimus
3377 2325 3473 2364 eos
3502 2309 3596 2380 qui
3643 2308 3761 2362 fue-

2174 2406 2305 2451 runt
2335 2397 2387 2451 in
2418 2397 2557 2466 iege.
2593 2396 2726 2452 Alite
2770 2406 2954 2451 autem
2984 2412 3182 2451 rursus
3221 2398 3557 2467 procedente
3598 2407 3759 2451 nocte

2174 2498 2231 2543 et
2262 2490 2348 2543 die
2376 2488 2877 2559 appropinquante,
2914 2488 3008 2558 qui
3038 2488 3166 2543 sunt
3192 2489 3337 2544 beati
3380 2489 3683 2559 prophetae,
3708 2495 3760 2543 et

2177 2582 2443 2651 Baptista,
2475 2591 2531 2635 et
2556 2581 2792 2635 maxime
2816 2582 2909 2650 qui
2942 2588 3100 2635 erant
3132 2581 3429 2651 propinqui
3480 2580 3758 2651 splendori

2174 2684 2332 2727 ortus
2362 2672 2599 2726 Domini.
2630 2671 2875 2738 Quorum
2912 2671 3137 2740 quidem
3183 2672 3586 2741 prophetarum
3630 2672 3762 2725 ulti-

2176 2781 2301 2820 mus
2327 2774 2383 2819 et
2412 2765 2659 2820 omnium
2684 2764 3050 2828 clarissimus,
3077 2772 3335 2833 tanquam
3361 2760 3564 2818 lucifer
3586 2772 3763 2817 matu-

2178 2857 2346 2920 tinus,
2378 2855 2511 2910 solis
2535 2869 2753 2924 tnempc
2772 2852 3009 2921 Christi,
3035 2867 3347 2921 praecursor
3366 2853 3610 2907 Joannes
3629 2892 3644 2917 ,
3675 2851 3762 2905 di-

2177 2964 2349 3004 cens:
2382 2948 2515 3003 Ecce
2553 2956 2667 3016 post
2699 2964 2781 3001 me
2811 2948 2991 3002 oritur
3028 2946 3237 3000 mundo
3264 2946 3344 3001 sol
3366 2946 3595 3016 justitize
3627 2941 3761 3015 :qui

2179 3057 2306 3097 cum
2345 3049 2492 3097 esset
2517 3050 2744 3095 exortus
2770 3050 2825 3095 et
2855 3055 3111 3111 egressus
3137 3056 3201 3095 ex
3227 3039 3387 3114 aquis
3415 3037 3758 3103 Iordanis“,

482 3145 542 3191 .et
570 3137 720 3191 inter
746 3132 995 3189 medium
1035 3131 1238 3191 noctis,
1263 3138 1321 3185 ei.
1362 3130 1509 3185 inter
1558 3121 1802 3183 Illediltm
1843 3127 1985 3182 lueis
2020 3135 2077 3182 ei
2102 3166 2144 3222 ο
2180 3133 2430 3189 diluculo
2481 3130 2724 3188 ostendit
2765 3131 3057 3187 duodecim
3093 3130 3290 3185 domus
3335 3129 3757 3199 discipulorum,

487 3228 634 3284 inter
661 3226 906 3283 medium
946 3224 1323 3281 tenebrarum.
1360 3221 1650 3290 Quomodo
1677 3222 1824 3275 enim
1861 3218 2074 3290 potuis-

486 3331 614 3377 sent
640 3321 745 3377 sub
783 3333 1103 3375 mensuram
1131 3317 1329 3373 cadere
1362 3315 1737 3387 pmcedcntes
1765 3323 1877 3368 tres
1916 3313 2073 3377 dies;

484 3422 584 3469 aut
608 3411 888 3484 quomodo
921 3410 1192 3481 potuisset
1217 3409 1334 3464 ﬁeri
1362 3418 1615 3478 vespera,
1652 3414 1710 3460 et
1740 3405 1858 3460 ﬁeri
1892 3420 2074 3490 mane,

486 3507 593 3563 nisi
622 3521 723 3577 per
751 3504 1155 3575 separationem
1182 3503 1322 3556 lucis
1354 3509 1411 3555 et
1441 3500 1793 3555 tenebrarum
1821 3498 1845 3552 ἲ
1870 3492 2079 3564 Quam-

485 3600 680 3654 obrem
710 3613 809 3669 per
836 3597 956 3652 btec
992 3594 1310 3658 luminaria,
1336 3592 1586 3664 quaedam
1616 3593 1721 3647 alia
1766 3591 2078 3662 spiritualia

488 3691 767 3762 mysteria,
806 3688 969 3744 docet
1000 3702 1103 3742 nos
1133 3684 1442 3755 Scriptura,
1470 3698 1656 3738 rerum
1683 3682 2076 3753 corporalium.

488 3783 704 3838 Etenim
736 3780 895 3843 illud,
928 3777 1049 3835 Sint
1079 3780 1137 3833 in
1159 3779 1314 3849 signa
1344 3777 1470 3830 etin
1499 3784 1760 3847 tempora.
1791 3782 1839 3828 et
1858 3776 1914 3828 in
1946 3774 2076 3839 dies,

485 3885 537 3930 et
569 3876 628 3929 in
655 3889 823 3928 annos
856 3889 875 3928 :
903 3887 1013 3926 non
1056 3886 1121 3926 ea
1165 3870 1303 3926 dicit
1332 3870 1479 3924 Deus
1511 3869 1705 3923 volens
1729 3867 2078 3935 astrologiam

486 3965 686 4018 docere
730 3962 1010 4025 homines,
1044 3975 1225 4029 neque
1278 3960 1336 4014 in
1398 3958 1515 4014 sole
1534 3958 1617 4013 “et
1655 3959 1784 4012 luna
1827 3965 1883 4010 et
1916 3957 2082 4010 astris

490 4056 701 4110 habere
743 4069 899 4126 spem
937 4052 1384 4125 gubernationis,
1413 4047 1479 4107 ut
1498 4050 1868 4120 dcsipientum
1899 4057 2082 4104 astro-

488 4148 737 4218 iugorum
783 4146 1008 4201 videtur
1056 4146 1286 4200 vanitati
1309 4184 1323 4205 .
1355 4144 1450 4199 sed
1481 4158 1581 4213 per
1611 4142 1729 4197 haec
1756 4157 1879 4212 quae
1914 4154 2083 4211 appa-

489 4254 616 4299 rent
658 4242 953 4299 luminaria
984 4250 1041 4296 et
1066 4241 1276 4304 stellas,
1313 4239 1581 4295 docemur
1622 4238 1778 4308 signa
1817 4237 2081 4306 spiritua-

488 4339 586 4403 lia,
610 4346 666 4393 et
702 4346 971 4407 tempora,
1007 4344 1063 4390 et
1107 4349 1304 4399 annos,
1327 4341 1384 4388 et
1429 4332 1674 4396 ordines,
1705 4337 1763 4385 et
1804 4330 2082 4399 guberna-

491 4430 724 4493 tionem,
753 4437 810 4484 et
862 4427 1127 4498 mysteria
1184 4423 1557 4480 admirabilia.
1592 4424 1668 4477 De
1727 4418 1837 4507 illis
1897 4428 2082 4474 autem

2179 3223 2275 3295 qui
2309 3233 2440 3278 sunt
2466 3224 2639 3278 stellae
2657 3240 2779 3293 quae
2803 3223 3089 3277 continent
3112 3231 3169 3276 et
3198 3222 3555 3275 dominantur
3585 3221 3760 3275 omni-

2179 3318 2286 3372 bus
2338 3317 2517 3373 stellis
2562 3316 2931 3380 ﬁrmamenti,
2972 3330 3171 3384 nempe
3213 3313 3491 3369 Ecclesia.
3520 3312 3678 3378 Quod
3707 3308 3750 3364 si

2174 3409 2265 3464 vis
2294 3408 2491 3462 melius
2521 3407 2736 3461 discere
2771 3406 2953 3476 aliqua
2987 3405 3154 3460 etiam
3196 3403 3419 3458 nomina
3454 3403 3625 3473 hujus
3667 3401 3758 3472 qui

2177 3508 2300 3556 erat
2330 3499 2628 3570 aliquando
2657 3498 2930 3553 Zodiacus
2962 3496 3206 3551 circulus
3234 3496 3494 3550 Ecclesia:
3517 3535 3531 3560 ,
3564 3508 3760 3563 nempe

2178 3594 2475 3651 duodecim
2523 3592 2810 3647 stellarum
2857 3588 3308 3659 apostolicarum,
3342 3586 3636 3642 considera
3673 3586 3760 3638 ﬁr-

2181 3687 2444 3743 mamenti
2475 3685 2769 3739 duodecim
2807 3680 3229 3753 appellationes.
3257 3681 3349 3737 liaa
3378 3687 3561 3733 autem
3587 3685 3714 3732 sunt
3734 3690 3753 3729 ;

2180 3781 2369 3850 Virgo,
2393 3778 2696 3847 Hesperus,
2718 3776 2881 3846 Lyra,
2904 3773 3144 3839 Gemini,
3164 3773 3295 3838 Leo,
3321 3772 3558 3833 Taurus,
3585 3769 3759 3831 Aries.

2183 3871 2538 3942 Sagittarius,
2579 3868 2873 3938 Aquarius,
2932 3866 3142 3930 Pisces,
3192 3861 3759 3933 Scorpius,,Ca'ncer,

2179 3973 2240 4021 et
2271 3964 2378 4019 alia
2429 3962 2690 4033 plurima.
2728 3959 2834 4015 Sed
2873 3974 2937 4013 ea
2971 3957 3195 4027 quidem
3233 3955 3486 4011 fabulose
3532 3964 3588 4008 et
3631 3953 3765 4008 falso

2178 4065 2313 4114 sunt
2360 4055 2679 4126 appellata,
2720 4052 2788 4121 jn
2855 4050 3202 4104 ﬁrmamento
3269 4056 3454 4102 autem
3506 4044 3767 4101 Ecclesiae

2184 4148 2549 4219 spiritualiter
2593 4154 2650 4200 ct
2690 4159 2908 4213 semper
2953 4142 3163 4196 lucent.
3199 4139 3378 4194 liabet
3408 4139 3556 4194 enim
3591 4137 3768 4207 Virgi-

2183 4254 2310 4297 nem
2357 4240 2570 4295 stellam
2634 4235 2881 4291 Ecclesia
2942 4233 3249 4297 luminare,
3280 4245 3479 4299 nempe
3524 4238 3766 4284 sanctam

2187 4333 2470 4405 Virginem
2501 4372 2515 4397 ,
2567 4338 2624 4385 et
2664 4344 2762 4384 eos
2809 4330 2899 4399 qui
2933 4328 3148 4397 -seip.sos
3200 4332 3511 4379 castrarunt
3557 4330 3770 4392 propter

2188 4442 2409 4498 regnum
2440 4424 2689 4479 certorum
2701 4422 2766 4473 ⁸⁵.
2788 4419 2867 4475 Ex
2880 4419 3084 4489 quibus
3100 4418 3326 4471 fuerunt
3341 4417 3507 4471 etiam
3526 4416 3770 4485 quinque

491 4522 620 4578 dico
652 4522 829 4577 stellis
846 4532 970 4590 qute
1000 4518 1390 4573 illuminarunt
1412 4524 1469 4572 et
1489 4517 1544 4570 in
1564 4515 1713 4569 viam
1733 4514 2080 4569 deduxerunt
2112 4509 2156 4564 D
2183 4522 2292 4577 ina;
2317 4518 2560 4590 virgines
2589 4531 2711 4587 qua
2729 4513 2907 4569 media
2927 4522 3091 4567 nocte
3108 4519 3373 4579 tanquam
3393 4509 3565 4563 stellae
3585 4509 3771 4561 lumen

491 4630 662 4685 super
701 4622 908 4669 terram
936 4620 1253 4667 sanctorum
1285 4608 1662 4679 apostolorum
1704 4615 1761 4661 et
1783 4605 2081 4676 propheta-

490 4724 617 4765 rum
642 4717 700 4764 ct
729 4707 1021 4765 doctorum
1077 4704 1173 4776 qui
1231 4702 1703 4759 illuminantura
1741 4696 1869 4755 Sole
1911 4699 2078 4770 justi-

490 4805 603 4870 tia,
632 4814 691 4859 et
715 4802 913 4858 dicunt
939 4817 956 4854 :
989 4797 1066 4854 De
1103 4796 1435 4868 plenitudine
1474 4795 1710 4865 ejus-nos
1730 4792 2081 4848 omnes-auct“;

490 4896 668 4969 pimus
685 4895 756 4949 ‘9.
781 4891 925 4961 Quid
965 4891 1116 4947 enim
1136 4898 1267 4946 erat
1291 4887 1527 4945 omnino
1553 4901 1696 4957 opus
1719 4883 1945 4942 stellis?
1969 4882 2085 4940 Cur

490 4998 679 5047 autem
698 5002 817 5044 non
843 4985 995 5042 facta
1027 4991 1113 5040 est
1134 4982 1268 5039 luna
1290 4991 1565 5053 perpetuo
1589 4978 1847 5052 plenavet
1862 4986 2082 5034 noctem

492 5079 891 5140 illuminabat?
921 5076 1067 5145 Quid
1110 5084 1302 5132 autem
1334 5074 1503 5131 etiam
1546 5072 1778 5145 juvatur
1803 5078 2083 5153 creatura,

495 5173 649 5247 quod
668 5172 889 5237 attinet
919 5169 991 5225 ad
1015 5169 1284 5233 litteram,
1314 5179 1386 5223 ex
1410 5174 1541 5222 ortu
1571 5161 2083 5220 «instauratione

495 5274 555 5323 at
586 5264 809 5323 defectu
857 5262 1052 5320 lunae?
1082 5259 1235 5331 Quid
1263 5267 1451 5317 autem
1488 5257 1629 5315 lucri
1667 5256 1799 5313 facit
1836 5254 2087 5312 Ecclesia

494 5357 694 5413 videns
724 5368 846 5413 eam
876 5371 1003 5426 qua;
1030 5354 1238 5410 dicitur
1262 5351 1425 5417 Ursa,
1457 5356 1582 5420 qua
1611 5362 1893 5419 nunquam
1935 5347 2089 5403 oeci-

497 5449 793 5517 dit‘IQuid
844 5450 1011 5507 etiam
1054 5446 1337 5504 Pleiadem
1395 5443 1736 5500 unanimiter
1792 5440 2089 5497 ducentem

498 5545 733 5599 chorum
757 5558 857 5598 sex
885 5541 1169 5597 stcilarnm
1196 5539 1220 5592 ?
1250 5537 1395 5593 Aliae‘
1424 5550 1644 5607 quoque
1671 5543 1802 5589 sunt
1829 5538 2090 5590 innume-

498 5635 704 5692 rabiles
737 5634 926 5707 ﬁgum
960 5639 1031 5689 et.
1051 5631 1277 5688 nomina
1319 5629 1373 5684 in
1422 5628 1588 5683 astris
1630 5626 1987 5690 ﬁrmamusti,
2023 5641 2091 5680 ex

503 5819 662 5883 1,40.

2186 4611 2503 4683 lampadum
2582 4604 2977 4662 accenderunt.
3034 4602 3214 4656 Habet
3288 4600 3457 4655 etiam
3526 4599 3774 4653 Ecclesia

2186 4704 2449 4762 Geminos
2501 4701 2739 4765 steilam,
2769 4696 3060 4760 Thomam,
3089 4693 3182 4765 qui
3241 4691 3448 4747 dicitur
3487 4691 3772 4745 Geminus.

2187 4792 2366 4853 liabet
2406 4795 2672 4856 Leonem,
2701 4804 2901 4860 nempe
2942 4785 3347 4842 LucamnNam
3396 4791 3458 4838 et
3494 4783 3777 4838 Leo-con-

2189 4899 2411 4961 spectus
2458 4895 2545 4941 est
2597 4884 2653 4939 in
2690 4881 2983 4952 Seraphim
3010 4880 3079 4945 '5,
3107 4874 3559 4949 quandoquidem
3588 4874 3660 4931 ad
3693 4874 3778 4929 vi-

2190 4992 2317 5038 rum
2372 4978 2648 5050 optimum
2708 4973 2936 5045 scripsit
2958 4970 3353 5041 Evangelium-
3367 4967 3544 5025 Porro
3594 4972 3780 5022 autem

2189 5075 2330 5133 alios
2380 5084 2603 5143 quoque
2661 5066 2832 5123 habet
2877 5066 3090 5131 leones,
3118 5074 3263 5134 quos
3278 5061 3499 5132 peperit
3523 5056 3783 5115 Christus

2193 5167 2340 5224 sicut
2368 5163 2587 5219 catulus
2632 5159 2812 5217 leonis
2843 5157 3005 5222 Iuda,
3040 5157 3137 5228 qui
3171 5155 3397 5226 quidem
3434 5152 3780 5223 imperarunt

2191 5268 2251 5317 et
2280 5271 2515 5330 regnum
2548 5253 2918 5310 obtinuerunt
2949 5250 3007 5305 in
3037 5249 3184 5304 feras
3212 5244 3518 5317 aliquando
3542 5242 3779 5306 Miluus;

2195 5362 2396 5420 nempe
2441 5355 2655 5420 gentes.
2694 5343 3051 5416 Congregatio
3084 5341 3235 5396 enim
3271 5339 3473 5395 horum
3505 5341 3786 5392 taurorum

2143 5431 2157 5451 ’
2193 5447 2253 5500 in
2283 5442 2525 5514 juuencis
2546 5440 2592 5473 “
2612 5438 3008 5494 Ecclesiarum.
3062 5433 3171 5490 Sed
3213 5441 3271 5488 et
3321 5430 3567 5487 Marcum
3618 5426 3787 5482 habet

2198 5537 2294 5608 qui
2348 5545 2612 5605 tanquam
2644 5532 2769 5586 bos‘
2793 5528 3052 5600 apparuit
3085 5528 3143 5581 in
3174 5524 3403 5581 animali
3446 5538 3541 5579 sex
3576 5534 3785 5592 penna-

2197 5640 2324 5679 rum
2348 5624 2415 5688 ⁸⁷,
2448 5620 2710 5705 quoniam
2746 5635 2778 5673 a
2819 5616 3109 5673 sacriﬁciis
3145 5615 3374 5686 incmpit
3403 5611 3783 5683 Evangelium.

571 5749 617 5781 ⁶²
648 5749 806 5803 toan.
834 5763 865 5815 r
911 5744 996 5799 16.
1073 5743 1119 5774 "
1142 5743 1306 5797 Marc.
1342 5757 1380 5803 ι,
1416 5739 1481 5795 i6
1516 5754 1670 5809 seqq.
1749 5739 1792 5769 °‘
1815 5737 1859 5799 Ε
1909 5739 2010 5793 ‘th.
2046 5753 2154 5801 xix,
2202 5736 2286 5789 12.
2367 5737 2410 5768 ⁸³
2444 5735 2646 5790 Ezech.
2672 5751 2709 5797 ι,
2744 5732 2828 5785 i0.
2910 5731 3096 5813 “Psal
3154 5744 3316 5795 vau,
3349 5729 3437 5785 5i.
3513 5725 3557 5759 ⁸⁷
3581 5719 3781 5777 Ezecb.
