4098 6474
296 401 406 467 999

1392 385 1474 447 IN
1510 376 2066 447 HEXAEMERON.
2100 406 2169 415 --
2204 375 2349 440 LIB.
2398 376 2488 439 IV.

3459 356 3565 422 910

300 510 481 566 Πθδθῑ
515 516 570 562 ει
596 505 814 563 Armes
842 503 936 574 (ιιιί
968 516 1156 579 εοεηοη
1192 500 1345 555 "erm
1381 496 1782 569 sresilaciums
1814 494 1882 547 de
1916 501 1957 554 Α
1993 519 2083 564 tur
2117 519 2377 579 tanquam
2414 502 2649 561 solitarii
2678 499 2935 556 monachi
2969 514 2982 564 ;
3013 505 3093 560 ut,
3119 494 3214 565 qui
3236 510 3305 549 ex
3326 506 3569 546 numero

300 601 508 671 quibus
534 598 745 654 dictum
780 603 858 651 est
887 613 898 647 :
929 595 1123 665 Aﬂ‘erte
1149 591 1373 645 Domino
1399 589 1540 658 ﬁlios
1567 589 1795 643 arietum
1815 586 1881 637 ⁵⁸.

304 692 483 747 Habet
539 687 900 758 Sagittarios,
952 699 1048 739 eos
1103 683 1198 753 qui
1258 688 1503 752 prtesunt
1564 678 1770 749 populo
1831 683 1888 729 et

303 782 546 835 clamant.
577 778 648 833 ad
698 776 1026 831 Dominum:
1059 772 1158 838 Qui
1182 774 1328 833 docet
1377 786 1567 824 manus
1620 782 1763 825 meas
1819 764 1889 819 ad

302 875 523 938 bellum,
547 881 596 926 et
629 871 847 943 posuisti
880 877 939 922 ut
978 884 1162 923 arcum
1192 881 1397 923 cuneum
1427 864 1642 919 brachia
1678 876 1795 915 mea
1820 859 1885 912 ‘9.

379 966 556 1033 Habet
611 965 776 1019 etiam
831 962 1017 1017 stellas
1067 960 1256 1015 Pisces
1305 958 1410 1012 hoc
1460 957 1889 1016 tirmamentum,

305 1076 420 1131 quo
454 1056 652 1129 piscati
704 1063 835 1111 sunt
881 1054 1080 1108 Petrus
1130 1063 1186 1119 et
1240 1050 1480 1105 Jacobus
1526 1056 1583 1102 et
1631 1047 1892 1105 Joannes.

308 1154 638 1227 piscatores.
684 1148 863 1203 liabet
911 1147 1078 1200 etiam
1135 1143 1333 1215 Lyram
1365 1179 1381 1206 ,
1417 1137 1892 1210 sapientissimum

309 1245 563 1301 Paulum.
620 1241 796 1296 Habet
838 1240 1005 1295 etiam
1054 1236 1348 1297 Cancrum,
1386 1246 1581 1308 rursus
1629 1230 1893 1284 Petrum:

310 1336 522 1408 duplici
561 1333 709 1389 enim
736 1346 927 1403 gressu
969 1329 1026 1383 in
1061 1343 1129 1383 eo
1160 1326 1473 1381 ambulavit.
1504 1322 1584 1377 sol
1619 1320 1716 1391 qui
1749 1319 1899 1375 cadit

311 1428 420 1486 Sub
452 1423 871 1495 intelligentiam
902 1440 915 1475 :
947 1435 1147 1489 nempe
1193 1426 1321 1473 ante
1348 1424 1406 1471 et
1456 1424 1627 1470 retro.
1673 1413 1779 1468 Per
1811 1411 1897 1482 ip—

312 1533 439 1573 sum
468 1515 617 1587 enim
648 1510 973 1584 fulguravit,
1003 1519 1058 1565 et
1092 1508 1239 1569 iniis
1276 1507 1373 1577 qui
1422 1512 1585 1561 erant
1623 1509 1774 1567 ante,
1803 1499 1899 1570 qui

309 1610 542 1683 quidem
589 1616 748 1663 erant
787 1621 852 1659 ex
887 1603 1113 1667 Iudaeis,
1144 1609 1201 1656 et
1228 1600 1282 1655 in
1324 1598 1528 1666 iis,qui
1567 1602 1726 1650 erant
1770 1601 1900 1647 ante

308 1704 414 1773 qui
450 1715 643 1758 sumus
701 1713 806 1752 nos
838 1715 851 1749 :
883 1695 1075 1751 ambos
1127 1693 1277 1747 enim
1323 1688 1495 1744 traxit
1539 1688 1763 1750 Petrus,
1798 1683 1902 1739 hos

311 1795 545 1865 quidem
574 1791 767 1863 signis,
797 1789 923 1844 illos
952 1801 1086 1841 vero
1119 1783 1413 1840 doctrinis.

389 1882 569 1938 Habet
595 1881 759 1937 etiam
786 1888 996 1948 septem
1025 1877 1298 1947 planetas,
1319 1887 1519 1947 nempe
1549 1880 1759 1941 septem
1781 1868 1901 1922 dia-
1941 1892 1979 1946 η

312 1992 512 2040 conus,
536 1974 629 2045 qui
672 1972 954 2028 contrario
982 1971 1231 2039 ingressu
1254 1967 1642 2037 ingrediuntur
1678 1963 1910 2021 aliorum

322 2067 683 2124 revolutioni.
718 2065 759 2119 li
783 2058 944 2119 'euim
978 2063 1032 2118 in
1064 2061 1301 2117 cibando
1348 2056 1758 2117 multitudinem
1791 2070 1915 2125 quae

322 2161 397 2216 ab
427 2160 548 2214 aliis
575 2157 904 2215 docebatur.
934 2172 1001 2210 nc
1022 2155 1247 2210 caderet
1271 2161 1499 2222 propter
1522 2149 1912 2204 necessitatem

321 2253 616 2323 corporis,
668 2248 1063 2304 sut‘fulcicbant
1101 2247 1335 2302 verbum
1362 2243 1513 2314 quod
1555 2243 1795 2298 dabatur
1843 2240 1914 2295 ab

317 2344 472 2400 aliis.
522 2342 699 2397 Habet
738 2349 794 2395 et
830 2339 1096 2395 Perseum
1149 2337 1400 2399 stellam,
1430 2350 1594 2406 quem
1644 2332 1796 2387 voles
1847 2346 1915 2385 ex

316 2436 497 2505 Magis
554 2431 910 2489 venientibus
967 2446 1034 2483 ea
1089 2425 1316 2483 Perside
1363 2427 1416 2480 in
1470 2424 1761 2479 Bethleem
1817 2437 1915 2492 per

319 2531 567 2593 stellam,
599 2526 665 2581 ad
715 2525 886 2580 solem
920 2523 1015 2593 qui
1061 2522 1211 2576 cadit
1244 2520 1349 2575 sub
1386 2516 1807 2589 intelligentiam
1861 2524 1918 2570 et

323 2606 707 2677 absconditur.
736 2616 915 2672 Habet
939 2624 995 2670 et
1012 2613 1285 2684 Aquarios
1309 2612 1375 2665 ad
1398 2625 1537 2681 quos
1558 2609 1768 2663 dictum
1795 2619 1913 2662 est:

329 2714 508 2769 Fluvii
531 2729 591 2767 ex
616 2719 797 2767 ventre
822 2710 935 2780 ejus
952 2711 1117 2779 ﬂuent
1142 2720 1295 2776 aqua:
1310 2704 1516 2759 vivat".
1550 2702 1727 2756 liabet
1749 2701 1915 2755 etiam

327 2806 628 2876 Hesperos,
658 2803 754 2874 qui
788 2801 964 2856 exorti
992 2807 1122 2854 sunt
1156 2798 1301 2853 circa
1324 2797 1516 2851 horam
1546 2792 1919 2850 undecimam.

397 2900 521 2954 Non
550 2898 728 2953 solum
754 2900 944 2977 autem
988 2890 1408 2962 appellationes,
1443 2888 1537 2943 sed
1588 2886 1754 2940 etiam
1791 2885 1921 2953 ipsae

325 2980 522 3064 ﬁgura:
554 2998 613 3044 et
642 2976 854 3058 species
879 2985 1163 3039 stellarum
1204 2998 1306 3035 nos
1347 2979 1622 3055 reducunt
1651 2978 1717 3031 ad
1752 2976 1921 3046 spiri-

326 3083 517 3139 tuales
572 3079 835 3135 notiones
866 3084 923 3129 et
957 3071 1477 3143 contemplationes.
1510 3071 1808 3140 Propterea
1854 3083 1923 3122 ex

326 3176 401 3230 iis
436 3174 558 3229 alia:
581 3169 805 3242 quidem
834 3169 974 3223 laeta:
1000 3175 1133 3241 sunt
1164 3175 1426 3234 tanquam
1455 3163 1828 3227 subridentes,
1860 3170 1923 3215 ut

1988 601 2337 657 duodenario
2380 596 2814 669 proﬁciscuntur
2847 591 2913 645 ad
2942 586 3411 660 praedicationem,
3445 598 3571 637 con.

1990 695 2282 749 venienter
2309 692 2358 745 ei
2384 690 2478 760 qui
2508 688 2643 743 dicit
2668 704 2681 739 :
2710 682 3069 756 Singulariter
3098 680 3191 751 ego
3211 678 3575 732 donectrans-

1992 802 2111 839 eam
2141 784 2187 816 ⁷⁸
2220 802 2232 837 :
2270 791 2327 837 et
2362 792 2423 837 ut
2458 782 2496 835 ii
2540 780 2634 851 qni
2670 777 2773 834 soli
2804 777 2975 831 vitam
3016 779 3278 828 exercent
3317 767 3577 822 monasti-

1992 892 2110 932 cam
2142 876 2200 930 in
2231 874 2469 945 rupibus
2516 873 2571 926 in
2626 871 2830 941 quibus
2880 882 2991 921 non
3030 864 3194 935 877
3220 870 3349 916 sunt
3376 861 3575 921 fontes,

1994 969 2282 1025 dicentes:
2311 964 2670 1036 Singulariter
2703 964 2759 1016 in
2800 976 2891 1031 spe
2917 956 3234 1013 constituisti
3268 970 3348 1007 me
3378 953 3444 1005 ⁷³.
3473 951 3578 1005 Alii

1996 1070 2178 1116 autem
2210 1060 2373 1115 simul
2400 1058 2515 1113 bini
2539 1068 2636 1112 aut
2673 1055 2816 1110 terni
2850 1070 2864 1119 ;
2892 1061 2977 1116 ut,
3005 1050 3103 1120 qui
3128 1064 3195 1104 ex
3230 1044 3581 1117 septuaginta

1997 1150 2755 1224 duobus'proﬁciscebanlur,
2790 1157 2885 1201 aut
2915 1144 3083 1200 etiam
3123 1139 3218 1211 qui
3269 1140 3380 1193 duo
3418 1137 3581 1191 simul

1998 1245 2400 1301 exercebantur
2424 1242 2492 1297 ad
2530 1239 2833 1297 certamina
2865 1235 3113 1291 ascetica'
3140 1247 3238 1287 seu
3281 1226 3583 1284 monastica

1997 1340 2126 1391 eum
2154 1333 2465 1390 audiissent
2487 1344 2616 1385 eum
2639 1329 2734 1400 qui
2766 1327 2985 1382 dicebat
3016 1342 3030 1378 :
3065 1323 3161 1379 Ubi
3199 1319 3459 1376 sunt-duo
3489 1325 3584 1371 aut

2000 1435 2107 1480 tres
2139 1426 2444 1497 congregati
2480 1423 2537 1476 in
2586 1422 2798 1476 nomine
2830 1435 2968 1484 meo,
2992 1416 3108 1471 illic
3146 1430 3263 1468 sum
3315 1414 3371 1466 in
3418 1410 3587 1464 medio

2000 1534 2184 1571 eorum
2214 1519 2282 1571 ".
2310 1516 2445 1570 Alia:
2474 1513 2867 1584 ingrediuntur
2903 1511 3079 1564 instar
3118 1505 3273 1561 chori
3302 1512 3397 1558 aut
3426 1518 3591 1559 coro-

2000 1625 2108 1675 nas,
2139 1607 2447 1679 cuiusmodi
2484 1614 2614 1660 sunt
2638 1603 2948 1674 quidicunt
2990 1618 3003 1653 :
3043 1598 3174 1652 Ecce
3205 1612 3365 1668 quam
3397 1595 3593 1648 bonum

2003 1711 2053 1757 et
2110 1718 2273 1773 quam
2310 1699 2610 1772 jucundum
2638 1696 2878 1750 habitare
2909 1694 3100 1764 fratres
3136 1692 3192 1744 in
3218 1705 3382 1742 unum
3405 1687 3450 1718 "
3479 1687 3494 1740 ι
3526 1686 3594 1740 Et

2002 1797 2121 1851 alias
2173 1794 2400 1865 quidem
2451 1789 2749 1862 perfectas,
2801 1802 2925 1857 quae
2975 1784 3201 1856 quidem
3250 1790 3381 1836 sunt
3435 1779 3595 1839 naida

2010 1887 2246 1953 lucidas,
2275 1897 2529 1942 tenentes
2578 1884 2760 1939 locum
2816 1881 3105 1936 doctorum
3148 1884 3206 1931 et
3270 1872 3594 1945 pontiﬁcum

2014 1981 2115 2052 qui
2143 1980 2340 2035 dicunt
2364 1995 2377 2032 :
2414 1977 2548 2032 Ecce
2574 1992 2669 2047 ego
2699 1983 2747 2029 et
2767 1974 2919 2045 pueri
2946 1987 3074 2042 quos
3104 1970 3246 2024 dedit
3272 1968 3399 2022 mihi
3417 1965 3596 2019 Domi-

2015 2072 2236 2128 tius":
2283 2068 2594 2141 cuiusmodi
2648 2067 2756 2122 fuit
2810 2065 3038 2129 Paulus,
3089 2063 3183 2132 qui
3256 2075 3383 2116 cum
3429 2071 3598 2128 supra

2014 2180 2208 2222 omnes
2260 2173 2408 2220 esset
2448 2162 2624 2233 prima
2657 2169 2713 2217 et
2750 2160 2988 2215 maxima
3016 2158 3196 2218 stella,
3233 2154 3436 2209 habeat
3460 2164 3598 2207 con-

2014 2268 2315 2329 sequentes
2360 2258 2533 2312 veluti
2573 2255 2841 2326 quasdam
2891 2253 3089 2308 breves
3116 2293 3129 2315 ,
3163 2248 3515 2304 Timotheum
3543 2253 3600 2299 et

2015 2350 2183 2406 Silam
2208 2336 2265 2405 et
2290 2350 2593 2404 Barnabam
2624 2358 2680 2403 et
2705 2348 2928 2410 Lucam,
2960 2346 3078 2415 qui,
3105 2358 3216 2399 non
3249 2341 3425 2396 multo
3453 2346 3597 2409 post,

2014 2457 2082 2497 ex
2109 2442 2407 2521 discipulo,
2436 2441 2707 2512 magistro
2736 2439 2914 2494 factus
2955 2446 3038 2492 est
3070 2434 3356 2491 confessor
3390 2450 3403 2486 :
3435 2440 3511 2493 et,
3553 2428 3599 2484 s‘i

2016 2550 2127 2589 non
2154 2535 2348 2589 falsum
2379 2534 2519 2588 dixit
2558 2534 2652 2603 qui
2695 2532 2852 2595 dicit,
2904 2529 3113 2600 Sufﬁcit
3158 2525 3416 2598 discipulo
3446 2525 3491 2578 si
3518 2524 3601 2603 sit

2016 2626 2152 2680 sicut
2177 2626 2434 2696 magister
2455 2625 2522 2687 ",
2548 2640 2655 2687 non
2683 2623 2788 2677 fuit
2810 2622 2991 2676 minor
3017 2620 3188 2674 Paulo
3215 2636 3228 2672 :
3261 2617 3425 2673 simul
3452 2602 3599 2671 enim

2016 2719 2267 2774 considet
2315 2734 2439 2773 cum
2474 2719 2662 2772 Paulo.
2723 2717 2858 2771 Alite
2919 2722 3103 2769 autem
3158 2725 3352 2767 rursus
3413 2718 3605 2764 tenent

2019 2805 2250 2876 ﬁguram
2312 2806 2517 2870 crucis,
2545 2821 2611 2860 ex
2650 2804 2857 2874 quibus
2894 2813 3015 2863 erat
3068 2802 3163 2872 qui
3209 2800 3466 2855 dicebat:
3503 2798 3605 2863 Qui

2017 2913 2172 2951 suam
2234 2912 2449 2950 carnem
2485 2895 2861 2964 cruciﬁxerunt
2904 2912 3025 2949 eum
3076 2895 3216 2949 vitiis
3272 2903 3319 2946 et
3358 2894 3605 2963 concupi-

2019 2991 2233 3043 scentiis
2262 2987 2334 3040 ⁸⁸.
2366 2988 2501 3043 Aliae
2533 3003 2759 3058 quoque
2793 2987 3027 3057 geminas
3049 2987 3316 3041 incedunt
3338 2993 3395 3039 et
3419 2986 3608 3054 conju-

2020 3091 2179 3152 θείω,
2210 3081 2391 3150 ipsum
2455 3089 2717 3150 tanquam
2759 3077 2967 3133 Christi
3016 3079 3212 3148 jugum
3267 3077 3529 3138 ferentes,
3552 3084 3609 3129 et

2023 3174 2207 3228 anima
2243 3182 2302 3229 et
2343 3188 2579 3244 corpore
2622 3173 2802 3243 ipsum
2856 3170 3174 3235 trahentes,
3203 3178 3465 3240 tanquam
3497 3169 3610 3223 duo

326 3268 509 3338 is‘qui
535 3267 674 3322 dicit
702 3283 715 3317 ε
746 3262 962 3333 Semper
1000 3261 1225 3334 gaudete
1254 3262 1310 3314 in
1338 3259 1588 3323 Domina.
1618 3259 1918 3312 sineinter-
1947 3241 1990 3300 (ἶ
2025 3266 2170 3320 oculi
2193 3241 2465 3321 lucentes.
2497 3241 2658 3321 Unde
2692 3273 2749 3321 et
2777 3262 3157 3319 moventur’et
3180 3270 3416 3318 currunt
3439 3260 3610 3316 stellae

330 3361 579 3416 missione
602 3365 752 3412 orate
786 3356 829 3386 '“
863 3371 877 3407 :
910 3356 1030 3409 aliae
1060 3368 1193 3409 vero
1221 3362 1431 3408 maesta:
1459 3359 1516 3406 et
1553 3350 1760 3416 tristes,
1792 3358 1850 3403 ut
1883 3350 1922 3403 ii

328 3451 432 3523 qui
474 3441 775 3504 audierunt
823 3445 1081 3518 eum‘qui
1118 3444 1255 3498 dixit
1290 3462 1301 3496 :
1336 3442 1490 3499 Beati
1528 3442 1618 3512 qui
1645 3441 1824 3511 lugent
1854 3441 1929 3505 7'.

329 3546 477 3601 Aliae
511 3557 717 3607 rursus
752 3541 899 3595 diem
933 3539 1135 3594 festum
1169 3537 1535 3599 celebrantes,
1564 3534 1680 3588 utii
1706 3533 1801 3603 qui
1821 3547 1924 3603 pro

329 3622 565 3694 Christo
613 3643 745 3690 sunt
787 3632 1030 3695 accensi,
1068 3640 1125 3685 et
1161 3630 1356 3684 dicunt
1393 3647 1406 3682 ε
1442 3627 1801 3682 Transivimus
1832 3641 1926 3695 per

332 3728 511 3798 ignem
529 3732 577 3778 et
604 3721 879 3795 aquam”.
897 3722 966 3775 Et
981 3720 1102 3775 aliae
1118 3734 1297 3783 acres,
1315 3733 1480 3773 cursu
1498 3715 1921 3779 contendentes,

336 3826 403 3874 ut
433 3816 525 3872 ille
548 3817 644 3887 qui
675 3817 743 3871 ab
763 3814 1067 3870 Jerusalem
1093 3812 1502 3880 transiitusque
1525 3810 1593 3864 ad
1623 3808 1922 3881 Illyricum,

335 3920 398 3964 et
432 3925 559 3964 cum
590 3908 706 3963 illic
752 3897 877 3962 cum
917 3920 1020 3959 suo
1050 3903 1286 3974 conjuge
1323 3900 1489 3957 Petro
1517 3900 1830 3962 occidisset,
1868 3899 1924 3953 in

333 4018 543 4059 occasu
569 3999 731 4056 ambo
761 3997 1117 4054 Occidentem
1144 3995 1476 4053 illuminant.
1502 3992 1658 4049 Unde
1676 3992 1927 4049 videmus

338 4097 488 4152 alias
538 4090 765 4164 quidem
816 4108 885 4147 ex
937 4088 1116 4144 stellis
1170 4089 1362 4143 lucere
1397 4086 1463 4142 ad
1508 4085 1928 4152 Boream,_alias

332 4202 480 4243 vero
520 4185 589 4241 ad
633 4185 917 4247 Austrum,
952 4181 1090 4235 alias
1135 4188 1321 4235 autem
1346 4178 1419 4233 ad
1441 4178 1658 4243 Ursam,
1684 4185 1740 4233 et
1793 4177 1929 4232 alias

337 4281 398 4336 in
435 4279 575 4334 locis
613 4274 849 4331 diversis
881 4274 1038 4333 oriri,
1065 4288 1186 4342 qua:
1220 4272 1523 4325 illuxerunt
1562 4270 1615 4324 in
1649 4278 1763 4324 toto
1792 4269 1929 4324 orbe

339 4384 620 4429 terrarum
644 4410 659 4434 ,
696 4365 1072 4438 signiﬁcantes
1119 4361 1418 4417 luminaria
1480 4361 1754 4416 Ecclesiae.
1792 4360 1927 4414 Nam

337 4483 445 4523 cur
491 4478 602 4518 non
652 4461 708 4515 in
756 4458 904 4515 omni
959 4467 1208 4526 tempore
1257 4455 1484 4519 arstivas,
1533 4469 1655 4524 quae
1702 4452 1928 4522 quidem

2028 3350 2291 3428 tanquam
2335 3359 2586 3428 quaedam
2622 3359 2879 3413 animata:
2927 3355 3198 3426 imagines
3234 3356 3609 3410 inanimorum

2023 3450 2384 3504 luminarium
2447 3450 2857 3520 magistrorum.
2921 3449 3231 3513 Dedncunt_
3273 3447 3456 3517 itaque
3498 3462 3613 3503 non

2030 3547 2243 3595 tantum
2299 3555 2396 3595 eas
2435 3541 2626 3595 stellas
2654 3554 2778 3611 qua:
2816 3546 2949 3594 sunt
2973 3553 3141 3609 super
3180 3546 3408 3604 terram,
3434 3554 3612 3608 quau-

2028 3640 2145 3686 tum
2171 3647 2266 3686 eas
2289 3648 2412 3702 quae
2441 3642 2573 3686 sunt
2605 3633 2661 3686 in
2686 3632 2845 3696 mari,
2885 3631 2996 3685 imo
3024 3629 3198 3701 magis
3218 3670 3232 3694 ,
3262 3631 3613 3701 quandoqui-

2025 3723 2154 3778 dem
2181 3731 2239 3781 et
2268 3723 2442 3778 stellae
2474 3724 2692 3778 ratione
2717 3723 2962 3794 pratditae
2996 3722 3175 3778 multo
3198 3723 3376 3793 magis
3411 3723 3616 3778 illumi-

2026 3822 2164 3871 nant
2235 3823 2294 3870 et
2353 3824 2687 3871 conservant
2747 3815 2805 3869 in
2864 3815 2992 3870 navi
3056 3812 3318 3870 Ecclesiae
3366 3830 3465 3871 eos
3518 3819 3615 3887 qui

2021 3908 2307 3978 iactantur
2329 3906 2592 3963 ﬂuctibus
2624 3906 2791 3962 maris
2820 3905 3121 3961 aﬂ‘ectuum
3159 3916 3216 3961 et
3269 3906 3440 3962 animi
3481 3923 3615 3979 per-

2029 4000 2437 4066 turbationum,
2494 4000 2676 4055 donec
2714 4008 2959 4055 transeat
2987 4014 3094 4055 nox
3134 3999 3261 4055 vitae
3298 4007 3357 4054 et
3400 4001 3617 4055 oriatur

2029 4110 2228 4150 rursus
2270 4110 2302 4150 e
2354 4094 2498 4151 caelo
2537 4093 2632 4150 Sol
2669 4094 2915 4165 justitiaa.
2941 4093 3034 4149 Sic
3086 4094 3452 4164 spiritualiter
3510 4095 3617 4150 hoc

2029 4184 2201 4241 modo
2226 4193 2373 4240 astra
2396 4184 2716 4240 consideret
2735 4184 3003 4247 Ecclesia,
3029 4200 3096 4240 ea
3121 4199 3244 4255 quae
3263 4185 3525 4240 dicuntur
3547 4187 3617 4241 de

2030 4279 2167 4344 sole,
2197 4279 2352 4341 luna,
2382 4287 2442 4333 et
2477 4276 2658 4333 stellis
2693 4275 3011 4347 :quomodo
3035 4276 3204 4331 etiam
3242 4276 3335 4331 ille
3392 4278 3618 4332 divinus

2029 4371 2127 4441 qui
2162 4369 2232 4424 ad
2264 4371 2479 4425 tertium
2519 4384 2684 4438 usque
2717 4368 2773 4422 in
2806 4367 2996 4422 cretum
3025 4375 3083 4423 et
3105 4372 3271 4425 'ortus
3301 4378 3380 4423 est
3424 4379 3482 4426 et
3532 4389 3619 4426 ra-

2032 4474 2152 4527 ptus
2182 4463 2250 4527 ⁸⁸,
2280 4470 2338 4517 et
2369 4459 2567 4515 didicit
2594 4459 2731 4515 ferri
2774 4475 2951 4529 usque
2980 4459 3046 4515 ad
3089 4468 3329 4526 sanctos,
3359 4470 3619 4532 tanquam

337 4567 485 4643 sunt
539 4556 578 4610 ii
633 4553 729 4625 qui
792 4560 941 4606 ῒθοιθ
1003 4558 1299 4643 Portium“
1326 4536 1329 4541 ⁵
1352 4546 1570 4643 Pontius
1731 4535 1926 4628 ᾠδιυῖη
1964 4588 2005 4643 D
2035 4555 2265 4625 sapiens
2300 4553 2713 4623 contemplator
2745 4553 3031 4607 stellarum
3054 4593 3068 4617 ,
3102 4553 3300 4608 harum
3334 4556 3618 4611 stellarum

337 4640 726 4715 amictionum,
751 4654 808 4701 et
836 4643 1019 4700 carnis
1041 4641 1319 4707 ardorem,
1344 4640 1518 4701 fortes
1544 4638 1769 4709 quidem
1799 4643 1929 4693 sunt

335 4743 496 4799 beati
552 4739 811 4811 apostoli,
849 4745 908 4799 et
966 4735 1061 4806 qui
1120 4734 1291 4795 simul
1335 4732 1442 4787 orti
1484 4739 1766 4786 suntcum
1796 4731 1932 4800 ipsis

338 4834 631 4905 diScipuli.
668 4832 801 4888 Alire
828 4840 1012 4885 autem
1040 4834 1233 4884 riu-sus
1256 4826 1321 4882 ex
1348 4825 1525 4880 stellis
1547 4833 1672 4880 sunt
1696 4841 1709 4877 :
1740 4825 1929 4880 lucent

339 4943 544 4987 omnes
587 4926 794 4990 stellas,
843 4922 941 4979 sed
995 4922 1117 4976 alia:
1171 4919 1395 4989 quidem
1448 4917 1711 4974 oriuntur
1756 4932 1930 4971 verno

343 5007 829 5090 tempore'statim
881 5021 1009 5086 post
1037 5011 1242 5067 Christi
1288 5012 1759 5067 resurrectionem
1783 5050 1798 5075 ,
1835 5008 1937 5079 qui

344 5121 435 5167 ter
485 5110 891 5172 sustinuerunt,
945 5114 1001 5161 et
1047 5105 1359 5160 mercedem
1416 5109 1844 5173 exspectat-unt,
1876 5111 1939 5157 ut

343 5203 596 5273 operarii
616 5201 812 5257 messis
844 5197 1083 5255 Domini.
1114 5197 1256 5253 Sunt
1283 5194 1450 5251 etiam
1486 5190 1936 5273 qumdam'stellte

346 5293 642 5357 hiemales,
665 5308 789 5365 quae
808 5275 1035 5361 quidem
1053 5300 1183 5345 sunt
1200 5298 1494 5360 martyres,
1514 5272 1610 5359 qui
1632 5287 1936 5343 illuxerunt

344 5383 410 5439 in
429 5384 612 5443 media
627 5385 810 5439 hieme
834 5381 1181 5438 idololatriae.
1197 5381 1355 5447 Quod
1378 5379 1421 5435 si
1443 5380 1607 5435 etiam
1634 5380 1937 5437 dicendum

346 5484 444 5533 est
470 5478 542 5532 de
570 5491 768 5557 earum
803 5475 1079 5547 positura,
1102 5489 1173 5528 ne
1195 5488 1261 5527 ea
1286 5472 1513 5543 quidem
1529 5480 1615 5527 est
1632 5471 1936 5544 impropria

2040 4649 2287 4716 solisque
2319 4655 2377 4701 et
2399 4646 2555 4701 lunae
2574 4644 2847 4700 rationem
2873 4651 2961 4699 est
2983 4644 3402 4714 interpretatus,
3429 4646 3623 4701 dicens

2039 4739 2108 4804 de
2141 4739 2213 4794 iis
2251 4738 2348 4808 qui
2376 4736 2515 4792 suis
2564 4735 2906 4807 temporibus
2967 4736 3272 4790 illuxerunt
3310 4748 3329 4789 τ
3372 4738 3494 4790 Atia
3545 4747 3622 4791 est

2035 4829 2211 4900 gloria
2263 4826 2413 4893 solis,
2442 4840 2644 4896 nempe
2690 4823 2901 4881 Christi
2927 4843 2941 4879 :
2971 4832 3030 4880 et
3076 4825 3188 4880 alia
3232 4826 3408 4897 gloria
3459 4826 3620 4890 luam,

2036 4920 2144 4976 hoc
2172 4929 2280 4984 est,
2310 4918 2597 4983 Ecclesiae,
2622 4928 2674 4971 et
2717 4915 2831 4973 alia
2871 4916 3046 4990 gloria
3080 4917 3384 4980 stellarum,
3405 4927 3623 4974 sancto-

2040 5013 2452 5082 rum,.inquam
2491 5029 2504 5065 :
2532 5008 2699 5065 stella
2729 5011 2871 5064 enim
2900 5028 2931 5065 a
2975 5010 3131 5066 stella
3172 5010 3226 5065 in
3257 5010 3344 5066 his
3364 5011 3536 5082 differt
3568 5012 3629 5065 in

2018 5104 2219 5176 .gloria
2242 5103 2312 5157 ⁸¹.
2337 5103 2477 5159 Nam
2532 5103 2732 5159 Petrus
2779 5103 3015 5174 primam
3070 5112 3265 5159 tenens
3326 5104 3538 5169 sedem,
3571 5112 3622 5159 et

2042 5213 2166 5268 ego,
2192 5196 2377 5267 inquit
2408 5196 2635 5259 Paulus,
2664 5194 2928 5252 omnibus
2961 5195 3347 5251 antecellimus
3389 5193 3628 5250 maximo

2038 5292 2274 5345 honore.

2111 5382 2189 5438 De
2230 5382 2327 5439 his
2349 5381 2503 5439 enim
2527 5381 2711 5438 stellis
2730 5381 3132 5453 intelligamus,
3188 5388 3316 5450 post
3370 5380 3629 5444 sensilcs,

2041 5475 2097 5530 id
2126 5475 2278 5546 quod
2302 5490 2334 5530 a
2368 5474 2483 5530 Deo
2501 5473 2717 5531 dictum
2740 5485 2859 5529 est:
2884 5473 2957 5529 Et
2978 5473 3087 5531 sint
3123 5474 3180 5528 in
3213 5475 3369 5544 signa
3415 5480 3465 5527 et
3498 5482 3632 5527 tent-

342 5576 412 5626 et
428 5566 551 5624 sine
574 5568 860 5641 mysterio.
882 5566 1021 5621 Nam
1046 5564 1165 5620 alia;
1186 5563 1410 5634 quidem
1433 5579 1501 5620 ex
1525 5565 1595 5618 iis
1616 5563 1940 5635 ingrediun-
2041 5584 2176 5639 pora
2199 5574 2251 5621 et
2291 5567 2403 5621 dies
2436 5575 2487 5621 et
2537 5582 2729 5622 om.
2756 5565 2837 5622 Ita
2889 5576 2977 5623 est
3029 5566 3204 5626 enim.
3256 5574 3315 5622 et
3342 5565 3489 5621 facta
3547 5570 3639 5620 est

422 5706 472 5742 ⁸⁸
497 5707 642 5763 Psal.
669 5722 856 5770 xan,
892 5705 944 5757 l.
1022 5703 1068 5736 ’θ
1093 5702 1237 5758 Psal.
1272 5718 1399 5765 xm,
1432 5704 1521 5760 35.
1548 5707 1559 5735 τ
1594 5703 1641 5736 ⁷ο
1663 5702 1820 5759 Joan.
1850 5718 1924 5759 vn

2016 5702 2078 5758 ιε.
2150 5697 2734 5765 “lThess.v,16,i7.
2757 5703 2804 5736 τι
2830 5702 3099 5771 Μπιιιω,
3131 5704 3182 5760 5.
3257 5676 3632 5770 ἐύπωλον,

345 5775 445 5832 12.
525 5778 569 5809 ⁷⁸
595 5777 717 5833 Psal
774 5792 894 5833 οιι.
922 5773 1009 5830 10.
1085 5771 1133 5805 ⁷⁸
1158 5774 1302 5829 Psal.
1327 5789 1400 5840 tv,
1450 5774 1539 5835 l0.
1615 5774 1661 5806 "
1695 5774 1884 5831 Matth.
1923 5789 2072 5839 xvrn,
2107 5773 2195 5829 20.
2273 5774 2315 5805 "
2350 5773 2493 5829 Psal.
2517 5788 2717 5837 cum,
2741 5775 2793 5830 l.
2870 5772 2915 5805 τ’
2941 5774 3044 5829 lsa.
3080 5791 3192 5841 vni,
3223 5775 3328 5834 l8:
3371 5773 3537 5829 Hebr.
3574 5789 3629 5841 tt,

347 5846 447 5903 t3.
523 5847 791 5902 "Matth.
850 5842 907 5911 x,‘
956 5844 1047 5900 25.

1124 5844 1175 5877 ’θ
1205 5842 1388 5899 Galat.
1420 5861 1489 5913 γ,
1528 5844 1619 5899 24.
1697 5844 1740 5875 ⁸¹
1773 5843 1821 5899 ll
1850 5845 2103 5911 Con-xu,
2135 5845 2190 5898 2.
2269 5843 2315 5876 "
2347 5843 2368 5897 Ι
2395 5843 2523 5898 Cor.
2550 5844 2748 5912 In“.
