4098 6414
523 328 639 396 $11

1750 320 1811 381 S.
1851 317 2250 379 ANASTASH
2289 315 2620 377 SlNAlTiE

3694 309 3825 376 "91?.

533 443 812 503 Ecclesia.
856 438 1020 501 Aliud
1055 440 1207 497 enim
1238 438 1345 495 fuit
1386 446 1606 508 tempus
1643 436 2046 506 apostolorum,
2070 442 2128 488 et
2160 444 2198 497 Α
2229 442 2287 489 et
2319 434 2697 498 illuminante,
2744 447 2944 503 nempe
2974 432 3127 499 luna,
3180 430 3254 485 ita
3291 429 3461 485 etiam
3495 444 3562 485 ex
3622 428 3824 485 iisdem

536 537 694 595 aliud
729 546 951 607 tempus
994 541 1317 589 sanctorum
1371 531 1467 602 qui
1517 529 1849 591 atl‘erebant,
1884 536 1941 582 et
1974 525 2127 581 aliud

2233 528 2454 583 duabus
2475 529 2642 582 rebus
2667 524 3057 596 spiritualibus
3081 533 3446 595 regeneratur
3469 532 3527 577 et
3546 521 3828 577 formatur

540 640 867 719 sangtorum
915 633 1247 697 martyrum,
1271 630 1328 678 et
1366 620 1519 676 aliud
1556 628 1774 689 tempus
1807 617 2127 672 doctorum.
2228 623 2400 677 homo
2431 631 2627 676 noster
2659 621 2938 685 internus,
2971 618 3068 689 qui
3097 633 3164 672 ex
3184 618 3316 672 luna
3343 616 3595 687 quidem,
3623 630 3829 686 nempe

542 726 620 780 De
643 708 740 778 llis
768 720 948 778 stellis
979 719 1092 774 Deo
1123 716 1261 779 dicit
1290 713 1460 769 etiam
1487 711 1662 775 David
1691 729 1704 764 :
1746 708 1849 775 Qui
1883 716 2131 763 numerat

543 815 943 872 multitudinem
971 809 1280 873 stellarum,
1311 814 1359 861 et
1391 804 1636 860 omnibus
1682 804 1754 857 eis
1787 803 2008 856 nomina
2036 816 2130 854 vo-

540 917 627 964 cat
667 907 736 961 ⁸³.
774 906 890 961 lloc
921 911 1028 968 est,
1061 917 1130 955 ex
1161 901 1229 955 iis
1268 899 1410 954 alios
1460 896 1689 967 quidem
1720 904 1879 950 vocat
1915 906 2128 957 servos,

527 1002 685 1060 alios
736 1007 923 1055 autem
977 992 1373 1057 mercenaries,
1431 990 1574 1045 alios
1628 1002 1767 1043 vero
1816 984 2129 1056 operarios,

530 1096 686 1151 alios
717 1100 909 1148 autem
926 1087 1155 1150 amicos,
1192 1085 1333 1140 alios
1361 1091 1551 1138 autem
1584 1091 1792 1152 patres.
1818 1078 1956 1134 Nam
1982 1078 2030 1132 si
2063 1076 2133 1131 de

527 1186 834 1259 corporeis
859 1181 1039 1238 stellis
1071 1179 1180 1233 hoc
1212 1175 1581 1239 intellexeris,
1608 1188 1723 1228 non
1758 1170 2014 1227 invenies
2036 1167 2133 1239 qui

524 1297 639 1338 »eas
693 1277 829 1334 fecit
862 1277 1032 1330 Deum
1082 1270 1402 1340 unicuique
1462 1268 1757 1339 proprium
1798 1263 2133 1334 imposuisse

543 1388 767 1436 nomen,
804 1377 1006 1441 praeter
1029 1378 1361 1421 commune:
1418 1369 1614 1432 postea
1642 1360 1794 1414 enim
1842 1355 2131 1412 hominum

544 1464 836 1538 sapientia,
866 1460 1033 1515 aliam
1057 1456 1285 1528 quidem
1310 1449 1937 1522 vocavitSagittarium,
1964 1446 2133 1501 aliam

544 1574 678 1616 vero
707 1552 1158 1620 Dociam,aliam
1189 1556 1379 1605 autem
1404 1547 1685 1609 Prestera,
1710 1542 1877 1598 aliam
1907 1540 2135 1613 Typho-

532 1670 693 1720 nem,
727 1651 892 1708 aliam
918 1644 1298 1717 Lampadiam,
1336 1642 1504 1698 aliam
1549 1638 1876 1710 Pogoniam,
1898 1635 2136 1691 ctaliam

534 1748 706 1803 aliter
734 1740 1054 1815 appellavit.
1088 1740 1167 1794 De
1198 1737 1287 1792 his
1315 1734 1494 1790 stellis
1537 1730 1824 1797 Ecclesiae,
1857 1729 2136 1800 intelliges

540 1851 596 1897 et
628 1806 861 1909 quodin
892 1842 1094 1889 octavo
1131 1829 1343 1901 psalmo
1367 1827 1580 1883 dictum
1613 1832 1699 1880 est
1725 1821 2129 1881 adChristum:
2167 1806 2208 1861 Β

544 1935 752 1988 Lunam
782 1936 829 1983 et
852 1925 1039 1982 stellas
1080 1939 1215 1994 quas
1262 1929 1332 1975 tu
1386 1917 1629 1990 fundasti
1680 1915 1748 1970 ⁸⁵.
1780 1913 1895 1971 Cur
1936 1921 2137 1969 autem

533 2042 658 2082 non
687 2023 863 2079 dixit:
901 2019 968 2074 Et
1010 2016 1181 2073 solem
1213 2015 1237 2070 ?
1264 2012 1570 2081 Quoniam,
1602 2011 1750 2066 sicut
1788 2007 1945 2080 prius
1995 2006 2134 2072 dixi,

542 2132 676 2174 vera
705 2125 764 2171 et
796 2121 952 2169 certa
977 2109 1185 2166 Christi
1207 2108 1384 2179 ﬁgura
1416 2114 1504 2162 est
1527 2105 1639 2161 sol:
1665 2102 1923 2159 Christus
1948 2110 2138 2155 autem

536 2227 657 2266 non
687 2207 796 2264 fuit
817 2204 1102 2267 fundatus,
1152 2216 1258 2256 nec
1294 2199 1474 2255 stetit
1505 2199 1561 2253 in
1606 2196 1957 2250 ﬁrmamento
1985 2191 2134 2257 caeli,

544 2304 641 2361 sed
671 2316 839 2373 supra
860 2297 1033 2355 cmlos
1072 2295 1130 2350 in
1150 2295 1368 2349 throno
1388 2290 1743 2347 Cherubico:
1778 2303 1905 2343 nam
1926 2285 1999 2341 de
2018 2285 2140 2356 ipso

544 2397 733 2452 dictus
761 2398 850 2447 est
883 2397 1033 2444 totus
1052 2386 1333 2458 psalmus:
1369 2380 1639 2448 Quoniam
1669 2378 1879 2434 elevata
1908 2384 1986 2431 est
2024 2392 2140 2430 ma-

546 2484 861 2559 gnificentia
887 2489 980 2536 tua
1004 2494 1165 2550 super
1195 2475 1372 2540 emtas,
1400 2475 1492 2546 qui
1531 2489 1595 2526 ea:
1628 2488 1718 2526 ore
1763 2470 2053 2541 infantium
2091 2474 2142 2520 et

547 2580 863 2636 latentium
889 2573 1157 2645 perfecisti
1188 2568 1503 2634 laudem-et
1552 2565 1649 2636 qui
1692 2578 1930 2635 magnus
1957 2559 2144 2633 ponti-

553 2675 644 2729 fex
669 2665 1050 2742 pertransiisti
1082 2660 1455 2719 caelos..Eum
1499 2666 1687 2713 autem
1732 2657 1829 2726 qui
1883 2654 1954 2709 ad
1999 2654 2144 2708 hanc

548 2779 728 2835 usque
769 2762 1043 2822 litteram,
1079 2754 1450 2824 corporaliter
1483 2750 1747 2835 intelligit
1778 2747 2052 2803 rationem
2074 2745 2143 2801 de

549 2832 693 2913 ein-lo
723 2860 782 2906 et
830 2850 949 2905 sole
1003 2854 1061 2903 et
1091 2847 1226 2901 luna
1259 2851 1318 2900 et
1365 2842 1566 2907 stellis,
1623 2832 1810 2913 arguit
1840 2841 1960 2911 ipsa
1995 2837 2146 2894 Scri-

549 2959 714 3021 ptura
737 2945 929 3002 divina
951 2957 1078 2998 eum
1104 2956 1213 2996 non
1238 2940 1330 3010 pie
1349 2938 1526 2992 sacris
1551 2936 1875 2991 incumbere“
1895 2933 2142 2988 Litteris.

550 3043 769 3098 Dictum
805 3045 893 3094 est
915 3035 1066 3091 enim
1090 3034 1146 3089 in
1182 3031 1405 3104 hymnis
1430 3029 1603 3084 David
1627 3070 1639 3081 .
1690 3026 1932 3082 Laudate
1963 3024 2144 3078 Domi-

2232 718 2507 782 Ecclesia,
2543 716 2798 772 nascitur
2822 732 2920 787 per
2944 731 3143 785 aquam
3174 724 3229 769 et
3260 713 3555 784 Spiritum.

2301 813 2444 868 Audi
2471 813 2710 867 etlauda
2734 829 2858 883 qua:
2900 820 3033 868 sunt
3068 812 3124 866 in
3160 811 3251 866 his
3290 810 3598 866 ineffabilia
3627 820 3684 865 et
3723 809 3829 866 ad-

2232 903 2533 958 mirabilia.
2563 903 2855 971 Quomodo
2896 904 3042 959 solis
3084 912 3143 958 et
3188 903 3335 957 lunae
3382 917 3557 956 unum
3600 903 3827 972 quidem

2233 1004 2319 1053 est
2347 998 2712 1068 inspectabile
2746 1015 2760 1051 :
2800 997 3041 1051 alterum
3078 1005 3267 1051 autem
3309 1004 3397 1051 est
3455 996 3730 1065 ejusmodi
3753 1003 3833 1049 ut

2234 1090 2394 1146 cadat
2422 1092 2526 1146 sub
2556 1100 2868 1161 aspectum,
2896 1099 3089 1160 aperte
3133 1088 3297 1145 nobis
3342 1089 3583 1143 clamant
3616 1096 3829 1158 myste-

2235 1183 2381 1236 rium
2422 1182 2635 1239 Christi
2688 1192 2744 1237 et
2780 1182 3044 1238 Ecclesiae
3076 1182 3146 1236 iis
3187 1181 3283 1252 qui
3314 1179 3368 1235 id
3394 1179 3832 1234 voluntintelli-

2235 1292 2365 1348 gere
2389 1275 2785 1348 spiritualiter.
2812 1275 2948 1330 Nam
2973 1276 3215 1330 alterum
3243 1273 3469 1345 quidem
3501 1281 3592 1328 est
3624 1272 3831 1327 subtile

2235 1371 2293 1425 in
2327 1380 2520 1441 typum
2572 1369 2909 1434 divinitatis,
2944 1369 3182 1423 alterum
3236 1375 3424 1422 autem
3475 1364 3831 1421 crassumad

2235 1463 2533 1535 imaginem
2567 1461 2951 1517 humanitatis.
2978 1461 3118 1516 Nam
3170 1460 3405 1530 spiritus
3430 1459 3658 1529 quidem
3690 1458 3833 1512 latet

2236 1555 2298 1610 in
2348 1548 2526 1625 aqua,
2583 1554 2812 1625 sanguis
2856 1563 3046 1609 autem
3104 1552 3529 1622 inaspectabilis
3579 1551 3717 1606 latet
3760 1550 3831 1605 in

2237 1664 2498 1720 corpore.
2540 1647 2666 1703 Haec
2686 1656 2743 1703 et
2762 1664 2883 1718 quae
2904 1655 3039 1703 sunt
3070 1646 3348 1719 ejusmodi
3379 1662 3447 1701 ne
3470 1646 3831 1715 legeriscon—

2236 1726 2827 1798 venienter\scienti:e
2879 1740 3213 1807 medicinze,
3266 1739 3365 1795 sed
3420 1737 3834 1794 convenienter

2237 1834 2541 1905 spirituali,
2597 1832 2877 1903 siquidem
2910 1832 3097 1888 credis
3131 1832 3280 1903 quod
3312 1831 3462 1886 Deus
3489 1828 3834 1884 omnia‘fccit

2228 1926 2297 1982 in
2324 1926 2621 1997 sapientia.
2655 1924 2855 1996 Cogita
2880 1923 3074 1986 etiam,
3108 1940 3220 1979 non
3256 1925 3314 1979 in
3333 1925 3450 1980 hoc
3482 1933 3686 1994 quarto
3717 1923 3829 1986 die,

2238 2028 2295 2076 et
2328 2020 2391 2075 in
2416 2020 2700 2092 mysteriis
2727 2034 2851 2090 qum
2876 2023 2932 2074 in
2962 2020 3083 2090 ipso
3117 2018 3261 2074 facta
3285 2025 3415 2075 sunt
3461 2017 3530 2072 de
3568 2016 3708 2084 sole,
3763 2014 3833 2070 de

2238 2114 2395 2179 luna,
2417 2122 2476 2169 et
2511 2113 2581 2168 de
2616 2113 2818 2177 stellis,
2845 2121 2901 2167 et
2928 2112 2997 2167 de
3034 2111 3245 2166 Christi
3274 2111 3525 2166 Ecclesia
3547 2118 3611 2164 etv
3645 2107 3834 2177 bapti-

2240 2215 2441 2272 smate,
2474 2215 2532 2263 et
2557 2207 2626 2262 de
2654 2207 2917 2262 omnibus
2953 2205 3170 2262 caeteris
3206 2220 3303 2261 sex
3334 2204 3579 2267 dierum,
3611 2218 3740 2272 quae
3774 2201 3828 2255 in

2240 2309 2438 2373 quarto
2466 2302 2555 2357 die
2587 2301 2799 2362 saeculi,
2832 2300 2942 2355 hoc
2964 2308 3051 2356 est
3092 2300 3152 2354 in
3177 2307 3380 2370 quarto
3435 2297 3778 2360 millenario,
3802 2309 3834 2349 a

2228 2397 2357 2451 ‘Deo
2386 2412 2487 2467 per
2532 2394 2724 2449 Mosen
2767 2394 2825 2448 in
2852 2394 3028 2448 ‘lsrael
3076 2394 3286 2462 scripta
3341 2401 3473 2447 sunt
3495 2399 3553 2445 et
3580 2389 3836 2461 praeﬁgu-

2243 2497 2384 2553 rata,
2420 2497 2478 2544 et
2503 2487 2667 2542 nobis
2695 2486 2941 2542 revelata
2968 2495 3024 2541 et
3049 2484 3352 2557 praedicta:
3389 2482 3618 2553 quando
3656 2480 3833 2535 niaxi-

2245 2595 2332 2635 me
2371 2587 2427 2634 et
2482 2587 2648 2650 typus
2704 2577 3061 2646 baptismatis
3113 2575 3220 2629 fuit
3256 2574 3321 2629 "in
3352 2573 3598 2629 Iordane
3641 2586 3672 2626 a
3705 2565 3835 2627 Iesu

2243 2672 2416 2738 Nave,
2477 2682 2545 2725 eo
2584 2671 2699 2726 illic
2750 2670 3071 2740 baptizante
3129 2667 3342 2738 absque
3398 2664 3833 2727 madefactione,

2243 2764 2465 2827 Arcam,
2496 2778 2697 2832 nempe
2720 2761 2930 2818 Christi
2955 2761 3288 2827 Ecclesiam,
3322 2759 3507 2813 adhuc
3556 2756 3837 2827 spirituali

2245 2863 2304 2911 et
2362 2848 2567 2910 diurno
2618 2861 2675 2910 et
2732 2870 2902 2909 suave
2957 2853 3153 2909 ﬂuenti
3198 2853 3502 2924 baptismo,
3543 2850 3647 2906 ubi
3671 2849 3837 2906 Jesus

2247 2963 2468 3019 quoque
2503 2946 2653 3004 Nave
2692 2948 3014 3017 baptizatus
3049 2946 3153 3001 fuit
3180 2954 3480 3011 nocturno,
3514 2943 3761 3007 marino,
3786 2949 3840 2997 ct

2248 3039 2387 3096 falso
2422 3040 2666 3095 Mosaico
2688 3039 2874 3111 typico
2897 3038 3272 3109 baptismate:
3303 3031 3452 3108 quod
3480 3045 3688 3107 .postea
3733 3035 3839 3090 fuit

550 3150 702 3198 num,
723 3130 804 3185 sol
827 3138 875 3184 et
898 3128 1054 3193 luna;
1075 3124 1294 3180 laudate
1315 3139 1456 3185 eum,
1477 3136 1660 3174 omnes
1683 3118 1853 3173 stella:
1870 3127 1917 3170 et
1942 3116 2140 3212 lumen.
2173 3152 2216 3212 ϐ
2250 3134 2530 3191 redditum
2568 3134 2858 3204 spirituum
2901 3132 3164 3187 diurnum
3218 3142 3276 3189 et
3306 3131 3572 3196 salutare,
3613 3129 3839 3200 quando

545 3225 794 3283 Laudate
820 3239 969 3287 eam,
1006 3219 1123 3275 ειειὶ
1157 3216 1434 3280 caelorum,
1464 3215 1719 3284 quoniam
1777 3214 1888 3282 ipse
1931 3210 2063 3263 dixit
2093 3216 2142 3262 et

551 3317 694 3388 facta
722 3323 870 3379 sunt,
897 3310 1089 3367 statuit
1116 3325 1178 3362 ea
1204 3308 1259 3361 iu
1287 3304 1566 3370 saxulum,
1590 3312 1638 3358 et
1668 3306 1722 3358 in
1757 3300 2014 3357 amulum
2046 3316 2147 3355 sa:-

548 3408 679 3471 culi.
708 3400 1271 3474 Prwreptumpposuit,
1308 3406 1358 3451 et
1388 3414 1496 3451 non
1522 3395 1814 3467 praeteribit
1834 3395 1902 3448 ³⁵.
1936 3392 1992 3447 Si
2012 3406 2144 3462 ergo

549 3499 749 3557 statuit
771 3498 921 3552 Deus
967 3496 1023 3549 in
1058 3493 1322 3549 smculum
1357 3491 1567 3555 smeuli,
1592 3498 1654 3543 ut
1703 3494 1895 3558 essent
1928 3484 2059 3541 coeli
2087 3491 2145 3538 et

549 3595 636 3650 sol
675 3601 732 3647 et
756 3592 889 3645 luna
912 3597 969 3643 ct
989 3586 1184 3651 stellae,
1215 3583 1498 3655 quomodo
1559 3596 1755 3636 rursus
1812 3578 1952 3634 dicit
1998 3577 2145 3633 Deus

550 3704 651 3759 per
681 3683 940 3741 eumdem
976 3678 1341 3751 prophetam:
1367 3675 1497 3732 Caeli
1528 3675 1793 3746 peribunt,
1817 3680 1867 3727 et
1884 3680 2144 3743 tanquam

549 3781 920 3836 vestimentum
945 3778 1294 3843 veterascent,
1320 3780 1371 3825 et
1394 3771 1537 3825 sicut
1558 3769 1888 3841 opertorium
1907 3767 2144 3821 circum-

548 3874 831 3929 eolveutur
857 3870 939 3935 ⁸⁶;
978 3876 1034 3923 et
1065 3882 1260 3921 rursus
1278 3864 1419 3921 dicit
1446 3880 1550 3934 per
1568 3864 1741 3918 alium
1775 3861 2103 3932 prophetam
2127 3877 2141 3913 :

549 3966 1002 4027 Circumvolvetur
1050 3961 1241 4019 calum
1267 3970 1529 4032 tanquam
1558 3960 1689 4014 liber
1717 3960 1774 4012 in
1803 3973 2147 4012 consumma-

550 4064 691 4118 tione
727 4058 1067 4121 seculorum,
1111 4064 1161 4109 et
1198 4053 1316 4108 caeli
1352 4062 1619 4123 tanquam
1650 4049 1780 4121 folia
1824 4050 2015 4104 cadent
2042 4050 2089 4084 δ’
2120 4048 2143 4102 ?

547 4154 726 4223 Quam
768 4152 839 4206 ob
876 4165 992 4204 rem
1035 4148 1155 4218 ipse
1194 4161 1422 4216 quoque
1475 4159 1670 4199 earum
1706 4151 1948 4205 creator,
1995 4142 2144 4195 Deus

548 4245 817 4304 Verbum.
840 4242 1026 4305 Jesus,
1050 4238 1221 4294 dicit:
1246 4236 1450 4293 Caelum
1478 4243 1531 4289 et
1554 4242 1701 4289 terra
1729 4234 2036 4288 transibunt
2063 4233 2145 4286 "‘2

550 4337 840 4407 Tanquam
867 4333 1084 4404 ﬁgurae:
1112 4331 1333 4386 ﬁrmum
1360 4335 1553 4385 autem
1605 4328 1808 4385 caelum
1842 4325 1969 4381 ﬁdei
2029 4341 2145 4380 non

551 4427 834 4491 transibit,
886 4435 945 4481 et
974 4425 1179 4480 etelum
1222 4422 1372 4494 quod
1422 4420 1699 4485 cernitur,
1751 4421 2143 4491 exstingue‘tur

2252 3228 2495 3308 Spiritus
2520 3225 2819 3282 descendit
2868 3225 2935 3280 in
2970 3241 3193 3296 aquam,
3227 3234 3520 3296 postquam
3568 3224 3840 3278 Dominus

2245 3336 2315 3376 ex
2349 3333 2414 3375 ea
2437 3317 2715 3373 ascendit.
2739 3316 2930 3386 Neque
2954 3316 3104 3370 enim
3139 3316 3469 3386 purgatione
3502 3330 3646 3384 opus
3670 3313 3840 3368 habe-

2245 3413 2342 3469 bat
2375 3411 2766 3467 sanctissimus
2795 3409 3086 3473 Dominus,
3129 3418 3190 3463 ut
3244 3408 3408 3479 prius
3455 3406 3839 3485 descendente

2247 3505 2459 3575 Spiritu
2492 3503 2588 3573 qui
2650 3517 2848 3572 aquam
2901 3500 3299 3567 sanctiﬁcaret,
3344 3501 3463 3571 ipse
3494 3500 3837 3569 baptismum

2247 3594 2578 3665 susciperet,
2617 3592 2765 3647 utﬁt
2800 3592 2868 3646 in
2898 3592 3100 3647 nubis:
3145 3591 3243 3648 sed
3291 3602 3351 3647 ut
3401 3592 3696 3646 amborum
3738 3590 3838 3643 ba-

2246 3688 2571 3759 ptismatum
2595 3685 2755 3740 .lesus
2784 3693 2936 3740 stans
2965 3685 3204 3749 medius,
3229 3686 3441 3756 aliquid
3471 3684 3700 3755 quidem
3745 3684 3842 3739 dc-

2245 3779 2474 3851 pressit,
2518 3777 2730 3848 aliquid
2757 3793 2890 3832 vero
2923 3777 3178 3844 tradidit,
3223 3778 3408 3847 primo
3444 3779 3706 3847 protinus
3740 3795 3839 3834 ex-

2248 3872 2554 3929 terminato
2596 3886 2721 3924 cum
2754 3868 3202 3942 primo‘pOpulo.
3228 3870 3339 3926 "llic
3368 3878 3455 3926 est
3482 3872 3645 3926 Jesus
3666 3871 3838 3936 Nave,

2246 3962 2551 4035 primarius
2579 3959 2788 4017 Christi
2847 3972 3030 4034 typus,
3064 3962 3160 4032 qui
3187 3970 3336 4017 stare
3389 3962 3523 4017 fecit
3575 3963 3746 4019 solem
3780 3963 3836 4018 in

2245 4057 2452 4119 Cabaa,
2485 4055 2754 4112 etlunam
2791 4057 2847 4109 in
2884 4056 3198 4126 Pbaranga,
3239 4057 3575 4111 alterumex
3601 4055 3838 4115 adverso

2249 4151 2500 4215 alterius,
2551 4147 2836 4218 quomodo
2866 4147 2971 4204 fuit
3000 4164 3030 4203 a
3066 4149 3364 4220 principio.
3412 4149 3473 4203 In
3509 4148 3715 4220 quibus
3740 4164 3839 4218 per

2248 4238 2489 4313 duorum
2517 4240 2887 4295 luminarium
2952 4239 3250 4296 stationem
3308 4248 3365 4294 et
3415 4239 3674 4295 ﬁxionem
3715 4254 3838 4309 quze

2244 4345 2409 4392 erant
2431 4335 2488 4389 in
2516 4333 2770 4405 ﬁguram,
2795 4333 3089 4405 perierunt
3138 4333 3307 4388 etiam
3338 4333 3529 4389 hostes
3548 4331 3835 4388 Ecclesiae.

2250 4426 2538 4494 Quomodo
2558 4435 2752 4481 autem
2782 4434 3045 4495 quartum
3088 4425 3463 4481 millenarium
3507 4423 3694 4497 quarti
3730 4421 3838 4477 diei

551 4532 815 4592 tanquam
849 4518 1057 4589 ﬁgura:
1088 4516 1173 4570 sol
1196 4524 1640 4583 autem,:nempe
1666 4511 1928 4567 Christus
1973 4525 2139 4581 quem

2249 4520 2437 4577 saeculi
2470 4518 2821 4603 ostendimus
2842 4518 3152 4573 convenire
3182 4527 3385 4589 quarto
3443 4517 3557 4573 diei
3585 4532 3683 4571 sex
3718 4514 3838 4570 die-

548 4615 631 4671 sol
677 4610 1071 4685 praeﬁguravit,
1125 4609 1174 4664 is
1228 4616 1418 4663 manet
1481 4607 1538 4661 in
1601 4606 1869 4661 saeculum
1925 4604 2136 4660 smculi.

549 4703 822 4763 Similiter
850 4702 1023 4758 etiam
1056 4699 1240 4773 typica
1287 4700 1426 4753 luna
1484 4696 1726 4768 peribit;
1783 4711 1920 4751 vera
1952 4703 2138 4750 autem

551 4801 684 4854 luna
708 4795 973 4854 Ecclesia:
998 4810 1164 4865 quam
1201 4792 1361 4864 prius
1385 4790 1714 4863 praedicavit
1747 4799 1805 4845 et
1842 4789 2142 4844 annuntia-

547 4891 632 4946 vit
659 4888 959 4953 nocturna,
1003 4903 1116 4942 nou
1157 4892 1501 4941 veterascet:
1559 4893 1617 4938 et
1676 4891 1884 4937 sanetae
1940 4882 2137 4945 stellae,

549 4997 753 5052 nempe
802 4980 1020 5036 ratione
1066 4978 1284 5049 praediti
1338 4975 1508 5033 chori:
1559 4984 1907 5040 sane-torum,
1944 4973 2141 5029 κιαι-πὶ

550 5082 924 5150 permanent;
961 5087 1153 5130 earum
1207 5083 1394 5127 autem
1435 5070 1660 5141 ﬁgurae,
1707 5083 1911 5138 nempe
1968 5067 2141 5123 stella:

552 5168 917 5238 temporales,
959 5165 1494 5236 cadﬁatrlanquam’
1527 5162 1683 5226 folia,
1724 5161 1954 5231 quando
1996 5160 2142 5216 ἅτιεεὶ

553 5262 831 5334 fulgebunt
875 5271 934 5316 ut
988 5261 1090 5325 sol,
1128 5260 1234 5314 hoc
1287 5264 1394 5323 est,
1430 5256 1711 5312 Christus.
1743 5255 1929 5325 Ipsum
1966 5255 2140 5319 enim,

554 5364 617 5411 ut
648 5355 851 5423 saepius
879 5353 1130 5410 ostendit
1163 5350 1368 5417 oratio,
1390 5348 1839 5420 prmﬁgurat'hic
1871 5348 1952 5402 sol
1972 5364 1986 5412 ;
2006 5347 2143 5402 luna

553 5456 763 5509 autem,
818 5446 1150 5503 Ecclesiam.
1186 5444 1480 5511 Quomodo
1506 5442 1655 5497 enim
1677 5457 1748 5497 ex
1778 5440 2000 5495 duabus
2023 5455 2147 5494 cor-

555 5538 744 5609 poreis
768 5537 1135 5593 facultatibus
1154 5544 1375 5591 constat
1403 5545 1672 5589 externus
1722 5533 1892 5587 homo
1928 5538 2140 5609 noster,

552 5644 756 5701 nempe
784 5636 854 5685 ex
878 5629 996 5684 sole
1026 5627 1376 5683 illuminante
1410 5636 1467 5682 et
1497 5624 1672 5690 sicco,
1730 5632 1786 5678 et
1812 5637 1880 5678 es
1909 5606 2143 5677 humido

625 5741 674 5775 ”
709 5740 853 5798 Psal.
920 5750 1097 5804 σκιὴ,
1147 5741 1199 5795 4.
1278 5740 1323 5773 ’⁵⁵
1349 5741 1494 5796 Psal.
1554 5753 1668 5804 Vt",

563 5809 609 5843 "‘
632 5812 826 5869 Matth.
866 5828 1010 5878 sxw,
1036 5812 1125 5869 55.

2248 4630 2372 4670 rum
2410 4613 2757 4669 *creationis:
2832 4614 2908 4670 ita
2970 4614 3141 4669 etiam
3179 4613 3541 4671 ostendemus
3588 4612 3840 4683 reliquos

2247 4724 2560 4780 congruere
2631 4723 2830 4763 eorum
2888 4707 3044 4779 paris
3103 4707 3329 4764 numeri
3376 4706 3712 4762 millenariis
3742 4720 3839 4761 suo

2246 4812 2523 4872 tempore,
2554 4802 2670 4856 Deo
2695 4801 2862 4857 dante
2889 4803 3053 4858 nobis
3099 4816 3421 4857 sermonem
3460 4800 3517 4856 in
3547 4792 3839 4871 apertione

2246 4894 2363 4950 oris
2386 4895 2586 4950 nostri.
2625 4894 2917 4962 Quomodo
2941 4904 3128 4953 autem
3159 4894 3329 4949 etiam
3352 4908 3423 4950 ex
3452 4893 3591 4965 ipsis
3616 4894 3763 4949 locis
3788 4892 3839 4948 ir

2249 4988 2456 5060 quibus
2489 4987 2653 5044 Jésus
2715 4996 2864 5045 stare
2923 4987 3056 5045 fecit
3089 4984 3267 5045 solem
3308 4997 3366 5044 et
3432 4987 3647 5055 lunam,
3676 4986 3839 5042 ﬁdem

2249 5077 2458 5132 habeat
2486 5077 2708 5131 auditor
2735 5076 2978 5132 describi
3007 5085 3065 5132 et
3089 5062 3435 5147 prmﬁgurari
3463 5084 3673 5131 statum
3706 5083 3765 5131 et
3789 5075 3840 5129 in

2249 5168 2423 5222 altum
2453 5167 2830 5222 sublationem
2863 5165 3077 5222 Christi
3108 5177 3165 5222 et
3198 5166 3486 5231 Ecclesiae,
3516 5166 3672 5231 audi,
3697 5183 3843 5237 quaa-

2254 5271 2337 5313 so.
2403 5255 2653 5321 Gabaon,
2701 5265 2808 5320 est,
2863 5258 3115 5313 sensim:
3153 5256 3330 5331 Rama
3380 5265 3591 5321 autem,
3650 5257 3841 5329 lingua

2255 5349 2569 5415 Hebraica,
2617 5352 2917 5421 exponitur
2976 5351 3234 5407 altitudo.
3289 5349 3578 5421 Pharanga
3633 5360 3839 5413 autem,

2250 5442 2527 5509 sublimis,
2566 5460 2661 5499 seu
2695 5446 2752 5499 in
2788 5444 3167 5500 altum'clata:
3222 5444 3277 5498 in
3329 5440 3502 5499 altum
3541 5443 3840 5497 elationem

2250 5532 2459 5588 Christi
2494 5543 2551 5590 et
2576 5533 3134 5605 Ecclesi:e(xluornm,
3164 5535 3414 5604 inquam,
3449 5533 3836 5597 luminarlum)
3923 5520 3927 5525 ⁷

2250 5642 2351 5696 per
2375 5627 2513 5682 duas
2560 5626 2967 5698 appellationes
2995 5626 3122 5682 loco
3165 5626 3518 5698 signiﬁcante
3551 5626 3605 5680 in
3636 5634 3839 5695 quarto

1734 5739 1787 5793 4.
1865 5738 1909 5769 ⁸³
1942 5734 2093 5791 Paul.
2132 5750 2140 5783 ι

2243 5753 2338 5804 riu,
2396 5739 2516 5796 5-6.
2588 5738 2633 5819 ’ξ
2671 5738 2821 5795 Psal.‘
2888 5756 2955 5818 ci,
2989 5736 3081 5804 ~26,
3120 5738 3206 5794 '27.
3300 5737 3344 5772 ⁸⁷
3378 5736 3483 5794 lsa.
3534 5753 3718 5803 xxxrv,
3775 5734 3833 5793 4.
