4098 6424
304 391 438 467 9Ιὲ

1441 405 1524 466 ΙΝ
1564 403 2209 467 ΗΕΧΑΕΜΕΒΟΝζ-
2236 403 2386 465 LIB.
2423 403 2492 464 V.

3482 394 3603 459 9λῷ

305 515 667 601 miilenario;
689 513 810 584 qui'
835 521 923 570 est
957 514 1177 572 medius
1208 514 1556 572 dies-saeculi
1576 535 1592 571 :
1615 517 1900 588 quomodo
1929 525 1971 580 Α
2001 518 2132 573 dius
2159 517 2340 572 Patris
2368 525 2425 572 et
2457 514 2704 586 Spiritus
2735 512 2936 578 sancti,
2965 519 3022 568 et
3051 507 3416 601 intermcdms
3442 509 3598 578 lapis

300 611 482 666 etiam
505 608 560 663 in
593 608 760 663 initio
793 609 1114 678 creationis,
1141 620 1376 682 quartus
1399 611 1520 668 dies
1543 613 1648 668 fuit
1678 613 1894 669 medius

301 704 526 766 septem
555 697 797 754 dierum.
833 700 1131 770 Pr0pterea
1155 703 1211 756 in
1243 718 1310 758 eo
1364 703 1471 758 fuit
1507 703 1913 776 pmﬁguratus.

303 787 408 844 Sol
427 790 691 860 iustitiae,
716 792 994 849 mediator
1031 795 1130 849 Dei
1157 803 1216 850 et
1243 795 1559 862 hominum,
1593 805 1650 854 et
1676 797 1897 854 medius

301 888 372 934 ut
431 881 702 938 Dominus
753 893 862 940 tam
925 900 1120 940 eorum
1173 870 1298 956 qua:
1335 888 1543 943 cadunt
1573 889 1744 959 878
1792 887 1898 943 sub

296 970 601 1040 aspectum
644 988 812 1043 quam
867 988 1070 1029 eorum
1094 990 1219 1046 qua:
1245 991 1356 1031 non
1388 977 1636 1033 cadunt:
1681 985 1738 1034 et
1783 993 1902 1034 me-

2001 608 2286 680 angularis
2313 607 2554 674 duorum
2584 605 2939 678 populorum.
2973 603 3089 670 .Qui
3123 602 3290 656 etiam
3321 600 3384 655 in
3417 613 3590 654 cruce

1999 702 2200 760 fuitin
2253 703 2430 758 altum
2477 701 2734 758 sublatus
2766 699 2820 754 in
2885 697 3072 754 medio
3136 698 3378 752 duorum
3414 704 3585 750 iatro~

2003 811 2160 860 num,
2187 802 2246 849 et
2301 793 2436 850 fecit
2483 791 2812 847 salutemin.
2839 790 3022 846 medio
3055 797 3216 844 terra:
3259 803 3384 842 cum
3437 793 3591 841 esset

2005 886 2230 942 medius
2268 885 2410 941 dies.
2459 877 2529 939 Ei
2579 883 2665 939 sit
2683 883 2859 954 gloria
2898 883 2952 936 in
2997 879 3196 936 saacula
3229 879 3582 934 seculorum.

2005 978 2182 1034 Amen
2194 1019 2207 1032 .

3533 1117 3569 1142 Δ.

1434 1294 1789 1383 LIBER
1872 1264 2454 1401 QUINTUS.

1272 1465 1355 1507 DE
1387 1463 1630 1517 QUINTO
1659 1462 1770 1505 DIE
1797 1461 2181 1512 CBEATIONIS
2211 1467 2654 1512 SEX‘DIEBUrllr

379 1647 501 1712 Vit
550 1656 770 1712 tandem
831 1667 964 1729 post
1007 1659 1215 1714 multos
1252 1655 1556 1714 verborum
1605 1658 1900 1726 circuitus,
1937 1668 1977 1722 Β
2005 1669 2132 1716 can!
2157 1660 2374 1732 reptilia
2405 1659 2715 1714 animarum
2752 1657 3076 1723 viventium;
3109 1657 3164 1712 in
3199 1657 3460 1713 omnibus
3480 1673 3585 1714 au-

299 1755 555 1816 qnartus
589 1747 711 1803 dies
748 1763 862 1804 nos
889 1749 958 1805 ad
983 1749 1240 1820 quintum
1282 1749 1627 1805 transmisit:
1677 1751 1734 1806 in
1762 1767 1896 1822 quo,

299 1854 346 1893 π
371 1837 491 1894 σεο
523 1848 782 1909 tanquam
817 1855 848 1896 a
871 1849 1028 1912 petra
1050 1841 1235 1912 aliqua
1258 1841 1644 1912 quatriduanae
1674 1842 1896 1908 mortis,

298 1933 378 1987 ad
415 1932 592 1988 vitam
646 1933 900 2003 procedit
954 1944 1245 1990 creatura:
1299 1944 1358 1990 et
1394 1935 1506 1990 vita
1555 1935 1612 1993 in
1645 1935 1762 2006 ipsa
1793 1936 1900 1990 im-

299 2026 513 2094 primis
545 2026 886 2094 ostenditur,
923 2045 992 2084 ex
1024 2045 1168 2099 aqua
1194 2037 1250 2083 et
1285 2028 1498 2100 Spiritu
1555 2029 1897 2100 principium

299 2117 530 2174 habens
584 2119 638 2173 in
691 2119 977 2186 Ecclesia,
1039 2137 1205 2190 quam
1257 2121 1648 2176 universorum
1703 2119 1900 2190 Opil‘ex

297 2207 761 2280 praesignificavit
793 2210 849 2266 in
871 2211 1070 2282 quinto
1089 2213 1178 2269 die
1206 2213 1434 2270 dicens:
1473 2213 1718 2267 Educant
1743 2227 1898 2284 aqua?

295 2297 527 2369 reptilia
564 2301 876 2357 animarum
911 2303 1220 2370 viventium,
1276 2311 1323 2358 et
1371 2301 1612 2358 volucres
1659 2301 1898 2358 volantes

290 2405 469 2460 super
485 2397 686 2446 terram
707 2392 994 2446 secundum
1017 2392 1423 2462 ﬁrmamentum
1450 2393 1584 2448 cmli.
1606 2393 1677 2448 Et
1697 2395 1906 2465 factum

298 2483 507 2536 estsic.
539 2483 595 2538 Si
623 2499 692 2538 ex
744 2485 986 2540 naturali
1039 2502 1228 2543 rerum
1279 2487 1704 2558 consequentia,
1745 2493 1896 2542 terra

304 2583 447 2630 ante
472 2589 644 2644 aquas
699 2575 869 2632 debet
925 2578 1094 2633 aDco
1155 2579 1408 2649 accipere
1451 2578 1908 2648 procreationem-

307 2681 596 2736 pecorum,
623 2676 680 2723 et
708 2657 1155 2740 quadrupedum,
1191 2677 1247 2726 et
1281 2671 1564 2741 reptilium
1587 2688 1710 2743 quae
1739 2687 1807 2727 ex
1831 2688 1894 2728 ea

305 2767 748 2828 processerunt:
785 2768 846 2815 ut
896 2777 1020 2832 qua:
1050 2763 1314 2832 protinus
1365 2764 1506 2820 facta
1541 2765 1615 2819 sit
1649 2765 1895 2821 secunda

302 2840 696 2920 post'coelum,
723 2863 780 2910 et
813 2854 872 2910 in
923 2854 1213 2927 Scriptura
1259 2857 1584 2913 nominetur
1613 2867 1670 2914 et
1717 2858 1886 2914 collo-

297 2957 470 3004 cetur
505 2959 635 3005 ante
693 2965 867 3020 aquas
904 2949 932 3006 ξ’
955 2952 1239 3022 quomodo
1297 2969 1450 3010 nunc
1511 2969 1670 3024 aquae
1713 2955 1896 3025 primo

295 3039 429 3096 loco
487 3032 1097 3100 ornantur‘t'Videmus
1129 3045 1282 3101 enim
1339 3046 1488 3117 quod
1544 3048 1601 3102 in
1639 3048 1886 3118 positura

297 3133 547 3189 duorum
579 3135 938 3192 luminarium
965 3177 980 3203 ,
1017 3138 1072 3194 id
1105 3139 1254 3210 quod
1294 3139 1351 3194 in
1387 3139 1735 3197 firmamento
1761 3143 1887 3200 coeli

297 3235 411 3292 est,
443 3225 690 3295 primum
725 3243 754 3282 a
779 3229 893 3283 Deo
927 3237 1014 3284 est
1041 3229 1392 3286 ordinatum:
1416 3247 1614 3302 nempe
1656 3232 1760 3294 sol,
1792 3233 1890 3304 qui

298 3325 395 3372 est
425 3317 565 3373 sicci
601 3319 869 3376 elementi
899 3331 1223 3377 :etterram
1257 3337 1382 3392 qua!
1431 3331 1518 3379 est
1573 3324 1889 3381 cocicmen-

304 3409 447 3465 taris
476 3411 791 3479 constituit,
845 3413 1078 3484 ejusque
1132 3423 1219 3470 est
1262 3415 1590 3472 familiaris:
1639 3425 1696 3472 et
1747 3433 1896 3489 quo--

301 3501 480 3555 modo
513 3517 665 3558 nunc
691 3513 1000 3573 rapuerunt
1034 3519 1192 3574 aqua:
1208 3505 1417 3576 primas
1438 3513 1626 3576 partes
1663 3515 1721 3562 et
1763 3517 1890 3564 tan-

302 3608 474 3663 quam
497 3595 997 3667 primogenituram
1025 3599 1192 3654 vitae?
1219 3599 1286 3655 rd”
1309 3599 1490 3670 ipsum
1527 3599 1652 3657 dico
1671 3603 1740 3658 de
1760 3603 1890 3659 luna

301 3693 566 3757 quie'per
595 3704 795 3759 aquam
838 3699 898 3746 et
943 3691 1228 3762 spiritum,
1261 3707 1453 3748 eorum
1493 3708 1617 3764 qua:
1648 3693 1718 3750 ab
1771 3695 1892 3766 ipsa

301 3777 776 3835 administrantur
797 3788 855 3837 et
895 3783 1232 3848 consistunt,
1269 3783 1433 3838 aliam
1489 3785 1736 3840 ostendit
1764 3802 1892 3858 gra-

304 3871 443 3926 tiam
497 3889 624 3928 cum
676 3873 1106 3946 primogenitam
1143 3875 1315 3931 vitam
1360 3884 1417 3932 et
1469 3877 1726 3948 spiritum
1777 3880 1891 3936 vita

301 3965 619 4035 peperisset
669 3974 725 4022 et
745 3968 1105 4034 ostendisset,
1138 3968 1327 4026 divine
1366 3978 1424 4033 et
1464 3971 1747 4042 sapienter
1775 3987 1894 4028 om-

301 4054 396 4110 nia
421 4056 771 4128 dispensavit
799 4067 856 4115 et
883 4060 1182 4116 constituit
1223 4061 1280 4116 in
1313 4061 1608 4140 sapientia.
1658 4062 1797 4118 Nam
1833 4064 1890 4120 in

299 4150 464 4208 caelis
496 4151 721 4222 quidem
756 4153 968 4224 primas
993 4163 1182 4224 partes
1214 4163 1272 4210 et
1304 4154 1544 4225 primum
1591 4155 1774 4211 locum
1809 4157 1891 4214 sol

297 4243 540 4313 accepit.
572 4239 835 4314 quoniam
867 4261 1036 4316 super
1059 4262 1280 4302 omnem
1311 4245 1685 4321 principatum.
1713 4255 1766 4303 et
1793 4264 1897 4320 po-

2005 1764 2116 1810 tem
2139 1769 2263 1824 qua:
2313 1768 2382 1808 ex
2427 1760 2578 1807 terra
2632 1756 3035 1822 processerunt
3077 1757 3235 1803 sexto
3284 1749 3398 1813 die,
3425 1749 3581 1813 feris,

2003 1843 2322 1914 reptilihus,
2349 1843 2641 1914 jumentis,
2667 1839 3151 1912 quadrupedibus,
3191 1855 3302 1894 non
3351 1840 3586 1910 plurali—

2003 1943 2090 1992 ter
2121 1935 2218 1991 sed
2241 1935 2600 2006 singulariter
2623 1935 2863 2004 imperat
2890 1933 3036 1987 Deus
3076 1932 3314 1986 Verbum
3343 1931 3576 1988 dicens:

2001 2027 2214 2083 Educat
2251 2035 2397 2082 terra
2451 2029 2693 2081 animam
2740 2021 3184 2080 viventém?Ncc
3207 2025 3315 2079 hoc
3364 2025 3572 2091 solum,

2000 2121 2098 2176 sed
2130 2121 2263 2176 illud
2296 2135 2518 2190 quoque
2544 2119 2845 2190 diligenter
2896 2133 3150 2188 quaerere
3179 2127 3289 2173 .est
3328 2125 3594 2182 accessa;-

2001 2213 2185 2268 rium:
2216 2211 2392 2279 Quam
2423 2211 2495 2266 ob
2533 2226 2658 2265 rem
2685 2225 2810 2280 qute
2848 2225 2918 2264 ex.
2945 2209 3110 2280 aquis
3144 2209 3370 2280 quidem
3400 2211 3582 2280 geni-ta

1999 2281 2344 2359 sunt’omnia
2385 2303 2532 2356 Deus
2559 2299 2868 2366 benedixit,
2892 2315 2924 2356 e
2957 2308 3107 2355 terra
3135 2310 3323 2356 autem
3360 2301 3584 2371 genitos

1999 2397 2336 2462 animantes,
2359 2404 2417 2452 et
2437 2395 2857 2467 quadrupedes,
2887 2405 2946 2451 et
2976 2410 3180 2465 pecora
3207 2395 3452 2466 privavit
3479 2396 3583 2452 be-

1996 2490 2354 2546 nedictione:
2410 2489 2557 2544 unde
2607 2504 2770 2560 aqua:
2797 2488 3044 2559 quidem,
3111 2495 3174 2542 ut
3227 2504 3349 2560 qua:
3371 2488 3583 2544 fuerint

1998 2583 2328 2648 benedictae,
2387 2583 2500 2638 huc
2547 2598 2729 2653 usque
2777 2589 2835 2638 et
2883 2589 3159 2653 perpetuo
3207 2583 3436 2652 pariunt
3481 2597 3582 2638 sna

1997 2683 2198 2746 sponte
2229 2674 2440 2744 absque
2491 2673 2705 2728 semine
2734 2681 2792 2728 et
2849 2673 3250 2744 conjunctione
3301 2673 3578 2735 volucres,

1995 2781 2065 2820 cx
2095 2780 2332 2836 quarum
2347 2779 2582 2820 numero
2597 2771 2728 2819 sunt
2744 2763 3062 2819 coturnices
3075 2771 3133 2817 et
3146 2771 3566 2835 ortygometrae;

1995 2865 2146 2912 terra
2173 2864 2360 2913 autem
2409 2871 2522 2912 non
2566 2857 2761 2926 utique
2797 2857 2918 2912 sine
2944 2857 3159 2912 semine
3205 2857 3351 2928 parit
3381 2855 3578 2920 feram,

1998 2958 2096 3006 aut
2123 2948 2422 3020 pecudem,
2482 2956 2579 3003 aut
2613 2947 3055 3018 quadrupedem“.
3107 2948 3176 3004 Et
3213 2965 3422 3009 rursus,
3458 2965 3584 3020 qua:

1999 3051 2186 3098 ortum
2213 3041 2515 3097 habente:
2563 3049 2734 3105 terra;
2762 3049 3061 3096 versantur
3089 3041 3256 3096 etiam
3310 3053 3596 3112 perpetuo

1995 3155 2170 3209 super
2212 3147 2418 3195 terram
2444 3155 2458 3191 :
2483 3152 2612 3208 qua:
2643 3143 2831 3192 autem
2854 3143 2982 3191 nata
3005 3142 3223 3192 suntex
3264 3138 3446 3206 aquis,
3472 3138 3596 3193 alia

1996 3231 2224 3302 quidem
2278 3230 2546 3286 dicuntur
2573 3230 2809 3294 marina,
2841 3229 2948 3284 alia
2985 3237 3171 3284 autem
3219 3228 3366 3298 (cum
3391 3244 3587 3286 reces‘

1992 3322 2192 3396 serint)
2217 3324 2272 3378 in
2299 3323 2471 3377 altum
2507 3321 2722 3378 sublata
2742 3322 3097 3393 appellantur
3133 3323 3422 3378 cmlestia:
3473 3323 3592 3379 hoe

1991 3424 2078 3472 est
2099 3415 2354 3470 volucres
2378 3415 2537 3470 cmli:
2574 3430 2720 3484 quas
2734 3413 2900 3469 etiam
2926 3415 3075 3470 Deus
3096 3415 3400 3486 cognoscit,
3433 3415 3582 3472 sicut

1993 3504 2130 3560 dicit
2147 3521 2250 3576 per
2273 3503 2628 3575 Prophetam,
2652 3503 2883 3575 Cognovi
2912 3520 3094 3560 omnes
3125 3504 3494 3561 volucrescaeli
3506 3507 3578 3565 ⁸⁹.

2065 3595 2173 3652 Sed
2202 3611 2274 3650 ne
2309 3610 2410 3666 per
2449 3595 2774 3666 frequentes
2816 3603 2872 3650 et
2925 3595 3034 3652 sibi
3069 3596 3312 3653 invicem
3378 3613 3579 3655 succe-

1993 3688 2195 3746 dentes
2235 3687 2640 3752 dubitationes,
2702 3689 2760 3743 in
2811 3687 3234 3745 haesitationem
3290 3691 3592 3763 animique-

1994 3782 2423 3854 perplexitatem
2456 3796 2523 3837 ac
2553 3779 2942 3847 confusionem
2967 3781 3301 3838 inducamus
3353 3785 3576 3839 audito-

1995 3893 2138 3943 rem,
2159 3877 2273 3948 jam
2304 3875 2373 3932 de
2400 3875 2490 3930 bis
2517 3890 2548 3931 a
2576 3874 2744 3930 nobis
2791 3873 3149 3942 tractabitur,
3191 3875 3342 3946 quod
3387 3875 3576 3932 brevi-

1994 3977 2081 4026 ter
2095 3960 2412 4044 aggredier,
2449 3985 2637 4024 rerum
2675 3967 2970 4023 historiam
3003 3983 3126 4038 qua:
3152 3976 3238 4024 est
3267 3969 3577 4026 secundum

1993 4061 2244 4118 litteram
2272 4063 2502 4117 minime
2527 4067 2814 4116 evertens:
2849 4075 3029 4130 pauca
3050 4069 3238 4116 autem
3263 4060 3332 4116 de
3379 4061 3580 4132 quinto

1995 4169 2252 4220 numero,
2270 4153 2420 4210 sicut
2437 4161 2494 4210 et
2513 4152 2581 4208 de
2611 4160 2836 4223 quarto,
2859 4167 2928 4208 ex
2960 4151 3149 4207 divina
3168 4151 3456 4223 Scriptura
3473 4169 3576 4211 ne-

1995 4263 2154 4304 cesse
2179 4256 2266 4304 est
2289 4247 2447 4318 prius
2495 4245 2704 4302 dicere.
2745 4245 3070 4300 Invenimus
3112 4260 3244 4317 ergo
3281 4245 3338 4300 in
3379 4247 3588 4318 quinto

301 4343 588 4404 testatem,
619 4335 875 4396 Christus
899 4339 1014 4412 (qui
1039 4350 1126 4398 est
1149 4342 1244 4399 Sol
1268 4345 1362 4415 qui
1388 4347 1701 4418 percipitur
1724 4343 1904 4406 inteli
1924 4349 1968 4406 D
1996 4341 2346 4406 centenarib,
2376 4353 2579 4410 nempe
2606 4338 3062 4410 quingentesimo
3100 4338 3400 4405 annoNoe,
3435 4354 3590 4396 arca:-

299 4428 560 4500 ligentia)
589 4433 754 4487 estin
779 4434 936 4492 ccelis
979 4453 993 4490 :
1043 4445 1104 4492 ut
1159 4438 1252 4508 qui
1281 4439 1354 4494 sit
1391 4441 1597 4496 ostium
1623 4449 1680 4498 et
1711 4423 1896 4498 intro:

299 4519 520 4577 ducens
543 4522 612 4578 ad
635 4524 900 4582 .Patrem.
931 4527 992 4582 ln
1027 4536 1176 4585 terra
1223 4539 1446 4598 autem,
1465 4533 1560 4590 ubi
1591 4535 1894 4592 bumiliavit

294 4613 556 4684 seipsum,
591 4616 732 4670 servi
787 4617 1019 4687 {armum
1069 4621 1352 4691 accipiens,
1382 4622 1697 4680 voluntarie
1733 4624 1891 4680 dedit

296 4703 512 4774 primas
534 4716 724 4776 partes
784 4719 1046 4778 tanquam
1091 4712 1322 4782 proprio
1353 4729 1456 4769 suo
1489 4717 1735 4786 corpori,
1777 4716 1886 4772 Ec-

295 4793 513 4850 clesiae:
544 4795 670 4852 dico
699 4808 887 4854 autem
923 4803 1190 4872 mysterio
1224 4803 1596 4873 baptismatis.
1634 4805 1883 4872 Quomo-

294 4884 372 4940 do
397 4887 545 4941 enim
570 4888 624 4942 in
660 4891 817 4946 caelis
847 4892 1052 4947 ostium
1073 4904 1325 4950 nostrum
1361 4907 1418 4951 et
1453 4898 1543 4953 via
1565 4899 1632 4954 ad
1659 4899 1880 4956 Patrem

293 4985 385 5035 est
417 4977 694 5046 Christus,
734 4981 809 5038 ita
828 4987 994 5039 etiam
1022 4985 1078 5040 in
1113 4994 1278 5051 terra,
1311 4989 1516 5044 ostium
1549 4999 1801 5046 nostrum
1825 4999 1884 5048 et

291 5071 386 5124 via
403 5070 474 5125 ad
495 5071 713 5128 Patrem
738 5085 824 5130 est
844 5075 1138 5147 baptisma,
1165 5080 1236 5136 ad
1256 5081 1540 5138 Christum
1566 5099 1668 5155 per
1689 5083 1884 5140 Eccle-

292 5162 439 5216 siam
471 5179 486 5216 :
522 5173 578 5218 et
601 5181 665 5220 ea
691 5165 760 5220 de
783 5183 949 5223 causa
978 5180 1106 5226 ante
1137 5173 1323 5228 omnia
1343 5213 1358 5238 ,
1388 5183 1446 5229 et
1471 5174 1585 5229 vita
1609 5183 1666 5230 et
1689 5175 1880 5232 vivens

290 5256 482 5310 anima
502 5258 817 5314 ostenditur
840 5275 907 5316 ex
927 5278 1067 5332 aqua
1081 5272 1138 5318 et
1159 5264 1389 5335 Spiritu,
1410 5271 1466 5322 et
1486 5282 1655 5338 super
1675 5275 1877 5324 terram

291 5346 718 5414 manifestatur,
751 5351 974 5408 dicente
1007 5352 1118 5410 Deo
1145 5373 1158 5410 :
1194 5355 1445 5412 Educant
1486 5376 1640 5431 aqua
1665 5360 1881 5431 reptilia

289 5443 607 5512 animarum
636 5445 940 5510 viventium,
965 5456 1013 5502 et
1048 5447 1284 5504 volucres
1311 5449 1550 5506 volantes
1578 5468 1738 5523 super
1771 5461 1882 5506 ter-

288 5550 436 5596 ram,
465 5535 755 5606 secundum
783 5536 1186 5606 ﬁrmamentum
1214 5540 1352 5597 coeli.
1389 5542 1592 5598 Dicant
1618 5544 1754 5599 mihi
1785 5545 1880 5616 qui

287 5626 592 5681 attendunt
623 5627 796 5682 solam
827 5629 1070 5687 litteram
1099 5632 1418 5705 Scriptum,
1449 5651 1614 5706 quam
1646 5635 1718 5692 ob
1749 5652 1882 5692 cau-

289 5733 413 5777 sam
447 5718 504 5772 in
535 5719 694 5789 aquis
731 5721 958 5790 quidem
994 5724 1206 5781 dictum
1241 5733 1323 5783 est
1355 5727 1681 5798 pluraliter:
1730 5727 1879 5784 Edu-

359 5903 407 5936 ⁸⁹
431 5902 576 5958 l‘sal.
611 5919 759 5972 xm,
801 5905 880 5962 ll.

1987 4433 2100 4504 jaci
2121 4431 2511 4494 fundamenta,
2534 4443 2660 4500 qua:
2689 4427 2918 4498 quidem
2963 4434 3059 4484 est
3093 4443 3262 4484 verus
3296 4444 3364 4484 ac
3387 4437 3588 4486 certus

1993 4534 2157 4598 typus
2187 4523 2420 4589 Chris‘ti;
2453 4523 2510 4577 in
2536 4537 2646 4592 qua
2671 4521 2806 4578 fera:
2825 4519 3078 4577 omnium
3107 4519 3363 4591 gentium
3408 4520 3590 4576 simul?

1991 4625 2218 4682 coactae,
2247 4631 2278 4672 e
2310 4616 2456 4670 malo
2489 4614 2702 4669 diluVio
2728 4611 3046 4668 conservati
3088 4627 3286 4668 sumus
3334 4627 3436 4682 per
3484 4627 3580 4668 co-

1987 4711 2258 4775 lumbam,
2284 4723 2488 4780 nempe
2540 4722 2642 4778 per
2667 4705 2963 4776 Spiritum.
2996 4704 3158 4762 Unde
3211 4705 3380 4761 etiam
3442 4720 3578 4762 con-

1985 4804 2132 4860 fecta
2168 4811 2255 4859 est
2283 4817 2425 4858 arca:
2453 4799 2714 4864 latitudo,
2762 4796 3174 4868 quinquaginta
3202 4797 3528 4852 cubitorum
3556 4839 3572 4863 ,

1992 4906 2055 4954 ut
2086 4896 2350 4968 quoniam
2380 4909 2411 4949 a
2442 4889 2858 4948 mathematicis
2891 4903 3166 4945 numerus
3192 4888 3486 4960 quinarius
3515 4898 3574 4946 et

1990 4989 2510 5062 quinquagenarius
2533 4979 3249 5058 justusdicitur.Auferens
3279 4980 3430 5036 enim
3449 4982 3576 5052 qui-

1989 5061 2192 5138 narius
2213 5089 2458 5151 quatuor
2480 5094 2604 5150 quae
2635 5083 2769 5132 sunt
2798 5075 2948 5146 apud
2976 5089 3200 5140 novem,
3237 5082 3296 5128 et
3335 5075 3572 5145 conjun-

1989 5191 2125 5247 gcns
2147 5190 2274 5230 cum
2301 5173 2536 5239 unitate,
2559 5187 2625 5228 ea
2645 5171 2876 5227 deducit
2897 5169 2971 5226 ad
2997 5169 3354 5240 quinarium:
3380 5179 3440 5226 et
3467 5170 3584 5225 tria

1988 5285 2112 5340 quae
2159 5277 2292 5324 sunt
2347 5267 2404 5323 in
2446 5267 2760 5331 octonario,
2815 5273 2873 5320 et
2902 5279 3250 5335 componens
3271 5279 3398 5320 cum
3434 5264 3580 5320 duo-

1986 5361 2112 5424 bus,
2139 5377 2204 5416 ea
2233 5359 2360 5415 facit
2389 5359 2663 5430 quinque,
2685 5369 2744 5414 et
2761 5357 2873 5412 duo
2900 5373 3024 5428 qua:
3061 5365 3193 5412 sunt
3224 5357 3282 5411 in
3311 5363 3572 5428 septena-

1987 5454 2094 5518 rio,
2115 5461 2246 5508 etea
2263 5453 2610 5524 coniungens
2626 5466 2752 5506 cum
2769 5449 3038 5516 ternario,
3061 5447 3194 5504 facit
3212 5447 3486 5520 quinque.
3500 5448 3584 5504 Et‘

1989 5561 2158 5600 unum
2183 5559 2213 5599 a
2236 5545 2477 5609 senario,
2510 5550 2566 5598 et
2593 5543 2941 5614 coniungens
2968 5555 3094 5596 rum
3126 5548 3392 5610 quatuor,
3435 5539 3592 5595 facit.

1985 5627 2252 5706 quinque.
2281 5629 2552 5688 Similiter
2584 5631 2754 5688 etiam
2778 5631 3188 5703 quinquaginta
3201 5629 3338 5686 facit
3363 5629 3580 5686 adven

1985 5741 2081 5783 sus
2111 5742 2207 5784 eos
2242 5725 2338 5798 qui
2393 5726 2574 5796 ipsum
2611 5722 2959 5794 praecedunt,
3007 5731 3085 5779 ρι’
3119 5737 3217 5780 eos
3249 5721 3348 5794 qui
3385 5715 3599 5794 inantus
