4098 6448
551 412 656 478 915

1750 420 1809 477 s.
1841 414 2241 489 ANASTASII
2293 414 2623 475 SINAITE
2700 412 2709 421 '

3729 411 3832 475 916

553 536 891 598 sequuntur.
918 526 1127 585 Eadem
1155 531 1379 585 ratione
1402 530 1651 585 Ecclesia
1679 545 1903 599 quoque
1940 528 2142 599 pracdi-
2172 532 2217 586 Α
2246 542 2597 598 nequaquam
2621 544 2744 583 eam
2769 527 3042 598 impertiit
3066 525 3519 583 benedictionem
3541 550 3557 581 ι
3608 525 3711 583 sed
3733 544 3829 584 eos

555 630 644 674 cat
676 635 803 674 cum
829 629 1061 690 peccato
1099 621 1374 677 diluvium
1431 622 1583 692 quod
1625 622 1799 677 Deum
1845 620 2138 691 justincat,

456 743 467 747 -
553 716 756 788 etejus
780 717 1058 785 justitiam
1100 732 1225 786 qua:
1258 716 1399 772 tollit
1435 731 1468 770 e
1526 716 1712 771 medio
1770 731 1897 785 qua:
1943 723 2140 769 contra

556 821 659 859 nos
690 817 822 865 sunt
872 806 1225 863 inimicitias.
1255 807 1371 863 Noe
1425 822 1650 878 quoque
1692 806 2017 877 quingentis
2040 820 2143 859 an-

555 896 646 950 nis
682 898 928 953 mdificat
980 914 1189 964 arcam,
1262 900 1550 969 quoniam,
1585 915 1712 954 cum
1756 898 1811 952 in
1840 896 2142 968 quinquies

524 989 860 1063 .millesimo
886 1006 1035 1045 anno
1071 992 1321 1046 venisset
1352 1008 1533 1048 novus
1568 992 1707 1058 Noe,
1745 991 1955 1061 incepit
2006 1004 2142 1045 con-

553 1093 775 1137 struere
800 1098 984 1141 arcam
1018 1084 1304 1140 Ecclesiae.

623 1176 747 1230 Non
778 1186 863 1231 est
901 1185 1088 1232 autem
1112 1178 1359 1234 alienum
1389 1188 1720 1236 ceterarum
1749 1197 1972 1253 quoque
1997 1197 2140 1237 arcae

551 1283 939 1349 mensurarum
984 1270 1333 1330 meminisse.
1384 1272 1637 1344 Triginta
1695 1274 1923 1343 quidem
1974 1274 2138 1329 cubi-

554 1374 733 1416 torum
750 1372 871 1417 erat
900 1379 1045 1419 arca:
1066 1364 1328 1430 altitudo,
1348 1374 1404 1421 et
1421 1365 1626 1421 deinde
1663 1366 1889 1421 redacta
1910 1374 2033 1421 erat
2066 1367 2135 1421 ad

550 1469 720 1507 unum
736 1455 987 1509 cubitum
1014 1474 1028 1510 :
1056 1459 1321 1527 quoniam
1336 1458 1599 1514 Ecclesia
1631 1474 1856 1530 quoque
1869 1459 2139 1530 praedicat

547 1559 667 1603 tres
688 1549 1015 1620 hypostases
1048 1562 1099 1607 et
1124 1562 1381 1606 naturam
1418 1567 1585 1607 unam
1610 1553 1777 1606 unius
1802 1552 1976 1607 solius
1999 1552 2133 1606 Dei:

549 1641 793 1698 latitudo
825 1653 1014 1699 autem
1054 1632 1462 1716 quinquaginta
1480 1644 1830 1710 cubitorum,
1867 1647 2134 1715 quoniam

546 1737 672 1793 illos
700 1738 862 1794 valde
897 1739 1198 1810 peemistos
1235 1740 1503 1799 ferarum.
1526 1740 1897 1795 animantium
1947 1749 2005 1795 et
2035 1740 2137 1794 im-

2244 622 2477 691 reliquit
2523 622 2736 693 absque
2788 621 3182 677 benedictione
3205 638 3219 674 :
3244 631 3386 677 tunc
3415 634 3685 691 tanquam
3710 613 3828 677 mev

2236 714 2371 770 dius
2397 724 2554 770 stans
2577 714 2837 771 Christus
2864 716 3015 770 inter
3038 715 3329 770 terrestria
3364 722 3421 769 et
3467 715 3685 770 marina
3703 718 3829 772 ani-

2243 808 2473 872 mantia,
2501 818 2560 861 et
2582 807 2649 862 ad
2697 824 2913 882 eaquae
2939 817 3070 863 sunt
3115 824 3146 861 e
3201 816 3350 861 terra
3398 809 3585 878 genita
3635 810 3831 865 oculos

2242 899 2514 971 deﬁgens,
2547 909 2604 956 et
2640 901 2863 956 dieens:
2909 900 3023 955 Nisi
3067 902 3187 970 quis
3231 900 3389 970 fuerit
3443 911 3733 971 generatus
3764 920 3830 957 es

2242 1009 2386 1063 aqua
2422 1000 2471 1046 et
2494 992 2718 1064 Spiritu,
2744 994 2837 1063 qui
2858 994 3035 1048 fertur
3053 1007 3224 1062 super
3242 1008 3466 1062 aquam,
3487 1010 3591 1047 non
3610 996 3830 1050 intrabit

2240 1091 2295 1144 in
2320 1091 2798 1161 regnumcaelorum
2827 1091 2903 1156 9’;
2939 1104 3119 1159 neque
3179 1087 3275 1142 lict
3332 1104 3434 1158 per
3484 1089 3827 1157 columbam,

2241 1198 2445 1252 nempe
2503 1199 2602 1252 per
2627 1182 2927 1253 Spiritum,
2992 1182 3243 1236 volucris
3284 1182 3452 1239 cteli:
3500 1199 3688 1252 neque
3719 1183 3832 1238 Ra-

2239 1276 2414 1344 pietur
2464 1276 2520 1328 in
2548 1275 2771 1349 nubibus
2823 1275 3032 1329 obviam
3073 1275 3208 1327 mihi
3257 1276 3314 1328 in
3363 1291 3492 1329 aera
3514 1276 3585 1328 ”.
3618 1275 3676 1330 Si
3705 1276 3826 1332 hac

2239 1376 2428 1422 autem
2496 1384 2606 1423 non
2659 1368 2735 1422 ita
2782 1368 2925 1423 facta
2975 1376 3110 1425 sunt
3164 1380 3221 1422 ct
3273 1367 3665 1438 prrefigurata;
3707 1368 3822 1433 dic,

2236 1457 2411 1528 8'79
2475 1473 2509 1511 ο
2557 1458 2790 1529 Moyses,
2852 1473 3101 1522 causam,
3158 1466 3215 1512 et
3271 1458 3344 1511 ob
3407 1457 3557 1527 quod
3630 1473 3828 1528 pecca~

2239 1562 2357 1607 tum
2384 1551 2438 1605 in
2473 1552 2644 1607 Deum
2694 1552 3020 1616 admissum,
3056 1559 3377 1605 manserunt
3405 1565 3606 1620 pecora
3633 1561 3691 1605 et
3713 1559 3828 1605 ter-

2206 1656 2312 1696 ra:
2374 1641 2677 1697 animantia
2709 1640 2919 1711 absque
2942 1640 3355 1695 benedictione.
3392 1639 3684 1705 Quomodo
3727 1658 3825 1703 au-

2240 1740 2351 1785 tem
2379 1740 2436 1786 et
2461 1732 2682 1801 reptilia
2709 1748 2832 1802 quae
2855 1740 2988 1786 sunt
3007 1732 3243 1786 rationis
3266 1730 3516 1813 expertia
3548 1741 3607 1799 et
3637 1741 3825 1788 mente

546 1830 856 1898 peritarum
898 1833 1151 1902 gentium
1187 1849 1405 1904 greges,
1446 1833 1694 1896 ternarie
1724 1833 2135 1902 multiplicibus
2168 1873 2209 1928 Β
2236 1826 2504 1890 carentia,
2556 1835 2613 1882 et
2641 1826 2842 1896 pisces,
2874 1834 2932 1881 ct
2982 1824 3239 1879 volucres
3284 1832 3593 1893 potuerunt
3626 1824 3823 1880 audire

547 1922 891 1988 ceutenariis
919 1923 1097 1992 legem
1130 1922 1322 1978 docuit
1347 1923 1600 1978 Ecclesia
1648 1931 1705 1978 et
1749 1923 2129 1987 conservavit,

546 2012 789 2067 naturali
841 2012 1202 2072 multifariam
1234 2014 1542 2083 multisque
1574 2013 1760 2070 modis
1809 2012 2130 2069 attrahente

546 2104 751 2175 scripta
792 2113 850 2161 et
896 2106 1150 2177 mystica.
1206 2094 1609 2161 Multa'autem
1662 2102 2128 2174 quinquagenarii

544 2196 768 2253 numeri
816 2196 1139 2253 invenimus
1188 2196 1436 2268 s‘ymbola
1489 2196 1755 2252 Ecclesiae
1784 2195 1873 2265 riu
1920 2194 2132 2250 divinis

544 2289 873 2359 Scripturis.
904 2289 1043 2345 Nam
1065 2289 1123 2344 in
1141 2287 1609 2359 quinquagesimo
1642 2302 1789 2342 anno
1809 2287 1963 2341 Deus
1986 2299 2131 2355 prte-

543 2378 694 2448 cepit
716 2378 911 2435 Israeli
935 2379 993 2434 in
1019 2394 1227 2449 genere
1258 2377 1562 2448 perfectam
1594 2386 1650 2431 et
1676 2375 1992 2430 absolutam
2028 2372 2129 2428 de-

543 2467 788 2522 bitorum
816 2467 1210 2524 remissionem
1244 2477 1302 2523 et
1325 2467 1821 2530 condonatiouem,
1864 2481 1928 2520 ac
1971 2464 2117 2519 libe-

545 2560 820 2616 rationem
874 2576 1070 2618 eorum
1114 2561 1211 2631 qui
1262 2568 1424 2631 erant
1479 2575 1652 2629 super
1707 2568 1937 2614 terram.
1998 2556 2128 2610 llaec

541 2650 694 2705 enim
751 2650 889 2706 dicit
925 2653 1074 2708 Deus
1115 2653 1170 2706 in
1213 2651 1502 2707 Levitico:
1557 2648 1899 2718 Sanctiﬁcate
1925 2664 2130 2725 annum

542 2744 935 2815 quinquaginta
959 2761 1252 2809 annorum,
1299 2753 1349 2799 et
1375 2743 1706 2814 proclamate
1769 2741 2129 2796 remissionem

541 2853 701 2905 super
720 2829 939 2905 terram
966 2839 1206 2893 omnibus
1232 2839 1325 2908 qui
1350 2854 1470 2892 eam
1522 2839 1789 2901 habitant,
1823 2853 2026 2891 annum
2048 2852 2129 2889 re-

545 2930 809 3003 missiqnis
829 2928 909 2995 ’°;
941 2944 1007 2983 ea
1026 2936 1113 2983 est
1136 2929 1258 2998 ejus
1292 2927 1650 2998 significatio.
1691 2926 1907 2981 Hebrmi
1941 2924 2127 2995 itaque

544 3036 838 3076 numerum
916 3019 1445 3091 quinquagesimum
1521 3028 1728 3073 vocant
1786 3018 2125 3084 Jobelaaum,

539 3110 695 3180 quod
721 3110 950 3181 quidem
1001 3110 1410 3181 interpretatur
1461 3108 1827 3164 misericordia
1870 3117 1966 3162 aut
2003 3123 2128 3161 con-

2238 1916 2335 1971 Dci
2363 1932 2557 1971 vocem
2584 1926 2640 1971 et
2674 1915 3123 1971 benedictionem
3150 1930 3272 1985 quae
3302 1914 3574 1969 dabatur?
3623 1917 3823 1971 Annon

2237 2019 2324 2065 est
2358 2009 2712 2064 manifestum
2737 2008 2884 2081 quod
2912 2008 3029 2063 ha:c
3070 2008 3400 2079 prophetico
3437 2006 3794 2077 prrediceban

2238 2112 2329 2156 tur
2361 2101 2430 2156 de
2476 2101 2799 2157 hominibus
2821 2101 2915 2172 qui
2980 2100 3333 2172 baptizantur
3377 2099 3435 2154 in
3482 2099 3818 2155 Christum?

2234 2194 2358 2264 ipsa
2404 2201 2590 2248 autem
2634 2193 2813 2249 series
2859 2193 3165 2262 Scripturae
3198 2191 3511 2247 secundum
3551 2186 3818 2257 litteram,

2235 2287 2481 2342 ostendit
2513 2286 2663 2358 quod
2690 2287 2760 2341 de
2813 2286 3139 2341 hominibus
3202 2286 3420 2340 ratione
3488 2283 3739 2353 praeditis
3765 2293 3821 2338 et

2234 2378 2437 2434 animis
2473 2376 2881 2433 immortalibus
2909 2376 3030 2432 haec
3059 2392 3090 2431 a
3131 2376 3246 2430 Deo
3297 2373 3665 2445 jubebantur.
3698 2373 3817 2427 Non

2232 2474 2385 2529 enim
2415 2474 2554 2531 dixit
2577 2473 2754 2528 Deus:
2780 2470 3087 2526 Prodacant
3113 2485 3265 2542 aquae
3283 2468 3497 2540 reptilia
3524 2476 3817 2536 corporum

2233 2566 2643 2621 animatorum:
2702 2581 2829 2620 nam
2881 2563 3087 2619 animal
3144 2570 3203 2617 et
3249 2577 3455 2632 corpus
3506 2560 3816 2631 significant

2236 2659 2412 2729 ipsam
2434 2671 2494 2712 se
2513 2665 2830 2722 moventem
2877 2663 2933 2709 et
2957 2654 3179 2708 vitalem
3229 2653 3505 2708 animam:
3562 2650 3661 2707 sed
3697 2654 3814 2705 ani-

2234 2765 2446 2803 marum
2471 2748 2774 2807 viventium,
2802 2743 2858 2797 id
2888 2752 2993 2808 est,
3056 2759 3166 2799 non
3218 2743 3601 2798 morientium.
3652 2741 3814 2812 Atqui

2232 2838 2470 2909 piscium
2514 2846 2571 2891 et
2606 2820 2900 2890 volucrum
2941 2834 3141 2890 anima:
3200 2849 3313 2887 non
3351 2844 3485 2887 sunt
3533 2834 3809 2897 viventes,

2231 2922 2339 2985 sed,
2385 2928 2731 2984 morientes:
2770 2926 3001 2998 Sanguis
3051 2926 3222 2989 enim,
3279 2925 3482 2996 inquit,
3530 2934 3606 2980 est
3635 2926 3811 2978 animo

2232 3023 2344 3092 ejus
2442 3037 2459 3087 ;
2494 3019 2676 3075 anima
2700 3028 2885 3073 autem
2926 3018 3143 3083 vivens,
3178 3018 3296 3072 sola
3328 3026 3415 3071 est
3448 3026 3639 3071 nostra
3696 3018 3812 3087 quae

2230 3124 2316 3171 est
2345 3114 2560 3169 ratione
2587 3111 2840 3183 praedita.
2878 3110 3071 3166 Factus
3096 3104 3191 3164 est
3220 3110 3394 3173 enim,
3429 3109 3633 3180 inquit,
3666 3110 3810 3162 homo

518 3205 782 3282 ‘danatia.
812 3202 930 3260 Hoc
966 3203 1119 3258 enim
1151 3202 1322 3257 modo
1366 3202 1623 3273 psalmus
1657 3216 1879 3272 quoque
1912 3198 2125 3255 condo-
2152 3230 2196 3288 ο
2229 3209 2282 3261 in
2310 3207 2548 3261 animum
2569 3201 2815 3257 viventem
2830 3200 2976 3268 “J';
3006 3199 3269 3271 quoniam
3307 3200 3557 3254 futurum
3604 3210 3730 3254 erat
3757 3208 3812 3253 ut

553 3295 785 3351 rationis
832 3304 889 3350 et
945 3295 1301 3363 remissionis
1377 3295 1591 3364 peccati
1647 3292 1860 3357 David,
1916 3292 2128 3347 dicitur

539 3388 1070 3459 quinquagesimus:
1106 3398 1191 3443 est
1249 3387 1402 3444 enim
1437 3386 1745 3442 verisimile
1806 3397 1937 3444 ante
1976 3388 2127 3443 hunc

538 3495 834 3535 numerum
891 3489 989 3535 aut
1051 3480 1223 3534 etiam
1282 3486 1411 3549 post
1473 3477 1748 3549 scriptum
1805 3493 1929 3533 esse
1976 3478 2127 3533 hunc

539 3575 815 3642 psalmum
845 3574 1217 3629 remissionis.
1248 3571 1375 3627 Haec
1404 3579 1591 3627 autem
1620 3570 1808 3627 omnia
1838 3579 1971 3625 sunt
1992 3587 2123 3627 vera

537 3677 597 3721 ct
630 3676 784 3723 certa
814 3667 1191 3739 praefiguratio
1234 3666 1388 3723 illius
1430 3665 1614 3736 quinti
1673 3664 1785 3719 diei
1810 3664 2126 3720 hebdoma-

537 3742 644 3820 dis,
693 3758 750 3812 in
781 3774 894 3827 quo
923 3757 1176 3814 ascendit
1203 3758 1260 3812 in
1295 3757 1491 3820 cmlos,
1514 3763 1571 3811 et
1601 3754 1658 3810 in
1687 3756 1863 3810 altum
1895 3764 1981 3812 est
2006 3756 2125 3810 ela-

538 3854 627 3898 tus
659 3843 753 3899 Sol
799 3844 1032 3914 justitim
1064 3842 1345 3899 Christus.
1380 3843 1449 3898 Et
1505 3841 1973 3913 quinquagesimo
2033 3841 2124 3897 die

538 3932 689 3989 misit
715 3932 1017 4004 Spiritum:
1068 3950 1171 4004 per
1208 3949 1435 4004 aquam,
1464 3932 1717 4004 inquam,
1750 3939 1808 3988 et
1855 3933 2123 4004 Spiritum

534 4043 700 4083 suum
737 4027 977 4097 largitus
994 4025 1387 4081 remissionem
1421 4034 1801 4096 peccatorum.
1838 4027 1906 4082 Et
1928 4028 2125 4097 quinto

537 4119 629 4173 die
651 4132 867 4173 coenam
893 4116 1051 4172 dedit
1075 4116 1395 4188 mysticam,
1425 4132 1551 4187 quae
1582 4116 1749 4173 solvit
1780 4119 1965 4174 omnia
1995 4134 2127 4190 pec-

536 4220 682 4264 cata.
726 4209 910 4265 Habes
939 4224 1075 4279 ergo
1107 4219 1360 4279 apertam
1387 4208 1769 4267 ostensionem
1794 4226 1895 4266 cur
1927 4212 2125 4281 quinto

536 4320 606 4356 ex
631 4318 728 4357 sex
763 4301 986 4367 diebus,
1013 4317 1172 4372 aqua:
1202 4302 1260 4356 in
1290 4302 1500 4373 quibus
1521 4302 1981 4375 superferebatur
2003 4302 2127 4374 Spi-

538 4395 702 4477 ritus,
757 4393 912 4448 vivas
952 4402 1271 4465 genuerunt
1298 4394 1551 4449 animas:
1585 4394 1753 4450 nobis
1792 4395 2124 4467 praesignifi-

537 4495 732 4541 cantes
762 4485 1242 4557 regenerationem
1276 4501 1400 4556 quae
1431 4486 1494 4542 ﬁt
1520 4502 1620 4557 per
1653 4503 1855 4558 aquam
1907 4496 1966 4543 et
1995 4487 2124 4559 Spi-

2228 3314 2652 3365 renascercmur
2698 3313 2799 3367 per
2854 3310 3055 3365 aquam
3108 3293 3523 3376 et.Spiritum.
3584 3292 3810 3348 Omnem

2229 3393 2417 3463 itaque
2471 3390 2783 3446 orationem
2828 3387 3106 3444 convertit
3164 3386 3232 3442 ad
3269 3388 3517 3452 animas;
3544 3394 3603 3441 et
3633 3386 3808 3451 dicit,

2226 3494 2352 3556 post
2386 3482 2725 3555 baptismum
2786 3492 2844 3536 et
2874 3496 2997 3550 quae
3025 3496 3095 3533 ex
3158 3478 3281 3549 ipso
3324 3468 3548 3534 exsistit
3581 3479 3809 3559 gratiam

2225 3586 2281 3631 ct
2305 3574 2799 3644 illuminationem,
2825 3586 2924 3627 eos
2945 3571 3041 3641 qui
3062 3579 3193 3625 sunt
3224 3568 3488 3640 baptizati
3519 3567 3662 3623 edici
3691 3568 3808 3645 ani-

2227 3668 2432 3723 mantia
2465 3682 2577 3722 non
2604 3665 2886 3720 viventia:
2914 3664 3188 3728 utetiam,
3221 3661 3426 3732 inquit,
3461 3676 3667 3730 corpus
3686 3674 3809 3715 cum

2226 3762 2413 3814 anima
2447 3757 2763 3813 reviviscat.
2794 3756 2902 3811 Sed
2961 3755 3223 3810 animalia
3271 3755 3388 3808 sola
3434 3762 3567 3809 sunt
3597 3755 3810 3808 anima-

2226 3867 2348 3905 rum
2380 3849 2722 3911 viventium;
2779 3845 2848 3902 de
2908 3847 3094 3901 anima
3136 3844 3286 3901 enim
3322 3844 3441 3898 sola
3481 3844 3551 3897 ab
3577 3857 3647 3898 eo
3682 3852 3813 3897 tem.

2225 3957 2360 4012 pore
2390 3950 2516 4011 post
2545 3939 2889 4009 baptismum
2911 3938 3204 4008 loquitur:
3240 3952 3367 3992 eam
3403 3935 3555 3991 enim
3588 3944 3810 4005 oportet

2226 4032 2439 4095 vivere,
2474 4040 2666 4086 etnon
2703 4046 2909 4102 corpus
2942 4045 3068 4085 cum
3099 4046 3164 4086 ea
3197 4048 3210 4084 :
3240 4027 3462 4100 corpori
3503 4028 3657 4085 enim
3682 4037 3812 4084 sunt

2227 4124 2537 4180 inimicitia:
2557 4125 2828 4179 adversus
2848 4124 3044 4179 Deum.
3066 4122 3307 4192 Reptilia
3333 4137 3465 4193 ergo
3488 4123 3601 4177 sint
3625 4122 3696 4177 iis
3720 4119 3811 4191 qui

2226 4215 2621 4286 baptizantur;
2652 4223 2917 4284 tanquam
2944 4212 3012 4267 ad
3046 4213 3145 4268 Dei
3170 4212 3465 4267 obsonium
3501 4212 3669 4275 electi
3695 4212 3814 4282 pis-

2228 4323 2321 4364 ces
2352 4308 2449 4378 qui
2481 4307 2840 4363 adducuntur
2871 4306 2941 4360 ab
2971 4305 3040 4360 iis
3070 4305 3163 4375 qui
3201 4305 3359 4376 prius
3375 4312 3535 4359 erant
3570 4303 3814 4374 piscato-

2227 4413 2341 4463 res,
2376 4413 2527 4453 nunc
2568 4407 2754 4452 autem
2779 4395 3045 4466 apostoli.
3088 4393 3197 4451 Sed
3225 4393 3339 4448 sint
3359 4395 3529 4449 etiam
3551 4394 3811 4448 volucres

2230 4491 2270 4546 ii
2292 4478 2392 4561 qui
2433 4505 2658 4545 sursum
2692 4488 2955 4545 feruntur
2978 4497 3042 4542 ut
3080 4487 3218 4542 ﬂant
3244 4485 3469 4541 obviam
3495 4484 3724 4541 Christo
3755 4485 3811 4539 in

541 4579 730 4633 ritum.
754 4577 816 4632 In
848 4577 1023 4632 altum
1046 4577 1198 4632 enim
1234 4577 1292 4631 in
1316 4578 1475 4634 caelis
1505 4579 1686 4634 elatus
1716 4578 1817 4659 (Sol
1847 4579 1943 4650 qui
1972 4578 2122 4635 cadit
2156 4576 2200 4630 D
2228 4599 2381 4640 aere.
2435 4582 2565 4638 Hac
2612 4590 2799 4637 autem
2822 4654 2823 4659 γ
2844 4588 3011 4636 erunt
3062 4580 3109 4636 si
3154 4579 3225 4635 ab
3261 4595 3406 4649 aqua
3457 4577 3814 4649 baptismatis

537 4672 643 4727 sub
668 4670 1098 4743 intelligentiam
1124 4669 1295 4755 (sicut
1325 4672 1408 4728 sol
1448 4672 1673 4729 sensilis
1708 4656 1766 4726 in
1799 4672 2123 4729 firmamen-

536 4779 616 4834 to,
669 4767 914 4838 desuper
959 4765 1201 4823 demisso
1260 4766 1319 4822 in
1344 4781 1519 4837 aquas
1554 4781 1657 4843 suo
1694 4765 1900 4836 radio),
1933 4766 2122 4822 statim

534 4862 672 4918 fecit
701 4860 1187 4933 regenerationem
1214 4876 1340 4930 qua:
1360 4868 1448 4915 est
1482 4874 1586 4930 per
1636 4874 1835 4928 aquam
1858 4868 1916 4914 et
1947 4858 2125 4930 Spiri-

539 4968 679 5022 tum,
713 4948 1093 5026 congruenter
1121 4953 1176 5009 ei
1201 4952 1351 5024 quod
1396 4951 1612 5007 dictum
1666 4962 1791 5008 est:
1835 4951 1905 5008 Et
1948 4953 2124 5006 mittes

536 5047 799 5117 Spiritum
845 5058 1018 5113 tuum,
1063 5053 1114 5099 et
1154 5045 1499 5110 creabantur,
1544 5052 1594 5099 et
1623 5043 1900 5099 renovabis
1929 5031 2121 5115 faciem

537 5151 695 5195 terra:
727 5141 795 5193 ".
824 5141 933 5195 Per
962 5140 1112 5194 hunc
1134 5154 1291 5211 ergo,
1319 5147 1514 5193 etnon
1545 5154 1645 5209 per
1674 5137 1915 5208 aliquem
1945 5137 2118 5192 alium

539 5230 764 5285 modum
787 5271 801 5296 ,
835 5246 902 5285 ex
929 5230 1091 5301 aquis
1112 5228 1341 5301 quidem
1366 5229 1586 5300 genitas
1633 5230 1852 5284 animas
1894 5229 2118 5301 (nempe

538 5339 638 5391 per
670 5322 1014 5393 baptismum
1072 5323 1454 5395 regeneratus)
1498 5322 1791 5378 benedixit
1835 5324 1983 5379 Deus
2030 5322 2120 5377 di-

539 5430 676 5468 cens
706 5432 719 5467 :
751 5413 980 5471 Crescite
1005 5422 1055 5469 et
1088 5414 1545 5488 multiplicamini,
1579 5424 1627 5468 et
1665 5414 1862 5486 replete
1923 5432 2117 5485 aquas.

539 5506 938 5563 Animantibus
965 5519 1151 5564 autem
1192 5519 1249 5564 et
1277 5509 1550 5580 jumentis
1599 5515 1656 5563 et
1694 5507 1829 5562 feris
1857 5522 1982 5577 quae
2013 5507 2121 5561 viri

541 5606 696 5665 sunt,
720 5602 1193 5672 serpentibusque
1221 5610 1278 5657 et
1304 5601 1600 5657 venenatis
1638 5599 1984 5663 hominibus,
2027 5598 2125 5669 qui

540 5699 675 5746 sunt
714 5693 1003 5765 peregrini
1031 5704 1090 5751 et
1135 5693 1301 5751 alicui
1350 5712 1382 5750 a
1432 5695 1796 5766 generatione
1837 5692 2127 5764 baptismi,

613 5805 851 5863 "Levit.
888 5825 1015 5864 xxv.
1051 5810 1134 5862 10.
1209 5813 1251 5842 ⁹¹
1284 5810 1424 5865 Psal.
1455 5825 1566 5874 cm,
1618 5812 1708 5867 '52.

553 5872 600 5906 ”
629 5875 771 5937 Psal.
812 5896 973 5961 xxxv.
1025 5881 1106 5934 10.
1552 5872 1560 5874 V
1635 5899 1639 5904 ’

1809 5808 1854 5841 ⁹¹
1888 5807 2046 5864 Joan.
2072 5822 2151 5873 ιιι,
2181 5807 2232 5862 5.

2227 4676 2416 4732 educti
2441 4674 2716 4730 fuerimus
2739 4674 2985 4743 reptilia,
3015 4673 3112 4728 sed
3132 4671 3442 4726 animarum
3471 4668 3810 4724 viventium:

2227 4767 2343 4823 sola
2369 4767 2577 4832 anima,
2606 4775 2733 4837 post
2755 4765 3070 4836 baptisma;
3100 4764 3445 4834 suscipiente
3473 4760 3722 4816 studium
3745 4760 3810 4815 ad

2228 4858 2485 4926 meliora,
2511 4866 2570 4913 et
2602 4857 2696 4914 tali
2721 4857 3029 4913 constituta
3065 4857 3250 4928 qualis
3283 4854 3488 4910 exierit
3507 4869 3577 4908 ex
3622 4869 3806 4924 aqua;

2227 4961 2284 5008 et
2316 4967 2429 5006 non
2477 4950 2730 5007 exierant
2762 4949 2985 5020 reptilia
3028 4951 3341 5004 animarum
3369 4946 3706 5009 viventium,
3741 4959 3810 5000 ne

2232 5046 2507 5100 habeatur
2524 5045 2635 5100 ulla
2656 5059 2792 5100 cura
2812 5043 3087 5115 corporis.
3115 5042 3248 5097 Nam
3268 5042 3314 5097 si
3337 5040 3557 5096 dicatur
3582 5037 3809 5105 animal,

2230 5139 2567 5209 intelligitur
2590 5137 2738 5209 quod
2770 5137 2938 5191 simul
2973 5136 3085 5191 sint
3109 5142 3393 5204 corpuset
3411 5130 3621 5186 anima.
3646 5131 3721 5184 Ea
3744 5129 3811 5183 de

2229 5246 2393 5286 causa
2423 5229 2492 5284 ab
2533 5229 2695 5285 initio
2729 5228 2982 5298 Spiritus
3002 5227 3288 5282 ferebatur
3325 5235 3586 5295 tanquam
3622 5222 3812 5277 anima

2229 5328 2422 5380 vivens
2447 5340 2617 5395 super
2643 5338 2868 5394 aquam,
2905 5336 3109 5387 aquam
3144 5317 3433 5372 vivificaris
3465 5324 3809 5379 etmovens.

2303 5418 2603 5487 Propterea
2622 5414 2808 5469 divina
2832 5428 3054 5484 quoque
3072 5410 3356 5481 Scriptura
3386 5410 3503 5464 haec
3525 5410 3637 5463 duo
3658 5406 3811 5478 ponit

2233 5509 2394 5565 simul
2423 5507 2734 5579 con‘genita,
2789 5513 3048 5575 tanquam
3084 5503 3321 5557 animam
3363 5511 3420 5556 et
3449 5514 3671 5569 corpus,
3713 5498 3813 5553 ali-

2233 5599 2456 5671 quando
2485 5597 2709 5669 quidem
2734 5596 2927 5651 dicens
2957 5612 2970 5648 :
3000 5594 3155 5664 Apud
3185 5602 3234 5648 te
3265 5593 3484 5663 (nempe
3516 5591 3807 5661 Spiritum,

2236 5702 2494 5764 tanquam
2524 5689 2716 5761 Deum)
2744 5697 2821 5744 est
2848 5687 2966 5758 fons
3009 5688 3129 5741 vita
3146 5686 3213 5741 ”.
3243 5683 3558 5754 Aliquando
3578 5689 3764 5759 autem
3791 5692 3808 5733 :

2334 5806 2381 5837 ⁸⁸
2410 5807 2427 5859 l
2455 5805 2648 5860 Thess.
2704 5819 2775 5869 iv,
2808 5800 2891 5855 16.
2989 5791 3112 5832 ’δι”
3141 5797 3282 5858 Gen.
3321 5803 3382 5853 ιι,
3415 5784 3471 5838 7.
