4098 6432
423 359 531 428 9Π
1529 365 1608 424 ΙΝ
1652 365 2041 426 ΗΕΧΑΕΜΕ]

2088 365 2208 425 ΟΝ.
2248 390 2324 401 ’-
2366 366 2514 433 LIB.
2560 367 2627 427 V.
3600 356 3706 423 918

416 478 604 553 ﬂabit
635 478 853 547 spiritus
881 478 1018 548 ejus,
1041 485 1090 530 et
1111 481 1279 550 ﬂuent
1304 494 1460 549 aquae
1483 479 1551 531 ".
1577 479 1843 533 Dominus
1875 494 2017 548 quo-
2043 487 2086 539 Α
2116 481 2374 534 viventem
2398 496 2417 534 :
2468 474 2579 534 una
2619 489 2706 534 est
2740 478 2917 534 enim‘
2940 486 3001 534 et
3039 476 3239 534 similis
3290 477 3553 532 omnibus
3603 477 3705 531 ho-

347 614 360 623 .
417 586 537 642 que
557 569 727 624 dicit:
752 568 854 634 Qui
879 571 1044 624 credit
1075 572 1132 624 in
1163 586 1246 623 me
1268 570 1488 642 (nempe
1519 580 1696 625 totum
1721 570 2015 641 Spiritum,
2120 573 2390 638 minibus,
2425 589 2458 629 e
2501 581 2650 627 terra
2689 572 2874 644 genita
2914 581 2974 627 et
3016 571 3260 627 carnalis
3304 570 3591 642 generatio
3638 585 3704 624 ex

417 663 478 718 si
512 663 682 718 fuerit
716 662 1099 732 incrassatus),
1136 666 1271 718 sicut
1302 664 1427 718 dicit
1457 662 1760 734 Scriptura,
1785 665 1935 735 ﬂuvii
1956 680 2021 719 ea:
2123 666 2359 729 muliere
2395 682 2411 719 :
2445 665 2500 720 in
2548 666 2708 735 aquis
2736 672 2924 721 autem
2971 671 3204 736 propter
3236 660 3605 734 spirituaﬁem,
3639 678 3710 716 ex

416 763 610 810 uentre
630 755 742 825 ejus
770 758 937 827 ﬂuent
964 771 1117 826 aqua
1145 758 1265 811 vita:
1288 756 1357 810 9⁸.
1386 755 1658 811 Similiter
1678 757 1851 815 etiam
1884 756 2022 811 dicit
2123 759 2284 829 ipsis,
2309 759 2659 829 baptismatis
2697 759 2974 815 diversam
3004 758 3507 829 regenerationem,
3534 756 3707 810 dicit:

418 844 808 908 Samaritana),
845 846 1057 917 Aquam
1090 863 1193 917 ego
1237 848 1283 901 ei
1313 847 1470 913 dabo,
1504 846 1602 917 qui
1628 862 1752 902 sum
1787 847 2022 918 spiritus
2101 851 2453 917 'Producant,
2501 850 2704 921 inquit,
2739 866 2896 922 aqua
2935 849 3150 920 reptilia
3185 851 3495 903 animarum
3534 849 3713 902 visen-

420 950 692 1011 tauquam
724 941 890 1005 Deus,
921 950 975 997 et
1004 957 1101 997 eos
1133 942 1228 1011 qui
1251 957 1339 997 me
1367 942 1625 1007 adorant,
1660 944 1717 997 in
1742 944 1938 1013 spiritu
1972 951 2023 996 et
2124 945 2276 999 tium.
2310 942 2435 998 Alia
2475 942 2626 997 enim
2675 942 2963 1013 egreditur
3008 941 3193 997 anima
3234 957 3305 996 ex
3345 940 3584 1011 piscina,
3612 939 3710 1009 qui

416 1037 653 1094 veritate
684 1043 893 1105 oportet
925 1036 1174 1099 adorare,
1207 1044 1256 1089 et
1287 1034 1380 1105 ﬁet
1408 1038 1458 1090 ei
1484 1035 1602 1106 fons
1629 1039 1751 1093 vita
1776 1035 2022 1091 salientis
2123 1036 2362 1097 sincere,
2387 1049 2455 1089 ex
2494 1036 2681 1090 animo
2712 1043 2772 1090 et
2801 1034 2971 1090 corde
2992 1042 3083 1090 est
3103 1034 3419 1105 baptizatus
3447 1042 3575 1100 ;est
3603 1031 3712 1087 alia

416 1125 488 1180 in
510 1128 672 1180 vitam
696 1134 956 1197 wternqm
984 1128 1051 1180 θ’.
1085 1128 1273 1182 Prima
1300 1143 1436 1198 ergo
1459 1127 1592 1194 vita,
1630 1127 1934 1183 viventium
1955 1143 2024 1182 ex
2124 1127 2309 1183 anima
2326 1108 2395 1189 ,is
2419 1127 2514 1197 qui
2552 1142 2680 1182 cum
2708 1126 3058 1182 dubitatione
3088 1126 3324 1183 accessit
3350 1125 3417 1181 ad
3446 1127 3710 1196 gratiam;

419 1220 613 1290 aquis.
651 1220 731 1274 Ex
777 1219 861 1274 eis
888 1228 976 1275 est
1016 1220 1277 1291 cognitus
1302 1221 1518 1290 primus
1548 1219 1823 1277 adventus
1848 1218 2027 1289 Spiri-
2124 1228 2180 1273 et
2213 1219 2317 1273 alia
2351 1218 2536 1289 anima
2559 1219 2607 1274 is
2631 1218 2727 1288 qui
2754 1217 3019 1274 tentando
3041 1218 3279 1273 accessit
3297 1217 3367 1273 ad
3401 1231 3716 1273 sacramen-

420 1320 544 1372 tus,
575 1327 700 1366 nam
736 1327 903 1382 super
927 1328 1022 1367 eas
1052 1313 1358 1368 ferebatur.
1390 1314 1574 1369 Prima
1596 1313 1938 1369 resurrectio
1957 1329 2027 1367 ex
2132 1322 2271 1377 tum,
2302 1322 2364 1367 ut
2398 1312 2593 1367 Simon
2639 1300 2848 1383 Magns,
2901 1311 2972 1365 de
3022 1326 3139 1381 quo
3182 1310 3395 1366 dictum
3445 1318 3532 1365 est
3561 1327 3575 1362 :
3602 1307 3714 1364 Ba-

416 1406 514 1460 cis
559 1406 702 1461 facta
726 1416 812 1462 est
843 1423 942 1477 per
968 1407 1166 1464 Jonam
1205 1424 1218 1462 :
1253 1408 1307 1463 in
1334 1408 1419 1463 eis
1446 1418 1534 1464 est
1573 1409 1843 1464 absconsa
1874 1424 2024 1464 mar-
2132 1408 2362 1476 ptizatus
2415 1413 2490 1460 est
2543 1406 2713 1460 etiam
2754 1403 2944 1459 Simon
2992 1402 3188 1474 Magn:
3234 1403 3277 1466 ³,
3335 1411 3394 1457 et
3462 1399 3717 1457 ascendit

419 1497 607 1568 garita
651 1499 865 1568 paterni
921 1499 1173 1570 fulgoris.
1226 1500 1335 1554 Per
1390 1500 1690 1556 Iordanem
1742 1500 1888 1556 facta
1938 1511 2028 1555 est
2126 1498 2307 1568 qualis
2340 1497 2630 1553 descendit
2666 1497 2816 1551 :boc
2850 1505 2954 1559 est,
2990 1510 3104 1565 non
3136 1481 3517 1549 illuminatus.’
3541 1493 3719 1547 Aliter

419 1595 692 1661 purgatio
733 1600 1037 1658 creaturze;
1090 1608 1157 1646 ex
1208 1592 1369 1663 aquis
1409 1591 1552 1647 facta
1606 1601 1694 1648 est
1742 1590 2029 1647 fructuum
2126 1593 2276 1646 enim
2321 1589 2578 1657 adicitur,
2638 1590 2698 1644 in
2741 1589 2811 1644 iis
2856 1590 2984 1644 dico
3041 1588 3137 1657 qui
3188 1587 3567 1656 haptizantur,
3619 1595 3718 1640 cor

417 1684 806 1754 germinatio:
841 1700 907 1739 ex
932 1685 1093 1754 aquis
1118 1684 1225 1739 fuit
1253 1684 1513 1754 paradisi.
1538 1684 1810 1755 irrigatio.
2127 1682 2353 1765 gentilis
2397 1690 2454 1738 et
2486 1681 2733 1747 barbari,
2765 1680 2860 1751 qui
2901 1688 2989 1735 est
3033 1678 3261 1734 omnino
3287 1678 3517 1748 ignarus
3550 1675 3717 1731 Chri-

501 1776 647 1830 Ante
689 1777 876 1829 omnia
905 1792 1063 1845 aquae
1097 1776 1154 1830 in
1188 1776 1467 1846 principio
1500 1781 1842 1844 acceperunt
1877 1774 2023 1830 lucis
2059 1830 2100 1886 u
2130 1774 2403 1830 stianismi
2447 1781 2505 1828 et
2550 1773 2967 1843 Scripturarum
3007 1771 3141 1837 Dei;
3174 1779 3231 1825 et
3271 1769 3383 1825 alio
3406 1768 3594 1825 animo
3622 1782 3717 1824 ac-

422 1869 921 1934 illuminationem,
953 1878 1014 1923 ut
1046 1885 1169 1939 quae
1216 1869 1496 1925 ferrentur
1522 1884 1691 1937 super
1723 1876 1929 1923 terram
1963 1875 2023 1921 et
2061 1862 2100 1886 "
2128 1868 2279 1924 cedit
2312 1870 2360 1923 is
2387 1868 2483 1938 qui
2509 1877 2595 1923 est
2625 1868 2918 1939 institutus
2937 1875 2995 1922 et
3024 1864 3281 1921 initiatus
3306 1864 3365 1918 in
3398 1862 3719 1934 cognitione

422 1976 557 2016 eam
605 1960 880 2014 alluerent
906 1976 971 2015 ac
1004 1960 1304 2030 tinget-ent,
1348 1968 1405 2014 et
1450 1957 1850 2029 propemodum
1881 1971 2024 2027 ριγη-
2127 1971 2184 2017 et
2215 1961 2606 2031 inteiligentia,
2651 1969 2708 2015 et
2758 1969 3020 2029 tanquam
3055 1958 3217 2028 prius
3260 1957 3608 2012 illuminatus
3661 1956 3717 2011 in

429 2051 688 2106 dicarem
733 2063 953 2103 omnem
995 2049 1295 2104 humanam
1346 2058 1606 2104 naturam
1632 2063 1758 2118 quae
1780 2056 1903 2101 erat
1925 2045 2026 2100 ba-
2127 2055 2337 2111 Christi
2364 2062 2733 2110 sacramento.
2755 2053 2916 2110 Unde
2941 2067 3160 2118 rursus,
3188 2066 3319 2107 cum
3348 2051 3681 2122 baptismate
3701 2090 3717 2115 ,

432 2142 714 2213 ptizanda.
757 2141 1128 2208 Quamobrem
1175 2142 1344 2196 tertio
1377 2140 1468 2196 die
1501 2156 1643 2209 aqua
1677 2138 1931 2194 ascendit
1957 2152 2026 2193 ex

2127 2149 2471 2219 propheticis
2518 2146 2973 2211 eharismatibus,
3030 2153 3088 2202 et
3140 2145 3370 2217 linguis,
3422 2153 3481 2200 et
3518 2144 3716 2215 signis,

429 2234 1013 2308 baptismogejusmodi
1037 2250 1333 2304 aquarum.
1368 2244 1430 2289 ut
1456 2248 1581 2302 quae
1611 2232 1667 2286 in
1694 2231 2026 2295 Trinitatem
2128 2250 2186 2295 et
2216 2239 2680 2311 praenotionibus,
2711 2238 2864 2309 digni
2893 2237 3072 2293 habiti
3102 2248 3233 2294 sunt
3262 2236 3518 2291 nonnulli
3553 2251 3622 2290 ex
3649 2236 3720 2292 iis

426 2327 620 2382 Patris
668 2333 725 2381 et
766 2325 891 2379 Filii
930 2333 987 2378 et
1024 2324 1268 2393 Spiritus
1309 2322 1485 2378 sancti
1533 2320 1816 2391 baptizata
1849 2319 1925 2374 sit
1971 2327 2029 2373 et

2130 2336 2226 2405 qui
2246 2333 2562 2403 cognitione
2587 2332 2885 2387 illuminati
2900 2331 3246 2387 accedebant
3262 2330 3337 2385 ad
3348 2331 3713 2401 baptismum,

426 2417 760 2472 crediderit.
808 2415 983 2483 Quam
1031 2415 1258 2486 quidem
1300 2430 1428 2470 cum
1463 2414 1611 2469 Deus
1655 2420 1913 2482 tanquam
1960 2428 2029 2467 ex
2131 2426 2317 2485 statim
2365 2425 2549 2480 effecti
2601 2424 2673 2478 ab
2720 2424 2845 2478 aliis
2884 2423 3094 2477 diversi
3137 2432 3201 2477 et
3247 2422 3466 2476 mutati.
3507 2422 3719 2477 Novam

426 2509 626 2579 aliqua
679 2524 947 2579 aquarum
992 2507 1206 2577 βῖεοίηθ
1258 2504 1566 2567 cauisse“
1633 2505 1821 2559 διθῐίιη
1868 2502 2030 2575 iubet
2131 2527 2316 2573 autem
2353 2517 2499 2577 hanc
2516 2516 2923 2586 baptizatorum
2950 2514 3032 2569 ad
3066 2531 3131 2569 ea
3166 2530 3293 2585 quas
3320 2522 3453 2569 sunt
3486 2514 3721 2570 meliora

427 2604 592 2659 ferre
635 2602 871 2667 fructus,
925 2602 1327 2657 convenienter
1382 2599 1643 2671 Baptistae
1664 2596 1886 2660 Joanni,
1932 2597 2030 2666 qui

2133 2609 2499 2663 mutationem
2515 2606 2845 2676 significans
2867 2603 2959 2659 Sol
2976 2604 3225 2675 iustitiae,
3259 2603 3496 2658 mutavit
3520 2617 3719 2673 aquam

429 2697 512 2751 iis
532 2696 627 2766 qui
649 2696 1072 2767 baptizabantur
1098 2694 1454 2765 praecipiebat
1474 2701 1532 2747 et
1564 2692 1786 2747 dicebat
1813 2708 1826 2744 :
1850 2689 2032 2753 Facite
2133 2701 2327 2763 maris,
2373 2714 2497 2753 eam
2531 2697 2683 2753 imus
2712 2704 2772 2751 ει
2793 2704 2953 2749 extra
2986 2695 3188 2750 salsam
3225 2694 3465 2749 reddens
3493 2711 3509 2748 ς
3539 2708 3720 2764 quan—

432 2791 641 2862 {ructus
685 2790 869 2860 dignas
914 2791 1237 2858 pwnitentiae
1276 2790 1325 2855 ¹;
1374 2789 1492 2859 ipse
1540 2801 1765 2856 quoque
1815 2784 2027 2866 dicens,
2133 2791 2432 2862 doquidem
2472 2789 2553 2844 sal
2591 2787 2951 2844 est-Verbum
2976 2786 3115 2851 Dei,
3135 2786 3337 2841 tollens
3365 2800 3533 2840 omne
3563 2785 3722 2839 virus

430 2883 709 2939 Germinet
762 2891 907 2937 terra
942 2885 1160 2942 herbam
1203 2881 1329 2951 feni,
1367 2890 1415 2934 et
1452 2880 1655 2949 tignum
1693 2876 2032 2948 fructiferum
2133 2889 2190 2938 et
2221 2897 2447 2937 onlnem
2471 2880 2725 2935 fmtorem
2760 2892 3079 2948 expurgatis
3123 2887 3182 2932 et
3229 2876 3719 2947 putrefactionem,

429 2975 640 3045 faciens
660 2975 912 3043 fructum.
947 2974 1217 3029 Existimo
1265 2973 1498 3028 herbam
1531 2987 1655 3027 esse
1684 2980 2030 3041 peccatores,
2090 2991 2372 3047 \corpora
2423 2972 2767 3036 custodiens,
2822 2972 2968 3028 cibis
3000 2970 3377 3033 benefaciens,
3431 2978 3491 3025 et
3522 2982 3722 3040 partem

428 3068 589 3138 ligna
638 3067 950 3129 fructifera,
972 3066 1311 3138 justos;.Dei
1335 3080 1472 3121 voce
1498 3065 1662 3120 nobis
1686 3063 2033 3134 signiﬁcante
2135 3067 2417 3122 caelestem
2462 3063 2683 3121 uniens.
2721 3063 2881 3121 Unde
2924 3071 2983 3119 et
3007 3062 3264 3119 Christus
3316 3061 3724 3131 iis~exprobrat

430 3159 591 3229 quod
630 3169 753 3229 post
800 3160 1143 3229 baptismum
1177 3159 1595 3233 generabuntur
1618 3156 1870 3227 quaedam
1894 3171 2034 3211 escae
2060 3173 2102 3230 ο
2134 3161 2228 3231 qui
2255 3162 2339 3215 sal
2374 3158 2651 3231 ejusmodi
2696 3159 2753 3212 in
2798 3172 2861 3212 se
2892 3172 3006 3211 non
3026 3155 3247 3210 habent
3287 3162 3345 3210 et
3372 3152 3721 3208 custodiunt.

430 3266 703 3322 pecorum
760 3260 819 3306 et
898 3252 1233 3315 daemonum,
1290 3259 1348 3306 et
1381 3251 1523 3321 ignis
1568 3249 1803 3305 materia
1847 3265 1915 3303 ex
1944 3264 2032 3303 so—
2206 3255 2306 3309 Est
2359 3252 2614 3323 quaedam
2644 3238 2997 3306 admirabilis
3022 3249 3178 3303 ratio
3223 3247 3279 3301 in
3310 3255 3509 3302 natura
3544 3261 3724 3317 aqua-

432 3343 626 3399 cordia
659 3358 723 3398 ac
768 3343 1105 3414 negligentia
1141 3352 1400 3413 tanquam
1440 3343 1589 3406 feno,
1647 3356 1757 3396 non
1785 3340 1892 3394 hoc
1921 3341 2032 3394 Deo
2132 3356 2278 3411 ru’m,
2332 3346 2496 3402 valde
2530 3344 2785 3416 apposita
2808 3352 2889 3397 .et
2924 3341 3269 3397 conveniens
3309 3340 3715 3411 regenerationi

425 3435 686 3507 iubente,
736 3437 832 3491 sed
882 3436 1031 3513 quod
1082 3436 1335 3509 futurum
1378 3433 1502 3489 erat
1544 3432 2027 3504 praesignificante.
2131 3436 2502 3509 baptismatis,
2539 3435 2766 3507 quat-ﬁt
2813 3434 2935 3489 sine
2986 3434 3201 3489 semine
3248 3441 3311 3489 et
3339 3433 3722 3505 corruptione.

430 3528 703 3583 Nonnulli
745 3538 930 3585 autem
981 3539 1239 3598 tanquam
1280 3529 1337 3582 in
1396 3526 1731 3583 nemoribus
1763 3535 1821 3580 et
1854 3525 2032 3581 hortis
2130 3530 2291 3595 Nam,
2328 3538 2392 3583 ut
2424 3530 2620 3584 dicunt
2666 3528 2999 3599 quiuerunt
3029 3526 3283 3597 piscandi
3325 3537 3527 3591 artem,
3558 3527 3725 3584 habet

430 3620 683 3676 fructum
736 3623 1000 3689 ferentes,
1032 3622 1204 3676 veluti
1254 3622 1308 3675 in
1349 3620 1515 3695 trium
1547 3619 1823 3674 arborum.
1857 3618 2027 3687 ligno,
2130 3622 2356 3693 quidem
2390 3622 2626 3692 piscium
2656 3630 2854 3676 natura
2888 3621 3261 3685 masculinum
3302 3628 3361 3676 et
3390 3620 3723 3676 femininum

432 3710 869 3769 subinclina’tam
905 3713 1197 3769 habebunt.
1218 3728 1443 3768 crucem
1469 3727 1634 3782 quam
1654 3712 2032 3781 complectan-
2131 3728 2327 3769 sexum
2356 3722 2635 3778 natantes,
2667 3721 2726 3769 et
2762 3715 2909 3767 inter
2955 3728 3158 3767 senon
3211 3722 3449 3779 coeunt;
3476 3713 3579 3769 sed
3603 3714 3725 3769 sine

431 3817 551 3871 tur,
597 3823 720 3877 qua:
746 3807 1082 3877 germinavit
1112 3822 1179 3865 ex
1223 3807 1403 3861 tribus
1432 3807 1634 3876 lignis;
1680 3806 1823 3867 bene
1878 3804 2032 3860 colo-
2131 3809 2343 3864 semine
2390 3823 2458 3862 ex
2491 3823 2632 3878 aqua
2683 3807 3181 3877 et-spirituveluti
3211 3806 3725 3877 pariunt;.proprie

432 3910 620 3957 ratum
660 3900 1036 3969 producentes
1069 3899 1314 3955 fructum
1356 3900 1574 3955 animae
1621 3897 2028 3957 sanctificatio-
2130 3910 2195 3957 et
2221 3902 2341 3956 sine
2373 3900 2744 3965 dubitatione,
2773 3915 2842 3954 eo
2889 3898 3157 3968 exunplo.
3173 3896 3521 3969 signiﬁcante
3553 3897 3723 3968 spiri-

432 4008 590 4055 nem,
623 3991 905 4049 Christum
930 3992 1304 4061 invocantem,
1338 3994 1433 4063 qui
1456 3993 1517 4047 in
1536 3992 1722 4051 erucis
1749 4007 1819 4047 ex
1848 3990 2031 4047 tribus
2132 3996 2340 4052 tualem
2360 3996 2426 4050 'et
2466 3995 2590 4050 sine
2625 3995 2842 4049 semine
2866 4000 3119 4048 nostram
3149 4007 3407 4062 exaqua.
3431 3998 3491 4046 et
3516 3990 3722 4062 spiritu

432 4087 739 4145 arboribus
780 4086 1052 4161 confecta;
1085 4086 1237 4157 ligno
1268 4085 1606 4142 recubuerat
1630 4092 1690 4140 et
1712 4083 2037 4147 obdormie-
2130 4088 2571 4161 generationem,
2612 4086 2682 4142 de
2705 4102 2816 4157 qua
2842 4085 3055 4141 dictum
3094 4092 3185 4140 est
3209 4084 3371 4140 :VNon
3400 4101 3465 4140 ex
3492 4087 3724 4157 sangui-

434 4192 547 4237 rat.
600 4182 763 4236 Forte
796 4180 946 4235 enim
973 4181 1122 4236 sicut
1145 4180 1313 4236 tertio
1354 4180 1468 4245 die,
1498 4177 1686 4235 herba:
1710 4186 1770 4232 et
1800 4176 2031 4239 arbores
2131 4182 2302 4243 nibus,
2326 4196 2492 4250 neque
2519 4195 2583 4232 ea:
2612 4177 2883 4232 voluntate
2908 4178 3031 4242 viri,
3052 4177 3146 4231 sed
3165 4176 3373 4231 em'Deo
3401 4179 3517 4232 nati
3537 4186 3661 4233 sunt
3680 4178 3721 4233 ⁵.

431 4273 722 4345 frugiferae
767 4281 898 4328 sunt
943 4281 1107 4345 typus
1132 4281 1485 4343 peccatorum
1515 4280 1572 4326 et
1606 4272 1921 4342 iustorum;
1953 4270 2037 4324 ita
2128 4272 2333 4328 Dicunt
2360 4280 2548 4327 autem
2574 4279 2632 4327 et
2662 4269 3021 4334 testudinem,
3054 4285 3185 4340 quae
3200 4269 3431 4337 dicitur,
3455 4279 3514 4325 et
3535 4285 3727 4324 mure-

431 4365 608 4421 etiam
634 4365 689 4420 in
709 4366 908 4435 quinto
936 4365 1356 4436 diegproposito,
1382 4365 1565 4434 pisces
1593 4364 1819 4434 quidem
1849 4364 1945 4434 qui
1968 4363 2040 4418 in-
2130 4379 2258 4419 nam
2305 4362 2495 4418 coire:
2540 4362 2638 4418 sed
2673 4360 2825 4432 quod
2864 4377 3054 4418 rerum
3076 4375 3209 4429 est,
3234 4377 3350 4417 non
3390 4369 3478 4418 est
3504 4362 3595 4417 lex
3625 4362 3729 4417 Ec-

433 4472 586 4527 aqua
630 4457 926 4529 tinguntur
965 4467 1025 4514 et
1058 4473 1182 4515 non.
1213 4458 1530 4527 suscipiunt
1557 4472 1749 4512 auram
1778 4473 1885 4513 nec
1912 4457 2030 4527 spi-
2064 4525 2104 4539 n
2132 4454 2476 4511 clesiae.vSed
2509 4455 2775 4524 quoniam
2806 4463 3049 4525 utraque
3077 4454 3197 4512 hac
3226 4456 3493 4539 animalia
3510 4457 3725 4513 marina

434 4525 567 4605 ra—nt
604 4525 865 4621 spiritum
894 4550 992 4620 qui
1037 4549 1214 4606 fertur
1255 4525 1426 4621 super
1466 4565 1689 4620 aquam,
1722 4560 1854 4606 sunt
1898 4525 2109 4620 pec-«0
2137 4555 2203 4603 et-
2219 4547 2503 4612 coeuntia,
2532 4546 2588 4602 in
2616 4554 2821 4603 terram
2845 4563 2919 4602 ex.
2936 4547 3098 4621 armis
3121 4525 3510 4620 egrediuntur,
3555 4549 3728 4604 vitam

432 4617 659 4699 catorcs
692 4644 789 4714 qui
827 4617 996 4700 etiam
1048 4652 1176 4714 post
1216 4617 1552 4714 baptismum
1588 4644 1647 4701 in
1676 4617 2026 4714 voluptatum
2133 4637 2341 4707 degunt
2380 4635 2682 4706 ancipitem
2728 4644 2788 4691 et
2831 4651 2942 4693 non
2971 4617 3363 4694 vivunt‘more
3406 4638 3726 4693 natatilium

432 4735 717 4807 profundo
745 4746 802 4792 et
834 4737 1103 4795 ﬂuctibus
1132 4743 1481 4807 permanent,
1526 4747 1586 4793 et
1617 4737 1834 4806 peccati
1867 4737 2031 4793 virus
2133 4727 2521 4784 animantium.
2548 4725 2705 4789 Unde
2734 4741 2801 4783 ea
2830 4728 3059 4796 quidem
3083 4743 3208 4798 quae
3232 4728 3442 4785 dicitur
3468 4744 3725 4794 murena,

432 4842 553 4883 non
594 4828 1000 4899 deposuerunt,
1045 4845 1229 4900 neque
1277 4829 1463 4887 Solem
1508 4829 1739 4903 iustitiae
1797 4846 2030 4901 aspexo-
2130 4837 2163 4877 e
2194 4823 2334 4875 mari
2356 4819 2651 4891 egrediens
2681 4819 2815 4886 coit,
2848 4821 3119 4885 utaiunt.
3150 4836 3281 4878 eum
3314 4834 3578 4891 serpente
3600 4836 3727 4875 ma-

433 4926 595 4984 runt,
647 4936 830 4990 neque
875 4922 993 4976 alas
1021 4921 1293 4977 columbae
1327 4921 1547 4992 (nempe
1580 4921 1830 4993 spiritus)
1872 4937 2030 4981 acce-
2135 4915 2281 4970 nino.
2334 4914 2552 4973 Etenim
2605 4916 2929 4985 quicunque
2976 4916 3182 4972 nolunt
3241 4923 3455 4985 patrem
3518 4913 3728 4971 habere

432 5020 683 5081 perunt;
729 5022 792 5068 et
826 5013 954 5069 ideo
1005 5029 1118 5069 non
1151 5020 1387 5084 possunt
1422 5015 1648 5070 evolare
1702 5014 1758 5069 in
1796 5015 2023 5081 caelum,
2137 5005 2454 5068 Dominum,
2490 5014 2797 5063 etmatrem
2828 5004 3128 5075 piscinam,
3155 5003 3254 5060 sed
3285 5002 3412 5061 ﬁcte
3440 5010 3499 5058 et
3547 5002 3727 5058 simu-

432 5102 538 5159 sed
584 5114 973 5161 remanserunt
1013 5108 1253 5177 reptilia,
1289 5117 1346 5161 et
1394 5121 1508 5163 non
1540 5115 1671 5162 sunt
1714 5106 2029 5169 eﬂ‘eaiuo-
2134 5097 2267 5160 late.
2296 5105 2369 5155 ιι
2412 5096 2626 5163 Simon.
2682 5096 2957 5153 accedunt
3005 5096 3075 5152 ad
3126 5095 3486 5166 baptismum.
3522 5093 3563 5148 ii
3614 5092 3725 5155 Sibi

430 5197 623 5261 lucres
666 5198 811 5256 sicut
858 5199 1018 5269 justi.
1064 5198 1311 5266 Quorum
1364 5199 2026 5270 quidemvirulentorum
2136 5205 2333 5247 l‘m‘SHS
2381 5200 2593 5260 Patrem
2636 5188 2924 5246 ascribunt
2969 5189 3257 5246 άίθδοιωη
3279 5187 3570 5258 antiquum
3601 5202 3723 5243 δεῖ·

436 5296 517 5345 et-
547 5288 865 5347 fmtidorum
911 5292 1147 5361 piscium
1182 5308 1278 5348 rex
1306 5299 1430 5355 .est,
1471 5307 1728 5362 magnum
1781 5292 1917 5347 illud
1968 5300 2028 5348 et

2134 5292 2376 5353 pentem,
2413 5291 2471 5338 et
2504 5281 2757 5348 audiunt,
2809 5281 2906 5337 Vos
2960 5299 3024 5337 ex
3070 5289 3225 5353 patre
3273 5288 3461 5337 vestro
3494 5281 3721 5336 .diaboto

432 5378 747 5450 malignum
775 5392 953 5445 cetus,
989 5382 1058 5438 de
1098 5398 1211 5452 quo
1247 5384 1397 5439 Deus
1417 5383 1561 5438 dicit
1592 5383 1734 5439 Joho
1765 5400 1784 5437 :
1819 5383 1918 5438 Hic
1947 5392 2024 5438 est

2133 5376 2257 5430 estis
2286 5375 2329 5439 ⁵,
2359 5383 2416 5437 et
2445 5374 2722 5445 abnegant
2768 5372 3721 5451 aquam.piscinae..Non.enim,na-

435 5485 537 5524 rea:
587 5473 824 5527 omnium
877 5475 970 5543 qui
1017 5482 1145 5529 sunt
1198 5476 1275 5529 in.
1297 5476 1453 5544 aquis
1494 5476 1542 5530 .².
1584 5475 1853 5531 Existimo
1884 5490 2025 5547 ergo
2132 5477 2365 5525 scuntur
2390 5468 2446 5523 in
2473 5476 2654 5534 ea;et
2687 5467 3018 5524 accedentes
3057 5467 3113 5522 in
3138 5476 3371 5531 terram,
3401 5464 3721 5535 suscipiunt

432 5563 590 5631 quod
610 5564 715 5631 hac
740 5564 810 5620 de
832 5581 1019 5631 causa,
1045 5565 1100 5621 in
1125 5567 1485 5636 generatione
1508 5567 1735 5635 quidem
1773 5566 2025 5622 animan-
2131 5562 2547 5632 generationem
2587 5575 2711 5630 quae
2745 5569 2834 5616 est
2869 5558 3220 5615 conversatio
3255 5567 3315 5614 et
3338 5557 3457 5615 vita
3493 5555 3722 5611 minime

441 5667 578 5707 unm
611 5670 681 5710 ex
704 5665 873 5722 terra,
904 5657 1049 5713 Deus
1077 5657 1219 5713 dixit
1251 5676 1265 5712 :
1301 5657 1570 5712 Producat
1601 5669 1749 5713 terra
1781 5659 2022 5713 animam
2132 5655 2462 5721 illuminata,
2506 5670 2639 5709 nam
2674 5669 2844 5724 supra
2887 5669 3106 5725 aquam,
3154 5667 3266 5707 non
3297 5665 3465 5720 supra
3515 5656 3720 5704 terram

502 5767 551 5798 ³⁷
588 5768 729 5824 Psal.
766 5784 960 5832 curn.
1010 5774 1093 5827 ‘8.
1172 5774 1216 5805 ’⁸
1253 5774 1411 5829 Joan.
1460 5790 1551 5840 vn,
1590 5775 1678 5830 38.
1754 5776 1801 5808 ”
1835 5775 1993 5832 Joan.
2043 5790 2116 5838 tv,
2160 5768 2248 5836 23,
2284 5769 2368 5825 M.
2454 5774 2470 5804 ¹
2513 5770 2706 5827 Matth.
2743 5788 2820 5839 in,
2881 5771 2935 5826 8.
3012 5771 3032 5802 '
3068 5768 3174 5824 Job
3230 5785 3338 5835 xu,
3381 5767 3471 5824 35.
3554 5768 3717 5823 ‘Act.

435 5852 553 5907 ml,
605 5841 692 5894 15.
768 5841 789 5871 ³
834 5842 970 5899 Joau
1020 5861 1063 5909 ι,
1105 5844 1187 5900 15.
1265 5844 1285 5875 ⁸
1318 5844 1472 5902 Joan.
1524 5863 1639 5916 vui,
1693 5848 1782 5902 Η.
