4098 6582
408 375 516 444 929

1618 382 1678 443 S.
1714 382 2119 445 ANASTASII
2157 384 2483 448 SIN‘AITﬂ

3584 378 3691 448 920

410 503 578 560 super
607 486 876 559 terebratur
909 486 1167 562 Spiritus.
1215 490 1462 548 Testudo
1489 501 1698 559 autem,
1732 503 1994 565 tanquam
2027 500 2071 557 Α
2099 498 2193 567 qui
2220 498 2402 568 ipsum
2422 512 2616 553 rursus
2645 503 2929 553 evomunt.
2960 496 3069 553 Sed
3099 510 3213 552 non
3240 509 3376 553 eum
3409 493 3509 566 qui
3534 494 3686 566 prius

411 579 804 637 aversantibus
824 590 883 635 et
908 580 1346 638 abhorrentibus
1375 583 1555 654 aquis,
1590 584 1714 654 ejus
1747 584 1994 656 iniquam

408 688 476 727 ex
516 672 728 728 semine
759 682 817 729 et
858 674 1009 728 ﬂuxu
1045 676 1498 746 conceptionem,
1534 677 1589 731 in
1625 675 1771 731 hanc
1795 684 1999 733 terram

409 764 740 820 amandatur
774 774 833 820 et
864 766 980 822 illic
1014 783 1118 822 ova
1167 768 1390 838 pariens
1420 784 1486 824 ea
1518 769 1782 834 occultat,
1822 769 1877 824 in
1912 777 1998 842 ty—

412 872 543 926 pum
574 872 767 913 eorum
808 858 904 928 qui
952 874 1147 915 revera
1193 875 1265 914 ex
1293 876 1437 931 aqua
1487 861 1835 932 baptismatis
1866 878 2001 918 ena-

415 958 532 1003 tant
576 965 678 1019 per
708 950 912 1021 ipsum,
955 950 1292 1007 intrinsecus
1350 960 1537 1009 autem
1577 953 1764 1010 adhuc
1817 955 2001 1011 celant

358 1060 363 1065 υ
416 1042 722 1112 improbam
753 1043 984 1099 seminis
1030 1046 1471 1115 generationem,
1518 1053 1576 1101 et
1624 1056 1853 1118 propter
1892 1047 2002 1102 bu-

416 1148 640 1188 manum
680 1135 822 1190 forte
862 1135 1137 1206 pudorem
1173 1153 1296 1192 eam
1342 1137 1495 1192 foras
1546 1153 1660 1193 non
1711 1139 2000 1197 emittunt.

414 1225 588 1280 Nemo
616 1235 804 1281 autem
847 1226 1082 1282 irrideat
1117 1228 1365 1299 exempla
1409 1229 1478 1284 de
1525 1229 1808 1297 testudine
1835 1232 2004 1302 etpl-

414 1318 625 1382 scibus,
672 1320 907 1375 audiens
940 1319 1196 1376 divinam
1233 1321 1600 1392 Scripturam,
1630 1334 1689 1379 et
1722 1334 2000 1390 vermem,

414 1420 471 1465 et
513 1421 829 1481 serpentem
871 1414 1317 1484 aeneum,880
1340 1421 1398 1468 et
1424 1414 1668 1482 leonem,
1701 1425 1758 1472 et
1789 1417 2003 1488 virgam

415 1504 705 1559 nominare
728 1503 1009 1560 Christum
1038 1521 1055 1560 :
1085 1506 1181 1575 qui
1207 1506 1394 1561 omnia
1424 1516 1534 1563 tam
1566 1508 1777 1579 abiecta
1809 1516 1867 1563 et
1896 1509 2004 1564 mi-

414 1597 697 1664 serabilia,
733 1613 902 1668 quam
930 1599 1173 1655 maxima
1199 1599 1336 1655 fecit
1367 1600 1424 1655 in
1452 1600 1745 1673 sapientia.
1778 1661 1785 1667 ε

485 1690 595 1747 Sed
643 1691 939 1747 redeamus
969 1692 1038 1747 ad
1073 1693 1444 1764 propositum,
1494 1710 1689 1749 rursus
1724 1700 2006 1749 Sumentes

415 1782 629 1839 dictum
651 1784 951 1841 Mosaicum
977 1804 993 1854 ;
1030 1786 1168 1842 dicit
1189 1786 1361 1851 enim,
1395 1786 1468 1840 Et
1496 1786 1789 1841 dixitDeus
1819 1801 1837 1839 :
1866 1786 2007 1841 Pro-

414 1877 616 1934 ducant
637 1894 793 1951 aqua:
813 1880 1030 1951 reptilia
1067 1882 1380 1936 animarum
1405 1881 1695 1936 viventium
1720 1880 2015 1935 secundum

411 1971 821 2040 firmamentum
843 1974 978 2029 casti.
1000 1974 1072 2028 Et
1095 1975 1297 2045 factum
1328 1982 1404 2030 est
1432 1976 1526 2029 sic.
1553 1968 1803 2030 Collo'éat
1830 1975 2011 2044 pisces

413 2071 544 2117 ante
589 2062 869 2130 volucres,
915 2064 1111 2121 dicens
1142 2064 1308 2120 nobis
1342 2064 1489 2120 Deus
1529 2064 1682 2135 quod
1716 2064 2016 2135 reptilibus

413 2163 471 2210 ct
514 2172 637 2228 quas
670 2158 825 2213 humi
878 2167 936 2214 et
977 2159 1035 2213 in
1072 2166 1221 2215 terra
1263 2168 1560 2216 versantur
1598 2160 1820 2225 animis,
1871 2158 2012 2214 limat

412 2251 674 2307 volucres
720 2251 847 2308 coeli
910 2252 1165 2307 volantes
1215 2267 1385 2322 super
1439 2261 1647 2308 terram
1700 2251 2017 2307 secundum

414 2341 827 2399 ﬁrmamentum
876 2344 1039 2409 caeli;
1081 2353 1142 2400 et
1184 2344 1256 2399 ad
1312 2344 1681 2399 imitationem
1735 2343 2015 2408 omnium,

414 2429 763 2498 spiritualem
787 2432 1115 2503 angelorum
1141 2432 1447 2489 ostendunt
1467 2434 1658 2488 vitam.
1686 2432 2017 2504 Cujusmodi

414 2531 502 2575 est
532 2520 625 2577 illa
657 2522 902 2579 volucris
929 2540 1054 2594 qua:
1098 2524 1313 2580 volavit
1342 2540 1518 2596 usque
1547 2526 1615 2580 ad
1645 2527 1869 2581 tertium
1900 2542 2012 2582 cas-

414 2614 530 2668 lum
553 2621 616 2669 et
634 2613 813 2670 dixit:
842 2614 1042 2671 Nostra
1063 2624 1244 2673 autem
1265 2619 1595 2672 conversatio
1622 2621 1779 2673 est-in
1804 2619 1949 2674 caelis
1967 2619 2009 2672 ⁸.

417 2709 526 2764 Et:
571 2707 880 2763 Imitatores
919 2711 1026 2764 mei
1055 2709 1126 2764 de
1160 2719 1365 2766 caetero
1409 2719 1606 2778 estote,
1646 2712 1782 2766 sicut
1823 2720 1872 2765 et
1918 2729 2014 2782 ego

419 2801 616 2861 Christi
660 2803 705 2855 ⁷·.
758 2801 1049 2868 Quomodo
1095 2811 1284 2858 autem
1349 2803 1572 2873 reptilia
1626 2813 1792 2859 vocat
1834 2804 2016 2874 pisces

418 2893 514 2962 qui
563 2891 770 2947 cadunt
815 2893 920 2948 sub
961 2891 1427 2963 intelligentiam?
1453 2892 1673 2962 Repere
1706 2893 1854 2948 enim
1886 2908 2018 2963 pro-

421 2984 540 3054 prie
566 2983 780 3040 dicitur
829 2984 901 3040 de
950 2984 1021 3039 iis
1070 3000 1197 3055 qua:
1230 2984 1534 3040 trahuntur
1561 2992 1619 3039 et
1650 2995 1883 3056 serpunt
1915 3000 2015 3055 per

421 3088 649 3144 terram,
694 3087 758 3134 ut
808 3093 1058 3149 serpens.
1104 3078 1226 3145 Quo
1270 3077 1333 3134 ﬁt
1397 3086 1460 3133 ut
1503 3078 1636 3134 hinc
1674 3079 1756 3135 sic
1802 3080 2016 3149 perspi-

2100 591 2438 658 int'lexibilis,
2487 591 2686 647 didicit
2737 591 2913 662 magis
2968 605 3091 647 esse
3124 590 3417 661 benignus,
3444 589 3684 645 clemens

2098 693 2155 739 et
2180 684 2498 739 misericors
2516 682 2891 754 postCrucem
2921 698 3089 753 quam
3113 681 3406 752 ﬁgurabat,
3440 689 3499 736 et
3522 680 3684 736 trium

2099 777 2317 834 dierum
2357 760 2701 849 sepulturam
2728 793 2742 830 :
2773 776 3090 847 significans
3139 790 3267 831 eum
3297 775 3393 847 qui
3428 774 3547 829 haec
3572 784 3685 829 erat

2101 883 2386 939 passurus,
2422 883 2525 938 pro
2556 868 2626 923 iis
2667 866 3015 922 intercedere
3050 866 3148 936 qui
3187 880 3316 921 eum
3355 862 3688 935 cruciﬂgunt

2102 967 2160 1015 et
2201 960 2365 1015 malis
2392 958 2660 1031 alliciunt.
2689 959 3002 1014 Puerorum
3034 971 3259 1028 quoque
3289 954 3582 1012 Canticum
3609 955 3693 1009 in;

2103 1054 2259 1110 ducit
2301 1055 2419 1124 ipsa
2455 1063 2578 1111 cete
2625 1054 2798 1109 Deum
2825 1051 3179 1112 honorantia,
3220 1065 3348 1105 cum
3374 1048 3515 1103 dicit
3547 1069 3563 1103 ;
3592 1048 3719 1102 Be--

2104 1149 2348 1213 nedicite,
2372 1157 2481 1203 cete
2529 1156 2581 1202 et
2636 1147 2817 1202 omnia
2862 1161 2982 1217 qua:
3026 1151 3305 1199 moventur
3352 1146 3409 1197 in
3469 1143 3621 1213 aquis
3646 1143 3690 1205 ἠ

2106 1242 2357 1297 videntia
2403 1257 2501 1297 eos
2549 1240 2644 1311 qui
2690 1238 2999 1311 peecabant
3030 1238 3315 1307 suscipere
3344 1234 3692 1308 praedicatio-

2104 1347 2256 1397 nem,
2295 1340 2354 1387 et
2396 1333 2584 1387 statim
2629 1330 2855 1385 mutari.

2178 1421 2287 1478 Sed
2325 1437 2453 1477 cum
2494 1422 2563 1477 ad
2596 1423 2748 1476 hunc
2791 1420 3056 1477 dictionis
3105 1427 3425 1476 contextum
3458 1418 3697 1477 venisset

2109 1514 2384 1585 quispiam
2430 1530 2499 1569 ex
2526 1513 2771 1583 antiquis
2794 1513 3225 1583 expositoribus,
3259 1511 3461 1582 quaerit
3502 1526 3697 1580 quam-

2107 1608 2305 1665 obrem
2360 1607 2597 1678 imperat
2640 1607 2789 1661 Deus
2831 1614 3091 1676 tanquam
3134 1605 3416 1675 aliquibus
3446 1604 3591 1668 aliis,
3619 1604 3704 1659 eis

2104 1703 2307 1773 jubens
2327 1707 2383 1756 et
2407 1692 2599 1755 dicens
2630 1698 3084 1769 :Multiplicentur
3108 1698 3349 1752 volucres
3369 1714 3390 1763 ;
3414 1712 3527 1751 non
3552 1696 3699 1751 enim

2110 1794 2178 1849 ad
2213 1793 2502 1848 volucrum
2535 1805 2828 1861 personam
2862 1790 3057 1862 dirigit
3090 1804 3425 1855 sermonem,
3459 1790 3605 1865 sicut
3632 1788 3700 1843 ad

2112 1883 2313 1954 pisces.
2361 1882 2413 1937 ls
2450 1889 2636 1936 autem
2683 1896 2811 1935 cum
2847 1880 2964 1936 haec
3004 1881 3317 1936 dubitasset
3347 1888 3406 1936 et
3449 1881 3697 1944 dixisset,

2112 1974 2338 2045 exponit
2390 1972 2541 2043 quod
2580 1987 2684 2028 nos
2724 1973 2856 2027 hinc
2899 1982 3158 2043 oporteat
3187 1973 3427 2038 discere,
3459 1972 3606 2042 quod
3634 1973 3702 2027 iis

2104 2067 2205 2137 qui
2246 2066 2616 2137 baptizantur,
2660 2073 2721 2120 et
2769 2064 2838 2120 iis
2873 2065 3111 2120 maxime
3155 2065 3252 2135 qui
3309 2065 3367 2118 in
3403 2064 3701 2119 virtutibus

2111 2160 2299 2216 ell'ecti
2333 2167 2469 2215 sunt
2504 2158 2793 2224 volucres,
2844 2173 2874 2212 a
2903 2158 3017 2213 Deo
3051 2157 3257 2212 dantur
3293 2158 3471 2212 sancti
3502 2157 3699 2228 angeli,

2112 2254 2208 2324 qui
2238 2268 2432 2308 eorum
2477 2267 2670 2308 curam
2716 2261 2911 2323 gerant
2939 2261 2997 2306 et
3027 2250 3360 2321 provideant
3389 2250 3456 2306 ad
3504 2250 3702 2305 illumi-

2112 2346 2419 2401 nationem.
2449 2345 2529 2400 Ad
2555 2360 2652 2400 eos
2676 2343 2832 2398 enim
2853 2342 3284 2415 jussum'dirigit
3306 2343 3476 2409 Deus,
3505 2342 3703 2414 j'ubens

2112 2451 2170 2497 et
2202 2439 2394 2495 dicens
2425 2446 2487 2513 με
2516 2437 2959 2508 multiplicantur
3000 2437 3293 2503 volucres:
3329 2436 3438 2491 hoc
3474 2424 3592 2501 est;
3610 2436 3703 2506 qui

2113 2529 2361 2586 caelestia
2409 2529 2632 2599 sapiunt
2663 2536 2719 2583 et
2754 2528 2985 2583 obeunt.
3022 2528 3144 2598 Ipse
3180 2542 3406 2597 quoque
3436 2528 3701 2583 Dominus

2114 2622 2277 2676 nobis
2322 2620 2488 2676 ﬁdem
2531 2620 2686 2687 facit,
2734 2629 2792 2677 et
2818 2620 2985 2676 docet
3015 2620 3240 2690 angelos
3284 2636 3408 2676 esse
3444 2621 3703 2676 custodes

2114 2728 2308 2769 eorum
2326 2713 2421 2780 qui
2448 2712 2685 2768 credunt
2717 2712 2772 2766 in
2796 2713 2998 2782 ipsum.
3029 2711 3175 2767 Dicit
3197 2712 3346 2767 enim
3369 2712 3704 2782 quibusdam

2116 2803 2479 2859 infidelibus:
2519 2803 2699 2859 Videte
2731 2821 2797 2859 ne
2828 2803 3133 2872 despiciatis
3178 2821 3348 2859 unum
3389 2820 3455 2859 ea:
3498 2804 3702 2875 pusillis

2115 2898 2229 2951 istis
2283 2897 2617 2969 qui‘crcdunt
2645 2898 2701 2951 in
2727 2913 2830 2951 me.
2860 2896 2988 2951 Dico
3020 2898 3160 2952 enim
3189 2897 3336 2951 vobis
3360 2898 3503 2967 quod
3530 2893 3707 2969 angeli

2116 3006 2296 3043 eorum
2336 2997 2587 3060 perpetuo
2630 2990 2895 3060 aspiciunt
2926 2990 3116 3061 faciem
3149 2988 3332 3044 Patris
3363 2992 3466 3045 mei
3498 2990 3590 3061 qui
3631 2997 3706 3044 est

2115 3080 2173 3133 in
2215 3079 2353 3134 caelis
2384 3080 2451 3135 η.
2481 3079 2662 3151 Atque
2688 3081 2979 3137 sciendum
3003 3088 3090 3136 est
3112 3082 3336 3152 quidem
3369 3082 3520 3153 quod
3568 3082 3709 3136 nihil-

421 3188 587 3228 cuum
617 3172 768 3242 quod
795 3171 1090 3242 aenigmata
1124 3170 1376 3241 loquitur
1405 3170 1475 3227 de
1505 3170 1863 3236 animalibus,
1886 3187 2012 3241 qua:
2039 3183 2081 3243 (ζ
2114 3187 2184 3227 ex
2227 3172 2446 3242 iisquae
2486 3181 2617 3227 sunt
2649 3181 2834 3227 creata
2874 3187 2979 3227 ser
2996 3171 3218 3236 diebus,
3246 3173 3423 3227 Deum
3456 3171 3705 3227 invenie-

424 3265 742 3321 rel'eruntnr
766 3263 836 3320 ad
868 3264 1143 3319 homines.
1184 3263 1344 3320 Unde
1386 3262 1557 3319 etiam
1597 3263 1655 3318 in
1692 3262 1869 3318 libera
1911 3279 2011 3334 po-

424 3364 621 3412 testate
651 3371 818 3427 quam
866 3356 1016 3411 Deus
1041 3355 1196 3411 dedit
1223 3355 1455 3423 Adamo,
1504 3362 1633 3412 ante
1660 3365 1858 3412 caetera
1888 3355 2010 3411 ani-

423 3450 728 3521 innntia'et
771 3465 975 3520 pecora
1004 3448 1189 3520 posuit
1213 3449 1419 3518 pisces,
1466 3447 1699 3503 dicens:
1731 3446 1803 3501 Et
1846 3448 2014 3518 impe-

423 3553 543 3599 rata
591 3543 817 3614 piscibus
859 3543 1057 3611 maris;
1115 3542 1321 3598 deinde
1366 3540 1505 3596 dicit
1546 3557 1563 3594 :
1599 3540 1671 3596 Et
1716 3538 2012 3595 volucribus

425 3635 564 3702 cali,
600 3645 650 3690 et
668 3635 911 3691 omnibus
949 3636 1243 3708 pecoribus,
1276 3640 1327 3688 et
1361 3635 1626 3689 uniuersae
1656 3641 1835 3698 τιτι-(ε,
1865 3641 1915 3687 et
1946 3634 2012 3689 iis

426 3745 556 3801 σαω-
581 3737 794 3801 reptant
819 3746 981 3801 super
1007 3730 1207 3800 ipsum.
1242 3727 1359 3783 Illis
1389 3727 1541 3783 enim
1578 3733 1666 3781 est
1696 3726 2014 3782 dominatus

425 3831 489 3878 et
518 3823 816 3895 imperavit
864 3822 1147 3880 secundus
1169 3821 1366 3888 Adam,
1397 3835 1497 3891 per
1520 3834 1653 3875 suos
1674 3818 2011 3890 piscatores;
2067 3829 2075 3839 ‘

424 3916 679 3973 Christus
726 3933 948 3988 nempe,
1003 3916 1114 3973 illis
1163 3917 1261 3988 qui
1312 3915 1583 3972 sedebant
1634 3912 1691 3967 in
1739 3909 2015 3982 profundo

430 4009 769 4081 ignorantiae,
824 4010 883 4065 in
916 4009 1161 4066 tenebris
1199 4016 1259 4065 et
1317 4008 1373 4063 in
1414 4007 1610 4062 umbra
1652 4004 1850 4060 mortis
1885 4018 2018 4075 gen-

429 4104 590 4172 tium,
622 4104 681 4160 in
714 4120 863 4176 quos.
879 4118 1075 4160 omnes
1102 4102 1382 4175 regnavit,
1415 4110 1474 4158 et
1520 4114 1757 4173 quorum
1788 4114 1887 4154 rex
1910 4097 2017 4153 fuit

428 4196 485 4252 in
515 4197 677 4267 aquis
708 4196 776 4252 ba
786 4197 1080 4268 ptis‘matis:

496 4289 571 4345 Et
602 4291 724 4360 fecit
751 4290 895 4345 Deus
920 4299 1030 4344 cete
1057 4295 1360 4359 mag-umet
1382 4302 1592 4342 omnem
1623 4286 1865 4349 animam
1891 4284 2015 4338 ani-

429 4382 659 4437 malium
697 4383 973 4454 reptilium
997 4399 1128 4455 quae
1147 4383 1515 4455 produxerunt
1544 4390 1700 4452 aqua
1727 4379 2016 4434 secundum

428 4494 531 4531 sua
568 4492 789 4547 genera,
838 4484 890 4530 et
925 4492 1137 4531 omnem
1168 4475 1432 4530 volucrem
1484 4472 1693 4528 elatam
1730 4471 2016 4526 secundum

430 4584 593 4638 genus
621 4584 798 4622 suum.
832 4568 902 4622 Et
930 4567 1061 4623 uidit
1085 4567 1229 4622 Deus
1251 4566 1389 4639 quod
1422 4565 1668 4637 pulchra,
1687 4572 1736 4618 et
1752 4563 2018 4618 benedixit

431 4678 495 4715 ca
543 4659 686 4715 Deus
719 4660 899 4716 dicens
939 4678 959 4716 :
998 4658 1227 4716 Grescite
1276 4667 1328 4714 et
1374 4657 1830 4730 multiplicamini,
1859 4663 1910 4710 et
1935 4671 2019 4709 re-

431 4751 571 4824 plete
596 4768 779 4824 aquas.
795 4753 851 4807 in
891 4756 1051 4819 mari,
1084 4761 1133 4806 et
1149 4752 1386 4807 uolucres
1410 4750 1826 4822 multiplicemur
1852 4766 2018 4819 supra

431 4858 655 4901 imam.
704 4845 873 4903 lubet
910 4846 1029 4901 ﬁeri
1083 4860 1280 4916 magna
1309 4853 1471 4901 cete:
1514 4858 1714 4914 nempe
1746 4842 1842 4898 Dei
1874 4857 2020 4913 prae-

430 4940 710 4997 alicatores
756 4939 1058 5010 apostolos,
1105 4937 1203 5008 qui
1256 4937 1738 4993 eonturbaverunt
1791 4933 2021 5004 quidem

430 5044 628 5099 aquam
684 5029 885 5095 maris,
934 5036 1009 5083 ut’
1042 5027 1099 5082 in
1140 5027 1284 5083 Jona-
1323 5026 1535 5082 factum
1561 5035 1647 5082 est
1685 5040 1785 5096 per
1836 5033 2012 5079 cetus.

431 5121 581 5190 Quos
618 5123 808 5187 etiam,
843 5136 1023 5192 equos
1067 5119 1298 5193 mystice
1350 5119 1493 5175 dixit
1537 5118 1798 5174 Habacuc
1845 5119 1888 5183 ⁸,
1920 5116 2017 5187 qui

433 5230 587 5271 mare
615 5213 809 5270 mundi
841 5214 1264 5286 perturbarunt,
1298 5222 1356 5269 et
1392 5214 1490 5284 qui
1528 5213 1698 5269 etiam
1734 5211 2018 5284 (tanquam

432 5305 480 5359 si
516 5314 636 5361 cete
676 5306 886 5376 essent)
924 5306 1170 5369 verbum?
1209 5305 1553 5362 devorarunt
1594 5294 1979 5375 propheticum
2001 5320 2025 5369 ;,

436 5410 634 5467 nempe
681 5398 1034 5467 peccantium
1079 5397 1490 5468 pumitentiam,
1525 5406 1584 5452 et
1612 5397 1861 5466 ipsorum
1886 5410 2019 5467 pro-

439 5487 588 5542 tinus
638 5487 1200 5545 commiserationem.
1253 5489 1376 5544 Non
1431 5488 1640 5558 excipit
1695 5489 1846 5544 enim
1891 5503 2030 5543 eum-

436 5578 533 5649 qui
566 5578 732 5634 simul
778 5590 836 5636 et
880 5588 1151 5647 mutatur,
1194 5589 1251 5637 et
1294 5581 1388 5637 cui
1434 5582 1602 5635 simul
1645 5580 2019 5644 condonatur,

428 5668 546 5725 nisi
594 5669 762 5725 etiam
811 5670 1071 5742 conjiciat
1098 5671 1157 5727 in
1202 5670 1560 5743 gravissimos
1598 5670 1897 5751 compedes
1923 5686 2023 5727 eos

508 5789 532 5821 ⁸
568 5785 808 5875 Dhilipp.
857 5801 937 5857 ut,
980 5785 1072 5844 ‘20.

445 5874 634 5925 xxvtn,
672 5874 725 5913 ο.

1150 5789 1170 5821 ⁷
1201 5788 1222 5844 l
1255 5787 1383 5844 Cor.
1427 5804 1498 5855 IV,
1545 5788 1641 5845 16..
1706 5785 1952 5845 ‘liabac.
2002 5803 2080 5858 in,
2281 5788 2453 5845 ’Dan.
2494 5804 2569 5857 ut,
2608 5790 2695 5846 79.

2119 3278 2242 3318 mus
2275 3263 2628 3319 benedixisse
2659 3263 2767 3318 nisi
2805 3262 3088 3318 hominem
3130 3272 3187 3318 et
3238 3279 3361 3334 qua:
3400 3272 3533 3319 nata
3577 3272 3707 3319 sunt

2117 3379 2186 3419 ex
2229 3363 2417 3433 aquis.
2464 3360 2836 3444 Quamobrem
2890 3362 2962 3416 ab
3011 3360 3175 3416 initio
3214 3361 3437 3432 quando
3485 3360 3709 3416 fuerunt

2118 3456 2322 3528 genita,
2347 3455 2680 3525 implebatur
2701 3454 3089 3526 propheticum
3125 3454 3410 3523 eloquium
3440 3452 3592 3522 quod
3621 3452 3707 3507 dia

2119 3548 2197 3602 cit
2230 3565 2242 3599 :
2278 3544 2388 3601 Vox
2416 3546 2636 3600 Domini
2677 3562 2839 3617 super
2867 3562 3041 3617 aquas
3070 3548 3136 3611 “,
3174 3561 3297 3616 qua:
3331 3545 3401 3599 ab
3431 3544 3552 3615 ipso
3581 3553 3708 3599 ante

2118 3641 2306 3696 omnia
2335 3639 2561 3695 fuerunt
2591 3638 2919 3704 benedictae,
2948 3645 3006 3694 et
3046 3654 3111 3693 ea
3144 3637 3213 3699 de
3244 3652 3411 3693 causa
3444 3651 3624 3705 usque
3651 3636 3717 3690 in

2119 3730 2453 3788 hodiernum
2489 3731 2659 3796 diem,
2713 3738 2770 3786 et
2820 3745 2998 3799 usque
3047 3729 3117 3784 ad
3173 3728 3715 3785 consummationem

2121 3815 2328 3892 saeculi,
2377 3825 2590 3895 absque
2619 3825 2831 3880 semine
2857 3822 3071 3878 animas
3111 3827 3380 3893 generant
3406 3820 3717 3875 multorum

2120 3917 2342 3989 quidem
2364 3916 2620 3988 piscium,
2640 3926 2945 3987 paucarum
2971 3914 3488 3977 autemivoluerum,
3512 3926 3719 3982 nempe

2121 4017 2623 4082 ortygometrarum
2653 4018 2716 4064 et
2756 4008 3015 4076 aliarum,
3062 4023 3133 4063 ex
3181 4007 3387 4077 quibus
3418 4006 3552 4061 olim
3606 4022 3711 4061 nu-

2123 4104 2286 4159 tritus
2316 4103 2422 4158 fuit
2464 4102 2655 4158 Israel.
2689 4103 2758 4157 Et
2785 4102 2930 4158 forte
2974 4100 3235 4172 quoniam
3263 4100 3425 4155 valde
3476 4100 3719 4171 exiguus:

2122 4197 2344 4252 futurus
2372 4205 2496 4252 erat
2537 4204 2805 4252 numerus
2842 4210 3036 4252 earum
3072 4194 3383 4261 volucrum,
3406 4193 3713 4263 justorum,

2122 4289 2368 4359 inquam,
2397 4303 2464 4343 ea
2494 4286 2565 4342 de
2609 4301 2776 4341 causa
2821 4296 3013 4341 ear‘um
3060 4300 3251 4340 curam
3299 4283 3474 4354 magis
3515 4298 3722 4354 gerens

2123 4382 2314 4446 Deus,
2351 4379 2509 4451 jubet
2567 4378 2775 4434 sanctis
2834 4377 3047 4449 angelis
3102 4377 3198 4448 qui
3259 4391 3451 4431 curam
3512 4384 3715 4446 gerunt

2124 4473 2406 4530 terrestris
2446 4480 2735 4528 creaturae.
2791 4471 3035 4526 Volucres
3091 4470 3514 4541 multiplicemur
3552 4483 3721 4540 super

2047 4551 2094 4608 Ι)
2120 4576 2345 4631 terram,
2371 4582 2496 4636 qua:
2517 4581 2586 4621 ex
2610 4563 2768 4634 aquis
2793 4572 2926 4619 sunt
2944 4571 3218 4636 generatae
3237 4563 3321 4619 vel
3345 4562 3534 4632 potius
3554 4577 3711 4632 rege-

2121 4666 2347 4723 nerattc,
2374 4665 2430 4713 et
2453 4656 2666 4728 peccati
2687 4656 2841 4711 virus
2864 4670 2929 4711 ac
2951 4655 3205 4711 fcetorem
3229 4654 3344 4709 illic
3366 4653 3707 4723 deposuere;

2121 4758 2179 4805 et
2210 4749 2278 4804 ad
2312 4749 2514 4805 coelum
2548 4748 2816 4802 evolanta
2845 4746 3007 4801 ﬂuxis
3026 4756 3084 4801 et
3110 4744 3473 4801 tenebricosis
3496 4753 3553 4798 et
3569 4742 3712 4797 mul-

2126 4844 2200 4898 tis
2235 4840 2657 4912 tempestatibus
2702 4838 2923 4910 agitatis
2979 4831 3140 4909 aquis
3186 4839 3352 4909 hujus
3387 4834 3605 4901 mundi,
3643 4834 3710 4889 ad

2123 4951 2296 5008 aquas
2332 4950 2455 5006 quae
2485 4942 2617 4989 sunt
2657 4933 2830 4988 ﬁrmae
2857 4948 2923 4987 ac
2951 4933 3180 4987 stabiles
3216 4940 3273 4987 et
3304 4930 3633 5001 tranquillae,
3657 4938 3714 4983 et

2123 5032 2293 5087 nullis
2331 5045 2616 5086 concussas
2669 5027 2952 5090 ﬂuctibus,
3007 5026 3065 5081 in
3107 5021 3344 5080 excelsis
3376 5038 3479 5092 per
3527 5037 3711 5076 aerem

2127 5118 2501 5192 ingredientes
2524 5118 2616 5174 ubi
2640 5126 2728 5173 est
2760 5116 2906 5172 situs
2926 5115 3018 5171 Sol
3032 5114 3282 5187 justitiaa,
3302 5121 3357 5168 et
3372 5113 3493 5183 ejus
3512 5112 3713 5183 conqu

2125 5211 2258 5266 luna
2296 5226 2516 5281 semper
2546 5210 2858 5266 illuminata
2884 5207 3209 5279 requiescit,
3239 5214 3298 5261 et
3327 5204 3545 5261 ratione
3574 5216 3715 5273 pm-

2127 5304 2258 5360 ditaa
2294 5304 2469 5360 stellae
2519 5302 2734 5361 caelesti
2762 5301 2974 5356 lumine
3005 5301 3199 5356 orbem
3238 5308 3400 5354 terra:
3430 5295 3715 5350 deducunt

2126 5407 2184 5453 et
2207 5398 2510 5462 illustrant,
2531 5405 2587 5451 et
2608 5411 2751 5466 aqua
2779 5394 3082 5466 Spiritualis
3101 5407 3224 5463 quae
3244 5398 3330 5447 est
3359 5404 3526 5459 supra
3547 5386 3715 5443 caelos

2128 5488 2340 5560 absque
2360 5489 2582 5545 silentio
2604 5489 2793 5544 laudat
2812 5502 3013 5543 nomen
3035 5485 3276 5541 Domini.
3308 5481 3476 5537 Multa
3501 5488 3561 5537 et
3589 5493 3716 5550 pro-

2128 5579 2298 5635 funda
2343 5579 2413 5635 de
2444 5581 2611 5650 aquis
2653 5580 2835 5636 oratio
2867 5579 3231 5633 annuntiatnr
3262 5576 3320 5630 in
3359 5574 3543 5630 divina
3569 5571 3716 5628 Scri-

2129 5683 2291 5743 ptura
2314 5674 2632 5741 creationis,
2665 5689 2789 5745 quae
2813 5673 3027 5743 aliquot
3053 5670 3290 5738 saeculis,
3320 5677 3377 5723 et
3397 5664 3714 5723 caelestibus

2817 5792 2856 5822 '°
2896 5787 3089 5844 Matth.
3130 5784 3399 5853 xvnt,l0.
3481 5781 3522 5816 “
3567 5780 3709 5843 Psal.
