4098 6420
357 363 467 431 921

1465 365 1547 428 IN
1588 365 2142 428 HEXAEMERON.
2170 391 2238 401 -
2258 367 2409 427 LIB.
2429 368 2530 430 VI.

3535 352 3639 419 922

351 484 580 541 naturis
601 499 668 541 ac
697 484 981 541 mentibus
1011 499 1153 555 opus
1181 484 1349 541 habet
1371 484 1440 541 ad
1470 494 1717 556 apertam
1746 500 1940 539 eorum
1975 490 2016 542 A
2047 498 2247 554 nempe
2282 484 2507 554 penitus
2548 483 2738 539 divisae
2766 497 2796 537 a
2827 489 3015 537 sancta
3042 482 3337 537 Ti‘initate.
3380 480 3636 535 Fortasse

351 593 489 648 quae
527 577 910 648 signiﬁcantur
946 577 1502 648 comprehensionem
1527 585 1586 632 et
1620 575 1951 631 declaratio-

347 670 512 737 nem,
531 678 591 725 ut
609 666 959 725 considerate
979 677 1036 724 et
1055 669 1193 723 citra
1215 667 1389 722 ullum
1410 682 1657 723 errorem
1678 666 1947 729 dicamus,

349 762 764 823 convenienter
806 765 913 836 ipsi
967 780 1162 821 eorum
1197 780 1320 834 quae
1375 770 1508 819 sunt
1554 761 1797 826 veritati,
1849 776 1951 832 per

344 875 527 929 quam
565 874 596 912 a
630 857 746 912 Deo
790 865 852 911 ut
899 864 1087 912 essent
1120 855 1261 910 facta
1295 862 1446 909 sunt.

434 949 680 1016 Quanam
724 963 857 1019 ergo
883 948 953 1003 de
987 962 1153 1003 causa
1183 947 1240 1001 in
1271 963 1367 1002 sex
1390 946 1609 1001 dierum
1641 932 1948 1009 creatione,

352 1043 557 1097 relicta
586 1049 673 1096 est
709 1039 877 1095 tacita
904 1047 961 1094 et
1001 1054 1205 1094 arcana
1236 1053 1504 1108 aquarum
1552 1037 1730 1101 ratio;
1781 1042 1839 1089 et
1883 1033 1953 1088 de

353 1134 567 1205 spiritu
612 1142 671 1188 et
702 1132 827 1203 igne
862 1132 1004 1186 ratio
1038 1146 1150 1185 non
1196 1138 1282 1186 est
1324 1119 1612 1185 enuntiata
1644 1142 1824 1198 neque
1854 1142 1956 1197 pu-

354 1223 569 1280 blicata
594 1221 876 1293 quomodo
904 1221 1031 1277 caeli
1078 1222 1288 1276 ereatio
1324 1230 1381 1275 et
1418 1229 1600 1285 term,
1634 1228 1691 1273 et
1738 1220 1956 1289 planta—

357 1333 513 1383 rum,
547 1325 605 1372 et
632 1315 1017 1378 luminarium,
1052 1322 1108 1369 et
1132 1313 1458 1368 hominum?
1481 1312 1624 1380 Quid
1657 1312 1807 1367 enim
1834 1321 1956 1368 erat

352 1408 589 1465 difﬁcile
632 1407 783 1475 quod
830 1407 1156 1477 prohiberet
1183 1404 1503 1461 Creatorem
1550 1404 1740 1460 dicere
1777 1421 1791 1457 :
1836 1403 1956 1458 Fiat

354 1519 550 1573 aqua;
600 1508 678 1565 et,
706 1498 829 1553 Fiat
879 1500 1051 1570 ignis;
1098 1499 1243 1553 sicut
1278 1499 1445 1569 jussit
1492 1499 1550 1553 in
1584 1499 1796 1569 reliqua
1827 1499 1956 1553 uni-

350 1608 525 1648 versa
569 1590 863 1646 creatura?
911 1589 1020 1645 Sed
1052 1589 1291 1647 fortasse
1335 1605 1439 1645 nos
1469 1590 1733 1646 erudiens
1770 1590 1957 1644 divina

353 1684 651 1755 Scriptura
679 1691 924 1738 sanctam
952 1682 1283 1736 Trinitatem
1309 1696 1433 1737 esse
1462 1680 1790 1746 increatam,
1814 1678 1957 1734 inef-

351 1778 612 1844 fabilem,
644 1777 714 1833 de
737 1777 825 1832 his
858 1775 1034 1830 tribus
1060 1774 1334 1830 creaturis
1366 1773 1588 1828 tacitam
1618 1780 1671 1827 et
1696 1785 1954 1826 arcanam

355 1870 593 1939 reliquit
612 1869 905 1933 rationem,
933 1868 988 1923 in
1008 1867 1172 1933 libro,
1194 1868 1442 1938 inquam,
1468 1864 1727 1921 Mosaieo.
1753 1864 1954 1931 Quam-

356 1964 557 2020 obrem
604 1971 660 2017 et
714 1963 897 2034 ignem
932 1968 989 2016 et
1038 1976 1239 2030 aquam
1270 1967 1327 2015 et
1372 1959 1631 2030 spiritum
1685 1956 1956 2028 ﬁngentes

360 2056 568 2110 divinae
592 2053 917 2123 Scriptum,
951 2052 1255 2124 symbolice
1276 2052 1451 2107 Deum
1476 2066 1597 2107 esse
1628 2048 1953 2120 praedicant.

363 2148 513 2219 Ergo
551 2155 610 2202 et
641 2145 791 2216 quod
834 2145 907 2200 sit
959 2144 1064 2200 sub
1108 2144 1260 2200 omni
1309 2152 1568 2199 creatura
1617 2142 1674 2195 in
1719 2141 1954 2212 abyssis,

359 2238 629 2293 similiter
649 2237 818 2292 etiam
857 2251 1028 2306 super
1059 2246 1290 2301 terram,
1322 2243 1378 2290 et
1407 2234 1465 2289 in
1493 2234 1671 2299 cmlis,
1702 2243 1758 2288 et
1789 2248 1955 2303 supra

356 2330 538 2385 caelos
558 2370 572 2395 ,
605 2328 876 2384 docemur
915 2329 1094 2400 typice
1126 2328 1373 2383 divinam
1402 2326 1702 2382 essentiam
1725 2340 1848 2380 esse
1874 2325 1959 2379 in-

354 2422 868 2492 circumscriptam,
911 2429 968 2476 et
1016 2434 1238 2477 omnem
1291 2420 1583 2475 continere
1621 2426 1954 2474 creaturam.

356 2515 526 2582 Quod
555 2515 781 2585 quidem
802 2529 997 2569 rursus
1019 2511 1368 2584 signiﬁcatur
1393 2527 1462 2566 ex
1488 2526 1558 2565 eo
1581 2509 1730 2581 quod
1755 2516 1959 2564 ventus

358 2619 424 2664 et
459 2609 604 2679 ignis
631 2608 704 2663 sit
736 2607 1156 2678 inaspectabilis
1184 2614 1242 2662 et
1275 2603 1754 2661 incontreetabilis
1782 2601 1959 2657 subti-

357 2702 570 2771 lisque,
595 2709 652 2755 et
670 2716 871 2771 expers
887 2700 1154 2765 materiae,
1186 2708 1243 2753 et
1262 2697 1413 2752 omni
1443 2697 1660 2751 ratione
1682 2694 1955 2750 viviﬁcus.

438 2791 702 2848 Nonnulli
736 2798 922 2845 autem
956 2788 1379 2860 quadruplicem
1413 2802 1685 2858 aquarum
1723 2785 1955 2841 divisio-

360 2899 497 2940 nem
516 2924 531 2948 ,
558 2899 704 2948 eam,
731 2883 978 2953 inquam,
1014 2897 1142 2951 quae
1168 2887 1253 2935 est
1280 2895 1449 2951 supra
1479 2880 1649 2935 caelos
1680 2886 1738 2934 et
1769 2878 1958 2931 firma—

364 2983 644 3042 mentum,
681 2974 833 3045 quod
872 2982 957 3029 est
1001 2989 1068 3028 ex
1094 2989 1261 3043 aqua,
1296 2987 1607 3043 aquamque
1638 2978 1960 3026 terrestrem

362 3076 427 3123 et
454 3066 878 3121 subterraneam
915 3080 1038 3135 qua:
1061 3072 1147 3118 est
1178 3062 1470 3119 tenebrosa
1512 3070 1570 3117 et
1621 3062 1836 3127 ultima,
1871 3060 1960 3115 di-

2051 578 2198 632 enim
2233 579 2268 633 ii
2297 587 2426 634 sunt
2450 576 2723 633 vulnerati
2760 576 3199 632 immedicabiles
3229 576 3323 651 qui
3352 576 3409 629 in
3444 575 3638 630 inferis

2052 670 2337 725 dormiunt
2368 685 2623 725 somnum
2652 669 2885 740 peccati,
2931 683 3170 738 quorum
3207 667 3355 720 Deus
3385 681 3494 718 non
3524 680 3640 718 am-

2052 763 2199 833 plius
2241 763 2559 818 meminerit
2596 777 2843 832 unquam
2887 776 2991 815 nec
3023 759 3251 814 omnino
3273 798 3286 821 ,
3315 765 3371 811 et
3406 754 3512 826 ips'.
3550 771 3640 810 re-

2052 853 2195 922 pulsi
2243 862 2373 907 sunt
2402 868 2433 906 a
2470 866 2634 905 manu
2681 852 2804 922 ejus
2848 865 2954 905 nec
2985 857 3220 919 possunt
3256 861 3425 901 Stare.
3456 842 3642 898 Pisces

2052 956 2256 1009 autem,
2292 945 2388 1014 qui
2415 944 2638 1014 quidem
2669 954 2801 999 sunt
2842 949 3161 1014 peccatores
3192 958 3205 993 :
3249 945 3379 994 sunt
3415 936 3641 1004 quidem

2052 1039 2196 1093 lucis
2218 1053 2287 1093 ex
2314 1046 2470 1107 parte
2498 1036 2683 1106 aliqua
2708 1035 3029 1106 participes,
3053 1042 3113 1087 ut
3141 1032 3234 1102 qui
3268 1032 3380 1085 sint
3412 1030 3468 1083 in
3500 1029 3641 1083 mari

2053 1137 2111 1184 et
2143 1143 2253 1182 non
2283 1130 2340 1182 in
2364 1127 2504 1182 locis
2536 1126 2952 1181 subterraneis:
2989 1134 3049 1179 et
3076 1123 3202 1177 ideo
3233 1122 3403 1176 etiam
3429 1135 3642 1175 conan-

2059 1230 2149 1276 tur
2184 1236 2349 1291 parva
2381 1236 2446 1274 ex
2471 1228 2627 1289 parte
2651 1208 2858 1272 imitari
2902 1218 3183 1278 volucres,
3217 1223 3277 1267 ut
3301 1212 3393 1282 qui
3431 1224 3645 1281 pennas

2055 1315 2296 1369 habeant
2331 1331 2343 1367 :
2383 1313 2488 1367 hoc
2525 1319 2630 1374 est,
2667 1327 2734 1365 ex
2778 1318 2935 1381 parte
2960 1309 3223 1379 pietatem
3255 1324 3268 1359 :
3298 1305 3446 1361 unde
3475 1304 3644 1360 etiam

2054 1404 2242 1458 volant
2288 1402 2345 1457 in
2396 1402 2557 1471 aquis
2591 1410 2852 1470 tanquam
2885 1400 3164 1453 volucres.
3213 1398 3291 1451 Ex
3341 1397 3415 1451 iis
3460 1404 3645 1451 autem

2055 1494 2225 1564 aliqui
2276 1494 2419 1549 vecti
2463 1510 2630 1563 super
2664 1508 2835 1562 aquas
2870 1504 2926 1546 et
2960 1497 3255 1553 natantes,
3300 1489 3472 1543 solem
3524 1485 3648 1541 ﬁxis

2055 1589 2335 1659 aspiciunt
2379 1588 2578 1642 oculis.
2611 1586 2716 1653 Qui
2747 1593 2877 1640 sunt
2904 1593 3092 1639 autem
3135 1599 3204 1638 ex
3230 1583 3299 1636 iis
3323 1580 3645 1651 nequiores,

2055 1690 2112 1736 et
2144 1682 2266 1751 plus
2300 1681 2508 1735 habent
2537 1678 2805 1744 materim,
2853 1692 2978 1732 cum
3011 1691 3122 1730 non
3151 1675 3261 1730 sint
3291 1671 3646 1742 squammati,

2058 1772 2272 1827 inferne
2314 1772 2520 1825 habent
2549 1778 2732 1824 ortum
2765 1785 2831 1823 ex
2856 1782 3079 1821 comosa
3109 1763 3381 1828 materia;
3404 1761 3495 1831 qui
3527 1759 3651 1830 qui-

2062 1864 2188 1921 dem
2214 1865 2352 1919 nihil
2401 1864 2623 1934 penitus
2646 1862 2854 1916 habent
2899 1860 3172 1913 bonorum
3214 1870 3470 1926 operum,
3504 1851 3648 1923 pigri

2062 1958 2358 2013 etdesidcs
2390 1965 2445 2010 et
2491 1955 2792 2010 diﬁiciliter
2822 1968 2881 2007 se
2913 1959 3198 2005 moventes
3231 1967 3244 2002 :
3277 1956 3333 2001 et
3366 1946 3526 2000 facile
3555 1959 3650 1998 ca-

2061 2052 2298 2121 piuntur
2326 2049 2393 2105 ad
2430 2057 2692 2113 mortem,
2719 2054 2776 2100 et
2797 2052 2929 2099 sunt
2957 2042 3025 2097 ad
3060 2057 3216 2095 esum
3252 2037 3425 2093 noxii.
3463 2034 3653 2104 Aqui-

2063 2146 2171 2199 bus
2205 2152 2261 2198 et
2291 2142 2575 2197 abstinere
2614 2146 2671 2194 et
2694 2153 2807 2192 non
2840 2135 3144 2198 abstinere,
3184 2146 3350 2186 verus
3373 2126 3647 2184 lsraelita.

2063 2238 2159 2309 qui
2198 2251 2390 2291 sumus
2421 2250 2545 2298 nos,
2578 2234 2768 2304 jussus
2806 2238 2910 2285 est.
2946 2229 3075 2282 Haec
3115 2241 3216 2280 nos
3269 2223 3501 2295 quintus
3529 2219 3650 2274 dies

2064 2330 2229 2385 docet
2250 2328 2318 2382 de
2343 2326 2567 2382 Christo
2588 2334 2644 2379 et
2671 2323 2940 2385 Ecclesia,
2969 2318 3219 2391 symbola
3252 2325 3310 2371 et
3336 2316 3648 2385 aenigmata,

2065 2429 2194 2477 ante
2222 2420 2386 2475 nobis
2426 2416 2748 2490 signiﬁcans
2791 2414 3129 2485 principium
3188 2408 3536 2482 baptismatis
3592 2407 3651 2459 in

2065 2527 2177 2581 quo
2222 2510 2395 2565 creati
2436 2516 2568 2564 sunt
2596 2507 2843 2577 quinque
2893 2518 3092 2560 sensus
3134 2503 3389 2555 humanae
3419 2505 3650 2557 naturai.

2064 2602 2246 2667 visus,
2291 2600 2536 2663 auditus,
2567 2609 2786 2669 gustus,
2820 2595 3074 2656 olfactus,
3110 2601 3167 2647 et
3195 2601 3395 2646 tactus.
3427 2589 3486 2643 In
3518 2587 3648 2651 hoc,

2065 2693 2284 2764 quinto,
2308 2691 2558 2760 inquam,
2590 2689 2681 2743 die
2705 2685 2915 2750 saeculi,
2948 2685 3004 2738 in
3031 2682 3331 2753 quinquies
3358 2679 3655 2734 millesimo

2066 2800 2214 2841 anno
2263 2783 2470 2838 factum
2500 2791 2587 2836 est
2616 2780 2785 2835 etiam
2815 2778 3098 2832 lavacrum
3147 2790 3178 2828 a
3221 2773 3517 2828 Salomone
3544 2768 3658 2822 filio

2065 2878 2262 2941 David,
2297 2878 2354 2930 in
2403 2875 2611 2944 templo
2653 2871 2752 2927 Dei
2791 2868 3212 2940 Hierosolymis,
3247 2867 3303 2920 in
3334 2872 3523 2934 typum
3560 2861 3660 2916 ba-

2066 2971 2347 3043 ptismatis
2392 2968 2658 3024 Ecclesiae
2705 2965 2912 3022 Christi
2962 2964 3085 3026 Dei,
3132 2961 3228 3015 ﬁlii
3267 2957 3458 3013 David.
3507 2954 3659 3022 Quo-

2066 3063 2236 3119 modo
2267 3062 2435 3117 etiam
2468 3075 2670 3114 rursus
2698 3057 2791 3111 illa
2816 3054 2994 3125 pelvis
3040 3053 3095 3106 in
3123 3065 3321 3121 magno
3349 3045 3657 3109 ccenaculo,

365 3168 509 3214 cunt
542 3173 666 3214 esse
700 3165 890 3229 typum
936 3163 1177 3227 quatuor
1212 3154 1475 3209 ordinum
1506 3161 1831 3208 naturarum
1868 3168 1960 3206 ra-
1989 3187 2033 3247 ο
2066 3158 2229 3227 881
2252 3154 2448 3225 quinto
2467 3152 2579 3217 die,
2611 3149 2926 3219 exemplum
2950 3147 3165 3201 habens
3190 3143 3452 3214 piscinae;
3490 3137 3662 3210 pedes

367 3251 524 3306 tione
547 3249 928 3320 pmditarum.
952 3248 1235 3318 Aquarum
1265 3245 1493 3316 quidem
1518 3259 1643 3312 quae
1681 3251 1766 3299 est
1794 3258 1961 3312 supra

368 3341 783 3398 ﬁrmamentum
806 3382 821 3405 ,
874 3355 1000 3396 esse
1037 3339 1336 3410 imaginem
1383 3339 1729 3393 Potestatum
1765 3350 1962 3406 super-

367 3434 683 3491 emlestium
721 3450 735 3487 :
770 3433 1193 3488 ﬁrmamentum
1215 3439 1420 3493 autem,
1438 3444 1650 3484 -rursus
1674 3443 1797 3483 esse
1819 3441 1964 3500 sym-

368 3527 565 3583 bolum
607 3526 925 3582 sanctorum
973 3523 1346 3579 luminarium-
1381 3521 1600 3576 ordinis
1647 3520 1959 3575 hominum.

370 3620 617 3675 Diversae
662 3628 846 3674 autem
881 3623 1366 3688 aquae-terrestres
1401 3624 1534 3671 sunt
1562 3614 1679 3686 typi
1714 3614 1966 3669 diversa-

371 3728 502 3769 rum
545 3713 793 3784 gentium
837 3722 1188 3767 terrenarum
1226 3716 1285 3764 et
1326 3723 1440 3762 non
1482 3706 1962 3772 convenientium,

372 3802 600 3873 ﬁdeque
655 3804 980 3859 divisarum.
1030 3802 1189 3872 Aqua
1232 3808 1418 3855 autem
1463 3799 1826 3854 subterranea
1883 3805 1970 3852 est

370 3895 691 3966 symbolum
736 3895 1093 3951 adversarum
1129 3892 1476 3947 Potestatum
1526 3906 1649 3960 qua:
1671 3897 1803 3944 sunt
1847 3901 1970 3943 om—

368 3988 515 4044 nino
552 3995 887 4059 separatm-a'
915 3986 1104 4041 div-ine
1135 3984 1285 4057 igne,
1329 3984 1568 4054 luceqne
1617 3990 1676 4038 et
1725 3980 1980 4052 spiritu;

2068 3247 2469 3317 discipulorum
2486 3244 2728 3314 primum
2749 3238 3050 3310 baptizavit
3067 3252 3096 3290 a
3115 3234 3341 3291 Christo
3358 3243 3441 3285 :et
3455 3228 3661 3284 deinde

2067 3339 2152 3394 eis
2180 3338 2337 3393 dedit
2368 3351 2575 3406 corpus
2606 3341 2664 3389 et
2692 3330 3020 3402 sanguinem
3052 3327 3109 3381 in
3151 3320 3657 3395 participationem,

2069 3431 2292 3502 quando
2322 3429 2491 3484 etiam
2536 3427 2682 3481 facto
2715 3427 3053 3478 testamento
3075 3417 3330 3473 Christus
3365 3410 3658 3482 postridie,

2068 3530 2225 3578 sexto
2265 3522 2375 3583 die,
2427 3518 2582 3574 cruci
2639 3515 2832 3571 afﬁxus
2871 3514 2978 3568 fuit
3012 3511 3068 3565 in
3092 3506 3387 3577 Golgotha,
3417 3512 3474 3558 et
3496 3514 3659 3572 para-

2071 3614 2255 3669 disum
2300 3611 2503 3667 latroni
2530 3607 2770 3680 aperuit.
2814 3605 2897 3661 Ad
2940 3618 3104 3674 quem
3142 3614 3247 3655 nos
3275 3610 3521 3668 quoque,
3556 3609 3656 3649 sex

2068 3706 2310 3771 dierum,
2342 3712 2521 3767 sexto,
2553 3701 2776 3757 Christo
2798 3696 3111 3753 deducente
3142 3700 3198 3746 et
3222 3689 3467 3744 Verbum
3496 3683 3662 3739 nobis

2068 3795 2237 3850 dante
2268 3794 2323 3848 in
2358 3792 2646 3863 apertione
2682 3788 2798 3843 oris
2819 3784 3001 3841 nostri
3036 3780 3348 3836 veniemus.
3408 3775 3510 3832 Cui
3539 3774 3659 3845 glo-

2067 3887 2149 3942 ria
2184 3886 2242 3941 in
2278 3885 2480 3942 saecula
2531 3882 2890 3939 saeculorum.
2924 3876 3122 3933 Amen.

388 4139 3626 4209 W

1552 4345 1925 4434 LIBER
1986 4339 2485 4431 SEXTUS.

1500 4558 1583 4599 DE
1617 4554 1817 4599 SEXTO
1864 4550 2075 4595 DIVI-Nl
2098 4546 2355 4592 OPIFICII
2393 4545 2525 4590 DIE.

450 4848 561 4917 Qui
593 4862 662 4902 ex
684 4842 999 4915 tranquillis
1031 4839 1306 4912 portubus
1326 4837 1406 4894 ad'
1426 4850 1720 4909 aequoreos
1768 4850 1970 4891 cursus
2003 4838 2045 4892 D
2073 4848 2180 4903 que
2205 4831 2431 4887 dierum
2465 4840 2693 4882 cursum
2732 4820 2999 4878 celeriter
3051 4816 3351 4890 peregerit,
3408 4814 3663 4884 pervenit

379 4939 608 5010 scaphis
634 4937 762 4991 vias.
779 4935 1023 4991 marinas
1057 4930 1385 4999 conﬁciunt,
1415 4945 1542 4986 cum
1569 4928 1815 5000 aliquem
1839 4927 1973 4982 dex-

382 5045 533 5093 trum
577 5048 642 5087 ac
669 5029 981 5087 secundum
1034 5036 1264 5081 ventum
1312 5023 1526 5079 fuerint
1576 5021 1786 5093 adepti,
1811 5029 1867 5076 et
1903 5018 1974 5074 ad

383 5125 645 5197 quintum
675 5130 732 5177 et
757 5127 975 5176 sextum
1001 5117 1150 5173 diem
1168 5124 1358 5187 gratos
1387 5114 1709 5182 hilaresque
1741 5118 1976 5181 etaptos

385 5217 588 5272 fluctus
610 5210 884 5269 habentes
908 5210 963 5264 in
987 5225 1175 5281 prora,
1193 5206 1545 5276 terribilique
1568 5221 1633 5260 ac
1654 5202 1977 5258 vehementi

384 5323 657 5379 aquarum
710 5305 927 5375 impetu
953 5317 1178 5376 gressus
1211 5300 1425 5355 celeres
1482 5305 1540 5353 et
1572 5312 1771 5351 cursus
1814 5293 1977 5349 navis

384 5405 660 5468 peragunt
690 5413 703 5448 :
732 5393 1066 5465 quibusdam
1104 5388 1385 5461 plumbeis
1412 5396 1471 5443 ct
1501 5385 1849 5458 gravissimis
1878 5383 1978 5438 ho-

389 5487 600 5542 lidibus
633 5486 875 5556 probant
899 5491 957 5539 et
1003 5481 1311 5552 exquirunt
1338 5493 1615 5549 aquarum
1676 5475 1975 5547 profunda,

388 5579 459 5635 de
486 5578 581 5633 die
604 5578 659 5632 in
683 5577 830 5631 diem
856 5570 1616 5644 exincomprehensihilihus
1641 5577 1699 5624 et
1719 5566 1980 5622 ineﬁabi-

393 5669 547 5725 libus
567 5667 860 5740 profundis
877 5667 944 5722 ad
971 5666 1252 5722 levioraet
1272 5663 1330 5717 in
1349 5660 1648 5732 superﬁcie
1674 5659 1849 5731 magis
1876 5674 1978 5729 po-

396 5757 503 5813 sita
539 5757 834 5829 profunda,
889 5757 1038 5813 etde
1087 5764 1293 5811 caetero
1347 5753 1418 5811 ad
1451 5753 1642 5809 littora
1689 5762 1981 5823 sperantes

396 5851 713 5923 pervenire.
742 5850 879 5907 (tum
894 5857 1080 5907 autem
1105 5849 1273 5921 hujus
1300 5847 1426 5905 libri
1455 5847 1658 5918 scapha
1680 5847 1792 5919 jam
1817 5846 1981 5916 quin—

2076 4923 2147 4979 ad
2182 4921 2421 4992 majores
2445 4932 2619 4988 aquas
2644 4922 2701 4968 et
2728 4910 3126 4983 profundiores
3153 4907 3327 4960 maris
3388 4903 3666 4976 gurgites,

2079 5016 2177 5088 qui
2219 5021 2351 5069 sunt
2400 5024 2601 5065 revera
2638 5003 2865 5061 obscuri
2921 5010 2979 5056 et
3035 4995 3660 5068 incomprehensibiles.

2076 5082 2449 5176 Quamobrem
2482 5098 2793 5156 ferventius
2825 5102 2911 5150 est
2950 5091 3217 5164 precibus
3242 5082 3576 5144 excitandus
3607 5086 3668 5140 in

2076 5198 2293 5258 somnis
2323 5211 2492 5265 super
2508 5191 2796 5262 scapham,
2830 5195 2887 5241 et
2912 5187 2969 5242 in
2988 5181 3252 5239 eervicali
3281 5179 3485 5235 mentis
3510 5178 3669 5248 prin-

2077 5292 2296 5364 cipalis,
2333 5287 2693 5359 requiescens
2723 5283 2871 5337 Deus
2897 5278 3167 5341 Verbum,
3224 5273 3321 5345 qui
3346 5271 3669 5342 apprehen-

2079 5386 2158 5441 sis
2190 5383 2366 5439 clavis
2409 5378 2615 5435 mentis
2647 5385 2709 5432 et‘
2733 5374 2960 5444 linguae,
3000 5380 3264 5441 tanquam
3304 5367 3529 5422 duobus
3581 5373 3669 5419 te-

2081 5476 2344 5533 monibus
2373 5470 2631 5529 animalis
2654 5475 2860 5523 nostrae
2893 5464 3137 5534 scaphae,
3191 5459 3506 5516 contrarios
3538 5456 3666 5527 qui-

2080 5570 2206 5625 dem
2237 5565 2469 5637 spiritus
2491 5570 2549 5619 et
2579 5557 2980 5630 intelligentias
3004 5556 3282 5625 increpet,
3325 5567 3428 5607 suo
3476 5559 3664 5606 autem

2077 5657 2289 5713 lumine
2320 5652 2661 5726 profundum
2705 5651 2928 5719 (nempe
2977 5639 3372 5717 ignorantiam)
3411 5640 3664 5711 proposi—

2084 5759 2265 5806 tarum
2305 5761 2581 5817 aquarum
2602 5742 2903 5803 illuminet,
2926 5738 2996 5794 ad
3030 5738 3137 5793 hoc
3177 5750 3281 5791 una
3315 5735 3424 5790 Det,
3479 5728 3661 5801 insli-

2088 5842 2191 5901 rati
2223 5839 2559 5912 aspiciamus
2579 5844 2633 5894 ct
2666 5835 2922 5893 dicamus
2956 5848 2971 5889 :
3005 5829 3249 5888 Curnam
3281 5827 3431 5883 Deus
3455 5824 3551 5896 qui
3574 5837 3665 5879 sa-
