4098 6466
483 335 586 398 923

1674 341 1736 401 S.
1795 340 1897 402 AN
1903 337 2199 402 ASTASII
2235 339 2562 401 ΞΙΝΑΙΤᾸΞ

3639 329 3764 411 924

485 453 826 522 pientissime
867 450 940 508 et'
977 454 1520 525 supra'sapientiam
1584 456 1717 512 fecit
1759 457 1946 512 omnia
1974 455 2288 528 (inAlege
2352 465 2607 512 statuens
2687 454 2785 512 illa
2842 452 3017 518 multa
3089 466 3276 508 crassa
3347 458 3406 506 et
3467 448 3542 506 ad
3581 465 3772 508 exse-

483 542 671 613 primo
699 544 788 600 die
805 543 990 599 lucem
1009 543 1364 616 fabricatus),
1397 563 1508 600 non
1539 547 1726 602 statim
1747 547 1914 602 etiam
1935 561 2066 602 cum

484 652 553 690 eo
579 645 666 692 est
700 635 1009 692 fabricatus
1041 638 1227 692 omnia
1261 655 1383 708 qua:
1413 646 1544 694 sunt
1575 653 1642 693 ex
1673 638 1820 702 luce,
1867 653 2067 708 nempe

486 727 824 782 luminaria:
859 727 956 782 sed
1013 727 1082 784 iis
1135 729 1344 784 relictis
1369 715 1492 800 quae
1537 739 1670 784 sunt
1695 730 1907 785 exluce
1935 745 2068 800 pro-

486 827 695 882 creata,
727 809 1029 874 iransiitad
1053 836 1248 890 aquas,
1285 821 1429 875 facto
1459 837 1528 876 ex
1565 821 1648 876 eis
1686 821 2072 878 firmamento?

487 906 698 964 Deinde
725 925 851 964 cum
892 909 1102 964 ﬁxisset
1137 910 1545 965 firmamentum
1567 951 1582 976 ,
1631 927 1702 966 ne
1727 911 1809 966 sic
1842 911 2070 982 quidem

487 1001 752 1072 adimplet
778 1011 1035 1058 ornatum
1067 1017 1258 1058 eorum
1291 1019 1415 1073 quae
1435 1011 1566 1057 sunt
1596 1004 1652 1058 in
1677 1004 1799 1074 ipso
1829 1005 2074 1061 lumina-

487 1093 634 1147 rium
675 1111 688 1146 :
725 1093 820 1148 sed
851 1109 918 1148 eo
947 1109 1170 1164 quoque
1206 1095 1403 1149 relicto
1455 1095 1808 1166 imperfecto,
1874 1099 2072 1155 transit

445 1249 450 1258 ο
488 1200 685 1241 rursus
713 1186 877 1240 tertio
902 1185 990 1240 die
1016 1186 1084 1240 ad
1117 1201 1310 1256 aquas,
1335 1203 1429 1242 eas
1453 1203 1796 1258 congregans
1826 1205 1855 1244 a
1899 1197 2069 1245 terra.

486 1278 555 1334 Et
586 1293 780 1332 rursus
817 1293 940 1332 cum
969 1294 1077 1332 non
1104 1277 1172 1332 ad
1203 1277 1428 1348 plenum
1484 1281 1810 1350 perfecisset
1849 1297 1914 1336 ea
1951 1298 2075 1352 quat

487 1377 617 1422 sunt
647 1369 832 1438 genita
853 1385 919 1424 ex
939 1369 1098 1440 aquis
1117 1379 1174 1425 et
1213 1371 1270 1424 in
1313 1370 1495 1442 aquis,
1552 1388 1756 1444 nempe
1805 1374 1989 1444 pisces
2015 1383 2075 1429 et

485 1470 630 1526 cete,
660 1461 730 1516 iis
764 1477 986 1532 quoque
1013 1463 1224 1519 relictis
1256 1465 1662 1534 semiperfertis
1691 1475 1748 1522 et
1780 1482 1892 1522 non
1921 1467 2077 1538 geni-

489 1549 714 1614 talibus,
750 1551 970 1606 transiit
997 1551 1064 1606 ad
1101 1561 1328 1612 terram.
1355 1553 1586 1609 dicens:
1619 1554 1892 1612 Germinet
1928 1565 2075 1611 terra

487 1643 704 1696 herbam
732 1652 778 1696 et
804 1641 1005 1714 lignum
1035 1643 1404 1714 frugiferum?
1445 1645 1525 1700 Eo
1556 1655 1740 1700 autem
1775 1647 1940 1714 facto,
1977 1663 2081 1703 cur

489 1751 599 1789 non
617 1735 806 1790 statim
836 1735 964 1794 facit
997 1737 1162 1818 etiam
1195 1737 1502 1793 animantia
1535 1739 1689 1794 exire
1721 1756 1754 1796 e
1808 1749 1976 1806 terra,
2017 1749 2075 1795 et

489 1829 653 1893 feras,
679 1839 737 1883 et
772 1829 992 1898 reptilia
1026 1812 1047 1882 ξ
1079 1829 1176 1884 sed
1211 1825 1402 1886 Sinens
1445 1831 1826 1902 imperfectam
1855 1848 1979 1903 qua:
2013 1831 2088 1888 fit
2111 1812 2147 1864 Β

486 1937 552 1975 ex
588 1931 732 1977 terra
753 1921 1044 1986 fabricam,
1097 1939 1294 1979 rursus
1331 1923 1476 1978 redit
1529 1923 1598 1980 ad
1641 1925 2070 1992 (irritamentum,

485 2024 544 2070 et
587 2015 716 2070 facit
747 2024 948 2086 quarto
979 2015 1078 2070 die
1103 2015 1294 2072 stellas
1326 2027 1384 2072 et
1436 2015 1549 2072 duo
1609 2017 1906 2074 luminaria
1959 2036 1974 2074 :
2019 2029 2076 2076 et

487 2107 642 2162 illinc
671 2124 866 2162 rursus
897 2109 1200 2164 revertitur
1229 2108 1298 2164 ad
1339 2125 1512 2179 aquas
1539 2109 1628 2166 die
1651 2112 1874 2182 quinto,
1904 2127 1973 2168 ex
1994 2113 2078 2169 eis

488 2197 732 2267 perfecta
768 2197 1002 2268 piscium
1033 2206 1097 2254 et
1117 2199 1410 2254 volucrum
1441 2201 1844 2272 generatione?

560 2288 768 2344 Deinde
793 2287 872 2344 sic
896 2298 1052 2346 sexto
1101 2289 1192 2346 die
1222 2307 1481 2348 reversus
1512 2301 1600 2347 est
1627 2293 1695 2348 ad
1745 2302 1972 2359 terram,
2011 2291 2080 2348 iis

489 2381 734 2452 impletis
762 2399 886 2453 quae
911 2391 1041 2438 sunt
1069 2399 1138 2439 ex
1165 2385 1282 2455 ipsa
1316 2403 1330 2438 :
1367 2399 1568 2455 nempe
1593 2383 1996 2450 animantibus,
2023 2393 2082 2442 et

483 2475 774 2548 jumentis,
810 2484 866 2530 et
895 2476 1213 2546 reptilibus,
1248 2485 1303 2532 et
1332 2477 1488 2542 feris,
1527 2486 1580 2533 et
1609 2478 1859 2534 homine.

558 2569 680 2636 Quo
707 2568 766 2623 lit
790 2579 850 2623 ut
875 2569 1005 2624 hinc
1032 2569 1384 2639 ostendatur,
1431 2571 1646 2642 primos
1694 2572 1922 2643 quidem
1967 2581 2083 2630 tres

491 2676 614 2715 esse
641 2660 1094 2730 itnperl‘cctarum
1131 2671 1516 2718 creaturarum
1537 2672 1896 2735 susceptores
1923 2681 1936 2718 :
1969 2672 2085 2721 tres

493 2763 678 2808 autem
709 2753 934 2809 ultimos
962 2753 1186 2827 (nempe
1217 2763 1481 2827 qu'artum
1510 2765 1567 2813 et
1591 2757 1851 2827 quintum
1870 2766 1929 2814 et
1949 2774 2084 2814 sex-

499 2840 654 2913 tum)
689 2858 991 2901 exornasse
1025 2854 1080 2900 et
1121 2847 1457 2918 adimplesse
1513 2848 1835 2903 universam
1889 2849 2086 2904 mundi

497 2943 836 2999 creaturam,
869 2952 968 3006 per
1003 2935 1172 3018 trium
1207 2937 1426 2994 dierum
1447 2937 1732 2994 Christum
1773 2941 1870 3012 qui
1925 2936 2088 3007 dicit,

501 3027 671 3081 Hodie
697 3035 745 3081 et
763 3045 881 3082 cras
897 3029 1040 3098 facio
1079 3033 1258 3104 signa,
1284 3035 1438 3088 tertio
1486 3043 1662 3089 autem
1691 3035 1774 3088 die
1821 3035 2090 3104 perﬁciar,

2168 548 2451 620 quendum
2495 558 2552 604 et
2605 545 2946 618 portandum
2993 543 3567 614 difﬁcilia-praecepta,
3627 557 3770 598 cum

2169 639 2396 694 acribus
2455 638 2623 694 minis
2675 646 2733 692 et
2792 634 3300 694 exsecrationibus.
3345 649 3450 704 pro
3476 631 3560 688 eis
3592 633 3768 688 etule-

2170 731 2338 786 stium
2361 731 2568 786 nullam
2605 729 2864 800 promisit
2909 726 3445 790 remunerationem,
3476 724 3576 779 sed
3633 739 3767 779 mu-

2170 839 2304 879 nera
2347 833 2589 890 terrena,
2625 823 2965 887 fertilitates,
2997 828 3055 876 et
3070 819 3396 890 corporales
3440 817 3766 882 felicitates,

2171 925 2228 971 et
2249 915 2374 970 lata:
2397 924 2558 972 terrae
2587 916 3025 986 possessionem.
3061 921 3120 968 et
3163 925 3287 983 qua:
3326 910 3632 968 interirent
3662 911 3768 966 bo-

2171 1021 2397 1072 norum,
2429 1005 2714 1062 fructuum
2746 1003 3186 1076 perceptionem.
3229 999 3372 1055 Hinc
3431 1008 3488 1054 et
3538 1010 3770 1070 propter

2172 1098 2310 1164 haec,
2345 1109 2549 1154 terram
2571 1100 2697 1170 jure
2735 1097 3101 1168 intelligimus
3125 1093 3392 1164 populum
3417 1091 3764 1157 Iudaeorum,

2173 1191 2341 1262 utqui
2373 1191 2804 1262 terrenasapiat,
2834 1199 3024 1246 etnon
3055 1188 3256 1261 habent
3275 1184 3766 1242 conversationem

2169 1283 2222 1338 in
2241 1282 2394 1338 caelis
2427 1282 2492 1338 “.

2241 1376 2547 1446 Propterea
2577 1375 2696 1432 haec
2741 1391 2844 1430 nos
2876 1373 3084 1430 docens
3112 1373 3260 1428 Deus
3297 1369 3353 1425 in
3393 1386 3492 1426 sex
3537 1368 3762 1425 dierum

2169 1465 2368 1544 mundi
2390 1465 2699 1544 creatione,
2738 1479 2851 1520 non
2881 1464 3048 1520 simul
3063 1462 3311 1534 perfecit
3337 1471 3615 1532 aquas,et
3639 1476 3766 1532 quae

2173 1566 2298 1614 orta
2331 1567 2464 1614 sunt
2493 1574 2560 1614 ex
2597 1558 2759 1628 aquis
2790 1571 3012 1627 :neque
3043 1570 3242 1611 rursus
3272 1554 3328 1610 in
3387 1569 3501 1608 uno
3529 1552 3622 1608 die
3651 1561 3768 1609 ter-

2175 1666 2292 1706 ram
2327 1651 2640 1712 exornavit,
2665 1658 2721 1706 et
2753 1665 2878 1720 qua:
2903 1665 2972 1704 ex
3002 1663 3066 1703 ea
3090 1653 3491 1719 processerunt
3525 1646 3772 1700 animan-

2175 1729 2254 1800 tia
2284 1753 2340 1800 et
2400 1745 2552 1816 ligna
2593 1743 2908 1800 fructifera.
2927 1741 3307 1808 Quamobrem
3343 1738 3485 1794 mihi
3540 1737 3768 1808 quidem

2181 1835 2402 1890 videtur
2434 1833 2584 1906 quod
2611 1833 2885 1898 coelestia,
2925 1831 3119 1886 divina
3139 1831 3265 1886 luce
3295 1823 3459 1886 antea
3491 1837 3656 1884 erant
3696 1829 3771 1884 il-

2173 1927 2445 1984 luminata
2470 1944 2486 1980 :
2508 1941 2634 1981 cum
2669 1933 2854 1980 autem
2883 1938 3051 1994 super
3076 1931 3282 1977 terram
3313 1921 3515 1976 fuisset
3537 1935 3771 1990 compo-

2175 2023 2318 2076 situs
2347 2019 2441 2076 Sol
2468 2018 2564 2089 qui
2601 2017 2971 2088 intelligentia
3013 2005 3326 2086 percipitur
3359 2014 3584 2085 (nempe
3605 2013 3768 2070 Chri-

2175 2112 2338 2183 stus)
2400 2120 2458 2166 et
2497 2125 2724 2166 sursmn
2779 2116 3148 2180 assumptus,
3209 2122 3492 2178 supernus
3551 2120 3771 2176 quoque

2177 2205 2424 2261 mundus
2481 2204 2727 2275 amplius
2779 2201 2888 2258 fuit
2939 2200 3288 2256 illuminatus
3327 2207 3386 2254 et
3435 2197 3766 2254 illustratus.

2177 2295 2565 2368 Congrucnter
2597 2309 2732 2365 ergo
2757 2292 2829 2348 iis
2851 2308 2976 2362 quae
3016 2291 3176 2362 jussu
3213 2289 3356 2344 fiunt
3386 2287 3771 2344 exornationi-

2181 2391 2308 2455 bus,
2347 2398 2404 2446 et
2433 2388 2820 2460 spiritualibus
2847 2384 3188 2455 profectibus
3213 2381 3462 2439 caelestis
3495 2391 3552 2438 et
3593 2390 3770 2438 terre-

2181 2481 2316 2538 stris
2347 2481 2406 2536 et
2439 2479 2668 2534 marina:
2691 2487 2982 2541 creaturae,
3037 2472 3462 2546 intelligendum
3493 2481 3582 2528 est
3638 2470 3770 2543 Opi-

2185 2574 2343 2630 licem
2371 2575 2428 2628 in
2453 2587 2678 2642 eaque:
2713 2581 2843 2626 tunc
2889 2568 2994 2624 fuit
3043 2583 3140 2624 sex
3193 2565 3413 2621 dierum
3467 2565 3768 2627 creatione.

2185 2683 2339 2723 nunc
2365 2673 2612 2736 exparte
2630 2664 2686 2719 in
2709 2662 2870 2733 aquis
2899 2660 3143 2732 operari,
3176 2657 3381 2714 deinde
3408 2657 3480 2713 ab
3501 2657 3569 2713 iis
3597 2665 3774 2713 trans-

2185 2763 2271 2826 ire
2310 2761 2378 2816 ad
2415 2760 2830 2814 firmamentum
2864 2764 2962 2811 :et
3015 2769 3214 2809 rursus
3233 2751 3480 2824 perfecte
3508 2759 3772 2806 exornato

2190 2855 2563 2916 ﬁrmamento,
2601 2849 2842 2906 transire
2872 2847 2942 2903 ad
2981 2845 3188 2903 terram
3224 2853 3322 2900 :et
3359 2857 3488 2900 eum
3537 2859 3605 2898 ea
3634 2851 3776 2898 esset

2191 2943 2604 3016 semiperfecta,
2636 2939 2944 3012 procedere
2983 2938 3051 2994 ad
3081 2951 3256 3006 aquas
3293 2954 3306 2991 :
3352 2934 3558 2990 deinde
3604 2931 3776 3004 perfe-

2194 3049 2282 3096 cte
2305 3038 2684 3094 absolventem
2711 3034 3146 3096 firmamentum,
3172 3039 3229 3086 et
3251 3027 3628 3084 Eeclesiarum
3649 3040 3779 3097 gen-

501 3118 798 3174 dominans
843 3120 1166 3176 cmlestibus
1216 3123 1431 3179 ratione
1481 3125 1726 3196 praeditis
1780 3125 1978 3190 stellis,
2027 3137 2084 3183 et
2117 3161 2164 3223 α
2197 3133 2334 3189 tium
2385 3141 2563 3187 cmtus
2605 3127 3050 3189 benedicentem,
3105 3132 3170 3193 et.
3223 3129 3510 3194 postremo
3574 3128 3775 3175 terram

506 3213 870 3270 terrestribus
896 3227 946 3270 et
965 3216 1370 3274 subterraneis.
1410 3219 1641 3274 Plenum
1662 3221 1812 3276 enim
1850 3221 1958 3276 fuit
1980 3238 2090 3278 cm-

505 3306 620 3360 lum
649 3315 705 3361 et
733 3317 878 3362 terra
905 3316 960 3362 et
1009 3324 1162 3364 mare
1186 3309 1364 3380 gloria
1396 3295 1538 3382 ejus.
1579 3311 1812 3380 Quando
1845 3313 1995 3371 enim
2033 3313 2093 3370 il-

506 3399 648 3454 luxit
677 3401 759 3455 sol
786 3409 842 3455 et
881 3402 1038 3464 luna,
1067 3404 1255 3458 statim
1311 3415 1578 3462 exornata
1627 3417 1802 3463 estet
1849 3417 1998 3467 terra
2037 3417 2094 3465 et

506 3507 681 3546 mare.
709 3489 843 3546 Nam
894 3503 952 3548 et
994 3504 1120 3550 ante
1155 3495 1470 3552 universam
1531 3509 1846 3556 creaturam
1905 3508 2093 3556 mente

503 3585 826 3664 cpncipitet
863 3597 1014 3643 creat
1045 3591 1304 3646 cmlestes
1348 3601 1407 3647 et
1451 3592 1736 3664 angelicas
1777 3587 2094 3650 Potestates

501 3693 626 3746 quae
662 3693 764 3733 nos
791 3677 1450 3737 illumimmtrSecundas
1493 3691 1682 3738 autem
1725 3693 1990 3754 procreat
2026 3699 2094 3740 ac

479 3779 733 3840 .generat
761 3786 1029 3851 aquarum
1062 3773 1548 3844 congregationes,
1591 3791 1794 3846 nempe
1839 3776 2092 3848 gentium

501 3876 694 3930 aquas,
723 3876 847 3932 quae
867 3861 1022 3932 prius
1043 3873 1207 3918 erant
1235 3863 1396 3920 fluxae
1433 3872 1490 3920 et
1513 3863 1829 3932 instabiles,
1860 3876 1918 3922 et
1946 3866 2090 3922 mul-

505 3952 576 4006 tis
604 3953 823 4023 agitatae
853 3953 1137 4023 ﬂuctibus,
1169 3967 1228 4010 ct
1257 3957 1428 4012 celeri
1462 3973 1629 4013 cursu
1661 3957 1992 4014 ferebantur
2027 3959 2095 4014 ad

504 4044 902 4101 idololatriam.
950 4045 1205 4104 Tertium
1259 4057 1450 4104 autem
1503 4065 1704 4105 rursus
1751 4050 2001 4106 visitavit
2037 4061 2094 4108 et

502 4138 650 4192 diem
699 4137 967 4208 Spiritus,
1015 4140 1237 4210 quando
1294 4139 1544 4212 ingressa
1589 4141 1760 4198 fuerit
1802 4141 2094 4213 plenitudo

503 4231 775 4302 gentium.
807 4233 1072 4304 Respexit
1099 4234 1248 4288 enim
1283 4235 1427 4290 Deus
1452 4245 1740 4314 creaturas
1762 4237 1956 4291 mundi
1993 4237 2092 4292 :ad

503 4338 678 4392 aquas
701 4322 920 4378 Graecas
943 4321 1162 4396 (nempe
1191 4325 1451 4397 gentiles)
1485 4327 1788 4384 ostendens
1808 4327 1891 4384 eis
1911 4329 2092 4384 lucem

504 4413 710 4470 divinae
747 4416 1086 4487 cognitionis
1135 4417 1192 4471 in
1222 4417 1406 4488 primo
1447 4418 1537 4474 die
1590 4418 1922 4476 szeculi.Se¢l
1973 4437 2093 4476 cum

505 4506 677 4562 Deum
699 4511 1082 4579 cognovissent,
1114 4527 1218 4565 non
1249 4513 1382 4565 sicut
1413 4511 1579 4566 Deum
1610 4509 1988 4583 gloriﬁcnrunt
2021 4515 2088 4580 ¹¹,

507 4608 571 4655 ιιι
607 4609 846 4656 testatur
870 4603 1092 4668 Paulus,
1136 4603 1332 4661 dicens
1375 4605 1528 4675 quod
1584 4605 1651 4660 ad
1701 4617 2096 4676 argumentum

506 4694 604 4753 Dei
637 4693 973 4765 cognitionis
1003 4693 1157 4750 dedit
1196 4695 1342 4750 Deus
1363 4696 1692 4766 sapientiam
1727 4695 1783 4751 in
1807 4695 2006 4764 initiis,
2041 4706 2100 4752 et

504 4787 881 4860 cognitionem
909 4788 976 4844 de
1006 4789 1112 4844 situ
1148 4789 1296 4849 cmli,
1324 4797 1380 4843 et
1411 4789 1725 4852 stellarum,
1765 4797 1822 4844 et
1855 4790 2011 4854 solis,
2041 4801 2097 4846 et

508 4883 672 4950 lunae,
705 4889 762 4938 et
796 4881 1020 4952 plantis,
1047 4890 1104 4938 et
1138 4882 1496 4946 animalibus,
1532 4889 1588 4936 et
1652 4881 2009 4952 corporibus,
2039 4891 2097 4939 et

508 4973 722 5046 figuris.
757 4973 1030 5042 Quoniam
1063 4991 1195 5046 ergo
1233 4993 1375 5046 aqua
1421 4976 1669 5048 gentium
1697 4991 1808 5030 non
1838 4977 2100 5048 cognovit

507 5069 798 5140 sapientia:
841 5071 1162 5126 ell‘ectorem
1195 5113 1210 5136 ,
1249 5071 1398 5126 Deus
1446 5087 1568 5126 eam
1629 5071 1952 5140 relinquens
1993 5071 2102 5126 im-

511 5163 812 5232 perfectam
844 5171 900 5218 et
932 5181 1048 5219 non
1103 5164 1424 5234 genitalem,
1479 5164 1720 5219 accessit
1759 5162 1828 5218 ad
1869 5172 2096 5238 terram,

510 5255 648 5308 (laus
679 5271 777 5325 per
810 5254 1086 5310 Abraham
1118 5256 1333 5327 signum
1369 5255 1840 5312 circumcisionis.
1890 5255 2100 5312 Etideo

514 5343 678 5413 hujus
690 5345 832 5416 signi
853 5355 1130 5402 terrenam
1149 5348 1408 5419 promisit
1427 5347 1766 5412 mercedem,
1791 5357 1848 5402 et
1866 5347 2104 5402 Abrahae

515 5447 570 5491 et
619 5438 828 5500 lsraeli,
862 5439 1057 5496 dicens
1097 5457 1154 5496 se
1176 5441 1260 5496 eis
1283 5440 1422 5496 dare
1466 5441 1520 5495 in
1552 5439 1966 5511 possessionem
1995 5451 2104 5496 ter-

517 5544 634 5583 ram
689 5531 966 5586 terrestris
1005 5532 1316 5588 Palmstinze
1378 5513 1786 5603 promissionis.
1831 5531 2104 5587 Similiter

516 5623 682 5678 etiam
711 5623 912 5693 populo
948 5625 1250 5696 lsraclitico
1273 5625 1368 5697 qui
1403 5626 1536 5682 exiit
1562 5642 1628 5680 ex
1663 5624 1918 5697 rligypto,
1952 5620 2100 5681 Deus

593 5794 637 5828 "
658 5796 815 5854 Item.
850 5815 886 5867 ι,
917 5797 1004 5852 2|.
1075 5803 1126 5876 ξε
1161 5799 1396 5872 Philipp.
1424 5817 1501 5866 Ill,
1533 5801 1622 5858 ‘20.
1705 5801 1743 5832 ν’
1767 5801 1867 5856 lsa.
1923 5819 1992 5869 Ix,
2035 5803 2080 5864 l.
2113 5803 2148 5856 ξ.)

2195 3237 2420 3298 quoque
2471 3221 2641 3278 Israel
2695 3226 3116 3274 convertentem
3157 3215 3246 3270 'in
3299 3211 3776 3270 consummatione

2194 3319 2549 3382 saeculorum,
2589 3317 2646 3371 in
2673 3312 3019 3385 plenitudine
3052 3325 3150 3366 sex
3203 3308 3424 3366 dierum
3452 3307 3775 3364 creationis.

2173 3413 2253 3471 .Si
2273 3422 2459 3469 autem
2483 3409 2749 3474 auditori,
2770 3417 2834 3463 ut
2857 3405 2954 3478 qui
2979 3421 3092 3461 non
3115 3404 3188 3460 sit
3205 3403 3492 3474 mysteriis
3508 3401 3774 3464 initiatus,

2179 3521 2306 3572 ,non
2355 3507 2570 3576 placeat
2597 3500 2750 3573 quod
2785 3499 2993 3554 dicitur
3031 3514 3044 3550 :
3081 3495 3173 3551 dic
3199 3493 3337 3550 mihi
3391 3502 3450 3548 tu
3495 3506 3664 3563 quam
3709 3489 3778 3546 ob

2194 3613 2438 3660 causam,
2474 3610 2601 3652 eum
2630 3594 2778 3648 Deus
2801 3606 2912 3652 non
2957 3587 3126 3644 simul
3153 3585 3404 3657 singulas
3453 3581 3779 3639 absolvisset

2195 3698 2507 3752 creaturas,
2532 3695 2668 3740 tunc
2691 3681 2892 3738 transit
2929 3679 2998 3736 ad
3036 3679 3244 3734 aliam:
3280 3675 3377 3732 sed
3423 3675 3780 3746 priorem_re-

2178 3783 2454 3852 linquens
2479 3775 2886 3849 imperfectam,
2917 3788 3116 3828 rursus
3175 3769 3348 3826 rediit
3377 3767 3446 3824 ad
3507 3765 3780 3838 priorem?

2195 3873 2292 3930 Sin
2311 3882 2498 3928 autem
2531 3869 2628 3925 tibi
2668 3867 2840 3932 fideli,
2879 3865 2986 3920 fide
3015 3864 3182 3935 digna
3215 3869 3272 3918 et
3341 3856 3641 3930 credibilia
3700 3852 3782 3910 vi-

2180 3966 2400 4023 dentur
2425 3979 2548 4035 qua:
2575 3961 2844 4020 dicuntur
2874 3976 2892 4010 :
2913 3958 3025 4013 huc
3055 3955 3267 4012 inclina
3291 3968 3486 4008 aurem
3513 3959 3691 4015 tuam,
3724 3956 3780 4004 et

2196 4057 2336 4114 mihi
2361 4055 2606 4110 animum
2634 4051 2861 4108 adverte
2895 4066 2908 4102 :
2945 4056 3004 4104 et
3051 4046 3271 4102 videbis
3325 4045 3381 4100 in
3431 4042 3618 4098 carnis
3657 4055 3779 4096 sus-

2195 4157 2372 4219 cepta:
2402 4144 2819 4217 dispensatione
2840 4143 3016 4204 Deum
3067 4139 3313 4196 Verbum
3374 4137 3572 4194 eodem
3615 4132 3780 4191 modo

2199 4257 2397 4298 novam
2441 4253 2666 4311 quoque
2714 4252 2873 4292 suam
2939 4243 3254 4290 creaturam
3315 4229 3697 4287 construxisse
3728 4234 3782 4283 et

2197 4333 2514 4404 perfecisse.
2544 4329 2798 4385 lis-enim
2825 4327 2920 4398 qui
2951 4325 3008 4380 in
3040 4340 3100 4380 se
3135 4323 3348 4378 habent
3375 4323 3562 4378 lucem
3597 4317 3782 4391 cogni-

2198 4426 2386 4490 tionis,
2429 4433 2514 4479 est
2549 4424 2743 4492 utique
2771 4418 3129 4491 perspicuum
3160 4415 3312 4488 quod
3337 4415 3565 4485 antiqua
3593 4409 3780 4468 mundi

2123 4527 2168 4582 Ι)
2195 4518 2406 4574 creatio
2437 4524 2561 4574 erat
2585 4513 2962 4576 adumbratio,
2989 4521 3181 4583 typum
3210 4509 3428 4564 habens
3483 4505 3780 4571 Ecclesiae;

2200 4626 2388 4684 quam,
2421 4609 2466 4665 si
2480 4617 2568 4664 cut
2597 4605 2894 4678 quemdam
2920 4604 3116 4659 orbem
3141 4611 3305 4658 terrae
3332 4616 3532 4656 creans
3551 4609 3611 4656 et
3657 4614 3786 4655 con-

2203 4713 2426 4760 struens
2483 4703 2632 4758 Deus
2678 4692 2924 4755 Verbum
2985 4697 3156 4752 homo
3199 4694 3416 4756 factus,
3468 4690 3668 4762 incipit
3721 4703 3786 4744 ex

2202 4795 2364 4864 aquis
2385 4791 2708 4864 gentilibus,
2737 4797 2803 4845 ut
2826 4788 2922 4858 qui
2949 4787 3004 4842 in
3024 4787 3250 4858 regione
3272 4783 3523 4856 gentium
3541 4790 3788 4836 versatus

2203 4887 2279 4942 sit
2307 4887 2364 4940 in
2397 4883 2694 4940 Nazareth.
2729 4881 2804 4936 De
2832 4879 3039 4951 quibus
3083 4877 3220 4933 dicit
3247 4875 3521 4948 propheta
3573 4872 3784 4928 Isaias:

2206 4979 2370 5034 Terra
2389 4975 2630 5032 Zabulon
2665 4983 2714 5028 et
2746 4983 2892 5027 terra
2915 4966 3246 5042 Nephtalim,
3271 4969 3358 5024 via
3421 4965 3610 5028 maris,
3647 4963 3785 5022 Gali-

2207 5073 2309 5128 [ωτι
2357 5070 2618 5143 gentium,
2645 5065 2876 5139 papulas
2907 5067 2999 5137 qui
3045 5063 3248 5119 vivebat
3282 5063 3339 5117 in
3383 5059 3614 5137 tenebris
3665 5057 3787 5113 vidit

2211 5162 2380 5216 lucem
2418 5174 2671 5230 magnam
2696 5155 2762 5214 ".
2787 5155 2882 5211 Sic
2913 5154 3061 5210 enim
3081 5153 3309 5208 Simeon
3344 5161 3571 5221 quoque
3603 5155 3790 5218 gentes

2207 5254 2381 5326 priori
2414 5251 2538 5307 loco
2582 5250 2788 5322 posuit,
2835 5259 2892 5302 et
2928 5246 3130 5303 deinde
3157 5243 3447 5307 lsraelem,
3487 5241 3682 5296 dicens
3725 5237 3790 5292 de

2202 5347 2426 5404 Christo
2463 5363 2476 5398 :
2519 5343 2715 5398 Lumen
2751 5342 2820 5396 ad
2847 5341 3216 5396 revelationcm
3243 5337 3502 5407 gentium,
3558 5331 3786 5388 deinde:

2205 5447 2254 5492 et
2309 5439 2540 5510 gloriam
2575 5432 2738 5506 plebis
2773 5443 2880 5486 ture
2934 5430 3122 5486 Israel
3161 5429 3226 5480 ¹⁵.
3268 5425 3518 5481 Transiit
3555 5422 3704 5478 enim
3760 5435 3787 5474 a

2203 5529 2480 5588 Nazareth
2514 5527 2762 5600 gentium
2795 5523 2981 5588 maris,
3003 5532 3060 5578 et
3088 5521 3243 5578 venit
3275 5517 3712 5588 Hierosolymam
3736 5513 3788 5570 in

2205 5624 2512 5679 Bethleem.
2546 5630 2603 5676 et
2631 5620 2709 5676 ibi
2743 5627 2908 5676 natus
2937 5626 3042 5682 est,
3071 5623 3128 5670 et
3161 5614 3357 5670 relicta
3393 5609 3718 5682 imperfecta
3737 5612 3790 5662 et

2155 5845 2166 5858 .
2249 5804 2289 5834 ¹’τ
2323 5801 2457 5882 Luc.
2492 5815 2548 5866 ll,
2582 5798 2670 5853 5'2.
