4098 6474
498 381 609 447 925

1617 393 1700 453 IN
1731 391 2290 454 HE'XAEMERON.
2323 417 2396 432 -
2428 398 2578 458 LIB.
2619 399 2718 460 VI.

3691 397 3802 464 926

498 500 833 574 intrugil‘era
888 511 1038 562 terra
1101 505 1293 574 Israel,
1341 507 1498 564 venit
1553 524 1752 566 rursus
1799 511 1867 566 ad
1921 526 2098 582 aquas
2124 518 2174 574 Α
2199 523 2328 568 sunt
2356 516 2411 570 hi
2434 517 2526 586 qui
2541 517 2679 570 sicut
2697 516 2861 570 nubes
2897 515 3103 582 uolant,
3129 516 3722 588 cttanquamooi‘umbc
3753 519 3801 552 ¹⁹

499 594 762 665 gentiles,
793 599 1012 654 vocatis
1035 607 1166 656 ante
1187 600 1582 672 omnes-Magis
1603 641 1619 666 ,
1645 612 1704 656 et
1729 602 2016 672 profectus
2037 603 2094 658 in

495 689 800 764 ASgyptum
852 693 922 750 ad
952 695 1275 754 barbaricas
1299 697 1414 753 Nili
1446 713 1642 768 aquas.
1697 698 1806 754 Sed
1837 714 1964 754 cum
1999 714 2096 754 eas

497 783 757 853 nondum
815 799 1206 859 congregasset
1261 789 1318 844 in
1363 806 1534 846 unam
1579 792 2092 863 congregationem,

498 873 676 930 rediit
698 875 753 930 in
775 885 982 933 terram
1001 879 1178 935 Israel.
1193 879 1349 936 unde
1365 880 1602 946 exierat,
1618 882 1876 952 exiguam
1897 896 2092 950 quam-

477 967 628 1024 -dam
659 968 912 1036 herbam,
945 979 1016 1030 et.
1031 971 1262 1028 arbores
1291 972 1510 1042 aliquas
1537 973 1836 1044 frugiferas
1867 972 2091 1044 (nempe

495 1075 635 1114 suos
658 1059 986 1130 discipulos,
1023 1071 1081 1118 et
1111 1062 1385 1118 Joannem
1421 1062 1752 1133 Baptistam,
1777 1071 1834 1118 et
1861 1062 2088 1134 Ioseph,

423 1217 441 1236 ο
491 1163 556 1206 et
583 1151 974 1220 Nieomedum,
1009 1163 1068 1210 et
1113 1169 1324 1226 paucos
1353 1155 1699 1227 hujusmodi)
1737 1154 2044 1210 ostendens
2075 1173 2087 1208 :
2146 1166 2150 1170 ‘

491 1254 554 1300 et
595 1246 786 1302 statim
827 1247 1028 1303 relicto
1059 1248 1212 1304 cultu
1253 1244 1492 1306 Judaico
1523 1249 1756 1309 .accedit
1784 1264 1980 1304 rursus
2019 1247 2090 1304 ad

492 1336 708 1394 ﬂuenta
733 1339 994 1396 Jordanis
1027 1340 1121 1397 Sol
1149 1343 1402 1414 justitim,
1433 1359 1632 1399 creans
1655 1344 1848 1399 lumen
1903 1342 2088 1413 bapti-

451 1417 712 1487 'smatis.
775 1432 991 1520 Deinde
1016 1433 1092 1489 ita
1146 1433 1430 1490 benedicit
1480 1443 1539 1490 et
1585 1435 1896 1506 perducere
1955 1434 2090 1490 fecit

488 1539 696 1594 aquas,
727 1533 786 1580 et
834 1524 1102 1597 deinceps
1153 1527 1310 1603 venjt
1349 1527 1518 1583 etiam
1564 1528 1636 1584 ad
1679 1538 1885 1585 terram
1923 1547 1936 1582 :
1980 1529 2089 1584 hoc

487 1623 608 1680 est,
643 1631 834 1672 curam
857 1630 1059 1688 gerens
1091 1619 1332 1684 lsraelis,
1401 1630 1460 1676 et
1491 1621 1723 1678 morbos
1757 1636 1954 1676 eorum
1988 1635 2088 1676 cu-

484 1721 646 1764 rans.
683 1707 754 1763 Et
782 1725 980 1792 rursus
1011 1725 1042 1764 a
1067 1718 1215 1766 terra
1245 1709 1530 1780 profectus
1561 1721 1650 1768 est
1674 1711 1743 1768 ad
1767 1711 2028 1784 abyssum
2069 1729 2083 1766 :

484 1813 696 1869 nempe
719 1815 749 1854 a
770 1815 962 1864 cruce.
997 1809 1061 1856 ut
1096 1801 1424 1872 praedicaret
1447 1804 1744 1874 spiritibus
1778 1803 1877 1874 qui
1921 1811 2086 1859 erant

2207 621 2334 660 cum
2374 605 2546 676 pullis
2573 605 2730 662 suis?
2755 605 2853 662 Hae
2896 615 3029 662 sunt
3063 606 3326 662 volucres
3348 622 3474 678 qua:
3506 609 3802 680 rapiuntur

2203 699 2260 754 in
2302 695 2548 754 nubibus
2569 698 2778 754 obviam
2800 699 3028 754 Domino
3054 701 3112 754 in
3147 715 3324 754 aerem
3348 701 3418 754 ³ο.
3462 701 3541 754 De
3591 701 3801 771 quibus

2200 791 2374 846 etiam
2429 791 2650 848 dicebat
2683 809 2695 845 :
2734 793 2832 848 Ubi
2886 803 2964 846 est
3007 809 3222 862 corpus,
3257 792 3458 862 inquit,
3497 805 3596 846 seu
3628 791 3798 848 cada-

2181 884 2511 948 ‘vcr(|atro,
2538 884 2814 954 inquam),
2857 899 3061 954 nempe
3095 885 3151 938 in
3193 883 3482 941 Paradiso.
3517 882 3630 938 iiiis
3672 899 3800 938 con-

2199 975 2564 1046 gregabuntur
2591 977 2760 1032 etiam
2821 975 3096 1048 aquilis“,
3144 991 3272 1045 qua:
3321 976 3797 1046 supplantatorem

2199 1077 2454 1124 nostrum
2488 1080 2802 1140 serpentem
2830 1054 2954 1126 ‘sub
2989 1070 3226 1141 pedibus
3277 1070 3648 1125 sutl‘ocarunt.
3686 1069 3806 1126 Aut

2195 1178 2395 1217 rursus
2427 1163 2520 1216 ubi
2546 1175 2830 1220 mortuum
2861 1173 2946 1219 est
2975 1173 3230 1219 sanctum
3261 1167 3384 1233 ejus
3431 1161 3656 1232 cor'pus,
3681 1161 3799 1216 illic

2197 1268 2302 1308 nos
2329 1257 2706 1326 congregavit,
2733 1265 2794 1310 ut
2819 1257 2998 1311 simus
3024 1257 3148 1325 ejus
3175 1257 3502 1326 participes.
3531 1255 3590 1310 ln
3617 1256 3794 1310 altum

2195 1344 2344 1398 enim
2372 1345 2427 1400 in
2449 1361 2615 1400 cruce
2639 1347 2896 1402 sublatus
2926 1348 3288 1418 congregavit
3314 1349 3576 1418 gentiles,
3621 1356 3677 1402 et
3723 1362 3795 1402 ex

2195 1451 2340 1507 aqua
2380 1438 2595 1508 genitas
2629 1439 2876 1510 gentium
2931 1439 3206 1503 volucres,
3246 1449 3305 1493 ut
3329 1439 3450 1510 ejus
3475 1439 3792 1510 passionem

2197 1530 2488 1585 imitentur
2504 1541 2561 1586 et
2592 1547 2838 1589 erucem.
2867 1531 2975 1588 Sed
3001 1549 3128 1588 cum
3160 1547 3336 1603 aquas
3365 1533 3545 1602 abyssi
3579 1533 3791 1592 subiis—
3867 1521 3891 1540 ’

2193 1635 2300 1689 set,
2335 1638 2526 1679 secum
2553 1623 2684 1680 fecit
2711 1626 2936 1690 evolare
2967 1643 3036 1680 ex
3085 1625 3246 1697 aquis
3270 1625 3658 1682 subterraneis
3687 1641 3790 1681 vo-

2176 1716 2369 1772 lucris
2395 1716 2490 1771 illa
2513 1733 2746 1788 corpora
2787 1718 3139 1784 Sanctorum,
3175 1719 3271 1790 qui
3309 1719 3680 1785 dormierunt,
3731 1726 3790 1776 et

2193 1817 2582 1866 surrexerunt.

486 1889 547 1944 in
581 1891 905 1948 carceribus
925 1893 1860 1968 inferorum,remissionem.882
1879 1896 2088 1952 Deinde
2118 1885 2162 1942 Β
2263 1902 2372 1959 Sed
2401 1913 2576 1959 restat
2606 1913 2668 1960 ut
2694 1903 2961 1976 deinceps
3022 1903 3204 1974 ipsum
3233 1900 3500 1957 dictionis
3532 1900 3783 1971 Scriptu-

483 1997 620 2038 cum
655 1985 1083 2054 resurrexisset,
1131 2003 1166 2044 e
1208 1997 1358 2044 terra
1389 1999 1763 2046 reversusest
1790 1991 1860 2046 ad
1899 1991 2086 2047 ﬁrma-

487 2083 745 2132 mentum
775 2077 844 2134 ad
877 2078 1075 2148 Deum,
1114 2091 1171 2136 et
1193 2080 1353 2138 illinc
1385 2098 1584 2138 rursus
1607 2083 1794 2139 ellecit
1819 2093 1880 2140 ut
1928 2099 2088 2155 aqua;

481 2171 739 2241 gentium
783 2172 1048 2232 animalia
1082 2175 1484 2245 producerent,
1511 2193 1581 2233 ex
1625 2179 1739 2234 alto
1769 2194 1943 2250 super
1989 2193 2086 2234 eas

476 2267 696 2338 emisso
716 2267 982 2338 tanquam
1017 2269 1241 2327 viviﬂco
1263 2280 1461 2328 sancto
1491 2271 1728 2344 Spiritu.

560 2361 698 2428 Quae
708 2363 934 2433 quidem
951 2379 1062 2421 non
1086 2366 1384 2422 cessabunt
1404 2381 1574 2438 super
1588 2369 1800 2438 seipsas
1815 2383 2082 2440 generare

479 2461 545 2510 et
558 2469 891 2526 regenerare
909 2457 1169 2530 ipsasgen
1177 2467 1262 2514 tes
1278 2475 1402 2530 qua:
1414 2461 1570 2531 prius
1585 2469 1747 2517 erant
1761 2461 2012 2532 reptiles,
2023 2468 2084 2516 et

481 2562 642 2604 nunc
653 2547 814 2604 factze
829 2565 892 2606 su
901 2552 1130 2622 ntalatae
1143 2552 1420 2619 volucres,
1438 2553 1620 2610 donec
1641 2553 1932 2624 plenitudo
1949 2569 2084 2624 geu-

484 2641 630 2694 tium
657 2639 908 2712 ingressa
948 2642 1022 2697 sit
1050 2643 1279 2698 omnino
1303 2643 1364 2698 in
1387 2643 1750 2714 paradisum:
1779 2653 1838 2700 et
1863 2654 1995 2700 tunc
2009 2644 2081 2700 de

481 2741 694 2790 caetero
710 2733 1003 2805 perﬁcitur
1015 2735 1247 2791 verbum
1266 2735 1388 2801 Dei,
1413 2722 1563 2807 quod
1577 2737 1716 2792 dicit
1729 2736 1800 2796 de
1816 2737 2082 2792 animali-

481 2826 598 2883 bus
627 2827 886 2884 lsraelis:
915 2828 1184 2884 Producat
1207 2839 1355 2885 terra
1385 2833 1632 2886 animum
1659 2833 1942 2887 viventem.
1966 2832 2080 2887 lte-

477 2929 582 2976 cte
597 2917 736 2975 dixit
758 2939 772 2974 :
798 2920 1042 2977 animum
1070 2923 1349 2978 viventem.
1393 2925 1494 2979 Est
1520 2924 1672 2980 enim
1710 2940 1857 2980 unus
1885 2925 2074 2980 Israel.

479 3013 544 3092 l_n
578 3010 882 3084 gentilibus
909 3023 1100 3070 autem
1130 3015 1642 3072 innumerabilibus
1661 3017 1926 3088 gentibus
1955 3031 2081 3086 quae.

477 3123 554 3162 ex
593 3108 806 3162 nostris
834 3109 998 3178 aquis
1031 3118 1450 3179 processerunt.
1505 3127 1619 3166 non
1655 3111 1796 3167 dicit
1831 3111 2073 3165 animam

461 3201 790 3268 viventem,
814 3201 914 3257 sed
947 3204 1167 3258 animas
1206 3203 1668 3260 innumerabiles.
1699 3203 1846 3259 Dicit
1869 3203 2023 3258 enim
2055 3219 2069 3256 :
2103 3231 2148 3290 ϐ

480 3292 795 3348 Producant
829 3305 985 3365 aqua
1035 3295 1250 3366 reptiiia
1285 3294 1594 3351 animarum
1615 3297 1926 3359 uiuentium,
1969 3307 2076 3350 nec

477 3383 786 3451 ca'solum,
824 3383 923 3439 sed
963 3385 1132 3439 etiam
1155 3386 1422 3441 volucres
1473 3385 1728 3440 volantes
1762 3400 1934 3456 super
1971 3393 2078 3440 ter-

479 3491 605 3530 ram
635 3476 948 3532 secundum
979 3475 1396 3533 ﬁrmamentum
1416 3477 1564 3532 coeli.
1592 3477 1673 3532 Ex
1706 3477 1795 3532 his
1825 3477 2076 3555 volucri-

478 3571 592 3625 bus
619 3578 740 3626 erat
756 3569 964 3625 Paulus
989 3569 1084 3625 ille
1119 3570 1456 3640 baptizatus,
1507 3577 1565 3625 et
1587 3571 1682 3640 qui
1713 3585 1784 3626 ex
1805 3585 1949 3640 aqua
1975 3585 2078 3625 va-

479 3662 589 3718 luit
604 3663 794 3718 volare
811 3662 881 3718 ad
905 3661 1133 3718 tertium
1161 3663 1387 3729 coelum,
1411 3671 1469 3719 et
1489 3679 1686 3719 rursus
1712 3663 1872 3718 illinc
1890 3671 2075 3718 trans-

479 3750 570 3807 ire
599 3751 657 3805 in
707 3750 1050 3821 paradisum.
1081 3749 1370 3823 Ejusmodi
1396 3753 1641 3809 volucris
1683 3762 1806 3808 erat
1860 3749 2077 3823 Philip-

479 3857 610 3912 pus,
645 3841 742 3912 qui
778 3842 992 3899 volans
1009 3858 1113 3914 per
1149 3857 1362 3910 aerem,
1397 3852 1457 3900 et
1473 3845 1708 3901 veniens
1747 3845 1817 3901 ad
1863 3845 2078 3904 Canda-

475 3948 604 3990 eem
641 3931 982 4006 Ethiopem,
1038 3935 1222 4005 ipsum
1265 3934 1572 4006 baptizavit
1629 3951 1798 4007 super
1820 3952 2022 4009 aquam
2058 3957 2072 3994 :

474 4037 539 4082 et
561 4037 662 4096 per
686 4025 1026 4090 columbam,
1063 4041 1268 4098 nempe
1303 4024 1598 4098 Spiritum,
1629 4029 1878 4100 seipsum
1939 4028 2076 4086 eﬂ'e-

475 4122 564 4177 cit
617 4120 902 4176 volucrem
945 4119 1010 4175 ¹⁶.
1073 4120 1362 4193 Ejusmodi
1415 4121 1666 4176 volueris
1720 4121 2076 4178 desiderabat

475 4212 604 4270 ﬁeri
631 4214 714 4269 illi
733 4213 830 4284 qui
853 4213 1077 4270 dicebat
1109 4232 1122 4268 :
1150 4211 1282 4280 Quis
1330 4213 1478 4270 dabit
1527 4215 1660 4272 mihi
1704 4231 1910 4286 pennas
1939 4217 2076 4270 sicut

475 4307 760 4374 columbas,
793 4323 919 4379 quae
956 4307 1253 4364 descendit
1271 4307 1328 4363 in
1343 4307 1674 4376 Iordanem,
1707 4317 1758 4364 et
1781 4309 1976 4374 potatio
2025 4316 2074 4364 et

474 4401 812 4473 requiescam
847 4401 894 4435 "
935 4401 992 4456 in
1020 4399 1114 4456 illa
1159 4401 1355 4472 requie
1399 4399 1714 4458 cmlestium
1779 4403 2073 4459 volucrum

472 4507 578 4550 se:
609 4493 729 4549 alas
758 4491 1127 4549 habentium?
1147 4491 1247 4548 -Ad
1272 4493 1374 4548 has
1397 4534 1404 4540 .
1425 4492 1690 4549 volucres
1731 4493 1978 4550 evolavit
2004 4508 2072 4549 ex

2189 2011 2265 2052 rae
2291 2003 2610 2052 contextum
2647 1997 2982 2068 aperiamus.
3013 1997 3083 2052 Et
3122 1997 3255 2051 dixit
3294 1995 3435 2050 Deus
3465 2011 3484 2050 :
3515 1994 3786 2049 Producat

2190 2097 2336 2144 terra
2374 2090 2614 2144 animam
2659 2093 2919 2145 viventem
2970 2089 3260 2144 secundum
3311 2104 3499 2159 genus,
3548 2087 3786 2158 quadrua

2187 2181 2341 2250 pedes
2364 2191 2412 2234 et
2445 2181 2658 2252 reptilia
2687 2191 2734 2234 et
2763 2181 2955 2236 bestias
2977 2193 3135 2237 terra:
3175 2181 3461 2235 secundum
3484 2197 3670 2251 genus.
3714 2178 3786 2234 Et

2185 2275 2385 2344 factum
2407 2281 2483 2328 est
2517 2277 2618 2330 ita.
2669 2275 2730 2330 In
2755 2274 2899 2330 duos
2931 2287 3127 2346 partus
3159 2283 3217 2332 et
3251 2277 3642 2347 generationes
3695 2273 3785 2328 di-

2183 2367 2320 2423 visit
2350 2368 2496 2422 Deus
2520 2383 2744 2423 omnem
2779 2370 3060 2424 viventem
3087 2368 3456 2423 animantium
3491 2366 3580 2438 (ex
3611 2377 3784 2429 terra,

2181 2458 2436 2530 inquam,
2482 2467 2542 2514 ct
2587 2473 2658 2513 ex
2710 2457 2874 2530 mari)
2903 2459 2999 2530 qui
3045 2473 3115 2514 ex
3161 2459 3384 2514 duabus
3427 2457 3782 2520 mulieribus,

2182 2566 2386 2622 nempe
2412 2551 2510 2607 Lia
2546 2561 2604 2606 et
2633 2552 2899 2618 Rachele,
2947 2560 3044 2606 aut
3083 2567 3151 2606 ex
3182 2551 3316 2608 Sara
3342 2563 3400 2606 et
3464 2551 3612 2621 Agar
3643 2550 3785 2604 duos

2181 2643 2481 2699 constituit
2513 2644 2673 2708 lilios,
2697 2659 2900 2714 nempe
2953 2643 3095 2699 duos
3127 2645 3384 2714 populos,
3425 2643 3689 2697 videlicet
3713 2656 3784 2696 ex

2182 2737 2459 2808 gentibus.
2518 2737 2640 2804 Quo
2687 2737 2746 2792 ﬁt
2793 2746 2853 2792 ut
2896 2738 3046 2808 quod
3076 2754 3108 2793 a
3139 2739 3256 2794 Deo
3279 2747 3410 2794 tunc
3435 2739 3645 2793 dictum
3678 2735 3784 2791 Re-

2181 2829 2386 2896 beccae,
2423 2833 2725 2887 conveniat
2745 2831 2912 2887 etiam
2952 2832 3143 2888 dicere
3178 2840 3450 2889 creaturaa
3478 2845 3602 2901 quae
3660 2843 3784 2884 cer-

2181 2922 2375 2976 nitur:
2411 2922 2545 2978 Duaz
2583 2913 2766 2994 gentes
2789 2934 2840 2978 et
2861 2923 2966 2978 duo
3005 2923 3190 2994 populi
3223 2940 3289 2978 ea:
3309 2931 3360 2977 te
3409 2923 3778 2994 egrediantur,

2179 3021 2230 3067 et
2262 3013 2492 3086 populus
2512 3000 2769 3084 populum
2799 3014 3090 3086 superabit,
3127 3022 3176 3066 et
3231 3013 3411 3080 maior
3437 3013 3628 3067 serviet
3683 3012 3784 3066 mi-

2179 3107 2300 3161 nori
2333 3106 2400 3159 ".
2453 3105 2809 3162 Snutautem
2847 3105 3064 3160 scilicet
3129 3105 3343 3176 majora
3380 3112 3436 3158 et
3489 3102 3784 3174 insigniter

2179 3195 2414 3252 fortiori:
2451 3213 2575 3267 quae
2622 3213 2690 3254 ex
2733 3207 2881 3253 terra
2936 3206 3070 3253 nata
3125 3203 3256 3253 sunt
3289 3196 3552 3252 animalia
3603 3205 3662 3250 et
3685 3195 3782 3266 ju-

2178 3297 2369 3344 meuta
2393 3297 2452 3344 et
2473 3289 2688 3354 bestiae,
2711 3305 2878 3360 quam
2909 3291 3091 3360 pisces
3117 3289 3344 3354 marini,
3374 3297 3432 3343 et
3453 3301 3626 3358 super
3657 3301 3782 3341 om-

2177 3381 2269 3436 nia
2299 3381 2576 3437 volucres.
2625 3380 2784 3448 Quod
2833 3382 2882 3438 si
2923 3397 2989 3437 ea
3015 3397 3140 3452 quin
3182 3382 3444 3438 dicuntur
3499 3379 3705 3450 rejicis,
3745 3393 3782 3434 ο

2173 3472 2426 3538 auditor,
2452 3481 2660 3544 utqum
2697 3490 2812 3528 non
2851 3475 2965 3530 sint
3001 3473 3316 3545 probabilia
3343 3515 3358 3538 ,
3429 3472 3564 3542 quid
3607 3470 3780 3528 iacies

2173 3575 2276 3622 aut
2302 3566 2456 3622 dices
2487 3581 2614 3621 cum
2650 3567 2842 3623 videas
2880 3578 3008 3638 qua:
3029 3583 3097 3622 ex
3121 3567 3284 3637 aquis
3331 3574 3455 3620 orta
3483 3571 3616 3618 sunt
3656 3563 3778 3618 ani-

2174 3659 2346 3714 malia
2377 3658 2736 3729 praeripuisse
2775 3675 2895 3714 eam
2919 3677 3046 3730 quae
3103 3675 3132 3714 a
3171 3660 3284 3714 Deo
3327 3649 3495 3714 datur
3541 3656 3776 3712 benedi-

2177 3753 2622 3808 ctionem2Nam
2667 3753 2950 3824 quomodo
2997 3753 3170 3810 Jacob
3205 3753 3516 3838 praeripuit,
3548 3749 3781 3806 benedi-

2177 3845 2422 3901 ctionem
2459 3845 2643 3900 Esau?
2669 3845 2935 3916 quoniam
2967 3845 3112 3901 alter
3161 3845 3393 3916 quidem
3425 3852 3550 3900 erat
3601 3857 3774 3898 vena-

2177 3944 2287 4002 tor,
2313 3943 2378 3992 et
2401 3945 2662 4008 tanquam
2691 3951 2723 3992 e
2753 3945 2904 3992 terra
2937 3946 3126 3991 ortum
3165 3936 3412 3991 habebat
3446 3942 3504 3990 et
3539 3947 3779 4006 genera-

2175 4031 2410 4096 tionem,
2435 4039 2492 4086 et
2512 4030 2683 4086 vitam
2720 4046 2886 4102 quam
2918 4029 3154 4100 degebat
3181 4029 3349 4084 simul
3389 4043 3516 4083 cum
3545 4026 3685 4082 feris
3715 4025 3774 4080 in

2175 4138 2308 4195 agro
2336 4133 2394 4179 et
2424 4137 2552 4180 cum
2609 4122 2905 4194 reptilibus
2941 4139 2956 4175 :
2999 4121 3150 4176 unde
3205 4119 3372 4176 etiam
3395 4160 3409 4184 ,
3438 4118 3635 4182 Edem,
3669 4117 3778 4172 hoc

2174 4225 2282 4280 est,
2313 4215 2496 4283 rufus,
2548 4215 2655 4272 fuit
2679 4216 2825 4271 Esau
2862 4215 3322 4286 cognominatus;
3361 4211 3533 4269 Iacob
3563 4219 3774 4274 autem,

2174 4311 2290 4384 qui,
2317 4311 2484 4368 simul
2523 4321 2655 4366 cum
2689 4309 3105 4374 benedictione,
3161 4301 3284 4381 ejus
3335 4321 3560 4378 quoque
3590 4305 3778 4376 rapuit

2173 4405 2694 4477 primogenituram,
2726 4416 2856 4458 cum
2905 4397 3274 4457 evolasset-in
3329 4408 3602 4467 aquarum
3657 4393 3776 4448 Me-

2173 4499 2562 4572 sopotamiam,
2594 4496 2714 4552 illic
2765 4495 2824 4550 in
2860 4495 3030 4566 aquis
3085 4491 3308 4564 peperit
3340 4490 3396 4545 in
3456 4489 3622 4543 domo
3651 4485 3774 4542 Dei.

474 4587 698 4643 viviﬁca
725 4603 865 4658 aqua
898 4602 1025 4658 quae
1079 4586 1240 4645 ﬂuxit
1289 4601 1359 4642 ex
1387 4585 1564 4644 latere
1609 4587 1832 4642 Domini
1864 4588 1921 4642 in
1945 4588 2070 4645 loco
2101 4589 2146 4643 ο
2173 4595 2370 4652 Bethel
2401 4595 2552 4649 enim
2578 4591 2988 4661 interpretatur
3005 4586 3256 4658 Spiritus
3279 4583 3404 4648 Dei,
3435 4583 3588 4638 unde
3607 4582 3775 4637 etiam

473 4681 782 4746 Calvariat,
814 4679 996 4751 prima
1027 4680 1279 4736 omnium
1303 4680 1556 4737 volucris
1577 4721 1594 4745 ,
1625 4689 1854 4738 sanctus
1893 4681 2073 4750 latro,
2167 4685 2390 4756 accepit
2422 4682 2632 4739 Rachel
2670 4699 2685 4736 :
2719 4681 2930 4737 Rachel
2981 4688 3168 4735 autem
3193 4676 3365 4732 etiam
3418 4675 3628 4730 dicitur
3671 4673 3780 4728 Do-

473 4787 609 4830 cum
625 4787 753 4844 rege
768 4771 1064 4828 volucrum
1079 4771 1306 4830 Christo
1321 4787 1520 4845 magna
1534 4773 1758 4844 Aquila,
1771 4788 1874 4844 per
1885 4787 2074 4830 aerem

469 4867 678 4922 volans
701 4859 758 4922 in
781 4866 1126 4938 paradisum.
1183 4867 1262 4923 De
1293 4865 1507 4923 Christi
1564 4867 1891 4924 volucribus
1939 4868 2078 4925 dicit

471 4959 648 5016 etiam
701 4957 1172 5032 Psalmographus
1221 4959 1488 5026 :Passer,
1519 4975 1722 5032 nempe
1749 4961 1914 5026 latro,
1977 4976 2077 5018 seu

477 5051 685 5122 aliquis
702 5052 866 5119 allus,
887 5053 1090 5108 invenit
1123 5053 1224 5108 sibi
1253 5053 1542 5124 proprium
1566 5053 1761 5108 nidum
1809 5053 1946 5126 ligni
1973 5069 2076 5126 pa-

479 5145 654 5200 radisi
687 5162 718 5200 :-
737 5154 938 5207 turtur.
957 5145 1445 5218 nempeEcclesia,
1467 5161 1592 5217 quae
1619 5147 1736 5202 sola
1761 5161 1936 5202 unum
1968 5164 2075 5204 no-

476 5238 566 5293 vit
591 5240 884 5312 coniugem
906 5240 1215 5305 Christum,
1246 5256 1373 5312 qua:
1389 5240 1560 5296 vitam
1587 5241 1762 5312 magis
1795 5249 1944 5296 amat
1983 5256 2075 5297 so-

471 5331 721 5390 litariam
743 5349 910 5404 quam
939 5334 1258 5401 delicatam,
1297 5333 1524 5388 mollem
1557 5341 1616 5388 et
1647 5333 2027 5389 etfeminatam
2057 5353 2070 5388 :

477 5425 580 5480 sibi
609 5426 826 5492 nidum,
862 5441 1066 5497 nempe
1095 5441 1330 5498 regnum
1385 5425 1694 5494 caelorum;
1735 5426 1824 5480 ubi
1852 5436 2076 5498 reponat

481 5513 660 5586 pullos
682 5531 804 5570 suos
828 5517 894 5570 ⁸⁸.
926 5514 1075 5583 Quas
1098 5515 1328 5588 quidem
1353 5523 1626 5572 exeuntes
1676 5515 1748 5570 de
1777 5516 1940 5586 aquis
1973 5532 2075 5571 vo-

478 5609 667 5666 lucres
685 5617 922 5682 stupens
954 5625 1182 5682 quoque
1227 5610 1421 5676 Isaias,
1449 5609 1730 5664 clamabat
1777 5625 1790 5662 :
1840 5607 2076 5674 Quinam

557 5817 602 5850 "
635 5818 756 5872 Act.
803 5819 917 5888 Vill,
946 5817 1020 5872 ⁸26
1043 5831 1196 5888 seqq.
1281 5819 1319 5852 ⁸⁷
1355 5817 1612 5884 Ρεειὶ.ιιν,
1645 5818 1698 5872 7.

481 5905 626 5957 xxu',
648 5888 738 5944 28.
819 5889 862 5920 ²¹
887 5887 1026 5944 Gen.
1051 5887 1173 5952 xxv,
1191 5888 1286 5944 2'5.

2172 4791 2304 4832 mus
2327 4775 2449 4831 Dei.
2484 4775 2606 4846 Ipsa
2651 4773 2804 4828 enim
2837 4779 2961 4827 erat
2985 4780 3148 4844 typus
3187 4767 3456 4826 Ecclesia:
3485 4781 3610 4838 quae
3665 4766 3779 4822 exi.

2173 4867 2366 4922 stitex
2397 4865 2682 4938 gentibus,
2713 4863 2771 4918 in
2803 4877 2912 4933 qua
2943 4861 3042 4917 Dei
3095 4860 3339 4932 Spiritus
3372 4865 3625 4913 amanter
3652 4856 3772 4912 vcl-

2175 4959 2260 5014 uti
2312 4956 2680 5028 requiescens
2735 4954 3056 5026 (propterea
3119 4951 3271 5023 quod
3321 4965 3444 5005 eam
3503 4948 3772 5020 peperit),

2179 5053 2362 5108 fertur
2417 5065 2587 5121 super
2633 5063 2834 5119 aquam
2882 5045 3296 5116 Mesopotamia:
3335 5044 3589 5098 omnium
3643 5057 3779 5114 gen-

2181 5145 2346 5201 tium.
2386 5143 2633 5198 Adverte
2659 5150 2850 5197 autem
2879 5139 3031 5212 quod
3075 5137 3281 5194 Rachel
3313 5151 3560 5208 quoque,
3614 5144 3779 5209 typus

2177 5247 2238 5295 et
2279 5238 2456 5309 figura
2511 5235 2683 5308 (sicut
2722 5242 2782 5290 et
2813 5231 3092 5300 Rebecca)
3143 5232 3269 5303 ejus
3300 5244 3424 5300 quae
3467 5227 3778 5299 aliquando

2183 5332 2289 5387 fuit
2315 5329 2526 5386 sterilis
2547 5329 2798 5402 gentium
2825 5327 3110 5389 Ecclesiae,
3133 5341 3259 5382 cum
3301 5333 3449 5380 esset
3475 5331 3645 5390 super
3667 5331 3778 5378 ter-

2183 5439 2301 5480 ram
2367 5437 2640 5493 aquarum
2691 5419 3121 5490 Mesopotamiae,
3185 5416 3304 5471 lllic
3359 5415 3643 5486 desponsa
3671 5411 3779 5467 fuit

2181 5499 2333 5572 Isaac
2358 5533 2374 5572 :
2405 5525 2464 5571 et
2487 5515 2675 5571 statim
2704 5523 2970 5584 tanquam
3006 5511 3242 5582 pulchra
3267 5519 3325 5566 et
3347 5509 3551 5565 alacris
3576 5521 3776 5579 aquam

2180 5607 2482 5664 ellundens
2504 5606 2742 5678 piscina,
2778 5605 2991 5680 potavit
3015 5602 3278 5660 inﬁdeles
3331 5601 3576 5658 camelos
3601 5599 3780 5672 patris

1783 5815 1823 5851 ⁸⁸
1859 5815 2004 5874 Psal.
2037 5835 2082 5873 ω

2182 5835 2257 5886 Ill,
2306 5819 2350 5874 ί.
2431 5820 2474 5851 ¹⁹
2501 5817 2604 5874 lsa.
2637 5833 2724 5881 ις,
2755 5815 2808 5870 8.
2857 5826 2862 5832 ·
2890 5815 2934 5849 ³⁸
2959 5815 2982 5870 1
3011 5814 3210 5871 Thess.
3241 5831 3318 5884 tv,
3350 5813 3436 5870 l6.
3513 5813 3556 5844 "
3579 5808 3774 5872 Matth.
