4098 6496
389 400 489 465 ξ)ῗῖ

1600 389 1660 449 S.
1702 383 2104 449 ANASTASII
2164 387 2509 453 ΒΙΝΑῙΤΆΕΓ

3571 390 3690 458 928

391 517 659 588 gentium.
707 511 985 569 Abraham
1018 509 1169 566 enim
1208 507 1609 578 interpretatur
1662 513 1816 575 pater
1853 519 1977 574 gen—
2005 497 2055 556 Δ
2081 508 2260 576 ipsum
2302 518 2389 564 est
2423 508 2711 580 plenitudo
2742 509 2987 567 ﬁdelium
3018 526 3032 563 :
3071 508 3233 581 quod'
3266 518 3613 580 unguentum
3647 528 3689 568 a

392 610 547 673 tium,
575 600 632 661 in
668 604 898 677 ﬁguram
937 602 1036 659 Dei
1063 611 1119 657 et
1145 602 1323 658 Patris
1353 603 1625 672 gentium.

462 697 823 753 Multilariam
865 710 1000 766 ergo
1040 704 1097 750 et
1139 694 1329 749 multis
1367 692 1554 747 modis
1610 689 1979 755 ostendimus,

391 785 533 860 quae
562 806 631 845 ex
663 790 826 860 aquis
877 787 1107 859 quidem
1156 796 1320 841 enata
1376 794 1507 841 sunt
1539 783 1823 850 animalia,
1859 798 1983 839 esse

394 882 627 953 ﬁguram
668 880 918 951 gentium
974 894 1097 948 quae
1131 877 1358 933 fuerunt
1391 876 1690 946 aliquando
1737 874 1795 930 in
1847 889 1982 944 pro-

391 975 566 1030 fundo
598 973 945 1044 ignorantiae.
987 970 1360 1037 Quamobrem
1392 977 1451 1024 et
1496 983 1691 1022 eorum
1738 967 1983 1037 piscato-

393 1064 686 1121 reseﬁ‘ecit
714 1063 973 1119 Christus
1003 1076 1136 1116 suos
1186 1060 1511 1129 discipulos.
1563 1059 1846 1114 Habemus
1885 1075 1985 1114 au-

394 1166 503 1211 tem
534 1156 698 1210 aliam
720 1170 943 1225 quoque
984 1153 1357 1209 ﬁrmissimam
1389 1160 1447 1207 et
1480 1152 1641 1207 valde
1673 1151 1984 1207 admirabi-

394 1250 502 1306 lem
543 1248 951 1319 probationem,
1000 1262 1122 1317 quaa
1178 1246 1347 1301 etiam
1376 1245 1539 1301 valde
1592 1243 1883 1300 incredula
1928 1251 1987 1299 et

395 1340 748 1396 eontentioso
808 1339 1142 1410 persuadeat
1189 1337 1341 1407 quod
1389 1351 1514 1406 quas
1574 1343 1706 1391 sunt
1760 1351 1793 1390 a
1835 1345 1985 1392 terra

395 1442 517 1486 orta
567 1430 833 1484 animalia
864 1430 1053 1484 ferunt
1094 1436 1308 1483 certum
1356 1426 1757 1483 etevidentem
1791 1434 1985 1497 typum

394 1523 582 1593 populi
611 1521 951 1577 Judmorum.
972 1520 1233 1588 Quaenam
1264 1528 1452 1575 autem
1485 1526 1573 1574 est
1593 1534 1659 1573 ea
1690 1519 1988 1588 probatio?

394 1616 528 1670 Dico
563 1614 712 1683 quod
747 1629 777 1669 a
809 1622 956 1669 terra
978 1614 1202 1684 genitus
1232 1611 1430 1676 Adam,
1463 1618 1572 1676 est,
1599 1611 1746 1682 quod
1774 1611 1844 1667 ad
1864 1628 1988 1666 ear-

392 1719 518 1759 uem
544 1705 764 1770 attinet,
800 1712 1070 1775 cognatus
1104 1704 1327 1758 illarum
1356 1716 1387 1756 e
1420 1710 1573 1756 terra
1602 1711 1852 1759 ortarum
1891 1703 1989 1758 be—

393 1797 647 1862 stiarum,
680 1805 735 1851 et
765 1797 1073 1866 reptilium.
1113 1797 1280 1854 Sexto
1314 1801 1465 1855 enim
1491 1800 1603 1867 die,
1640 1808 1697 1855 et
1739 1800 1878 1869 ipse,
1931 1806 1989 1854 et

393 1888 502 1944 illa:
524 1898 654 1944 sunt
676 1899 898 1954 creatm,
928 1907 1041 1946 non
1064 1901 1249 1946 autem
1273 1893 1476 1947 marini
1504 1893 1707 1962 pisces,
1734 1891 1831 1962 qui
1853 1891 1988 1947 facti

393 1989 526 2037 sunt
549 1981 640 2037 die
671 1982 889 2052 quinto.
910 1982 1203 2050 Quomodo
1230 1983 1401 2040 etiam
1423 1982 1681 2039 Christus
1707 1984 1991 2040 secundus

391 2076 590 2141 Adam,
622 2088 891 2149 cognatus
916 2078 1263 2144 Judaaorum,
1299 2079 1449 2149 quod
1495 2077 1564 2134 ad
1591 2094 1818 2134 carnem
1858 2079 1991 2133 atti~

392 2178 510 2235 net,
535 2178 621 2225 est
651 2186 724 2225 ex-
747 2172 1053 2227 mansuetis
1084 2172 1193 2227 illis
1211 2171 1408 2228 bestiis
1448 2182 1505 2228 et
1535 2171 1834 2242 reptilibus
1874 2188 1990 2227 non

394 2262 704 2324 venenatis,
723 2279 836 2317 non
854 2272 1041 2319 autem
1055 2280 1122 2318 ex
1140 2264 1324 2330 nobis,
1338 2280 1534 2335 nempe
1545 2263 1989 2335 gentibus.Quod

394 2365 624 2412 anteme
655 2364 801 2411 terra
830 2356 899 2412 sit
926 2356 1174 2427 gentium
1200 2372 1379 2428 genus
1419 2356 1764 2425 Iudaeorum,
1799 2372 1867 2413 ex
1904 2357 1992 2413 his

394 2448 732 2504 ostenditur.
760 2448 1066 2503 Didisceris
1094 2456 1282 2504 autem
1307 2447 1475 2503 etiam
1511 2462 1580 2502 ex
1606 2448 1742 2519 ipsis
1766 2448 1987 2503 verbis:

400 2539 667 2594 Producat
689 2549 836 2593 terra
862 2538 1250 2609 quadrupedes.
1279 2538 1554 2605 Quoniam
1580 2540 1637 2593 in
1660 2546 1867 2595 terram
1892 2539 1992 2595 de-

396 2631 644 2700 spiciunt
701 2639 757 2685 et
788 2638 1013 2684 terrena
1057 2637 1350 2699 appetunt,
1377 2644 1476 2684 eos
1514 2628 1582 2684 ad
1616 2636 1781 2684 terra:
1834 2629 1994 2701 ﬁngit

399 2722 718 2793 imaginem,
754 2730 817 2776 ut
844 2720 942 2790 qui
966 2721 1240 2790 resipiant
1272 2721 1643 2792 impietatem,
1673 2731 1737 2777 et
1754 2722 1993 2778 haeredi-

402 2820 572 2869 tatem
616 2813 960 2883 acceperint,
1014 2820 1179 2869 terra:
1245 2812 1624 2869 latitudinem.
1652 2814 1994 2884 Propheticc

2085 600 2200 657 Deo
2224 600 2413 672 jussus
2444 601 2718 659 conﬁcere
2748 603 2796 635 "
2836 619 2850 655 :
2879 603 3153 659 calamum
3200 602 3427 673 quidem
3458 604 3684 674 accepit

2083 701 2313 758 eterra,
2351 694 2636 765 myrrham
2684 702 2870 750 autem
2914 711 2945 751 e
2980 695 3145 750 mari.
3179 694 3249 749 Et
3280 694 3513 750 fortasse
3543 700 3682 766 pro-

2085 795 2276 856 pterea
2308 785 2565 842 Christus
2587 801 2811 857 quoque
2843 801 2943 854 per
2981 786 3254 841 calamum
3279 801 3310 840 e
3340 795 3487 841 terra
3525 786 3691 855 geni-

2086 887 2203 933 tum
2225 887 2282 933 et
2304 880 2591 949 spongiam
2624 880 2915 943 marinam,
2941 887 3088 933 aceto
3104 879 3152 910 "
3172 885 3362 948 potato
3388 877 3446 931 in
3477 891 3679 941 cruce;

2087 972 2194 1027 hoc
2218 981 2322 1036 est,
2350 972 2546 1027 mortis
2578 979 2765 1043 gustat
2786 970 3174 1027 acerbitatem.
3203 970 3339 1025 Nam
3383 969 3507 1025 dua:
3533 984 3678 1040 quo-

2087 1078 2195 1133 que
2232 1070 2425 1133 gentes
2451 1063 2872 1131 (Romanorum,
2922 1062 3167 1131 inquam,
3193 1067 3253 1114 et
3292 1057 3674 1129 Hebraeorum)

2086 1169 2212 1210 eum
2238 1164 2416 1211 morte
2432 1154 2872 1211 condemnarunt
2897 1172 2910 1207 :
2935 1168 3172 1223 quorum
3207 1160 3378 1224 typus
3392 1151 3673 1207 fuitetiam

2087 1263 2187 1318 par
2222 1247 2524 1309 latronum,
2574 1262 2775 1317 nempe
2819 1256 2877 1302 et
2927 1247 3049 1317 ejus
3098 1245 3193 1316 qui
3254 1253 3339 1300 est
3368 1244 3554 1300 salvus
3579 1261 3679 1316 per

2088 1339 2299 1406 ﬁdem,
2353 1350 2411 1396 et
2465 1340 2641 1396 Iudaei
2692 1340 2788 1411 qui
2850 1340 2996 1410 perit
3049 1354 3150 1409 per
3205 1338 3672 1393 incredulitatem.

2088 1432 2307 1488 Rursus
2337 1441 2521 1487 autem
2554 1433 2812 1489 audimus
2838 1432 3011 1487 Deum
3031 1431 3166 1485 Mosi
3193 1431 3505 1502 iubentem,
3536 1445 3678 1500 pon-

2090 1523 2256 1578 tiﬁcis
2295 1522 2532 1579 Aaronis
2581 1508 2824 1578 tunicam
2878 1529 3174 1598 contexere
3217 1535 3284 1574 ex
3306 1535 3559 1591 purpura
3590 1536 3681 1576 re‘

2091 1624 2258 1671 torta.
2294 1616 2546 1687 Purpura
2582 1622 2767 1670 autem
2823 1620 3041 1670 constat
3070 1628 3138 1667 ex
3178 1611 3402 1668 duobus
3429 1611 3680 1667 animali-

2090 1707 2197 1763 bus
2232 1725 2245 1761 :
2276 1724 2344 1764 ex
2368 1723 2581 1773 verme,
2630 1708 2877 1778 inquam,
2908 1722 2941 1761 e
2972 1715 3115 1761 terra
3144 1705 3353 1788 genito,
3401 1712 3458 1759 et
3500 1712 3681 1759 ostreo

2092 1803 2330 1859 marino.
2381 1802 2680 1873 Propterea
2705 1816 2837 1872 ergo
2880 1814 3082 1867 rursus
3118 1797 3235 1853 duo
3260 1797 3451 1869 populi
3478 1797 3535 1852 in
3560 1813 3684 1867 pas-

2092 1897 2250 1952 sione
2311 1895 2592 1952 Christum
2654 1894 2959 1949 induerunt
3021 1890 3290 1948 chlamide
3336 1895 3679 1964 lpurpurca;

2092 1998 2222 2044 ante
2246 1986 2622 2059 signiﬁcantes
2638 1986 2788 2057 quod
2822 1993 3080 2057 regnaret
3107 1998 3277 2054 super
3306 1981 3451 2037 duos
3508 1997 3684 2052 popu-

2092 2081 2176 2136 los
2191 2079 2340 2136 carni
2369 2079 2534 2134 unius
2554 2079 2796 2135 caelestis
2831 2077 2981 2132 Deus
3010 2074 3275 2131 Verbum.
3313 2070 3472 2139 Quod
3495 2082 3681 2142 aperte

2091 2172 2259 2243 883
2315 2170 2474 2242 prius
2513 2170 2908 2227 describebant
2947 2168 3131 2224 caueri
3187 2180 3410 2238 quoque
3468 2164 3682 2220 colores

2093 2263 2327 2318 aliarum
2360 2264 2621 2331 vestium,
2651 2263 2747 2334 qui
2777 2279 2904 2319 cum
2938 2268 3184 2333 purpura
3218 2261 3275 2315 in
3312 2258 3551 2315 Aaronis
3600 2266 3682 2314 tuo

2093 2355 2218 2411 nica
2249 2364 2387 2412 tunc
2435 2364 2827 2423 contexuntur.
2868 2355 3005 2410 Nam
3043 2353 3244 2425 byssus
3288 2352 3515 2423 quidem
3563 2367 3685 2422 quas

2093 2455 2220 2525 plus
2246 2465 2412 2523 quam
2472 2448 2564 2504 nix
2594 2447 2850 2518 refulget,
2889 2445 3135 2501 ostendit
3190 2444 3503 2517 symbolum
3549 2442 3685 2499 lucis

2094 2562 2217 2618 qum
2245 2543 2500 2616 procedit
2523 2558 2591 2597 ex
2616 2542 2743 2613 luce
2782 2540 2881 2596 Dei
2930 2539 3096 2595 Verbi
3137 2557 3151 2594 :
3185 2546 3456 2594 rctortum
3503 2544 3685 2591 autem

2095 2638 2386 2696 coccinum
2435 2635 2544 2691 fert
2578 2633 2870 2704 imaginem
2902 2631 3107 2694 carnis,
3138 2645 3264 2687 cum
3305 2630 3498 2700 pueris
3539 2629 3683 2685 enim

2094 2727 2581 2787 communicarunt
2613 2726 2765 2782 carni
2793 2737 2851 2782 et
2890 2724 3167 2794 sanguini.
3200 2722 3549 2795 Hyacinthus
3593 2736 3687 2776 au-

2097 2831 2209 2877 tem
2254 2837 2379 2891 qua:
2427 2818 2657 2882 dicitur,
2707 2823 2793 2872 est
2837 2816 3095 2871 similiter
3140 2815 3344 2871 coloris
3392 2815 3683 2870 celestis:

399 2913 585 2960 autem
618 2905 875 2976 praedicit
901 2920 1123 2975 quoque
1145 2904 1325 2961 Moses
1363 2904 1432 2960 de
1459 2921 1656 2960 eorum
1689 2905 1906 2961 furioso
1937 2913 1997 2960 et
2097 2913 2459 2983 quamobrem
2491 2925 2618 2966 eum
2641 2923 2863 2979 quoque
2889 2908 3134 2963 colorem
3156 2906 3369 2962 aerium
3399 2906 3688 2961 nominant

399 2997 592 3053 lethali
613 3012 851 3065 veneno,
882 3013 980 3052 eos
1013 2997 1125 3051 alta
1150 3013 1284 3053 voce
1309 3012 1516 3054 vocans
1561 2998 1781 3068 reptilia
1817 3006 1874 3054 et
1901 2998 1998 3053 be—
2099 3005 2194 3076 qui
2224 3005 2464 3060 sericeos
2491 3003 2708 3058 colores
2739 3009 3174 3073 persequuntur.
3238 2999 3560 3056 Invenimus
3590 3014 3686 3054 au-

400 3091 554 3146 stias.
581 3090 858 3147 Praeterea
882 3097 1141 3147 recenset
1175 3090 1344 3146 etiam
1395 3091 1644 3156 illorum,
1686 3091 1809 3162 ejus
1847 3091 1996 3161 quod
2101 3098 2429 3168 tem~Magos
2462 3112 2683 3167 quoque
2742 3111 2870 3151 cum
2912 3109 3050 3149 auro
3083 3109 3114 3149 e
3150 3101 3313 3149 terra,
3358 3101 3513 3157 nato,
3547 3107 3691 3163 myr.

400 3195 488 3241 est
516 3185 715 3241 melius
771 3184 1202 3257 ignorationem,
1253 3183 1450 3239 dicens
1476 3199 1541 3239 ea
1571 3185 1850 3255 jumenta.
1885 3183 1993 3240 Sed
2025 3203 2069 3266 ο
2102 3189 2258 3244 rbam
2287 3188 2456 3249 etiam
2479 3187 2751 3241 marinam
2798 3185 3067 3241 obtulisse
3109 3183 3354 3240 Christo.
3403 3182 3689 3248 Quomodo

402 3279 552 3348 quod
601 3279 673 3335 ab
727 3279 989 3335 Habacuc
1032 3278 1307 3349 pr0pbeta
1343 3278 1551 3333 dicitur
1594 3277 1665 3333 de
1715 3277 1992 3333 Christol:

403 3370 467 3425 In
516 3372 688 3425 medio
724 3371 951 3426 duorum
1001 3370 1325 3425 animalium
1369 3372 1698 3442 cognosceris
1715 3371 1784 3437 ³³,
1822 3370 1876 3425 id
1907 3386 1998 3426 sa-

402 3462 624 3531 pientes
658 3461 1173 3531 Patresaccipiunt
1196 3461 1266 3516 de
1297 3460 1517 3516 duobus
1559 3461 1821 3532 populis:
1849 3461 1998 3515 Duo-

403 3571 524 3620 rum
567 3554 912 3619 animalium,
959 3554 1117 3625 quasi
1153 3554 1329 3619 dicas,
1385 3554 1551 3610 unius
1591 3554 2001 3625 populi-terre-

402 3644 555 3708 stris,
578 3644 809 3698 alterius
830 3642 1054 3698 marini.
1080 3643 1148 3697 Et
1164 3644 1327 3714 plane
1349 3644 1459 3699 hoc
1475 3644 1640 3700 modo
1660 3645 1852 3709 Evam,
1877 3661 2001 3716 quae

403 3743 490 3790 cst
520 3734 693 3807 ﬁgura
734 3735 1001 3791 Ecclesia:
1026 3735 1238 3792 Christi
1263 3753 1331 3793 ex
1363 3738 1646 3809 gentibus.
1701 3739 1850 3794 Deus
1888 3754 2001 3793 non

405 3822 536 3877 fecit
561 3837 629 3877 cx
658 3829 806 3878 terra
833 3822 985 3879 unde
1017 3823 1176 3879 ﬁnxit
1202 3825 1402 3893 Adam,
1446 3828 1713 3898 quoniam
1747 3829 2002 3886 Ecclesia

405 3929 515 3969 non
543 3922 631 3971 est
650 3922 906 3986 cognata,
941 3916 1287 3999 seddiversi.
1312 3921 1537 3991 generis
1556 3921 1896 3993 hospesque,
1944 3931 2002 3979 et

404 4005 583 4061 aliena
615 4022 647 4061 a
678 4006 909 4074 Iudicis,
934 4009 1029 4079 qui
1061 4026 1175 4066 non
1208 4020 1339 4066 sunt
1360 4011 1657 4067 benedicta
1693 4013 1998 4069 animalia:

406 4106 469 4152 ut
501 4114 623 4168 qua:
652 4099 729 4155 sit
760 4115 827 4154 ex
846 4101 1144 4171 reptilibus
1173 4112 1231 4158 et
1279 4104 1627 4161 volucribus.
1654 4107 1825 4163 maris
1878 4123 2002 4178 quae

405 4201 743 4264 acceperunt
766 4196 864 4250 Dei
892 4196 1377 4254 benedictionem.

477 4283 635 4350 Quod
664 4287 710 4341 si
736 4286 906 4342 alacri
934 4297 992 4343 et
1014 4292 1226 4359 patenti
1251 4291 1437 4348 animo
1471 4293 1542 4351 iis
1570 4311 1694 4366 quae
1739 4297 2004 4355 dicuntur

408 4392 573 4431 aures
596 4378 867 4447 praabeas,
897 4380 1201 4448 oauditor,
1220 4399 1346 4454 qua:
1370 4384 1441 4441 de
1475 4385 1564 4442 his
1585 4387 1807 4445 duobus
1827 4406 2007 4461 popu—

407 4467 480 4524 lis
511 4467 777 4525 dicuntur
814 4471 906 4542 (de
939 4476 1217 4541 terrestri,
1243 4477 1496 4548 inquam,
1529 4488 1586 4536 et
1617 4483 1878 4555 marino),
1900 4486 2002 4541 tibi

2101 3280 2233 3338 olim
2261 3294 2482 3351 quoque
2511 3277 2623 3334 duo
2647 3278 2726 3333 illi
2763 3277 3001 3333 duorum
3046 3276 3386 3347 populorum
3420 3275 3558 3346 typi,
3601 3275 3691 3332 Jo-

2101 3370 2236 3442 seph
2263 3380 2321 3426 et
2357 3369 2713 3435 Nicodamus,
2741 3367 2962 3424 duobus
3002 3367 3344 3423 aromatibus
3397 3367 3688 3439 (terrestri,

2102 3463 2348 3531 inquam,
2383 3459 2524 3524 aloe,
2551 3468 2608 3523 et
2650 3457 2887 3514 marina,
2916 3456 3162 3531 myrrha)
3190 3458 3380 3515 Jesum
3424 3459 3693 3530 sepelien-

2101 3555 2235 3611 dum
2269 3554 2659 3609 involverunt.

2171 3647 2312 3705 Cum
2344 3663 2414 3704 ex
2445 3648 2640 3704 multis
2654 3664 2807 3719 ergo
2829 3647 3264 3719 probationibus
3292 3646 3695 3718 periphrasticc

2102 3741 2492 3807 didicerimus,
2517 3741 2734 3795 marina
2762 3748 2819 3796 et
2843 3755 2874 3795 e
2907 3749 3057 3795 terra
3086 3751 3213 3795 nata
3248 3740 3550 3795 animantia
3577 3754 3695 3795 esse

2103 3836 2424 3893 evidentem
2465 3841 2654 3906 typum
2685 3834 2926 3890 duorum
2960 3834 3321 3906 populorum;
3354 3848 3585 3888 necesse
3617 3839 3695 3886 est

2102 3930 2272 3986 etiam
2305 3927 2492 3983 dicere
2526 3934 2755 3997 pr0pter
2784 3942 2927 3998 quas
2961 3942 3159 3983 causas
3192 3942 3323 3997 grex
3357 3933 3508 3982 terra
3541 3922 3695 3996 geni-

2106 4034 2196 4081 tus
2238 4024 2607 4080 animantium
2655 4021 2893 4093 (populi,
2923 4020 3172 4090 inquam,
3203 4018 3396 4089 Israel)
3442 4033 3554 4074 non
3584 4016 3698 4071 fuit

2103 4118 2388 4189 particeps
2414 4116 2569 4189 paris
2594 4112 3011 4170 benedictionis
3041 4111 3203 4183 cujus
3228 4111 3415 4182 pisces
3441 4108 3695 4181 gentiles,

2104 4221 2163 4268 et
2199 4227 2322 4283 quae
2364 4220 2495 4268 sunt
2532 4225 2599 4266 ex
2636 4208 2718 4265 eis
2754 4208 3030 4263 volucres.
3064 4206 3134 4260 Et
3170 4204 3412 4275 primum
3449 4202 3696 4273 quidem.

2103 4318 2402 4379 propterea
2426 4304 2576 4375 quod
2607 4319 2720 4359 non
2750 4310 2893 4358 sunt?
2910 4298 3172 4371 baptizati
3196 4339 3210 4365 ,
3246 4305 3304 4353 et
3334 4313 3445 4352 non
3473 4295 3699 4351 fuerunt

2106 4399 2467 4472 congenerati
2522 4394 2652 4453 cum
2707 4409 2853 4465 aqua
2904 4400 2963 4449 et
3014 4391 3212 4462 spiritu
3268 4389 3365 4460 qui
3418 4387 3700 4443 ferebatur

2109 4509 2278 4564 super
2315 4506 2516 4562 aquam
2549 4507 2564 4543 :
2595 4486 2839 4544 secunda
2869 4494 3057 4541 autem
3089 4498 3255 4539 causa
3282 4490 3512 4553 propter
3535 4495 3698 4552 quam

410 4562 663 4658 9’01”!be
705 4571 869 4658 (itaex
905 4568 1207 4637 graphicis,
1254 4579 1312 4626 et
1348 4572 1587 4630 diversis
1633 4584 1744 4631 tam
1787 4552 2005 4635 veteris
2035 4552 2081 4608 θ
2107 4552 2310 4658 privati
2366 4552 2498 4639 sunt
2541 4579 2968 4646 benedictione;
3022 4577 3286 4648 quoniam
3336 4576 3392 4631 in
3443 4573 3527 4629 eis
3580 4583 3702 4629 erat

409 4656 734 4723 quamNovi
763 4655 1105 4716 Testamenti
1143 4661 1739 4723 demonstrationibus.
1779 4669 2001 4725 Etenim

411 4745 641 4805 sumtus.
683 4764 780 4805 seu
828 4751 1142 4822 incensum,
1207 4757 1375 4827 quod.
1405 4759 1574 4830 jussit
1622 4761 1769 4818 Deus
1815 4763 2007 4820 Mosen

411 4840 685 4898 conﬁcere
722 4844 1060 4917 (signiﬁcans
1096 4851 1356 4906 unionem
1383 4853 2010 4928 etJudteorumetgen-

415 4932 552 4989 tium
585 4937 957 5006 credentium,
986 4958 1126 5012 quas
1156 4945 1319 5002 Deus.
1346 4955 1432 5003 est
1469 4948 1740 5005 odoratus
1787 4964 1853 5006 et-
1879 4951 2006 5007 fue-

413 5038 545 5085 runt
566 5031 617 5086 ei
645 5032 701 5087 in
730 5033 959 5090 odorem
990 5039 1461 5112 suaveolentem),
1485 5043 1606 5115 lege
1631 5046 1924 5102 constituit
1946 5057 2009 5103 ut

411 5122 533 5193 ejus
561 5126 892 5196 compositio
915 5128 1075 5185 ﬁeret
1095 5147 1161 5185 ex
1198 5140 1431 5190 terra'et
1459 5137 1616 5192 mari.
1637 5137 1822 5195 Stacte
1855 5140 2005 5197 enim

412 5223 599 5271 ortum
655 5218 827 5274 habet
879 5237 954 5276 ex~
1010 5232 1182 5291 terra,
1242 5242 1388 5298 onyx
1445 5238 1633 5285 autem
1687 5242 1904 5289 constat
1939 5250 2008 5290 ex

415 5305 580 5360 mari.
602 5305 869 5369 Similiter
893 5314 1059 5369 etiam
1083 5316 1249 5372 Mosis
1267 5329 1611 5388 unguentum
1633 5324 1801 5392 (quod
1824 5324 2006 5395 ipsum

416 5413 638 5468 quoque
667 5400 809 5457 duos
825 5404 1171 5475 signiﬁcabat
1191 5410 1445 5483 populos)
1482 5428 1551 5467 ex
1615 5414 1820 5472 dilecto
1867 5417 2007 5472 Filio

416 5492 644 5549 omnino
681 5494 941 5563 effusum,
977 5503 1372 5559 convenienter
1421 5505 1472 5561 ei
1520 5506 1617 5577 qui
1674 5508 1858 5564 dicit:
1897 5510 2008 5571 Un-
2042 5544 2049 5551 -

418 5591 671 5654 guentum
696 5586 916 5657 effusum
937 5588 983 5621 "‘
999 5591 1187 5648 dilecti
1211 5610 1315 5649 me]
1356 5613 1370 5649 :
1408 5611 1481 5651 ex
1503 5596 1626 5668 ipso
1649 5597 1795 5654 enim
1828 5609 1885 5656 et
1906 5617 2008 5671 per

488 5791 756 5849 "Hahae.
786 5811 862 5861 ut,
893 5800 946 5851 '2.
1023 5798 1070 5830 "
1096 5797 1257 5860 Cant.
1306 5824 1348 5873 ι,

410 5889 487 5944 ιι,
528 5873 607 5942 '22;
653 5872 719 5929 lll
758 5876 887 5949 llo-g.
929 5892 998 5944 τι,
1032 5875 1121 5933 12.

2108 4691 2370 4746 serpens,
2405 4675 2535 4730 Eva:
2577 4673 2687 4745 (vel
2731 4672 2917 4742 potius
2956 4678 3162 4726 sanctae
3202 4666 3486 4738 Ecclesiae)
3528 4667 3703 4722 hostis

2109 4780 2166 4826 et
2196 4768 2514 4833 insidiator,
2543 4775 2601 4822 et
2630 4765 2852 4820 futurus
2886 4770 3006 4819 erat
3039 4762 3317 4818 obnoxius
3350 4760 3427 4815 illi
3467 4761 3703 4817 terribili

2109 4861 2319 4918 Christi
2367 4859 2782 4916 exsecrationi-
2815 4855 3134 4912 Invenimus
3182 4862 3368 4909 autem
3423 4853 3597 4909 Deum
3646 4853 3699 4908 in

2106 4953 2379 5009 universa
2409 4951 2699 5021 Scriptura
2729 4948 2891 5020 legis,
2919 4964 3044 5005 eum
3075 4962 3170 5002 ore
3201 4945 3433 5018 proprio
3461 4946 3701 5017 aliquem

2114 5045 2516 5111 benedixisset,
2534 5053 2591 5100 et
2610 5059 2737 5099 eum
2761 5050 3127 5113 postea‘esset
3142 5047 3489 5105 exsecratus;
3516 5039 3703 5094 nescio

2114 5156 2185 5195 an
2216 5154 2325 5196 non
2355 5152 2481 5193 cum
2515 5137 2701 5207 aliqua
2729 5133 3090 5190 distinctione
3116 5131 3337 5188 dederit
3358 5131 3702 5187 benedictio-

2114 5247 2242 5287 nem
2284 5248 2298 5283 :
2333 5210 2623 5299 quomodo
2658 5227 2715 5282 in
2760 5227 2961 5282 lsraele
2997 5224 3133 5279 dicit
3164 5234 3221 5280 et
3253 5223 3549 5279 Salomone
3590 5241 3606 5277 :
3647 5221 3702 5279 Si

2115 5322 2470 5378 custodierilis
2500 5327 2763 5392 prmcepta
2794 5335 2913 5373 mea
2946 5327 2996 5371 et
3020 5317 3436 5388 justiﬁcationes
3469 5333 3614 5372 mea:
3635 5318 3700 5370 "'.

2114 5414 2449 5471 Prmsciebat
2479 5413 2630 5469 enim
2667 5413 2918 5467 futurum
2954 5418 3016 5465 ut
3051 5417 3289 5480 uterque
3337 5411 3416 5480 (et
3468 5410 3702 5464 maxime

2112 5509 2319 5582 Israel)
2351 5509 2570 5564 divinas
2597 5508 2749 5579 leges
2789 5515 2938 5562 esset
2965 5506 3281 5560 aboliturus
3308 5513 3366 5559 et
3391 5514 3702 5574 transgres-

2112 5619 2309 5670 surus,
2341 5614 2399 5658 et
2430 5601 2653 5657 futurus
2684 5608 2835 5657 esset
2866 5598 3144 5656 obnoxius
3175 5598 3283 5654 illis
3320 5594 3702 5653 innumerabi-

1403 5804 1457 5861 2.
1537 5808 1581 5842 ’⁵
1605 5807 1780 5865 Exod.
1828 5810 1996 5883 Παῤ

2167 5812 2211 5840 ’⁸
2246 5809 2388 5866 PSal.
2429 5823 2610 5877 mm,
2641 5807 2744 5878 εὴ
2798 5806 2987 5863 Matth.
3042 5819 3204 5873 mn,
3256 5802 3344 5859 48.
3451 5802 3497 5837 ³⁷
3541 5799 3711 5857 Deut.
