4098 6462
488 350 598 412 9⁵29

483 466 639 521 libus
664 477 789 535 quae
820 469 949 518 sunt
980 460 1037 516 in
1071 460 1217 532 Lege
1250 455 1732 515 exsecrationibus
1776 474 1789 510 :

480 566 668 614 autem
694 554 963 619 omnium,
986 563 1211 624 prOpter
1228 552 1471 606 futuram
1496 565 1688 606 eorum
1714 549 1769 603 in
1790 548 2072 605 Christum

482 648 853 719 impietatem,
877 662 946 701 ex
984 661 1082 701 ore
1124 645 1275 702 illius
1311 658 1433 698 esse
1473 649 1836 719 surscepturos
1865 655 1947 694 va:
1980 639 2073 693 illa

478 718 935 805 innumerabilia,
963 746 1019 792 et
1045 737 1351 811 sententias
1373 718 1739 789 desolationis
1763 741 1819 786 et
1841 732 2072 801 eiectio-

477 834 590 888 nis.
613 832 726 899 Qui
758 825 944 887 autem
978 846 1089 885 non
1121 831 1202 886 sic
1231 828 1535 898 accipiens,
1569 826 1786 881 divinas
1819 824 2072 894 Scriptu-

478 939 576 979 ras
616 913 883 994 explicat,
921 922 1207 992 quodnam
1246 928 1533 989 peccatum
1571 917 1625 972 in
1660 917 1834 971 Deum
1873 927 2072 985 potue-

474 1020 612 1067 runt
638 1026 869 1081 peccare
899 1019 1058 1064 terra!
1087 1006 1416 1071 animantia,
1443 1005 1592 1075 quod
1625 1020 1735 1058 non
1766 1005 1851 1059 eis
1883 1018 2071 1073 parem

475 1104 817 1176 impertierit
868 1101 1317 1158 benedictionem
1375 1115 1541 1170 quam
1595 1090 1886 1170 piscibus‘i.
1932 1098 2068 1152 Nam

456 1197 627 1269 quod
670 1196 739 1251 ad
777 1194 1032 1265 corporis
1072 1191 1527 1248 constitutionem
1569 1190 1770 1244 attinet
1806 1196 1865 1243 et
1904 1197 2067 1242 natu-

473 1307 621 1359 ram,
647 1305 769 1344 eam
802 1289 963 1358 longe
993 1286 1204 1340 habent
1229 1284 1680 1339 excellentiorcm
1709 1291 1765 1337 et
1791 1283 1952 1350 plane
1986 1282 2069 1334 in-

471 1362 910 1451 comparabilem
930 1392 965 1433 e
992 1385 1142 1433 terra
1167 1375 1354 1447 genita
1385 1372 1688 1429 animalia
1713 1381 1771 1427 et
1794 1376 2065 1444 jumenta,

428 1468 449 1550 ε’
471 1489 643 1545 quam
673 1473 878 1544 pisces.

546 1566 665 1620 Hoc
697 1564 798 1619 tibi
829 1562 1161 1634 persuadeat
1188 1569 1245 1616 et
1267 1559 1423 1615 canis
1452 1558 1550 1629 qui
1571 1557 1817 1613 ﬁdeliter
1843 1571 2066 1628 gregem

470 1666 691 1726 s’ervat,
715 1657 941 1713 domum
976 1654 1253 1719 custodit,
1281 1662 1337 1709 et
1366 1661 1452 1708 est
1478 1652 1655 1707 vineae
1689 1650 1975 1721 praesidio;
2010 1656 2068 1703 et

467 1752 577 1807 bos
596 1758 655 1807 et
670 1749 864 1804 asinus
878 1747 974 1819 qui
992 1754 1204 1803 norunt
1221 1761 1353 1813 suos
1374 1744 1791 1811 benefactores;
1817 1751 1872 1797 et
1888 1758 2065 1812 equus

1591 341 1674 402 IN
1713 338 2268 401 IIEXAEMERON.
2296 363 2364 375 -
2397 339 2547 400 LIB.
2588 338 2688 401 VI.

2098 1804 2137 1858 Β

3656 343 3764 407 930

1837 455 2073 518 maxime
2109 460 2151 516 Α
2181 470 2350 526 Opera
2381 463 2468 510 est
2501 454 2749 509 imitatus
2784 471 2797 508 :
2832 454 2935 509 Ille
2967 463 3083 510 erat
3110 457 3376 513 homicida
3414 459 3477 513 ab
3509 460 3664 515 initio
3685 464 3763 529 ";

2180 549 2286 603 hoc
2324 558 2429 615 cst,
2465 549 2648 603 statim
2691 548 2762 603 ab
2806 548 2965 603 initio
3007 549 3397 619 productionis
3436 553 3663 621 mundi;
3705 564 3766 609 ut

2176 640 2271 709 qui
2308 638 2597 708 proprium
2630 637 2862 692 fratrem
2903 636 3273 692 interfecerit.
3312 637 3457 709 Ergo
3487 654 3587 693 vos
3619 654 3763 708 quo-

2175 747 2283 802 que
2321 731 2482 787 eritis
2526 731 2819 786 homicida:
2858 730 2926 784 ad
2967 729 3358 794 imitationem,
3395 740 3573 787 morte
3612 732 3764 788 enim

2174 824 2424 880 atiicietis
2469 839 2649 879 meam
2692 824 2823 879 Jesu
2871 823 3305 890 humanitatem;
3351 823 3590 889 nullum,
3638 832 3763 879 tan-

2174 929 2339 984 quam
2374 914 2509 978 Deo,
2546 913 2685 967 mihi
2720 914 2983 968 damnum
3018 914 3250 979 illaturi,
3280 923 3578 985 propterea
3607 916 3762 986 quod

2173 1024 2285 1062 non
2318 1007 2547 1077 possitis
2574 1007 2631 1061 in
2663 1023 2731 1062 eo
2758 1023 2844 1063 me
2873 1007 3120 1078 aggredi.
3464 1064 3472 1071 ,

2245 1099 2373 1154 Haec
2387 1095 2592 1157 autem
2624 1100 2809 1154 omnia
2838 1099 3157 1163 testimonia
3181 1098 3515 1155 adduximus
3538 1098 3614 1153 ad
3646 1101 3760 1171 glo-

2172 1194 2466 1249 riationem
2496 1204 2553 1250 et
2575 1194 3000 1250 exsultationem
3025 1194 3233 1250 Christi
3258 1194 3521 1250 Ecclesiae
3540 1213 3561 1248 ς
3588 1195 3764 1250 maxi-

2171 1303 2317 1342 mam
2348 1290 2495 1344 enim
2530 1289 2823 1344 utilitatem
2855 1297 2913 1342 et
2942 1288 3421 1343 confirmationem
3456 1289 3763 1358 accipimus

2169 1396 2272 1435 nos
2326 1379 2559 1445 ﬁdeles,
2611 1396 2739 1436 cum
2800 1380 3067 1436 discimus
3124 1380 3296 1450 quod,
3332 1396 3458 1435 eum
3510 1380 3760 1450 primum

2170 1464 2371 1527 Ctelum
2410 1481 2470 1526 et
2513 1481 2662 1527 terra
2702 1473 3058 1537 creabantur,
3087 1489 3155 1527 ex
3192 1487 3260 1527 eo
3300 1482 3547 1542 tempore
3580 1473 3762 1528 admi-

2168 1564 2428 1619 rabilium
2454 1580 2723 1634 aquarum
2754 1566 2992 1635 populus
3019 1566 3300 1635 reptilium
3327 1566 3563 1635 piscium
3588 1566 3762 1622 bene-

2167 1657 2472 1713 dictionem
2508 1658 2728 1727 accepit
2754 1674 2787 1712 a
2819 1657 3073 1712 Domino.
3102 1658 3298 1713 Frater
3320 1665 3509 1712 autem
3536 1657 3760 1728 prodigi

2168 1748 2338 1819 hujus
2377 1748 2476 1803 ﬁlii
2512 1748 2767 1820 gentilis,
2790 1750 2892 1819 qui
2927 1758 3049 1804 erat
3078 1748 3137 1803 in
3172 1764 3303 1820 agro
3334 1749 3510 1804 vinea:
3540 1748 3762 1804 Israelis

466 1846 529 1896 et
558 1839 744 1894 mulus
770 1847 827 1893 et
856 1838 1102 1893 camelus
1131 1836 1228 1907 qui
1261 1851 1430 1905 supra
1460 1836 1759 1889 humanam
1794 1833 2064 1888 rationem
2098 1833 2137 1858 ”
2166 1841 2434 1913 agricola,
2457 1842 2664 1897 mansit
2686 1841 2806 1897 sine
2831 1841 3221 1897 benedictione
3247 1842 3420 1912 utqui
3443 1842 3557 1897 huc
3582 1857 3761 1912 usque

468 1947 619 2002 saepe
645 1931 835 1985 sciunt
857 1930 976 1985 vias
1004 1944 1144 1999 quas
1166 1927 1342 1983 semel
1375 1927 1611 1998 ingressi
1642 1933 1789 1992 sunt,
1815 1933 1872 1981 et
1894 1934 2061 1980 noctu

471 2039 618 2094 saepe
660 2030 792 2078 sunt
824 2022 962 2078 certi
999 2022 1173 2077 duces
1209 2036 1439 2077 suorum
1474 2019 1828 2074 dominorum
1856 2035 1878 2072 τ
1916 2008 2063 2072 unde

473 2117 639 2172 etiam
669 2131 815 2185 saepe
845 2115 901 2169 in
934 2114 1081 2169 bello
1112 2120 1239 2183 post
1264 2113 1458 2180 Deum,
1484 2126 1757 2181 equorum
1790 2117 1847 2165 et
1877 2110 2062 2164 mulo-

475 2223 598 2262 rum
642 2216 697 2262 et
731 2207 1071 2263 camelorum
1111 2205 1485 2262 ministerium
1520 2213 1605 2259 est
1639 2202 1824 2258 saluti.
1850 2201 2063 2269 Quibus

467 2300 518 2355 si
566 2309 784 2357 careret
825 2299 1132 2382 humanum
1177 2313 1375 2369 genus,
1405 2295 1647 2367 periret;
1696 2303 1761 2350 ut
1802 2293 1953 2364 quod
1983 2293 2060 2347 ad

467 2387 902 2442 ministrandum
947 2386 1056 2441 sibi
1099 2402 1209 2441 non
1251 2385 1550 2441 sufﬁceret.
1589 2385 1745 2441 Unde
1785 2384 1953 2439 etiam
1995 2399 2060 2439 ea

356 2554 371 2555 ί
466 2479 680 2535 habere
727 2478 1065 2549 sapientiam
1119 2486 1355 2534 testatus
1405 2486 1494 2533 est
1539 2477 1725 2543 Deus,
1762 2477 1878 2547 jam
1924 2475 2060 2531 olim

463 2571 707 2641 loquens
745 2570 1276 2627 misericordissimo
1317 2576 1374 2624 et
1413 2567 1825 2639 patientissimo
1859 2566 2001 2623 Jobo
2042 2582 2058 2619 :

467 2661 727 2736 Nunquid
755 2664 1008 2736 praebebis
1042 2680 1176 2735 equo
1209 2662 1599 2734 fortitudinem,
1633 2670 1725 2715 aut
1756 2659 2060 2714 circumda-

466 2755 545 2811 bis
577 2756 711 2811 collo
739 2756 853 2825 ejus
881 2754 1468 2828 hinnitumemsultat
1494 2753 1770 2819 audacter,
1792 2753 1851 2806 in
1877 2767 2062 2805 occur-

461 2863 587 2902 sum
632 2849 805 2919 pergit
847 2848 1095 2902 armatis.
1134 2846 1438 2903 Contemnit
1476 2861 1758 2918 pavorem,
1791 2860 1887 2898 nec
1924 2844 2062 2897 cedit

464 2936 649 3009 gladio
668 2936 738 3001 ’⁸,
768 2945 878 2992 etc.
902 2937 971 2991 in
1005 2937 1232 2991 marinis
1266 2945 1449 2991 autem
1479 2935 1795 3005 reptilibus,
1824 2933 2060 3003 piscium

466 3042 652 3098 neque
696 3043 804 3083 vox
847 3036 954 3093 est,
995 3042 1176 3098 neque
1224 3027 1489 3097 cognitio,
1526 3040 1710 3095 neque
1760 3025 2056 3095 sapientia,

2165 1950 2279 1991 non
2323 1935 2556 1990 inducat
2595 1935 2654 1989 in
2699 1935 2946 1989 animum
2976 1935 3201 2006 ingredi
3233 1942 3291 1990 et
3321 1950 3442 1991 esse
3477 1937 3760 2006 particeps

2162 2028 2416 2097 corporis
2472 2036 2531 2083 et
2588 2027 2876 2098 sanguinis
2928 2027 3088 2081 vituli
3145 2027 3406 2099 saginati.
3463 2027 3761 2099 Saginatus

2163 2129 2351 2175 autem
2378 2120 2590 2175 vitulus
2615 2121 2943 2175 nominatur
2967 2119 3246 2184 Christus,
3272 2120 3537 2190 quoniam
3568 2121 3759 2177 multis

2165 2212 2510 2281 temporibus
2543 2219 2671 2266 ante
2702 2212 2931 2282 nuptias
2960 2221 3018 2266 et
3048 2211 3311 2266 unionem
3338 2226 3475 2266 cum
3509 2211 3757 2267 Ecclesia

2161 2303 2464 2373 parabatur
2506 2319 2537 2358 a
2574 2318 2678 2359 suo
2717 2304 2879 2359 Patre
2915 2304 2979 2357 .in
3023 2317 3182 2357 esum
3222 2304 3495 2373 gentium,
3524 2310 3580 2357 et
3611 2318 3756 2374 quo-

2159 2394 2457 2451 dammodo
2508 2395 2868 2467 saginabatur
2918 2403 3350 2451 sacramentum.
3406 2395 3556 2451 Deus
3605 2395 3755 2450 enim

2159 2491 2289 2540 ante
2327 2485 2859 2567 szecula'antiquum
2898 2500 3094 2540 verum
3130 2485 3411 2541 revelavit
3455 2485 3755 2541 consilium

2159 2573 2228 2629 ad
2257 2573 2491 2645 gloriam
2523 2584 2771 2630 nostram
2801 2576 3075 2646 gentium,
3103 2575 3249 2630 sicut
3275 2577 3478 2638 clamat
3496 2577 3668 2631 Isaias
3699 2585 3758 2632 et

2159 2665 2382 2720 Paulus.
2410 2666 2482 2721 Et
2507 2666 2647 2720 dixit
2677 2667 2826 2722 Deus
2858 2685 2874 2720 :
2908 2667 3198 2722 Faciamus
3224 2668 3489 2722 hominem
3515 2668 3592 2721 ad
3619 2667 3758 2722 ima-

2159 2759 2334 2828 ginem
2376 2767 2428 2812 et
2464 2758 2869 2813 similitudinem
2911 2768 3171 2814 nostram.
3209 2759 3625 2815 Convenienter
3663 2774 3787 2813 ra-.

2162 2847 2297 2902 tioni
2349 2864 2658 2922 anagoges,
2708 2848 2992 2904 Christum
3037 2848 3130 2904 hic
3174 2849 3488 2920 intelliges,
3540 2849 3594 2903 in
3644 2864 3757 2918 quo

2160 2940 2369 2997 dicitur
2399 2941 2534 3003 illud
2572 2958 2586 2995 :
2617 2940 2901 2996 Faciamus
2934 2943 3221 3007 hann‘nem,
3251 2942 3474 3012 quando
3509 2942 3757 3012 suscepit

2160 3029 2478 3095 hominem;
2514 3032 2657 3086 illud
2701 3043 2912 3098 autem,
2943 3033 3250 3101 Faciamus,
3281 3050 3392 3089 non
3429 3035 3583 3089 solus
3621 3034 3758 3089 dicit

465 3132 652 3186 neque
684 3118 943 3185 scientia,
972 3130 1155 3186 neque
1190 3115 1484 3179 memoria,
1516 3130 1701 3185 neque
1735 3129 1933 3169 sensus
1963 3112 2058 3183 qui
2085 3144 2128 3201 ο
2160 3123 2327 3178 pater
2370 3132 2429 3178 et
2476 3123 2751 3193 spiritus,
2800 3125 2893 3180 hic
2944 3125 3173 3195 quidem
3220 3135 3282 3181 ut
3329 3127 3651 3196 approbatis
3698 3136 3756 3181 et

462 3217 787 3278 cognoscat,
815 3225 997 3279 neque
1028 3207 1306 3263 adversus
1341 3207 1637 3262 Dominum
1676 3206 1919 3261 servitus
1955 3206 2058 3260 ali-

464 3319 579 3374 qua
607 3315 702 3358 aut
726 3301 1117 3357 benevolentia
1142 3310 1237 3355 aut
1258 3314 1435 3354 amor.
1454 3299 1590 3366 Qua:
1613 3299 1839 3369 quidem
1865 3314 2060 3354 omnes

464 3394 707 3466 piscium
752 3376 1125 3464 pr0prietates
1168 3391 1404 3446 rationis
1444 3398 1501 3445 et
1542 3404 1742 3446 sensus
1781 3398 2058 3460 expertes,

453 3489 674 3558 populo
693 3486 942 3557 gentium
973 3484 1133 3540 valde
1166 3482 1546 3546 conveniunt,
1567 3492 1628 3536 ut
1657 3481 1725 3535 de
1758 3496 1826 3536 eo
1851 3480 2061 3535 intelli-

462 3590 668 3651 gantur
694 3587 749 3634 et
776 3580 1055 3634 dicantur.
1080 3577 1248 3632 Prius
1279 3576 1427 3631 enim
1457 3584 1577 3630 erat
1600 3574 1805 3630 surdus
1832 3575 1983 3630 sicut
2005 3583 2063 3630 et

464 3675 674 3743 pisces,
706 3689 817 3728 non
858 3673 1095 3727 audiens
1118 3686 1314 3727 vocem
1353 3669 1593 3724 Domini.
1630 3669 1767 3723 Erat
1789 3675 1974 3723 autem
2007 3663 2064 3722 et

463 3769 658 3822 mutus
698 3766 842 3821 sicut
879 3764 1005 3834 ipsi.
1055 3764 1179 3818 Non
1218 3762 1459 3817 habebat
1496 3762 1647 3816 enim
1687 3760 1745 3815 iu
1787 3776 1848 3816 se
1883 3760 2059 3815 Deum

461 3858 744 3924 Verbum;
776 3871 940 3912 aures
963 3857 1084 3928 ejus
1109 3862 1166 3910 et
1189 3870 1252 3911 os
1276 3853 1673 3910 obturantibus
1700 3851 2061 3907 daemoniacis

463 3952 649 4023 aquis,
677 3951 968 4020 oculisque
1010 3949 1273 4004 tenebras
1307 3947 1752 4011 oﬂ‘undentibus,
1785 3961 1858 4001 ne
1889 3960 2060 4016 agno-

464 4052 692 4099 scerent
720 4050 777 4097 et
811 4042 1006 4097 oculos
1046 4041 1406 4097 intenderent
1440 4041 1496 4096 in
1539 4039 1725 4095 Solem
1762 4040 2058 4095 Dominum

384 4166 387 4169 -
458 4136 750 4193 Christum
775 4135 972 4191 Deum.
1001 4136 1301 4205 Propterea
1326 4134 1475 4191 enim
1504 4133 1561 4188 in
1595 4142 1783 4205 typum
1811 4133 2058 4204 gentium

463 4231 617 4286 Deus
652 4228 953 4299 appellavit
990 4228 1212 4297 reptilia
1250 4226 1434 4297 pisces
1476 4226 1760 4292 animalia,
1795 4225 2058 4295 quoniam

464 4320 672 4391 reptile
724 4327 809 4374 est
858 4318 1039 4373 simile
1094 4315 1373 4372 diabolica
1422 4316 1708 4387 serpenti,
1760 4315 1948 4371 anima
2001 4324 2060 4372 et

463 4412 637 4469 corde
661 4421 718 4469 et
740 4413 975 4467 ratione.
996 4411 1232 4467 Pectore
1265 4412 1324 4465 in
1352 4418 1559 4471 terram
1578 4418 1760 4466 totum
1792 4410 2055 4475 trahitur,

2162 3222 2346 3267 ratum
2380 3213 2614 3278 habens,
2645 3214 2737 3268 ille
2767 3221 2952 3268 autem
2986 3223 3047 3267 ut
3078 3229 3422 3283 praeparans;
3459 3215 3552 3268 sed
3586 3214 3755 3269 etiam

2162 3302 2336 3357 Filius
2364 3309 2424 3355 ut
2449 3303 2597 3358 Deus
2622 3302 2902 3358 consentit
2925 3303 2993 3357 de
3022 3318 3090 3357 eo
3118 3303 3268 3373 quod
3301 3311 3386 3358 est
3409 3303 3754 3371 faciendum,

2160 3402 2223 3448 ut
2255 3395 2373 3465 ipse
2407 3410 2631 3465 quoque
2666 3404 2930 3451 cernatur
2958 3395 3218 3466 amplecti
3254 3396 3510 3451 humanae
3540 3382 3758 3452 natura:

2160 3488 2574 3557 susceptionem
2621 3505 2635 3541 :
2678 3487 2775 3542 sed
2825 3487 3069 3557 primum
3109 3495 3195 3542 est
3231 3489 3394 3543 aliter
3430 3487 3755 3543 examinan-

2160 3580 2295 3634 dum
2324 3580 2579 3635 verbum.‘
2612 3580 2681 3635 Et
2706 3581 2819 3651 jam
2854 3581 3080 3651 quidem
3105 3576 3142 3644 a
3171 3581 3334 3637 nobis
3364 3580 3435 3635 de
3460 3595 3549 3644 eo,
3581 3596 3759 3650 quan-

2162 3677 2279 3724 tum
2325 3668 2610 3740 potuimus
2640 3672 2891 3740 assequi,
2926 3680 3057 3726 sunt
3092 3672 3225 3726 libri
3266 3671 3563 3735 elaborati,
3595 3681 3653 3727 et
3687 3688 3756 3728 eo

2161 3760 2594 3817 transmittimus
2632 3777 2731 3818 eos
2769 3766 2867 3832 qui
2908 3764 3207 3818 voluerint.
3238 3764 3297 3817 In
3341 3778 3614 3818 summam
3651 3779 3753 3817 au-

2160 3859 2296 3921 tem,
2318 3869 2394 3908 ne
2428 3854 2607 3909 instar
2634 3856 2875 3911 mutilati
2908 3856 3148 3912 membri
3183 3866 3278 3912 aut
3305 3856 3558 3926 corporis
3590 3857 3664 3911 sit
3698 3857 3754 3912 in

2159 3944 2271 4001 illis
2312 3961 2453 4016 opus
2496 3962 2755 4003 mancum
2799 3964 2865 4004 ac
2907 3950 3201 4014 mutilum,
3240 3949 3345 4004 hoc
3372 3957 3472 4003 'est
3513 3948 3752 4018 implen-

2160 4037 2315 4093 dum.
2348 4038 2491 4093 Sunt
2524 4047 2710 4094 autem
2748 4041 2887 4105 haec,
2914 4057 3016 4096 cur
3048 4057 3159 4095 non
3196 4041 3453 4101 distinxit
3481 4041 3628 4095 Deus
3661 4041 3753 4096 in-

2160 4138 2245 4185 ter
2274 4131 2617 4186 creationem
2651 4133 2976 4187 animalium
3011 4147 3079 4188 ex
3114 4141 3286 4198 terra,
3315 4140 3373 4187 et
3406 4131 3751 4187 creationem

2158 4220 2424 4288 hominis,
2457 4223 2605 4282 sicut
2632 4224 2822 4280 divisit
2856 4225 3003 4280 inter
3035 4225 3219 4295 pisces
3256 4234 3314 4279 et
3366 4222 3669 4278 animantia
3712 4238 3744 4278 e

2160 4321 2308 4369 terra
2343 4314 2531 4385 genita
2572 4333 2586 4369 :
2630 4316 2728 4371 sed
2769 4324 3030 4386 tanquam
3070 4324 3221 4372 esset
3258 4315 3512 4389 quaedam
3553 4331 3750 4371 eorum

2159 4407 2440 4478 cognatio,
2466 4409 2666 4463 eodem
2699 4409 2811 4476 die,
2837 4417 2894 4464 et
2917 4410 3199 4465 hominem
3229 4418 3286 4464 et
3312 4425 3374 4465 ea
3403 4417 3487 4464 est
3514 4409 3752 4464 fabrica-

460 4521 536 4562 ex
567 4506 890 4561 caelestibus
919 4503 1432 4569 nihilconsiderat,
1459 4503 1600 4558 nihil
1633 4503 1871 4559 sublime
1905 4503 2055 4573 cogi-
2086 4495 2129 4548 υ
2165 4506 2273 4555 tus.
2320 4498 2479 4566 Quod
2513 4500 2742 4571 quidem
2784 4502 3007 4557 solvens
3043 4502 3268 4573 quidam
3305 4517 3375 4556 ex
3416 4500 3738 4571 expositori-

360 4642 367 4647 .
466 4606 569 4664 tat,
594 4597 734 4653 nihil
760 4597 1042 4653 excelsum
1068 4596 1513 4666 contemplatur;
1539 4594 1636 4650 sed
1667 4603 1779 4651 tota
1801 4596 2059 4665 corporis

2162 4592 2289 4657 bus,
2306 4602 2533 4664 propter
2556 4609 2678 4650 eam
2706 4611 2831 4665 qua:
2853 4610 2979 4649 cum
3004 4595 3213 4651 Iudaeis
3237 4594 3290 4650 ei
3316 4594 3423 4649 fuit
3444 4594 3750 4650 secundum

461 4698 680 4747 statura
720 4690 968 4746 adhuret
1003 4697 1167 4746 teme
1203 4704 1235 4743 a
1276 4689 1457 4759 capite
1498 4703 1674 4758 usque
1713 4688 1781 4743 ad
1823 4688 2053 4744 caudam
2161 4701 2385 4742 carnem
2415 4687 2826 4758 cognationem,
2857 4686 3149 4742 dixit'eam
3172 4702 3295 4742 esse
3316 4688 3481 4743 simul
3513 4688 3765 4742 creatio-.

426 4832 429 4833 ν
465 4783 598 4854 (h‘oe
627 4793 712 4838 est
738 4783 809 4837 ab
842 4782 1005 4838 initio
1034 4782 1102 4836 ad
1134 4780 1326 4853 tinem)
1355 4788 1568 4837 tractus
1595 4780 1654 4835 in
1688 4782 1974 4851 pulverem
1998 4790 2056 4836 et

465 4875 682 4941 ﬁmum,
714 4876 839 4930 alvo
869 4875 1172 4941 idolorum,
1205 4883 1401 4931 ventre
1434 4884 1491 4930 et
1519 4874 2054 4930 umbilico’luxurite

464 4974 525 5023 et
550 4962 825 5021 libidinis.
850 4966 1010 5023 Unde
1040 4975 1272 5037 propter
1295 4966 1413 5022 haec
1439 4967 1683 5036 reptilia,
1708 4982 1772 5022 ex
1807 4966 2056 5036 piscibus

466 5059 772 5129 gentiiibus
805 5069 935 5114 ante
969 5074 1167 5114 omnes
1199 5058 1456 5115 Christus
1483 5059 1702 5115 vocavit
1730 5058 2053 5129 piscatores.

472 5151 646 5206 Porro
666 5159 861 5211 autem
896 5152 1137 5221 primum
1174 5159 1337 5206 natus
1370 5151 1536 5216 filius,
1570 5166 1767 5220 nempe
1810 5150 1966 5216 Cain,
1998 5151 2054 5204 in

473 5242 702 5312 ﬁguram
751 5241 1108 5313 primogeniti
1154 5242 1352 5307 lsrael,
1390 5241 1497 5295 fuit
1537 5241 1777 5311 agricola
1831 5241 1914 5311 (ut
1959 5241 2056 5309 qui

473 5342 621 5389 esset
660 5343 929 5406 cognatus
974 5332 1340 5395 animantium
1381 5348 1414 5388 e
1459 5340 1605 5386 terra
1650 5333 1962 5403 genitarum
2002 5341 2060 5387 et

475 5439 589 5479 non
643 5426 1101 5495 benedictarum)
1152 5427 1374 5481 occisor
1422 5425 1555 5480 boni
1603 5425 1843 5495 pastoris
1887 5425 2055 5490 Abel,

479 5531 678 5587 nempe
721 5518 926 5575 Christi
975 5537 987 5573 :
1031 5517 1100 5574 de
1140 5518 1348 5588 quibus
1387 5518 1503 5587 ipse
1540 5517 1762 5573 dicebat
1805 5535 1818 5572 z
1860 5517 1958 5572 Vos
1997 5533 2060 5571 ex

476 5613 632 5679 patre
671 5606 878 5662 diabilo
925 5609 1078 5675 estis;
1124 5608 1231 5663 hoc
1278 5616 1382 5673 est,
1417 5623 1487 5663 ex
1537 5606 1672 5662 Cain
1717 5607 1810 5677 qui
1851 5607 2058 5664 diaboli

553 5787 596 5819 "
620 5786 723 5844 Joh
745 5804 926 5856 χχχιχ,
956 5789 1017 5844 l9
1059 5801 1175 5858 seq.
1250 5789 1293 5819 τ’
1323 5787 1476 5845 Joau.
1506 5802 1618 5858 Vttt,
1654 5790 1740 5847 xii.

2162 4794 2310 4835 nem.
2355 4780 2534 4845 Unde,
2561 4780 2640 4835 ait
2664 4780 2834 4844 idem,
2861 4779 2995 4835 licet
3017 4780 3385 4850 contemplari
3409 4789 3467 4835 et
3488 4779 3751 4835 admirari

2158 4871 2331 4941 quod,
2358 4871 2424 4926 iis
2446 4871 2654 4927 relictis
2679 4886 2803 4942 quae
2825 4879 2990 4927 erant
3012 4873 3064 4926 ei
3088 4872 3397 4942 propinqua
3421 4880 3478 4926 et
3497 4880 3749 4943 cognata,

2161 4963 2269 5018 iste
2300 4963 2471 5018 homo
2504 4979 2534 5018 a
2565 4964 2679 5020 Deo
2712 4971 2798 5019 est
2828 4964 3183 5020 introductus
3215 4973 3272 5021 et
3300 4964 3467 5019 datus
3498 4967 3553 5019 in
3585 4981 3751 5035 para-

2161 5058 2368 5125 disum,
2393 5059 2462 5114 ad
2493 5074 2622 5116 eum
2655 5059 3003 5129 operandum
3036 5067 3093 5114 et
3119 5058 3568 5114 custodiendum.
3595 5058 3755 5125 Quae-

2164 5151 2290 5206 dam
2332 5159 2519 5207 autem
2561 5152 2666 5207 alia
2705 5164 2764 5207 et
2804 5152 3048 5208 secunda
3089 5152 3396 5207 animantia
3439 5153 3522 5206 vel
3568 5153 3752 5222 potius

2164 5241 2374 5297 bestias
2398 5242 2607 5299 diversi
2635 5243 2705 5297 ab
2731 5258 2801 5299 eo
2825 5243 3050 5314 generis
3071 5252 3128 5298 et
3147 5257 3273 5312 qua:
3295 5243 3489 5313 procul
3518 5243 3753 5298 aberant

2162 5333 2397 5390 adduxit
2423 5351 2534 5391 non
2563 5336 2773 5406 priora,
2801 5335 2897 5391 sed
2929 5335 3199 5400 secunda,
3221 5349 3345 5405 quae
3369 5335 3593 5405 quidem
3621 5345 3754 5393 sunt

2162 5441 2357 5497 greges
2386 5427 2713 5490 bestiarum,
2744 5442 2944 5497 nempe
2973 5427 3243 5498 gentium.

2235 5520 2367 5574 Post
2405 5518 2523 5574 haec
2559 5528 2745 5574 autem
2788 5520 3234 5589 cognoscendum
3277 5527 3363 5575 est
3398 5533 3455 5574 et
3490 5517 3750 5575 conside-

2166 5609 2426 5675 randum,
2459 5609 2609 5679 quod
2649 5610 2767 5666 haec
2803 5611 2975 5685 prima
3012 5626 3115 5666 vox
3152 5611 3209 5665 in
3243 5610 3429 5666 divina
3464 5608 3752 5682 Scriptura
