4098 6418
460 310 566 377 931

1658 310 1727 368 S.
1760 306 2168 367 'ANASTASII
2209 306 2536 366 SINAITrE

3636 305 3763 373 932

461 426 613 481 dicta
649 432 736 480 est
762 421 1092 495 pluraliter;
1129 422 1398 487 divinam,
1434 424 1657 493 inquam
1677 463 1690 487 ,
1733 421 2051 492 signiﬁcans
2080 426 2121 476 Α
2152 437 2290 481 mus,
2320 420 2572 489 quoniam
2596 419 2880 473 videbimus
2905 434 3022 471 eum
3051 420 3185 472 sicut
3211 429 3286 473 est
3305 420 3370 475 -".
3397 420 3757 502 Vidcsquod

462 519 827 580 Trinitatem,
877 516 1071 571 dicens
1120 516 1176 570 in
1232 517 1348 571 sola
1400 515 1643 569 hominis
1692 512 1972 570 creatione
2024 521 2039 565 ξ

463 609 746 664 Faciamus
789 611 1057 663 hominem
1104 609 1174 663 ad
1218 610 1507 678 imaginem
1555 608 1605 661 et
1639 606 2044 661 similitudinem

462 707 738 764 nostram;
776 698 1007 768 perinde
1045 713 1109 752 ac
1150 699 1329 753 tribus
1367 698 1604 753 diversis
1649 697 1903 767 personis
1940 697 2046 751 ho~

466 793 698 855 minum,
735 792 781 845 si
822 792 899 846 ita
938 791 1101 846 liceat
1139 791 1348 855 dicere,
1384 806 1451 845 ex
1492 790 1772 845 communi
1809 774 2043 845 consilio

460 891 518 939 et
555 898 830 939 consensu
874 883 1330 937 construentibus
1370 882 1610 952 aliquam
1648 883 1957 953 imaginem
1988 890 2045 937 ct

460 976 852 1040 simulacrum,
891 982 949 1029 et
988 989 1316 1043 unaquaque
1360 973 1595 1028 faciente
1643 973 1700 1027 in
1745 973 2044 1028 simulacro

458 1068 701 1138 aliquam
746 1067 1026 1137 propriam
1068 1066 1489 1135 similitudinem
1526 1064 1761 1137 elllgiem
1801 1060 1859 1120 et
1897 1065 2039 1137 ﬁgu-

460 1177 597 1227 ram,
624 1170 691 1215 ut
729 1162 801 1215 sit
840 1160 894 1214 in
938 1175 1000 1215 ea
1043 1160 1100 1215 id
1142 1160 1290 1230 quod
1329 1159 1572 1219 videtur,
1601 1159 1949 1229 corporalius
1983 1167 2039 1234 et

455 1254 718 1309 crassius.
748 1254 904 1317 Erat,
932 1253 1174 1322 inquam,
1201 1254 1428 1308 alterius
1460 1252 1689 1323 quidem
1732 1268 1799 1307 ex
1835 1251 2040 1306 divinis

454 1342 766 1397 artificibus
816 1344 1085 1408 altitudo,
1155 1345 1389 1399 alterius
1436 1356 1619 1399 autem
1672 1344 1939 1407 latitudo,
1985 1351 2043 1399 et

454 1432 685 1487 alterius
715 1433 1086 1502 profunditas.
1112 1435 1205 1489 Sic
1233 1435 1497 1490 enim-est
1524 1438 1748 1506 proprie
1779 1438 1958 1508 imago
1984 1443 2043 1492 et

454 1524 810 1579 simulacrum
838 1524 907 1579 ad
937 1525 1328 1590 imitationem,
1352 1525 1611 1597 ﬁguram,
1636 1537 1693 1582 et
1714 1528 2036 1599 imaginem,

452 1614 800 1670 diversorum
851 1615 1128 1671 artiﬁcum
1184 1615 1362 1687 ipsius
1413 1617 1580 1672 unius
1631 1627 1689 1672 et
1737 1618 2043 1674 individua

454 1707 623 1761 unius
664 1716 722 1762 et
763 1707 937 1762 solius
977 1708 1072 1762 Dei
1114 1709 1370 1763 essentite
1413 1716 1472 1762 et
1520 1717 1730 1764 natura:
1778 1727 1793 1764 :
1840 1710 2039 1765 animat

451 1800 699 1868 quidem,
721 1798 789 1854 ad
817 1800 1112 1871 imaginem
1137 1800 1233 1854 Dei
1262 1809 1317 1853 et
1342 1800 1544 1862 Patris,
1565 1801 1845 1870 quomodo
1871 1803 2038 1856 etiam

451 1893 612 1963 prius
637 1892 1048 1947 nominavimus
1074 1892 1129 1946 in
1156 1892 1377 1948 duobus
1402 1892 1564 1948 libris
1592 1909 1734 1963 quos
1760 1894 2040 1949 edidimus

450 1984 524 2038 de
567 1983 985 2039 constructione
1037 1984 1280 2039 hominis
1334 2001 1349 2038 :
1396 1985 1649 2041 Rationis
1677 1996 1886 2051 autem,
1937 2002 2039 2041 seu

451 2073 910 2138 verbi'interni,
958 2074 1106 2144 quod
1164 2074 1432 2130 describit
1482 2090 1548 2130 ac
1598 2074 1808 2146 efﬁngit
1840 2076 2037 2130 Deum

451 2167 690 2224 Verbum
733 2183 761 2221 a
799 2167 913 2222 Deo
951 2167 1233 2237 genitum;
1279 2168 1483 2224 mentis
1525 2175 1733 2233 autem,
1768 2183 1891 2238 quae
1930 2167 2039 2222 fert

451 2259 747 2329 imaginem
799 2260 979 2314 sancti
1034 2258 1297 2329 Spiritus.
1341 2259 1480 2314 Cum
1532 2273 1637 2315 nos
1689 2266 1873 2314 autem
1906 2259 2037 2314 ali-

448 2350 671 2420 quando
716 2350 860 2406 hanc
896 2365 1089 2407 vocem
1132 2351 1514 2422 proferremus
1552 2351 1700 2421 apud
1741 2350 2034 2421 quemdam

448 2457 518 2496 ex
566 2442 846 2509 Hebraeis,
891 2444 1079 2500 multm
1127 2443 1297 2516 884
1348 2445 1499 2499 enim
1547 2453 1604 2499 et
1650 2458 2036 2514 saepenumero

447 2546 574 2586 cum
618 2549 811 2587 eorum
851 2549 1052 2605 genere
1092 2546 1228 2590 orta:
1268 2535 1431 2590 nobis
1474 2542 1605 2590 sunt
1638 2537 2036 2591 controversias

447 2636 515 2678 ac
562 2623 1043 2679 contradictiones
1092 2625 1285 2697 (plane
1336 2626 1803 2696 extemporales),
1839 2636 2035 2682 contra

448 2713 590 2768 dixit
637 2714 960 2785 improbus,
1010 2732 1194 2786 regem
1240 2717 1480 2788 aliquem
1527 2717 1605 2789 (et
1644 2719 1690 2773 si
1739 2719 1812 2774 sit
1858 2717 2031 2789 solus)

448 2820 612 2875 posse
648 2806 835 2863 dicere
876 2809 1012 2863 illud
1045 2827 1058 2862 :
1100 2808 1420 2876 Faciamus;
1462 2820 1520 2865 et
1557 2811 1714 2877 illud,
1746 2810 2029 2865 Jassinms.

447 2898 583 2955 Cum
620 2911 804 2956 autem
841 2916 944 2956 nos
978 2904 1422 2958 occurrissemus
1455 2915 1511 2959 et
1544 2903 1878 2959 dixissemus
1912 2920 1925 2956 :
1964 2903 2033 2957 Et

447 3006 549 3046 cur
580 3002 707 3047 ante
745 2993 1083 3049 creationem
1115 2994 1360 3049 hominis
1381 3011 1489 3050 non
1523 2995 1771 3049 cernitur
1798 2995 1944 3049 Deus
1974 2993 2033 3049 in

446 3084 632 3153 aliqua
671 3084 778 3138 alia
821 3083 1188 3155 (quiscunque
1223 3100 1285 3139 ea
1318 3084 1412 3157 sit)
1450 3094 1705 3140 creatura
1739 3101 1875 3140 usus
1906 3100 2031 3142 esse

448 3175 556 3230 hoc
573 3176 766 3238 verbo,
800 3175 1116 3243 Faciamus;
1133 3186 1190 3233 et
1209 3177 1414 3232 dixisse
1438 3177 1543 3231 nisi
1566 3179 1621 3231 in
1646 3178 1764 3232 solo
1787 3177 2033 3243 homine,

446 3276 504 3325 et
532 3285 726 3324 rursus
750 3269 815 3323 in
850 3269 1081 3325 muliere
1110 3285 1235 3339 qum
1265 3279 1457 3340 postea
1484 3270 1592 3325 fuit
1618 3270 1780 3336 facta,
1810 3269 2033 3340 quando

378 3382 392 3395 -
446 3360 614 3428 dixit,
647 3360 932 3415 Faciamus
971 3363 1017 3415 ei
1060 3363 1393 3433 adjutorium
1427 3378 1444 3416 :
1474 3362 1541 3416 ad
1576 3362 1694 3416 haec
1726 3362 1879 3417 nulla
1913 3370 2034 3416 erat

444 3434 557 3509 vox
583 3453 793 3520 Judaei,
824 3468 1006 3523 neque
1039 3468 1236 3508 rursus
1270 3453 1661 3509 contradictio.
1694 3453 1839 3509 Fieri
1882 3454 2033 3509 enim

446 3558 557 3599 non
603 3552 788 3613 potest
826 3553 888 3599 ut
929 3544 1001 3598 sit
1041 3545 1209 3602 homo
1253 3544 1319 3598 ad
1361 3544 1651 3615 imaginem
1697 3560 1889 3599 eorum
1937 3545 2033 3615 qui

445 3636 667 3692 dicunt:
704 3636 981 3691 Faciamus
1010 3639 1272 3692 hominem
1301 3637 1369 3691 ad
1396 3639 1683 3708 imaginem
1714 3646 1765 3691 et
1783 3638 2035 3693 similitu-

445 3728 625 3783 dinem
654 3738 925 3797 nostram;
958 3728 1061 3784 nisi
1090 3729 1227 3784 ferat
1261 3729 1314 3783 in
1344 3744 1403 3785 se
1435 3731 1674 3800 aliquam
1705 3731 1869 3785 aliam
1905 3745 2034 3801 pro-

439 3820 624 3888 .priam
668 3820 899 3892 ﬁguram
942 3829 1039 3875 aut
1081 3820 1314 3890 eliigiem
1357 3821 1793 3893 uniuscujusque
1831 3820 2031 3877 horum

447 3909 742 3964 aztiftcum:
780 3910 937 3967 Unde
973 3910 1027 3964 id
1063 3911 1287 3985 quidem
1324 3911 1472 3980 quod
1516 3920 1602 3967 est
1632 3912 1701 3966 ad
1737 3912 2031 3983 imaginem

446 3992 770 4066 Trinitatis,
812 4000 869 4057 in
910 4000 1151 4056 essentia
1192 4000 1535 4070 incorporea:
1574 4009 1632 4056 et
1674 4000 2032 4073 intelligentis

444 4101 503 4147 et
544 4094 792 4148 materiae
833 4093 1079 4162 expertis
1120 4102 1178 4148 et
1218 4093 1796 4162 incomprehensibilis
1835 4096 2033 4150 animas

446 4193 683 4250 nostrae;
735 4199 930 4238 omnes
997 4184 1252 4240 homines
1303 4185 1571 4240 habemus
1623 4186 1901 4243 similiter.
1971 4187 2032 4242 ld

444 4283 631 4336 autem
663 4274 809 4344 quod
839 4282 925 4328 est
954 4275 1028 4328 ad
1051 4274 1472 4343 similitudinem,
1500 4277 1539 4330 ii
1570 4276 1673 4331 soli
1702 4277 1909 4333 habent
1934 4279 2029 4348 qui

445 4366 662 4436 seipsos
698 4376 1025 4422 recrearunt
1056 4382 1123 4422 ea
1149 4367 1276 4422 vita:
1309 4367 1658 4424 institutione
1689 4385 1812 4439 qua:
1846 4379 1932 4425 est
1962 4385 2030 4424 ex

2152 519 2278 579 post
2309 521 2561 565 sanctum
2594 511 2868 579 baptisma
2901 510 3037 563 dicit
3081 510 3247 582 vitam
3277 526 3401 580 qua:
3431 527 3499 568 ex
3528 514 3757 569 virtute

2154 602 2334 672 agitur
2372 618 2638 673 generare
2680 603 2829 673 quod
2871 610 2956 657 est
2993 602 3059 656 ad
3105 602 3547 661 similitudinem.
3575 605 3751 672 Quod

2151 695 2373 763 quidem
2402 695 2449 750 si
2476 696 2647 750 fuerit
2673 696 3079 751 manifestatum
3108 695 3162 749 in
3188 696 3379 758 corde,
3401 696 3558 752 illum
3582 699 3753 754 vide-

2151 786 2283 841 bilis
2314 788 2368 841 in
2401 786 2522 857 ipso
2555 787 2605 841 ei
2642 786 2987 854 conformata
3011 773 3076 840 'et
3107 786 3431 853 assimilato,
3463 798 3750 858 quantum

2150 878 2297 947 capit
2319 887 2375 934 et
2400 887 2584 949 potest
2610 879 2796 933 homo.

2221 968 2378 1024 Unde
2407 971 2574 1023 etiam
2601 969 2711 1024 hoc
2741 970 2954 1039 accepit
2979 968 3204 1039 quidam
3234 987 3302 1026 ex
3328 972 3572 1029 externis
3600 974 3750 1029 insi-

2152 1060 2437 1129 pientibus
2462 1063 2810 1133 philosophis
2837 1078 2905 1117 ex
2953 1072 3141 1118 nostra
3184 1063 3374 1119 divina
3423 1064 3741 1135 Scriptura,
3822 1106 3835 1113 -

2153 1146 2345 1202 dicens
2366 1149 2775 1229 philosophiam
2813 1165 2936 1207 esse
2975 1151 3088 1206 Deo
3107 1153 3561 1211 assimilationeni
3595 1172 3738 1227 quo-

2149 1239 2218 1294 ad
2254 1242 2374 1311 ejus
2408 1241 2526 1297 lieri
2560 1253 2746 1313 potest
2777 1244 2846 1298 ab
2880 1244 3136 1311 homine,
3166 1260 3293 1323 cum
3334 1246 3479 1303 hanc
3517 1264 3734 1303 sacram

2147 1330 2441 1387 Mosaicam
2477 1336 2783 1404 aspexisset
2816 1335 3168 1406 Scripturam‘
3190 1353 3315 1407 qua:
3345 1337 3511 1405 dicit,
3541 1339 3735 1396 Facio.

2149 1433 2265 1471 mus
2289 1420 2552 1475 hominem
2581 1423 2651 1475 ad
2674 1425 2958 1494 imaginem
2980 1435 3028 1478 et
3047 1425 3449 1482 similitudinem
3469 1439 3728 1494 nostram.

2148 1517 2196 1561 et
2214 1510 2438 1580 imperet
2467 1512 2689 1582 piscibus
2719 1516 2906 1579 maris,
2923 1526 2975 1569 et
2999 1516 3295 1574 volucribus
3320 1520 3456 1587 cwli,
3482 1530 3533 1575 et
3560 1526 3729 1577 omni-

2149 1600 2242 1656 bus
2286 1602 2558 1673 reptilibus
2603 1622 2721 1677 quia
2770 1617 2959 1678 repunt
3000 1626 3160 1680 super
3204 1619 3430 1669 terram.
3474 1613 3614 1670 Cum
3659 1616 3729 1671 ad

2148 1693 2297 1749 hunc
2344 1696 2526 1751 locum
2570 1699 3010 1768 pervenerimus,
3044 1712 3356 1772 opportune
3395 1705 3561 1765 nobis
3600 1717 3731 1762 sunt

2076 1782 2115 1837 Β
2147 1788 2420 1844 laudanda
2458 1806 2524 1846 ac
2565 1790 2898 1858 celebranda
2934 1795 3342 1864 sapientissima
3375 1807 3433 1852 et
3465 1798 3728 1855 illustris-

2147 1880 2284 1936 sima
2326 1898 2357 1937 a
2400 1883 2514 1939 Deo
2556 1883 2684 1939 dala
2726 1886 3059 1942 sanctissimi
3109 1886 3352 1958 Spiritus
3397 1875 3645 1961 eloquia,
3673 1901 3730 1947 et

2146 1975 2448 2032 dicendum
2483 1997 2496 2032 :
2528 1978 2768 2033 Lucerna
2801 1981 3015 2051 pedibus
3051 1980 3313 2037 Ecclesia:
3346 1998 3544 2038 revera
3571 1992 3655 2040 est
3680 1994 3727 2038 et

2148 2067 2252 2131 lea),
2284 2068 2461 2123 lumen
2494 2072 2695 2126 semitis
2719 2074 2759 2104 ³¹
2789 2073 3017 2129 nostris.
3044 2072 3352 2129 Audiamus
3380 2074 3533 2129 enim
3566 2092 3731 2146 quam

2146 2177 2341 2233 magna
2388 2175 2445 2220 et
2488 2179 2653 2235 quam
2703 2166 3152 2236 inexpugnabilia
3170 2166 3348 2231 ,Deus
3391 2167 3525 2223 hinc
3568 2170 3728 2224 nobis

2144 2256 2448 2313 confecerit
2488 2274 2641 2313 arma
2681 2258 2951 2315 adversus
2987 2258 3209 2314 Iudaeos
3244 2267 3301 2314 et
3344 2259 3640 2324 Barbaros,
3672 2269 3727 2317 et

2146 2350 2542 2415 Samaritanos,
2561 2350 2655 2419 qui
2686 2349 3010 2421 discerpunt
3030 2360 3086 2405 et
3112 2350 3355 2406 illudunt
3385 2351 3549 2407 ﬁdem
3570 2352 3727 2409 Chri-

2142 2443 2474 2507 stianorum,
2506 2449 2566 2497 ut
2595 2458 2717 2512 qua:
2743 2451 2857 2497 tres
2882 2441 3017 2497 deos
3049 2443 3215 2510 colat,
3243 2455 3488 2498 sanctam
3521 2455 3580 2499 et
3605 2461 3725 2515 quae

2143 2535 2306 2588 simul
2335 2534 2581 2604 ejusdem
2601 2534 2672 2588 sit
2686 2534 2942 2588 essentia:
2966 2534 3321 2591 Trinitatem.
3341 2536 3481 2591 Nam
3499 2553 3627 2592 cum
3647 2538 3725 2594 di-

2140 2632 2227 2680 cat
2245 2623 2362 2679 Seri
2369 2634 2463 2694 ptu
2472 2641 2530 2679 ra
2547 2624 2684 2679 duas
2700 2639 2965 2694 personas
2983 2625 3221 2697 (Adami,
3241 2626 3487 2697 inquam,
3509 2638 3567 2683 et
3582 2627 3721 2700 Erat)

2140 2731 2263 2771 esse
2292 2731 2461 2770 unum
2493 2721 2671 2770 solum
2700 2715 2981 2771 hominem
3015 2725 3072 2772 et
3099 2731 3212 2771 non
3247 2718 3409 2784 duos,
3441 2720 3724 2775 convinci-

2140 2822 2263 2862 mus
2291 2806 2640 2863 adversarios
2663 2808 2931 2872 veritatis,
2955 2808 3087 2878 quia
3118 2808 3195 2879 (in
3229 2811 3408 2865 tribus
3438 2812 3718 2885 Personis)

2140 2898 2362 2971 hymnis
2391 2898 2730 2955 et‘laudibus
2760 2899 3074 2954 celebratur
3098 2900 3263 2966 Deus,
3288 2918 3433 2961 unus
3461 2912 3547 2960 est
3575 2905 3721 2961 Deus

2137 2999 2196 3047 et
2226 3005 2339 3045 non
2374 2998 2508 3055 tres,
2535 2999 2765 3060 propter
2791 2989 3041 3060 ejusdem
3072 2992 3235 3047 simul
3271 2996 3526 3049 essentia:
3559 3004 3721 3053 natu-

2138 3098 2255 3138 ram
2291 3101 2304 3135 :
2338 3083 2618 3152 quomodo
2649 3082 2816 3138 etiam
2847 3083 2903 3137 in
2932 3082 3144 3138 Adamo
3172 3092 3227 3139 et
3260 3084 3391 3139 Eva.
3422 3086 3557 3141 Nam
3594 3104 3721 3158 pro-

2136 3183 2260 3246 pter
2283 3175 2668 3245 cognationem
2695 3182 2753 3229 et
2775 3173 3028 3229 eamdem
3051 3175 3217 3230 simul
3243 3179 3567 3244 essentiam,
3587 3179 3714 3234 audi

2134 3265 2600 3337 quemadmodum
2628 3274 2688 3322 et
2711 3267 2862 3335 ipsos
2886 3265 2942 3321 in
2968 3266 3285 3322 universam
3308 3268 3504 3324 mundi
3528 3270 3719 3326 huma-

2134 3360 2396 3422 nitatem,
2443 3374 2615 3414 unum
2666 3358 2951 3413 hominem
3001 3348 3447 3415 Deusxnominet
3489 3360 3711 3417 dicens:

2133 3450 2418 3506 Faciamus
2464 3451 2729 3505 hominem
2773 3453 2844 3504 ad
2889 3451 3177 3520 imaginem
3223 3459 3273 3504 et
3314 3451 3715 3508 similitudinem

2134 3552 2396 3610 nostram,
2431 3551 2482 3597 et
2523 3545 2786 3614 imperent
2825 3558 2844 3598 :
2887 3542 3050 3606 duos,
3087 3558 3257 3598 unum
3300 3543 3496 3601 dicens
3538 3545 3714 3600 homi-
3814 3592 3821 3597 _

2133 3630 2282 3691 nem.
2312 3635 2381 3690 Et
2421 3647 2619 3691 rursus
2654 3633 2833 3690 dicit:
2864 3634 2934 3689 Et
2975 3635 3097 3706 fecit
3135 3635 3276 3689 Deus
3311 3637 3602 3704 hominem,
3647 3637 3715 3692 ad

2131 3728 2424 3798 imaginem
2447 3726 2546 3781 Dei
2570 3726 2689 3796 fecit
2714 3725 2891 3788 illum,
2918 3725 3213 3780 masculum
3239 3736 3290 3780 et
3312 3727 3567 3797 feminam
3596 3728 3726 3799 fecit-

2133 3837 2241 3875 eos.
2266 3820 2413 3875 Ecce
2444 3820 2537 3875 hic
2562 3835 2784 3891 quoque
2811 3820 2976 3885 duos,
3006 3836 3177 3875 unum
3196 3821 3515 3878 nominavit
3539 3823 3717 3879 homi-

2132 3928 2283 3978 nem,
2307 3922 2369 3967 ιιι
2394 3912 2493 3967 tibi
2516 3927 2742 3983 quoque
2770 3928 2924 3969 arma
2955 3912 3198 3982 pmbeat
3218 3913 3287 3968 ad
3311 3914 3711 3972 ostendendum

2132 4005 2282 4075 quod
2311 4004 2474 4060 Pater
2502 4013 2559 4060 et
2588 4004 2761 4062 Filius
2791 4005 2938 4078 (cum
2970 4006 3094 4063 dum
3125 4008 3238 4062 sint
3265 4007 3590 4078 hypostases
3618 4024 3711 4063 seu

2131 4100 2405 4165 personat)
2449 4094 2565 4149 sint
2602 4111 2750 4151 unus
2796 4096 2960 4152 Deus.
2989 4096 3147 4154 Unde
3191 4097 3359 4153 etiam
3401 4114 3529 4154 cum
3572 4107 3715 4155 esset

2132 4186 2279 4240 Deus
2324 4185 2658 4241 inducturus
2707 4187 3014 4254 diluvium,
3063 4188 3200 4243 dicit
3246 4190 3314 4244 ad
3363 4190 3527 4245 Noe:
3571 4190 3715 4245 Finis

2133 4278 2303 4333 omnis
2353 4279 2581 4333 hominis
2630 4281 2774 4333 venit
2823 4295 3006 4359 coram
3065 4296 3149 4335 me
3199 4297 3219 4335 :
3265 4296 3398 4336 ecce
3443 4282 3715 4352 signiﬁcat

2132 4370 2422 4425 hominum
2463 4370 2902 4442 multitudinem.
2936 4371 3097 4438 Audi.
3124 4387 3258 4442 ergo
3303 4390 3317 4426 :
3361 4381 3531 4428 totam
3573 4374 3715 4429 hanc

444 4458 674 4521 virtute,
710 4458 805 4528 qui
848 4458 1019 4512 Deum
1065 4459 1275 4516 habent
1313 4459 1368 4513 in
1409 4475 1469 4515 se
1512 4460 1935 4527 inhabitantem,
1972 4469 2028 4517 et
2060 4468 2103 4522 D
2133 4463 2550 4518 multitudinem
2580 4471 2742 4518 vocat
2771 4480 2942 4519 unum
2966 4464 3272 4532 hominem,
3294 4481 3491 4521 rursus
3523 4466 3712 4525 dicens

444 4549 617 4620 gratia
639 4551 1050 4619 quodammodo
1071 4559 1201 4606 sunt
1219 4552 1393 4607 veluti
1412 4551 1641 4619 Christi,
1662 4553 1716 4608 in
1736 4553 2029 4609 divinitate

442 4643 605 4698 simul
657 4652 711 4698 et
755 4645 1121 4701 humanitate.
1166 4646 1470 4716 Propterea
1521 4654 1579 4701 et
1625 4646 1712 4701 bis
1759 4655 1816 4702 et
1857 4647 2028 4704 semel

441 4750 724 4806 exponens
749 4736 939 4791 divina
970 4736 1279 4808 Scriptura,
1311 4747 1367 4792 et
1394 4738 1619 4793 dicens:
1650 4738 1719 4793 Et
1742 4739 1862 4808 fecit
1888 4738 2028 4795 Deus

440 4826 706 4881 hominem
768 4827 839 4882 ad
881 4828 1189 4898 imaginem,
1226 4829 1299 4884 sit
1341 4844 1371 4883 a
1412 4828 1525 4883 Deo
1573 4836 1823 4885 creatum
1870 4839 1925 4884 et
1973 4829 2030 4885 in

440 4920 604 4976 nobis
632 4921 915 4986 naturale;
953 4921 1087 4976 illud
1120 4931 1329 4985 autem,
1373 4922 1455 4976 Ad
1485 4921 1910 4988 similitudinem,
1938 4932 2025 4979 est

439 5009 566 5065 vita:
590 5009 959 5066 institutionis
980 5026 1105 5079 quae
1127 5011 1302 5065 libera
1326 5010 1600 5066 electione
1625 5011 1948 5082 suscipitur,
1969 5021 2028 5068 et

440 5114 540 5170 per
567 5103 733 5155 vitam
764 5117 889 5170 quae
919 5117 989 5156 ex
1014 5102 1223 5157 virtute
1256 5102 1436 5172 agitur
1465 5101 1747 5157 inducitur
1777 5110 1834 5156 et
1865 5118 2025 5158 assum

441 5192 630 5247 mitur.
665 5192 969 5263 Propterea
1015 5193 1123 5249 hoc
1157 5210 1261 5249 nos
1301 5194 1509 5251 docens
1544 5194 1642 5265 qui
1686 5209 1812 5250 cum
1851 5195 2032 5251 Verbo

443 5283 590 5339 idem
627 5283 795 5339 habet
829 5300 1033 5341 nomen
1075 5286 1363 5359 theologus
1396 5287 1657 5352 Joannes,
1694 5288 1851 5353 dicit,
1887 5288 2026 5344 scri-

440 5375 580 5431 bens
610 5376 680 5432 ad
714 5378 930 5449 aliquos
964 5395 978 5433 :
1008 5378 1221 5444 Filioli,
1247 5396 1387 5434 nunc
1417 5379 1520 5450 ﬁlii
1552 5380 1652 5437 Dei
1687 5397 1902 5446 sumus,
1931 5396 2032 5450 per

440 5468 546 5525 hoc
572 5468 869 5542 baptisma,
894 5481 945 5524 et
975 5474 1211 5528 nondum
1239 5474 1640 5545 manifestatum
1671 5484 1745 5529 est
1775 5474 1902 5546 quid
1928 5476 2032 5528 eri-

994 5554 1017 5591 Ι

1018 5600 1041 5624 ἱ

2127 4554 2311 4609 eidem
2360 4554 2514 4620 Noe,
2552 4554 2746 4611 Delebo
2798 4559 3066 4611 hominem
3115 4574 3272 4628 quem
3314 4559 3429 4628 feci.
3478 4559 3534 4621 Si
3584 4575 3715 4631 ergo

2129 4645 2560 4703 innumerabilia
2594 4647 2883 4703 hominum
2921 4664 3286 4719 personarum
3325 4651 3498 4707 millia
3535 4668 3707 4707 unum

2128 4739 2267 4795 dicit
2327 4739 2608 4797 hominem
2676 4751 2908 4813 propter
2973 4752 3211 4799 naturae.
3250 4744 3709 4809 similitudinem,

2129 4842 2339 4902 quanto
2362 4834 2539 4904 magis
2564 4842 2678 4889 tres
2700 4833 3008 4891 divinitatis
3036 4835 3302 4907 (ejusdem
3331 4837 3497 4893 simul
3522 4852 3711 4893 essen-

2137 4924 2255 4996 tiaa)
2296 4940 2548 4995 personae
2587 4926 2696 4981 dici
2736 4936 2972 4996 possunt
3009 4942 3152 4983 unus
3184 4928 3365 4983 Deus?
3394 4928 3466 4984 Et
3497 4929 3554 4983 in
3589 4929 3712 4984 aliis

2132 5017 2267 5074 locis
2294 5018 2795 5074 innumerabilibus
2824 5020 3075 5075 invenies
3098 5020 3342 5074 divinam
3370 5020 3709 5092 Scripturam

2133 5124 2300 5166 unam
2324 5111 2616 5166 nominare
2641 5111 2922 5168 hominem
2953 5114 3131 5183 totum
3160 5128 3334 5183 genus
3362 5114 3664 5184 humanum
3693 5130 3708 5169 :

2130 5208 2191 5255 ut
2224 5200 2448 5270 quando
2478 5217 2675 5257 rursus
2709 5203 2846 5259 dicit
2874 5211 2999 5272 post
3038 5203 3308 5259 diluvium
3341 5203 3412 5259 de
3446 5205 3709 5259 universo

2129 5308 2332 5364 genere
2361 5293 2608 5351 humano
2639 5311 2659 5347 ιη
2685 5292 2961 5364 Propensa
2993 5303 3069 5349 est
3101 5296 3350 5365 cogitatio
3379 5297 3607 5355 hominis
3640 5295 3709 5350 ad

2128 5383 2278 5441 mala
2312 5402 2349 5438 a
2370 5384 2650 5455 juventute
2683 5401 2785 5440 sua
2809 5387 2873 5441 ³³.
2903 5387 2972 5444 Et
3000 5403 3196 5445 rursus
3230 5407 3242 5441 :
3278 5388 3448 5443 Homo
3482 5390 3709 5444 vanitati

2126 5477 2317 5536 similis
2361 5478 2539 5548 factus,
2575 5488 2651 5533 est
2679 5479 2746 5532 ⁸³.
2783 5478 2852 5534 Ει
2898 5498 2911 5535 :
2971 5480 3165 5549 Homo,
3198 5483 3332 5536 sicut
3380 5481 3557 5552 fenum
3597 5482 3706 5537 dies

510 5707 559 5743 ³⁸
582 5708 778 5765 lJoan.
800 5727 879 5777 ιιι,
901 5713 954 5765 2.
1035 5714 1073 5745 ³·
1094 5713 1241 5768 Psal.
1269 5730 1447 5781 can,
1476 5715 1596 5770 £05.
1675 5717 1719 5749 ³²
1743 5714 1878 5770 Gen.
1904 5731 2015 5782 rm,

2185 5716 2228 5748 ³³
2250 5715 2391 5770 Psal.
2417 5730 2595 5787 cum,
2624 5721 2675 5780 ι.
