4098 6468
371 376 480 441 933

1444 373 1540 432 ἸΝ
1581 372 2136 433 ΗΕΧΑΕΜΕΒΟΝ.
2171 397 2242 406 --
2276 372 2424 432 LIB.
2465 373 2566 434 VI.

3525 379 3638 441 ,924

366 483 483 554 ejus
505 485 570 538 “.
595 485 665 541 Et
692 502 706 538 :
739 459 878 552 Quid
906 493 982 540 est
1007 487 1161 540 homo
1186 485 1324 556 quod
1351 495 1568 558 reputas
1599 503 1718 542 eum
1740 487 1819 541 ³⁸2
1841 463 1909 542 Et
1935 504 1951 542 :
1983 493 2024 547 Α
2057 486 2469 556 apostolorum?
2505 487 2585 542 Ne
2625 486 2682 541 bi
2722 487 2946 558 quidem
2991 499 3121 544 sunt
3163 491 3423 547 omnibus
3461 493 3637 548 dmut-

361 576 609 634 llinuisti
651 595 772 632 eum
817 578 981 650 paulo
1019 580 1195 634 minus
1235 579 1300 634 ab
1343 579 1568 650 angelis,
1606 587 1654 632 et
1691 578 1863 650 gloria
1907 587 1956 634 et

359 670 567 724 Iacuere
598 668 868 736 coronati
899 685 1021 722 eum
1043 669 1107 724 ³⁸.
1139 668 1335 734 Audis,
1366 668 1634 736 insipiens
1661 669 1871 733 Judaee,
1899 677 1956 724 et

358 773 453 830 tu,
471 761 736 829 Barbare,
754 770 811 816 et
828 761 1194 827 Samaritane,
1209 762 1678 841 quemadmodum
1699 761 1954 816 universa

358 852 690 908 humanitas
711 845 946 909 vocatur
971 854 1164 910 homo.
1210 853 1415 910 Eadem
1439 868 1576 924 ergo
1603 853 1792 924 regula
1814 852 1957 907 divi-

355 950 515 1004 nitas
562 964 788 1020 quoque
838 965 986 1004 unus
1032 949 1180 1004 Deus
1233 945 1321 1004 est
1365 955 1423 1005 et
1473 947 1784 1018 appellatur
1833 964 1846 1000 :
1898 953 1956 1002 et

354 1041 558 1107 Israel,
581 1055 707 1096 cum
735 1040 848 1096 sint
873 1049 1148 1096 sexcenta:
1174 1041 1468 1095 hominum
1493 1039 1790 1111 myriades,
1813 1055 1955 1096 unus

351 1131 534 1190 Israel
569 1131 778 1188 dicitur
813 1149 826 1186 :
865 1141 922 1187 et
951 1132 1229 1204 Assyrius,
1259 1141 1373 1187 tota
1405 1145 1539 1202 gens
1579 1131 1634 1184 in
1675 1146 1785 1186 una
1824 1146 1954 1200 per-

351 1239 503 1280 sona
548 1224 758 1280 dicitur
797 1243 810 1278 :
847 1216 1126 1294 'quomodo
1165 1232 1224 1278 et
1253 1225 1424 1280 Persa
1456 1231 1514 1280 et
1547 1224 1953 1296 Hyperboraeus

351 1327 422 1374 et
449 1319 681 1388 reliquie
711 1326 926 1390 gentes,
955 1333 1081 1372 cum
1115 1317 1230 1372 sint
1260 1318 1315 1372 in
1350 1317 1607 1388 personis
1635 1317 1954 1374 innumera-

355 1409 593 1470 bilibus.
626 1413 682 1464 in
732 1426 841 1465 una
882 1424 1122 1481 persona
1153 1410 1494 1480 .appellatur.
1523 1408 1661 1466 Cum
1699 1409 1845 1464 Deus
1882 1409 1952 1464 de

353 1501 528 1557 nobis
569 1501 906 1560 Christianis
949 1503 1162 1576 aliquid
1213 1503 1413 1559 melius
1457 1503 1824 1574 prospexerit,
1867 1505 1952 1562 vel

349 1595 572 1666 potius,
603 1602 666 1649 ut
707 1594 1128 1664 prmtermittam
1175 1576 1382 1651 multas
1425 1595 1786 1666 probationes
1829 1611 1954 1666 qua:

355 1685 508 1740 ﬁunt
538 1701 640 1755 per
671 1686 1012 1752 testimonia,
1039 1703 1106 1742 ex
1141 1687 1248 1742 hoc
1275 1687 1403 1758 ipso
1433 1688 1606 1743 verbo
1639 1687 1788 1758 quod
1825 1703 1954 1758 pro-

2057 579 2194 635 nati.
2231 580 2300 640 Et
2339 579 2490 650 quod
2536 580 2738 636 Petrus
2779 581 3005 652 quidem
3049 599 3158 639 non
3208 585 3278 639 sit
3324 585 3638 644 dominatus

2055 671 2316 726 omnibus
2347 672 2572 742 piscibus
2603 675 2801 736 maris,
2831 674 2957 728 audi
2992 690 3118 729 eum
3149 675 3424 731 dicentem
3459 695 3510 733 et
3543 696 3636 750 qui

2055 769 2140 818 est
2166 776 2293 816 vere
2323 761 2642 818 dominatus
2669 772 2725 819 et
2750 763 3018 834 piscibus,
3047 775 3102 820 et
3131 767 3291 832 mari,
3317 778 3374 822 et
3401 769 3638 824 volueri-

2055 853 2160 910 bus
2202 856 2326 914 (εωιί
2370 871 2436 911 ac
2475 857 3004 932 rationepraaditis,
3037 866 3094 913 et
3137 859 3410 916 universae
3453 871 3634 923 terrae.

2053 962 2254 1033 nempe
2283 948 2412 1004 Jesu
2445 967 2457 1002 :
2487 949 2592 1003 Per
2612 959 2779 1004 totam
2809 960 3010 1006 noctem
3041 951 3160 1023 (per
3181 953 3470 1008 Iudaicum
3497 955 3637 1016 forte

2054 1039 2300 1113 cultum)
2347 1040 2653 1096 laborantes
2697 1041 2831 1096 nihil
2873 1045 3135 1113 cepimus,
3172 1053 3388 1114 praptcr
3425 1048 3636 1101 verbum

2055 1141 2232 1187 autem
2283 1141 2435 1187 tuum
2486 1133 2714 1206 (nempe
2756 1117 2924 1189 iidem
2975 1133 3028 1188 in
3083 1136 3164 1204 te)
3219 1136 3411 1191 laxabo
3460 1136 3638 1192 r'cte"

2053 1223 2337 1294 Evangelii
2395 1221 2451 1277 in
2509 1238 2662 1278 mare
2719 1223 2914 1277 mundi
2969 1221 3239 1293 gentium.
3294 1223 3370 1278 De
3425 1225 3635 1282 Joanne

2039 1301 2262 1380 autem,
2289 1314 2336 1370 is
2365 1315 2462 1386 qui
2493 1323 2578 1371 est
2603 1315 2850 1386 ejusdem
2881 1315 3040 1386 cujus
3071 1314 3187 1385 ipse
3213 1317 3476 1384 nominis,
3503 1317 3638 1375 dicit

2055 1404 2112 1460 in
2145 1405 2452 1478 Evangelia
2492 1408 2799 1463 secundum
2835 1407 3124 1473 Joannem,
3153 1408 3389 1464 Joannes
3427 1413 3636 1482 quidem

2055 1496 2266 1552 nullum
2292 1500 2510 1570 signum.
2529 1499 2668 1569 fecit.
2689 1499 2978 1567 Quomodo
3003 1515 3136 1572 ergo
3161 1503 3254 1572 qui
3281 1487 3508 1574 siguuni
3525 1522 3636 1562 non

2052 1583 2216 1652 fecit,
2252 1597 2308 1641 et
2348 1588 2546 1642 Petrus
2583 1589 2676 1658 qui
2720 1605 2832 1643 non
2869 1597 2956 1643 est
2999 1589 3318 1647 dominatus
3356 1595 3634 1664 piscibus,

2053 1677 2163 1732 dici
2195 1684 2379 1749 potest
2409 1679 2481 1733 ad
2510 1681 2797 1750 imaginem
2833 1690 2881 1735 et
2909 1681 3310 1738 similitudinem
3342 1685 3468 1740 Dei?
3499 1687 3634 1742 Nam

355 1777 463 1833 bro
499 1777 748 1834 alliciunt,
796 1779 970 1836 ,ιυριωί
1005 1779 1369 1850 probabimus
1399 1780 1451 1836 id
1481 1780 1628 1852 quod
1661 1781 1946 1840 tradimus,
1982 1765 2148 1852 “qui
2176 1767 2496 1823 dominatur
2521 1769 2856 1826 animalibus
2885 1781 2942 1826 et
2965 1773 3215 1842 piscibus
3239 1783 3297 1830 et
3321 1776 3639 1834 volucribus

352 1870 510 1926 Dixit
537 1871 686 1926 enim
727 1889 741 1926 :
777 1871 848 1926 Et
881 1872 1012 1926 dixit
1047 1871 1208 1936 Deus,
1235 1871 1363 1927 vide
1396 1872 1675 1944 singulare
1711 1891 1724 1927 :
1759 1871 1950 1931 Facia-

355 1981 478 2018 mus
511 1979 529 2018 :
561 1963 686 2018 vide
718 1963 886 2018 etiam
922 1964 1168 2038 plurale,
1199 1975 1256 2020 et
1287 1964 1420 2019 illud
1451 1965 1676 2035 quidem
1705 1965 1950 2032 attribue

360 2056 586 2112 omnino
611 2064 842 2118 naturae,
869 2055 976 2110 hoc
1001 2065 1190 2112 autem
1217 2056 1492 2126 personis,
1517 2067 1706 2112 etnon
1734 2065 1944 2111 contra.

361 2146 426 2202 Si
463 2147 606 2202 enim
647 2158 860 2202 naturae
896 2147 1202 2202 absurdum
1249 2165 1262 2202 :
1313 2147 1398 2202 sin
1439 2157 1624 2202 autem
1674 2147 1944 2218 personis,

357 2239 501 2294 nihil
535 2247 620 2294 est
667 2254 854 2308 grave.
890 2239 1028 2294 Vide
1059 2240 1210 2295 enim
1245 2240 1299 2294 in
1337 2239 1732 2296 innumerabili
1771 2238 1949 2293 homi-

345 2347 492 2389 num
541 2331 900 2390 multitudine
945 2347 1070 2387 esse
1112 2346 1278 2388 unam
1326 2340 1600 2389 naturam.
1651 2331 1776 2386 llaze
1821 2345 1945 2384 cum

341 2425 463 2495 jam
499 2423 811 2479 dixerimus
845 2425 902 2478 in
941 2424 1188 2480 secundo
1222 2423 1368 2478 libro
1405 2422 1943 2498 adversusﬂJudaeos,

345 2532 422 2574 ea
451 2533 564 2571 non
595 2525 825 2588 propter
845 2517 1086 2587 aliquam
1118 2517 1212 2572 hic
1237 2532 1462 2588 quoque
1488 2517 1776 2587 posuimus
1805 2515 1947 2571 obli—

333 2609 604 2665 vionem.
648 2607 878 2664 Gratum
925 2611 1074 2664 enim
1121 2616 1294 2674 esset,
1320 2608 1374 2673 si
1425 2609 1542 2665 ﬁeri
1588 2617 1792 2679 posset,
1831 2608 1946 2664 [nec

325 2689 492 2774 poni
525 2703 583 2757 in
616 2701 752 2757 foris
785 2709 843 2757 et
875 2700 930 2756 in
959 2702 1220 2772 compitis
1257 2717 1322 2758 ac
1363 2701 1566 2769 triviis,
1589 2703 1659 2757 ad
1697 2701 1943 2756 ﬁdelium

325 2794 730 2865 cognitionem
775 2801 833 2849 et
885 2793 1342 2865 intelligentiam,
1391 2795 1708 2852 Judaeorum
1760 2803 1944 2850 autem

331 2883 634 2959 apudo'rem
673 2891 730 2949 et
761 2883 1220 2964 confutationem.
1256 2885 1470 2954 linguas
1504 2900 1662 2963 suas,
1698 2893 1761 2940 ut
1794 2885 1948 2954 prius

333 2976 508 3039 dixi,
539 2976 884 3032 moventium
920 2975 1190 3032 adversus
1229 2976 1511 3032 Christum
1551 2983 1608 3045 et
1643 2992 1798 3032 suam
1839 2976 1946 3032 Ec-

345 3067 608 3122 desiam.

2051 1861 2208 1932 jussu
2244 1861 2364 1926 Dei,
2398 1860 2534 1916 dicit
2569 1863 2717 1918 leoni
2746 1880 2759 1916 :
2787 1862 2945 1928 Veni,
2982 1872 3041 1918 et
3072 1865 3260 1933 venit;
3299 1876 3356 1922 et
3387 1871 3584 1939 aquila:
3619 1889 3632 1924 :

2048 1951 2369 2022 Ingredere,
2399 1963 2454 2008 et
2477 1953 2822 2024 ingreditur;
2847 1963 2904 2008 et
2925 1955 3064 2025 pisci
3093 1973 3106 2010 :
3135 1957 3552 2032 Appropinqua,
3581 1973 3638 2018 et

2053 2043 2272 2110 obedil;
2302 2052 2358 2099 et
2381 2044 2645 2100 draconi:
2678 2046 2904 2111 Pereas,
2937 2058 2994 2102 et
3017 2049 3201 2102 statim
3230 2030 3488 2121 ex'spirat.
3523 2054 3634 2108 Ad-

2053 2142 2204 2189 verte
2232 2146 2414 2190 autem
2459 2137 2607 2207 quod
2634 2153 2745 2191 non
2777 2139 2957 2193 solum
2985 2139 3220 2210 piscium
3249 2150 3305 2196 et
3329 2144 3632 2200 bestiarum

2049 2232 2104 2277 et
2127 2226 2404 2295 reptilium
2431 2227 2734 2284 dominium
2762 2229 2916 2288 dedit
2935 2233 3082 2290 Deus
3104 2235 3315 2290 homini
3343 2240 3434 2308 qui
3460 2239 3635 2296 factus

2047 2326 2136 2373 est
2166 2320 2236 2372 ad
2261 2321 2550 2391 imaginem
2578 2331 2628 2376 et
2652 2324 3057 2381 similitudinem
3088 2327 3205 2393 Dei,
3234 2331 3329 2384 sed
3362 2331 3636 2388 universa:

2053 2417 2230 2464 terrae.
2286 2409 2442 2466 Unde
2503 2413 2670 2468 etiam
2735 2417 3002 2486 scriptum
3066 2429 3150 2475 est
3206 2437 3302 2478 eos
3360 2424 3634 2494 imperare

2047 2501 2273 2570 piscibus
2298 2505 2484 2569 maris,
2512 2513 2560 2557 et
2585 2505 2881 2562 volucribus
2910 2507 3025 2564 εαξίὶ
3053 2512 3296 2567 secundo
3323 2515 3549 2582 ordine;
3578 2529 3635 2574 et

2048 2597 2249 2652 deinde
2290 2599 2456 2670 885
2499 2601 2603 2666 sic,
2641 2601 2848 2668 Bestiis,
2885 2614 2934 2658 et
2969 2607 3250 2676 jumeutis,
3287 2617 3335 2662 et
3378 2611 3635 2666 universa.-

2049 2699 2204 2744 terra:
2232 2709 2248 2746 :
2273 2691 2378 2746 hoc
2403 2701 2508 2757 est,
2533 2693 2794 2750 omnibus
2817 2713 2939 2767 quae
2967 2707 3173 2754 suntet
3196 2699 3448 2755 habitant
3470 2719 3635 2772 super

2049 2791 2283 2850 terram;
2338 2785 2538 2856 neulpe
2595 2788 2914 2844 hominibus
2965 2800 3023 2846 et
3063 2792 3344 2862 gentibus.
3395 2794 3450 2849 Si
3501 2811 3634 2866 ergo

2047 2877 2235 2931 omnia
2279 2877 2518 2948 subjecit
2557 2879 2660 2935 sub
2699 2882 2937 2952 pedibus
2979 2883 3100 2953 ejus
3135 2884 3230 2954 qui
3272 2895 3356 2940 est
3395 2903 3525 2943 vere
3564 2889 3632 2943 ad

2047 2967 2344 3040 imaginem
2389 2971 2508 3034 Dei,
2543 2981 2628 3028 est
2677 2975 3034 3046 perspicuum
3084 2977 3234 3048 quod
3266 2979 3312 3034 is
3353 2979 3522 3036 homo
3550 2992 3636 3039 est

2047 3057 2306 3115 dominus
2360 3061 2608 3118 omnium
2663 3081 2788 3134 quae
2843 3076 2973 3120 sunt
3029 3067 3083 3122 in
3137 3069 3372 3135 mundo,
3421 3082 3482 3127 ut
3537 3073 3631 3144 qui

429 3158 709 3217 Faciamus
741 3164 1006 3218 hominem
1039 3162 1110 3218 ad
1141 3163 1430 3232 imaginem
1466 3167 1515 3214 et
1544 3159 1942 3215 similitudinem
1971 3171 2014 3230 (ς
2048 3148 2247 3204 habeat
2276 3150 2380 3204 θυι)
2412 3151 2662 3222 DCdiDUS‘
2681 3154 2922 3227 hominis
2959 3165 3217 3228 tanquam
3261 3161 3533 3232 mancipia
3577 3173 3635 3218 ct

349 3263 616 3318 nostram,
645 3255 866 3327 imperet
907 3256 1134 3328 piscibus
1173 3255 1360 3317 maris,
1389 3261 1438 3312 et
1477 3251 1771 3307 volucribus
1809 3251 1942 3316 ca’ii,

351 3354 410 3400 et
435 3345 719 3416 jumentis',
752 3351 1090 3420 etuniuersaz
1123 3356 1300 3408 terrae,
1327 3353 1374 3398 et
1404 3344 1642 3398 omnibus
1665 3343 1946 3415 ,reptilibus

353 3438 658 3508 repentibus
684 3456 850 3511 supra
880 3451 1103 3494 terram.
1129 3439 1243 3494 Nos
1267 3437 1491 3508 quidem
1521 3435 1653 3492 facit
1677 3435 1946 3508 pigriores

350 3528 426 3584 ad
461 3529 655 3585 eadem
685 3547 882 3588 rursus
913 3529 1149 3588 dicenda
1183 3525 1332 3598 quod
1365 3543 1429 3583 ea
1461 3526 1595 3582 alibi
1625 3524 1946 3596 exposueri-

353 3639 504 3703 lpus.
552 3625 720 3679 Miror
760 3634 948 3681 autem
993 3625 1052 3680 in
1095 3623 1535 3696 praesentiaeos
1581 3621 1676 3692 qui
1725 3618 1781 3674 in
1829 3619 1944 3676 sola

346 3717 920 3782 manseruntlittera,
951 3727 1010 3773 et
1041 3717 1299 3772 dixerunt
1331 3713 1672 3784 corporalem
1709 3712 1943 3782 piscium

343 3817 413 3864 et
437 3811 726 3866 volucrum
759 3820 816 3864 et
847 3808 1152 3865 bestiarum
1185 3805 1435 3862 omnium
1468 3805 1851 3860 auctoritatem
1885 3810 1944 3857 et

345 3900 725 3965 dominatum,
756 3916 880 3957 esse
919 3899 1080 3964 illud,
1114 3899 1186 3964 ad
1227 3899 1515 3976 imaginem
1556 3907 1606 3950 et
1639 3895 1944 3950 similitudi-

346 4002 496 4057 nem',
530 3991 626 4046 Dei
667 3992 722 4046 in
756 3991 1002 4046 homine.
1037 3989 1228 4060 Neque
1259 3989 1409 4044 enim
1445 3987 1760 4045 invenimus
1792 3987 1940 4058 quod

347 4085 480 4155 ipse
495 4084 874 4155 proleplastus
895 4083 1217 4141 dominatus
1242 4082 1318 4137 sit
1340 4081 1592 4152 piscibus
1617 4080 1810 4147 maris;
1845 4079 1940 4135 sed

347 4189 457 4230 nec
505 4176 652 4250 ullus
701 4177 848 4232 alius
892 4193 962 4232 ex
1006 4175 1174 4248 justis
1223 4173 1319 4245 qui
1367 4173 1594 4229 fuerunt
1636 4187 1686 4246 al
1714 4171 1936 4226 saeculo.

346 4269 706 4325 Domiuatum
740 4269 886 4335 dico,
915 4285 1026 4325 non
1061 4284 1189 4324 eum
1223 4267 1320 4339 qui
1353 4266 1610 4322 consistit
1641 4281 1740 4336 per
1769 4263 1940 4318 artiﬁ—

345 4359 560 4416 ciosam
587 4361 830 4432 aliquam
859 4362 1346 4433 excogitationem,
1371 4359 1852 4426 instrumentaque
1883 4363 1938 4411 et

345 4453 536 4508 studia
570 4454 882 4519 venatoria,
911 4463 972 4510 ut
1007 4451 1342 4524 quibusdam
1381 4451 1559 4505 visum
1601 4458 1686 4528 est
1726 4448 1932 4510 dicere,

2048 3255 2262 3296 servos.
2294 3241 2392 3296 Dic
2440 3244 2576 3298 mibi
2619 3261 2752 3318 ergo
2794 3249 3076 3318 quomodo
3125 3252 3334 3320 Moses,
3369 3257 3464 3324 qui
3513 3267 3634 3312 erat

2047 3333 2173 3389 talis
2195 3346 2252 3390 et
2277 3344 2484 3402 tantus,
2509 3353 2620 3393 non
2648 3349 2770 3396 erat
2792 3342 2859 3396 ad
2888 3343 3178 3415 imaginem
3208 3347 3305 3402 Dei
3338 3367 3350 3402 :
3379 3339 3630 3420 Fugiebat

2045 3426 2196 3495 enim
2227 3445 2259 3481 a
2288 3429 2424 3499 facie
2450 3429 2771 3488 Pharaonis.
2797 3433 3084 3502 Quomodo
3109 3435 3258 3494 Elias
3287 3443 3382 3511 qui
3413 3459 3629 3504 assum-

2045 3526 2176 3586 ptus
2213 3517 2318 3572 fuit
2359 3519 2412 3572 in
2455 3535 2622 3576 curru
2667 3522 2861 3594 igneo,
2896 3515 3090 3596 precul
3129 3528 3231 3583 fuit
3261 3531 3565 3589 absconsus
3598 3552 3629 3590 a

2043 3607 2185 3663 facie
2211 3607 2466 3665 Iezabel?
2491 3611 2780 3678 Quomodo
2805 3615 3138 3672 omnesl‘ere
3167 3620 3470 3690 prepbetae,
3492 3624 3627 3693 justi

2043 3709 2099 3756 et
2117 3701 2376 3771 apostoli,
2409 3703 2478 3758 ab
2507 3703 2804 3773 impiorum
2834 3707 3092 3764 manibus
3113 3721 3244 3765 sunt
3273 3710 3626 3784 interempti;

2041 3808 2154 3848 non
2212 3795 2320 3849 hoc
2379 3797 2633 3866 passuri,
2678 3796 2734 3870 si
2787 3797 3054 3855 dominati
3115 3812 3301 3858 essent
3359 3806 3630 3875 universa

2043 3881 2235 3953 terrae,
2269 3896 2327 3944 et
2361 3888 2408 3945 si
2452 3889 2781 3960 subjecisset
2815 3894 3004 3970 omnia,
3039 3895 3132 3948 sub
3173 3896 3387 3966 pedibus
3424 3889 3623 3970 ejus'”.

2041 3977 2180 4034 Cum
2211 3979 2280 4035 de
2311 3980 2416 4036 hoc
2447 3979 2597 4036 dicto
2632 3991 2780 4037 tanta
2811 3993 2958 4038 esset
2984 3969 3042 4040 et
3091 3995 3198 4042 tam
3231 3969 3486 4060 perplexa
3520 3991 3626 4046 due.-

2039 4070 2264 4138 bitatio,
2307 4088 2462 4128 suam
2496 4075 2563 4130 ad
2596 4075 2856 4134 Hebraeos
2892 4078 3195 4148 Epistulam
3232 4081 3436 4148 ferens,
3479 4083 3626 4138 illico

2040 4162 2217 4218 astitit
2256 4163 2460 4219 Paulus
2511 4174 2688 4236 mysta
2735 4181 3064 4222 arcanorum
3115 4168 3514 4238 ineﬂ‘abilium;
3569 4171 3623 4226 iu

2039 4269 2202 4326 quam
2238 4271 2340 4312 nos
2375 4256 2657 4312 intuentes
2688 4257 2944 4314 liberavit
2973 4259 3044 4314 ab
3076 4261 3312 4316 obseura
3346 4271 3402 4316 et
3431 4262 3623 4317 admo-

2038 4345 2169 4400 dum
2210 4347 2484 4418 profunda
2522 4347 2903 4411 dubitatione,
2941 4348 3134 4406 dicens
3175 4349 3458 4408 Christum
3503 4369 3625 4409 esse

2040 4437 2331 4508 imaginem
2384 4438 2479 4492 Dei
2529 4438 2860 4504 invisibilis,
2906 4448 2962 4494 et
3013 4442 3194 4512 ipsum
3247 4441 3524 4514 imperare
3571 4456 3627 4501 et

345 4559 415 4600 ει
441 4545 646 4616 quibus
673 4556 760 4601 ρει
784 4518 1174 4602 ρκικιιεοὶιιθε,
1201 4544 1298 4598 ma
1327 4545 1476 4616 enim
1505 4553 1592 4597 ρει
1617 4523 1726 4596 ho“
1757 4540 1934 4610 domi-
1963 4518 2011 4577 υ
2037 4529 2309 4584 dominari
2350 4531 2609 4585 omnibus
2652 4541 2912 4602 tanquam
2954 4533 3229 4590 lueredcm
3271 4538 3540 4603 omnium,
3571 4546 3628 4594 et

343 4647 536 4704 natus,
563 4636 662 4692 sed
695 4637 967 4692 calliditas
998 4644 1056 4692 et
1085 4637 1270 4692 dolus.
1299 4636 1419 4690 Non
1451 4635 1597 4690 enim
1633 4635 1728 4704 qui
1758 4635 1938 4690 domi-

343 4738 517 4784 natur
541 4728 736 4793 alicui,
761 4737 820 4784 et
850 4727 1088 4783 maxime
1115 4728 1274 4799 jussu
1309 4726 1430 4791 Dei,
1457 4725 1777 4782 dominatur
1806 4742 1932 4782 eum

342 4817 540 4874 subtili
572 4819 776 4874 mentis
805 4817 1235 4889 excogitatione,
1259 4819 1355 4872 sed
1389 4824 1580 4887 aperte
1615 4816 1936 4872 dominatur

344 4927 476 4968 cum
512 4919 783 4982 potestate
815 4919 872 4966 et
905 4910 1257 4969 auctoritate.
1288 4908 1445 4977 Quod
1483 4909 1552 4976 si,
1583 4918 1649 4988 ut
1672 4919 1758 4966 est
1785 4911 1935 4968 veri-

343 5005 550 5072 simile,
573 5006 957 5082 aliqui,adbuc
982 5006 1155 5061 invidi
1186 5005 1597 5082 contradicunt,
1619 5021 1687 5080 ex
1716 5004 1937 5060 duobus

341 5096 557 5156 sanctis
602 5081 871 5154 Ecclesiae
923 5098 1190 5163 summis,
1233 5097 1368 5169 ejus'
1403 5081 1552 5169 quo‘d
1603 5097 1730 5153 dico
1773 5097 1934 5152 tidem

342 5189 569 5246 faciam.
602 5191 784 5248 Velim
829 5201 1037 5250 autem.
1075 5190 1177 5246 tibi
1217 5205 1434 5253 rursus,
1468 5205 1502 5244 o
1543 5188 1754 5256 Jurltee,
1787 5189 1934 5255 dico,

341 5281 546 5344 velim,
583 5281 838 5353 inquam,
879 5293 933 5338 te
976 5281 1164 5338 dicere
1205 5296 1276 5336 an
1331 5279 1502 5336 fuerit
1543 5279 1745 5351 aliquis
1791 5279 1940 5336 inter

341 5375 602 5431 homines
634 5375 704 5432 ad
738 5375 838 5431 Dei
873 5374 1168 5448 imaginem
1223 5384 1284 5430 et
1335 5372 1778 5459 similitudinem.
1813 5372 1937 5429 [sne

341 5473 432 5522 est
477 5480 635 5524 sacer
680 5465 775 5522 ille
816 5481 1129 5537 praecursor
1169 5466 1437 5530 Joannes,
1481 5463 1575 5534 qui
1622 5471 1708 5518 est
1758 5463 1937 5536 major

341 5557 606 5614 omnibus
635 5561 782 5614 inter
809 5567 965 5613 natos
998 5556 1324 5612 mulierum?
1351 5571 1419 5610 an
1453 5553 1710 5610 similiter
1737 5554 1936 5610 Petrus

340 5645 438 5704 ille
489 5659 739 5704 summus
785 5655 844 5704 et
895 5645 1320 5717 antiquissimus
1367 5652 1560 5700 vertex
1613 5651 1930 5700 sanctorum

414 5835 459 5868 "
483 5843 625 5900 Psal.
651 5859 740 5911 cn,
770 5843 856 5900 15.
937 5847 980 5878 ³⁸
1007 5845 1149 5901 Psal.
1174 5863 1285 5910 vm,

2033 4621 2085 4675 ei
2127 4620 2375 4692 subjecta
2416 4637 2539 4678 esse
2581 4624 2767 4678 omnia
2813 4625 3035 4696 (prmter
3072 4627 3267 4693 Deum,
3299 4628 3543 4699 inquam,
3571 4639 3628 4686 et

2035 4712 2303 4786 Patrem),
2323 4725 2380 4768 et
2405 4715 2456 4769 ei
2487 4731 2629 4786 genu
2658 4715 2880 4772 ﬂectere
2907 4719 3155 4774 coelestia
3172 4731 3226 4775 et
3255 4723 3540 4776 terrestria
3569 4729 3626 4777 et

2037 4805 2422 4860 subterranea.
2451 4805 2570 4863 Hoc
2609 4816 2693 4863 est
2729 4809 2879 4864 enim
2921 4809 3198 4880 imperare
3240 4812 3376 4883 ipsis
3412 4813 3624 4870 ratione

2035 4895 2284 4965 praeditis
2333 4895 2584 4966 piscibus
2637 4897 2842 4963 maris,
2894 4906 2952 4952 et
3003 4899 3444 4971 intelligentibus
3498 4902 3622 4956 coeli

2034 4985 2382 5054 volucribus,
2409 4995 2466 5042 et
2499 4987 2820 5042 hominibus
2858 4987 2952 5059 qui
2998 4997 3127 5044 sunt
3158 4989 3333 5044 instar
3360 5005 3622 5059 pecorum
3701 5037 3709 5042 .

2034 5087 2093 5134 et
2133 5079 2547 5151 iumentorum,
2583 5087 2640 5134 et
2689 5079 2961 5136 universa:
3011 5090 3192 5136 terrai.
3232 5081 3395 5138 Ponit
3437 5093 3623 5137 autem

2035 5170 2270 5242 piscium
2295 5169 2724 5244 subjectionem,
2757 5171 3017 5242 quoniam
3053 5182 3181 5228 ante
3217 5189 3412 5229 omnes
3440 5174 3624 5229 domi-

2035 5271 2198 5318 natus
2217 5267 2314 5319 'est
2341 5263 2409 5320 iis
2437 5263 2532 5335 qui
2563 5279 2664 5335 per
2687 5279 2886 5336 aquam
2919 5273 2976 5320 et
3002 5265 3260 5337 spiritum
3291 5281 3627 5338 regeneran-

2036 5365 2159 5422 tur,
2206 5371 2408 5426 nempe
2449 5357 2614 5412 nobis
2655 5359 2943 5429 gentibus,
2987 5368 3044 5415 et
3096 5341 3208 5414 illis
3246 5359 3340 5431 qui
3381 5369 3514 5416 sunt
3569 5362 3624 5416 in

2035 5449 2236 5523 abysso
2269 5449 2574 5506 inferorum
2611 5451 2666 5506 in
2701 5452 2960 5508 obscuris
2992 5459 3049 5508 et
3083 5452 3137 5506 in
3177 5453 3370 5509 umbra
3404 5456 3620 5511 mortis.

2034 5543 2246 5599 Deinde
2284 5545 2559 5600 secundas
2595 5543 2735 5600 dicit
2769 5544 3028 5602 volucres
3067 5546 3216 5614 caui,
3251 5547 3626 5620 intelligemus

2034 5639 2346 5696 Potestates
2375 5639 2442 5695 de
2473 5639 2678 5710 quibus
2705 5638 2840 5694 dicit
2869 5657 2884 5693 :
2915 5637 3149 5711 Cognovi
3178 5657 3359 5700 omnes
3388 5641 3626 5698 volucres

1455 5845 1498 5878 '°
1523 5843 1656 5900 ibid.
1680 5843 1731 5900 6.
1813 5843 1857 5874 ³⁷
1877 5843 2014 5900 Luc.
2037 5861 2089 5910 γ,
2121 5844 2170 5899 5.
2253 5844 2298 5877 ³⁸
2325 5845 2462 5900 Psal.
2488 5861 2598 5910 vm,
2625 5843 2684 5910 8;
2716 5842 2888 5899 llebr.
2931 5861 2970 5910 ι,
2996 5843 3050 5898 8.
