4098 6418
512 282 616 347 935

1740 280 1799 338 S.
1825 278 2227 339 ANASTASII
2266 278 2593 340 SINAITxE

3694 273 3821 339 936

512 392 625 444 caeli
648 389 711 441 ”.
746 385 785 441 Α
835 395 981 443 terra
1023 384 1173 439 enim
1223 398 1347 438 cum
1393 397 1563 439 carne
1607 384 1951 448 ascendens,
1995 384 2103 438 fuit
2133 393 2171 445 Α
2202 399 2363 453 super
2388 393 2607 438 terram.
2650 382 2822 438 Paulo
2876 391 3004 438 ante
3037 384 3261 454 quidem
3297 385 3569 440 Joannem
3599 394 3660 439 et
3686 382 3824 439 Pe.-

508 483 769 553 cognitns
794 488 851 534 et
875 486 1207 548 conspectus
1234 493 1264 531 a
1287 477 1698 547 Principatibus
1723 484 1776 530 et
1806 476 2101 531 Potestali-

508 573 614 627 bus
641 586 740 641 per
762 569 1098 624 Ecclesium.
1124 566 1350 632 Quando
1375 577 1561 620 autem
1587 566 1805 619 intrarit
1831 565 2100 635 plenitudo

507 662 766 732 gentium,
797 658 1145 728 subjicientur
1164 656 1210 687 "
1238 658 1467 709 omnino
1506 654 1716 709 Christi
1758 654 2008 708 dominio
2045 664 2102 708 et

502 755 755 824 jumenta
819 750 941 815 illa,
976 758 1033 805 et
1089 748 1281 803 bestiae
1337 763 1368 802 e
1425 758 1575 803 terra
1623 749 1822 818 genitae.
1878 757 1935 801 et
1980 748 2101 819 ejus

508 852 777 914 cognatae,
804 857 1004 912 nempe
1024 841 1217 906 Israel,
1252 840 1319 894 de
1354 855 1465 909 quo
1501 839 1721 894 dicebat
1750 855 1763 891 ε
1798 837 1946 893 Alias
1984 856 2100 893 oves

512 937 673 991 habeo
704 951 821 1007 qua:
855 952 959 989 non
990 943 1114 988 sunt
1147 937 1210 986 de
1244 936 1338 987 hoc
1371 932 1516 997 ovili,
1548 942 1596 985 et
1628 931 1753 985 illas
1784 948 1867 985 me
1899 940 2101 1003 oportet

510 1029 793 1093 adducere,
823 1037 871 1082 et
902 1044 1075 1083 vocem
1103 1044 1278 1080 meam
1310 1026 1555 1091 audient;
1586 1034 1633 1077 et
1660 1023 1750 1093 ﬁet
1781 1040 1918 1077 unus
1947 1039 2097 1095 grex,

507 1138 647 1176 unus
680 1132 864 1192 pastor
887 1121 949 1174 “.
978 1122 1047 1174 Et
1076 1120 1157 1174 sic
1187 1120 1241 1173 in
1275 1118 1498 1173 Christo
1527 1117 1771 1181 eveniet,
1802 1127 1859 1171 et
1893 1116 2100 1170 intelli-

508 1220 669 1283 getur
699 1212 766 1267 de
805 1213 926 1281 ipso
957 1221 1014 1265 et
1043 1211 1110 1265 de
1144 1211 1266 1281 ejus
1297 1211 1529 1281 conjuge
1560 1209 1834 1274 Ecclesia,
1866 1209 1922 1264 id
1952 1209 2100 1278 quod

508 1316 539 1354 a
567 1301 681 1355 Deo
709 1302 1004 1357 dicebatur
1032 1302 1098 1355 de
1127 1288 1347 1355 duobus
1381 1320 1394 1354 :
1427 1300 1698 1372 Imperent
1725 1302 1948 1372 piscibus
1980 1318 2100 1355 ma-

508 1394 601 1459 ris,
625 1403 675 1447 et
699 1394 998 1448 volucribus
1026 1394 1161 1459 ctrli,
1190 1402 1239 1448 et
1258 1394 1539 1470 jumentis,
1566 1401 1614 1445 et
1638 1395 1899 1447 universa:
1920 1401 2097 1457 terraz,

504 1514 574 1525 -ο
600 1505 634 1539 a
662 1487 804 1540 mari
836 1503 997 1557 usque
1025 1486 1096 1540 ad
1126 1502 1295 1553 mare,
1325 1494 1376 1539 et
1407 1502 1438 1539 a
1461 1485 1638 1556 fluviis
1668 1500 1833 1555 usque
1868 1485 1938 1538 ad
1962 1483 2100 1554 ﬁnes

504 1578 642 1632 orbis
669 1589 827 1633 terra:
853 1579 917 1634 δ’.

572 1670 834 1726 Carnales
862 1681 1048 1726 autem
1097 1671 1193 1741 qui
1252 1670 1597 1741 corporalem
1633 1671 1880 1726 hominis
1935 1681 2099 1741 pote-

2204 481 2350 528 trum
2402 474 2646 529 medium
2677 474 2912 529 adduxit
2965 475 3172 539 oratio,
3217 474 3290 530 ad
3340 474 3823 546 persuadendum

2201 564 2442 620 auditori
2483 576 2545 621 ut
2591 568 2934 637 Scripturam
2973 567 3216 623 divinam
3248 567 3589 640 intelligeret
3622 568 3821 638 spiri-

2204 657 2450 723 tualiter,
2491 668 2620 729 post
2652 659 3184 730 contemplationem
3230 675 3354 730 qua:
3405 661 3606 715 litterae
3654 674 3821 714 con-

2203 747 2379 800 venit.

2291 838 2449 906 Quod
2484 841 2530 895 si
2572 840 2640 896 ad
2688 841 2933 897 litteram
2976 842 3256 913 progressi
3312 841 3430 897 illic
3463 854 3818 905 maneanus,

2202 934 2483 1001 quomodo
2519 935 2731 1005 poteris
2776 935 3077 990 ostendere
3127 935 3585 1006 gloriosissimam
3642 937 3820 991 illam

2202 1023 2300 1077 Dei
2332 1032 2567 1080 matrem
2608 1041 2733 1081 esse
2772 1026 2841 1081 ad
2875 1026 2974 1081 Dei
3007 1027 3302 1097 imaginem
3357 1038 3416 1083 et
3465 1028 3819 1083 similitudi-

2201 1117 2365 1169 nem?
2400 1114 2507 1173 Ubi
2536 1118 2687 1172 enim
2747 1110 3043 1189 imperavit
3076 1118 3191 1186 illa,
3225 1128 3323 1191 aut
3376 1128 3461 1175 est
3508 1120 3819 1176 dominata
3846 1150 3863 1161 ι

2202 1208 2403 1265 bestiis
2433 1211 2758 1277 sensilibus,
2815 1220 2914 1266 aut
2962 1211 3235 1283 piscibus.
3305 1221 3403 1267 aut
3447 1213 3815 1274 volucribus,

2201 1311 2298 1357 aut
2328 1304 2603 1358 universas
2635 1311 2829 1369 terrae,
2869 1319 2991 1374 qua:
3024 1319 3060 1358 a
3087 1304 3227 1359 facie
3265 1303 3504 1359 Herodis
3538 1304 3821 1376 migravit

2201 1391 2259 1448 in
2280 1391 2620 1466 Egyptum?
2652 1397 2719 1450 Et
2747 1395 2874 1465 quis
2899 1395 3060 1466 (mihi
3095 1395 3205 1460 die,
3236 1395 3444 1465 quaeso)
3471 1405 3569 1449 aut
3597 1411 3666 1451 ex
3699 1396 3819 1451 lio--

2200 1485 2447 1541 minibus
2473 1496 2571 1543 aut
2592 1503 2659 1542 ex
2685 1487 3033 1543 daemonibus
3072 1486 3303 1542 audebit
3330 1486 3523 1543 dicere
3552 1489 3699 1558 quod
3732 1503 3815 1542 ea

2202 1592 2327 1648 qua:
2364 1586 2450 1633 est
2472 1578 2723 1649 ejusdem
2748 1579 2913 1633 simul
2945 1594 3074 1634 cum
3098 1579 3213 1633 Deo
3232 1574 3522 1642 essentia,
3554 1578 3702 1647 quod
3725 1580 3813 1633 ad

2202 1654 2427 1726 carnem
2459 1671 2681 1737 attinet,
2715 1687 2828 1726 non
2852 1671 2934 1727 sit
2968 1672 3035 1727 ad
3060 1671 3357 1742 imaginem
3389 1678 3447 1725 et
3472 1666 3816 1726 similitudi-

506 1772 704 1819 statem
740 1763 1059 1833 intelligunt
1089 1763 1159 1818 de
1197 1763 1519 1818 carnalibus
1569 1763 1818 1833 piscibus
1850 1770 1907 1817 et
1948 1761 2102 1816 volu-
2134 1746 2174 1802 Β
2201 1779 2332 1819 nem
2363 1766 2487 1836 ejus
2521 1765 2616 1835 qui
2647 1772 2733 1821 est
2770 1766 2889 1836 ipsa
2934 1775 3134 1830 natus;
3198 1763 3482 1833 quomodo
3511 1771 3601 1818 est
3646 1764 3812 1818 enim

505 1856 719 1919 eribus,
745 1863 803 1910 et
832 1855 1093 1909 omnibus
1124 1854 1414 1926 jumentis,
1457 1864 1513 1909 et
1541 1853 1759 1918 bestiis,
1796 1860 1851 1909 et
1885 1852 2101 1924 reptili-

504 1948 630 2015 bus,
667 1958 723 2003 et
750 1948 1013 2004 omnibus
1036 1964 1159 2018 quas
1185 1956 1317 2002 sunt
1351 1963 1523 2017 supra
1553 1955 1801 2012 terram,
1839 1962 1952 2000 non
2000 1961 2102 2016 po-

506 2048 698 2095 terunt
758 2042 923 2096 nobis
972 2040 1273 2096 ostendere
1323 2041 1499 2095 ullum
1551 2039 1857 2105 hominem,
1897 2047 2100 2110 praeter

501 2133 809 2198 Christum,
842 2135 938 2204 qui
970 2135 1046 2189 sit
1070 2134 1137 2188 ad
1176 2133 1471 2204 imaginem
1530 2132 1652 2188 Dei.
1700 2132 1899 2187 Nullus
1948 2132 2099 2187 enim

503 2240 574 2281 ex
605 2226 673 2279 iis
701 2226 796 2295 qui
825 2241 856 2279 a
881 2226 1088 2281 saeculo
1120 2225 1237 2279 nati
1266 2232 1396 2279 sunt
1421 2232 1553 2294 (non
1589 2222 1716 2278 dico
1749 2238 1818 2277 ex
1851 2222 2097 2293 regibus,

502 2319 600 2374 sed
637 2332 742 2372 nec
764 2333 833 2373 ex
855 2318 1048 2389 justis)
1083 2327 1168 2373 est
1216 2316 1565 2383 dominatus,
1615 2324 1893 2388 potestate
1922 2316 2100 2386 impe-

502 2411 650 2464 rium
687 2409 956 2472 habente,
986 2409 1250 2464 omnibus
1285 2426 1408 2480 quae
1437 2418 1567 2464 sunt
1591 2424 1762 2481 super
1788 2418 2012 2473 terram,
2045 2416 2102 2463 et

500 2501 643 2555 mari
670 2500 927 2571 ;eliamsi
950 2499 1188 2554 faciendi
1212 2500 1501 2565 miracula,
1521 2500 2011 2572 perspiciendique
2035 2515 2101 2557 ac

448 2646 455 2665 κ
500 2593 841 2664 praedicendi
881 2593 1208 2664 prephetica
1239 2593 1470 2648 omnino
1501 2601 1647 2648 esset
1681 2594 1949 2664 praeditus
1975 2610 2096 2666 gra-

500 2687 601 2742 tia.
634 2686 910 2742 Cteterum
949 2702 1063 2740 non
1115 2686 1171 2740 in
1227 2685 1521 2757 ejiciendis
1543 2686 1855 2749 daemoniis,
1892 2703 1996 2742 nec
2042 2687 2101 2742 in

501 2780 675 2851 signis
702 2764 974 2834 faciendis
1007 2778 1277 2833 Dominus
1309 2778 1506 2833 delinit
1540 2779 1944 2849 perfectionem
1999 2779 2101 2834 ho-

501 2869 669 2923 minis
700 2869 793 2938 qui
818 2868 997 2923 estad
1040 2867 1141 2921 Dei
1166 2868 1457 2938 imaginem
1492 2876 1541 2921 et
1575 2867 2003 2933 similitudinem,
2038 2875 2100 2922 ut

500 2963 726 3034 quando
754 2963 888 3018 dicit
917 2981 930 3015 :
968 2963 1153 3016 Dicent
1180 2963 1309 3015 mihi
1332 2965 1387 3015 in
1416 2960 1517 3016 illa
1549 2961 1634 3015 die
1665 2979 1683 3016 :
1716 2959 1962 3027 Domine,
1996 2979 2099 3017 an-

505 3072 615 3109 non
648 3055 702 3109 in
722 3065 811 3109 tuo
842 3057 1056 3109 nomine
1080 3053 1278 3109 multas
1312 3056 1535 3109 virtutes
1563 3054 1828 3124 fecimus?
1861 3065 1908 3109 et
1922 3055 2097 3110 dicam
2125 3084 2167 3142 ε

500 3147 628 3199 eis:
684 3144 852 3216 Amen
913 3144 1028 3198 dico
1099 3143 1242 3198 vobis
1279 3185 1293 3210 ,
1371 3159 1478 3197 non
1527 3144 1649 3197 novi
1703 3138 1794 3199 vos
1824 3144 1892 3200 “.
1958 3143 2091 3209 Sed,

499 3240 752 3313 Diligite,
791 3241 1008 3309 inquit,
1045 3239 1289 3293 inimicos
1340 3247 1561 3302 vestros,
1618 3247 1665 3292 et
1696 3239 1980 3294 benedicite
2028 3241 2095 3294 iis

501 3334 593 3404 qui
632 3349 722 3386 vos
758 3340 1141 3397 exsecrantur;
1182 3331 1472 3401 benefacite
1509 3332 1574 3385 iis
1614 3329 1706 3402 qui
1734 3331 1958 3385 oderunt
1982 3348 2091 3397 vos,

502 3435 551 3478 et
586 3432 739 3477 orate
771 3441 866 3495 pro
897 3424 963 3478 iis
1000 3424 1260 3506 qui‘vobis
1292 3422 1580 3486 insultant,
1621 3431 1680 3476 ut
1728 3425 1842 3478 sitis
1893 3424 2094 3480 similes

500 3516 685 3572 Patris
715 3518 875 3570 vestri
909 3518 998 3587 qui
1036 3525 1111 3571 est
1144 3518 1198 3570 in
1233 3517 1375 3571 ctrlis
1407 3516 1486 3583 “;
1528 3518 1583 3571 in
1608 3518 1817 3573 virtute
1850 3517 2095 3574 Charita-

503 3609 575 3664 tis
605 3608 880 3664 deﬁniens
908 3624 1031 3663 esse
1064 3608 1131 3663 ad
1166 3609 1263 3663 Dei
1307 3608 1758 3665 similitudinem.
1805 3609 2095 3677 Quomodo

502 3703 671 3758 etiam
720 3702 837 3772 ipse
889 3701 1149 3757 Christus
1196 3703 1432 3773 loquens
1479 3719 1580 3773 per
1612 3704 1867 3767 Paulum,
1899 3704 2095 3759 eadem

502 3810 636 3848 usus
664 3803 749 3849 est
774 3796 961 3865 regula
980 3804 1037 3849 et
1053 3794 1399 3860 definitione,
1425 3796 1649 3865 quando
1667 3795 1803 3851 dicit
1826 3814 1839 3849 :
1866 3794 2096 3850 Etiamsi

502 3887 699 3957 linguis
721 3886 994 3942 hominum
1018 3886 1231 3959 loquar,
1259 3895 1309 3941 et
1332 3889 1502 3942 sciam
1532 3889 1785 3960 mysteria
1813 3889 2016 3954 omnia,
2045 3896 2097 3942 et

500 3996 709 4034 omnem
739 3982 1115 4053 cognitionem,
1143 3989 1191 4033 et
1219 3997 1431 4034 omnem
1462 3980 1688 4035 habeam
1720 3980 1902 4049 ﬁdem,
1929 3982 2006 4036 ita
2037 3989 2095 4034 ut

500 4079 704 4126 montes
734 4071 1083 4140 transferam,
1108 4067 1243 4124 nihil
1274 4071 1405 4124 mihi
1433 4070 1644 4141 prodest
1673 4071 1741 4125 ".
1772 4070 1880 4127 Sed
1914 4072 1983 4127 de
2005 4072 2094 4128 his

499 4165 727 4235 quidem
762 4165 1058 4219 hactenus.

570 4255 873 4309 Videamus
905 4262 1093 4308 autem
1135 4255 1302 4310 etiam
1334 4254 1469 4323 quid
1508 4269 1573 4309 ea
1621 4252 1937 4327 significent
1969 4269 2093 4326 qua:

500 4345 642 4401 dicit
678 4347 747 4401 de
784 4347 1178 4400 benedictione
1209 4365 1222 4400 :
1250 4348 1318 4402 Et
1347 4349 1468 4419 fecit
1504 4346 1643 4401 Deus
1684 4348 1969 4415 hominem,
2022 4350 2092 4402 ad

2203 1857 2382 1912 mater
2416 1856 2736 1928 hujusmodi
2772 1856 2892 1921 lilii,
2941 1871 3053 1911 non
3104 1856 3291 1911 ferens
3338 1855 3395 1910 in
3428 1870 3488 1910 se
3524 1855 3810 1925 integram

2198 1953 2257 2001 et
2287 1944 2513 2001 illaesam
2550 1945 2697 2001 fetus
2726 1945 2812 2000 sui
2841 1945 3179 2016 imaginem?
3199 1943 3576 2011 Quamobrem
3605 1953 3809 1999 osten—

2200 2050 2326 2090 sum
2360 2044 2447 2090 est
2477 2036 2530 2091 ei
2568 2037 2662 2106 qui
2692 2044 2779 2092 est
2806 2035 2954 2090 filius
2981 2035 3135 2106 pacis
3163 2035 3299 2105 (non
3345 2044 3533 2090 autem
3562 2035 3811 2090 effector

2198 2144 2516 2199 pugnarum
2568 2138 2626 2183 et
2652 2127 3053 2198 oﬁ‘ensionum)
3091 2128 3243 2200 quod
3275 2138 3329 2183 et
3369 2127 3668 2199 imperium
3713 2127 3807 2198 pi—

2202 2222 2381 2277 scium
2407 2222 2501 2292 qui
2533 2221 2821 2289 dicuntur,
2857 2231 2915 2277 et
2960 2224 3280 2289 volucrum,
3318 2231 3376 2278 et
3409 2224 3805 2293 jumentorum

2200 2315 2357 2370 solus
2383 2315 2489 2371 ille.
2504 2315 2751 2386 possidet
2786 2314 2980 2371 dicens
3015 2332 3028 2369 :
3065 2306 3255 2371 Omnia
3283 2316 3417 2370 mihi
3448 2316 3649 2369 tradita
3674 2326 3807 2369 sunt

2203 2426 2237 2463 a
2267 2408 2432 2464 Patre
2459 2426 2575 2463 meo
2598 2407 2646 2442 “
2688 2426 2702 2463 :
2736 2409 2808 2465 Et
2839 2427 2854 2463 :
2881 2409 3026 2465 Data
3071 2417 3146 2464 est
3178 2410 3305 2463 mihi
3342 2410 3516 2463 omnis
3566 2418 3804 2479 potestas

2202 2502 2259 2555 in
2285 2501 2414 2556 caelo
2445 2509 2497 2556 et
2520 2502 2575 2556 in
2612 2510 2759 2556 terra
2772 2499 2837 2574 ";
2855 2516 2935 2564 et:
2960 2500 3127 2555 Pater
3146 2500 3326 2572 diligit
3363 2492 3595 2569 Filium,
3611 2510 3661 2554 et
3685 2518 3804 2555 om—

2202 2596 2296 2650 nia
2330 2596 2379 2650 ei
2412 2595 2634 2651 tradidit
2659 2597 2716 2650 in
2744 2612 2936 2650 manus
2969 2593 3036 2648 ".
3069 2594 3289 2649 Dicitur
3324 2604 3511 2650 autem
3540 2597 3802 2666 accipere

2200 2703 2233 2743 a
2260 2688 2445 2755 Patre,
2476 2695 2539 2743 ut
2568 2688 2664 2759 qui
2694 2687 2876 2744 factus
2907 2688 2980 2743 sit
3013 2688 3217 2755 homo;
3251 2678 3665 2744 rursus‘autem
3697 2690 3802 2745 ho-

2200 2788 2436 2835 noratur
2464 2791 2743 2851 quatenus
2780 2787 3015 2851 apparet
3041 2781 3188 2836 sicut
3236 2781 3424 2848 Pater,
3476 2790 3540 2835 ut
3579 2782 3678 2853 qui
3724 2782 3801 2836 sit

2201 2872 2325 2944 ejus
2364 2871 2539 2927 Filius
2572 2871 2822 2943 ejusdem
2868 2873 3036 2927 simul
3072 2873 3234 2944 cujus
3261 2873 3379 2942 ipse
3404 2883 3491 2927 est
3512 2874 3796 2929 essentia.

2276 2962 2344 3018 Et
2369 2963 2504 3017 dixit
2541 2961 2699 3029 Deus,
2740 2961 2876 3016 Ecce
2910 2961 3029 3015 dedi
3058 2963 3199 3015 vobis
3233 2977 3445 3015 omnem
3473 2961 3691 3016 herbam
3716 2978 3799 3016 se-

2201 3055 2544 3120 minabilem,
2577 3058 2930 3111 seminantem
2975 3039 3173 3109 semen
3200 3054 3342 3125 quod
3384 3063 3463 3109 est
3499 3071 3661 3126 super
3685 3052 3800 3109 om-

2202 3167 2320 3205 nem
2351 3158 2597 3205 terram:
2627 3160 2677 3203 et
2702 3165 2856 3204 omne
2882 3147 3087 3220 lignum
3120 3147 3261 3219 quod
3300 3148 3456 3203 habet
3487 3150 3544 3202 in
3590 3164 3646 3202 se
3683 3149 3799 3219 {ru-

2199 3253 2346 3300 ctum
2373 3245 2614 3309 seminis,
2660 3244 2761 3297 erit
2792 3243 2935 3297 vobis
2958 3243 3011 3296 in
3042 3242 3214 3294 cibum
3254 3241 3495 3295 omnibus
3528 3250 3578 3294 et
3620 3242 3796 3317 bestiis

2202 3346 2381 3404 terraz,
2413 3344 2463 3391 et
2484 3336 2726 3391 omnibus
2755 3335 3052 3390 volucribus
3072 3332 3211 3399 celi,
3236 3341 3287 3387 et
3316 3335 3462 3388 omni
3495 3334 3673 3406 reptili
3714 3351 3799 3388 res

2202 3430 2345 3500 penti
2369 3443 2531 3500 super
2555 3437 2755 3482 terram
2784 3427 2925 3499 quod
2954 3427 3106 3481 habet
3136 3428 3192 3480 in
3226 3442 3283 3479 se
3303 3429 3542 3481 animum
3572 3430 3725 3492 vitae;
3746 3436 3794 3481 et

2201 3518 2374 3571 omnis
2404 3515 2566 3570 herba
2615 3515 2800 3570 viridis
2831 3517 2932 3569 erit
2956 3516 3097 3569 vobis
3129 3516 3185 3569 in
3229 3516 3425 3571 cibum.
3478 3516 3547 3571 Et
3593 3519 3795 3588 factum

2203 3609 2403 3662 estita.
2429 3608 2500 3663 Et
2524 3609 2653 3663 vidit
2677 3608 2818 3662 Deus
2852 3609 3031 3662 omnia
3066 3624 3390 3680 quarcunque
3414 3609 3556 3679 fecit,
3586 3622 3637 3665 et
3683 3628 3794 3666 ecce

2202 3701 2358 3757 valde
2392 3701 2745 3774 pulchra.f_Et
2788 3703 2992 3773 factum
3033 3712 3108 3758 est
3135 3718 3318 3773 vesper
3346 3720 3364 3758 :
3392 3712 3442 3757 et
3481 3704 3681 3774 factum
3719 3718 3792 3760 est

2203 3811 2362 3849 mane
2410 3795 2521 3849 dies
2561 3805 2763 3849 sextus.
2815 3794 3119 3866 ﬂuensque
3169 3795 3307 3851 dicit
3359 3811 3595 3867 magnus
3646 3797 3791 3852 inter

2201 3886 2570 3957 philosophos
2592 3894 2651 3942 et
2675 3887 2933 3943 doctores
2965 3886 3419 3960 Olympiodorus,
3456 3903 3581 3944 esse
3626 3889 3788 3944 linem

2202 3977 2425 4034 sensilis
2480 3969 2806 4033 creationis.
2860 3977 3096 4045 Quando
3140 3986 3326 4033 autem
3373 3978 3531 4044 dicit,
3586 3979 3788 4050 inquit,

2201 4070 2495 4141 Scriptura
2519 4072 2576 4125 in
2612 4070 2787 4143 ﬁgura
2810 4070 3014 4141 epilogi
3032 4086 3131 4126 seu
3161 4070 3517 4141 repetitionis
3551 4089 3564 4125 :
3594 4072 3690 4127 Hic
3713 4086 3785 4126 est

2202 4159 2334 4216 liber
2357 4164 2716 4233 generationis
2747 4162 2866 4217 cazli
2891 4171 2943 4216 et
2970 4171 3128 4217 terra:
3148 4203 3163 4227 ,
3214 4170 3272 4217 et
3302 4171 3502 4218 cretera
3538 4179 3663 4234 qua:
3696 4179 3784 4217 sc—

2200 4264 2451 4325 quuntur
2486 4255 2555 4313 de
2588 4270 2731 4311 nova
2760 4254 2817 4310 in
2844 4254 3068 4324 Christo
3100 4263 3383 4322 creatura,
3412 4255 3683 4313 describit
3725 4272 3786 4313 ac

2198 4348 2592 4421 praesigniﬁcat
2619 4363 2685 4403 ea
2732 4363 2857 4418 quae
2881 4347 3294 4418 posterioribus
3330 4349 3679 4419 temporibus
3730 4350 3783 4403 in

498 4437 599 4492 Dei
638 4440 929 4509 imaginem
980 4439 1100 4508 fecit
1143 4438 1320 4505 illum,
1367 4440 1472 4494 hoc
1502 4448 1622 4503 est,
1654 4439 1861 4495 Christi
1894 4440 2092 4511 imagi-
2125 4452 2168 4506 ι)
2200 4441 2450 4495 Ecclesia
2479 4440 2645 4495 tinem
2668 4423 3025 4509 acceperunt:
3073 4438 3248 4506 Quam
3276 4438 3445 4494 etiam
3480 4440 3783 4496 secundum

499 4545 627 4584 nem
656 4539 710 4584 et
740 4530 1267 4600 prteligurationem.
1306 4530 1690 4602 Compositnm
1738 4530 1871 4586 fecit
1907 4532 2092 4587 homi-

497 4636 663 4676 nem:
699 4622 991 4677 mortalem
1049 4630 1107 4676 et
1144 4623 1540 4687 immortalem,
1589 4623 1984 4693 aspectabilem
2036 4633 2095 4680 et

499 4729 613 4768 non
646 4714 1069 4783 aspectabilem,
1116 4714 1368 4769 interilui
1407 4713 1709 4770 obnoxium
1746 4724 1802 4771 et
1838 4715 1894 4770 in
1924 4732 2090 4787 quem

493 4821 607 4863 non
639 4807 791 4862 cadit
823 4807 1104 4870 interitus,
1132 4807 1433 4862 Masculum
1458 4816 1506 4861 et
1533 4808 1790 4879 feminam
1817 4809 1939 4879 fecit
1968 4825 2091 4864 eos:

494 4897 601 4954 hoc
623 4899 873 4969 quidem,
898 4907 1199 4971 propterea
1238 4899 1388 4969 quod
1418 4899 1491 4955 sit
1519 4900 1677 4955 laxus
1714 4907 1770 4955 et
1802 4901 2007 4969 mollis,
2039 4910 2096 4956 et

492 4998 560 5054 ad
588 4998 880 5055 interitum
929 4998 1095 5053 facile
1147 4998 1515 5054 dissolubilis.
1567 4997 1637 5052 Et
1694 4998 1959 5051 benedixit
2005 5012 2090 5050 eos

493 5092 635 5147 Deus
671 5094 851 5148 dicens
883 5110 899 5144 :
934 5091 1186 5157 Crescite,
1236 5101 1285 5147 et
1319 5091 1774 5165 multiplicamini,
1804 5099 1854 5145 et
1893 5090 2090 5161 replete

494 5184 992 5250 terram,vidclicet
1008 5201 1108 5252 per
1132 5184 1368 5240 ﬁliorum
1390 5183 1857 5255 procreationem,
1880 5198 2087 5239 mascu-

494 5276 532 5331 li
560 5284 615 5330 et
645 5275 882 5332 feminas.
909 5277 978 5332 Et
1018 5278 1372 5333 dominamini
1407 5279 1474 5342 ei,
1509 5286 1560 5332 et
1583 5278 1843 5349 imperare
1863 5278 2091 5348 piscibus

495 5369 684 5432 maris,
728 5379 776 5423 et
810 5369 1109 5424 volucribus
1155 5369 1294 5436 caeli,
1342 5377 1393 5423 et
1442 5370 1682 5425 omnibus
1717 5370 2004 5441 jumentis,
2033 5378 2083 5423 et

495 5460 752 5514 universa:
802 5468 979 5524 terraz,
1031 5470 1081 5513 et
1143 5461 1383 5515 omnibus
1450 5459 1725 5532 reptilibus
1785 5458 2083 5527 repentibus

577 5602 622 5633 ³⁸
650 5600 788 5655 Psal.
815 5615 962 5666 nux,
988 5601 1076 5655 il.

504 5687 557 5731 γ.
591 5670 680 5727 Η.
715 5671 811 5736 45;
862 5673 997 5742 Luc.
1046 5687 1118 5740 νι,
1152 5673 1242 5742 27,
1282 5674 1375 5732 28.
1450 5678 1494 5708 ⁸⁸
1527 5678 1546 5731 ι
1582 5676 1710 5733 Cor.
1761 5692 1884 5742 xm,
1913 5674 1967 5729 2.

504 5742 548 5777 δ’
588 5742 750 5799 ιιι-ιπ.
781 5757 841 5807 ιι,
874 5741 927 5799 5.

1148 5599 1197 5635 ⁵⁸
1231 5603 1392 5659 Rotn.
1431 5603 1624 5669 11,25.
1705 5603 1748 5638 ”
1783 5604 1941 5660 Joan.
1982 5620 2034 5663 ι.
2072 5607 2091 5659 l

1152 5673 1242 5742 27,
1282 5674 1375 5732 28.
1450 5678 1494 5708 “
1527 5678 1546 5731 ι
1582 5676 1710 5733 Cor.
1761 5692 1884 5742 xm,
1913 5674 1967 5729 2.
2053 5678 2097 5710 “

2234 5605 2280 5638 δ’
2308 5607 2451 5661 Psal.
2489 5621 2636 5667 ιιιι.
2667 5606 2720 5660 8.
2799 5604 2845 5637 “
2871 5605 3064 5661 Matth.
3094 5620 3187 5665 vn.
3215 5603 3307 5665 29,
3335 5603 3429 5658 9.5.
3506 5604 3549 5637 “
3573 5600 3757 5660 Matth.

2199 5691 2266 5734 Ie.
2303 5693 2359 5745 κ,
2390 5676 2486 5731 9-2.
2566 5676 2612 5708 δ’
2644 5676 2840 5732 Matth.
2880 5692 3069 5741 mut,
3110 5676 3198 5730 18.
3275 5674 3320 5707 ⁸⁸
3351 5673 3510 5731 Joan.
3565 5692 3646 5740 ιιι,
3676 5672 3759 5726 55.

2198 4533 2395 4589 orbem
2432 4541 2597 4588 terra:
2649 4532 2903 4586 nominat
2948 4533 3340 4597 sanctissimus
3369 4533 3676 4604 Apostolus
3704 4533 3784 4589 di-

2194 4642 2329 4683 cens
2367 4645 2379 4680 :
2410 4625 2529 4681 Non
2565 4628 2706 4681 enim
2749 4624 2955 4696 angelis
3001 4625 3219 4696 subjecit
3253 4625 3394 4680 Deus
3425 4628 3605 4683 orbem
3631 4638 3782 4685 terra:

2195 4721 2435 4792 futurum
2456 4719 2641 4791 dequo
2661 4718 2928 4789 loquimur
2953 4707 3035 4784 “';
3067 4719 3262 4774 orbem
3293 4727 3457 4775 terra:
3488 4721 3782 4778 nominans

2196 4811 2525 4876 Eeclesiam,
2574 4818 2870 4881 propterea
2900 4809 3051 4880 quod
3096 4824 3126 4862 a
3175 4809 3344 4865 Petro
3378 4808 3610 4880 quidem
3640 4820 3781 4869 esset

2196 4902 2503 4968 fundanda,
2533 4902 2604 4956 ab
2649 4902 2771 4971 ipso
2801 4909 2990 4956 autem
3037 4900 3374 4956 excitanda:
3422 4902 3571 4958 sicut
3615 4903 3776 4960 etiam

2193 4996 2518 5052 nominabat
2548 4999 2749 5053 novam
2781 5009 2905 5066 quae
2942 5004 3072 5050 tunc
3104 4994 3390 5064 inceperat
3435 4996 3693 5066 produci.
3724 4995 3776 5053 Si

2193 5090 2344 5147 enim
2380 5104 2483 5160 per
2506 5103 2597 5145 res
2633 5102 2830 5143 omnes
2857 5102 2998 5158 quas
3045 5095 3103 5143 et
3148 5088 3561 5158 contemplatus
3602 5098 3689 5146 est
3727 5099 3779 5144 et

2193 5180 2506 5238 construxit
2539 5179 2719 5236 Hoses
2751 5179 2808 5233 in
2849 5188 3040 5233 monte
3075 5177 3250 5243 Sinai,
3294 5178 3560 5236 Ecclesia:
3592 5172 3777 5252 typum

2190 5273 2349 5345 prius
2382 5271 2736 5328 describebat
2767 5270 2990 5342 (nempe
3005 5278 3074 5326 et'
3088 5287 3190 5342 per
3215 5264 3779 5331 sanctum'l‘aberna-

2191 5364 2403 5430 culum,
2439 5371 2497 5419 et
2531 5361 2719 5417 omnia
2738 5377 2861 5432 quas
2889 5371 3048 5417 erant
3074 5362 3132 5416 in
3164 5362 3303 5432 ipso,
3338 5371 3394 5416 et
3416 5375 3642 5417 omnem
3663 5360 3777 5416 cul‘

2193 5464 2310 5512 tum
2350 5454 2633 5528 legalem),

2234 5605 2280 5638 θ’
2308 5607 2451 5661 Psal.
2489 5621 2636 5667 Lut.
2667 5606 2720 5660 8.
2799 5604 2845 5637 “
2871 5605 3064 5661 Matth.
3094 5620 3187 5665 vn.
3215 5603 3307 5665 29,
3335 5603 3429 5658 9.5.
3506 5604 3549 5637 “
3573 5600 3757 5660 Matth.
