4098 6436
989 255 999 282 Ι

438 435 517 505 μὴ
537 430 847 502 Θαυμάσῃς,
867 428 1028 502 φησὶν
1050 429 1078 482 ὁ
1097 428 1190 480 αὖ·

433 525 530 590 τὸς
552 525 722 588 πολὺς
755 521 824 576 τὰ
856 519 1195 592 θεῖαὊλυμ-

435 617 728 686 πίὸδωρος,
767 616 815 668 εἰ
857 614 967 667 τῶν
1013 630 1194 683 πραγ-

441 711 634 780 μάτων
710 707 1194 780 προκατεσκεύαζε

437 804 539 856 καὶ
587 801 991 873 προδιέγραφεν
1009 840 1024 864 ,
1075 798 1198 851 ὀνο-

443 899 770 969 μασῡέντων
835 896 1042 949 τούτων
1105 894 1198 948 καὶ

439 998 573 1060 τοὺς
603 995 796 1063 λόγους
817 995 882 1048 ἐκ
913 992 1048 1046 Θεοῦ
1083 991 1200 1046 ἐδέ-

442 1089 612 1156 ξατο,
666 1085 1083 1156 αἰνιγματωδῶς
1139 1101 1200 1138 τε

442 1181 545 1234 καὶ
594 1178 884 1242 σκοτεινῶς
929 1170 1039 1231 καὶί
1065 1177 1202 1229 ἀπο-

443 1273 697 1345 κρύφως.
727 1271 902 1326 Τοῦτο
931 1271 1041 1342 γὰρ
1084 1269 1206 1341 ἐσήο

449 1386 648 1439 μαινεν
688 1369 747 1420 ὲν
776 1367 854 1436 τῷ
883 1365 999 1434 ὄρει
1042 1365 1102 1418 τό
1145 1381 1206 1417 τε

444 1463 648 1532 γνόφος
679 1460 773 1514 καὶ
803 1461 832 1513 ὁ
863 1459 1022 1526 ζόφος
1056 1459 1149 1510 καί
1173 1458 1206 1525 ἡ

446 1554 689 1617 θύελλα,
727 1551 836 1604 τῶν
893 1549 1210 1621 μυστηρίων

443 1644 562 1699 τῶν
609 1642 955 1712 λαλουμένων
1005 1657 1066 1694 τε
1111 1641 1206 1693 καὶ

443 1739 714 1794 διατυπου
722 1736 898 1808 μένων
913 1735 975 1789 τὸ
990 1735 1204 1805 ἄδηλον,

441 1831 602 1894 ὅπως
625 1831 700 1901 μὴ
725 1827 988 1900 μαθόντες
1008 1829 1058 1881 οἱ
1084 1827 1212 1880 Ἰου-

445 1921 597 1976 δαῖοι
650 1923 748 1990 τὴν
809 1921 890 1984 εἰς
948 1919 1099 1990 ἡμᾶς
1143 1917 1215 1970 τὰ

448 2012 584 2083 iam
607 2010 908 2081 μέλλουσαν
937 2008 1042 2062 ὑπὸ
1073 2007 1208 2061 Θεοῦ

455 2104 708 2176 γενέσθαι
751 2105 1076 2174 ἐπισκοπὴν,
1100 2101 1212 2154 -αὐ-

357 2238 365 2242 -
454 2199 567 2254 τῶν
593 2199 650 2253 δὲ
671 2197 1082 2267 ἐγκατάλειψιν,
1113 2199 1211 2268 ὲμ-

451 2292 710 2362 πρήσωσι
746 2287 948 2358 βίϐλον,
974 2287 1068 2341 καὶ
1110 2285 1215 2356 μά-

441 2379 615 2434 λιστα
645 2378 1016 2450 προκειμένης
1055 2375 1214 2430 Γενέ-

450 2489 620 2536 σεως.
645 2471 742 2526 καὶ
773 2471 1007 2541 μεγίστη
1031 2467 1215 2522 ἐντεῦ-

441 2565 550 2618 θεν
566 2567 631 2636 τῇ
649 2563 889 2634 Χριστοῦ
917 2561 1216 2634 Ἐκκλησία

445 2655 634 2728 βλάϐη
651 2674 714 2708 τε
737 2657 834 2710 καὶ
862 2653 1034 2726 ζημία
1055 2654 1216 2723 γένη-

450 2769 570 2806 ται.
617 2751 898 2805 Ἀνανεύει
932 2751 990 2804 δὲ
1017 2749 1046 2802 ὀ
1083 2749 1214 2802 πολ-

449 2843 619 2907 λάκις
641 2845 976 2917 προρρηοιεὶς
1003 2842 1216 2913 φιλόσο-

451 2957 563 3010 φος
601 2940 632 2992 ὁ
674 2940 774 3010 τὴν
821 2937 1218 3008 Ἀλεξανδρέων

449 3035 572 3096 τοῖς
593 3033 775 3102 λόγοις
803 3031 1214 3102 καταφωτίσας,

447 3125 538 3191 ὡς
565 3125 770 3197 ταύτης
787 3125 1055 3188 διάκονος,
1081 3125 1219 3194 πρὸς

490 3282 788 3294 m

458 3281 938 3296 “mw

489 3368 536 3382 υ

1501 315 1587 375 ΙΝ
1622 312 2180 374 ιΗΕΧΑΕΜΕΡιΟΝ.
2216 337 2282 348 -ν
2317 315 2464 373 LIB.
2505 314 2642 375 VII.

3601 317 3708 380 938

1267 443 1334 483 ne
1378 427 1626 492 mireris,
1673 425 1854 494 inquit
1903 425 2019 494 ipse

2141 423 2180 478 τὸ
2210 423 2376 494 φάναι
2405 425 2462 478 ὲν
2485 423 2734 478 παντελεῖ
2753 421 2882 477 ἀθα-
2953 425 3024 480 ab
3103 427 3332 481 interitu
3401 426 3700 482 remotione

1267 520 1322 574 in
1360 519 1530 574 rebus
1561 516 1765 572 divinis
1798 516 2022 586 praecla-

1267 631 1364 670 rus
1395 613 1838 686 Olympiodorus,
1861 611 1906 666 si
1933 627 2024 666 re-

1271 723 1388 762 rum
1435 706 1842 761 nominatarum
1889 717 2026 772 quas

1269 811 1432 856 antea
1520 797 1883 854 construebat
1967 803 2026 851 et

1273 896 1652 960 describebat,
1697 909 1734 948 a
1780 895 1894 948 Deo
1933 907 2028 946 ac-

1273 991 1423 1061 cepit
1460 989 1736 1052 rationes,
1766 986 2032 1056 aenigma-

1276 1086 1404 1152 tice,
1436 1085 1697 1146 obscure,
1725 1090 1780 1137 et
1799 1095 2027 1136 arcane.

1276 1181 1394 1236 Hoc
1465 1178 1614 1234 enim
1685 1175 2036 1247 signiﬁcabat

1269 1289 1400 1343 quae
1418 1280 1538 1328 erat
1555 1271 1610 1326 in
1641 1277 1829 1324 monte
1857 1269 2034 1338 caligo

1279 1376 1335 1421 et
1358 1364 1638 1436 procella,
1680 1377 1878 1430 nempe
1921 1376 2032 1415 non

1281 1471 1402 1510 esse
1439 1451 1728 1508 manifesta
1778 1452 2038 1524 mysteria

1282 1563 1406 1617 quae
1449 1545 1778 1600 dicebantur
1809 1553 1865 1598 et
1907 1543 2042 1613 (igu-

1279 1638 1564 1703 rabantur,
1595 1653 1665 1691 ne
1694 1636 1740 1690 si
1775 1633 2034 1689 rescivis-

1280 1739 1403 1787 sent
1417 1729 1613 1795 Judaei,
1632 1728 1800 1784 nostri
1817 1727 2036 1798 (nempe

1283 1823 1560 1896 gentium)
1619 1820 1990 1876 visitationem
2019 1858 2034 1882 ,

1286 1917 1373 1972 sui
1410 1924 1593 1970 autem
1629 1911 2003 1968 desertionem
2022 1949 2038 1975 ,

1280 2007 1486 2062 librum
1539 2005 1678 2076 legis
1743 2002 2040 2058 combure-

1283 2104 1442 2160 rent,
1470 2103 1528 2151 et
1562 2095 1796 2150 maxime
1827 2107 2036 2164 propo-

1283 2193 1403 2247 sitae
1471 2190 1736 2256 Genesis,
1796 2199 1853 2244 et
1905 2187 2039 2242 hinc

1284 2285 1584 2364 maximum
1645 2284 1906 2338 damnum
1981 2291 2039 2336 et

1283 2381 1682 2440 detrimentum
1759 2377 2040 2448 acciperet

1285 2477 1551 2534 Ecclesia.
1600 2473 2040 2545 Contemplando

1285 2579 1471 2624 autem
1543 2582 1692 2638 saepe
1761 2581 1830 2620 eo
1897 2565 2044 2620 redit

1287 2659 1586 2730 praedictus
1680 2657 2046 2728 philosophus

1288 2752 1383 2822 qui
1459 2749 1854 2807 Alexandriam
1929 2749 2046 2804 suis

1289 2843 1586 2898 illustravit
1624 2840 1783 2896 libris
1825 2839 1922 2912 (ut
1949 2839 2046 2909 qui

1287 2945 1436 2989 esset
1461 2935 1583 3004 ejus
1620 2931 1942 3003 diaconus),
1983 2939 2046 2985 ut

1289 3029 1437 3084 dicat
1480 3028 1535 3083 in
1572 3027 1814 3098 perfecta
1849 3035 1908 3081 et
1943 3025 2044 3080 ab-

1291 3124 1469 3178 soluta
1523 3122 1939 3176 immortalitate
1989 3131 2047 3174 et

2127 516 2289 587 νασίᾳ.
2341 533 2400 569 τε
2457 516 2550 570 καὶ
2599 514 2882 588 ἀφθαρσίᾳ
2954 527 3200 575 creatum
3243 536 3365 576 esse
3393 521 3704 578 hominem.

2127 610 2409 677 γεγονέναι
2487 607 2577 662 τὶν
2655 607 2880 679 ἄνθρω-

2129 723 2228 760 πον
2253 705 2369 778 (ι).
2457 777 2471 781 _

2128 819 2572 876 benedictionem
2595 861 2610 883 ,
2645 827 2704 873 et
2738 817 3046 873 masculum
3081 823 3137 871 et
3167 815 3430 870 feminam
3453 855 3467 878 ,
3518 823 3574 870 et
3621 812 3714 870 be-

2133 914 2361 969 stiarum
2416 911 2829 983 generationem
2855 952 2870 976 ,
2914 925 3216 979 earumque
3246 925 3403 964 esum
3433 909 3718 978 proferens

2136 1006 2206 1061 ad
2236 1005 2641 1061 ostendendum
2672 1003 2979 1059 interitum.
3032 1003 3256 1058 Etenim
3307 1003 3611 1065 lavacrum,
3638 1001 3722 1056 in-

2134 1099 2274 1168 quit,
2308 1113 2498 1153 eorum
2519 1098 2615 1168 qui
2641 1097 2995 1167 baptizantur
3016 1095 3074 1150 in
3099 1095 3324 1151 Christo
3343 1095 3512 1150 habet
3535 1110 3722 1151 veram

2130 1197 2193 1244 et
2225 1187 2527 1258 perfectam
2551 1187 2892 1242 ablutionem
2922 1185 3085 1256 primi
3108 1185 3356 1256 parentis
3379 1183 3552 1240 Adam
3581 1195 3725 1254 (qua:

2139 1276 2204 1334 ad
2237 1293 2340 1333 nos
2367 1277 2644 1348 pervenit)
2677 1277 3066 1347 abnegationis
3099 1283 3156 1330 et
3202 1273 3437 1344 peccati.
3488 1274 3722 1343 Propter

2141 1387 2307 1441 quam
2355 1379 2505 1425 certe
2571 1384 2793 1426 causam
2841 1368 3083 1424 infantes
3129 1368 3355 1439 quidam
3403 1367 3724 1430 illuminati,

2141 1477 2270 1517 cum
2301 1461 2413 1516 sint
2443 1461 2514 1516 ab
2556 1461 2711 1515 omni
2761 1459 3329 1531 (cujusmodicunque
3367 1474 3434 1514 ea
3485 1456 3580 1526 sit)
3620 1457 3730 1512 ini-

2147 1556 2358 1626 quitate
2391 1562 2448 1610 et
2475 1563 2705 1624 peccato
2737 1553 2954 1617 mundi,
3002 1561 3058 1608 et
3099 1552 3356 1624 spiritum
3386 1551 3725 1620 acceperint,

2139 1657 2205 1703 et
2229 1646 2512 1702 Christum
2561 1645 2690 1700 sint-
2721 1643 2941 1710 induti;
2975 1658 3120 1713 saepe
3169 1643 3227 1697 in
3275 1642 3391 1712 ipsa
3447 1641 3581 1695 hora
3633 1649 3728 1694 aut

2145 1749 2272 1811 post
2321 1739 2660 1810 baptismum
2711 1735 2991 1792 decedunt
3039 1735 3179 1790 nulli
3227 1735 3402 1804 culpae
3451 1742 3548 1789 aut
3593 1732 3728 1787 vitio

2144 1831 2360 1898 afﬁnes,
2395 1830 2492 1887 sed
2518 1829 2718 1892 sancti,
2755 1836 2818 1883 ut
2855 1834 3092 1882 testatur
3121 1826 3344 1898 Paulus.
3377 1825 3618 1880 Necesse
3645 1835 3730 1880 est

2147 1924 2300 1980 enim
2328 1923 2389 1978 in
2417 1923 2505 1978 his
2527 1923 2768 1976 alterum
2804 1919 2993 1975 dicere
3035 1933 3103 1974 ex
3141 1917 3361 1973 duobus
3391 1933 3405 1970 :
3449 1924 3544 1970 aut
3583 1917 3734 1986 quod

2145 2032 2256 2072 non
2307 2025 2438 2073 sunt
2485 2016 2712 2072 liberati
2747 2030 2849 2086 per
2907 2013 3244 2084 baptismum
3301 2021 3358 2066 et
3398 2009 3667 2082 Spiritum
3702 2027 3732 2066 α

2121 2109 2308 2180 ‘primi
2335 2108 2582 2180 parentis
2608 2107 2742 2162 Ade
2785 2113 3014 2177 peccato
3057 2112 3115 2160 et
3147 2102 3517 2174 abnegatione
3552 2101 3723 2173 (quod

2143 2201 2281 2256 nulli
2322 2216 2564 2272 unquam
2603 2199 2822 2256 venerit
2856 2199 2914 2254 in
2945 2198 3232 2265 mentem),
3273 2205 3368 2252 aut
3392 2195 3542 2268 quod
3588 2196 3729 2252 libe-

2145 2297 2272 2362 rati,
2307 2295 2510 2366 injuste
2534 2295 2592 2348 in
2620 2300 2858 2348 mortem
2896 2291 3255 2355 reciderunt;
3298 2297 3398 2346 aut
3425 2289 3574 2361 quod
3610 2291 3730 2345 fue-

2144 2398 2277 2442 runt
2301 2387 2528 2458 quidem
2569 2385 2818 2450 liberati,
2849 2383 2951 2440 sed
2994 2383 3063 2439 ad
3103 2381 3530 2439 similitudinem
3560 2381 3725 2452 primi

2143 2477 2230 2532 sui
2259 2477 2505 2547 parentis
2522 2475 2719 2530 Adami
2745 2483 2803 2529 et
2831 2474 2978 2536 Evae,
3005 2472 3186 2534 induti
3212 2486 3452 2542 corpore
3482 2470 3724 2535 mortali,

2140 2583 2271 2623 cum
2299 2583 2401 2638 per
2433 2577 2667 2622 mortem
2716 2565 2786 2619 ad
2825 2565 2995 2619 vitam
3047 2564 3332 2619 meliorem
3366 2563 3725 2627 accesserint,

2147 2659 2402 2715 interitui
2456 2674 2565 2713 non
2605 2657 2846 2714 obnoxia
2873 2664 2931 2712 et
2975 2655 3307 2710 immortalia
3341 2663 3476 2710 tunc
3526 2671 3584 2710 ιη
3639 2671 3730 2710 re—

2147 2749 2496 2804 surrectione
2518 2763 2618 2804 sua
2643 2747 2915 2816 recipient
2941 2759 3196 2815 corpora,
3229 2761 3378 2800 nunc
3402 2745 3630 2806 mortui,
3662 2759 3733 2798 ne

2151 2842 2464 2896 immortale
2497 2851 2556 2896 et
2581 2847 2852 2896 aeternum
2874 2839 2948 2894 sit
2977 2847 3035 2893 et
3071 2839 3298 2900 malum,
3335 2844 3398 2890 ut
3429 2837 3564 2892 dicit
3591 2835 3734 2892 divi-

2144 2947 2259 2988 .nus
2286 2932 2586 3004 Gregorius
2619 2949 2635 2984 :
2671 2931 2779 2985 hoc
2813 2937 2919 2995 est,
2950 2945 3021 2984 ne
3053 2937 3324 2998 perpetuo
3353 2929 3527 2984 simus
3558 2928 3614 2983 in
3644 2927 3734 2983 in-

2147 3025 2323 3080 teritu
2352 3041 2367 3092 ;
2421 3023 2520 3079 sed
2552 3023 2608 3078 in
2638 3022 2864 3078 Christo
2897 3021 3200 3077 induamur
3231 3020 3736 3090 incorruptionem,

2152 3117 2244 3171 cui
2269 3116 2443 3186 gloria
2470 3123 2527 3170 et
2552 3115 2799 3186 potentia
2821 3115 2876 3168 in
2914 3115 3114 3170 saecula
3145 3113 3494 3169 saeculorum.
3538 3113 3735 3168 Amen.

1547 3379 1904 3468 LIBER
1981 3377 2412 3466 SEPTIM
2437 3377 2613 3465 US.

1391 3566 1478 3610 DE
1513 3567 1592 3610 I'S
1623 3567 1767 3620 QUAS
1796 3563 2098 3609 FUERUNT
2127 3563 2278 3606 POST
2326 3562 2582 3606 SEXTUM
2621 3561 2804 3605 υιειι.

2865 3469 2892 3491 Ι

531 3739 600 3796 Et
629 3743 915 3814 perlectum
957 3741 1056 3812 fuit
1089 3741 1276 3796 caelum
1321 3749 1369 3793 et
1399 3748 1544 3793 terra
1571 3749 1618 3792 et
1647 3741 1924 3792 universus
1960 3755 2048 3791 or-
2074 3751 2116 3806 (ξε,
2151 3738 2426 3801 volucres,
2447 3747 2511 3792 et
2543 3753 2666 3808 quae
2715 3737 2770 3791 in
2815 3737 2899 3792 eis
2949 3737 3092 3793 facta
3119 3745 3206 3794 est
3263 3737 3734 3797 benedictionem.

455 3841 620 3889 nutus
644 3849 848 3896 eorum,
875 3840 924 3886 et
949 3831 1166 3904 perfecit
1192 3832 1330 3885 Deus
1356 3835 1411 3884 in
1436 3831 1518 3884 die
1546 3839 1692 3884 sexto
1731 3845 1892 3900 opera
1927 3845 2045 3900 quae

455 3927 604 3994 fecit,
640 3932 688 3978 et
717 3925 908 3996 quievit
933 3925 1016 3978 die
1040 3925 1262 3992 septimo
1297 3923 1360 3976 ab
1394 3921 1634 3998 omnibus
1662 3922 1902 3994 operibus
1927 3936 2044 3992 qua:

455 4016 604 4084 fecit.
636 4016 742 4070 Per
777 3998 893 4070 haec
938 4015 1087 4070 enim
1135 4014 1398 4080 ostendit,
1448 4021 1506 4068 et
1549 4029 1652 4069 nos
1683 4013 1846 4069 docet
1895 4013 2046 4068 Scri-

457 4117 647 4178 ptura,
681 4106 832 4176 quod
863 4107 1114 4176 quaedam
1144 4107 1250 4161 alia
1283 4106 1529 4177 posthaec
1549 4115 1608 4161 et
1635 4105 1768 4160 fecit
1793 4115 1850 4161 et
1887 4105 2040 4170 facit,

454 4199 604 4254 sicut
628 4207 864 4254 testatur
893 4198 1110 4262 dicens,
1145 4197 1308 4252 Pater
1340 4213 1484 4252 meus
1511 4197 1664 4250 modo
1687 4205 1964 4267 operatur,
1993 4205 2042 4250 et

454 4307 554 4362 ego
585 4306 795 4361 operor.
824 4291 972 4345 Hinc
1019 4289 1157 4344 moti
1189 4281 1414 4360 quidam
1455 4305 1525 4345 ex
1557 4288 1799 4359 antiquis
1823 4287 2044 4358 exposi-

455 4382 700 4448 toribus,
730 4399 934 4454 nempe
961 4399 1031 4438 ex
1056 4398 1126 4438 eo
1155 4383 1304 4453 quod
1332 4381 1572 4438 dixerint
1594 4383 1769 4438 Deum
1794 4397 2041 4438 cessasse

453 4471 551 4527 die
581 4473 842 4542 septimo,
874 4480 1339 4543 praeoccuparunt
1385 4471 1570 4527 dicere
1596 4470 1743 4540 quod
1799 4469 2042 4525 ostendit

452 4564 579 4618 fore
607 4572 670 4618 ut
703 4563 758 4618 in
789 4565 1028 4635 septimo
1061 4563 1262 4619 saeculo
1289 4565 1417 4635 (hoc
1447 4573 1555 4629 est,
1592 4563 1648 4616 in
1677 4563 1912 4634 septimo
1937 4577 2038 4617 an-

450 4669 658 4711 norum
710 4653 1044 4726 millenario)
1092 4654 1188 4710 ﬁat
1235 4654 1431 4710 mundi
1461 4653 1872 4710 consummatio
1912 4670 1926 4706 :
1976 4651 2036 4708 In

452 4745 716 4818 singulis,
746 4745 947 4817 inquit,
973 4745 1176 4802 diebus
1193 4747 1498 4803 creationis
1532 4746 1666 4802 fecit
1687 4761 1878 4816 opera,
1911 4744 2034 4800 die-

453 4851 582 4890 rum
605 4850 841 4890 numero
865 4837 1054 4906 paria:
1096 4851 1298 4908 nempe
1337 4837 1396 4892 in
1451 4836 1637 4908 primo
1666 4834 1892 4906 quidem
1944 4835 2038 4890 die

452 4934 582 5000 post
615 4927 891 4998 simplicia
926 4929 1202 4983 elementa
1223 4968 1239 4992 ,
1273 4943 1416 4998 opus
1437 4944 1614 5004 unum.
1635 4927 1785 4998 quod
1805 4937 1894 4983 est
1919 4927 2032 4981 lux.

452 5018 517 5074 In
544 5019 794 5074 secundo
824 5028 1036 5085 autem,
1071 5019 1185 5076 duo
1231 5037 1244 5073 :
1273 5035 1473 5090 nempe
1521 5019 1956 5083 firmamentum,
1979 5025 2036 5072 et

2149 3828 2317 3884 Sex-to
2339 3829 2452 3893 die,
2485 3844 2581 3884 sex
2623 3847 2636 3884 :
2665 3845 2788 3898 quae
2827 3839 2979 3894 sunt,
3010 3845 3079 3884 ex
3137 3823 3283 3886 terra
3314 3833 3643 3897 animantia,
3675 3847 3734 3892 et

2148 3920 2316 3974 homo
2340 3928 2398 3974 et
2425 3921 2648 3982 femina,
2681 3929 2738 3974 et
2773 3937 2896 3990 qua:
2920 3928 3006 3976 est
3033 3921 3084 3976 ei
3115 3923 3363 3978 exhibita
3383 3924 3732 3991 benedictio,

2145 4020 2339 4082 etquae
2363 4011 2470 4066 fuit
2501 4012 2584 4066 eis
2608 4011 2735 4066 data
2755 4021 3019 4081 potestas,
3047 4024 3102 4067 ct
3123 4014 3300 4070 cibus.

2217 4103 2388 4158 lnhis
2417 4103 2589 4170 enim,
2638 4103 2900 4174 inquiunt
2946 4107 3318 4174 expositores,
3369 4123 3468 4165 sex
3507 4109 3728 4172 diebus.

2145 4193 2275 4248 licet
2299 4193 2489 4248 videre
2513 4193 2569 4247 in
2600 4207 2796 4247 eorum
2827 4194 3064 4264 singulis
3100 4197 3472 4268 symbolicum
3503 4201 3728 4272 aliquod

2144 4285 2376 4339 evidens
2425 4283 2695 4339 indicium
2746 4301 2930 4340 rerum
2974 4302 3100 4357 quae
3137 4303 3168 4342 a
3213 4289 3326 4345 Deo
3371 4290 3529 4349 facta:
3576 4303 3727 4350 sunt.

2151 4376 2286 4430 Nam
2337 4376 2396 4430 in
2417 4375 2602 4446 primo
2641 4375 2756 4442 die,
2798 4377 3078 4448 separatio
3113 4379 3254 4434 lucis
3285 4388 3341 4434 et
3375 4383 3728 4438 tenebrarum

2141 4465 2419 4538 .signiﬁcat
2467 4467 2618 4522 illam
2679 4467 3091 4537 separationem
3127 4486 3322 4526 eorum
3365 4474 3655 4543 quierant
3697 4495 3728 4530 a

2144 4560 2345 4636 degetris
2387 4569 2438 4614 et
2473 4561 2704 4615 sinistris
2739 4559 2971 4628 Christi,
3018 4578 3220 4635 nempe
3271 4577 3631 4636 peccatorum
3671 4579 3730 4626 et

2137 4653 2456 4722 jnstorum:
2494 4652 2642 4706 unde
2679 4651 2848 4707 etiam
2878 4653 2932 4708 in
2961 4655 3221 4711 tenebras
3239 4658 3548 4716 exteriores
3568 4662 3728 4730 jubet

2145 4743 2302 4799 abire
2325 4759 2425 4800 eos
2462 4745 2558 4816 qui
2588 4755 2754 4800 erant
2778 4760 2808 4800 a
2834 4745 3102 4802 sinistris.
3130 4748 3407 4806 Similiter
3443 4762 3501 4808 et
3527 4769 3730 4810 secum-

2140 4835 2214 4890 do
2233 4835 2323 4890 die
2357 4851 2559 4906 aquam
2587 4835 2812 4906 quidem
2875 4837 3076 4908 partim
3108 4839 3165 4894 in
3205 4842 3378 4896 cmlos
3419 4840 3544 4898 ésse
3595 4847 3700 4901 sub

2141 4925 2334 4990 latam,
2361 4928 2565 4996 partim
2585 4935 2772 4982 autem
2793 4943 2992 4983 rursus
3011 4929 3361 4986 amandatam
3383 4933 3440 4988 in
3466 4934 3724 4992 tenebras

2142 5019 2362 5090 abyssi;
2403 5019 2567 5075 docet
2605 5035 2708 5076 nos
2738 5037 2862 5092 qua:
2920 5021 3109 5076 futura
3171 5023 3284 5078 sint
3343 5025 3414 5080 de
3441 5026 3611 5096 justis
3665 5039 3720 5084 et

451 5108 785 5167 divisionem
822 5126 1096 5182 aquarum
1145 5119 1257 5166 tam
1307 5127 1432 5182 qua:
1465 5118 1598 5166 sunt
1641 5125 1834 5182 supra,
1865 5125 2030 5181 quam
2072 5093 2114 5146 ί)
2141 5110 2536 5179 peccatoribus
2591 5126 2660 5166 ex
2695 5113 2861 5168 nobis
2908 5113 2961 5166 in
3003 5093 3508 5171 consummatione.
3543 5117 3720 5173 Mani-

451 5217 576 5273 quic
603 5201 766 5256 infra.
793 5201 984 5258 Tertio
1014 5203 1132 5270 die,
1159 5204 1266 5258 tria
1293 5221 1307 5256 :
1343 5204 1829 5276 congregationem
1856 5218 2032 5273 aqum,

439 5303 512 5364 ,οι
537 5303 696 5348 terrae
721 5291 1119 5359 detectionem,
1151 5304 1208 5351 et
1240 5295 1525 5352 fructuum
1556 5309 1626 5352 ex
1662 5311 1728 5350 ea
1755 5295 2038 5365 germina-

455 5384 685 5438 tionem.
710 5383 940 5450 Quarto,
983 5371 1226 5457 quatuor
1266 5389 1523 5452 :stellas,
1577 5397 1634 5446 et
1657 5388 1927 5452 solem,et
1953 5387 2040 5442 lu-

451 5487 605 5530 nam.
633 5479 692 5526 et
711 5486 906 5531 eorum
941 5475 1274 5544 posituram.
1301 5475 1528 5544 Quinto,
1559 5492 1756 5534 rursus
1789 5477 2036 5547 quinque

449 5561 622 5636 opera
645 5604 656 5616 .
681 5582 880 5634 nempe
903 5568 1152 5639 quinque
1169 5559 1386 5633 sensus,
1411 5580 1468 5625 et
1485 5571 1665 5640 pisces
1686 5579 1742 5624 el.
1759 5571 2034 5641 jumenta,

523 5699 600 5772 (Ι)
631 5699 830 5765 Grabe,
853 5698 1098 5774 Spieileg.
1131 5711 1170 5756 t.
1194 5703 1261 5770 ll,
1294 5719 1348 5775 p.
1376 5703 1503 5759 246.

746 5795 1018 5854 ΡΑτῐιοι.
1063 5796 1179 5856 Gn.
1227 5778 1582 5857 LXXXIX.
1645 5840 1656 5855 .

2142 5201 2342 5258 festius
2361 5213 2549 5257 autem
2575 5217 2676 5258 nos
2711 5203 2878 5259 docet
2918 5203 3038 5261 dies
3081 5206 3282 5262 tertius
3333 5209 3605 5264 rationem
3641 5225 3726 5266 r‘e~

2142 5293 2534 5361 surrertionis,
2571 5309 2670 5364 per
2711 5296 2820 5352 hoc
2869 5297 3017 5368 quod
3071 5298 3282 5355 dixitis
3313 5303 3408 5372 qui
3439 5311 3570 5358 tunc
3604 5315 3726 5360 erat

2141 5383 2397 5451 Creator,
2432 5397 2624 5458 postea
2647 5399 2834 5444 autem
2859 5391 3084 5452 futurus
3105 5401 3190 5446 est
3209 5389 3379 5464 judex
3400 5413 3412 5448 :
3436 5393 3729 5467 Congrrge-

2141 5486 2230 5532 tur
2253 5491 2394 5550 aqua
2418 5492 2538 5550 quae
2559 5491 2633 5534 est
2653 5485 2746 5536 sub
2777 5483 2924 5546 caelo,
2963 5485 3020 5538 in
3047 5488 3508 5557 congregationem
3535 5500 3722 5553 «nam,

2144 5569 2457 5642 injudioio.
2490 5573 2556 5628 Et
2590 5575 2758 5631 tertio
2823 5577 2933 5643 die,
2963 5593 3086 5648 qua
3119 5588 3206 5634 est
3237 5596 3304 5635 ex
3333 5591 3500 5647 terra,
3538 5581 3727 5636 herlm

3199 5807 3277 5868 30
