4098 6496
419 367 522 429 939
1619 363 1680 422 S.
1715 361 2116 422 ANASI‘ASII
2158 361 2482 422 SlNAlT/‘E
3511 407 3522 410 -
3587 363 3729 430 940

419 483 474 530 ct
503 471 769 526 arborum
801 469 1138 540 germinatio
1175 484 1240 525 ac
1284 467 1604 540 productio,
1630 465 1879 523 ostendit
1914 481 2002 520 rc-
2034 476 2079 530 Α
2107 481 2216 522 non
2252 468 2429 524 solum
2475 467 2544 523 de
2593 469 2882 525 vocatione
2907 470 3190 537 Gentium,
3244 472 3343 528 sed
3403 475 3574 531 etiam
3633 474 3728 532 de

417 560 851 621 surrectionem.
903 560 1196 627 Quomodo
1267 564 1436 616 etiam
1494 559 1700 613 clamat
1760 557 1995 613 Paulus:
2101 559 2256 614 exitu
2303 574 2334 614 e
2377 559 2604 626 mundo,
2651 570 2710 616 et
2757 561 3012 631 ingressu
3055 578 3310 632 superna:
3335 566 3720 624 Jerusalem:

417 657 576 712 Tunc
605 653 756 709 enim
797 652 1016 709 fructus
1043 669 1274 724 operum
1324 661 1382 708 ct
1419 652 1697 708 factorum
1734 651 2003 706 uniuscu-
2101 649 2362 718 quoniam
2391 649 2592 704 rubum
2625 659 2682 706 et
2709 652 3000 720 ignescens
3029 669 3179 710 mare
3206 656 3348 726 ignis
3379 657 3722 724 lluriatilis,

412 750 615 821 jusque
663 761 791 802 cum
825 745 908 801 eis
935 754 1129 816 surget
1162 762 1193 801 e
1238 754 1406 800 terra.
1443 744 1600 812 Quod
1649 752 1836 798 autem
1864 743 2002 798 dicit
2109 753 2304 794 omnes
2331 740 2629 794 transimus
2658 741 2776 795 veri
2806 743 3089 811 spiritales
3112 745 3406 800 lsraelitm:
3434 750 3528 818 qui
3554 763 3724 803 vero

415 839 698 901 Christus,
728 838 955 908 quodin
975 839 1358 892 resurrectione
1387 836 1661 907 fulgebunt
1699 837 1837 906 justi
1882 845 2002 890 tan-
2107 830 2272 886 faclis
2325 831 2617 887 imitantur
2670 832 2976 906 Egyptios,
3033 837 3157 906 igne
3219 839 3713 910 submerguntur.

417 948 579 1002 quam
616 929 698 984 sol
730 929 802 993 '°,
837 930 1208 985 ascendentes
1228 929 1284 984 in
1309 930 1458 984 nube
1486 929 1556 985 ad
1587 931 1780 993 caelos,
1812 937 2002 999 aperte
2105 923 2286 979 Habes
2336 927 2504 979 etiam
2571 925 2866 980 dimidium
2949 930 3131 999 quinti
3203 929 3316 985 diei
3356 949 3370 984 :
3415 948 3504 987 res
3538 935 3717 988 enim

419 1023 667 1080 ostendit
687 1023 856 1078 etiam
904 1031 1137 1093 quartus
1165 1021 1286 1076 dies
1319 1037 1419 1092 per
1477 1037 1599 1076 eam
1655 1037 1822 1092 quam
1853 1021 2003 1076 Deus
2103 1029 2228 1084 qua:
2281 1017 2501 1070 suntin
2558 1017 2800 1082 seculo,
2834 1028 2965 1072 sunt
3015 1021 3359 1090 exemplaria
3410 1024 3718 1077 constitu-

419 1115 476 1170 in
517 1113 636 1184 ipsa
665 1113 800 1168 fecit
829 1111 941 1168 diei
973 1128 1005 1166 a
1033 1121 1196 1167 nocte.
1219 1115 1593 1183 separatione.
1623 1113 1731 1168 Sed
1765 1121 1822 1167 et
1851 1111 2002 1182 quod
2107 1108 2274 1163 tionis
2321 1125 2575 1180 superna:
2621 1111 2949 1177 Jerusalem,
3005 1113 3096 1166 ubi
3144 1114 3200 1166 in
3246 1112 3446 1168 Sancta
3473 1125 3718 1169 sancto-

417 1222 449 1262 a
489 1206 604 1261 Deo
635 1205 848 1260 dictum
885 1211 973 1258 est
999 1204 1055 1258 in
1077 1205 1273 1274 quinto
1316 1204 1444 1260 die:
1487 1205 1796 1259 Produraut
1850 1221 2005 1274 aqua:
2108 1217 2230 1255 rum
2261 1203 2471 1256 introiit
2523 1204 2591 1256 δ’.
2629 1203 2949 1259 Praecursor
2994 1203 3272 1270 Christus,
3334 1223 3499 1278 quem
3535 1210 3717 1278 prius

419 1296 635 1368 reptilia
676 1297 985 1350 animarum
1031 1296 1337 1361 viventium,
1389 1304 1438 1349 et
1479 1294 1718 1350 volucres
1763 1291 2003 1350 uolantes
2109 1293 2403 1365 descripsit
2433 1311 2498 1350 ac
2521 1297 2893 1367 praefiguravit
2937 1313 3064 1353 arca
3111 1301 3378 1370 templum
3418 1302 3712 1372 ingressa,

413 1405 572 1461 super
597 1397 824 1452 terram,
848 1386 1149 1442 admodum
1181 1388 1433 1458 apposite
1469 1387 1525 1442 id
1553 1387 1730 1458 magis
1751 1386 2006 1442 videmus
2109 1384 2333 1454 quando
2353 1385 2584 1440 chorum
2614 1386 2773 1441 duxit
2809 1397 2868 1442 et
2902 1389 3124 1443 saltavit
3177 1391 3230 1445 in
3265 1399 3456 1463 typum
3484 1393 3712 1448 Christi

415 1481 534 1536 fieri
560 1481 616 1534 in
667 1479 1086 1538 resurrectione
1141 1487 1517 1545 mortuorum,
1565 1479 1794 1550 quando
1837 1479 1874 1534 ii
1910 1479 2007 1549 qui
2110 1477 2282 1531 David
2333 1479 2640 1533 exsultans.
2695 1479 2968 1546 Quoniam
3017 1498 3143 1552 quas
3186 1486 3431 1553 perierat
3474 1487 3710 1542 ratione

413 1571 714 1644 aliquando
755 1570 816 1626 in
855 1571 998 1624 mari
1025 1569 1250 1626 fuerant
1291 1571 1548 1626 suﬂ'ocati
1587 1581 1645 1626 et
1679 1571 1930 1626 devorati
1977 1585 2010 1626 a
2109 1567 2339 1638 praedita
2367 1569 2608 1625 hominis
2637 1587 2786 1637 arca,
2826 1572 2880 1627 in
2910 1574 3104 1644 primis
3159 1577 3466 1645 repositum
3513 1577 3714 1633 fuerat

413 1664 680 1736 piscibus,
704 1662 1298 1733 resurgunthabentes
1323 1663 1540 1718 animas
1559 1664 1814 1718 viventes
1839 1671 1892 1718 et
1913 1661 2010 1719 im.
2112 1659 2212 1714 Dei
2242 1659 2682 1725 Testamentum,
2709 1672 2797 1720 est
2845 1664 3068 1720 inventa
3115 1675 3171 1721 et
3197 1667 3434 1722 liberata
3469 1684 3500 1723 a
3534 1667 3715 1722 mali-

411 1755 671 1812 mortalia
691 1769 1044 1825 corporazex
1067 1755 1274 1824 quibus
1303 1755 1398 1810 alii
1431 1755 1656 1826 quidem
1693 1755 1831 1812 ﬁunt
1849 1755 2009 1810 volu-
2043 1818 2081 1830 _
2111 1751 2234 1823 gnis
2260 1752 2586 1824 alienigenis
2599 1755 2692 1826 qui
2717 1772 2838 1810 eam
2859 1757 3186 1830 redegerunt
3211 1760 3265 1814 in
3290 1761 3705 1830 captivitatem.

411 1864 541 1904 cres
561 1848 618 1902 in
636 1818 841 1902 creluin
870 1818 1142 1900 volantes.
1161 1845 1232 1901 In'
1247 1847 1338 1902 die
1375 1818 1562 1902 autem
1589 1857 1749 1903 sexto
1767 1847 1860 1902 alii
1883 1847 2008 1918 qui-
2043 1818 2084 1872 Β
2113 1818 2240 1900 llaec
2273 1818 2458 1900 autem
2479 1818 2663 1902 omnia
2686 1864 2808 1918 qua:
2843 1818 3164 1906 dictavsunt
3206 1818 3456 1922 quinque
3487 1852 3703 1907 indicia

412 1941 538 1997 dem
555 1940 820 1996 dixerunt
837 1938 1086 1999 hominis
1105 1955 1136 1996 e
1156 1934 1302 1995 terra
1318 1939 1707 1996 formationem
1725 1956 1845 1998 esse
1863 1956 2009 2013 sym-

411 2033 598 2090 bolum
624 2029 1076 2094 resurrectionis
1128 2041 1480 2086 mortuorum
1525 2046 1824 2102 corporum
1865 2050 1879 2086 :
1913 2032 2010 2087 alii

408 2133 596 2180 autem
629 2122 1077 2194 procreationem
1116 2123 1464 2180 diversarum
1491 2123 2008 2189 bestiarum,etvo-

409 2219 652 2281 lucrum,
671 2223 729 2272 et
747 2216 1194 2287 quadrupedum,
1209 2228 1264 2272 et
1279 2217 1662 2286 iumentorum
1683 2234 1698 2281 ;
1719 2218 1938 2288 reptilia
1953 2226 2008 2272 et

411 2309 640 2372 bestias,
661 2315 718 2362 et
745 2307 1022 2372 dicentes,
1048 2308 1254 2378 impios
1279 2309 1519 2379 gentiles
1567 2327 1582 2362 :
1610 2309 2006 2379 quadrupedes

409 2408 600 2454 autem
629 2405 685 2454 ct
709 2399 966 2468 iumenta
993 2415 1118 2469 qum
1153 2409 1290 2454 sunt
1339 2399 1568 2469 quidem
1608 2399 1902 2454 immunda
1950 2407 2007 2453 et

407 2489 477 2544 ad
531 2502 692 2544 esum
726 2502 840 2542 non
869 2496 1042 2558 apta,
1075 2503 1272 2543 eorum
1321 2489 1415 2558 qui
1466 2487 1572 2543 fide
1627 2489 1822 2544 vivunt
1877 2505 2005 2544 cum

406 2587 640 2651 peccato
679 2596 692 2608 ·
743 2579 952 2634 munda
1001 2589 1187 2635 autem
1247 2581 1455 2636 habere
1532 2580 1762 2652 figuram
1825 2582 2006 2652 justo-

407 2689 555 2728 rum.
1739 2664 1763 2684 ί
1901 2659 1912 2668 ’

483 2763 601 2826 His.
646 2762 910 2834 inquiunt
967 2765 1326 2832 interpretes,
1375 2763 1460 2818 sic
1511 2780 1574 2823 se
1644 2761 2000 2830 habentibus,

412 2865 591 2914 restat
615 2857 848 2912 omnino
873 2855 1175 2910 dicendum
1211 2856 1280 2911 de
1314 2855 1404 2910 die
1453 2855 1714 2925 septimo,
1753 2857 1903 2927 quod
1955 2857 2004 2913 is

411 2949 657 3004 latenter
685 2955 744 3004 et
765 2948 985 3004 occulte
1035 2947 1203 3002 faciat
1253 2947 1505 3002 futurum
1547 2963 1803 3018 regnum.
1864 2949 2002 3004 Nam

413 3036 699 3106 quomodo
729 3035 788 3090 in
838 3035 1079 3108 singulis
1101 3035 1302 3092 diebus
1349 3036 1718 3094 hebdomadis
1745 3055 1840 3094 sex
1879 3039 2000 3096 die-

415 3143 564 3194 rum,
587 3127 696 3183 fuit
715 3128 942 3199 aliquod
968 3131 1186 3200 signum
1211 3131 1668 3197 resurrectionis,
1695 3141 1752 3187 et
1780 3132 1996 3200 mundi,
2025 3155 2070 3214 ο

411 3230 471 3278 et
504 3221 792 3276 hominum
827 3221 1246 3292 generationis;
1285 3221 1360 3276 ita
1383 3221 1550 3276 etiam
1573 3215 1626 3277 iit
1657 3239 1991 3294 unoquoque

413 3312 726 3368 millenario
779 3327 878 3366 sex
942 3311 1179 3366 millium
1239 3326 1512 3366 annorum
1562 3313 1997 3383 praeteritorum,

413 3404 521 3459 fuit
556 3403 781 3474 aliquod
817 3403 1132 3476 symbolum
1167 3413 1226 3460 et
1261 3413 1426 3476 typus
1461 3406 1898 3462 resurrectionis
1944 3415 2001 3463 et

415 3495 687 3550 transitus
715 3503 988 3550 creaturae
1021 3493 1090 3550 ad
1143 3493 1198 3549 id
1223 3493 1371 3564 quod
1394 3502 1479 3550 est
1512 3496 1750 3557 melius.
1798 3511 2000 3568 nempe

416 3584 483 3639 ad
511 3578 994 3654 incorruptionem
1031 3593 1090 3638 et
1109 3582 1376 3650 interitus
1393 3584 1757 3640 emotionem.
1783 3585 2001 3640 Ducen-

414 3676 614 3733 tesimo
678 3676 906 3746 quidem
961 3685 1021 3730 et
1084 3675 1372 3730 tricesimo
1413 3691 1577 3732 anno
1632 3677 1800 3748 primi
1851 3677 2000 3744 diei,

414 3769 638 3841 genitus
695 3767 830 3824 Seth
889 3767 1008 3840 (qui
1063 3767 1466 3838 interpretatur
1546 3769 1770 3842 positus)
1829 3769 2000 3827 habet

412 3858 711 3932 imaginem
735 3866 794 3914 et
843 3857 1274 3914 similitudinem
1316 3874 1485 3930 quam
1519 3859 1590 3915 ab
1629 3859 1846 3917 initioa
1887 3864 2000 3921 Deo

414 3941 700 4023 acceptam
727 3949 902 4007 Adam
953 3951 1278 4009 obscuravit
1322 3967 1425 4022 per
1471 3955 1998 4024 transgressionem,

413 4050 478 4098 ut
503 4053 700 4098 sumus
739 4039 920 4096 fusius
965 4039 1251 4096 ostensuri
1285 4053 1414 4094 cum
1450 4037 1726 4097 fuerimus
1770 4041 1831 4096 in
1860 4041 2004 4100 locis

413 4133 512 4204 qui
532 4140 980 4202 consequuntur.
1009 4129 1307 4187 Millesimo
1332 4121 1524 4186 autein
1549 4130 2000 4204 quingentesimo

413 4236 566 4280 anno
599 4219 691 4293 (ad
708 4234 1000 4292 vesperam
1027 4217 1292 4275 tendente
1311 4217 1551 4276 meridie
1573 4219 1790 4291 saeculi)
1816 4229 2004 4278 trans-

414 4313 563 4368 latus
589 4319 676 4368 est
705 4311 899 4368 Enoch
928 4311 1027 4382 qui
1071 4309 1178 4365 fuit
1201 4309 1466 4380 primitiae
1497 4318 1556 4366 et
1594 4310 1772 4382 figura
1813 4311 1998 4369 homi-

337 4425 348 4450 τ
413 4418 551 4459 num
574 4401 644 4458 ad
669 4403 870 4457 melius
899 4401 1278 4457 translationis
1307 4410 1363 4457 et
1393 4400 1840 4460 reformationis:
1869 4419 1999 4462 nam

2113 1934 2170 1990 in
2208 1935 2455 2007 quinque
2497 1939 2839 1994 meridiehus
2879 1941 3126 2011 quinque
3157 1942 3372 1997 dierum
3403 1958 3502 1997 seu
3537 1943 3705 1997 mille

2111 2042 2383 2082 annorum
2419 2030 2630 2097 saeculi,
2654 2047 2766 2086 non
2809 2033 2988 2088 solum
3017 2043 3149 2088 sunt
3191 2035 3438 2106 symbola
3495 2035 3699 2090 mundi

2111 2120 2494 2176 translationis
2520 2121 2586 2176 ad
2623 2123 2840 2187 melius,
2863 2131 2921 2179 et
2968 2125 3442 2196 incorruptionem
3496 2126 3702 2183 interi-

2113 2219 2310 2281 tusque
2350 2213 2717 2266 remotionem
2745 2230 2760 2266 :
2792 2214 2888 2269 sed
2913 2215 3080 2270 etiam
3125 2215 3300 2286 ipsius
3337 2215 3545 2270 Christi
3593 2231 3700 2286 ap-

2110 2301 2406 2370 paritionis
2459 2301 2814 2374 hominisque
2863 2307 3238 2376 susceptionis
3291 2315 3350 2361 et
3395 2305 3687 2361 Ecclesiae.

2109 2391 2339 2447 Meridie
2372 2394 2521 2451 enim
2554 2403 2611 2448 et
2637 2410 2870 2466 vespere
2915 2399 3054 2452 sexti
3091 2398 3226 2463 diei,
3257 2413 3353 2453 seu
3392 2397 3693 2468 quinquies

2101 2483 2408 2538 millesimo
2440 2494 2498 2539 et
2519 2485 2971 2555 quingentesimo
3002 2503 3148 2542 anno
3170 2488 3488 2543 incarnatus
3523 2503 3694 2558 appa-

2108 2576 2222 2630 ruit
2250 2593 2262 2628 :
2299 2575 2752 2646 quandoquidem
2785 2578 2854 2632 ad
2885 2593 3172 2648 vesperam
3209 2579 3350 2633 sexti
3383 2580 3493 2633 diei
3522 2579 3574 2633 in
3605 2579 3688 2633 sui

2109 2674 2296 2738 typum
2328 2667 2589 2722 formavit
2609 2667 2806 2724 Adam.
2826 2670 2900 2725 Et
2930 2671 3055 2725 ideo
3091 2671 3343 2725 nonnulli
3373 2673 3692 2741 conjecta!)-

2106 2766 2190 2811 ter
2213 2751 2474 2813 dixerdnt
2537 2759 2685 2829 quod
2718 2776 2946 2832 vespere
2994 2773 3050 2816 et
3087 2762 3324 2816 dimidio
3385 2763 3525 2816 sexti
3576 2763 3688 2818 dici

2108 2848 2168 2902 fit
2208 2851 2566 2916 resurrectio,
2635 2868 2800 2922 quam
2865 2853 3182 2925 significant
3239 2871 3335 2910 sex
3371 2854 3686 2924 vespertina

2105 2943 2465 3011 crepuscula;
2503 2943 2674 3012 utqui
2721 2943 2874 3014 digni
2901 2945 3017 3000 sint
3048 2945 3296 3000 haeredes
3330 2945 3483 3010 regni
3515 2945 3688 2998 coelo-

2105 3048 2250 3086 rum.
2285 3033 2405 3100 Quo
2439 3034 2686 3103 quidem,
2710 3035 2915 3105 inquit,
2957 3037 3194 3107 septimo
3223 3037 3335 3098 die,
3359 3045 3685 3091 extremum

2105 3125 2353 3179 omnium
2375 3141 2500 3195 qute
2525 3127 2758 3190 creavit,
2793 3127 3151 3182 inell‘ahiliter
3179 3135 3236 3182 et
3276 3127 3512 3200 mystice
3548 3143 3685 3182 eon-

2101 3216 2311 3270 struxit
2356 3217 2504 3272 Dcus
2557 3218 2824 3283 Verbum,
2857 3220 3004 3274 sicut
3031 3235 3132 3275 nos
3167 3219 3331 3275 docet
3377 3221 3495 3290 ipse
3541 3219 3683 3274 Deus

2101 3307 2370 3372 Verbum,
2407 3309 2642 3364 dicens:
2677 3308 2880 3372 Venite,
2913 3312 3168 3366 benedicti
3195 3313 3375 3366 Patris
3412 3313 3535 3376 mei,
3570 3327 3680 3366 esse

2103 3399 2336 3454 heredes
2357 3402 2539 3470 parati
2575 3401 2717 3456 vobis
2744 3404 2893 3474 regni
2932 3421 2964 3458 a
3008 3406 3381 3458 constitutione
3400 3405 3585 3458 mundi
3613 3405 3684 3457 ⁸⁸.

2103 3489 2236 3544 Nam
2255 3490 2540 3560 quomodo
2569 3502 2884 3549 creaturam
2920 3494 3367 3560 condidit,.tunc
3395 3486 3566 3549 etiam
3591 3510 3683 3565 pa-

2102 3587 2254 3642 ravit
2277 3602 2533 3658 regnum.

2171 3671 2290 3730 Hoc
2325 3683 2418 3730 est
2470 3677 2622 3731 enim
2655 3677 2982 3733 vicesimum
3041 3677 3346 3734 secundum
3379 3679 3474 3733 Dei
3521 3694 3679 3748 Opus,

2099 3766 2299 3838 viginti
2345 3767 2494 3823 enim
2544 3767 2656 3824 duo
2683 3784 2852 3840 opera
2893 3770 3094 3826 fecisse
3137 3770 3320 3826 Deum
3367 3769 3582 3832 dicunt.
3629 3779 3684 3824 et

2101 3859 2420 3916 Judmorum
2446 3869 2506 3916 ct
2520 3859 2968 3919 Christianorum
3001 3862 3360 3933 interpretes.
3385 3861 3466 3918 Ex
3482 3861 3683 3932 quibus

2103 3950 2329 4022 quidem
2354 3951 2552 4024 viginti
2585 3963 2644 4008 et
2669 3965 2844 4008 unum
2881 3955 2996 4026 jam
3025 3953 3192 4025 paulo
3219 3963 3361 4010 ante
3387 3965 3682 4009 enumera-

2100 4043 2285 4100 vimus
2316 4041 2546 4120 factsin
2580 4059 2679 4102 sex
2729 4045 2950 4103 diebus.
2980 4045 3318 4104 Yicesimum
3368 4056 3558 4104 autem
3600 4061 3684 4102 sc-

2102 4133 2349 4192 cundum
2388 4133 2476 4192 est
2524 4135 2698 4191 futuri
2747 4136 2936 4193 saeculi
2984 4147 3243 4208 paratum
3305 4151 3564 4209 regnum,
3629 4144 3682 4192 et

2103 4227 2412 4301 spiritualis
2445 4227 2866 4300 contemplatio.
2905 4231 3208 4300 PrOpterea
3236 4228 3436 4301 viginti
3464 4243 3684 4301 quoque

2103 4320 2327 4378 duobus
2363 4320 2518 4378 libris
2549 4329 2842 4378 enumerat
2869 4335 3034 4378 omne
3089 4322 3264 4378 Vetus
3301 4335 3466 4404 suum
3497 4319 3686 4378 Testa-

2104 4423 2376 4470 mentum.
2414 4411 2524 4470 Sed
2547 4429 2731 4486 neque
2765 4415 2922 4470 novit
2945 4412 3332 4485 quamobrem,
3372 4427 3557 4484 neque
3585 4413 3686 4468 scit

413 4497 607 4554 Enoch
640 4497 1046 4567 interpretatur
1089 4495 1384 4550 innovatio.
1437 4493 1596 4551 Unde
1637 4495 1879 4566 septimo
1905 4494 1998 4552 die
2034 4527 2078 4583 υ
2108 4505 2436 4579 mysterium
2468 4505 2724 4562 vicesimi
2755 4505 2986 4562 secundi
3017 4506 3260 4562 numeri.
3304 4503 3497 4576 Neque
3538 4505 3687 4576 cogi-

415 4585 768 4660 signiﬁcante
813 4583 1259 4651 translationem,
1299 4586 1397 4657 qui
1448 4584 1554 4641 fuit
1600 4587 1875 4658 septimus
1927 4588 1998 4644 ab
2099 4609 2186 4655 tat
2236 4599 2385 4670 quod
2420 4599 2723 4656 vicesimus
2767 4600 2994 4671 quidem
3042 4614 3312 4656 numerus
3353 4606 3574 4655 constat
3623 4613 3688 4652 ex

417 4682 650 4746 Adamo,
675 4679 781 4734 fuit
803 4679 1126 4734 translatus.
1162 4677 1258 4734 Bis
1289 4678 1588 4734 millesimo
1617 4685 1803 4734 autem
1835 4680 2004 4752 quin.

416 4773 725 4842 gentesimo
780 4785 958 4836 anno,
1005 4771 1155 4841 quod
1209 4778 1299 4826 est
1354 4769 1650 4826 dimidium
1689 4773 1851 4827 tertii
1885 4773 1999 4829 diei

415 4865 624 4932 saeculi,
661 4865 806 4922 facta
823 4872 909 4920 est
932 4863 1126 4919 mundi
1174 4861 1498 4918 reformatio
1539 4872 1670 4933 post
1723 4863 2000 4922 diluvium

415 4974 514 5030 per
534 4957 672 5014 Noe.
693 4957 830 5012 Nam
847 4956 964 5014 Noe
983 4969 1206 5026 quoque
1245 4955 1647 5024 interpretatur
1667 4955 1997 5025 reformatio.

420 5051 687 5106 Similiter
735 5059 792 5105 et
845 5057 928 5104 ter
983 5046 1278 5103 millesimo
1323 5047 1772 5117 quingentesimo
1831 5063 2000 5116 anno,

416 5142 566 5210 quod
588 5141 820 5212 quidem
865 5148 952 5194 est
995 5138 1289 5194 dimidium
1331 5139 1514 5208 quarti
1561 5138 1694 5205 diei,
1752 5143 2002 5210 generati

421 5242 550 5289 sunt
575 5235 686 5288 duo
708 5233 923 5302 populi,
953 5231 1120 5286 Israel
1155 5238 1213 5286 et
1243 5230 1419 5286 frater
1447 5233 1589 5302 ejus.
1613 5230 1773 5298 Quod
1812 5233 1859 5288 si
1894 5233 2004 5290 hoc

420 5343 532 5384 non
561 5326 812 5382 admittis
842 5326 899 5380 in
929 5326 1146 5395 signum
1178 5325 1633 5389 resurrectionis,
1666 5327 1811 5382 scias
1857 5329 2008 5398 quod

421 5417 619 5474 eodem
654 5427 854 5486 quarto
888 5417 980 5471 dic
1007 5431 1267 5488 egressus
1287 5426 1374 5472 est
1433 5417 1606 5476 Israel
1649 5433 1718 5472 ex
1747 5417 2006 5490 Egypto,

422 5520 478 5565 et
506 5511 789 5580 ingressus
819 5517 904 5563 est
943 5508 1000 5562 in
1037 5517 1240 5564 terram
1291 5511 1697 5579 promissionis.
1721 5511 1883 5567 Nunc
1911 5527 2011 5568 au-

426 5611 534 5655 tem
565 5599 778 5654 exitum
811 5616 878 5655 ex
899 5597 1134 5687 Aflgypto
1165 5599 1611 5671 interpretantur
1645 5603 2003 5675 interpretes,

492 5782 540 5816 ’θ
574 5779 769 5836 Matth.
789 5797 906 5848 xm,
935 5781 1023 5836 45.

2105 4691 2326 4746 duobus
2353 4691 2617 4762 perfectis
2637 4692 2888 4748 numeris
2923 4709 3022 4748 seu
3074 4692 3343 4758 denariis,
3369 4691 3688 4764 signiﬁcans

2102 4783 2386 4840 Christum
2421 4798 2488 4839 cx
2529 4785 2752 4840 duobus
2784 4784 3046 4855 perfectis
3089 4784 3461 4855 compositum
3487 4783 3577 4856 (ex
3607 4779 3690 4838 di-

2105 4877 2360 4940 vinitate,
2388 4877 2636 4950 inquam,
2687 4877 2745 4930 et
2783 4877 3150 4948 humanitate)
3189 4877 3301 4932 duo
3357 4883 3689 4932 testamenta

2107 4969 2430 5040 scripsisse;
2497 4969 2820 5034 Mosaicum,
2879 4969 3142 5040 inquam,
3209 4968 3583 5040 Decalogum,
3635 4975 3692 5022 et

2110 5060 2492 5131 Evangelium.
2521 5059 2613 5116 Sic
2628 5061 2776 5116 enim
2796 5061 3060 5131 impletur
3077 5059 3378 5116 viCesimus
3405 5056 3688 5114 secundus

2112 5168 2382 5208 numerus
2407 5169 2474 5209 ex
2508 5153 2730 5210 duobus
2757 5155 3039 5225 decalogis
3064 5165 3120 5210 et
3149 5154 3370 5210 duabus
3396 5153 3686 5222 essentiis.

2109 5261 2308 5317 nempe
2333 5245 2626 5303 divinitate
2667 5257 2724 5304 et
2751 5247 3122 5304 humanitate.
3169 5247 3444 5315 Quoniam
3504 5255 3688 5300 autem

2107 5337 2272 5408 887
2317 5339 2576 5408 pervenit
2604 5340 2784 5394 oratio
2815 5339 2880 5394 ad
2916 5355 2980 5393 ea
3027 5355 3152 5410 qua:
3181 5347 3312 5394 sunt
3347 5336 3584 5393 dicenda
3623 5335 3691 5389 de

2106 5429 2299 5498 quiete
2333 5439 2386 5484 et
2412 5431 2900 5486 consummatione
2956 5431 3179 5502 septimi
3227 5431 3363 5495 diei,
3419 5444 3533 5483 non
3582 5425 3684 5480 erit

2107 5518 2373 5586 alienum,
2403 5520 2448 5576 si
2477 5523 2694 5593 aliquas
2719 5521 2926 5579 Christi
2955 5538 3120 5577 voces
3145 5537 3282 5593 quas
3303 5522 3442 5576 dixit
3465 5519 3535 5575 de
3554 5534 3688 5573 cono

2108 5615 2508 5682 summatione,
2537 5615 2595 5672 in
2621 5617 2867 5674 medium
2922 5613 3290 5672 adducamus.
3325 5613 3462 5670 Nam
3502 5614 3560 5667 in
3593 5627 3684 5682 pa-

1103 5783 1144 5815 ⁸¹
1178 5781 1347 5838 llebr.
1380 5799 1452 5849 Ix,
1491 5783 1578 5837 i2.
1657 5785 1702 5816 δ’
1727 5783 1920 5842 Matth.
1959 5803 2086 5856 xxv,
2113 5789 2199 5845 54.
