4098 6418
436 322 537 383 93'.)

1636 320 1697 378 S.
1732 318 2133 380 ANASTASII
2174 318 2498 378 SlNAlTrE

3526 364 3531 367 -
3615 320 3735 386 940

436 437 491 485 et
520 426 786 481 arborum
818 425 1154 496 germinatio
1192 441 1256 481 ac
1301 424 1621 496 productio,
1647 422 1895 479 ostendit
1930 439 2019 476 re-
2051 432 2095 487 Α
2124 439 2232 479 non
2269 425 2446 481 solum
2492 424 2560 479 de
2610 427 2898 482 vocatione
2924 427 3205 495 Gentium,
3262 429 3359 485 sed
3416 432 3601 487 etiam
3655 431 3734 489 de

434 516 868 575 surrectionem.
921 516 1212 583 Quomodo
1283 521 1452 572 etiam
1510 516 1716 570 clamat
1777 514 2012 569 Paulus:

433 612 592 666 Tunc
623 610 773 665 enim
814 608 1032 665 fructus
1059 624 1289 680 operum
1340 618 1397 664 ct
1434 608 1713 664 factorum
1750 608 2019 662 uniuscu-

428 706 632 775 jusque
681 718 807 757 cum
840 701 924 756 eis
953 709 1145 773 surget
1179 718 1209 756 e
1255 710 1422 756 terra.
1460 701 1617 768 Quod
1667 708 1852 755 autem
1881 700 2019 755 dicit

431 795 715 857 Christus,
744 793 892 863 quod
915 795 971 848 in
992 795 1373 848 resurrectione
1404 793 1678 864 fulgebunt
1716 794 1852 863 justi
1899 802 2019 846 tan-

433 904 595 957 quam
632 885 715 940 sol
747 885 817 949 '°,
853 886 1223 941 ascendentes
1244 886 1301 940 in
1325 886 1474 940 nube
1502 885 1573 941 ad
1603 887 1796 949 caelos,
1828 894 2017 955 aperte

436 979 872 1035 ostenditetiam
920 988 1152 1048 quartus
1182 977 1301 1033 dies
1335 994 1435 1049 per
1492 994 1615 1033 eam
1672 994 1838 1048 quam
1871 978 2019 1032 Deus

434 1071 491 1125 in
532 1069 652 1140 ipsa
680 1069 814 1124 fecit
845 1068 957 1123 diei
990 1084 1021 1122 a
1051 1078 1211 1123 nocte
1234 1072 1609 1139 separatione.
1640 1069 1747 1124 Sed
1782 1078 1838 1124 et
1867 1068 2017 1139 quod

432 1178 464 1216 a
504 1162 618 1216 Deo
652 1160 864 1215 dictum
902 1167 988 1214 est
1015 1160 1070 1213 in
1094 1161 1288 1230 quinto
1332 1161 1460 1216 die:
1504 1161 1811 1215 Producant
1866 1177 2020 1231 aqua:

435 1252 651 1324 reptilia
693 1252 1000 1305 animarum
1047 1252 1352 1317 viventium,
1404 1260 1453 1304 et
1495 1251 1734 1307 volucres
1778 1250 2019 1306 uolantes

428 1361 587 1417 super
612 1353 838 1407 terram,
864 1342 1164 1397 admodum
1197 1345 1449 1414 apposite
1484 1344 1541 1398 id
1569 1344 1744 1414 magis
1767 1343 2021 1398 videmus

431 1436 549 1491 fieri
576 1436 631 1489 in
682 1435 1101 1493 resurrectione
1159 1444 1532 1501 mortuorum,
1582 1437 1809 1506 quando
1851 1436 1890 1489 ii
1926 1436 2023 1505 qui

429 1527 728 1599 aliquando
770 1526 831 1581 in
870 1527 1013 1581 mari
1040 1526 1266 1582 fuerant
1307 1527 1563 1582 suﬂ‘ocati
1603 1538 1660 1582 et
1694 1527 1946 1582 devorati
1992 1542 2025 1582 a

428 1620 694 1692 piscibus,
719 1630 1023 1690 resurgunt
1040 1619 1313 1673 habentes
1338 1619 1554 1675 animas
1575 1621 1828 1675 viventes
1853 1628 1907 1674 et
1930 1618 2026 1675 im-

426 1712 687 1768 mortalia
707 1725 1059 1781 corpora:ex
1082 1711 1289 1780 quibus
1319 1712 1413 1766 alii
1446 1712 1672 1782 quidem
1707 1711 1845 1768 fiunt
1864 1712 2024 1767 volu-

2117 517 2272 571 exitu
2319 532 2350 571 e
2393 517 2620 582 mundo,
2668 527 2726 572 et
2773 519 3028 588 ingressu
3072 536 3326 589 superna:
3352 523 3730 579 Jerusalem:

2117 606 2379 675 quoniam
2407 606 2608 661 rubum
2641 616 2698 662 et
2726 609 3015 678 ignescens
3044 627 3194 667 mare
3222 613 3362 683 ignis
3393 615 3731 681 fluviatilis,

2125 710 2320 751 omnes
2347 697 2645 751 transimus
2674 698 2792 752 veri
2822 700 3105 769 spiritales
3128 702 3420 757 Israelitaz:
3448 707 3544 774 qui
3576 721 3733 760 vero

2123 787 2288 843 factis
2342 789 2634 844 imitantur
2687 789 2993 862 Egyptios,
3049 794 3172 863 igne
3235 796 3725 868 submerguntur.

2120 881 2302 936 Habes
2352 883 2520 936 etiam
2587 882 2881 937 dimidium
2965 886 3145 956 quinti
3219 886 3331 942 diei
3371 907 3384 941 :
3428 904 3516 943 res
3553 891 3728 943 enim

2119 986 2243 1040 qua:
2297 981 2425 1026 sunt
2464 973 2517 1027 in
2574 975 2816 1040 szeculo,
2850 984 2981 1029 sunt
3031 977 3373 1046 exemplaria
3424 981 3731 1033 constitu-

2122 1066 2291 1119 tionis
2337 1081 2590 1136 supernae
2637 1067 2964 1134 Jerusalem,
3021 1070 3112 1123 ubi
3160 1071 3215 1122 in
3262 1069 3459 1125 Sancta
3489 1081 3732 1126 sancto-

2125 1174 2245 1212 rum
2278 1160 2487 1213 introiit
2540 1161 2607 1213 ".
2645 1161 2964 1217 Praecursor
3010 1161 3286 1226 Christus,
3350 1180 3513 1234 quem
3549 1166 3731 1234 prius

2124 1251 2419 1321 descripsit
2449 1268 2514 1306 ac
2538 1253 2908 1324 praefiguravit
2952 1271 3079 1310 arca
3128 1259 3392 1327 templum
3433 1258 3727 1329 ingressa,

2124 1341 2348 1411 quando
2369 1343 2600 1397 chorum
2631 1344 2789 1398 duxit
2825 1355 2883 1399 et
2918 1347 3139 1400 saltavit
3193 1349 3246 1402 in
3280 1354 3471 1420 typum
3499 1350 3729 1405 Christi

2126 1433 2299 1487 David
2350 1436 2655 1491 exsultans.
2711 1436 2984 1503 Quoniam
3034 1455 3158 1509 qua:
3202 1444 3445 1510 perierat
3489 1444 3727 1497 ratione

2125 1524 2355 1595 praedita
2382 1526 2623 1582 hominis
2653 1544 2800 1594 arca,
2841 1530 2895 1584 in
2926 1532 3120 1601 primis
3175 1534 3481 1603 repositum
3529 1534 3730 1590 fuerat

2128 1616 2227 1671 Dei
2258 1616 2698 1682 Testamentum,
2725 1630 2812 1676 est
2860 1622 3083 1677 inventa
3131 1632 3186 1678 et
3212 1624 3448 1679 liberata
3485 1641 3514 1680 a
3548 1624 3732 1679 mali-

2128 1708 2248 1780 gnis
2276 1710 2601 1781 alienigenis
2615 1713 2707 1782 qui
2733 1730 2853 1768 eam
2873 1715 3202 1786 redegerant
3226 1718 3280 1771 in
3305 1719 3723 1788 captivitatem.

426 1803 632 1860 cresin
651 1775 857 1859 caelum
885 1801 1156 1857 volantes.
1176 1802 1247 1857 ln'
1263 1803 1354 1859 die
1390 1813 1576 1859 autem
1604 1813 1764 1859 sexto
1782 1804 1875 1859 alii
1898 1804 2023 1875 qui-
2059 1775 2099 1829 Β
2129 1800 2256 1856 llaec
2288 1811 2473 1857 autem
2494 1804 2678 1858 omnia
2701 1821 2824 1874 qua:
2859 1775 3179 1863 dictavsunt
3222 1775 3470 1879 quinque
3502 1809 3722 1863 indicia

426 1898 552 1953 dem
570 1896 835 1951 dixerunt
853 1895 1101 1955 hominis
1120 1911 1151 1952 e
1171 1905 1316 1951 terra
1334 1896 1722 1952 formationem
1740 1912 1861 1953 esse
1878 1912 2025 1968 sym-

424 1988 612 2045 bolum
639 1985 1091 2049 resurrectionis
1143 1997 1495 2043 mortuorum
1540 2003 1839 2058 corporum
1879 2006 1894 2042 :
1928 1988 2025 2043 alii

422 2089 611 2136 autem
644 2079 1092 2150 procreationem
1131 2079 1479 2136 diversarum
1507 2080 2022 2145 bestiarum,etvo-

423 2176 667 2237 lucrum,
687 2180 744 2227 et
762 2172 1208 2242 quadrupedum,
1223 2174 1677 2241 etjumentorum
1698 2191 1712 2238 ;
1734 2175 1954 2244 reptilia
1967 2182 2023 2228 et

427 2265 655 2328 bestias,
676 2271 732 2317 et
760 2263 1036 2328 dicentes,
1063 2264 1268 2334 impios
1293 2266 1533 2336 gentiles
1582 2283 1597 2318 :
1624 2265 2022 2335 quadrupedes

425 2364 615 2410 autem
643 2361 700 2409 et
724 2355 980 2424 jumenta
1007 2370 1133 2424 qua:
1169 2365 1304 2410 sunt
1354 2355 1583 2425 quidem
1626 2356 1917 2410 immunda
1965 2363 2022 2409 et

422 2445 491 2499 ad
545 2459 706 2500 esum
742 2458 854 2497 non
885 2452 1013 2513 apta
1042 2484 1056 2508 ,
1089 2459 1287 2498 eorum
1335 2445 1429 2514 qui
1481 2443 1587 2499 ﬁde
1642 2446 1837 2500 vivunt
1891 2462 2019 2500 cum

421 2544 654 2606 peccato
694 2552 707 2564 ’
758 2534 967 2590 munda
1015 2545 1201 2591 autem
1261 2536 1469 2591 habere
1547 2536 1777 2607 figuram
1840 2538 2021 2609 justo-

422 2645 570 2685 rum.
1755 2620 1777 2641 ί
1916 2616 1927 2624 ’

498 2719 616 2781 His.
661 2718 924 2789 inquiunt
981 2720 1341 2788 interpretes,
1390 2719 1474 2774 sic
1526 2736 1589 2779 se
1658 2717 2015 2787 habentibus,

426 2821 605 2869 restat
630 2813 863 2867 omnino
888 2811 1189 2866 dicendum
1226 2812 1294 2866 de
1328 2811 1419 2866 die
1468 2812 1729 2881 septimo,
1768 2813 1917 2883 quod
1971 2814 2018 2869 is

427 2905 672 2960 latenter
700 2911 759 2959 et
779 2904 999 2959 occulte
1050 2904 1216 2958 faciat
1267 2903 1520 2957 futurum
1563 2919 1817 2974 regnum.
1878 2906 2016 2960 Nam

428 2992 714 3062 quomodo
744 2992 802 3046 in
852 2992 1097 3063 singulis
1115 2992 1316 3047 diebus
1364 2992 1732 3050 hebdomadis
1760 3010 1855 3050 sex
1894 2996 2015 3051 die-

429 3099 577 3149 rum,
601 3083 717 3159 fuit
730 3084 956 3155 aliquod
982 3087 1200 3155 signum
1226 3087 1682 3152 resurrectionis,
1709 3098 1766 3143 et
1794 3088 2010 3157 mundi,
2041 3111 2084 3170 ο

425 3186 485 3233 et
518 3177 806 3232 hominum
841 3176 1260 3247 generationis;
1299 3177 1373 3231 ita
1397 3177 1564 3232 etiam
1586 3171 1640 3232 i'n
1671 3195 2005 3249 unoquoque

427 3268 741 3323 millenario
793 3283 893 3322 sex
957 3267 1193 3321 millium
1253 3282 1527 3322 annorum
1576 3270 2011 3339 praeteritorum,

428 3360 535 3415 fuit
571 3359 795 3430 aliquod
831 3359 1146 3431 symbolum
1182 3368 1240 3415 et
1276 3369 1441 3431 typus
1474 3361 1913 3417 resurrectionis
1958 3372 2015 3418 et

430 3451 700 3505 transitus
730 3459 1002 3505 creaturae
1035 3449 1105 3505 ad
1158 3449 1213 3504 id
1237 3449 1385 3520 quod
1408 3458 1493 3505 est
1526 3451 1764 3513 melius.
1812 3467 2015 3524 nempe

430 3539 497 3595 ad
523 3534 1008 3609 incorruptionem
1044 3549 1104 3593 et
1124 3538 1390 3605 interitus
1407 3540 1770 3595 emotionem.
1798 3541 2014 3596 Ducen-

429 3632 628 3688 tesimo
692 3632 919 3701 quidem
975 3640 1035 3686 et
1098 3631 1386 3686 tricesimo
1428 3647 1591 3687 anno
1647 3632 1814 3703 primi
1864 3634 2013 3700 diei,

428 3725 651 3796 genitus
709 3722 844 3779 Seth
904 3722 1022 3797 (qui
1077 3724 1481 3793 interpretatur
1560 3725 1783 3797 positus)
1843 3726 2014 3783 habet

426 3814 725 3887 imaginem
749 3823 808 3869 et
857 3813 1288 3870 similitudinem
1330 3830 1499 3885 quam
1534 3815 1605 3870 ab
1644 3814 1804 3872 initio
1827 3834 1859 3872 a
1900 3820 2014 3876 Deo

427 3918 714 3978 acceptam
741 3905 917 3962 Adam
968 3907 1293 3964 obscuravit
1336 3922 1438 3977 per
1484 3910 2012 3980 transgressionem,

427 4006 491 4053 ut
517 4010 714 4053 sumus
754 3995 934 4051 fusius
979 3994 1265 4051 ostensuri
1300 4010 1428 4050 cum
1464 3993 1741 4052 fuerimus
1784 3997 1845 4052 in
1875 3997 2018 4055 locis

427 4089 524 4159 qui
545 4096 994 4156 consequuntur.
1023 4085 1321 4142 Millesimo
1346 4076 1538 4141 autein
1563 4086 2014 4160 quingentesimo

427 4191 579 4235 anno
612 4174 703 4247 (ad
722 4189 1014 4247 vesperam
1041 4173 1306 4230 tendente
1327 4173 1564 4232 meridie
1588 4175 1803 4246 saeculi)
1832 4185 2017 4233 trans-

426 4269 575 4324 latus
602 4274 689 4323 est
718 4266 912 4323 Enoch
942 4266 1041 4336 qui
1085 4265 1192 4320 fuit
1215 4265 1480 4335 primitiae
1511 4275 1569 4321 et
1608 4265 1785 4338 ﬁgura
1827 4267 2012 4325 homi-

350 4382 359 4395 ι
426 4374 563 4414 num
587 4357 656 4414 ad
682 4358 884 4413 melius
913 4356 1291 4412 translationis
1320 4366 1377 4411 et
1407 4356 1854 4416 reformatidnis:
1883 4376 2012 4418 nam

2129 1891 2185 1947 in
2224 1892 2471 1964 quinque
2511 1896 2854 1951 meridiebus
2895 1899 3141 1968 quinque
3173 1899 3387 1954 dierum
3419 1915 3517 1954 seu
3552 1900 3723 1954 mille

2127 1999 2399 2039 annorum
2435 1987 2644 2053 saeculi,
2669 2004 2780 2043 non
2825 1990 3003 2044 solum
3032 2000 3164 2044 sunt
3205 1992 3454 2063 symbola
3510 1992 3717 2047 mundi

2126 2077 2508 2132 translationis
2536 2079 2602 2132 ad
2637 2081 2855 2144 melius,
2879 2089 2936 2136 et
2983 2082 3457 2152 incorruptionem
3512 2084 3721 2139 interi-

2128 2176 2326 2237 tusqne
2365 2170 2732 2224 remotionern
2760 2187 2773 2223 :
2806 2171 2902 2226 sed
2928 2172 3094 2226 etiam
3139 2173 3314 2242 ipsius
3350 2172 3561 2228 Christi
3609 2188 3717 2242 ap-

2125 2258 2421 2326 paritionis
2473 2259 2828 2330 hominisque
2878 2264 3252 2333 susceptionis
3306 2272 3363 2318 et
3410 2263 3705 2318 Ecclesiae.

2124 2348 2354 2404 Meridie
2387 2352 2535 2409 enim
2568 2360 2625 2405 et
2653 2367 2885 2422 vespere
2931 2356 3069 2409 sexti
3106 2355 3240 2419 diei,
3271 2370 3367 2409 seu
3406 2355 3711 2425 quinquies

2116 2441 2422 2495 millesimo
2454 2452 2512 2496 et
2534 2442 2986 2512 quingentesimo
3017 2461 3162 2499 anno
3184 2445 3505 2499 incarnatus
3539 2461 3711 2515 appa-

2124 2532 2237 2586 ruit
2265 2550 2277 2584 :
2315 2533 2766 2602 quandoquidem
2799 2536 2868 2589 ad
2900 2551 3185 2605 vesperam
3222 2536 3363 2590 sexti
3398 2536 3508 2590 diei
3538 2537 3591 2590 in
3620 2537 3705 2590 sui

2124 2631 2310 2695 typum
2343 2624 2603 2679 formavit
2623 2625 2820 2682 Adam.
2840 2628 2915 2682 Et
2945 2628 3069 2682 ideo
3105 2628 3357 2682 nonnulli
3388 2629 3707 2698 conjectan—

2122 2722 2204 2767 ter
2227 2708 2488 2769 dixerdnt
2551 2716 2699 2786 quod
2733 2734 2961 2788 vespere
3009 2730 3064 2773 et
3103 2719 3338 2773 dimidio
3400 2721 3540 2773 sexti
3591 2720 3703 2775 diei

2124 2804 2183 2859 (it
2223 2808 2581 2873 resurrectio,
2649 2826 2814 2879 quam
2879 2811 3196 2882 significant
3252 2827 3349 2866 sex
3387 2812 3702 2880 vespertina

2120 2899 2479 2967 crepuscula;
2517 2900 2688 2969 utqui
2736 2901 2888 2970 digni
2914 2903 3031 2956 sint
3062 2902 3310 2956 heredes
3345 2902 3497 2967 regni
3530 2902 3703 2955 caelo-

2120 3005 2265 3042 rum.
2300 2989 2420 3055 Quo
2453 2991 2699 3059 quidem,
2724 2991 2929 3061 inquit,
2971 2994 3207 3064 septimo
3238 2993 3349 3055 die,
3374 3003 3700 3048 extremum

2119 3081 2367 3134 omnium
2389 3098 2514 3151 qum
2540 3084 2772 3147 creavit,
2808 3084 3164 3139 ineffabiliter
3192 3092 3250 3139 et
3293 3085 3527 3156 mystice
3563 3100 3700 3139 con-

2117 3172 2325 3226 struxit
2371 3173 2517 3227 Dcus
2571 3175 2838 3239 Verbum,
2872 3177 3018 3231 sicut
3045 3191 3146 3231 nos
3181 3176 3345 3231 docet
3392 3178 3509 3246 ipse
3556 3176 3699 3231 Deus

2115 3263 2385 3328 Verbum,
2422 3264 2655 3320 dicens:
2691 3265 2894 3329 Venite,
2927 3269 3181 3323 benedicti
3209 3252 3403 3323 Patris
3426 3270 3550 3332 mei,
3585 3284 3695 3322 esse

2117 3355 2350 3410 heredes
2372 3358 2553 3426 parati
2591 3358 2731 3412 vobis
2758 3362 2907 3430 regni
2946 3378 2978 3414 a
3022 3363 3395 3415 constitutione
3415 3363 3599 3414 mundi
3628 3362 3697 3414 ⁸³.

2117 3444 2250 3500 Nam
2270 3447 2554 3516 quomodo
2583 3459 2898 3505 creaturam
2934 3451 3380 3517 condidit,.tunc
3410 3444 3581 3506 etiam
3606 3468 3698 3522 pa-

2116 3543 2267 3597 ravit
2291 3559 2546 3614 regnum.

2185 3627 2302 3685 Hoc
2340 3640 2431 3686 est
2484 3634 2635 3687 enim
2669 3633 2996 3689 vicesimum
3053 3635 3361 3691 secundum
3394 3636 3488 3690 Dei
3535 3650 3691 3706 Opus,

2113 3722 2313 3795 viginti
2360 3724 2507 3779 enim
2557 3724 2670 3780 duo
2697 3741 2866 3797 opera
2906 3726 3108 3782 fecisse
3150 3727 3334 3783 Deum
3380 3726 3595 3788 dicunt,
3642 3736 3697 3781 est

2114 3814 2434 3872 Iudaeorum
2460 3825 2520 3872 et
2534 3816 2981 3875 Christianorum
3016 3819 3374 3890 interpretes.
3400 3818 3479 3874 Ex
3496 3819 3696 3889 quibus

2116 3906 2342 3978 quidem
2368 3907 2565 3980 viginti
2598 3918 2657 3965 et
2683 3922 2857 3964 unum
2895 3911 3009 3982 jam
3038 3911 3206 3981 paulo
3232 3920 3374 3967 ante
3401 3922 3695 3966 enumera-

2114 3999 2299 4056 vimus
2331 3998 2558 4075 facts‘in
2593 4015 2693 4058 sex
2742 4001 2963 4059 diebus.
2993 4002 3333 4060 Vicesimum
3382 4012 3572 4060 autem
3613 4018 3696 4059 sc-

2116 4090 2363 4147 cnndum
2402 4096 2489 4147 est
2538 4090 2711 4147 futuri
2761 4092 2950 4149 saeculi
2999 4103 3256 4165 paratum
3317 4107 3577 4166 regnum,
3641 4101 3695 4149 et

2117 4183 2426 4256 spiritualis
2459 4184 2879 4256 contemplatio.
2918 4186 3221 4257 Propterea
3249 4185 3448 4258 viginti
3478 4200 3696 4258 quoque

2116 4276 2341 4333 duobus
2377 4276 2532 4334 libris
2563 4285 2856 4333 enumerat
2883 4292 3048 4333 omne
3103 4279 3278 4334 Vetus
3315 4293 3479 4360 suum
3511 4277 3700 4334 Testa-

2118 4380 2390 4426 mentum.
2428 4368 2538 4426 Sed
2562 4385 2745 4442 neque
2777 4371 2936 4426 novit
2959 4370 3346 4442 quamobrem,
3387 4384 3570 4441 neque
3599 4369 3699 4426 scit

426 4452 620 4509 Enoch
654 4452 1059 4522 interpretatur
1103 4450 1398 4505 innovatio.
1451 4449 1609 4507 Unde
1652 4451 1893 4521 septimo
1919 4451 2011 4508 die
2048 4484 2091 4539 ο
2122 4462 2450 4534 mysterium
2482 4461 2738 4518 vicesimi
2769 4462 3001 4518 secundi
3032 4463 3274 4519 numeri.
3319 4461 3511 4533 Neque
3552 4463 3700 4533 cogi-

428 4542 781 4616 signiﬁcante
827 4539 1272 4607 translationem,
1313 4542 1411 4612 qui
1461 4541 1567 4597 fuit
1614 4543 1888 4613 septimus
1941 4545 2012 4600 ab

431 4638 663 4701 Adamo,
688 4634 795 4690 fuit
816 4634 1140 4690 translatus.
1176 4634 1271 4689 Bis
1304 4634 1601 4690 millesimo
1631 4642 1817 4690 autem
1849 4637 2017 4708 quin-

429 4730 738 4797 gentesimo
794 4741 971 4791 anno,
1019 4727 1169 4796 quod
1224 4734 1313 4781 est
1368 4725 1664 4782 dimidium
1704 4729 1865 4783 tertii
1898 4729 2012 4784 diei

429 4822 637 4887 saculi,
674 4820 819 4877 facta
837 4829 923 4875 est
947 4819 1141 4874 mundi
1189 4818 1512 4874 reformatio
1553 4828 1682 4889 post
1736 4820 2013 4878 diluvium

429 4930 527 4985 per
548 4913 686 4970 Noe.
707 4912 844 4967 Nam
861 4912 977 4969 Noe
998 4925 1220 4981 quoque
1260 4910 1660 4980 interpretatur
1680 4911 2011 4982 reformatio.

434 5006 700 5061 Similiter
749 5014 806 5060 et
859 5012 941 5059 ter
996 5002 1292 5058 millesimo
1337 5002 1785 5073 quingentesimo
1844 5020 2013 5071 anno,

430 5097 579 5165 quod
602 5096 833 5168 quidem
879 5103 966 5150 est
1009 5094 1302 5150 dimidium
1345 5095 1527 5163 quarti
1574 5094 1707 5160 diei,
1765 5098 2016 5166 generati

434 5198 565 5245 sunt
588 5191 699 5244 duo
722 5189 937 5259 populi,
966 5187 1133 5242 lsrael
1168 5194 1226 5241 et
1257 5186 1433 5241 frater
1460 5188 1602 5257 ejus.
1627 5186 1786 5254 Quod
1826 5189 1872 5244 si
1908 5189 2017 5245 hoc

433 5299 545 5340 non
576 5282 825 5337 admittis
856 5282 912 5336 in
942 5282 1159 5351 signum
1192 5281 1646 5346 resurrectionis,
1679 5283 1824 5337 scias
1870 5284 2021 5354 quod

435 5373 632 5429 eodem
668 5383 867 5443 quarto
902 5373 993 5427 die
1021 5386 1281 5443 egressus
1301 5382 1388 5427 est
1447 5373 1620 5432 Israel
1663 5388 1731 5428 ex
1761 5372 2019 5446 Egypto,

436 5476 492 5521 et
521 5466 802 5537 ingressus
833 5473 919 5519 est
957 5464 1014 5518 in
1051 5472 1253 5519 terram
1305 5466 1710 5535 promissionis.
1735 5467 1896 5523 Nunc
1925 5483 2024 5524 au-

440 5566 547 5611 tem
579 5556 791 5610 exitum
825 5573 892 5611 ex
912 5554 1147 5627 {Egypto
1178 5556 1624 5627 interpretantur
1659 5560 2016 5631 interpretes,

506 5738 553 5773 '°
588 5737 783 5792 Matth.
803 5754 919 5804 xm,
949 5738 1037 5791 45.

2114 4564 2199 4610 tat
2249 4555 2399 4626 quod
2434 4555 2736 4612 vicesimus
2781 4556 3008 4627 quidem
3056 4571 3325 4612 numerus
3367 4563 3587 4612 constat
3637 4571 3702 4609 ex

2120 4647 2340 4702 duobus
2367 4647 2631 4717 perfectis
2650 4649 2902 4704 numeris
2938 4665 3035 4705 seu
3088 4649 3356 4717 denariis,
3383 4649 3702 4721 signiﬁcans

2117 4738 2401 4795 Christum
2434 4755 2502 4795 ex
2543 4741 2766 4796 duobus
2798 4741 3059 4811 perfectis
3102 4741 3475 4812 compositum
3501 4741 3591 4813 (ex
3620 4739 3703 4795 di-

2120 4832 2374 4896 vinitate,
2402 4832 2649 4906 inquam,
2701 4830 2758 4886 et
2796 4834 3164 4906 humanitate)
3203 4833 3315 4889 duo
3371 4841 3703 4889 testamenta

2121 4925 2442 4996 scripsisse;
2510 4927 2833 4991 Mosaicum,
2892 4927 3155 4997 inquam,
3222 4925 3596 4997 Decalogum,
3649 4933 3705 4980 et

2124 5016 2507 5087 Evangelium.
2536 5016 2627 5072 Sic
2641 5018 2790 5073 enim
2809 5018 3072 5087 impletur
3092 5016 3392 5073 vicesimus
3418 5014 3701 5071 secundus

2125 5125 2395 5164 numerus
2420 5125 2486 5165 ex
2522 5109 2743 5166 duobus
2771 5112 3052 5181 decalogis
3078 5121 3133 5166 et
3162 5111 3383 5167 duabus
3410 5111 3702 5179 essentiis.

2121 5217 2322 5273 nempe
2346 5200 2639 5259 divinitate
2681 5214 2737 5260 et
2766 5204 3135 5260 humanitate.
3183 5203 3457 5272 Quoniam
3518 5212 3703 5257 autem

2121 5292 2286 5363 887
2331 5296 2590 5363 pervenit
2617 5297 2797 5351 oratio
2828 5296 2894 5350 ad
2930 5312 2994 5350 ea
3041 5312 3165 5365 qua:
3195 5304 3326 5351 sunt
3360 5293 3597 5350 dicenda
3637 5293 3707 5346 de

2120 5384 2312 5453 quiete
2347 5396 2401 5440 et
2426 5387 2913 5442 consummatione
2970 5388 3192 5458 septimi
3242 5388 3376 5452 diei,
3431 5401 3545 5440 non
3595 5383 3698 5438 erit

2121 5474 2387 5543 alienum,
2417 5476 2461 5531 si
2491 5479 2706 5549 aliquas
2732 5478 2940 5535 Christi
2967 5495 3134 5533 voces
3158 5495 3296 5549 quas
3316 5479 3454 5533 dixit
3479 5477 3548 5532 de
3567 5491 3703 5530 cons

2121 5572 2521 5638 summatione,
2550 5572 2607 5627 in
2635 5573 2880 5630 medium
2935 5571 3303 5629 adducamus.
3338 5570 3474 5627 Nam
3515 5571 3573 5624 in
3606 5585 3699 5640 pa-

1116 5740 1158 5771 “
1192 5738 1360 5794 Hebr.
1393 5755 1467 5805 lx,
1506 5739 1591 5793 12.
1671 5742 1715 5772 δ’
1740 5739 1934 5798 Matth.
1972 5760 2098 5812 xxv,
2127 5746 2212 5801 54.
