4098 6446
408 398 510 463 9-51

1507 409 1589 469 IN
1632 411 2182 478 HEXAEMEBON.
2203 443 2272 453 —
2292 421 2442 484 LIB.
2483 427 2627 489 VII.‘

3577 446 3683 508 942

407 511 598 566 rabola
653 513 878 584 quidem
938 515 1130 570 decem
1169 515 1456 588 Virginum
1517 518 1655 575 dixit
1703 523 1772 552 "'
1801 524 1981 578 media
2017 532 2057 584 Α
2089 529 2250 582 annis
2274 548 2417 602 quos
2467 534 2607 590 dixit
2641 536 2787 591 Deus
2820 537 2953 606 Noe,
2981 556 3106 595 eum
3141 543 3178 597 ii
3223 559 3336 600 non
3364 547 3472 604 sint
3507 552 3668 621 ﬁniti,

399 608 569 655 nocte
600 600 846 672 seipsum
866 611 1125 673 tanquam
1156 619 1420 674 sponsum
1439 621 1469 659 e
1501 607 1641 662 emlo
1663 620 1982 688 venturum.

396 687 584 744 Media
614 706 724 746 nox
764 701 948 748 autem
987 703 1247 750 censetur
1291 706 1488 766 quarta
1539 715 1668 768 pars
1720 704 1901 759 noctis
1930 714 1986 762 et

393 777 548 834 diei:
603 780 670 834 Et
702 781 900 851 factum
940 793 1038 847 est,
1091 783 1292 854 inquit,
1337 802 1554 857 uesper;
1593 798 1644 843 et
1681 793 1884 862 factum
1909 805 1987 862 est

392 886 562 924 mam
583 872 694 926 dies
732 891 888 928 unus.
923 875 1053 930 Dies
1079 885 1268 931 autem
1324 878 1530 934 Christi
1565 882 1731 938 habet
1764 895 1985 958 tempus

388 961 553 1017 mille
578 979 876 1030 annorum,
912 975 975 1020 ut
999 968 1112 1038 jam
1167 970 1242 1026 sit
1301 971 1484 1027 media
1526 989 1637 1028 nox
1693 981 1984 1046 prmsentis

391 1051 512 1108 diei
563 1055 785 1124 septimi
839 1055 1260 1115 ducentesimus
1325 1063 1825 1138 quinquagesimus
1881 1089 1982 1127 an-

391 1160 527 1200 nus.
549 1144 708 1213 Quod
743 1148 968 1218 quidem
1001 1151 1273 1208 Dominus
1325 1171 1522 1212 rursus
1555 1159 1719 1216 tacite
1767 1163 1980 1233 signili~

391 1244 506 1297 cat.
529 1236 724 1293 dicens
743 1257 756 1292 :
774 1238 901 1306 Quis
923 1250 998 1296 est
1016 1257 1150 1314 ergo
1159 1242 1336 1312 ﬁdelis
1367 1257 1414 1300 et
1435 1249 1666 1318 prudens
1687 1251 1778 1306 ille
1797 1270 1978 1311 servus

390 1344 550 1396 quem
581 1345 702 1384 cum
731 1334 931 1386 uenerit
959 1333 1214 1390 Dominus
1262 1339 1398 1408 ejus,
1431 1341 1692 1396 invenerit
1745 1346 1977 1416 uigilan-

389 1425 500 1472 tem
527 1418 554 1470 ?
578 1420 744 1474 Amen
769 1421 882 1476 dico
911 1423 1072 1489 vobis,
1105 1428 1247 1496 quod
1269 1445 1430 1499 super
1457 1435 1639 1488 omnia
1689 1435 1827 1492 bona
1870 1457 1970 1494 sua

385 1511 672 1564 constituet
711 1527 828 1566 eum
849 1531 867 1566 :
888 1521 936 1568 et
975 1517 1020 1569 si
1051 1518 1106 1570 in
1131 1521 1362 1577 secunda
1393 1531 1441 1576 et
1473 1527 1632 1580 tertia
1678 1529 1863 1600 uigilia
1888 1549 1978 1587 ve-

385 1602 528 1654 nerit
552 1610 600 1654 et
621 1603 696 1656 sic
715 1604 996 1668 invenerit,
1031 1607 1214 1663 beatus
1233 1609 1326 1664 ille
1354 1629 1537 1668 servus
1571 1617 1639 1670 ⁵³.
1675 1617 1812 1674 Cum
1864 1623 1977 1678 sint

381 1705 519 1762 ergo
576 1701 814 1762 quatuor
848 1696 1030 1752 noctis
1059 1699 1282 1770 vigilias,
1324 1719 1424 1758 cur
1465 1722 1577 1762 non
1607 1708 1743 1765 dicit
1784 1712 1974 1768 Domi—

378 1798 512 1846 nus,
550 1783 700 1852 quod
734 1788 900 1840 etiam
930 1789 1111 1857 prima
1137 1792 1363 1864 vigilia;
1395 1797 1492 1850 sed
1523 1813 1649 1854 cum
1685 1804 1972 1862 nominas-

379 1881 469 1926 set
491 1873 793 1928 secundam
851 1883 924 1948 et.
961 1879 1222 1948 tertiam,
1285 1888 1560 1955 praeteriit
1621 1893 1857 1962 primam
1914 1910 1971 1954 et

381 1973 640 2034 quartam
672 1966 696 2018 ?

458 2139 820 2206 Quamobrem
840 2143 1032 2200 mediae
1057 2150 1203 2203 nocti
1225 2167 1285 2205 ru
1297 2169 1419 2210 rsns
1436 2160 1702 2216 convenit
1719 2165 1965 2222 secunda

381 2241 441 2284 et
480 2231 636 2286 tertia
684 2233 872 2304 vigilia
916 2253 929 2288 :
973 2239 1220 2307 perfecta
1266 2245 1415 2299 enim
1441 2257 1496 2303 et
1531 2253 1692 2320 plena
1723 2271 1832 2310 nox
1881 2269 1969 2315 est

372 2318 852 2391 quingentesimus
899 2340 1081 2382 annus
1129 2331 1260 2386 diei.
1319 2335 1437 2391 Nox
1503 2318 1691 2396 autem
1736 2345 1964 2406 dimidia

371 2420 461 2465 est
488 2427 668 2468 almus
697 2415 1116 2476 ducentesimus
1151 2425 1664 2500 quinquagesimus.
1697 2436 1965 2498 Similiter

366 2501 541 2557 etiam
587 2507 1057 2576 complementum
1099 2517 1358 2574 secundm
1399 2522 1620 2592 vigilim,
1660 2537 1717 2584 et
1757 2535 1964 2601 princi-

365 2593 528 2663 pium
584 2596 762 2652 tertize
821 2598 1041 2671 vigilite,
1093 2615 1176 2658 est
1233 2606 1379 2664 idem
1431 2593 1850 2686 ducentesimus
1905 2633 1963 2680 et

363 2684 861 2758 quinquagesimus
923 2708 1122 2751 annus.
1200 2698 1327 2755 Haec
1379 2684 1580 2761 autem
1626 2709 1962 2783 interpretes

364 2776 636 2834 dixerunt
663 2797 764 2851 per
791 2787 1168 2858 conjecturam
1206 2793 1273 2848 ad
1325 2798 1495 2852 animi
1533 2807 1953 2876 recreationem,

360 2883 483 2923 non
519 2878 703 2925 autem
758 2872 1072 2933 deﬁniendo
1115 2897 1128 2934 :
1167 2898 1347 2954 neque
1412 2889 1559 2945 enim
1630 2894 1956 2966 ignorarunt

355 2973 496 3015 eum
523 2963 620 3031 qui
648 2963 787 3018 dixit
821 2983 834 3018 :
869 2967 946 3022 De
979 2969 1185 3027 dieillo
1220 2985 1269 3030 ει
1301 2978 1434 3035 hom
1471 2999 1625 3038 nemo
1654 2963 1824 3052 ἶιουίι,
1862 3007 1954 3046 nec

357 3050 547 3120 angeli
600 3051 699 3106 Dei
723 3055 788 3108 ³⁵⁵.
831 3054 1106 3116 Caeterum
1139 3063 1304 3131 Deus,
1333 3069 1626 3141 inquiunt,
1660 3050 1953 3154 abscondit

247 3183 252 3186 .
355 3139 546 3210 ipsum
595 3143 740 3200 diem
781 3155 838 3202 et
874 3148 1103 3218 horam;
1172 3139 1634 3226 possuntautem
1703 3175 1948 3241 tempora

347 3234 637 3302 conjicere
690 3237 727 3290 ii
776 3239 870 3308 qui
930 3239 1134 3298 habent
1188 3259 1440 3324 sanctum
1493 3251 1784 3324 Spiritum,
1816 3234 1945 3332 -qui

351 3321 646 3390 cognoscit
675 3325 839 3379 etiam
879 3329 1144 3398 profunda
1177 3335 1271 3390 Dei
1312 3321 1376 3394 ⁸⁸.
1422 3321 1943 3423 ϐουξῖίοἰῐηυέθνέο.

348 3409 646 3480 inquiunt,
695 3431 766 3471 ex
803 3418 974 3476 rebus
1019 3433 1075 3478 et
1127 3427 1314 3484 verbis
1365 3430 1461 3486 Dei
1511 3409 1568 3490 et
1621 3409 1940 3512 Scriptura},

343 3517 481 3572 quae
508 3503 579 3560 de
619 3512 1099 3570 consummatione
1146 3515 1294 3574 dicta
1351 3530 1480 3578 sunt
1517 3503 1860 3599 aenigma-tice
1885 3541 1943 3590 et

345 3597 609 3664 occulte;
642 3598 742 3654 sed
773 3617 968 3658 verum
1013 3607 1223 3663 exitum
1265 3620 1320 3666 et
1359 3613 1526 3671 ﬁnem
1561 3621 1748 3676 saeculi
1786 3623 1940 3682 solus

341 3684 458 3740 scit
493 3685 724 3744 Creator
754 3699 1069 3763 temporum
1109 3707 1166 3754 et
1198 3703 1612 3765 universorum.
1659 3711 1934 3780 Quoniam

337 3787 539 3831 autem
599 3779 740 3836 nihil
801 3793 888 3839 est
930 3787 1072 3844 adeo
1129 3791 1448 3862 jucundum.
1497 3779 1840 3872 hominibus,
1877 3818 1935 3866 et

335 3868 587 3924 maxime
628 3869 684 3926 in
723 3873 928 3943 quibus
960 3878 1176 3937 habitat
1197 3883 1466 3944 fascinum
1493 3889 1735 3963 invidias,
1763 3908 1931 3970 atque

333 3959 676 4016 maledicere
701 3971 758 4018 et
775 3965 954 4049 aliena
977 3981 1252 4043 evertere,
1277 3977 1331 4032 in
1355 3982 1658 4049 perniciem
1683 3995 1742 4045 et
1773 4005 1929 4047 ever.-

331 4052 555 4108 sionem
609 4055 930 4116 auditorum
967 4080 982 4116 :
1013 4072 1070 4119 et
1124 4075 1277 4134 sunt,
1340 4078 1400 4126 ut
1457 4081 1544 4129 est
1596 4078 1922 4151 verisimile,

334 4145 591 4200 nonnulli
623 4150 1015 4218 reprehensuri
1047 4159 1321 4216 calculum
1349 4173 1715 4226 etnumerum
1746 4188 1924 4230 anno.

333 4224 461 4293 rum
489 4255 630 4310 quos
657 4241 896 4300 diximus
917 4245 974 4301 in
1011 4263 1107 4304 sex
1133 4255 1466 4322 vespertinis
1495 4264 1841 4330 crepusculis
1865 4276 1922 4323 et

331 4331 680 4389 meridiebus
731 4351 1003 4394 annorum
1060 4342 1518 4415 millenariorum,
1577 4354 1770 4420 paucis
1801 4356 1919 4412 fer-

331 4429 479 4476 tasse
505 4425 666 4480 annis
699 4426 1091 4487 deﬁcientibus
1116 4444 1213 4488 aut
1237 4436 1404 4492 etiam
1437 4441 1911 4516 redundantibus;

2087 628 2144 674 et
2175 619 2244 678 de
2271 625 2526 694 plurimis
2557 629 2682 684 aliis
2717 630 2976 687 similiter
3019 650 3035 701 ;

2123 730 2128 758 ί
2163 714 2272 767 Καὶ
2308 717 2372 769 τὸ
2421 719 2496 790 μὴ
2535 721 2747 775 κεῖσθαι
2791 721 2848 776 δὲ
2921 733 2978 780 et
3019 726 3168 796 quod
3201 729 3258 784 in
3301 733 3536 802 septimo
3584 738 3672 794 die

2089 805 2182 857 ἐπὶ
2220 806 2319 877 τῆς
2366 809 2598 881 ἑϐδόμης
2633 813 2847 884 ἡμέρας
2919 833 3031 872 non
3064 835 3220 890 aeque
3251 831 3417 894 atque
3453 827 3508 882 in
3549 830 3672 886 aliis

2088 896 2210 949 κατ’
2260 898 2480 970 ἰσότητα
2525 901 2634 956 τῶν
2670 903 2846 959 ἄλλων
2919 912 3116 971 diebus
3173 917 3383 975 dictum
3431 923 3552 978 sit:
3601 926 3668 981 Et

2088 991 2310 1062 ἡμερῶν
2335 997 2397 1048 τᾶ
2427 1011 2440 1025 ·
2467 995 2576 1050 Καὶ
2605 998 2845 1068 ἐγένετο
2917 1009 3116 1078 factum
3141 1020 3216 1066 est
3235 1031 3416 1086 vesper
3436 1027 3484 1072 et
3515 1037 3670 1077 ηιαηε

2085 1083 2314 1153 ἑσπέρα
2400 1088 2498 1142 καὶ
2603 1091 2843 1162 ἐγένετο

2084 1177 2269 1242 πρῳῒ,
2347 1179 2616 1252 σύμϐολόν
2694 1187 2842 1240 ἐστιν

2082 1269 2312 1342 ἐναργὲς
2351 1274 2450 1346 τῆς
2483 1277 2540 1327 ὲν
2573 1277 2711 1348 αὐτῇ
2752 1296 2842 1347 γε-

2082 1363 2318 1436 νομένης
2369 1367 2680 1432 συντελείας
2733 1374 2840 1443 πρὸ

2079 1455 2181 1524 τῆς
2235 1472 2300 1509 συ
2307 1457 2686 1530 μοι-πληρώσεως
2743 1465 2840 1517 αὺ-

2079 1546 2209 1616 τῆς,
2250 1547 2325 1613 ὦς
2367 1567 2533 1620 φασιν
2567 1555 2618 1606 οἱ
2663 1556 2838 1608 Πατέο

2083 1655 2194 1708 pag,
2239 1637 2336 1694 καῖ
2369 1643 2606 1712 μάλιστα
2630 1647 2682 1699 oi.
2710 1651 2836 1720 περὶ

2076 1733 2169 1785 τὸν
2213 1735 2359 1805 ἱερὸν
2403 1738 2699 1809 Κλήμεντα
2739 1743 2833 1797 καὶ

2077 1824 2394 1896 Εἱρηναῑον,
2423 1831 2514 1884 καὶ
2548 1833 2832 1889 Ἰουστῖνον

2074 1915 2168 1970 τὸν
2199 1918 2451 1991 μάρτυρα
2473 1924 2568 1976 καὶ
2612 1924 2833 1992 φιλόσο-

2075 2025 2195 2078 φον,
2234 2011 2385 2076 ὅστις
2430 2014 2552 2068 λίαν
2577 2032 2638 2068 τε
2667 2017 2833 2089 ὑπερ-

2073 2101 2257 2171 σόφως
2336 2105 2419 2168 εἰς
2501 2105 2594 2160 τὸν
2670 2105 2830 2162 ἕκτον

2072 2197 2544 2268 ῠπομνηματίζων
2585 2201 2685 2272 τῆς
2730 2201 2827 2256 ’ἑκ-

2069 2305 2166 2360 της
2197 2290 2412 2362 ἡμέρας
2444 2292 2702 2364 ἀριθμὸν,
2728 2295 2826 2368 τὴν

2068 2380 2261 2452 νοερὰν
2285 2381 2380 2436 τοῦ
2401 2383 2692 2456 ἀνθρώπου
2721 2387 2826 2456 ψυ-

2067 2472 2190 2544 χὴν,
2216 2477 2312 2529 καὶ
2336 2475 2437 2540 τὰς
2459 2477 2624 2532 πέντε
2653 2479 2822 2533 αὐτοῦ

2063 2565 2390 2638 atatim-tut};
2477 2571 2762 2641 αἰσθήσεις
2805 2589 2820 2606 ·

2061 2657 2210 2727 λέγει
2255 2660 2366 2733 γὰρ
2419 2661 2482 2728 ἐξ
2527 2663 2668 2734 ἔργα
2723 2665 2823 2736 τῆς

2061 2752 2227 2824 ἕκτης
2263 2756 2502 2828 ἡμέρας.
2538 2757 2702 2812 Ὅθεν
2727 2761 2820 2814 καὶ

2059 2843 2233 2896 πολλὰ
2251 2843 2540 2909 διεξελθὼν
2563 2851 2694 2918 περὶ
2722 2849 2818 2904 τοῦ

2057 2935 2220 2990 ἕκτου
2284 2937 2521 3010 ἀριθμοῦ
2554 2980 2570 3004 ,
2639 2942 2818 2998 πάντα

2055 3027 2190 3099 φησὶ
2241 3029 2310 3082 τὰ
2373 3029 2478 3084 ὑπὸ
2532 3030 2670 3086 Θεοῦ
2715 3035 2814 3106 613-

2059 3124 2458 3196 μιουργηθέντα
2478 3125 2682 3198 ἑξαχῶς
2698 3129 2813 3184 δαι-

2051 3310 2211 3382 νοερὰ
2260 3312 2354 3365 καὶ
2403 3313 2653 3368 ἀθάνατα
2704 3311 2807 3370 οἷοί

2045 3403 2186 3456 εἰσιν
2212 3405 2263 3457 οἱ
2292 3405 2514 3474 ἄγγελοι
2551 3423 2567 3439 ·
2601 3409 2694 3462 καὶ
2725 3411 2804 3475 εἰς

2044 3493 2238 3564 λογικὰ
2319 3496 2492 3570 θνητὰ
2519 3497 2551 3565 ,’
2605 3499 2803 3568 οἵτινές

2041 3591 2182 3642 εἰσιν
2227 3591 2280 3644 οἱ
2329 3592 2606 3663 ἄνθρωποι
2641 3611 2656 3628 ο
2707 3597 2800 3652 καὶ

2038 3681 2121 3746 εἰς
2143 3682 2442 3754 αἰσθητικὰ
2481 3685 2683 3754 ἄλογα,
2708 3683 2798 3742 οἷά

2037 3774 2142 3828 εισι
2167 3774 2236 3828 τὰ
2257 3777 2452 3847 κτήνη,
2479 3778 2574 3832 καὶ
2606 3779 2674 3833 τὰ
2700 3797 2794 3834 πε-

2033 3865 2207 3930 τεινὰ,
2239 3868 2335 3922 καὶ
2363 3870 2411 3921 ol
2449 3869 2662 3940 ἰχθύεςο
2697 3873 2792 3928 καὶ

2031 3959 2112 4020 εἰς
2154 3957 2464 4030 ἐκπορευτὰ
2519 3977 2791 4031 μεταστα-

2027 4046 2158 4101 τικὰ
2178 4035 2498 4121 ἀναίσθητα,
2532 4045 2622 4108 οἷά
2649 4055 2787 4108 εἰσιν

2025 4141 2073 4192 ol
2107 4141 2300 4208 ἄνεμοι
2327 4147 2424 4198 καὶ
2456 4147 2510 4200 αἱ
2539 4147 2781 4218 νεφέλαι,

2025 4232 2122 4285 καὶ
2175 4235 2246 4287 τὰ
2309 4232 2518 4302 ὕδατα,
2574 4239 2666 4292 καὶ
2733 4241 2781 4292 ot

2021 4323 2294 4394 ἀστέρες”
2333 4328 2430 4381 καὶ
2487 4331 2568 4394 εἰς
2608 4330 2781 4404 αὐξη-

2019 4415 2146 4471 τικὰ
2170 4419 2550 4489 ἀμετάστατα,
2568 4419 2657 4480 οἷά
2672 4428 2779 4482 εισι

327 4513 397 4567 ad
419 4529 518 4570 eos
545 4509 770 4586 quidem
806 4521 900 4591 qui
929 4534 1062 4579 sunt
1089 4525 1242 4596 digni
1271 4539 1330 4584 ut
1364 4509 1670 4590 reddantur
1703 4509 1915 4596 certio;

2019 4512 2086 4568 τὰ
2127 4513 2322 4586 δένδρα
2341 4533 2352 4548 ·
2384 4519 2479 4572 καὶ
2509 4521 2589 4585 εἰς
2618 4523 2776 4577 ἀναε-

326 4619 440 4671 res,
467 4605 604 4662 illud
645 4611 1068 4680 respondemus,
1099 4619 1246 4688 quod
1291 4619 1458 4692 hujus
1487 4625 1566 4679 rei
1595 4641 1759 4684 causa
1788 4640 1909 4688 orta

322 4703 412 4750 est
452 4711 520 4752 ex
564 4698 632 4754 iis
656 4701 750 4770 qui
781 4703 954 4758 certis
999 4708 1343 4777 temporibus
1382 4713 1536 4770 fuere
1571 4717 1910 4794 chronogra-

320 4785 441 4854 pbi,
473 4789 566 4858 qui
603 4789 664 4846 in
689 4794 1036 4851 numerando
1065 4813 1178 4854 non
1195 4815 1614 4862 consenserunt.
1648 4809 1906 4868 Secundo

321 4884 511 4930 autem
543 4887 631 4934 est
659 4881 970 4948 sciendum,
995 4887 1143 4953 quod
1159 4889 1323 4946 aliter
1345 4907 1664 4966 computant
1685 4901 1900 4959 Hebraei

316 4978 544 5029 annum,
580 4977 639 5023 et
677 4970 841 5026 aliter
882 4973 1146 5032 Romanae
1175 4971 1437 5040 Ecclesiae
1473 4987 1740 5058 traditio;
1773 5009 1898 5048 nam

314 5053 396 5108 illi
452 5058 702 5126 quidem,
768 5070 1149 5123 trecentorum
1199 5073 1600 5148 quinquaginta
1662 5053 1904 5166 quatuor

314 5137 491 5166 ..-ι......
539 5143 745 5166 ,ηΑ-ημ-
811 5165 818 5166 ,
1433 5161 1457 5166 μ

311 5137 494 5196 solum
535 5143 752 5202 dierum
799 5165 1006 5208 annum
1055 5137 1376 5220 numerant:
1421 5161 1696 5224 Caeterum
1751 5175 1896 5244 quod

309 5232 556 5290 Ecclesia
597 5229 708 5295 non
731 5249 920 5300 exacte
957 5245 1259 5318 aliquando
1285 5253 1566 5316 invenerit
1597 5279 1893 5324 numerum

309 5325 366 5380 in
389 5329 810 5402 quadringentis
835 5338 1017 5404 annis,
1053 5343 1259 5411 quibus
1305 5347 1445 5403 dixit
1475 5351 1622 5409 Deus
1653 5356 1891 5416 Abrahae

307 5416 362 5471 in
417 5423 742 5478 servitutem
803 5443 925 5484 esse
991 5433 1355 5505 redigendum
1407 5451 1466 5496 et
1535 5445 1887 5518 aliiigendum

303 5507 562 5566 lsraclem
592 5516 664 5570 ab
687 5516 980 5591 Egyptiis,
1001 5527 1260 5594 quoniam
1285 5546 1394 5586 non
1414 5507 1889 5613 serviitégyptiis

303 5601 741 5674 quadringentos
809 5625 1021 5681 annos,
1109 5627 1168 5672 et
1243 5621 1312 5676 de
1393 5634 1618 5684 centum
1686 5601 1882 5704 viginti

369 5716 437 5749 ’ν
463 5718 653 5778 Matth.
691 5742 814 5792 xxv,
849 5728 903 5784 6.
985 5730 1031 5762 ⁸³
1063 5733 1254 5790 Matth.
1279 5755 1424 5806 xxxv,
1451 5745 1650 5815 46-48;
1678 5749 1811 5808 Luc.

371 5833 446 5901 (ι)
476 5834 671 5907 Grabe,
705 5839 955 5917 Spicileg.
986 5857 1116 5904 tom.
1143 5851 1208 5918 li,
1235 5869 1289 5925 p.
1326 5856 1442 5914 195.

2023 4604 2194 4676 σθητα
2252 4609 2642 4679 ἀμετάστατα,
2687 4609 2778 4669 οἷά

2915 1101 3024 1156 dies
3071 1121 3240 1173 unus,
3288 1124 3408 1166 esse
3447 1114 3673 1170 evidens

2912 1191 3131 1263 signum
3155 1197 3276 1267 ejus
3307 1215 3431 1270 qua:
3465 1203 3518 1257 in
3549 1206 3669 1275 ipso

2910 1277 3054 1334 facta
3098 1294 3184 1338 est
3236 1295 3669 1350 consummatio-

2909 1372 2998 1428 nis
3037 1383 3095 1430 et
3135 1381 3548 1452 complementi,
3585 1387 3670 1442 di-

2909 1474 3044 1521 cunt
3099 1475 3278 1528 sancti
3329 1477 3552 1546 Patres,
3611 1495 3666 1538 et

2907 1561 3146 1618 maxime
3164 1577 3390 1625 sanctus
3405 1571 3663 1633 Clemens

2906 1658 2964 1704 et
3009 1651 3274 1720 lrenasus.
3311 1670 3368 1714 et
3411 1663 3662 1723 Justinus

2907 1755 3117 1819 martyr
3154 1759 3211 1806 et
3260 1754 3628 1829 philosophus
3643 1807 3656 1825 .

2904 1837 3000 1905 qui
3038 1838 3360 1900 doctissime
3411 1852 3659 1909 scribens

2903 1929 3376 1995 Commentarium
3439 1955 3655 2004 Sextum

2897 2024 3043 2078 sexti
3085 2025 3226 2094 dici,
3261 2030 3396 2088 dicit
3441 2047 3655 2095 sextum

2901 2129 3198 2174 numerum
3261 2139 3383 2180 esse
3446 2129 3656 2187 intelli-

2898 2219 3118 2278 gentem
3137 2215 3376 2276 hominis
3392 2225 3652 2288 animum.

2897 2311 2954 2357 et
2980 2305 3230 2378 quinque
3251 2313 3374 2383 ejus
3404 2321 3651 2376 sentien-

2899 2403 2980 2451 tes
3020 2414 3234 2459 sensus.
3283 2406 3442 2466 Unde
3481 2414 3648 2471 etiam

2895 2504 3019 2544 cum
3071 2497 3244 2553 multa
3293 2500 3650 2564 disseruisset

2893 2580 2964 2637 de
3007 2594 3164 2642 sexto
3199 2591 3468 2660 numero,
3512 2597 3650 2656 dicit

2893 2678 3076 2733 omnia
3119 2696 3242 2752 qum
3283 2700 3312 2740 a
3359 2688 3472 2744 Deo
3519 2706 3647 2748 surt

2894 2767 3160 2831 fabricata
3261 2785 3647 2852 sescuplicitrr

2890 2860 3064 2919 dividi
3107 2882 3122 2920 :
3178 2867 3233 2924 in
3302 2888 3392 2927 res
3438 2875 3648 2933 intelli-

2887 2963 3082 3023 gentes
3149 2970 3206 3016 et
3265 2962 3642 3037 immortales,

2886 3048 3194 3118 cujusmodi
3249 3067 3378 3112 sunt
3419 3063 3638 3131 angeli.

2883 3138 3013 3195 etin
3036 3157 3123 3198 res
3139 3147 3352 3205 ratione
3379 3155 3640 3222 prmditas

1975 3212 2018 3268 C
2053 3215 2303 3286 ρεῖσϐαι·
2355 3220 2672 3284 τουτέστιν,
2728 3223 2809 3285 εἰς
2881 3234 3162 3301 mortales,
3180 3241 3490 3310 cujusmodi
3509 3259 3640 3304 sunt

2878 3322 3161 3394 homines;
3203 3340 3260 3386 et
3286 3332 3341 3388 in
3387 3351 3476 3392 res
3505 3354 3636 3396 sen-

2879 3413 3078 3472 tientes
3103 3421 3332 3479 rationis
3354 3438 3633 3498 expertes.

2874 3509 3181 3579 cujusmodi
3213 3528 3346 3574 sunt
3377 3522 3628 3605 iumenta

2871 3607 2928 3654 et
2959 3601 3212 3661 volucres
3233 3619 3291 3663 et
3325 3611 3505 3681 pisces
3527 3631 3543 3681 ;
3566 3601 3630 3672 et

2871 3689 2927 3744 in
2981 3707 3072 3748 res
3110 3697 3467 3766 prodeuntes
3505 3722 3628 3762 mo-

2867 3791 3080 3850 ventes,
3115 3797 3172 3844 et
3192 3789 3508 3864 inscnsiles,
3532 3815 3626 3854 cn-
3701 3826 3708 3836 ·

2860 3875 3100 3946 jusmodi
3163 3893 3293 3940 sunt
3342 3891 3525 3956 venti,
3567 3903 3623 3950 et

2862 3967 3096 4037 nebulre,
3123 3983 3179 4028 et
3199 3991 3378 4046 aquae,
3396 3990 3452 4036 et
3485 3987 3619 4040 stel-

2861 4059 2964 4127 lae;
3003 4073 3058 4118 et
3107 4065 3160 4121 in
3206 4085 3295 4125 res
3343 4058 3616 4144 qum'au-

2858 4163 3060 4222 gentur
3087 4167 3142 4211 et
3162 4176 3282 4230 quae
3306 4165 3472 4224 etiam
3499 4186 3617 4226 mo-

2857 4252 3094 4312 ventur,
3137 4251 3447 4322 cujnsmodi
3481 4272 3613 4317 sunt

2855 4335 3112 4404 arbores;
3141 4351 3197 4398 et
3225 4343 3281 4400 in
3309 4363 3399 4403 res
3427 4349 3610 4408 inserto

2853 4427 2982 4483 siles
3003 4445 3126 4501 quae
3156 4451 3266 4492 non
3290 4454 3605 4513 moventur,

2853 4528 2912 4576 ut
2948 4533 3079 4580 sunt
3106 4537 3322 4588 montes
3348 4541 3403 4590 et
3439 4545 3602 4606 terra,

2847 4622 2906 4670 et
2936 4631 3060 4686 quae
3097 4631 3230 4678 sunt
3261 4625 3600 4700 hujusmodi.

2017 4701 2122 4752 εἰσι
2150 4701 2219 4752 τὰ
2240 4701 2342 4773 ὅρη
2371 4704 2522 4778 καὶή
2550 4707 2642 4776 γῆ,
2679 4709 2773 4763 καὶ
2845 4705 3050 4768 Omnes
3089 4717 3239 4773 enim
3278 4737 3368 4778 res
3409 4739 3440 4779 a
3485 4727 3599 4784 Deo

2014 4796 2082 4848 τὰ
2128 4799 2374 4854 τοιαῦτα.
2433 4801 2620 4856 Πάντα
2663 4804 2770 4877 γὰρ
2842 4811 3039 4860 creata:
3063 4805 3118 4862 in
3151 4811 3293 4868 caelo
3316 4821 3374 4870 et
3399 4815 3458 4872 in
3485 4827 3594 4874 ter-

2011 4888 2078 4942 τὰ
2111 4889 2390 4962 κτίσμα-δα
2413 4895 2507 4948 τοῦ
2535 4894 2670 4952 Θεοῦ
2709 4901 2767 4952 ὲν
2843 4910 2924 4962 l'a,
2949 4907 3183 4974 tangunt
3211 4923 3374 4965 unam
3401 4921 3458 4968 et
3486 4915 3590 4970 ali-

2009 4965 2224 5054 οὐρανῷ
2254 4967 2608 5060 vitam,
2634 4995 2763 5063 μιᾶς
2839 5001 3000 5056 quam
3035 4965 3102 5052 ἐι
3143 4995 3231 5052 his
3273 5000 3585 5062 distinctio-

2005 5091 2151 5138 τινος
2179 5077 2386 5141 τούτων
2408 5080 2518 5134 τῶν
2545 5082 2604 5151 ἓξ
2641 5084 2758 5139 δια-
2835 5081 3090 5150 nibus,et
3104 5101 3233 5147 sunt
3249 5095 3331 5150 eis
3346 5097 3585 5158 deﬁnitae

2009 5153 2518 5244 ﬂohit‘j‘iﬂ‘tstzt,
2553 5181 2648 5235 καὶ
2700 5185 2759 5236 ἐν
2831 5188 2895 5226 ac
2914 5177 3367 5256 Circumscriplte.

2007 5268 2203 5332 αὑταῖς
2241 5273 2598 5345 περιώρισται
2631 5281 2648 5348 (
2671 5281 2689 5334 l
2713 5283 2754 5352 ).

1993 5467 2255 5536 pulchras
2285 5475 2626 5576 consideras,
2665 5491 2726 5537 ut
2759 5467 3058 5558 cognoscas
3098 5498 3245 5564 quod
3292 5501 3409 5572 ipse
3435 5523 3603 5578 quos

2827 5551 2854 5558 ν
3118 5551 3130 5564 ι
3220 5551 3243 5552 η
3293 5551 3405 5572 'l'"
3478 5551 3546 5564 ’.ν

1994 5571 2106 5625 que
2128 5574 2223 5615 sex
2254 5551 2470 5621 dierum
2519 5583 2785 5633 creaturae
2831 5582 3013 5650 opifex
3049 5584 3324 5660 Christus,
3353 5551 3574 5656 conistat

1991 5650 2230 5718 quodam
2257 5658 2423 5712 modo
2451 5677 2518 5716 ex
2548 5679 2784 5722 numero
2804 5675 3060 5744 senario;
3098 5695 3297 5754 nempe
3317 5703 3385 5743 ex
3405 5706 3571 5748 carne

1859 5765 2058 5831 3:11.57,
2082 5767 2170 5824 38.
2249 5772 2510 5833 “Matth.
2553 5796 2698 5850 xxiv,
2727 5785 2818 5844 56.
2896 5789 2943 5822 ⁸⁵
2982 5793 3000 5847 1
3041 5793 3168 5851 Cor.
3212 5816 3266 5868 ιι,
3309 5802 3400 5856 19.
