4098 6432
537 395 642 459 943

1754 401 1814 460 s.
1857 398 2256 476 AXASTASII
2297 399 2620 459 SINAITE

533 522 656 577 qua:
703 514 918 561 constat
959 521 1024 562 cx
1081 517 1323 578 quatuor
1359 507 1670 574 elementis,
1707 517 1762 563 et
1793 525 1862 564 ex
1907 508 2118 562 intelli-
2148 516 2190 570 Α
2221 517 2373 562 sexta
2437 510 2572 563 hora
2635 510 2881 580 ejusdem
2943 512 3238 567 milienarii
3287 524 3342 569 et
3391 516 3652 587 septima
3695 518 3830 574 hora

531 605 694 668 gente
724 597 926 663 anima,
970 606 1026 654 et
1077 615 1144 654 ex
1174 599 1482 656 divinitate.
1539 601 1682 670 Ergo
1721 601 1764 654 si
1807 601 1986 654 omnia
2024 615 2117 670 per

531 693 704 759 ipsum
743 701 792 743 et
824 693 879 744 in
912 693 1087 762 ipsum
1143 693 1410 746 tendentia
1441 701 1626 758 creata
1662 702 1808 753 sunt,
1852 701 1964 745 tam
1997 707 2116 761 quae

529 791 652 834 sunt
681 782 734 835 in
753 782 892 836 caelis
920 799 1080 854 quam
1099 798 1215 853 qua:
1241 783 1294 835 in
1317 790 1484 846 terra,
1517 791 1576 836 ut
1599 783 1797 836 clamat
1819 781 2023 835 Paulus
2043 781 2111 847 ",

530 871 758 926 omnino
813 872 1125 942 signiﬁcant
1171 874 1266 943 qui
1301 881 1384 927 est
1435 873 1492 926 in
1537 872 1656 942 ipso
1709 872 2014 935 senarium,
2058 879 2114 925 et

527 979 654 1017 eum
690 964 961 1034 signiﬁcat
997 965 1175 1019 omnis
1211 981 1480 1020 numerus
1515 964 1772 1019 senarius
1807 966 1899 1036 qui
1939 973 2022 1020 est
2055 965 2112 1018 in

528 1057 716 1113 Veteri
742 1068 798 1112 et
832 1059 984 1113 Novo
1017 1059 1395 1112 Testamento.

597 1148 966 1216 Quamobrem
991 1157 1051 1203 ut
1076 1149 1223 1219 quod
1246 1148 1503 1204 Christus
1519 1150 1714 1204 'omnia
1744 1151 2026 1204 contineat
2054 1157 2112 1204 et

526 1239 788 1294 erunibus
815 1239 1153 1306 dominetur,
1211 1249 1506 1310 propterea
1545 1242 1728 1295 sexies
1763 1241 2108 1312 millenarius

523 1346 791 1386 numerus
835 1341 920 1386 est
959 1333 1142 1387 unitas
1199 1333 1382 1387 omnis
1419 1334 1614 1413 calculi
1667 1345 1725 1389 et
1766 1336 1982 1390 numeri
2014 1335 2109 1405 qui

523 1422 728 1476 dicitur
773 1423 831 1477 in
877 1424 1102 1488 litteris,
1149 1425 1540 1496 unitatumque
1577 1435 1632 1480 et
1670 1427 2013 1482 binariorum
2053 1437 2111 1483 et

521 1513 918 1579 ternariorum,
961 1525 1019 1569 et
1055 1517 1110 1570 in
1141 1519 1422 1572 creaturis
1461 1519 1822 1573 terrestribus
1855 1528 1913 1572 et
1936 1519 2109 1572 subli-

520 1605 700 1660 mibus
737 1607 990 1661 continet
1042 1623 1264 1662 omnem
1327 1610 1656 1664 numerandi
1709 1610 1998 1664 scientiam
2051 1619 2110 1664 et

519 1699 908 1767 quantitatem,
945 1715 1070 1754 cum
1097 1701 1170 1754 sit
1195 1701 1536 1772 signiﬁcans.
1575 1703 1644 1756 Et
1691 1702 1794 1756 hac
1833 1701 1902 1756 de
1939 1717 2106 1756 causa

517 1795 676 1842 sexto
701 1788 791 1842 die
809 1788 986 1843 factus
1014 1797 1100 1844 est
1127 1791 1342 1859 primus
1393 1790 1589 1855 Adam,
1631 1798 1692 1844 ut
1726 1789 1821 1859 qui
1856 1789 2107 1859 praeﬁgu-

2220 595 2564 655 hebdomada
2588 639 2602 664 ,
2650 608 2707 653 et
2732 608 2884 655 sexta
2905 601 3040 655 hora
3083 603 3220 656 sexti
3263 603 3400 669 diei,
3431 620 3612 675 quam
3643 619 3829 678 aperte

2219 687 2591 759 prasﬁguravit
2639 701 2696 746 et
2749 693 3042 764 descripsit
3091 696 3250 750 nobis
3294 698 3365 751 ad
3436 701 3828 756 enarrandum

2217 781 2535 849 prepositus
2569 793 2757 838 sextus
2787 785 2906 840 dies
2931 787 3231 843 creationis
3270 805 3366 845 se:
3398 790 3637 845 dierum
3667 811 3682 858 ;
3707 809 3828 849 nam

2217 871 2262 924 si
2301 871 2428 940 quis
2451 873 2584 928 velit
2607 883 2864 944 tanquam
2892 877 2944 930 in
2981 877 3161 931 medio
3197 879 3400 933 horum
3429 883 3685 936 duorum
3712 885 3829 940 die-

2215 976 2340 1014 rum
2386 963 2741 1020 considerare
2790 967 3000 1037 (illius,
3065 969 3310 1038 inquam,
3365 973 3519 1027 sexti
3586 975 3722 1040 diei,
3774 988 3825 1032 et

2213 1051 2367 1108 illius
2421 1053 2477 1108 in
2521 1057 2634 1124 quo
2663 1057 2941 1112 secundus
2981 1057 3155 1114 Adam
3195 1062 3462 1118 Christus
3510 1065 3825 1120 voluntarie

2212 1156 2408 1211 passus
2458 1153 2544 1198 est
2599 1147 2976 1219 passionem),
3028 1151 3271 1204 inveniet
3314 1169 3419 1208 eos
3467 1169 3600 1208 esse
3657 1157 3820 1212 veluti

2211 1233 2476 1300 quasdam
2505 1235 2624 1291 sine
2651 1237 2975 1294 discrimine
3000 1241 3110 1294 sibi
3137 1243 3564 1310 respondentes
3592 1256 3651 1300 et
3681 1249 3822 1316 ejus-

2211 1324 2336 1380 dem
2361 1338 2572 1384 naturae
2597 1329 2735 1385 duas
2759 1332 3026 1402 imagines
3059 1350 3118 1390 se
3153 1335 3301 1390 inter
3328 1352 3391 1390 se
3439 1337 3732 1395 imitantes
3767 1350 3818 1396 et

2211 1432 2312 1489 per
2337 1434 2426 1473 res
2448 1419 2596 1476 inter
2621 1436 2679 1476 se
2705 1423 3066 1479 assimilatas.
3099 1427 3166 1480 Et
3191 1428 3301 1496 jam
3336 1427 3584 1496 quidem
3613 1430 3730 1484 fuse
3754 1433 3816 1486 de

2211 1509 2298 1564 his
2329 1527 2359 1564 a
2390 1511 2552 1566 nobis
2587 1513 2794 1568 dictum
2843 1523 2928 1569 est
2969 1516 3022 1570 in
3073 1517 3301 1588 mystica
3333 1521 3814 1589 contemplatione

2210 1603 2532 1658 salutarium
2564 1605 2770 1661 Christi
2820 1607 2918 1661 Dei
2961 1611 3137 1663 nostri
3181 1611 3517 1679 passionum
3551 1612 3610 1666 in
3645 1615 3816 1668 Evan-

2209 1695 2374 1763 gelio',
2412 1686 2468 1752 e't
2522 1698 2654 1753 illuc
2699 1700 3128 1756 transmittimus
3180 1702 3441 1757 discendi
3505 1706 3808 1762 studiosum

2209 1785 2542 1843 auditorem.
2569 1789 2836 1846 Similiter
2863 1793 3123 1862 quoniam
3147 1802 3295 1849 totus
3321 1810 3546 1866 scopus
3575 1808 3634 1853 et
3661 1801 3811 1855 iusti-

517 1887 667 1933 raret
697 1877 993 1950 imaginem
1021 1850 1438 1934 indi-viduarum
1479 1879 1718 1949 partium
1743 1850 1977 1932 -Christi
2009 1850 2106 1946 qui
2141 1850 2182 1906 Β
2215 1885 2392 1933 tutum
2425 1881 2590 1953 hujus
2617 1885 2804 1953 operis
2848 1850 2934 1940 est
2971 1895 3030 1940 ut
3072 1850 3447 1943 ostendamus
3497 1891 3651 1961 quod
3699 1893 3810 1946 uni-

515 1979 603 2027 est
628 1987 722 2027 sex
753 1971 995 2036 dierum,
1048 1970 1140 2042 qui
1192 1980 1276 2028 est
1312 1972 1590 2026 secundus
1631 1971 1829 2036 Adam,
1866 1968 2112 2040 quiqui-

514 2065 642 2120 dcm
669 2073 824 2120 sexto
849 2064 940 2118 die
955 2064 1143 2120 saeculi
1171 2079 1338 2134 super
1363 2073 1564 2118 terram
1594 2063 1700 2117 fuit
1729 2071 1786 2117 et
1810 2062 2066 2132 apparvit
2091 2077 2104 2127 ;

513 2173 715 2228 nempe
761 2171 908 2212 anno
947 2156 1248 2228 quinquies
1294 2157 1590 2211 millesimo
1638 2153 2104 2225 quingentesimo,

513 2253 609 2322 qu_i
640 2259 726 2306 est
753 2249 1014 2306 meridies
1047 2258 1104 2304 et
1126 2265 1376 2319 vespera,
1400 2259 1458 2305 et
1489 2257 1657 2304 sextae
1687 2248 1840 2304 horae
1866 2246 2104 2313 medius,

512 2318 778 2400 videlicet
801 2353 970 2400 sextae
1002 2344 1334 2414 quantitatis
1361 2343 1569 2398 saeculi.
1747 2405 1754 2412 _

583 2436 956 2504 Quamobrem
993 2452 1058 2490 ea
1093 2435 1369 2495 de_causa
1416 2447 1648 2504 vespere
1691 2441 1850 2488 sexto
1895 2430 2008 2487 diei
2048 2431 2105 2485 in

513 2530 678 2585 horto
707 2538 765 2585 et
807 2528 1064 2599 paradiso
1109 2528 1288 2583 factus
1325 2535 1411 2582 est
1455 2521 1630 2581 Adam
1669 2541 1738 2580 ex
1775 2533 1920 2581 terra
1949 2535 2000 2579 et
2036 2540 2106 2579 ex

511 2622 702 2676 divina
732 2621 1101 2676 insutilatione
1137 2623 1238 2688 (ex
1259 2627 1479 2684 natura,
1509 2619 1756 2689 inquam,
1781 2615 2106 2687 aspectabili

511 2722 572 2770 et
601 2730 725 2784 qua:
766 2729 874 2768 non
921 2713 1070 2768 cadit
1109 2713 1214 2768 sub
1263 2710 1586 2780 aspectum)
1636 2709 1993 2781 praeﬁgurans
2041 2725 2105 2765 ac

515 2805 673 2875 prius
721 2803 1048 2859 describens
1096 2802 1405 2866 Christum
1446 2801 1836 2871 aspectabilem
1880 2808 1938 2854 et
1993 2816 2104 2854 non

513 2897 943 2969 aspectabilem;
985 2913 1108 2966 qua
1141 2896 1277 2950 hora
1316 2902 1469 2950 sexta
1521 2893 1579 2947 in
1637 2908 1737 2948 sua
1781 2892 2020 2961 imagine
2051 2900 2106 2946 ct

514 2990 796 3054 Ecclesim,
827 2990 982 3044 visus
1013 2999 1098 3042 est
1123 2987 1360 3042 Abrahae
1388 2987 1441 3041 in
1476 3000 1692 3056 quercu
1739 2985 2004 3056 Mambrc,
2047 2993 2104 3039 et

515 3082 632 3136 illic
653 3081 784 3138 fecit
811 3080 1146 3136 sacriﬁcium
1187 3078 1344 3132 \ituli
1401 3077 1517 3146 (qui
1552 3085 1786 3132 mortem
1814 3075 1934 3144 ejus
1961 3090 2104 3144 prte-

2211 1983 2372 2047 versa
2401 1985 2495 2025 sex
2534 1971 2748 2028 dierum
2814 1983 2922 2028 tam
2979 1975 3036 2030 in
3099 1976 3256 2031 caelis
3324 1993 3505 2047 quam
3549 1979 3612 2032 in
3657 1983 3808 2036 terris

2209 2045 2439 2127 cFeatio,
2469 2065 2784 2136 prteﬁgurat
2811 2082 2875 2122 ac
2917 2065 3186 2122 describit
3219 2069 3316 2123 Dei
3343 2045 3526 2125 verbi
3561 2055 3804 2128 incarna-

2209 2152 2416 2207 tionem
2453 2163 2508 2209 et
2534 2155 2834 2212 Ecclesiam
2860 2176 2874 2212 :
2900 2175 3128 2214 necesse
3162 2168 3249 2215 est
3285 2161 3358 2216 de
3407 2175 3620 2219 caetero
3655 2174 3713 2219 ut
3744 2182 3804 2222 ex

2208 2245 2398 2300 multis
2431 2262 2606 2316 pauca
2631 2249 2972 2305 adducamus
2999 2251 3212 2322 antiqui
3251 2253 3413 2308 illius
3441 2253 3584 2318 diei,
3619 2273 3800 2325 quem-

2207 2337 2505 2392 admodum
2579 2340 2935 2412 praeﬁgurant
3007 2358 3072 2397 ac
3144 2343 3440 2400 ascribunt
3537 2349 3800 2404 salutares

2205 2428 2410 2485 Christi
2449 2431 2738 2502 passiones
2761 2450 2899 2502 quas
2923 2450 3116 2504 passus
3135 2445 3219 2489 est
3243 2447 3407 2491 sexto
3434 2437 3552 2501 die,
3582 2449 3636 2493 et
3676 2457 3798 2511 quo-

2207 2523 2374 2578 modo
2403 2523 2574 2578 Adam
2605 2540 2634 2578 a
2675 2525 2788 2580 Deo
2813 2526 2990 2580 factus
3019 2527 3178 2580 liberi
3215 2527 3464 2592 arbitrii,
3496 2532 3793 2587 voluntarie

2205 2625 2262 2670 et
2290 2631 2398 2670 non
2431 2632 2497 2671 ex
2533 2617 2713 2686 aliqua
2739 2626 3285 2688 necessntatepassus
3307 2630 3421 2685 est,
3455 2621 3532 2676 ita
3561 2623 3728 2676 libere
3749 2631 3795 2675 rt

2204 2709 2523 2764 voluntarie
2577 2710 2841 2765 Dominus
2903 2712 3074 2765 subiit
3137 2715 3487 2782 passionem.
3573 2717 3790 2770 Attende

2204 2797 2371 2851 etiam
2419 2812 2483 2851 ea
2523 2814 2644 2868 quae
2680 2809 2809 2852 sunt
2851 2799 3120 2864 dicenda,
3157 2809 3211 2855 et
3253 2803 3484 2858 videbis
3521 2805 3674 2861 ,sexti
3723 2813 3790 2876 ty-

2203 2903 2306 2957 pos
2359 2887 2776 2958 praeﬁgurantes
2813 2905 2877 2945 ac
2907 2891 3291 2952 deserilicntes
3343 2898 3667 2952 veritatem.
3717 2897 3786 2955 Ab

2205 2995 2325 3044 esu,
2357 2980 2527 3034 Adam
2565 2996 2757 3050 passus
2801 2995 2886 3037 εει
2917 2984 3086 3054 888
3115 2995 3390 3052 mortem;
3443 3003 3784 3058 quamonrcm

2201 3071 2458 3128 Christus
2496 3088 2717 3142 quoque
2765 3089 2890 3128 cum
2941 3077 3274 3132 surrexisset
3311 3079 3390 3134 ab
3451 3097 3551 3135 esu
3612 3095 3782 3142 comat,

514 3173 848 3246 ﬁgurabat),
872 3183 930 3228 et
957 3172 1068 3228 cibi
1095 3171 1335 3236 humani|
1359 3169 1468 3222 fuit.
1503 3167 1798 3238 particeps,
1837 3182 1964 3221 cum
1993 3183 2100 3220 non
2129 3185 2172 3244 ο
2205 3165 2358 3220 venit
2387 3165 2455 3218 ad
2489 3165 2798 3234 passionem
2847 3175 2903 3220 et
2961 3179 3218 3223 mortem.
3269 3171 3381 3225 Per
3413 3171 3584 3226 Evam
3610 3185 3783 3243 passus

513 3281 670 3322 suam
717 3265 1096 3336 praeﬁgurans,
1141 3263 1236 3318 sed
1289 3261 1440 3316 Sam
1513 3260 1677 3316 solvit
1705 3259 2094 3326 .sterilitatcm,

513 3371 714 3428 nempe
746 3355 1034 3423 Ecclesiae;
1061 3354 1206 3425 parit
1230 3354 1382 3410 enim
1411 3369 1520 3407 non
1545 3368 1740 3417 unum,
1775 3352 1869 3406 sed
1893 3352 2099 3425 multos

495 3445 850 3514 ,Isaacosmt
885 3447 940 3502 in
992 3446 1353 3502 tabernaculo
1398 3443 1502 3499 fuit
1544 3443 1756 3515 typice;
1803 3444 1912 3498 illic
1951 3441 2096 3497 enim

513 3538 680 3602 etiam
735 3538 985 3606 ambulat
1023 3538 1078 3593 in
1134 3537 1384 3592 Ecclesia
1434 3536 1553 3592 Dei.
1601 3533 1860 3590 Meridies
1911 3544 2097 3589 autem

514 3645 712 3684 rursus
733 3637 789 3684 et
817 3645 1046 3700 vespera
1068 3637 1188 3684 erat
1209 3635 1264 3682 et
1291 3628 1426 3682 hora
1453 3636 1626 3700 sexta,
1653 3626 1876 3696 quando
1896 3625 2101 3694 Joseph

515 3720 572 3774 in
633 3719 837 3774 Christi
879 3699 1180 3790 imaginem
1247 3733 1482 3786 pransus
1516 3699 1691 3770 -simul
1740 3731 1864 3772 cum
1917 3714 2102 3769 fratri-

514 3813 638 3875 bus,
669 3819 726 3866 ct
759 3809 966 3866 Christi
1017 3809 1226 3864 Pascha
1275 3807 1682 3863 admirabiliter
1726 3806 2102 3877 praeﬁguravit

513 3920 578 3959 ac
623 3903 940 3972 descripsit,
995 3910 1052 3958 et
1091 3911 1226 3957 tunc
1268 3901 1568 3956 cisternam
1625 3897 1918 3959 habitavit.
1973 3907 2100 3952 ante

514 3989 770 4044 indicans
807 4005 871 4044 ac
919 3988 1238 4061 signiﬁcans
1291 3988 1575 4044 Christan
1627 3987 1722 4058 qui
1779 3996 1904 4057 post
1947 3987 2100 4056 illam

515 4097 729 4137 uenam
753 4081 1045 4152 jaclendus
1066 4091 1188 4136 erat
1218 4081 1274 4134 in
1305 4080 1598 4134 cisternam
1646 4079 1908 4148 sepulcri.
1955 4079 2101 4133 liora

515 4181 666 4228 sexta
701 4180 822 4227 erat
855 4173 1024 4227 etiam
1057 4170 1280 4242 quando
1302 4171 1446 4227 Ruth
1479 4171 1571 4226 illa
1593 4170 1913 4226 admiranda
1949 4169 2104 4240 (tan-

515 4280 680 4336 quam
732 4263 978 4320 formosa
1021 4263 1298 4334 Ecclesia)
1351 4278 1477 4318 cum
1525 4261 1592 4318 ad
1642 4263 1822 4332 ipsum
1855 4261 2000 4336 Booz
2045 4261 2101 4315 in

515 4374 667 4430 agro,
699 4347 958 4426 tanquam
1003 4357 1069 4412 ad
1098 4355 1380 4413 Christum
1424 4357 1942 4427 appropinquasset,
1972 4369 2102 4408 csu-

517 4450 666 4505 riens
702 4448 772 4504 ab
809 4464 878 4504 eo
918 4457 1005 4504 est
1057 4448 1288 4512 nutrita,
1333 4457 1390 4502 et
1425 4450 1546 4518 ejus
1590 4449 1731 4502 facta
1763 4456 1848 4502 est
1877 4447 2098 4516 conjux.

2199 3265 2286 3314 est
2341 3255 2550 3321 Adam;
2611 3255 2870 3311 similiter
2917 3258 3083 3312 etiam
3133 3259 3395 3315 Christus
3463 3277 3657 3332 passus
3708 3267 3780 3314 est

2199 3356 2428 3420 propter
2491 3346 2816 3402 Ecclesiam.
2866 3348 2952 3413 Et,
2999 3357 3058 3402 ut
3119 3352 3316 3420 paucis
3373 3352 3578 3416 dicam,
3624 3366 3764 3413 come

2200 3441 2284 3496 dit
2343 3438 2538 3500 Adam,
2593 3436 2755 3506 fugit,
2809 3437 2974 3494 latuit
3039 3439 3093 3492 in
3139 3440 3357 3508 horto;
3399 3441 3777 3512 quaesitus,in-

2199 3543 2399 3588 ventus
2417 3530 2818 3586 condemnatus
2850 3529 2955 3583 fuit
2993 3547 3008 3584 :
3045 3532 3304 3586 similiter
3341 3535 3514 3588 etiam
3543 3533 3775 3588 Christus

2202 3622 2442 3677 comedit
2497 3635 2744 3684 caenam,
2797 3620 3112 3676 voluntarie
3184 3621 3326 3692 fugit
3398 3625 3454 3679 in
3547 3632 3766 3678 montem

2201 3712 2482 3768 Olivarum
2511 3720 2792 3770 oraturus,
2820 3709 2979 3764 latuit
3009 3711 3060 3764 in
3087 3721 3212 3766 orto
3245 3714 3770 3783 torrentisCedron;

2201 3805 2469 3875 quaesitus
2517 3812 2602 3858 est
2655 3819 2686 3856 a
2747 3802 2950 3858 Judaeis
3009 3813 3066 3858 et
3127 3793 3394 3862 inventus
3457 3815 3544 3860 est
3579 3821 3608 3858 a
3649 3802 3767 3859 Juda

2205 3897 2423 3966 signum
2453 3895 2620 3950 dante
2661 3895 3185 3966 oseulum;ejeetus
3233 3906 3320 3952 est
3374 3899 3528 3954 illinc
3577 3897 3766 3950 vinctus

2205 3988 2262 4042 in
2324 3988 2486 4042 horto
2531 3987 2677 4042 sicut
2728 3987 2896 4042 Adam
2957 4005 3022 4042 ex
3072 3990 3350 4058 paradiso,
3392 3990 3768 4061 probroque'et

2203 4079 2504 4149 ignominia
2560 4088 2644 4132 est
2698 4081 2928 4134 atl'ectus
2987 4079 3196 4148 lignum
3239 4089 3470 4150 portans
3520 4074 3764 4135 humeris.

2201 4176 2258 4222 et
2309 4167 2486 4222 factus
2526 4169 2834 4224 exsecratio
2871 4183 2936 4222 ac
2965 4168 3346 4237 maledictum,
3388 4169 3764 4224 condemnatus

2202 4267 2287 4312 est
2311 4266 2534 4328 propter
2556 4275 2682 4312 eum
2702 4249 2796 4328 qui
2815 4259 2997 4313 fuerat
3024 4259 3450 4323 condemnatus,
3477 4255 3762 4312 dicentihus

2205 4349 2272 4403 iis
2295 4349 2386 4418 qui
2421 4361 2831 4404 convenerant:
2859 4350 3062 4420 Dignus
3089 4359 3163 4404 est
3193 4362 3362 4404 morte
3394 4353 3460 4403 ⁵⁷.
3511 4351 3576 4404 Ει
3601 4359 3764 4417 εςνθςο

2205 4455 2298 4494 sus
2349 4448 2501 4494 extra
2544 4424 2888 4505 Jerusalem,
2918 4450 3174 4495 mortuus
3205 4451 3290 4496 est
3341 4450 3565 4511 propter
3595 4443 3757 4506 proto-

517 4539 689 4605 Quam
718 4539 952 4609 pulchre
981 4537 1196 4593 imitata
1218 4537 1444 4608 gentilis
1473 4537 1560 4591 illa
1589 4535 1856 4601 Ecclesia,
1883 4537 2103 4606 sapien-
2133 4521 2178 4575 Β
2206 4531 2441 4600 plastum
2461 4529 2554 4600 qui
2574 4540 2805 4585 mortem
2825 4529 3178 4594 subierat,ex
3199 4530 3364 4584 horto
3387 4541 3655 4599 egressus.
3677 4523 3760 4576 Est

519 4631 730 4686 tissima
773 4629 1142 4690 Samaritana.
1181 4645 1306 4700 quae
1339 4644 1596 4698 querens
1638 4613 2103 4698 quemadmodum

519 4727 664 4780 Deus
683 4724 755 4780 sit
779 4723 1114 4786 adorandus.
1134 4733 1289 4778 sexta
1315 4722 1448 4777 hora
1474 4721 1540 4776 ad
1563 4720 1845 4777 Christum
1871 4720 2106 4776 accessit

513 4814 844 4887 jampridem
877 4813 1162 4871 sedentem
1197 4829 1364 4885 super
1388 4822 1616 4884 puteum
1652 4811 1880 4880 piscinae
1921 4819 1978 4866 et
2022 4811 2104 4865 la-

517 4909 690 4972 vacri,
724 4905 1096 4979 quando"eam
1123 4905 1382 4961 liberavit
1415 4921 1445 4959 a
1483 4905 1750 4960 servitute
1777 4901 1928 4958 etab
1961 4917 2102 4972 aqua

515 4999 744 5055 ferenda
789 4998 1122 5070 alienigenis
1171 4995 1506 5059 simulacris,
1555 5011 1650 5049 seu
1690 5010 1720 5049 a
1752 4991 2004 5048 sudando
2049 4999 2105 5046 et

479 5123 490 5132 κ
519 5073 821 5146 laborando
855 5089 913 5143 in
944 5089 1012 5143 iis
1036 5103 1158 5160 quae
1204 5087 1273 5142 ad
1323 5101 1422 5142 eos
1469 5085 1790 5156 pertinent;
1837 5085 1982 5138 sicut
2013 5083 2105 5137 illa

518 5194 717 5248 aquam
747 5178 958 5234 ferebat
985 5178 1372 5234 Samaritanis.
1405 5177 1512 5232 llas
1545 5185 1730 5231 autem
1777 5190 1972 5231 omnes
2007 5190 2106 5230 ve-

519 5284 712 5340 sperae
735 5279 901 5326 sextae
949 5269 1099 5326 hora:
1147 5267 1278 5324 facit
1325 5268 1607 5332 Christus,
1657 5275 1886 5338 propter
1949 5266 2106 5322 illum

522 5362 801 5418 hominem
849 5361 944 5432 qui
1004 5363 1059 5416 in
1104 5361 1362 5432 paradiso
1403 5376 1635 5418 eversus
1685 5359 1864 5414 fuerat
1914 5358 1970 5414 in
2009 5358 2104 5414 illa

523 5469 751 5525 vespera
785 5454 841 5508 in
869 5454 962 5509 illo
993 5451 1266 5523 paradiso.
1295 5453 1431 5508 Nam
1453 5461 1679 5522 prepter
1704 5451 2102 5521 protoplastmn

521 5545 717 5609 Adam,
748 5544 804 5598 in
826 5553 1007 5599 ortum
1035 5542 1304 5612 Golgotha
1333 5557 1432 5598 seu
1467 5541 1752 5605 Calvariae,
1795 5557 2024 5611 vespere
2050 5551 2107 5596 et

523 5646 673 5691 Sexta
701 5635 838 5691 hora
874 5637 931 5690 in
961 5649 1180 5691 crucem
1208 5633 1462 5690 ascendit
1491 5641 1648 5690 sexto
1683 5633 1773 5688 die
1809 5633 2017 5697 saeculi,
2049 5633 2102 5686 in

596 5815 641 5849 ⁵⁵
673 5815 882 5870 Coloss.
922 5833 958 5884 ι,
997 5815 1080 5870 16.
1161 5817 1203 5847 ⁵⁷
1243 5813 1430 5868 Matth.
1481 5830 1622 5880 xxvi,
1666 5813 1753 5869 66.

2201 4620 2477 4690 proditus,
2517 4629 2574 4675 et
2605 4621 2662 4674 in
2695 4620 2920 4674 hortum
2969 4629 3056 4676 est
3091 4621 3396 4692 ingressus,
3441 4629 3495 4674 et
3535 4618 3588 4672 in
3630 4615 3760 4683 ligno

2199 4710 2496 4768 cruciﬁxus
2527 4719 2754 4782 propter
2783 4711 3063 4767 hominem
3097 4713 3191 4784 qui
3228 4713 3486 4782 proditus
3521 4710 3690 4764 fuerat
3712 4702 3758 4756 in

2201 4804 2384 4870 horto,
2403 4815 2460 4859 et
2477 4804 2758 4874 ingressus
2778 4805 2972 4858 eratin
2991 4805 3216 4860 hortum
3244 4805 3434 4862 mundi
3459 4814 3518 4858 ut.
3532 4809 3749 4856 vescere-

2203 4903 2292 4948 tur
2348 4895 2608 4950 omnibus
2672 4905 2930 4964 tanquam
2981 4896 3232 4953 oleribus
3275 4897 3392 4952 feni
3433 4915 3446 4951 :
3487 4893 3592 4950 fuit
3627 4887 3754 4964 enim

2203 4988 2376 5043 instar
2422 4987 2618 5043 bestiaer
2653 4998 2709 5043 et
2756 5004 2954 5060 expers
3009 4991 3240 5046 rationis
3293 4999 3416 5060 post
3473 4991 3750 5058 peceatum-

2205 5079 2358 5135 Unde
2393 5079 2590 5134 hortus
2637 5081 2743 5135 fuit
2786 5081 2842 5136 in
2882 5079 3167 5148 Calvaria,
3223 5083 3315 5138 ubi
3360 5082 3530 5138 Adam
3562 5071 3754 5151 jat‘el.ml

2205 5179 2477 5226 mortuus.
2517 5171 2652 5226 illuc
2685 5187 2810 5226 cum
2851 5173 3098 5229 venisset
3137 5173 3415 5240 Christus,
3456 5161 3752 5245 pendent-li"

2202 5263 2374 5335 ligno,
2413 5265 2612 5320 latroni
2653 5266 2872 5335 aperuit
2911 5267 3270 5336 paradisum;
3323 5274 3490 5322 noctu
3531 5257 3754 5317 Christus

2208 5357 2450 5413 comedit
2513 5355 2720 5412 Pascha
2769 5367 2896 5412 ante
2922 5359 3257 5428 passionem,
3306 5355 3558 5430 quoniam
3604 5347 3676 5403 sic
3705 5349 3752 5394 el

2210 5456 2374 5504 noctu
2422 5449 2664 5504 comedit
2703 5447 2899 5513 Adam,
2927 5460 2983 5505 et
3022 5459 3108 5506 est
3152 5451 3423 5522 proditus,
3464 5445 3750 5518 priusquam

2209 5541 2388 5612 aperti
2413 5549 2596 5595 essent
2617 5542 2736 5611 ejus
2761 5541 2941 5596 oculis

2282 5631 2408 5686 Tria
2436 5631 2581 5702 ligna
2620 5641 2781 5687 erant
2827 5631 2881 5710 in
2920 5634 3212 5704 paradiso:
3248 5646 3411 5687 tinum
3461 5623 3660 5698 quidem
3700 5617 3748 5664 ιιι

3730 409 3831 471 944
3920 442 3929 452 ·
