4098 6428
393 339 512 414 ets
945 341 972 354 ··
1498 342 1578 408 IN
1623 338 2174 408 HEXAEMERON.
2196 364 2264 378 -—
2285 339 2434 401 LIB.
2476 339 2609 401 vn.
3563 331 3670 398 9.16

391 464 716 515 vesceretur
747 457 951 522 homo;
984 455 1091 510 alia
1123 465 1308 510 autem
1338 455 1472 522 duo,
1500 457 1738 512 alterum
1759 456 1986 526 quidem
2017 459 2061 512 Α
2088 465 2416 516 excessum;
2447 447 2656 505 Christi
2698 459 2952 515 soporem
2987 443 3042 497 in
3081 457 3249 498 cruce
3275 484 3290 508 ,
3313 441 3458 498 latus
3500 444 3678 498 nuda-

393 550 609 620 lignum
639 547 786 612 vitae,
833 547 1071 602 alterum
1119 559 1304 604 autem
1361 549 1576 618 lignum
1618 547 1992 619 cognoscendi
2095 551 2212 597 tum
2264 541 2333 597 ad
2385 538 2868 602 vulnerationem;
2923 534 3282 589 nudationem
3343 545 3469 605 post
3524 551 3678 590 esum

394 643 613 698 bonum
655 649 714 695 et
751 641 994 696 malum:
1051 651 1344 712 propterea
1402 643 1502 698 lria
1557 659 1780 714 quoque
1842 643 1994 713 ligna
2093 633 2312 714 Adanii,
2343 643 2398 688 et
2424 631 2784 686 nudationem
2813 635 2939 698 post
2977 641 3192 682 caenam
3223 625 3469 680 Christi:
3504 635 3684 684 vestes

396 731 617 788 conﬁxa
642 742 775 786 sunt
800 732 854 786 in
873 733 1038 788 horto
1065 734 1336 804 Golgotha
1357 751 1456 790 seu
1491 734 1787 798 Calvariaz;
1821 750 1994 788 unum

2130 725 2244 779 nim
2281 722 2860 794 exuit;proditionem
2899 734 2998 788 per
3028 725 3368 786 serpentem,
3417 725 3475 770 et
3500 717 3690 786 prodi-

396 823 630 895 quidem
671 824 880 894 lignum
923 825 1156 880 latronis
1187 827 1282 896 qui
1327 825 1432 880 fuit
1474 835 1750 891 servatus,
1795 835 1856 881 ut
1895 841 1997 896 per
2098 818 2306 871 tionem
2347 831 2445 885 per
2475 813 2649 868 filium
2674 811 2882 882 viperae
2915 807 3280 878 discipulum;
3315 822 3599 877 vesperam
3629 808 3686 862 in

399 919 582 989 ipsum
606 917 978 988 percipiamus
1001 934 1118 972 non
1151 918 1490 974 dilllucntem
1518 919 1758 974 fructum
1785 919 2000 972 theolo—
2097 923 2204 978 qua
2235 923 2295 962 se
2323 904 2673 961 abscondunt
2721 918 2752 956 a
2783 903 2894 956 Deo
2923 898 3270 970 μῐοῐοριθδῑῖν
3299 905 3354 952 ει
3398 912 3687 968 vesperam

399 1009 529 1081 giae,
563 1008 708 1064 sicut
740 1009 830 1064 ille
863 1009 1284 1078 paradisum,ct
1319 1026 1386 1066 eo
1412 1021 1701 1066 vescentes
1726 1011 1995 1076 laetemur,

401 1117 520 1156 non
577 1103 749 1156 semel
804 1101 900 1156 sed
955 1118 1175 1172 semper
1216 1118 1346 1158 eum
1409 1103 1786 1158 comedentes.
1851 1102 1998 1158 Crux

402 1191 616 1247 Christi
648 1201 736 1246 est
771 1192 981 1262 lignum
1023 1193 1171 1256 vitaa,
1218 1193 1274 1245 in
1311 1207 1424 1262 quo
1451 1192 1508 1247 in
1547 1193 1718 1246 altum
1749 1191 2000 1246 sublatus

405 1280 519 1336 fuit
557 1282 753 1337 botrus
790 1293 1067 1346 maturus,
1109 1292 1167 1338 et
1202 1283 1313 1336 vita
1354 1291 1546 1338 nostra
1576 1291 1706 1336 ante
1734 1297 1838 1336 nos
1880 1281 1999 1336 visa

405 1383 499 1428 est
520 1387 811 1442 suspensa,
845 1373 1004 1444 cujus
1037 1373 1245 1428 virtute
1275 1373 1436 1428 multi
1481 1373 1650 1428 etiam
1689 1389 1758 1429 ex
1799 1389 2001 1428 monu-

407 1465 638 1529 mentis,
688 1463 972 1530 viviﬁcati,
1029 1473 1160 1520 sunt
1216 1467 1464 1522 excitati.
1517 1465 1753 1536 Lignum
1814 1474 2000 1521 autem

409 1556 789 1626 cognoscendi
824 1558 1035 1612 bonum
1069 1566 1127 1612 et
1157 1559 1384 1623 malum,
1415 1557 1522 1612 fuit
1561 1572 1698 1612 crux
1743 1557 2002 1628 blasphe-

2098 1000 2156 1055 in
2203 1015 2308 1070 qua
2366 999 2514 1052 Deus
2550 995 2748 1050 Adami
2806 1000 2974 1064 caput
3020 991 3335 1048 Calvarium
3377 991 3688 1060 subjectum

2099 1099 2420 1146 exsecratur
2451 1099 2512 1144 ut
2545 1089 2687 1143 ferat
2727 1085 2916 1157 spinas
2968 1099 3096 1139 cum
3129 1083 3374 1147 tribulis,
3421 1091 3478 1136 et
3501 1080 3690 1150 spinas

2101 1187 2157 1240 in
2181 1184 2362 1255 capite
2391 1181 2648 1247 Christi;
2694 1177 2983 1234 tristitiam
3027 1176 3084 1230 in
3121 1173 3408 1245 pariendis
3454 1171 3604 1236 ﬁliis,
3635 1179 3694 1224 et

2103 1277 2384 1334 tristitiam
2431 1274 2860 1332 conturbantem
2888 1267 3099 1326 Christi
3136 1267 3378 1321 animam
3411 1279 3577 1335 usque
3624 1263 3694 1316 ad

2101 1381 2327 1427 mortem
2357 1371 2403 1402 “
2435 1369 2737 1436 ;sudorem
2787 1365 2918 1436 pani
2977 1362 3282 1419 immistum
3317 1373 3444 1414 cum
3478 1357 3690 1418 labore,

2103 1465 2368 1520 sudorem
2414 1469 2676 1532 tanquam
2725 1472 2950 1530 grumos
2975 1464 3073 1512 aut
3123 1461 3310 1526 guttas
3369 1450 3696 1522 sanguinis;

2103 1555 2481 1625 rhomphaaam
2503 1553 2766 1608 obstruen
2775 1558 2885 1605 tem
2908 1549 3220 1619 ingressum
3235 1544 3432 1607 Edem,
3444 1553 3504 1600 et
3519 1541 3700 1596 rhom-

407 1647 642 1711 mantis,
685 1665 812 1719 qua:
855 1648 910 1703 in
941 1649 1149 1704 bonum
1197 1651 1420 1721 quidem
1467 1650 1548 1704 illi
1575 1649 1682 1704 ﬁxa
1720 1649 1925 1715 fuerat,
1953 1651 2002 1705 si
2104 1649 2317 1720 phmam
2347 1645 2692 1716 aperientem
2720 1644 2865 1696 latus
2892 1639 3119 1696 Christi.
3167 1637 3283 1692 Nec
3333 1636 3451 1691 haec
3493 1634 3696 1696 solum,

409 1737 717 1805 voluisset;
755 1739 814 1793 in
843 1741 1048 1794 malum
1079 1751 1264 1796 autem
1291 1742 1372 1797 illi
1415 1741 1604 1806 cessit,
1636 1756 1764 1796 cum
1795 1750 2001 1797 temere
2042 1803 2072 1806 _
2105 1741 2203 1796 sed
2259 1740 2428 1795 etiam
2472 1738 2711 1792 duorum
2758 1732 3026 1804 quasdam
3087 1727 3488 1786 similitudines
3539 1743 3553 1779 :
3585 1725 3702 1780 illic

414 1828 490 1882 ab
516 1803 732 1899 ingrato
777 1831 965 1886 animo
1012 1832 1255 1902 linguam
1292 1803 1653 1898 extendisset,
1697 1841 1754 1888 et
1781 1848 1882 1902 pro
1909 1833 2004 1888 Dei
2039 1803 2082 1856 Β
2107 1831 2390 1886 diabolum
2421 1838 2477 1883 et
2506 1803 2842 1896 serpentem,
2877 1823 2971 1877 hic
3028 1821 3264 1876 Pilatum
3293 1827 3350 1874 et
3390 1817 3698 1888 Caipham;

419 1917 740 1974 laudatione
799 1920 974 1974 Deum
1039 1921 1502 1992 blaspheiuasset,
1538 1933 1596 1978 et
1673 1923 2008 1979 comedisset
2109 1927 2241 1980 hinc
2275 1931 2332 1979 et
2357 1922 2490 1976 hinc
2511 1920 2783 1975 Adamum
2803 1925 2861 1972 et
2886 1917 3078 1980 Evam,
3106 1921 3164 1968 et
3191 1911 3435 1966 medium
3457 1911 3700 1982 lignum;

422 2017 660 2062 mortem
684 2008 752 2063 ad
793 2009 1102 2066 interitum.
1140 2011 1276 2067 Tres
1309 2014 1390 2067 rei
1423 2023 1729 2084 peccarunt
1765 2016 1820 2068 in
1845 2030 2010 2084 para-
2108 2026 2166 2074 et
2221 2019 2316 2072 hic
2363 2015 2842 2085 blasphemantem
2896 2011 3031 2065 hinc
3088 2008 3397 2072 latronem;
3442 2013 3500 2060 et
3547 2003 3702 2058 illim:

429 2097 578 2161 diso,
620 2097 807 2163 Adam,
847 2109 906 2161 et
947 2101 1080 2164 Eva,
1131 2109 1189 2156 et
1232 2117 1482 2172 serpens,
1528 2119 1599 2158 ex
1647 2104 1852 2174 quibus
1897 2104 2011 2160 duo
2110 2112 2303 2176 alium,
2351 2110 2524 2164 Deum
2573 2105 2912 2169 laudantem,
2951 2112 3010 2158 et
3049 2099 3293 2156 medium
3343 2099 3576 2170 lignum,
3607 2096 3703 2151 sed

427 2188 658 2258 quidem
685 2198 810 2244 sunt
836 2193 1065 2258 servati,
1095 2209 1238 2249 unus
1265 2202 1449 2248 autem
1469 2183 1670 2264 \periit-
1768 2195 1906 2252 Cum
1935 2197 2013 2253 ita
2111 2203 2327 2270 crucis;
2360 2211 2419 2258 ει
2467 2199 2855 2255 indumentum
2894 2197 3008 2252 illic
3034 2195 3110 2262 jcx
3160 2193 3288 2260 ﬁcu,
3323 2201 3380 2248 ει
3411 2191 3499 2246 hic
3524 2190 3707 2245 tindu-

422 2291 725 2351 propterea
757 2291 870 2339 tres
893 2284 974 2340 rei
999 2285 1308 2356 penderent
1345 2286 1404 2341 in
1440 2286 1692 2342 Calvaria
1727 2287 2016 2358 (nomina-
2114 2305 2361 2352 mentum
2383 2309 2452 2348 ex
2473 2291 2677 2357 linteo;
2702 2297 2760 2344 et
2781 2297 2916 2344 tunc
2937 2286 3205 2358 quietem,
3231 2293 3288 2340 et
3307 2282 3707 2338 sabbatismum

422 2371 598 2428 batur
661 2375 809 2431 enim
858 2377 1028 2432 etiam
1089 2377 1381 2446 Dominus,
1453 2383 2013 2450 peccatum",etiamsi
2115 2389 2208 2445 hic
2237 2383 2748 2458 perfectumzduas
2767 2381 2916 2436 enim
2945 2378 3161 2449 quietes
3189 2375 3456 2431 docemur
3476 2373 3710 2430 exlibro

427 2473 661 2535 propter
688 2465 872 2536 ipsum
905 2483 1018 2522 non
1052 2477 1202 2524 esset
1225 2483 1356 2523 reus
1392 2485 1457 2524 ac
1495 2471 1921 2539 condemnatus,
1959 2483 2016 2528 et

428 2571 564 2610 cum
601 2570 710 2610 non
758 2567 930 2624 esset,
973 2559 1152 2614 solum
1190 2560 1424 2615 haberet
1462 2562 1613 2631 quod
1661 2563 2012 2636 diceretur),

441 2663 585 2702 unus
634 2649 778 2704 latro
823 2650 1093 2720 ingratus,
1139 2667 1268 2706 cum
1315 2663 1466 2708 esset
1508 2662 1667 2725 typus
1711 2655 1918 2712 diaboli
1965 2666 2020 2713 et

435 2742 711 2810 serpentis
737 2751 796 2798 et
825 2742 982 2798 Iuda:
1020 2745 1114 2814 qui
1145 2760 1204 2800 se
1239 2745 1296 2800 in
1314 2745 1466 2816 ligno
1491 2749 1803 2813 suil'ocavit,
1829 2749 2018 2818 periit.

2115 2479 2403 2550 proposito
2441 2475 2537 2546 qui
2578 2473 2787 2530 dicitur
2835 2470 3106 2526 Mosaicus
3147 2485 3162 2522 :
3205 2467 3274 2521 Et
3309 2465 3528 2537 perfecit
3566 2463 3709 2518 Deus

2116 2574 2174 2626 in
2198 2573 2292 2625 hoc
2315 2571 2404 2624 die
2423 2583 2582 2640 opera
2599 2583 2697 2620 sua
2721 2580 2838 2636 quae
2865 2564 3007 2633 fecit.
3033 2561 3298 2628 Quaedam
3317 2566 3500 2614 autem
3525 2572 3711 2612 exem-

2118 2663 2291 2734 plaria
2328 2661 2557 2726 habent,
2608 2671 2726 2728 qua:
2771 2657 2888 2727 fecit
2927 2654 3066 2709 Deus
3111 2667 3271 2722 super
3309 2658 3531 2704 terram.
3587 2649 3714 2703 Haec

2119 2763 2206 2812 est
2231 2755 2410 2826 prima
2429 2753 2610 2824 quies,
2635 2749 2764 2806 audi
2793 2749 2960 2805 etiam
2985 2745 3308 2803 secundam.
3341 2741 3536 2798 Statim
3563 2741 3710 2795 enim

433 2833 573 2886 Nam
607 2835 892 2904 (Ιιιυωοάο
943 2835 1212 2906 scriptum
1260 2845 1347 2899 est
1391 2839 1540 2908 quod
1581 2840 1710 2896 dolo
1754 2841 2022 2914 deceptus
2122 2847 2300 2902 dicit:
2332 2845 2403 2902 Et
2443 2842 2830 2916 quieviLDeus
2865 2843 2923 2896 in
2965 2841 3048 2894 die
3093 2839 3314 2909 septimo
3364 2838 3430 2892 ab
3475 2835 3714 2891 omnibus

427 2931 526 2980 ‘est
546 2925 743 2986 Adam.
765 2927 842 2982 ita
867 2927 1036 2983 etiam
1060 2929 1233 2985 Judas
1263 2932 1455 2987 osculo
1487 2933 1702 2989 et-dolo
1731 2933 1858 2991 fecit
1888 2953 2022 3007 pro-
2123 2938 2362 3012 operibus
2379 2939 2484 2992 suis
2500 2951 2620 3006 quin
2641 2933 3072 3006 fecit;benedixit
3093 2931 3234 2985 Deus
3261 2929 3397 2984 diem
3410 2929 3712 2999 septimum.

433 3016 710 3074 ditionem
745 3037 760 3072 :
791 3027 848 3074 et
882 3022 1161 3090 quomodo
1191 3024 1402 3079 dictum
1441 3035 1526 3082 est
1571 3029 1720 3098 quod
1767 3030 2025 3088 diabolus
2125 3040 2174 3088 et
2205 3028 2562 3098 sanctiﬁcavit
2593 3043 2736 3092 eum,
2771 3027 3022 3096 quoniam
3045 3025 3099 3078 in
3123 3040 3183 3076 ea
3217 3023 3414 3092 quievit
3454 3020 3518 3074 ab
3542 3021 3714 3074 omni-

431 3109 722 3181 ingressus
745 3120 830 3168 est
849 3115 1274 3184 serpentem,ita
1295 3117 1462 3172 etiam
1486 3119 1752 3190 scriptum
1775 3130 1860 3178 est
1873 3123 2022 3193 quod

2129 3127 2222 3181 bus
2266 3121 2508 3194 operibus
2535 3121 2647 3174 suis
2689 3133 2808 3189 quin
2858 3125 3088 3188 mperat
3133 3115 3291 3168 Deus.
3325 3111 3540 3197 Sigergo
3571 3111 3718 3166 Deus

432 3200 560 3270 ipse
590 3201 823 3259 Satanas
851 3205 1083 3260 intravit
1114 3207 1173 3261 in
1207 3223 1302 3263 cor
1329 3209 1486 3264 Judae
1508 3211 1768 3282 discipuli
1795 3212 2023 3269 Christi.

433 3292 568 3348 Fuit
622 3304 808 3350 autem
858 3297 1161 3368 aliquando
1209 3315 1433 3370 quoque
1487 3302 1718 3358 Satanas
1765 3305 1820 3360 in
1869 3307 2026 3363 caelis

434 3385 754 3456 discipulus
775 3387 988 3444 Christi
1044 3407 1172 3446 cum
1220 3394 1436 3449 caeteris
1479 3396 1690 3451 sanctis
1735 3397 2028 3469 discipulis

436 3484 606 3548 (cum
632 3477 1187 3554 angelicis,inquam,
1215 3486 1585 3559 Virtutibus);
1611 3490 1708 3544 sed
1740 3499 1860 3546 erat
1883 3509 2029 3548 unus

431 3585 510 3624 cx
539 3571 910 3642 principibus.
957 3575 1036 3631 De
1063 3589 1132 3630 eo
1157 3576 1307 3631 enim
1335 3577 1544 3632 dictum
1575 3588 1662 3634 est
1687 3595 1700 3632 :
1731 3580 1826 3634 Vos
1851 3589 2029 3636 autem

431 3666 578 3718 sicut
615 3667 852 3722 homines
884 3667 1204 3734 moriemini,
1243 3678 1292 3724 et
1327 3679 1584 3741 tanquam
1613 3688 1750 3727 unus
1781 3675 1846 3726 de
1877 3676 2030 3744 prin-

434 3757 642 3828 cipibus
686 3759 882 3815 cadetis
931 3763 996 3814 ⁸³⁸.
1047 3761 1415 3829 Quamobrem
1453 3763 1626 3818 Judas
1658 3781 1890 3836 quoque
1911 3774 2033 3822 erat

439 3864 594 3904 unus
619 3865 688 3904 ex
719 3851 954 3906 summis
973 3851 1290 3922 discipulis;
1342 3853 1492 3908 inter
1530 3869 1673 3924 quos
1718 3855 1772 3910 ei
1807 3870 2032 3926 quoque

439 3941 726 3997 creditum
755 3952 812 3998 et
830 3943 884 3998 in
913 3960 1112 4000 manus
1127 3945 1322 4000 datum
1358 3945 1542 4001 fuerat
1567 3947 1932 4017 marsupium.
1963 3948 2034 4004 Et

437 4046 520 4086 ne
563 4033 754 4088 eadem
784 4035 1034 4093 dicamus
1063 4053 1187 4108 quae
1241 4037 1342 4108 (ut
1371 4038 1582 4094 dictum
1625 4039 1749 4110 est)
1793 4039 2034 4097 diximus

441 4125 508 4178 in
537 4125 764 4196 mystica
794 4128 1115 4197 passionum
1155 4127 1364 4184 Christi
1412 4129 1900 4200 contemplatione,
1937 4133 2032 4202 qui

443 4216 702 4273 studiose
749 4220 985 4274 audiunt
1016 4236 1144 4276 eum
1187 4222 1283 4291 qui
1327 4221 1486 4292 jubet
1525 4227 1582 4276 et
1609 4197 1747 4277 dicit
1779 4241 1793 4276 :
1823 4197 2080 4278 Seruio:

442 4307 586 4364 mini
627 4306 1014 4380 Seripho-as“,
1049 4312 1328 4382 accipiant
1376 4315 1434 4366 in
1467 4327 1665 4370 manus
1707 4312 1882 4369 libros
1911 4315 2036 4370 coeli

443 4411 510 4458 et
535 4413 716 4469 terra},
741 4412 798 4458 et
829 4405 997 4460 alium
1023 4406 1120 4476 qui
1153 4405 1292 4460 dicit
1318 4424 1330 4460 :
1353 4405 1507 4460 Liber
1535 4407 1890 4476 generationis
1911 4405 2037 4461 Iesu

2127 3214 2342 3286 quievit
2376 3212 2434 3266 in
2464 3209 2555 3265 die
2591 3209 2830 3279 septimo
2871 3205 2940 3260 ab
2981 3203 3246 3259 omnibus
3301 3195 3566 3270 operibus
3601 3197 3719 3251 suis

2127 3324 2251 3380 quae
2281 3307 2432 3370 fecit,
2479 3300 2760 3374 quomodo
2805 3299 2945 3354 dicit
2981 3305 3172 3369 postea
3206 3293 3357 3366 quod
3400 3293 3545 3348 Deus
3585 3291 3718 3344 oriri

2129 3401 2251 3474 fecit
2317 3397 2502 3454 adhuc
2562 3411 2628 3449 ea:
2676 3401 2822 3446 terra
2861 3406 3016 3446 omne
3061 3388 3262 3460 lignum
3325 3385 3601 3474 pulchrum
3649 3384 3719 3474 art

2127 3489 2408 3546 videndum
2454 3493 2505 3539 et
2558 3485 2753 3540 bonum
2813 3481 2882 3535 ad
2913 3479 3312 3539 comedendum,
3359 3483 3410 3530 et
3457 3473 3720 3544 plautm'it

2130 3565 2464 3652 paradisum,
2488 3584 2536 3628 et
2583 3572 2740 3641 ﬁnxit
2781 3571 2921 3626 Deus
2970 3585 3034 3623 ea:
3095 3577 3243 3621 terra
3291 3581 3473 3620 omnes
3528 3563 3718 3617 bestias

2131 3671 2272 3742 agri,
2298 3677 2349 3722 et
2367 3683 2544 3722 omnes
2567 3665 2802 3720 volucres
2835 3659 2990 3716 caeli?
3016 3661 3092 3716 De
3115 3659 3339 3716 Christo
3364 3672 3496 3727 ergo
3523 3671 3720 3710 rursus

2131 3775 2216 3822 est
2251 3759 2694 3832 intelligendum.
2741 3757 2962 3812 Etenim
3001 3757 3056 3810 in
3084 3761 3241 3809 sexto
3271 3753 3362 3808 die
3410 3751 3624 3822 quievit
3651 3750 3720 3803 ab

2133 3855 2392 3912 omnibus
2433 3851 2698 3923 operibus
2747 3849 2864 3906 suis
2915 3863 3038 3918 quae
3085 3846 3219 3901 fecit
3264 3859 3434 3914 super
3474 3851 3677 3898 terram
3705 3885 3718 3906 ,

2133 3961 2298 4004 carne
2327 3959 2428 4014 pro
2463 3941 2627 3998 nobis
2661 3949 2938 3996 mortuus.
2981 3938 3122 3994 Cum
3168 3945 3354 3992 autem
3402 3943 3552 3990 esset
3590 3948 3722 4004 pro-

2135 4039 2314 4094 fectus
2340 4037 2409 4092 ad
2441 4035 2672 4106 spiritus
2686 4032 2782 4104 qui
2807 4040 2968 4086 erant
2991 4031 3048 4086 in
3085 4043 3313 4086 carcere
3347 4025 3574 4091 inferni,
3611 4025 3725 4101 illic

2135 4130 2268 4188 fecit
2297 4129 2486 4184 omnia
2520 4141 2690 4197 opera
2726 4125 2813 4181 sui
2850 4124 3124 4179 adventus
3153 4136 3276 4192 quae
3311 4125 3576 4188 cmperat.
3611 4115 3726 4170 Hoc

2135 4232 2222 4282 est
2253 4223 2412 4294 quies
2447 4220 2710 4276 secunda.
2754 4218 2930 4286 Quem
2973 4215 3198 4287 quidem
3241 4213 3388 4268 diem
3427 4211 3725 4280 septimum

2139 4318 2240 4389 (ut
2269 4314 2364 4384 qui
2389 4313 2463 4368 sit
2485 4313 2772 4376 creaturas)
2809 4308 3068 4365 salutaris
3093 4316 3149 4362 et
3172 4313 3400 4360 sanctus
3421 4301 3724 4366 benedixit,

2139 4405 2401 4476 quoniam
2424 4401 2481 4457 in
2503 4417 2571 4458 eo
2597 4401 2808 4470 quievit
2839 4398 2909 4454 ab
2935 4398 3196 4454 omnibus
3217 4394 3480 4466 operibus
3508 4393 3644 4448 suis.
3667 4391 3728 4446 ln

446 4497 649 4552 Christi
679 4498 1032 4563 “,creatoris
1057 4500 1183 4554 caeli
1213 4509 1270 4555 et
1297 4507 1475 4564 terrae,
1511 4507 1568 4553 et
1601 4499 1714 4552 illic
1744 4498 2040 4569 diligenter
2069 4479 2117 4538 D
2141 4513 2210 4554 eo
2235 4497 2378 4552 facta
2401 4503 2488 4550 est
2519 4495 2671 4549 salus
2702 4493 2773 4548 iis
2809 4492 2903 4562 qui
2947 4499 3110 4546 erant
3131 4488 3240 4546 sub
3277 4497 3447 4551 terra,
3485 4485 3630 4541 sicut
3659 4483 3729 4538 iis

451 4597 940 4660 reputantes-quas
973 4592 1030 4645 in
1066 4592 1170 4646 hoc
1219 4592 1310 4667 die
1339 4592 1496 4648 facta:
1531 4600 1662 4648 sunt
1691 4591 1748 4646 in
1783 4593 2041 4662 paradiso

450 4695 703 4753 tempore
746 4685 911 4754 primi
959 4684 1177 4749 Adami,
1219 4693 1277 4739 et
1308 4701 1431 4754 quae
1475 4685 1614 4739 facta
1668 4692 1800 4740 sunt
1848 4685 1903 4738 in
1947 4685 2043 4740 illo

450 4783 613 4831 sexto
669 4776 758 4831 die
801 4777 859 4830 in
905 4779 1161 4846 passione
1213 4776 1441 4831 secundi
1491 4776 1711 4841 Adami,
1760 4775 2048 4831 invenient

451 4869 738 4938 sigillatim
758 4877 816 4923 et
842 4869 983 4924 citra
1011 4870 1293 4924 defectum
1318 4869 1504 4925 omnia
1531 4869 1698 4924 simili
1732 4869 1898 4924 modo
1922 4884 2046 4926 esse

453 4961 518 5016 in
539 4961 810 5031 utrisque,
875 4962 1049 5016 Adam
1095 4964 1356 5033 primum,
1407 4971 1466 5018 et
1514 4962 1687 5017 Adam
1734 4959 2040 5016 secundum

454 5053 684 5106 hortum
729 5053 992 5122 paradisi,
1051 5061 1108 5110 et
1137 5053 1364 5109 hortum
1411 5054 1468 5108 in
1506 5069 1618 5124 quo
1662 5061 1917 5108 versatus
1958 5062 2044 5109 est

454 5143 734 5201 Christus.
767 5146 885 5200 Illic
911 5145 1366 5210 inobedientiam,
1402 5155 1458 5202 et
1496 5147 1587 5202 hic
1611 5147 1763 5202 auris
1787 5155 2044 5216 amputa-

458 5237 689 5302 tionem,
715 5238 862 5292 illam
885 5237 1107 5308 quidem
1129 5255 1230 5308 per
1249 5239 1670 5309 protoplastum,
1701 5238 1842 5292 hanc
1859 5245 2044 5292 autem

458 5343 563 5397 per
582 5343 709 5382 eum
739 5329 835 5397 qui
872 5336 1023 5384 tenet
1054 5329 1290 5399 primam
1325 5329 1551 5395 sedem;
1583 5329 1729 5399 ligna
1754 5343 1878 5398 quae
1912 5335 2045 5383 sunt

461 5415 521 5473 in
551 5418 832 5488 paradiso,
877 5426 936 5472 et
979 5418 1126 5488 ligna
1151 5436 1273 5489 qua
1303 5421 1359 5474 in
1401 5419 1690 5490 Golgotha,
1729 5434 1826 5474 seu
1858 5417 2050 5472 Calva-

464 5506 583 5574 ria;
618 5523 774 5563 esum
801 5507 856 5562 in
893 5509 1170 5578 paradiso,
1191 5517 1248 5564 et
1281 5525 1438 5564 esum
1477 5509 1532 5563 in
1575 5524 1732 5568 coena
1766 5507 1994 5580 mystica
2030 5523 2046 5571 ;

463 5598 666 5654 Adami
695 5614 952 5670 soporem
974 5600 1342 5657 adducentem
1379 5601 1437 5655 in
1470 5602 1732 5657 exstasim
1767 5609 1822 5656 et
1847 5599 2050 5655 mentis

545 5777 590 5810 ⁸³
623 5778 664 5834 ιι
687 5779 813 5836 Cor.
851 5798 902 5847 ν,
927 5781 1015 5835 2|.
1093 5783 1136 5813 '”
1174 5781 1317 5838 Psal.
1353 5798 1527 5848 mm,
1557 5781 1608 5836 7.

1689 5781 1731 5812 ⁶⁰
1768 5781 1922 5837 Juan.
1968 5797 2019 5848 γ,
2051 5780 2140 5836 59.
2221 5781 2258 5808 ⁶²
2309 5776 2496 5832 Matth.
2533 5792 2570 5841 ι,
2615 5775 2657 5828 1.

2140 4589 2236 4660 qui
2265 4595 2428 4644 erant
2451 4601 2621 4656 super
2653 4593 2876 4640 terram.
2911 4584 2970 4638 ln
2997 4599 3065 4639 eo
3095 4580 3315 4652 spoliati
3345 4586 3475 4635 sunt
3504 4574 3728 4632 inferni.

2141 4683 2203 4738 ln
2232 4697 2301 4736 eo
2332 4680 2604 4735 liberatus
2633 4687 2720 4733 est
2749 4675 2997 4730 Adamus
3047 4689 3114 4728 ex
3159 4671 3521 4728 maeroribus.
3559 4669 3617 4723 In
3661 4682 3730 4722 eo

2145 4773 2462 4830 dominatus
2477 4779 2563 4826 est
2585 4769 2842 4825 Christus
2878 4765 3113 4821 mortuis
3134 4765 3282 4820 sicut
3303 4770 3361 4818 et
3382 4761 3544 4815 vivis.
3574 4759 3732 4814 Tune

2149 4881 2180 4921 a
2207 4880 2373 4921 cruce
2399 4861 2704 4918 ambulavit
2732 4859 2787 4912 in
2811 4855 3062 4921 vestigiis
3092 4853 3298 4926 abyssi.
3318 4853 3568 4922 Cumque
3598 4850 3733 4904 illuc

2147 4955 2546 5019 descendisset,
2585 4961 2716 5007 tunc
2739 4951 2790 5006 ei
2827 4958 2978 5004 metu
3008 4954 3211 5018 apertae
3235 4952 3366 5000 sunt
3384 4951 3556 5014 porta:
3583 4957 3732 4995 mor-

2147 5050 2241 5115 tis,
2279 5056 2412 5104 tunc
2434 5053 2668 5102 mortem
2693 5053 2779 5100 est
2797 5049 3098 5106 scrutatus,
3119 5047 3250 5094 tunc
3273 5035 3517 5106 alligavit
3547 5042 3733 5105 tyran-

2147 5156 2304 5202 num,
2344 5153 2475 5192 tunc
2506 5136 2735 5208 perfecit
2755 5149 2924 5204 opera
2951 5149 3050 5188 sua
3084 5139 3310 5202 propter
3340 5142 3464 5197 quia
3489 5125 3730 5182 advene-

2145 5239 2249 5286 rat.
2281 5231 2341 5284 ln
2369 5229 2478 5284 hoc
2513 5227 2606 5283 die
2630 5225 2867 5296 septimo
2901 5222 3174 5294 requievit
3207 5220 3278 5276 ab
3303 5217 3564 5274 omnibus
3595 5232 3730 5286 opev

2142 5327 2299 5382 ribus
2329 5325 2464 5388 suis,
2516 5339 2642 5378 cum
2686 5319 3079 5377 resurresisset
3107 5333 3216 5372 uno
3249 5316 3636 5380 Sabbatorum,
3675 5323 3732 5370 et

2144 5433 2271 5473 eum
2295 5414 2688 5477 benedixisset,
2719 5411 2983 5482 quoniam
3020 5420 3178 5464 sexto
3205 5407 3430 5479 quidem
3469 5405 3562 5461 die
3601 5420 3732 5472 per-

2143 5507 2277 5562 fecit
2306 5505 2492 5562 omnia
2525 5519 2694 5574 apera
2718 5517 2817 5557 sua
2854 5516 2977 5571 quae
3005 5507 3166 5554 erant
3189 5493 3488 5554 creationis
3513 5511 3529 5559 ;
3570 5493 3732 5562 quie-

2144 5599 2451 5654 seitautem
2481 5597 2534 5649 in
2554 5595 2790 5665 septimo
2816 5593 2908 5648 die
2946 5591 3156 5654 szeculi,
3192 5590 3264 5644 ab
3299 5586 3560 5643 omnibus
3595 5597 3731 5654 ope-

2739 5773 2780 5803 "
2813 5770 3004 5826 Matth.
3041 5784 3185 5834 XXVI,
3219 5766 3309 5824 53.
