4098 6492
376 5842 401 5870 ι

381 351 484 415 947

1591 348 1653 407 δ’.
1694 347 2093 414 ANASTASII
2136 345 2470 406 SENAITIE

3654 406 3663 411 ,
3688 280 3813 396 sis

385 459 542 513 ribus
565 454 681 510 suis
715 458 950 524 (nempe
986 450 1432 523 praedicationis)
1471 466 1593 520 quae
1624 453 1795 521 coepit
1824 451 1971 508 Deus
2002 457 2042 512 Α
2073 451 2445 522 impietatem.
2473 451 2611 506 Nam
2638 464 2684 507 sn
2739 452 3105 523 corporaliter
3136 445 3627 517 intelligamus
3689 438 3803 496 Dei

383 550 567 603 facere
597 545 654 599 in
692 551 849 599 sexto
883 542 976 598 die
1015 543 1229 610 saeculi,
1273 540 1367 613 qui
1396 540 1620 612 quidem
1649 552 1735 595 est
1758 551 1816 595 et
1845 540 1971 596 ﬁnis

382 642 440 689 et
482 631 820 704 principium
865 630 1158 701 utriusque
1190 631 1511 686 creationis.
1560 630 1637 686 De
1670 639 1869 683 caetero
1901 644 1971 684 ne

385 742 446 781 se
474 727 685 796 jactent
714 732 770 777 et
793 738 1020 795 magnos
1041 724 1271 794 spiritus
1298 724 1615 794 concipiant
1650 723 1972 779 adoratores

387 819 633 884 Sabbati,
657 828 714 874 et
735 816 960 874 Sabbati
986 829 1271 874 voratores
1294 818 1493 873 Judaei.
1516 820 1639 874 Non
1659 820 1808 875 enim
1838 819 1975 873 illud

388 911 691 965 Sabbatum
727 910 1010 966 benedixit
1047 912 1205 967 Deus
1244 912 1392 982 quod
1443 912 1652 967 eratin
1696 912 1983 983 principio-

388 1002 688 1057 creationis
715 1019 729 1055 :
760 1017 873 1057 non
916 1002 1066 1058 enim
1113 1005 1170 1058 in
1221 1020 1289 1059 eo
1336 1004 1553 1074 quievit
1597 1004 1668 1058 ab
1710 1004 1982 1058 omnibus-

389 1092 655 1162 operibus
721 1092 858 1157 suis.
923 1091 982 1148 Si
1032 1102 1215 1149 autem
1260 1095 1316 1149 in
1353 1109 1427 1150 eo
1454 1110 1569 1150 non
1613 1094 1849 1164 quievit,
1889 1103 1974 1149 est

388 1183 743 1253 perspicuum
781 1184 931 1255 quod
961 1184 1013 1240 ei
1055 1201 1166 1240 non
1208 1185 1514 1250 benedixit,
1558 1185 1777 1242 etiamsi
1812 1185 1884 1240 ob
1909 1201 1974 1239 ea

389 1291 510 1344 quae
535 1276 796 1330 dicuntur
818 1276 1091 1332 irascatur
1120 1277 1346 1333 Iudaeus
1388 1277 1587 1334 dicens
1614 1277 1760 1348 quod
1790 1277 1846 1332 in
1878 1277 1981 1332 illo

390 1368 477 1422 die
504 1368 739 1438 septimo
756 1370 904 1424 Deus
926 1370 1139 1440 quievit
1166 1370 1237 1425 ab
1264 1370 1527 1426 omnibus
1551 1370 1813 1441 Operibus
1835 1369 1972 1424 suis.

390 1456 529 1512 Eum
544 1467 727 1513 autem
750 1461 957 1516 refellit
978 1470 1034 1516 ct
1060 1462 1119 1517 ei
1136 1478 1200 1517 os
1222 1463 1465 1517 obstruit
1483 1463 1667 1517 divina
1692 1461 1976 1531 Scriptura

391 1551 581 1607 dicens
628 1553 776 1624 quod
813 1564 936 1624 post
974 1557 1270 1625 septimum
1308 1555 1455 1611 diem
1502 1556 1648 1611 Deus
1687 1556 1821 1610 oriri
1856 1556 1977 1625 fecit

391 1661 417 1695 e
445 1652 589 1698 terra
619 1663 775 1699 omne
811 1646 1017 1718 lignum
1043 1648 1345 1718 pulchrum,
1372 1656 1422 1701 et
1456 1647 1725 1720 plantavit
1749 1649 1976 1719 paradi-

388 1752 529 1802 sum,
574 1745 632 1791 et
665 1737 819 1793 ﬁnxit
848 1755 878 1793 e
921 1739 1079 1795 terrﬁ
1112 1741 1320 1797 bestias
1357 1749 1414 1795 et
1440 1742 1693 1812 jumenta
1723 1749 1780 1796 et
1812 1742 1973 1796 volu-

390 1843 535 1894 cres,
567 1836 624 1883 et
654 1829 807 1884 dedit
832 1829 1042 1886 Adamo
1073 1816 1415 1895 mandatum,
1445 1839 1501 1886 et
1533 1832 1735 1887 fecitei
1766 1835 1972 1886 tunicas

391 1918 658 1989 pelticeas,
706 1928 766 1975 et
825 1922 1023 1991 statuit
1082 1921 1370 1979 Cherubin
1438 1923 1506 1979 ad
1550 1925 1975 1981 custodiendum

393 2013 731 2082 paradisum,
774 2023 831 2071 et
864 2014 1000 2072 fecit
1028 2032 1217 2072 arcum
1258 2033 1420 2087 suum
1453 2017 1511 2072 in
1547 2017 1815 2073 nubibus.
1857 2018 1975 2075 Alia

391 2122 611 2176 quoque
642 2108 879 2178 plurima
920 2124 1090 2181 opera
1128 2110 1375 2165 cernitur
1432 2109 1630 2166 fecisse
1668 2111 1815 2166 Deus
1855 2119 1981 2182 post

391 2198 709 2267 septimum,
742 2199 887 2254 sicut
930 2199 1045 2255 dixi
1087 2200 1252 2270 paulo
1280 2208 1429 2255 ante.
1478 2201 1545 2256 Et
1586 2188 1851 2273 quoniam
1878 2202 1978 2258 Ju-

389 2290 634 2346 dzeorum
670 2292 851 2363 magni
884 2304 1014 2347 sunt
1054 2293 1285 2367 spiritus
1324 2302 1382 2349 et
1430 2310 1627 2364 magna
1663 2294 1981 2365 arrogantia

390 2380 681 2437 adversum
728 2398 832 2439 nos
874 2384 944 2438 de
982 2384 1145 2456 vulgo
1167 2385 1377 2454 jactato
1403 2395 1461 2439 et
1494 2385 1753 2440 helluone
1783 2401 1977 2440 corum

391 2473 632 2529 Sabbato
677 2490 701 2537 :;
736 2472 959 2539 discant
1004 2475 1243 2545 imperiti
1303 2476 1451 2547 quod
1500 2494 1610 2531 non
1664 2478 1980 2532 invenimus

388 2565 562 2621 Deum
629 2554 807 2622 cui-ris
863 2569 941 2620 rei
993 2567 1367 2632 benedixisse,
1426 2578 1483 2623 ct
1543 2584 1737 2625 rursus
1788 2580 1979 2639 postea

388 2670 719 2710 conversum
756 2672 878 2711 eam
905 2657 1034 2733 odio
1076 2658 1337 2714 habuisse
1372 2668 1429 2713 et
1465 2670 1814 2716 exsecratum
1857 2677 1979 2716 esse

393 2746 579 2816 (sicut
616 2757 674 2802 et
699 2748 813 2803 dixi
853 2750 1005 2817 alibi,
1050 2759 1107 2805 et
1145 2750 1288 2805 sicut
1335 2752 1505 2807 etiam
1551 2768 1747 2807 sumus
1778 2752 1981 2808 dicturi

393 2837 451 2891 in
477 2853 638 2907 poena
660 2839 913 2911 Adami).
954 2840 1010 2897 Si
1036 2851 1227 2898 autem
1264 2844 1454 2899 sensili
1491 2845 1623 2901 huic
1644 2846 1757 2901 diei
1797 2857 1986 2903 vestro

393 2929 619 2983 sublato
659 2930 947 2985 benedixit
998 2942 1060 2987 et
1108 2948 1236 2989 eum
1281 2935 1667 3001 sanctiﬁcavit,
1702 2938 1983 3008 quomodo

393 3028 637 3077 vestrum
673 3022 785 3077 diei
818 3023 1042 3079 Sabbati
1078 3026 1291 3082 cultum
1334 3026 1589 3083 dissolvit
1617 3036 1674 3085 et
1716 3029 1981 3084 extermi-

396 3113 894 3181 navit?'Quomodo
923 3124 1171 3184 vestrum
1213 3118 1518 3173 Sabbatum
1545 3128 1629 3175 est
1658 3130 1978 3176 exsecratus
2005 3150 2049 3208 ε

394 3219 453 3263 ut
481 3208 610 3265 odio
634 3211 805 3285 889
824 3212 1039 3276 habuit,
1072 3213 1267 3269 dicens
1289 3212 1450 3285 vobis
1473 3228 1570 3283 per
1602 3213 1930 3283 prophetam
1962 3230 1976 3265 :

392 3301 709 3357 Neomenias
748 3313 947 3359 vestras
989 3316 1037 3359 et
1067 3303 1301 3361 Sabbata
1344 3304 1502 3359 adivit
1543 3306 1726 3359 anima
1754 3321 1873 3358 mea
1893 3304 1981 3357 °“'.
2010 3336 2017 3365 ι

396 3395 506 3447 lles
532 3392 645 3447 Deo
675 3410 840 3452 exosa
896 3396 1175 3467 quomodo
1210 3404 1393 3467 potest
1432 3411 1553 3452 esse
1593 3397 1819 3451 sancta?
1858 3396 1988 3451 Dies

398 3489 510 3542 Deo
534 3505 731 3545 exosus
759 3506 1052 3559 quamnam
1079 3490 1177 3545 Dei
1208 3489 1411 3559 accipit
1434 3488 1881 3545 benedictionem
1898 3488 1926 3541 ?

469 3581 704 3637 Pulchre
738 3591 923 3637 autem
951 3591 1008 3636 ct
1036 3582 1152 3637 Deo
1183 3580 1583 3637 convenienter
1622 3580 1803 3634 dixit:
1840 3580 1983 3634 Sab-

397 3671 523 3726 bata
545 3667 717 3731 vestra
748 3674 857 3729 odit
886 3674 1033 3729 Deus
1058 3682 1118 3728 ut
1130 3672 1365 3752 profana
1389 3679 1445 3727 et
1474 3673 1690 3743 iniqua.
1737 3672 1846 3729 Sed
1872 3688 1981 3728 non

340 3788 353 3801 ι
399 3761 643 3818 Sabbata
668 3772 860 3819 nostra
885 3763 1199 3835 spiritualia
1231 3762 1431 3834 rcjecit
1457 3763 1608 3819 Deus
1642 3774 1739 3819 aut
1763 3773 1850 3819 est
1882 3781 1981 3820 ex-

400 3864 672 3910 secratus.
699 3855 836 3909 Nam
864 3855 966 3910 tibi
1006 3855 1232 3926 quidem
1260 3855 1456 3910 Iudaeo
1476 3854 1657 3926 legem
1685 3857 1815 3911 tulit
1834 3857 1985 3913 Deus

401 3947 470 4002 de
494 3949 610 4003 otio
648 3963 715 4004 ac
741 3948 1054 4005 cessatione
1111 3949 1224 4006 dici
1266 3932 1520 4014 Sabbati,
1546 3951 1614 4006 ad
1645 3950 1990 4006 convincen-

404 4041 532 4099 dam
585 4052 737 4098 tuam
781 4043 852 4098 ab
883 4058 952 4098 eo
1000 4043 1372 4100 defectionem
1428 4052 1485 4101 et
1515 4044 1898 4113 iniquitatem,
1928 4053 1990 4099 ut

404 4135 499 4204 qui
528 4136 820 4206 praesciret
857 4135 975 4191 fore
1005 4145 1066 4191 ut
1096 4139 1219 4209 ejus
1245 4145 1522 4207 praecepta
1542 4153 1671 4202 non
1721 4137 1990 4192 observa-

402 4243 495 4283 res
521 4238 579 4287 et
613 4228 762 4284 idola
781 4229 1019 4293 coleres,
1052 4237 1117 4283 ut
1165 4244 1294 4285 cum
1348 4229 1567 4284 videret
1621 4210 1770 4285 Deus
1800 4230 1990 4286 colen-

404 4332 516 4384 tum
548 4314 720 4385 idola,
770 4329 828 4377 et
876 4321 1078 4377 deinde
1130 4322 1313 4377 otium
1365 4331 1620 4393 agentem
1654 4321 1900 4378 Sabbato
1934 4332 1990 4379 et

399 4412 545 4467 nihil
575 4421 1009 4483 operantem,ex
1035 4423 1088 4469 te
1121 4413 1537 4470 sciscitaretur:
1570 4415 1803 4486 Propter
1821 4431 1987 4485 quam

2074 552 2353 615 praecepta
2402 561 2526 614 qua:
2582 544 2865 600 mandavit
2913 561 3026 600 non
3075 544 3290 598 facere
3340 541 3420 593 in
3467 535 3798 599 Sabbato,

2072 639 2207 709 quid
2232 636 2453 693 confert
2479 637 2548 693 ad
2588 638 2696 693 hoc
2722 647 2785 693 ut
2807 639 2923 694 Deo
2944 640 3158 709 placeat
3218 636 3468 707 ignem
3514 630 3801 686 omnino

2073 747 2183 786 non
2215 729 2527 786 accendere
2558 731 2614 785 in
2660 730 2924 796 Sabbato,
2968 730 3067 785 sed
3118 728 3373 799 degere
3455 724 3531 778 in
3610 730 3798 776 tene-

2075 822 2229 877 bris?
2259 820 2403 888 Quid
2433 828 2619 877 autem
2666 822 2898 891 prodest
2951 821 3194 875 otiosum
3236 831 3410 872 esse
3454 812 3791 868 camelum

2074 922 2131 969 et
2154 914 2375 968 asinum
2419 922 2479 968 et
2535 913 2740 968 bovem
2793 921 3043 967 vestrum
3100 911 3157 965 in
3204 903 3587 964 Sabbato?
3620 901 3791 970 Quid

2075 1016 2259 1063 autem
2295 1008 2650 1078 Deumjuvat
2684 1007 2732 1063 si
2761 1007 2989 1063 Iudaeus
3022 1006 3129 1060 iter
3159 1018 3302 1057 non
3354 996 3789 1069 ingrediatur

2075 1099 2165 1154 die
2190 1098 2457 1154 Sabbati?
2491 1099 2599 1154 Sed
2638 1099 2756 1154 haec
2798 1098 2987 1153 omnia
3051 1095 3522 1165 intelliguntur
3597 1088 3790 1160 spiri-

2080 1193 2307 1247 tualiter
2322 1202 2377 1247 et
2408 1192 2807 1262 adimplentur.
2840 1190 2975 1245 Nam
3008 1187 3225 1243 si’dies
3298 1184 3650 1253 septimus
3682 1197 3781 1236 es-

2078 1292 2162 1337 set
2195 1284 2458 1337 omnibus
2484 1282 2687 1336 diebus
2734 1280 3090 1350 prmstantior
3133 1287 3191 1332 et
3257 1273 3774 1337 honorabilior,

2078 1394 2180 1433 cur
2223 1377 2391 1448 jussit
2435 1376 2584 1430 Deus
2628 1371 2959 1428 circumcidi
2988 1371 3080 1425 die
3112 1378 3350 1425 octavo
3387 1375 3461 1422 et
3491 1372 3632 1420 non
3667 1380 3768 1419 se—

2080 1469 2293 1539 ptimo?
2350 1469 2473 1523 Non
2526 1467 2700 1522 habet
2749 1467 2899 1521 enim
2955 1465 3045 1519 lex
3096 1461 3364 1518 Iudaica
3404 1457 3770 1529 quidquam

2078 1562 2506 1618 circumcisione
2528 1561 2704 1631 magis
2732 1559 3133 1615 necessarium.
3166 1554 3228 1611 Si
3280 1568 3473 1609 onus
3538 1564 3767 1619 corpo-

2078 1661 2191 1715 rale
2207 1659 2373 1729 jussit
2394 1659 2541 1714 Deus
2575 1674 2685 1712 non
2710 1657 2905 1712 tollere
2958 1655 3015 1711 in
3054 1654 3327 1709 Sabbato
3358 1691 3380 1715 ,
3428 1645 3766 1720 quomodo

2080 1752 2137 1806 in
2190 1750 2415 1806 Jericho
2459 1756 2673 1819 septem
2730 1748 2997 1818 deinceps
3039 1744 3160 1801 dies
3217 1751 3416 1799 totus
3483 1739 3759 1810 populus

2078 1841 2267 1905 Israel,
2329 1850 2558 1911 portans
2606 1855 2808 1895 currus
2852 1853 2985 1893 suos
3031 1845 3090 1892 et
3131 1850 3273 1890 vasa
3349 1846 3478 1888 sua
3521 1829 3761 1901 {melius

2079 1931 2255 2004 arma]
2314 1932 2671 1987 circumvivit
2721 1931 3051 1986 civitatem?
3106 1928 3165 1984 Si
3222 1924 3656 1996 corporalem
3690 1931 3752 1977 et

2080 2024 2341 2079 sensilem
2368 2024 2553 2095 ignem
2581 2022 2752 2094 jussit
2778 2023 2924 2077 Deus
2952 2036 3066 2075 non
3103 2016 3466 2074 accendere
3503 2014 3570 2068 in
3606 2011 3754 2067 Sab-

2080 2117 2209 2171 bato
2229 2156 2244 2181 ,
2275 2114 2556 2186 quomodo
2575 2123 2702 2184 post
2722 2114 2926 2183 legem.
2950 2127 3076 2167 cum
3118 2109 3401 2164 venisset
3428 2105 3639 2160 Moses
3670 2101 3742 2157 ad
3768 2134 3773 2135 ί

2081 2209 2388 2264 faciendam
2421 2207 2841 2277 Scenopegiam,
2876 2200 3235 2261 seu‘festum
3280 2195 3743 2255 tabernaculo-

2081 2318 2229 2367 rum,
2260 2301 2325 2355 ad
2382 2299 2677 2355 duodecim
2709 2298 2976 2368 deinceps
3032 2295 3153 2350 dies
3196 2291 3538 2362 accipiens
3573 2287 3737 2343 obla-

2081 2394 2262 2449 tiones
2287 2401 2343 2447 et
2373 2390 2647 2447 sacriﬁcia
2680 2390 3036 2444 tribunorum
3064 2384 3397 2441 duodecim
3428 2381 3734 2443 tribuum,

2081 2484 2314 2554 singulis
2334 2483 2534 2538 diebus
2581 2483 2764 2553 ignem
2800 2480 3059 2537 accendit
3102 2486 3160 2534 et
3199 2476 3445 2532 obtulit
3498 2470 3731 2528 sacriﬁ-

2082 2572 2204 2627 cia?
2232 2572 2353 2627 Non
2381 2587 2537 2641 ergo,
2571 2586 2604 2625 o
2650 2570 2863 2631 Judace.
2905 2584 3021 2623 non
3057 2567 3227 2634 (sicut
3274 2572 3347 2619 tu
3380 2556 3729 2627 existimas)

2082 2663 2369 2719 benedixit
2400 2661 2546 2717 Deus
2567 2661 2843 2733 corporali
2869 2661 3134 2722 Sabbato,
3155 2656 3318 2728 quod
3354 2652 3637 2726 praeterit
3668 2659 3725 2706 et

2084 2758 2429 2829 perite-tuon
2466 2758 2707 2829 amplius
2734 2766 2982 2827 apparet.
3008 2756 3198 2823 Neque
3223 2751 3507 2806 camelos
3531 2755 3593 2803 et
3616 2745 3728 2801 asi-

2084 2866 2185 2905 nos
2205 2859 2259 2905 et
2280 2851 2463 2905 mulos
2481 2850 2647 2921 jussit
2677 2849 2979 2904 Sabbatum
2998 2861 3188 2918 agere;
3207 2840 3450 2912 alioqui
3480 2853 3595 2894 nec
3609 2836 3722 2891 cir-

2084 2941 2401 2997 cumcidere
2443 2941 2701 3011 iussisset
2733 2947 2932 2994 octavo
2976 2936 3326 3003 diezneque
3390 2930 3503 2984 tibi
3532 2929 3717 2997 legem

2085 3033 2276 3087 statuit
2297 3031 2365 3086 de
2381 3046 2552 3086 onere
2576 3029 2879 3099 corporali;
2902 3042 3027 3082 nam
3043 3034 3102 3080 et
3122 3022 3315 3079 Sabba
3325 3029 3390 3075 to
3426 3028 3715 3090 puerpera

2086 3122 2230 3177 tollit
2251 3121 2520 3175 infantem
2541 3135 2705 3190 quem
2734 3119 2903 3182 lavet,
2929 3126 2985 3172 et
3008 3124 3066 3170 tu
3086 3121 3286 3186 portas
3325 3111 3523 3166 ﬁlium
3552 3117 3709 3161 tuum

2087 3223 2145 3268 et
2172 3196 2341 3266 ﬁliam
2371 3219 2521 3266 tuam
2563 3211 2618 3265 in
2668 3209 2920 3264 humeris
2951 3206 3111 3271 tuis:
3134 3202 3288 3274 quod
3334 3199 3585 3272 quidem
3622 3208 3706 3251 est

2087 3320 2231 3360 onus
2248 3304 2493 3368 carnale,
2527 3310 2586 3357 et
2609 3317 2722 3356 non
2750 3299 3062 3371 spirituale.

2157 3396 2355 3451 Jussus
2387 3410 2449 3449 es
2477 3402 2664 3449 autem
2712 3407 2827 3447 non
2855 3391 3040 3445 facere
3088 3404 3244 3442 omne
3307 3401 3454 3456 opus
3486 3375 3699 3445 servile,

2088 3486 2182 3542 sed
2210 3499 2555 3556 quaecunque
2590 3490 2722 3538 sunt
2755 3482 2957 3536 anima:
2984 3474 3430 3549 eLpertinentia
3461 3471 3535 3528 ad
3581 3468 3699 3525 ani-

2089 3595 2257 3635 mam.
2284 3578 2565 3634 Adesdum
2589 3591 2745 3647 ergo,
2778 3583 2836 3630 et
2881 3573 2950 3629 ad
2980 3589 3069 3645 me
3116 3572 3274 3626 disce
3308 3563 3697 3639 quemadmo-

2089 3673 2221 3727 dum
2245 3679 2397 3726 recte
2435 3678 2491 3725 et
2513 3669 2626 3723 Deo
2654 3666 3058 3722 convenienter
3083 3669 3349 3732 oporteat
3378 3662 3438 3714 te
3484 3651 3695 3710 Sabba-

2090 3774 2206 3819 tum
2224 3777 2423 3833 agere;
2453 3769 2511 3817 et
2534 3761 2834 3831 septimum
2856 3768 3012 3812 tuum
3030 3755 3178 3810 diem
3223 3754 3365 3826 (hoc
3395 3757 3487 3806 est
3528 3743 3690 3816 quie-

2092 3856 2224 3927 tem)
2252 3856 2434 3911 facere
2471 3855 2722 3925 quietum
2769 3852 2840 3907 ab
2886 3849 3152 3905 omnibus
3194 3845 3479 3916 operibus
3519 3839 3628 3895 tuis
3658 3850 3684 3887 a

2090 3948 2260 4005 rebus
2312 3945 2383 4002 ad
2435 3944 2648 4001 victum
2694 3939 3136 4014 pertinentibus.
3202 3936 3313 3992 Sex
3381 3934 3533 3994 dies,
3592 3940 3689 3997 per

2091 4042 2337 4113 quinque
2371 4052 2566 4093 sensus
2596 4045 2655 4092 et
2681 4032 3054 4090 immortalem
3091 4029 3339 4083 animam
3375 4032 3536 4113 recte
3556 4033 3683 4087 ope-

2093 4112 2239 4187 rare.
2286 4128 2468 4185 Credo
2502 4126 2727 4183 Christo
2775 4123 2869 4194 qui
2924 4129 3081 4176 sexto
3136 4119 3228 4173 die
3277 4115 3476 4173 saeculi
3521 4112 3684 4167 homo

2093 4224 2272 4280 factus
2303 4229 2409 4287 est,
2448 4221 2545 4289 qui
2585 4218 2883 4288 septimum
2922 4213 3151 4269 Sabbati
3178 4211 3416 4281 legalem
3475 4205 3676 4262 cultum

2094 4312 2358 4374 abolevit.
2393 4310 2749 4377 otiosumque
2780 4304 3030 4361 reddidit
3074 4311 3133 4358 et
3194 4299 3578 4360 inefﬁcacem,
3626 4299 3679 4345 et

2095 4405 2357 4464 exstinxit
2392 4403 2573 4474 ignem
2624 4399 2803 4471 ipsius
2838 4395 3124 4462 sacriﬁcii,
3146 4403 3203 4451 et
3228 4394 3404 4465 jussit
3434 4404 3543 4445 non
3567 4398 3672 4474 ams

402 4473 629 4562 causam
667 4473 922 4576 quiescis
968 4506 1211 4563 Sabbato
1238 4507 1381 4562 nihil
1414 4473 1697 4577 operansi
1745 4473 1854 4565 Cui.
1881 4525 1983 4564 ne-
2025 4491 2072 4547 ι)
2096 4501 2244 4572 plius
2262 4494 2538 4569 ejusmodi
2571 4495 2757 4565 ignem
2813 4488 3123 4548 accendere
3159 4487 3252 4542 die
3280 4480 3537 4545 Sabbati,
3582 4473 3671 4577 sed

403 4595 560 4652 i-esse
587 4598 821 4653 habebis
838 4598 1048 4664 dicere,
1077 4599 1226 4669 quod
1261 4614 1356 4654 sex
1381 4598 1583 4655 diebus
1606 4600 1821 4656 creavit
1843 4601 1993 4656 Deus

403 4689 606 4745 malum
637 4697 694 4744 et
734 4698 934 4744 terram
958 4699 1012 4745 et
1045 4692 1235 4747 omnia
1264 4708 1389 4762 qua:
1417 4692 1471 4745 in
1498 4692 1582 4747 eis
1608 4701 1760 4757 sunt,
1812 4694 1993 4763 septi-

403 4797 496 4836 mo
530 4790 716 4838 autem
773 4781 865 4837 die
896 4781 1124 4838 Sabbati
1177 4784 1392 4854 quievit
1442 4784 1513 4839 ab
1564 4784 1827 4840 omnibus
1856 4800 1993 4854 ope-

405 4873 561 4928 ribus
614 4873 752 4929 suis.
813 4873 897 4927 Ad
946 4889 1069 4944 qua:
1133 4875 1362 4930 omnino
1425 4874 1789 4945 respondebit
1848 4874 1994 4931 ﬁlius

409 4975 540 5020 tuus
567 4965 800 5021 dicens:
835 4964 904 5019 Et
936 4966 985 5020 si
1019 4979 1106 5022 est
1130 4968 1280 5022 Deus
1316 4976 1540 5023 creator
1567 4968 1694 5027 coeli
1740 4976 1798 5022 et
1833 4976 1995 5024 terrae

407 5066 463 5111 et
490 5058 740 5113 omnium
769 5074 893 5129 quae
911 5057 968 5112 in
1000 5058 1083 5113 eis
1109 5065 1259 5123 sunt,
1279 5065 1570 5128 oporteret
1596 5065 1652 5114 te
1675 5058 1850 5128 magis
1868 5073 1996 5112 eum

409 5149 647 5206 adorare
673 5160 731 5206 et
764 5152 950 5207 colere
971 5160 1033 5206 ut
1050 5151 1399 5218 Creatorem,
1427 5161 1487 5208 et
1529 5166 1645 5207 non
1686 5160 1997 5207 creaturas.

410 5241 539 5297 H.cc
565 5251 840 5298 estcausa
895 5253 952 5299 et
983 5243 1225 5308 Occasio,
1267 5252 1330 5299 ut
1380 5243 1578 5300 dicunt
1630 5244 1996 5312 interpretes,

409 5340 644 5402 pmpter
668 5349 835 5403 quam
861 5335 1008 5391 Dens
1047 5336 1227 5407 legem
1278 5336 1406 5391 tulit
1451 5335 1664 5393 Judaeis
1708 5308 1918 5389 acriter
1942 5308 2001 5388 ct

418 5437 540 5478 cum
611 5423 777 5478 minis
829 5430 891 5477 ut
943 5433 1233 5481 cessarent
1278 5433 1337 5480 et
1396 5424 1576 5479 otium
1634 5431 1866 5494 agerent
1908 5420 1999 5475 die

415 5511 675 5579 Sabbati;
710 5521 774 5568 ut
797 5513 869 5569 de
920 5528 988 5569 eo
1018 5524 1332 5581 narrantes,
1361 5523 1419 5569 et
1456 5513 1788 5586 rogantibus
1816 5511 1997 5566 inter-

418 5614 725 5675 pretantes,
756 5606 1108 5663 inveniantur
1133 5624 1229 5663 ore
1258 5607 1485 5678 proprio
1538 5622 1697 5665 suam
1730 5618 1995 5661 accusare

490 5774 556 5805 "'
581 5781 681 5838 lsa.
705 5799 744 5852 ι,
779 5784 899 5853 14η
946 5785 990 5816 ⁸³
1021 5784 1174 5840 Joan.
1206 5800 1314 5847 xiv,
1351 5784 1402 5837 6.

2100 4595 2364 4662 deinceps
2397 4588 2640 4645 otiosum
2688 4601 2833 4641 esse
2861 4593 3019 4639 tuum
3071 4581 3296 4644 bovem,
3333 4586 3392 4632 et
3430 4575 3666 4646 jumenta

2101 4697 2215 4749 tua,
2242 4683 2349 4737 hoc
2369 4689 2474 4745 est,
2500 4695 2612 4735 non
2631 4676 2873 4747 amplius
2898 4672 3216 4729 sacriﬁcare
3240 4671 3355 4725 Deo
3371 4664 3669 4722 belluinum

2101 4774 2468 4839 sacriﬁcium;
2507 4771 2603 4827 sed
2648 4770 2764 4824 Deo
2792 4766 3112 4823 sacriﬁcare
3166 4761 3436 4817 rationale
3463 4750 3661 4813 sacriﬁ-

2101 4873 2248 4927 cium
2274 4868 2474 4932 laudis,
2503 4876 2560 4922 et
2587 4882 2689 4937 pro
2716 4865 2842 4935 igne
2891 4861 3084 4917 sensili
3116 4861 3230 4915 Deo
3267 4857 3510 4913 divinam
3552 4860 3668 4903 suc-

2101 4960 2864 5021 cendereilluminationem:
2899 4970 3079 5024 neque
3121 4961 3344 5023 portare
3372 4960 3511 5003 onus
3555 4953 3662 4995 car-

2097 5052 2243 5117 nale,
2276 5066 2457 5122 neque
2487 5050 2731 5105 animam
2756 5047 3036 5117 subjicere
3061 5045 3179 5100 suis
3211 5032 3656 5127 appetitioniblltif

2097 5158 2279 5213 neque
2311 5141 2528 5214 ingredi
2572 5141 2629 5196 in
2662 5140 2770 5194 hac
2797 5139 2888 5192 via
2939 5152 3140 5206 aspera
3181 5149 3347 5204 quam
3393 5122 3660 5198 prohibuit

2097 5233 2192 5304 qui
2217 5233 2392 5290 dixit:
2428 5233 2543 5305 Ego
2571 5249 2689 5287 sum
2713 5232 2799 5286 via
2824 5230 2892 5285 ⁸³.
2930 5229 3007 5284 De
3029 5237 3234 5283 caetero
3270 5220 3464 5279 recede
3500 5231 3530 5269 a
3570 5220 3655 5263 tuo

2105 5326 2195 5382 die
2249 5327 2508 5397 septimo,
2563 5334 2621 5380 et
2643 5321 2872 5394 perveni
2928 5319 2996 5375 ad
3041 5327 3301 5373 octavum
3334 5321 3390 5368 et
3433 5306 3650 5379 primum

2104 5418 2333 5483 Christi,
2363 5427 2427 5473 ut
2481 5415 2826 5486 spiritualem
2876 5411 3119 5481 accipias
3162 5400 3647 5486 circumcisionemi

2106 5508 2161 5563 in
2186 5508 2447 5564 sensibus
2476 5483 2589 5561 tuis
2625 5512 2873 5560 sanctam
2910 5500 3195 5571 accipiens
3226 5493 3560 5552 Trinitatem.
3599 5483 3645 5571 εξ

2105 5601 2336 5657 eﬂ'ectus
2366 5600 2596 5671 pulcher
2656 5597 2993 5653 octonarius.
3023 5564 3131 5648 Sed
3199 5591 3316 5645 haec
3362 5564 3642 5655 quidemetl
