  <div class='ocr_page' id='page_1' title='image "/cluster/home/n/w/nwhite01/storage/ocr_20150623/89/coo.31924054869932/488.png"; bbox 0 0 4098 6422; ppageno 0'>
   <div class='ocr_carea' id='block_1_1' title="bbox 380 364 491 428">
    <p class='ocr_par' dir='ltr' id='par_1_1' title="bbox 380 364 491 428">
     <span class='ocr_line' id='line_1_1' title="bbox 380 364 491 428; baseline -0.009 0"><span class='ocrx_word' id='word_1_1' title='bbox 380 364 491 428; x_wconf 71' lang='grc'><strong>919</strong></span> 
     </span>
    </p>
   </div>
   <div class='ocr_carea' id='block_1_2' title="bbox 1487 358 2596 425">
    <p class='ocr_par' dir='ltr' id='par_1_2' title="bbox 1487 358 2596 425">
     <span class='ocr_line' id='line_1_2' title="bbox 1487 358 2596 425; baseline 0.004 -5"><span class='ocrx_word' id='word_1_2' title='bbox 1487 358 1567 421; x_wconf 80' lang='lat' dir='ltr'><strong>1N</strong></span> <span class='ocrx_word' id='word_1_3' title='bbox 1610 362 2249 424; x_wconf 78' lang='lat' dir='ltr'><strong>HEXAEMEBON.-</strong></span> <span class='ocrx_word' id='word_1_4' title='bbox 2278 364 2423 423; x_wconf 77' lang='lat' dir='ltr'><strong>LIB.</strong></span> <span class='ocrx_word' id='word_1_5' title='bbox 2470 364 2596 425; x_wconf 82' lang='lat' dir='ltr'><strong>VII.</strong></span> 
     </span>
    </p>
   </div>
   <div class='ocr_carea' id='block_1_3' title="bbox 3545 357 3650 424">
    <p class='ocr_par' dir='ltr' id='par_1_3' title="bbox 3545 357 3650 424">
     <span class='ocr_line' id='line_1_3' title="bbox 3545 357 3650 424; baseline 0.019 -2"><span class='ocrx_word' id='word_1_6' title='bbox 3545 357 3650 424; x_wconf 77' lang='lat'><strong>950</strong></span> 
     </span>
    </p>
   </div>
   <div class='ocr_carea' id='block_1_4' title="bbox 378 469 3655 546">
    <p class='ocr_par' dir='ltr' id='par_1_4' title="bbox 378 469 3655 546">
     <span class='ocr_line' id='line_1_4' title="bbox 378 469 3655 546; baseline -0.003 -11"><span class='ocrx_word' id='word_1_7' title='bbox 378 477 632 541; x_wconf 68' lang='lat' dir='ltr'><strong>Judaeum</strong></span> <span class='ocrx_word' id='word_1_8' title='bbox 676 483 902 546; x_wconf 77' lang='lat' dir='ltr'><strong>propter</strong></span> <span class='ocrx_word' id='word_1_9' title='bbox 949 475 1071 546; x_wconf 88' lang='lat' dir='ltr'><strong>ejus</strong></span> <span class='ocrx_word' id='word_1_10' title='bbox 1108 469 1434 545; x_wconf 86' lang='lat' dir='ltr'><strong>jactantiam</strong></span> <span class='ocrx_word' id='word_1_11' title='bbox 1482 481 1541 528; x_wconf 91' lang='lat' dir='ltr'><strong>et</strong></span> <span class='ocrx_word' id='word_1_12' title='bbox 1579 473 1967 544; x_wconf 86' lang='lat' dir='ltr'><strong>gloriationem</strong></span> <span class='ocrx_word' id='word_1_13' title='bbox 2000 481 2040 535; x_wconf 79' lang='grc' dir='ltr'>Α</span> <span class='ocrx_word' id='word_1_14' title='bbox 2072 474 2236 531; x_wconf 85' lang='lat' dir='ltr'><strong>cedes</strong></span> <span class='ocrx_word' id='word_1_15' title='bbox 2284 477 2339 530; x_wconf 92' lang='lat' dir='ltr'><strong>in</strong></span> <span class='ocrx_word' id='word_1_16' title='bbox 2371 485 2620 546; x_wconf 90' lang='lat' dir='ltr'><strong>tempore</strong></span> <span class='ocrx_word' id='word_1_17' title='bbox 2656 482 2906 545; x_wconf 84' lang='lat' dir='ltr'><strong>portatus</strong></span> <span class='ocrx_word' id='word_1_18' title='bbox 2954 474 3011 529; x_wconf 90' lang='lat' dir='ltr'><strong>in</strong></span> <span class='ocrx_word' id='word_1_19' title='bbox 3047 474 3385 545; x_wconf 87' lang='lat' dir='ltr'><strong>sepulcrum,</strong></span> <span class='ocrx_word' id='word_1_20' title='bbox 3450 473 3655 528; x_wconf 85' lang='lat' dir='ltr'><strong>vadens</strong></span> 
     </span>
    </p>
   </div>
   <div class='ocr_carea' id='block_1_5' title="bbox 378 563 1966 636">
    <p class='ocr_par' dir='ltr' id='par_1_5' title="bbox 378 563 1966 636">
     <span class='ocr_line' id='line_1_5' title="bbox 378 563 1966 636; baseline -0.005 -12"><span class='ocrx_word' id='word_1_21' title='bbox 378 570 455 624; x_wconf 85' lang='lat' dir='ltr'><strong>de</strong></span> <span class='ocrx_word' id='word_1_22' title='bbox 485 568 730 623; x_wconf 88' lang='lat' dir='ltr'><strong>Sabbato</strong></span> <span class='ocrx_word' id='word_1_23' title='bbox 754 564 1052 636; x_wconf 84' lang='lat' dir='ltr'><strong>corporali,</strong></span> <span class='ocrx_word' id='word_1_24' title='bbox 1078 564 1174 635; x_wconf 88' lang='lat' dir='ltr'><strong>qui</strong></span> <span class='ocrx_word' id='word_1_25' title='bbox 1198 563 1311 618; x_wconf 88' lang='lat' dir='ltr'><strong>huc</strong></span> <span class='ocrx_word' id='word_1_26' title='bbox 1333 577 1508 634; x_wconf 89' lang='lat' dir='ltr'><strong>usque</strong></span> <span class='ocrx_word' id='word_1_27' title='bbox 1538 564 1833 634; x_wconf 91' lang='lat' dir='ltr'><strong>pulchrum</strong></span> <span class='ocrx_word' id='word_1_28' title='bbox 1856 577 1966 617; x_wconf 88' lang='lat' dir='ltr'><strong>non</strong></span> 
     </span>
    </p>
   </div>
   <div class='ocr_carea' id='block_1_6' title="bbox 381 654 1969 715">
    <p class='ocr_par' dir='ltr' id='par_1_6' title="bbox 381 654 1969 715">
     <span class='ocr_line' id='line_1_6' title="bbox 381 654 1969 715; baseline -0.004 0"><span class='ocrx_word' id='word_1_29' title='bbox 381 661 543 715; x_wconf 88' lang='lat' dir='ltr'><strong>novit</strong></span> <span class='ocrx_word' id='word_1_30' title='bbox 594 657 1015 713; x_wconf 88' lang='lat' dir='ltr'><strong>sabbatismum.</strong></span> <span class='ocrx_word' id='word_1_31' title='bbox 1069 654 1372 711; x_wconf 87' lang='lat' dir='ltr'><strong>Sabbatum</strong></span> <span class='ocrx_word' id='word_1_32' title='bbox 1412 655 1562 710; x_wconf 88' lang='lat' dir='ltr'><strong>enim</strong></span> <span class='ocrx_word' id='word_1_33' title='bbox 1593 654 1969 709; x_wconf 88' lang='lat' dir='ltr'><strong>sabbatismus</strong></span> 
     </span>
    </p>
   </div>
   <div class='ocr_carea' id='block_1_7' title="bbox 380 747 1966 821">
    <p class='ocr_par' dir='ltr' id='par_1_7' title="bbox 380 747 1966 821">
     <span class='ocr_line' id='line_1_7' title="bbox 380 747 1966 821; baseline -0.005 -12"><span class='ocrx_word' id='word_1_34' title='bbox 380 763 440 809; x_wconf 88' lang='lat' dir='ltr'><strong>et</strong></span> <span class='ocrx_word' id='word_1_35' title='bbox 475 750 703 821; x_wconf 79' lang='lat' dir='ltr'><strong>requies</strong></span> <span class='ocrx_word' id='word_1_36' title='bbox 738 759 844 815; x_wconf 89' lang='lat' dir='ltr'><strong>est,</strong></span> <span class='ocrx_word' id='word_1_37' title='bbox 881 766 1013 804; x_wconf 89' lang='lat' dir='ltr'><strong>vera</strong></span> <span class='ocrx_word' id='word_1_38' title='bbox 1072 749 1282 819; x_wconf 88' lang='lat' dir='ltr'><strong>peccati</strong></span> <span class='ocrx_word' id='word_1_39' title='bbox 1315 747 1617 819; x_wconf 75' lang='lat' dir='ltr'><strong>depositio,</strong></span> <span class='ocrx_word' id='word_1_40' title='bbox 1674 763 1841 818; x_wconf 89' lang='lat' dir='ltr'><strong>quam</strong></span> <span class='ocrx_word' id='word_1_41' title='bbox 1866 763 1966 817; x_wconf 86' lang='lat' dir='ltr'><strong>ego</strong></span> 
     </span>
    </p>
   </div>
   <div class='ocr_carea' id='block_1_8' title="bbox 383 839 1971 913">
    <p class='ocr_par' dir='ltr' id='par_1_8' title="bbox 383 839 1971 913">
     <span class='ocr_line' id='line_1_8' title="bbox 383 839 1971 913; baseline -0.003 -14"><span class='ocrx_word' id='word_1_42' title='bbox 383 844 570 899; x_wconf 80' lang='lat' dir='ltr'><strong>fidelis</strong></span> <span class='ocrx_word' id='word_1_43' title='bbox 586 843 789 913; x_wconf 90' lang='lat' dir='ltr'><strong>jubeor</strong></span> <span class='ocrx_word' id='word_1_44' title='bbox 812 857 996 912; x_wconf 90' lang='lat' dir='ltr'><strong>agere,</strong></span> <span class='ocrx_word' id='word_1_45' title='bbox 1028 848 1084 896; x_wconf 88' lang='lat' dir='ltr'><strong>et</strong></span> <span class='ocrx_word' id='word_1_46' title='bbox 1109 839 1314 895; x_wconf 89' lang='lat' dir='ltr'><strong>festum</strong></span> <span class='ocrx_word' id='word_1_47' title='bbox 1366 840 1656 895; x_wconf 87' lang='lat' dir='ltr'><strong>celebrare</strong></span> <span class='ocrx_word' id='word_1_48' title='bbox 1696 839 1750 892; x_wconf 87' lang='lat' dir='ltr'><strong>in</strong></span> <span class='ocrx_word' id='word_1_49' title='bbox 1779 839 1971 908; x_wconf 84' lang='lat' dir='ltr'><strong>requie</strong></span> 
     </span>
    </p>
   </div>
   <div class='ocr_carea' id='block_1_9' title="bbox 381 929 1969 1001">
    <p class='ocr_par' dir='ltr' id='par_1_9' title="bbox 381 929 1969 1001">
     <span class='ocr_line' id='line_1_9' title="bbox 381 929 1969 1001; baseline -0.004 -11"><span class='ocrx_word' id='word_1_50' title='bbox 381 945 440 990; x_wconf 90' lang='lat' dir='ltr'><strong>et</strong></span> <span class='ocrx_word' id='word_1_51' title='bbox 470 936 526 989; x_wconf 91' lang='lat' dir='ltr'><strong>in</strong></span> <span class='ocrx_word' id='word_1_52' title='bbox 569 929 965 1001; x_wconf 85' lang='lat' dir='ltr'><strong>adimpletione</strong></span> <span class='ocrx_word' id='word_1_53' title='bbox 993 931 1122 986; x_wconf 74' lang='lat' dir='ltr'><strong>vitae</strong></span> <span class='ocrx_word' id='word_1_54' title='bbox 1161 946 1318 985; x_wconf 72' lang='lat' dir='ltr'><strong>meae.</strong></span> <span class='ocrx_word' id='word_1_55' title='bbox 1374 931 1437 985; x_wconf 86' lang='lat' dir='ltr'><strong>In</strong></span> <span class='ocrx_word' id='word_1_56' title='bbox 1469 946 1579 1001; x_wconf 92' lang='lat' dir='ltr'><strong>quo</strong></span> <span class='ocrx_word' id='word_1_57' title='bbox 1610 929 1855 984; x_wconf 88' lang='lat' dir='ltr'><strong>Sabbato</strong></span> <span class='ocrx_word' id='word_1_58' title='bbox 1882 943 1969 983; x_wconf 91' lang='lat' dir='ltr'><strong>me</strong></span> 
     </span>
    </p>
   </div>
   <div class='ocr_carea' id='block_1_10' title="bbox 383 1020 1971 1096">
    <p class='ocr_par' dir='ltr' id='par_1_10' title="bbox 383 1020 1971 1096">
     <span class='ocr_line' id='line_1_10' title="bbox 383 1020 1971 1096; baseline -0.005 -16"><span class='ocrx_word' id='word_1_59' title='bbox 383 1027 553 1096; x_wconf 87' lang='lat' dir='ltr'><strong>jubet</strong></span> <span class='ocrx_word' id='word_1_60' title='bbox 581 1024 728 1078; x_wconf 89' lang='lat' dir='ltr'><strong>Deus</strong></span> <span class='ocrx_word' id='word_1_61' title='bbox 752 1039 863 1078; x_wconf 90' lang='lat' dir='ltr'><strong>non</strong></span> <span class='ocrx_word' id='word_1_62' title='bbox 902 1023 1095 1077; x_wconf 90' lang='lat' dir='ltr'><strong>tollere</strong></span> <span class='ocrx_word' id='word_1_63' title='bbox 1127 1038 1270 1076; x_wconf 91' lang='lat' dir='ltr'><strong>onus</strong></span> <span class='ocrx_word' id='word_1_64' title='bbox 1305 1021 1541 1091; x_wconf 77' lang='lat' dir='ltr'><strong>peccati,</strong></span> <span class='ocrx_word' id='word_1_65' title='bbox 1604 1030 1662 1077; x_wconf 91' lang='lat' dir='ltr'><strong>et</strong></span> <span class='ocrx_word' id='word_1_66' title='bbox 1697 1020 1971 1077; x_wconf 85' lang='lat' dir='ltr'><strong>sarcinam</strong></span> 
     </span>
    </p>
   </div>
   <div class='ocr_carea' id='block_1_11' title="bbox 383 1110 1973 1189">
    <p class='ocr_par' dir='ltr' id='par_1_11' title="bbox 383 1110 1973 1189">
     <span class='ocr_line' id='line_1_11' title="bbox 383 1110 1973 1189; baseline -0.005 -16"><span class='ocrx_word' id='word_1_67' title='bbox 383 1119 556 1189; x_wconf 82' lang='lat' dir='ltr'><strong>hujus</strong></span> <span class='ocrx_word' id='word_1_68' title='bbox 587 1116 795 1173; x_wconf 61' lang='lat' dir='ltr'><strong>saeculi.</strong></span> <span class='ocrx_word' id='word_1_69' title='bbox 823 1116 900 1182; x_wconf 87' lang='lat' dir='ltr'><strong>De</strong></span> <span class='ocrx_word' id='word_1_70' title='bbox 925 1115 1132 1185; x_wconf 82' lang='lat' dir='ltr'><strong>quibus</strong></span> <span class='ocrx_word' id='word_1_71' title='bbox 1154 1114 1706 1184; x_wconf 86' lang='lat' dir='ltr'><strong>diccbatquispiam:</strong></span> <span class='ocrx_word' id='word_1_72' title='bbox 1741 1110 1973 1166; x_wconf 87' lang='lat' dir='ltr'><strong>Peccata</strong></span> 
     </span>
    </p>
   </div>
   <div class='ocr_carea' id='block_1_12' title="bbox 385 1213 1975 1278">
    <p class='ocr_par' dir='ltr' id='par_1_12' title="bbox 385 1213 1975 1278">
     <span class='ocr_line' id='line_1_12' title="bbox 385 1213 1975 1278; baseline -0.004 -16"><span class='ocrx_word' id='word_1_73' title='bbox 385 1226 510 1262; x_wconf 85' lang='lat' dir='ltr'><strong>mea</strong></span> <span class='ocrx_word' id='word_1_74' title='bbox 545 1222 890 1278; x_wconf 82' lang='lat' dir='ltr'><strong>supergressa</strong></span> <span class='ocrx_word' id='word_1_75' title='bbox 913 1214 1038 1261; x_wconf 81' lang='lat' dir='ltr'><strong>sunt</strong></span> <span class='ocrx_word' id='word_1_76' title='bbox 1085 1214 1247 1276; x_wconf 84' lang='lat' dir='ltr'><strong>caput</strong></span> <span class='ocrx_word' id='word_1_77' title='bbox 1298 1221 1495 1271; x_wconf 87' lang='lat' dir='ltr'><strong>meum,</strong></span> <span class='ocrx_word' id='word_1_78' title='bbox 1548 1213 1975 1274; x_wconf 80' lang='lat' dir='ltr'><strong>tanquamonus</strong></span> 
     </span>
    </p>
   </div>
   <div class='ocr_carea' id='block_1_13' title="bbox 383 1280 1975 1372">
    <p class='ocr_par' dir='ltr' id='par_1_13' title="bbox 383 1280 1975 1372">
     <span class='ocr_line' id='line_1_13' title="bbox 383 1280 1975 1372; baseline -0.004 -17"><span class='ocrx_word' id='word_1_79' title='bbox 383 1316 550 1372; x_wconf 81' lang='lat' dir='ltr'><strong>grave</strong></span> <span class='ocrx_word' id='word_1_80' title='bbox 569 1306 801 1370; x_wconf 80' lang='lat' dir='ltr'><strong>gravata</strong></span> <span class='ocrx_word' id='word_1_81' title='bbox 834 1306 960 1352; x_wconf 83' lang='lat' dir='ltr'><strong>sunt</strong></span> <span class='ocrx_word' id='word_1_82' title='bbox 995 1280 1154 1372; x_wconf 65' lang='lat' dir='ltr'><strong>super</strong></span> <span class='ocrx_word' id='word_1_83' title='bbox 1190 1312 1272 1349; x_wconf 88' lang='lat' dir='ltr'><strong>me</strong></span> <span class='ocrx_word' id='word_1_84' title='bbox 1293 1295 1360 1348; x_wconf 78' lang='lat'><strong>“.</strong></span> <span class='ocrx_word' id='word_1_85' title='bbox 1395 1295 1769 1367; x_wconf 70' lang='lat' dir='ltr'><strong>Quamobrem</strong></span> <span class='ocrx_word' id='word_1_86' title='bbox 1805 1294 1975 1365; x_wconf 88' lang='lat' dir='ltr'><strong>jube-</strong></span> 
     </span>
    </p>
   </div>
   <div class='ocr_carea' id='block_1_14' title="bbox 385 1370 1974 1463">
    <p class='ocr_par' dir='ltr' id='par_1_14' title="bbox 385 1370 1974 1463">
     <span class='ocr_line' id='line_1_14' title="bbox 385 1370 1974 1463; baseline -0.005 -13"><span class='ocrx_word' id='word_1_87' title='bbox 385 1410 518 1450; x_wconf 86' lang='lat' dir='ltr'><strong>mur</strong></span> <span class='ocrx_word' id='word_1_88' title='bbox 548 1408 731 1463; x_wconf 88' lang='lat' dir='ltr'><strong>neque</strong></span> <span class='ocrx_word' id='word_1_89' title='bbox 762 1370 1093 1446; x_wconf 46' lang='lat' dir='ltr'><strong>accendere.</strong></span> <span class='ocrx_word' id='word_1_90' title='bbox 1109 1390 1293 1460; x_wconf 90' lang='lat' dir='ltr'><strong>ignem</strong></span> <span class='ocrx_word' id='word_1_91' title='bbox 1331 1391 1387 1445; x_wconf 92' lang='lat' dir='ltr'><strong>in</strong></span> <span class='ocrx_word' id='word_1_92' title='bbox 1424 1405 1493 1445; x_wconf 91' lang='lat' dir='ltr'><strong>eo</strong></span> <span class='ocrx_word' id='word_1_93' title='bbox 1532 1389 1796 1452; x_wconf 83' lang='lat' dir='ltr'><strong>Sabbato,</strong></span> <span class='ocrx_word' id='word_1_94' title='bbox 1824 1405 1974 1443; x_wconf 82' lang='lat' dir='ltr'><strong>mor-</strong></span> 
     </span>
    </p>
   </div>
   <div class='ocr_carea' id='block_1_15' title="bbox 387 1482 1974 1554">
    <p class='ocr_par' dir='ltr' id='par_1_15' title="bbox 387 1482 1974 1554">
     <span class='ocr_line' id='line_1_15' title="bbox 387 1482 1974 1554; baseline -0.003 -14"><span class='ocrx_word' id='word_1_95' title='bbox 387 1487 466 1541; x_wconf 88' lang='lat' dir='ltr'><strong>tis</strong></span> <span class='ocrx_word' id='word_1_96' title='bbox 481 1526 495 1550; x_wconf 96' lang='lat'><strong>,</strong></span> <span class='ocrx_word' id='word_1_97' title='bbox 510 1485 619 1539; x_wconf 89' lang='lat' dir='ltr'><strong>hoc</strong></span> <span class='ocrx_word' id='word_1_98' title='bbox 639 1483 1093 1554; x_wconf 82' lang='lat' dir='ltr'><strong>estexstinguere</strong></span> <span class='ocrx_word' id='word_1_99' title='bbox 1114 1498 1335 1538; x_wconf 85' lang='lat' dir='ltr'><strong>omnem</strong></span> <span class='ocrx_word' id='word_1_100' title='bbox 1358 1482 1614 1537; x_wconf 91' lang='lat' dir='ltr'><strong>ardorem</strong></span> <span class='ocrx_word' id='word_1_101' title='bbox 1633 1482 1974 1553; x_wconf 84' lang='lat' dir='ltr'><strong>cupiditatis,</strong></span> 
     </span>
    </p>
   </div>
   <div class='ocr_carea' id='block_1_16' title="bbox 387 1569 1981 1644">
    <p class='ocr_par' dir='ltr' id='par_1_16' title="bbox 387 1569 1981 1644">
     <span class='ocr_line' id='line_1_16' title="bbox 387 1569 1981 1644; baseline -0.003 -15"><span class='ocrx_word' id='word_1_102' title='bbox 387 1585 443 1629; x_wconf 82' lang='lat' dir='ltr'><strong>et</strong></span> <span class='ocrx_word' id='word_1_103' title='bbox 469 1575 576 1629; x_wconf 83' lang='lat' dir='ltr'><strong>tela</strong></span> <span class='ocrx_word' id='word_1_104' title='bbox 604 1572 830 1644; x_wconf 75' lang='lat' dir='ltr'><strong>maligni</strong></span> <span class='ocrx_word' id='word_1_105' title='bbox 886 1574 1056 1644; x_wconf 85' lang='lat' dir='ltr'><strong>ignita</strong></span> <span class='ocrx_word' id='word_1_106' title='bbox 1089 1569 1138 1602; x_wconf 84' lang='lat'><strong>&quot;</strong></span> <span class='ocrx_word' id='word_1_107' title='bbox 1170 1588 1296 1642; x_wconf 80' lang='lat' dir='ltr'><strong>qua:</strong></span> <span class='ocrx_word' id='word_1_108' title='bbox 1347 1573 1689 1643; x_wconf 88' lang='lat' dir='ltr'><strong>compellunt</strong></span> <span class='ocrx_word' id='word_1_109' title='bbox 1721 1573 1788 1627; x_wconf 89' lang='lat' dir='ltr'><strong>ad</strong></span> <span class='ocrx_word' id='word_1_110' title='bbox 1828 1571 1981 1626; x_wconf 87' lang='lat' dir='ltr'><strong>llam-</strong></span> 
     </span>
    </p>
   </div>
   <div class='ocr_carea' id='block_1_17' title="bbox 387 1663 1980 1735">
    <p class='ocr_par' dir='ltr' id='par_1_17' title="bbox 387 1663 1980 1735">
     <span class='ocr_line' id='line_1_17' title="bbox 387 1663 1980 1735; baseline -0.001 -15"><span class='ocrx_word' id='word_1_111' title='bbox 387 1681 539 1722; x_wconf 88' lang='lat' dir='ltr'><strong>mam</strong></span> <span class='ocrx_word' id='word_1_112' title='bbox 600 1674 886 1720; x_wconf 64' lang='lat' dir='ltr'><strong>azternam.</strong></span> <span class='ocrx_word' id='word_1_113' title='bbox 926 1665 1101 1719; x_wconf 84' lang='lat' dir='ltr'><strong>Porro</strong></span> <span class='ocrx_word' id='word_1_114' title='bbox 1153 1675 1337 1719; x_wconf 88' lang='lat' dir='ltr'><strong>autem</strong></span> <span class='ocrx_word' id='word_1_115' title='bbox 1378 1665 1525 1720; x_wconf 89' lang='lat' dir='ltr'><strong>Deus</strong></span> <span class='ocrx_word' id='word_1_116' title='bbox 1571 1680 1673 1719; x_wconf 91' lang='lat' dir='ltr'><strong>nos</strong></span> <span class='ocrx_word' id='word_1_117' title='bbox 1720 1663 1980 1735; x_wconf 84' lang='lat' dir='ltr'><strong>prohibet</strong></span> 
     </span>
    </p>
   </div>
   <div class='ocr_carea' id='block_1_18' title="bbox 389 1754 1976 1828">
    <p class='ocr_par' dir='ltr' id='par_1_18' title="bbox 389 1754 1976 1828">
     <span class='ocr_line' id='line_1_18' title="bbox 389 1754 1976 1828; baseline -0.003 -16"><span class='ocrx_word' id='word_1_118' title='bbox 389 1759 504 1812; x_wconf 87' lang='lat' dir='ltr'><strong>iter</strong></span> <span class='ocrx_word' id='word_1_119' title='bbox 534 1755 750 1828; x_wconf 81' lang='lat' dir='ltr'><strong>ingredi</strong></span> <span class='ocrx_word' id='word_1_120' title='bbox 785 1757 839 1809; x_wconf 90' lang='lat' dir='ltr'><strong>in</strong></span> <span class='ocrx_word' id='word_1_121' title='bbox 868 1754 1136 1819; x_wconf 89' lang='lat' dir='ltr'><strong>Sabbato,</strong></span> <span class='ocrx_word' id='word_1_122' title='bbox 1162 1765 1537 1826; x_wconf 81' lang='lat' dir='ltr'><strong>congruenter</strong></span> <span class='ocrx_word' id='word_1_123' title='bbox 1563 1756 1617 1810; x_wconf 90' lang='lat' dir='ltr'><strong>ei</strong></span> <span class='ocrx_word' id='word_1_124' title='bbox 1666 1756 1760 1826; x_wconf 91' lang='lat' dir='ltr'><strong>qui</strong></span> <span class='ocrx_word' id='word_1_125' title='bbox 1810 1755 1976 1810; x_wconf 90' lang='lat' dir='ltr'><strong>dicit:</strong></span> 
     </span>
    </p>
   </div>
   <div class='ocr_carea' id='block_1_19' title="bbox 2069 562 3653 637">
    <p class='ocr_par' dir='ltr' id='par_1_19' title="bbox 2069 562 3653 637">
     <span class='ocr_line' id='line_1_19' title="bbox 2069 562 3653 637; baseline -0.004 -15"><span class='ocrx_word' id='word_1_126' title='bbox 2069 567 2135 622; x_wconf 87' lang='lat' dir='ltr'><strong>ad</strong></span> <span class='ocrx_word' id='word_1_127' title='bbox 2179 576 2365 637; x_wconf 87' lang='lat' dir='ltr'><strong>patres</strong></span> <span class='ocrx_word' id='word_1_128' title='bbox 2396 576 2543 631; x_wconf 85' lang='lat' dir='ltr'><strong>tuos,</strong></span> <span class='ocrx_word' id='word_1_129' title='bbox 2567 565 2814 620; x_wconf 89' lang='lat' dir='ltr'><strong>nutritus</strong></span> <span class='ocrx_word' id='word_1_130' title='bbox 2841 565 2897 619; x_wconf 92' lang='lat' dir='ltr'><strong>in</strong></span> <span class='ocrx_word' id='word_1_131' title='bbox 2954 572 3243 631; x_wconf 76' lang='lat' dir='ltr'><strong>senectute</strong></span> <span class='ocrx_word' id='word_1_132' title='bbox 3268 564 3443 631; x_wconf 85' lang='lat' dir='ltr'><strong>bona;</strong></span> <span class='ocrx_word' id='word_1_133' title='bbox 3477 562 3653 633; x_wconf 86' lang='lat' dir='ltr'><strong>septi-</strong></span> 
     </span>
    </p>
   </div>
   <div class='ocr_carea' id='block_1_20' title="bbox 2069 654 3657 727">
    <p class='ocr_par' dir='ltr' id='par_1_20' title="bbox 2069 654 3657 727">
     <span class='ocr_line' id='line_1_20' title="bbox 2069 654 3657 727; baseline -0.004 -14"><span class='ocrx_word' id='word_1_134' title='bbox 2069 674 2159 713; x_wconf 92' lang='lat' dir='ltr'><strong>mo</strong></span> <span class='ocrx_word' id='word_1_135' title='bbox 2177 659 2326 713; x_wconf 87' lang='lat' dir='ltr'><strong>enim</strong></span> <span class='ocrx_word' id='word_1_136' title='bbox 2378 658 2467 713; x_wconf 91' lang='lat' dir='ltr'><strong>die</strong></span> <span class='ocrx_word' id='word_1_137' title='bbox 2489 657 2758 713; x_wconf 90' lang='lat' dir='ltr'><strong>Dominus</strong></span> <span class='ocrx_word' id='word_1_138' title='bbox 2782 657 2873 711; x_wconf 81' lang='lat' dir='ltr'><strong>ab-</strong></span> <span class='ocrx_word' id='word_1_139' title='bbox 2885 655 3149 727; x_wconf 87' lang='lat' dir='ltr'><strong>operibus</strong></span> <span class='ocrx_word' id='word_1_140' title='bbox 3178 656 3295 710; x_wconf 87' lang='lat' dir='ltr'><strong>suis</strong></span> <span class='ocrx_word' id='word_1_141' title='bbox 3323 654 3657 725; x_wconf 84' lang='lat' dir='ltr'><strong>evangelicis</strong></span> 
     </span>
    </p>
   </div>
   <div class='ocr_carea' id='block_1_21' title="bbox 2069 748 3656 821">
    <p class='ocr_par' dir='ltr' id='par_1_21' title="bbox 2069 748 3656 821">
     <span class='ocr_line' id='line_1_21' title="bbox 2069 748 3656 821; baseline -0.002 -17"><span class='ocrx_word' id='word_1_142' title='bbox 2069 750 2351 820; x_wconf 89' lang='lat' dir='ltr'><strong>quievitin</strong></span> <span class='ocrx_word' id='word_1_143' title='bbox 2381 751 2673 821; x_wconf 90' lang='lat' dir='ltr'><strong>sepulcro;</strong></span> <span class='ocrx_word' id='word_1_144' title='bbox 2700 756 2756 803; x_wconf 88' lang='lat' dir='ltr'><strong>et</strong></span> <span class='ocrx_word' id='word_1_145' title='bbox 2794 748 3062 819; x_wconf 88' lang='lat' dir='ltr'><strong>deinceps</strong></span> <span class='ocrx_word' id='word_1_146' title='bbox 3099 755 3421 802; x_wconf 86' lang='lat' dir='ltr'><strong>constanter</strong></span> <span class='ocrx_word' id='word_1_147' title='bbox 3456 761 3656 815; x_wconf 80' lang='lat' dir='ltr'><strong>exspe-</strong></span> 
     </span>
    </p>
   </div>
   <div class='ocr_carea' id='block_1_22' title="bbox 2071 838 3660 912">
    <p class='ocr_par' dir='ltr' id='par_1_22' title="bbox 2071 838 3660 912">
     <span class='ocr_line' id='line_1_22' title="bbox 2071 838 3660 912; baseline -0.004 -17"><span class='ocrx_word' id='word_1_148' title='bbox 2071 850 2187 897; x_wconf 89' lang='lat' dir='ltr'><strong>ctes</strong></span> <span class='ocrx_word' id='word_1_149' title='bbox 2203 852 2462 897; x_wconf 89' lang='lat' dir='ltr'><strong>octavum</strong></span> <span class='ocrx_word' id='word_1_150' title='bbox 2480 883 2495 906; x_wconf 91' lang='lat'><strong>,</strong></span> <span class='ocrx_word' id='word_1_151' title='bbox 2513 859 2543 896; x_wconf 91' lang='lat' dir='ltr'><strong>a</strong></span> <span class='ocrx_word' id='word_1_152' title='bbox 2567 843 2846 912; x_wconf 88' lang='lat' dir='ltr'><strong>sepulcro,</strong></span> <span class='ocrx_word' id='word_1_153' title='bbox 2880 838 3615 912; x_wconf 50' lang='lat' dir='ltr'><strong>inquamhresurrectionem</strong></span> <span class='ocrx_word' id='word_1_154' title='bbox 3646 849 3660 889; x_wconf 72' lang='grc' dir='ltr'><strong>ι</strong></span> 
     </span>
    </p>
   </div>
   <div class='ocr_carea' id='block_1_23' title="bbox 2073 929 3515 989">
    <p class='ocr_par' dir='ltr' id='par_1_23' title="bbox 2073 929 3515 989">
     <span class='ocr_line' id='line_1_23' title="bbox 2073 929 3515 989; baseline -0.005 0"><span class='ocrx_word' id='word_1_155' title='bbox 2073 934 2160 989; x_wconf 90' lang='lat' dir='ltr'><strong>die</strong></span> <span class='ocrx_word' id='word_1_156' title='bbox 2185 934 2333 989; x_wconf 91' lang='lat' dir='ltr'><strong>enim</strong></span> <span class='ocrx_word' id='word_1_157' title='bbox 2361 944 2556 989; x_wconf 91' lang='lat' dir='ltr'><strong>octavo</strong></span> <span class='ocrx_word' id='word_1_158' title='bbox 2592 934 2860 988; x_wconf 89' lang='lat' dir='ltr'><strong>Dominus</strong></span> <span class='ocrx_word' id='word_1_159' title='bbox 2911 933 3156 988; x_wconf 79' lang='lat' dir='ltr'><strong>surrexit</strong></span> <span class='ocrx_word' id='word_1_160' title='bbox 3181 948 3211 986; x_wconf 89' lang='lat' dir='ltr'><strong>a</strong></span> <span class='ocrx_word' id='word_1_161' title='bbox 3260 929 3515 986; x_wconf 82' lang='lat' dir='ltr'><strong>mortuis.</strong></span> 
     </span>
    </p>
   </div>
   <div class='ocr_carea' id='block_1_24' title="bbox 2145 1022 3661 1099">
    <p class='ocr_par' dir='ltr' id='par_1_24' title="bbox 2145 1022 3661 1099">
     <span class='ocr_line' id='line_1_24' title="bbox 2145 1022 3661 1099; baseline -0.002 -19"><span class='ocrx_word' id='word_1_162' title='bbox 2145 1026 2242 1083; x_wconf 88' lang='lat' dir='ltr'><strong>llis</strong></span> <span class='ocrx_word' id='word_1_163' title='bbox 2267 1035 2322 1081; x_wconf 91' lang='lat' dir='ltr'><strong>et</strong></span> <span class='ocrx_word' id='word_1_164' title='bbox 2345 1026 2669 1099; x_wconf 87' lang='lat' dir='ltr'><strong>hujusmodi</strong></span> <span class='ocrx_word' id='word_1_165' title='bbox 2723 1026 2891 1082; x_wconf 87' lang='lat' dir='ltr'><strong>rebus</strong></span> <span class='ocrx_word' id='word_1_166' title='bbox 2949 1026 3048 1081; x_wconf 90' lang='lat' dir='ltr'><strong>Dei</strong></span> <span class='ocrx_word' id='word_1_167' title='bbox 3099 1023 3414 1081; x_wconf 88' lang='lat' dir='ltr'><strong>celebrabis</strong></span> <span class='ocrx_word' id='word_1_168' title='bbox 3452 1022 3661 1078; x_wconf 87' lang='lat' dir='ltr'><strong>Sabba-</strong></span> 
     </span>
    </p>
   </div>
   <div class='ocr_carea' id='block_1_25' title="bbox 2079 1113 3663 1185">
    <p class='ocr_par' dir='ltr' id='par_1_25' title="bbox 2079 1113 3663 1185">
     <span class='ocr_line' id='line_1_25' title="bbox 2079 1113 3663 1185; baseline -0.002 -14"><span class='ocrx_word' id='word_1_169' title='bbox 2079 1125 2219 1172; x_wconf 93' lang='lat' dir='ltr'><strong>tum.</strong></span> <span class='ocrx_word' id='word_1_170' title='bbox 2244 1116 2386 1173; x_wconf 86' lang='lat' dir='ltr'><strong>Huic</strong></span> <span class='ocrx_word' id='word_1_171' title='bbox 2425 1133 2554 1173; x_wconf 83' lang='lat' dir='ltr'><strong>vere</strong></span> <span class='ocrx_word' id='word_1_172' title='bbox 2598 1116 2842 1174; x_wconf 88' lang='lat' dir='ltr'><strong>Sabbato</strong></span> <span class='ocrx_word' id='word_1_173' title='bbox 2880 1118 3186 1183; x_wconf 81' lang='lat' dir='ltr'><strong>benedixit,</strong></span> <span class='ocrx_word' id='word_1_174' title='bbox 3218 1126 3276 1172; x_wconf 87' lang='lat' dir='ltr'><strong>et</strong></span> <span class='ocrx_word' id='word_1_175' title='bbox 3323 1116 3379 1185; x_wconf 88' lang='lat' dir='ltr'><strong>id</strong></span> <span class='ocrx_word' id='word_1_176' title='bbox 3416 1113 3663 1171; x_wconf 55' lang='lat' dir='ltr'><strong>sanctific</strong></span> 
     </span>
    </p>
   </div>
   <div class='ocr_carea' id='block_1_26' title="bbox 2076 1208 3658 1282">
    <p class='ocr_par' dir='ltr' id='par_1_26' title="bbox 2076 1208 3658 1282">
     <span class='ocr_line' id='line_1_26' title="bbox 2076 1208 3658 1282; baseline -0.001 -18"><span class='ocrx_word' id='word_1_177' title='bbox 2076 1210 2222 1264; x_wconf 80' lang='lat' dir='ltr'><strong>cavit</strong></span> <span class='ocrx_word' id='word_1_178' title='bbox 2250 1211 2418 1265; x_wconf 88' lang='lat' dir='ltr'><strong>Deus.</strong></span> <span class='ocrx_word' id='word_1_179' title='bbox 2446 1209 2624 1279; x_wconf 81' lang='lat' dir='ltr'><strong>Atque</strong></span> <span class='ocrx_word' id='word_1_180' title='bbox 2655 1210 2753 1264; x_wconf 91' lang='lat' dir='ltr'><strong>tibi</strong></span> <span class='ocrx_word' id='word_1_181' title='bbox 2788 1209 3017 1282; x_wconf 87' lang='lat' dir='ltr'><strong>quidem</strong></span> <span class='ocrx_word' id='word_1_182' title='bbox 3044 1210 3140 1280; x_wconf 86' lang='lat' dir='ltr'><strong>qui</strong></span> <span class='ocrx_word' id='word_1_183' title='bbox 3183 1225 3245 1264; x_wconf 90' lang='lat' dir='ltr'><strong>es</strong></span> <span class='ocrx_word' id='word_1_184' title='bbox 3272 1208 3500 1264; x_wconf 68' lang='lat' dir='ltr'><strong>Iudaeus</strong></span> <span class='ocrx_word' id='word_1_185' title='bbox 3533 1223 3658 1263; x_wconf 84' lang='lat' dir='ltr'><strong>car-</strong></span> 
     </span>
    </p>
   </div>
   <div class='ocr_carea' id='block_1_27' title="bbox 2076 1298 3663 1365">
    <p class='ocr_par' dir='ltr' id='par_1_27' title="bbox 2076 1298 3663 1365">
     <span class='ocr_line' id='line_1_27' title="bbox 2076 1298 3663 1365; baseline 0 -12"><span class='ocrx_word' id='word_1_186' title='bbox 2076 1300 2668 1365; x_wconf 82' lang='lat' dir='ltr'><strong>naliterzutvidetur,</strong></span> <span class='ocrx_word' id='word_1_187' title='bbox 2694 1309 2779 1355; x_wconf 91' lang='lat' dir='ltr'><strong>est</strong></span> <span class='ocrx_word' id='word_1_188' title='bbox 2826 1299 3144 1356; x_wconf 88' lang='lat' dir='ltr'><strong>necessaria</strong></span> <span class='ocrx_word' id='word_1_189' title='bbox 3195 1298 3420 1354; x_wconf 89' lang='lat' dir='ltr'><strong>Sabbati</strong></span> <span class='ocrx_word' id='word_1_190' title='bbox 3469 1298 3663 1354; x_wconf 85' lang='lat' dir='ltr'><strong>obser-</strong></span> 
     </span>
    </p>
   </div>
   <div class='ocr_carea' id='block_1_28' title="bbox 2079 1390 3662 1460">
    <p class='ocr_par' dir='ltr' id='par_1_28' title="bbox 2079 1390 3662 1460">
     <span class='ocr_line' id='line_1_28' title="bbox 2079 1390 3662 1460; baseline 0.001 -18"><span class='ocrx_word' id='word_1_191' title='bbox 2079 1390 2251 1455; x_wconf 82' lang='lat' dir='ltr'><strong>vatio,</strong></span> <span class='ocrx_word' id='word_1_192' title='bbox 2309 1398 2370 1443; x_wconf 91' lang='lat' dir='ltr'><strong>ut</strong></span> <span class='ocrx_word' id='word_1_193' title='bbox 2407 1406 2529 1460; x_wconf 80' lang='lat' dir='ltr'><strong>quae</strong></span> <span class='ocrx_word' id='word_1_194' title='bbox 2580 1390 2653 1445; x_wconf 91' lang='lat' dir='ltr'><strong>sit</strong></span> <span class='ocrx_word' id='word_1_195' title='bbox 2702 1391 2882 1460; x_wconf 86' lang='lat' dir='ltr'><strong>posita</strong></span> <span class='ocrx_word' id='word_1_196' title='bbox 2912 1390 2981 1445; x_wconf 94' lang='lat' dir='ltr'><strong>ad</strong></span> <span class='ocrx_word' id='word_1_197' title='bbox 3018 1390 3457 1446; x_wconf 88' lang='lat' dir='ltr'><strong>convincendam</strong></span> <span class='ocrx_word' id='word_1_198' title='bbox 3511 1400 3662 1445; x_wconf 90' lang='lat' dir='ltr'><strong>tuam</strong></span> 
     </span>
    </p>
   </div>
   <div class='ocr_carea' id='block_1_29' title="bbox 2082 1481 3663 1553">
    <p class='ocr_par' dir='ltr' id='par_1_29' title="bbox 2082 1481 3663 1553">
     <span class='ocr_line' id='line_1_29' title="bbox 2082 1481 3663 1553; baseline 0.001 -18"><span class='ocrx_word' id='word_1_199' title='bbox 2082 1481 2455 1551; x_wconf 84' lang='lat' dir='ltr'><strong>iniquitatem,</strong></span> <span class='ocrx_word' id='word_1_200' title='bbox 2490 1489 2550 1535; x_wconf 88' lang='lat' dir='ltr'><strong>ut</strong></span> <span class='ocrx_word' id='word_1_201' title='bbox 2592 1482 2706 1536; x_wconf 80' lang='lat' dir='ltr'><strong>dixi</strong></span> <span class='ocrx_word' id='word_1_202' title='bbox 2747 1483 2914 1553; x_wconf 88' lang='lat' dir='ltr'><strong>paulo</strong></span> <span class='ocrx_word' id='word_1_203' title='bbox 2962 1492 3110 1537; x_wconf 89' lang='lat' dir='ltr'><strong>ante.</strong></span> <span class='ocrx_word' id='word_1_204' title='bbox 3154 1482 3287 1537; x_wconf 79' lang='lat' dir='ltr'><strong>Mihi</strong></span> <span class='ocrx_word' id='word_1_205' title='bbox 3327 1490 3510 1536; x_wconf 88' lang='lat' dir='ltr'><strong>autem</strong></span> <span class='ocrx_word' id='word_1_206' title='bbox 3567 1482 3663 1552; x_wconf 88' lang='lat' dir='ltr'><strong>qui</strong></span> 
     </span>
    </p>
   </div>
   <div class='ocr_carea' id='block_1_30' title="bbox 2080 1568 3667 1641">
    <p class='ocr_par' dir='ltr' id='par_1_30' title="bbox 2080 1568 3667 1641">
     <span class='ocr_line' id='line_1_30' title="bbox 2080 1568 3667 1641; baseline -0.001 -17"><span class='ocrx_word' id='word_1_207' title='bbox 2080 1586 2201 1625; x_wconf 92' lang='lat' dir='ltr'><strong>sum</strong></span> <span class='ocrx_word' id='word_1_208' title='bbox 2237 1569 2415 1625; x_wconf 85' lang='lat' dir='ltr'><strong>ﬁdelis</strong></span> <span class='ocrx_word' id='word_1_209' title='bbox 2447 1578 2499 1625; x_wconf 88' lang='lat' dir='ltr'><strong>et</strong></span> <span class='ocrx_word' id='word_1_210' title='bbox 2540 1570 2635 1640; x_wconf 90' lang='lat' dir='ltr'><strong>qui</strong></span> <span class='ocrx_word' id='word_1_211' title='bbox 2689 1571 2933 1641; x_wconf 79' lang='lat' dir='ltr'><strong>perfecte</strong></span> <span class='ocrx_word' id='word_1_212' title='bbox 2963 1571 3170 1625; x_wconf 90' lang='lat' dir='ltr'><strong>recessi</strong></span> <span class='ocrx_word' id='word_1_213' title='bbox 3219 1586 3251 1625; x_wconf 90' lang='lat' dir='ltr'><strong>a</strong></span> <span class='ocrx_word' id='word_1_214' title='bbox 3280 1570 3434 1625; x_wconf 90' lang='lat' dir='ltr'><strong>cultu</strong></span> <span class='ocrx_word' id='word_1_215' title='bbox 3488 1568 3667 1625; x_wconf 82' lang='lat' dir='ltr'><strong>idolo-</strong></span> 
     </span>
    </p>
   </div>
   <div class='ocr_carea' id='block_1_31' title="bbox 2056 1660 3667 1732">
    <p class='ocr_par' dir='ltr' id='par_1_31' title="bbox 2056 1660 3667 1732">
     <span class='ocr_line' id='line_1_31' title="bbox 2056 1660 3667 1732; baseline 0 -17"><span class='ocrx_word' id='word_1_216' title='bbox 2056 1662 2228 1725; x_wconf 58' lang='lat' dir='ltr'><strong>&#39;rnm,</strong></span> <span class='ocrx_word' id='word_1_217' title='bbox 2288 1660 2516 1716; x_wconf 88' lang='lat' dir='ltr'><strong>minime</strong></span> <span class='ocrx_word' id='word_1_218' title='bbox 2554 1677 2694 1732; x_wconf 86' lang='lat' dir='ltr'><strong>opus</strong></span> <span class='ocrx_word' id='word_1_219' title='bbox 2730 1669 2817 1716; x_wconf 89' lang='lat' dir='ltr'><strong>est</strong></span> <span class='ocrx_word' id='word_1_220' title='bbox 2858 1662 2964 1716; x_wconf 89' lang='lat' dir='ltr'><strong>hoc</strong></span> <span class='ocrx_word' id='word_1_221' title='bbox 3006 1662 3307 1717; x_wconf 90' lang='lat' dir='ltr'><strong>multorum</strong></span> <span class='ocrx_word' id='word_1_222' title='bbox 3358 1676 3667 1731; x_wconf 85' lang='lat' dir='ltr'><strong>coquorutu</strong></span> 
     </span>
    </p>
   </div>
   <div class='ocr_carea' id='block_1_32' title="bbox 2082 1751 3668 1822">
    <p class='ocr_par' dir='ltr' id='par_1_32' title="bbox 2082 1751 3668 1822">
     <span class='ocr_line' id='line_1_32' title="bbox 2082 1751 3668 1822; baseline 0 -15"><span class='ocrx_word' id='word_1_223' title='bbox 2082 1753 2444 1819; x_wconf 88' lang='lat' dir='ltr'><strong>sabbatismo,</strong></span> <span class='ocrx_word' id='word_1_224' title='bbox 2491 1751 2546 1807; x_wconf 86' lang='lat' dir='ltr'><strong>in</strong></span> <span class='ocrx_word' id='word_1_225' title='bbox 2589 1768 2701 1822; x_wconf 91' lang='lat' dir='ltr'><strong>quo</strong></span> <span class='ocrx_word' id='word_1_226' title='bbox 2748 1753 2940 1807; x_wconf 85' lang='lat' dir='ltr'><strong>asinus</strong></span> <span class='ocrx_word' id='word_1_227' title='bbox 2997 1761 3128 1807; x_wconf 92' lang='lat' dir='ltr'><strong>tuus</strong></span> <span class='ocrx_word' id='word_1_228' title='bbox 3179 1762 3238 1807; x_wconf 89' lang='lat' dir='ltr'><strong>et</strong></span> <span class='ocrx_word' id='word_1_229' title='bbox 3295 1754 3559 1818; x_wconf 85' lang='lat' dir='ltr'><strong>camelus,</strong></span> <span class='ocrx_word' id='word_1_230' title='bbox 3610 1761 3668 1809; x_wconf 92' lang='lat' dir='ltr'><strong>et</strong></span> 
     </span>
    </p>
   </div>
   <div class='ocr_carea' id='block_1_33' title="bbox 386 1837 3670 1916">
    <p class='ocr_par' dir='ltr' id='par_1_33' title="bbox 386 1837 3670 1916">
     <span class='ocr_line' id='line_1_33' title="bbox 386 1837 3670 1916; baseline 0 -18"><span class='ocrx_word' id='word_1_231' title='bbox 386 1843 471 1898; x_wconf 78' lang='lat' dir='ltr'><strong>Ab</strong></span> <span class='ocrx_word' id='word_1_232' title='bbox 496 1845 641 1899; x_wconf 82' lang='lat' dir='ltr'><strong>omni</strong></span> <span class='ocrx_word' id='word_1_233' title='bbox 672 1844 757 1897; x_wconf 79' lang='lat' dir='ltr'><strong>via</strong></span> <span class='ocrx_word' id='word_1_234' title='bbox 788 1841 934 1896; x_wconf 81' lang='lat' dir='ltr'><strong>mala</strong></span> <span class='ocrx_word' id='word_1_235' title='bbox 964 1843 1206 1913; x_wconf 83' lang='lat' dir='ltr'><strong>prohibui</strong></span> <span class='ocrx_word' id='word_1_236' title='bbox 1229 1844 1384 1914; x_wconf 85' lang='lat' dir='ltr'><strong>pedes</strong></span> <span class='ocrx_word' id='word_1_237' title='bbox 1412 1862 1551 1899; x_wconf 83' lang='lat' dir='ltr'><strong>meos</strong></span> <span class='ocrx_word' id='word_1_238' title='bbox 1579 1846 1645 1898; x_wconf 80' lang='lat'><strong>“.</strong></span> <span class='ocrx_word' id='word_1_239' title='bbox 1668 1845 1834 1900; x_wconf 81' lang='lat' dir='ltr'><strong>Jubet</strong></span> <span class='ocrx_word' id='word_1_240' title='bbox 1862 1861 1966 1898; x_wconf 87' lang='lat' dir='ltr'><strong>au-</strong></span> <span class='ocrx_word' id='word_1_241' title='bbox 2004 1837 2043 1895; x_wconf 83' lang='grc' dir='ltr'><strong>Β</strong></span> <span class='ocrx_word' id='word_1_242' title='bbox 2073 1846 2226 1902; x_wconf 89' lang='lat' dir='ltr'><strong>canis</strong></span> <span class='ocrx_word' id='word_1_243' title='bbox 2265 1855 2447 1901; x_wconf 91' lang='lat' dir='ltr'><strong>tecum</strong></span> <span class='ocrx_word' id='word_1_244' title='bbox 2473 1854 2644 1916; x_wconf 82' lang='lat' dir='ltr'><strong>agunt</strong></span> <span class='ocrx_word' id='word_1_245' title='bbox 2674 1844 2998 1910; x_wconf 89' lang='lat' dir='ltr'><strong>Sabbatum,</strong></span> <span class='ocrx_word' id='word_1_246' title='bbox 3025 1853 3086 1900; x_wconf 93' lang='lat' dir='ltr'><strong>ut</strong></span> <span class='ocrx_word' id='word_1_247' title='bbox 3108 1845 3202 1915; x_wconf 93' lang='lat' dir='ltr'><strong>qui</strong></span> <span class='ocrx_word' id='word_1_248' title='bbox 3227 1844 3305 1900; x_wconf 93' lang='lat' dir='ltr'><strong>sis</strong></span> <span class='ocrx_word' id='word_1_249' title='bbox 3351 1860 3550 1915; x_wconf 85' lang='lat' dir='ltr'><strong>expers</strong></span> <span class='ocrx_word' id='word_1_250' title='bbox 3580 1860 3670 1900; x_wconf 75' lang='lat' dir='ltr'><strong>ra-</strong></span> 
     </span>
    </p>
   </div>
   <div class='ocr_carea' id='block_1_34' title="bbox 391 1934 1980 2006">
    <p class='ocr_par' dir='ltr' id='par_1_34' title="bbox 391 1934 1980 2006">
     <span class='ocr_line' id='line_1_34' title="bbox 391 1934 1980 2006; baseline 0 -16"><span class='ocrx_word' id='word_1_251' title='bbox 391 1946 507 1990; x_wconf 91' lang='lat' dir='ltr'><strong>tem</strong></span> <span class='ocrx_word' id='word_1_252' title='bbox 540 1934 846 1990; x_wconf 90' lang='lat' dir='ltr'><strong>Sabbatum</strong></span> <span class='ocrx_word' id='word_1_253' title='bbox 872 1949 1059 2005; x_wconf 88' lang='lat' dir='ltr'><strong>agere,</strong></span> <span class='ocrx_word' id='word_1_254' title='bbox 1104 1935 1395 2006; x_wconf 90' lang='lat' dir='ltr'><strong>ligareque</strong></span> <span class='ocrx_word' id='word_1_255' title='bbox 1455 1944 1512 1990; x_wconf 89' lang='lat' dir='ltr'><strong>et</strong></span> <span class='ocrx_word' id='word_1_256' title='bbox 1557 1937 1615 1990; x_wconf 92' lang='lat' dir='ltr'><strong>in</strong></span> <span class='ocrx_word' id='word_1_257' title='bbox 1647 1936 1764 1993; x_wconf 92' lang='lat' dir='ltr'><strong>otio</strong></span> <span class='ocrx_word' id='word_1_258' title='bbox 1800 1936 1980 1990; x_wconf 89' lang='lat' dir='ltr'><strong>conti-</strong></span> 
     </span>
    </p>
   </div>
   <div class='ocr_carea' id='block_1_35' title="bbox 394 2023 1979 2094">
    <p class='ocr_par' dir='ltr' id='par_1_35' title="bbox 394 2023 1979 2094">
     <span class='ocr_line' id='line_1_35' title="bbox 394 2023 1979 2094; baseline -0.001 -15"><span class='ocrx_word' id='word_1_259' title='bbox 394 2039 534 2079; x_wconf 88' lang='lat' dir='ltr'><strong>nere</strong></span> <span class='ocrx_word' id='word_1_260' title='bbox 553 2024 767 2079; x_wconf 90' lang='lat' dir='ltr'><strong>asinum</strong></span> <span class='ocrx_word' id='word_1_261' title='bbox 792 2031 850 2078; x_wconf 91' lang='lat' dir='ltr'><strong>et</strong></span> <span class='ocrx_word' id='word_1_262' title='bbox 867 2023 1089 2087; x_wconf 85' lang='lat' dir='ltr'><strong>bovem,</strong></span> <span class='ocrx_word' id='word_1_263' title='bbox 1115 2024 1220 2078; x_wconf 89' lang='lat' dir='ltr'><strong>hoc</strong></span> <span class='ocrx_word' id='word_1_264' title='bbox 1250 2034 1335 2079; x_wconf 91' lang='lat' dir='ltr'><strong>est</strong></span> <span class='ocrx_word' id='word_1_265' title='bbox 1362 2023 1725 2094; x_wconf 88' lang='lat' dir='ltr'><strong>voluptatem,</strong></span> <span class='ocrx_word' id='word_1_266' title='bbox 1760 2032 1817 2078; x_wconf 92' lang='lat' dir='ltr'><strong>et</strong></span> <span class='ocrx_word' id='word_1_267' title='bbox 1841 2024 1979 2078; x_wconf 92' lang='lat' dir='ltr'><strong>iram</strong></span> 
     </span>
    </p>
   </div>
   <div class='ocr_carea' id='block_1_36' title="bbox 397 2114 1975 2186">
    <p class='ocr_par' dir='ltr' id='par_1_36' title="bbox 397 2114 1975 2186">
     <span class='ocr_line' id='line_1_36' title="bbox 397 2114 1975 2186; baseline -0.001 -16"><span class='ocrx_word' id='word_1_268' title='bbox 397 2124 459 2170; x_wconf 89' lang='lat' dir='ltr'><strong>et</strong></span> <span class='ocrx_word' id='word_1_269' title='bbox 490 2123 716 2170; x_wconf 64' lang='lat' dir='ltr'><strong>caeteras</strong></span> <span class='ocrx_word' id='word_1_270' title='bbox 742 2114 976 2169; x_wconf 86' lang='lat' dir='ltr'><strong>rationis</strong></span> <span class='ocrx_word' id='word_1_271' title='bbox 1002 2122 1261 2185; x_wconf 76' lang='lat' dir='ltr'><strong>expertes</strong></span> <span class='ocrx_word' id='word_1_272' title='bbox 1290 2114 1461 2169; x_wconf 89' lang='lat' dir='ltr'><strong>animi</strong></span> <span class='ocrx_word' id='word_1_273' title='bbox 1502 2115 1975 2186; x_wconf 89' lang='lat' dir='ltr'><strong>perturbationes.</strong></span> 
     </span>
    </p>
   </div>
   <div class='ocr_carea' id='block_1_37' title="bbox 394 2207 1980 2280">
    <p class='ocr_par' dir='ltr' id='par_1_37' title="bbox 394 2207 1980 2280">
     <span class='ocr_line' id='line_1_37' title="bbox 394 2207 1980 2280; baseline -0.004 -12"><span class='ocrx_word' id='word_1_274' title='bbox 394 2207 510 2268; x_wconf 85' lang='lat' dir='ltr'><strong>Sed</strong></span> <span class='ocrx_word' id='word_1_275' title='bbox 562 2218 618 2266; x_wconf 89' lang='lat' dir='ltr'><strong>et</strong></span> <span class='ocrx_word' id='word_1_276' title='bbox 666 2219 823 2267; x_wconf 82' lang='lat' dir='ltr'><strong>terra:</strong></span> <span class='ocrx_word' id='word_1_277' title='bbox 844 2209 1008 2280; x_wconf 85' lang='lat' dir='ltr'><strong>jubet</strong></span> <span class='ocrx_word' id='word_1_278' title='bbox 1041 2225 1165 2265; x_wconf 90' lang='lat' dir='ltr'><strong>esse</strong></span> <span class='ocrx_word' id='word_1_279' title='bbox 1193 2209 1596 2264; x_wconf 88' lang='lat' dir='ltr'><strong>sabbatismum</strong></span> <span class='ocrx_word' id='word_1_280' title='bbox 1633 2218 1692 2265; x_wconf 90' lang='lat' dir='ltr'><strong>et</strong></span> <span class='ocrx_word' id='word_1_281' title='bbox 1727 2209 1980 2280; x_wconf 90' lang='lat' dir='ltr'><strong>requiem</strong></span> 
     </span>
    </p>
   </div>
   <div class='ocr_carea' id='block_1_38' title="bbox 389 2290 1982 2373">
    <p class='ocr_par' dir='ltr' id='par_1_38' title="bbox 389 2290 1982 2373">
     <span class='ocr_line' id='line_1_38' title="bbox 389 2290 1982 2373; baseline -0.004 -13"><span class='ocrx_word' id='word_1_282' title='bbox 389 2320 463 2360; x_wconf 86' lang='lat' dir='ltr'><strong>ac</strong></span> <span class='ocrx_word' id='word_1_283' title='bbox 491 2304 691 2369; x_wconf 90' lang='lat' dir='ltr'><strong>otium,</strong></span> <span class='ocrx_word' id='word_1_284' title='bbox 718 2312 776 2359; x_wconf 90' lang='lat' dir='ltr'><strong>et</strong></span> <span class='ocrx_word' id='word_1_285' title='bbox 800 2316 985 2373; x_wconf 80' lang='lat' dir='ltr'><strong>neque</strong></span> <span class='ocrx_word' id='word_1_286' title='bbox 1025 2303 1307 2356; x_wconf 88' lang='lat' dir='ltr'><strong>seminare</strong></span> <span class='ocrx_word' id='word_1_287' title='bbox 1343 2316 1448 2357; x_wconf 88' lang='lat' dir='ltr'><strong>nec</strong></span> <span class='ocrx_word' id='word_1_288' title='bbox 1477 2316 1667 2357; x_wconf 88' lang='lat' dir='ltr'><strong>semen</strong></span> <span class='ocrx_word' id='word_1_289' title='bbox 1693 2290 1982 2372; x_wconf 88' lang='lat' dir='ltr'><strong>suscipere</strong></span> 
     </span>
    </p>
   </div>
   <div class='ocr_carea' id='block_1_39' title="bbox 386 2391 1984 2466">
    <p class='ocr_par' dir='ltr' id='par_1_39' title="bbox 386 2391 1984 2466">
     <span class='ocr_line' id='line_1_39' title="bbox 386 2391 1984 2466; baseline -0.004 -14"><span class='ocrx_word' id='word_1_290' title='bbox 386 2396 492 2452; x_wconf 79' lang='lat' dir='ltr'><strong>eos</strong></span> <span class='ocrx_word' id='word_1_291' title='bbox 534 2411 741 2466; x_wconf 89' lang='lat' dir='ltr'><strong>easque</strong></span> <span class='ocrx_word' id='word_1_292' title='bbox 778 2394 874 2465; x_wconf 90' lang='lat' dir='ltr'><strong>qui</strong></span> <span class='ocrx_word' id='word_1_293' title='bbox 905 2403 963 2449; x_wconf 92' lang='lat' dir='ltr'><strong>et</strong></span> <span class='ocrx_word' id='word_1_294' title='bbox 989 2407 1112 2464; x_wconf 62' lang='lat' dir='ltr'><strong>quae</strong></span> <span class='ocrx_word' id='word_1_295' title='bbox 1159 2400 1392 2462; x_wconf 88' lang='lat' dir='ltr'><strong>possunt</strong></span> <span class='ocrx_word' id='word_1_296' title='bbox 1443 2406 1706 2447; x_wconf 89' lang='lat' dir='ltr'><strong>exercere</strong></span> <span class='ocrx_word' id='word_1_297' title='bbox 1752 2391 1984 2462; x_wconf 84' lang='lat' dir='ltr'><strong>virgini-</strong></span> 
     </span>
    </p>
   </div>
   <div class='ocr_carea' id='block_1_40' title="bbox 391 2485 1985 2558">
    <p class='ocr_par' dir='ltr' id='par_1_40' title="bbox 391 2485 1985 2558">
     <span class='ocr_line' id='line_1_40' title="bbox 391 2485 1985 2558; baseline -0.003 -16"><span class='ocrx_word' id='word_1_298' title='bbox 391 2496 565 2544; x_wconf 85' lang='lat' dir='ltr'><strong>tatem</strong></span> <span class='ocrx_word' id='word_1_299' title='bbox 592 2488 768 2558; x_wconf 90' lang='lat' dir='ltr'><strong>ipsius</strong></span> <span class='ocrx_word' id='word_1_300' title='bbox 799 2487 1003 2542; x_wconf 89' lang='lat' dir='ltr'><strong>carnis.</strong></span> <span class='ocrx_word' id='word_1_301' title='bbox 1062 2485 1329 2551; x_wconf 82' lang='lat' dir='ltr'><strong>Quoniam</strong></span> <span class='ocrx_word' id='word_1_302' title='bbox 1380 2487 1470 2556; x_wconf 84' lang='lat' dir='ltr'><strong>qui</strong></span> <span class='ocrx_word' id='word_1_303' title='bbox 1502 2487 1734 2540; x_wconf 78' lang='lat' dir='ltr'><strong>seminat</strong></span> <span class='ocrx_word' id='word_1_304' title='bbox 1765 2486 1821 2539; x_wconf 87' lang='lat' dir='ltr'><strong>in</strong></span> <span class='ocrx_word' id='word_1_305' title='bbox 1869 2493 1985 2539; x_wconf 91' lang='lat' dir='ltr'><strong>ter-</strong></span> 
     </span>
    </p>
   </div>
   <div class='ocr_carea' id='block_1_41' title="bbox 396 2576 1985 2649">
    <p class='ocr_par' dir='ltr' id='par_1_41' title="bbox 396 2576 1985 2649">
     <span class='ocr_line' id='line_1_41' title="bbox 396 2576 1985 2649; baseline -0.002 -16"><span class='ocrx_word' id='word_1_306' title='bbox 396 2594 520 2633; x_wconf 87' lang='lat' dir='ltr'><strong>ram</strong></span> <span class='ocrx_word' id='word_1_307' title='bbox 547 2579 753 2644; x_wconf 88' lang='lat' dir='ltr'><strong>carnis,</strong></span> <span class='ocrx_word' id='word_1_308' title='bbox 788 2595 852 2632; x_wconf 79' lang='lat' dir='ltr'><strong>ea:</strong></span> <span class='ocrx_word' id='word_1_309' title='bbox 877 2595 1039 2632; x_wconf 85' lang='lat' dir='ltr'><strong>carne</strong></span> <span class='ocrx_word' id='word_1_310' title='bbox 1085 2585 1243 2631; x_wconf 81' lang='lat' dir='ltr'><strong>metet</strong></span> <span class='ocrx_word' id='word_1_311' title='bbox 1274 2578 1318 2608; x_wconf 83' lang='lat'><strong>&quot;</strong></span> <span class='ocrx_word' id='word_1_312' title='bbox 1353 2578 1771 2649; x_wconf 90' lang='lat' dir='ltr'><strong>corruptionem</strong></span> <span class='ocrx_word' id='word_1_313' title='bbox 1802 2592 1867 2631; x_wconf 92' lang='lat' dir='ltr'><strong>ac</strong></span> <span class='ocrx_word' id='word_1_314' title='bbox 1901 2576 1985 2630; x_wconf 90' lang='lat' dir='ltr'><strong>in-</strong></span> 
     </span>
    </p>
   </div>
   <div class='ocr_carea' id='block_1_42' title="bbox 401 2650 1985 2741">
    <p class='ocr_par' dir='ltr' id='par_1_42' title="bbox 401 2650 1985 2741">
     <span class='ocr_line' id='line_1_42' title="bbox 401 2650 1985 2741; baseline 0.001 -18"><span class='ocrx_word' id='word_1_315' title='bbox 401 2650 643 2725; x_wconf 72' lang='lat' dir='ltr'><strong>teritum.</strong></span> <span class='ocrx_word' id='word_1_316' title='bbox 700 2669 938 2723; x_wconf 82' lang='lat' dir='ltr'><strong>Maxime</strong></span> <span class='ocrx_word' id='word_1_317' title='bbox 1005 2678 1192 2723; x_wconf 88' lang='lat' dir='ltr'><strong>autem</strong></span> <span class='ocrx_word' id='word_1_318' title='bbox 1244 2671 1495 2725; x_wconf 89' lang='lat' dir='ltr'><strong>omnium</strong></span> <span class='ocrx_word' id='word_1_319' title='bbox 1540 2671 1697 2741; x_wconf 89' lang='lat' dir='ltr'><strong>jubet</strong></span> <span class='ocrx_word' id='word_1_320' title='bbox 1720 2670 1885 2725; x_wconf 88' lang='lat' dir='ltr'><strong>nobis</strong></span> <span class='ocrx_word' id='word_1_321' title='bbox 1924 2679 1985 2726; x_wconf 90' lang='lat' dir='ltr'><strong>ut</strong></span> 
     </span>
    </p>
   </div>
   <div class='ocr_carea' id='block_1_43' title="bbox 398 2759 1985 2832">
    <p class='ocr_par' dir='ltr' id='par_1_43' title="bbox 398 2759 1985 2832">
     <span class='ocr_line' id='line_1_43' title="bbox 398 2759 1985 2832; baseline 0.001 -17"><span class='ocrx_word' id='word_1_322' title='bbox 398 2763 691 2832; x_wconf 90' lang='lat' dir='ltr'><strong>quiescere</strong></span> <span class='ocrx_word' id='word_1_323' title='bbox 738 2759 1013 2816; x_wconf 88' lang='lat' dir='ltr'><strong>faciamus</strong></span> <span class='ocrx_word' id='word_1_324' title='bbox 1065 2760 1324 2815; x_wconf 87' lang='lat' dir='ltr'><strong>ancillam</strong></span> <span class='ocrx_word' id='word_1_325' title='bbox 1366 2771 1613 2817; x_wconf 88' lang='lat' dir='ltr'><strong>nostram</strong></span> <span class='ocrx_word' id='word_1_326' title='bbox 1661 2772 1719 2817; x_wconf 90' lang='lat' dir='ltr'><strong>et</strong></span> <span class='ocrx_word' id='word_1_327' title='bbox 1761 2778 1985 2817; x_wconf 88' lang='lat' dir='ltr'><strong>servum</strong></span> 
     </span>
    </p>
   </div>
   <div class='ocr_carea' id='block_1_44' title="bbox 396 2852 1987 2920">
    <p class='ocr_par' dir='ltr' id='par_1_44' title="bbox 396 2852 1987 2920">
     <span class='ocr_line' id='line_1_44' title="bbox 396 2852 1987 2920; baseline 0.001 -9"><span class='ocrx_word' id='word_1_328' title='bbox 396 2865 654 2911; x_wconf 88' lang='lat' dir='ltr'><strong>nostrum</strong></span> <span class='ocrx_word' id='word_1_329' title='bbox 680 2853 771 2909; x_wconf 90' lang='lat' dir='ltr'><strong>die</strong></span> <span class='ocrx_word' id='word_1_330' title='bbox 803 2852 1067 2909; x_wconf 86' lang='lat' dir='ltr'><strong>Sabbati:</strong></span> <span class='ocrx_word' id='word_1_331' title='bbox 1098 2854 1204 2909; x_wconf 90' lang='lat' dir='ltr'><strong>hoc</strong></span> <span class='ocrx_word' id='word_1_332' title='bbox 1240 2863 1349 2920; x_wconf 90' lang='lat' dir='ltr'><strong>est,</strong></span> <span class='ocrx_word' id='word_1_333' title='bbox 1372 2856 1616 2910; x_wconf 90' lang='lat' dir='ltr'><strong>animam</strong></span> <span class='ocrx_word' id='word_1_334' title='bbox 1645 2865 1895 2910; x_wconf 90' lang='lat' dir='ltr'><strong>nostram</strong></span> <span class='ocrx_word' id='word_1_335' title='bbox 1930 2867 1987 2912; x_wconf 90' lang='lat' dir='ltr'><strong>et</strong></span> 
     </span>
    </p>
   </div>
   <div class='ocr_carea' id='block_1_45' title="bbox 395 2945 1983 3017">
    <p class='ocr_par' dir='ltr' id='par_1_45' title="bbox 395 2945 1983 3017">
     <span class='ocr_line' id='line_1_45' title="bbox 395 2945 1983 3017; baseline 0.001 -17"><span class='ocrx_word' id='word_1_336' title='bbox 395 2959 607 3014; x_wconf 88' lang='lat' dir='ltr'><strong>corpus</strong></span> <span class='ocrx_word' id='word_1_337' title='bbox 628 2952 880 2998; x_wconf 89' lang='lat' dir='ltr'><strong>nostrum</strong></span> <span class='ocrx_word' id='word_1_338' title='bbox 911 2960 1021 2998; x_wconf 91' lang='lat' dir='ltr'><strong>non</strong></span> <span class='ocrx_word' id='word_1_339' title='bbox 1055 2945 1266 2999; x_wconf 84' lang='lat' dir='ltr'><strong>servire</strong></span> <span class='ocrx_word' id='word_1_340' title='bbox 1294 2947 1536 3016; x_wconf 91' lang='lat' dir='ltr'><strong>principi</strong></span> <span class='ocrx_word' id='word_1_341' title='bbox 1577 2947 1743 3017; x_wconf 87' lang='lat' dir='ltr'><strong>hujus</strong></span> <span class='ocrx_word' id='word_1_342' title='bbox 1773 2949 1983 3015; x_wconf 78' lang='lat' dir='ltr'><strong>saeculi,</strong></span> 
     </span>
    </p>
   </div>
   <div class='ocr_carea' id='block_1_46' title="bbox 395 3022 1988 3093">
    <p class='ocr_par' dir='ltr' id='par_1_46' title="bbox 395 3022 1988 3093">
     <span class='ocr_line' id='line_1_46' title="bbox 395 3022 1988 3093; baseline 0.002 -3"><span class='ocrx_word' id='word_1_343' title='bbox 395 3034 500 3090; x_wconf 87' lang='lat' dir='ltr'><strong>sed</strong></span> <span class='ocrx_word' id='word_1_344' title='bbox 522 3049 647 3089; x_wconf 87' lang='lat' dir='ltr'><strong>esse</strong></span> <span class='ocrx_word' id='word_1_345' title='bbox 675 3033 731 3088; x_wconf 91' lang='lat' dir='ltr'><strong>in</strong></span> <span class='ocrx_word' id='word_1_346' title='bbox 767 3033 1029 3089; x_wconf 83' lang='lat' dir='ltr'><strong>libertate</strong></span> <span class='ocrx_word' id='word_1_347' title='bbox 1058 3042 1115 3089; x_wconf 91' lang='lat' dir='ltr'><strong>et</strong></span> <span class='ocrx_word' id='word_1_348' title='bbox 1134 3022 1410 3090; x_wconf 74' lang='lat' dir='ltr'><strong>remotum</strong></span> <span class='ocrx_word' id='word_1_349' title='bbox 1438 3036 1509 3091; x_wconf 90' lang='lat' dir='ltr'><strong>ab</strong></span> <span class='ocrx_word' id='word_1_350' title='bbox 1543 3036 1713 3091; x_wconf 92' lang='lat' dir='ltr'><strong>animi</strong></span> <span class='ocrx_word' id='word_1_351' title='bbox 1742 3039 1988 3093; x_wconf 88' lang='lat' dir='ltr'><strong>motibus</strong></span> 
     </span>
    </p>
   </div>
   <div class='ocr_carea' id='block_1_47' title="bbox 394 3124 1029 3196">
    <p class='ocr_par' dir='ltr' id='par_1_47' title="bbox 394 3124 1029 3196">
     <span class='ocr_line' id='line_1_47' title="bbox 394 3124 1029 3196; baseline -0.003 -15"><span class='ocrx_word' id='word_1_352' title='bbox 394 3142 469 3182; x_wconf 83' lang='lat' dir='ltr'><strong>ac</strong></span> <span class='ocrx_word' id='word_1_353' title='bbox 493 3124 1029 3196; x_wconf 85' lang='lat' dir='ltr'><strong>perturbationibus.</strong></span> 
     </span>
    </p>
   </div>
   <div class='ocr_carea' id='block_1_48' title="bbox 474 3218 1986 3297">
    <p class='ocr_par' dir='ltr' id='par_1_48' title="bbox 474 3218 1986 3297">
     <span class='ocr_line' id='line_1_48' title="bbox 474 3218 1986 3297; baseline 0.004 -25"><span class='ocrx_word' id='word_1_354' title='bbox 474 3218 610 3273; x_wconf 90' lang='lat' dir='ltr'><strong>Nam</strong></span> <span class='ocrx_word' id='word_1_355' title='bbox 672 3228 883 3289; x_wconf 88' lang='lat' dir='ltr'><strong>septem</strong></span> <span class='ocrx_word' id='word_1_356' title='bbox 947 3218 1068 3273; x_wconf 88' lang='lat' dir='ltr'><strong>dies</strong></span> <span class='ocrx_word' id='word_1_357' title='bbox 1122 3218 1436 3290; x_wconf 83' lang='lat' dir='ltr'><strong>signiﬁcant</strong></span> <span class='ocrx_word' id='word_1_358' title='bbox 1503 3230 1715 3297; x_wconf 88' lang='lat' dir='ltr'><strong>septem</strong></span> <span class='ocrx_word' id='word_1_359' title='bbox 1762 3232 1986 3278; x_wconf 88' lang='lat' dir='ltr'><strong>nostras</strong></span> 
     </span>
    </p>
   </div>
   <div class='ocr_carea' id='block_1_49' title="bbox 395 3311 1988 3385">
    <p class='ocr_par' dir='ltr' id='par_1_49' title="bbox 395 3311 1988 3385">
     <span class='ocr_line' id='line_1_49' title="bbox 395 3311 1988 3385; baseline 0.001 -20"><span class='ocrx_word' id='word_1_360' title='bbox 395 3318 615 3374; x_wconf 87' lang='lat' dir='ltr'><strong>aetates,</strong></span> <span class='ocrx_word' id='word_1_361' title='bbox 655 3325 755 3380; x_wconf 90' lang='lat' dir='ltr'><strong>per</strong></span> <span class='ocrx_word' id='word_1_362' title='bbox 800 3326 938 3380; x_wconf 91' lang='lat' dir='ltr'><strong>quas</strong></span> <span class='ocrx_word' id='word_1_363' title='bbox 979 3311 1108 3364; x_wconf 63' lang='lat' dir='ltr'><strong>vitae</strong></span> <span class='ocrx_word' id='word_1_364' title='bbox 1140 3313 1428 3380; x_wconf 65' lang='lat' dir='ltr'><strong>praesentis</strong></span> <span class='ocrx_word' id='word_1_365' title='bbox 1486 3313 1592 3368; x_wconf 89' lang='lat' dir='ltr'><strong>iter</strong></span> <span class='ocrx_word' id='word_1_366' title='bbox 1640 3314 1988 3385; x_wconf 83' lang='lat' dir='ltr'><strong>ingredimur</strong></span> 
     </span>
    </p>
   </div>
   <div class='ocr_carea' id='block_1_50' title="bbox 399 3403 1989 3478">
    <p class='ocr_par' dir='ltr' id='par_1_50' title="bbox 399 3403 1989 3478">
     <span class='ocr_line' id='line_1_50' title="bbox 399 3403 1989 3478; baseline 0.002 -20"><span class='ocrx_word' id='word_1_367' title='bbox 399 3412 470 3458; x_wconf 84' lang='lat' dir='ltr'><strong>ut</strong></span> <span class='ocrx_word' id='word_1_368' title='bbox 486 3403 881 3474; x_wconf 87' lang='lat' dir='ltr'><strong>perveniamus</strong></span> <span class='ocrx_word' id='word_1_369' title='bbox 929 3403 999 3458; x_wconf 93' lang='lat' dir='ltr'><strong>ad</strong></span> <span class='ocrx_word' id='word_1_370' title='bbox 1031 3413 1287 3459; x_wconf 90' lang='lat' dir='ltr'><strong>octavum</strong></span> <span class='ocrx_word' id='word_1_371' title='bbox 1315 3406 1460 3459; x_wconf 90' lang='lat' dir='ltr'><strong>diem</strong></span> <span class='ocrx_word' id='word_1_372' title='bbox 1502 3407 1559 3461; x_wconf 90' lang='lat' dir='ltr'><strong>in</strong></span> <span class='ocrx_word' id='word_1_373' title='bbox 1611 3424 1726 3478; x_wconf 91' lang='lat' dir='ltr'><strong>quo</strong></span> <span class='ocrx_word' id='word_1_374' title='bbox 1752 3424 1863 3462; x_wconf 89' lang='lat' dir='ltr'><strong>non</strong></span> <span class='ocrx_word' id='word_1_375' title='bbox 1903 3417 1989 3463; x_wconf 89' lang='lat' dir='ltr'><strong>est</strong></span> 
     </span>
    </p>
   </div>
   <div class='ocr_carea' id='block_1_51' title="bbox 399 3493 1990 3565">
    <p class='ocr_par' dir='ltr' id='par_1_51' title="bbox 399 3493 1990 3565">
     <span class='ocr_line' id='line_1_51' title="bbox 399 3493 1990 3565; baseline 0.001 -15"><span class='ocrx_word' id='word_1_376' title='bbox 399 3494 649 3550; x_wconf 87' lang='lat' dir='ltr'><strong>servitus</strong></span> <span class='ocrx_word' id='word_1_377' title='bbox 678 3503 775 3548; x_wconf 92' lang='lat' dir='ltr'><strong>aut</strong></span> <span class='ocrx_word' id='word_1_378' title='bbox 810 3493 1015 3557; x_wconf 86' lang='lat' dir='ltr'><strong>cultus,</strong></span> <span class='ocrx_word' id='word_1_379' title='bbox 1068 3493 1235 3548; x_wconf 86' lang='lat' dir='ltr'><strong>vitam</strong></span> <span class='ocrx_word' id='word_1_380' title='bbox 1276 3508 1475 3565; x_wconf 86' lang='lat' dir='ltr'><strong>nempe</strong></span> <span class='ocrx_word' id='word_1_381' title='bbox 1521 3496 1786 3551; x_wconf 89' lang='lat' dir='ltr'><strong>futuram.</strong></span> <span class='ocrx_word' id='word_1_382' title='bbox 1838 3498 1990 3564; x_wconf 91' lang='lat' dir='ltr'><strong>Quo-</strong></span> 
     </span>
    </p>
   </div>
   <div class='ocr_carea' id='block_1_52' title="bbox 400 3584 1986 3660">
    <p class='ocr_par' dir='ltr' id='par_1_52' title="bbox 400 3584 1986 3660">
     <span class='ocr_line' id='line_1_52' title="bbox 400 3584 1986 3660; baseline 0.004 -22"><span class='ocrx_word' id='word_1_383' title='bbox 400 3585 555 3639; x_wconf 91' lang='lat' dir='ltr'><strong>niam</strong></span> <span class='ocrx_word' id='word_1_384' title='bbox 577 3584 912 3639; x_wconf 82' lang='lat' dir='ltr'><strong>sacrificium</strong></span> <span class='ocrx_word' id='word_1_385' title='bbox 949 3596 1045 3639; x_wconf 87' lang='lat' dir='ltr'><strong>aut</strong></span> <span class='ocrx_word' id='word_1_386' title='bbox 1091 3586 1255 3640; x_wconf 89' lang='lat' dir='ltr'><strong>latria</strong></span> <span class='ocrx_word' id='word_1_387' title='bbox 1311 3587 1534 3659; x_wconf 89' lang='lat' dir='ltr'><strong>(nempe</strong></span> <span class='ocrx_word' id='word_1_388' title='bbox 1577 3588 1677 3643; x_wconf 89' lang='lat' dir='ltr'><strong>Dei</strong></span> <span class='ocrx_word' id='word_1_389' title='bbox 1723 3588 1986 3660; x_wconf 89' lang='lat' dir='ltr'><strong>servitus)</strong></span> 
     </span>
    </p>
   </div>
   <div class='ocr_carea' id='block_1_53' title="bbox 398 3676 1991 3751">
    <p class='ocr_par' dir='ltr' id='par_1_53' title="bbox 398 3676 1991 3751">
     <span class='ocr_line' id='line_1_53' title="bbox 398 3676 1991 3751; baseline 0.003 -20"><span class='ocrx_word' id='word_1_390' title='bbox 398 3684 518 3731; x_wconf 71' lang='lat' dir='ltr'><strong>nun</strong></span> <span class='ocrx_word' id='word_1_391' title='bbox 548 3677 785 3746; x_wconf 88' lang='lat' dir='ltr'><strong>amplius</strong></span> <span class='ocrx_word' id='word_1_392' title='bbox 813 3676 1049 3731; x_wconf 69' lang='lat' dir='ltr'><strong>offertur</strong></span> <span class='ocrx_word' id='word_1_393' title='bbox 1096 3679 1212 3734; x_wconf 89' lang='lat' dir='ltr'><strong>Deo</strong></span> <span class='ocrx_word' id='word_1_394' title='bbox 1244 3695 1344 3750; x_wconf 90' lang='lat' dir='ltr'><strong>pro</strong></span> <span class='ocrx_word' id='word_1_395' title='bbox 1398 3680 1662 3751; x_wconf 89' lang='lat' dir='ltr'><strong>peccatis.</strong></span> <span class='ocrx_word' id='word_1_396' title='bbox 1708 3680 1844 3735; x_wconf 87' lang='lat' dir='ltr'><strong>Nam</strong></span> <span class='ocrx_word' id='word_1_397' title='bbox 1875 3681 1991 3750; x_wconf 87' lang='lat' dir='ltr'><strong>pri-</strong></span> 
     </span>
    </p>
   </div>
   <div class='ocr_carea' id='block_1_54' title="bbox 402 3769 1991 3842">
    <p class='ocr_par' dir='ltr' id='par_1_54' title="bbox 402 3769 1991 3842">
     <span class='ocr_line' id='line_1_54' title="bbox 402 3769 1991 3842; baseline 0.005 -20"><span class='ocrx_word' id='word_1_398' title='bbox 402 3784 533 3824; x_wconf 86' lang='lat' dir='ltr'><strong>mus</strong></span> <span class='ocrx_word' id='word_1_399' title='bbox 579 3770 697 3824; x_wconf 88' lang='lat' dir='ltr'><strong>dies</strong></span> <span class='ocrx_word' id='word_1_400' title='bbox 722 3779 810 3825; x_wconf 86' lang='lat' dir='ltr'><strong>est</strong></span> <span class='ocrx_word' id='word_1_401' title='bbox 864 3769 1114 3828; x_wconf 80' lang='lat' dir='ltr'><strong>infantis.</strong></span> <span class='ocrx_word' id='word_1_402' title='bbox 1147 3781 1207 3827; x_wconf 92' lang='lat' dir='ltr'><strong>ut</strong></span> <span class='ocrx_word' id='word_1_403' title='bbox 1255 3771 1590 3842; x_wconf 87' lang='lat' dir='ltr'><strong>baptismate</strong></span> <span class='ocrx_word' id='word_1_404' title='bbox 1637 3775 1825 3829; x_wconf 86' lang='lat' dir='ltr'><strong>statim</strong></span> <span class='ocrx_word' id='word_1_405' title='bbox 1863 3776 1991 3830; x_wconf 90' lang='lat' dir='ltr'><strong>illu-</strong></span> 
     </span>
    </p>
   </div>
   <div class='ocr_carea' id='block_1_55' title="bbox 402 3862 1986 3933">
    <p class='ocr_par' dir='ltr' id='par_1_55' title="bbox 402 3862 1986 3933">
     <span class='ocr_line' id='line_1_55' title="bbox 402 3862 1986 3933; baseline 0.003 -18"><span class='ocrx_word' id='word_1_406' title='bbox 402 3862 708 3925; x_wconf 83' lang='lat' dir='ltr'><strong>minemur,</strong></span> <span class='ocrx_word' id='word_1_407' title='bbox 748 3863 841 3916; x_wconf 87' lang='lat' dir='ltr'><strong>lux</strong></span> <span class='ocrx_word' id='word_1_408' title='bbox 858 3862 1004 3916; x_wconf 88' lang='lat' dir='ltr'><strong>enim</strong></span> <span class='ocrx_word' id='word_1_409' title='bbox 1038 3862 1181 3917; x_wconf 86' lang='lat' dir='ltr'><strong>facta</strong></span> <span class='ocrx_word' id='word_1_410' title='bbox 1208 3872 1292 3917; x_wconf 85' lang='lat' dir='ltr'><strong>est</strong></span> <span class='ocrx_word' id='word_1_411' title='bbox 1325 3863 1502 3932; x_wconf 91' lang='lat' dir='ltr'><strong>primo</strong></span> <span class='ocrx_word' id='word_1_412' title='bbox 1521 3864 1633 3919; x_wconf 90' lang='lat' dir='ltr'><strong>die.</strong></span> <span class='ocrx_word' id='word_1_413' title='bbox 1673 3865 1986 3933; x_wconf 88' lang='lat' dir='ltr'><strong>Secundus,</strong></span> 
     </span>
    </p>
   </div>
   <div class='ocr_carea' id='block_1_56' title="bbox 401 3955 1986 4024">
    <p class='ocr_par' dir='ltr' id='par_1_56' title="bbox 401 3955 1986 4024">
     <span class='ocr_line' id='line_1_56' title="bbox 401 3955 1986 4024; baseline 0.003 -15"><span class='ocrx_word' id='word_1_414' title='bbox 401 3964 540 4009; x_wconf 76' lang='lat' dir='ltr'><strong>:L-tas</strong></span> <span class='ocrx_word' id='word_1_415' title='bbox 572 3957 751 4023; x_wconf 88' lang='lat' dir='ltr'><strong>pueri,</strong></span> <span class='ocrx_word' id='word_1_416' title='bbox 804 3963 865 4012; x_wconf 91' lang='lat' dir='ltr'><strong>ut</strong></span> <span class='ocrx_word' id='word_1_417' title='bbox 920 3955 1110 4010; x_wconf 89' lang='lat' dir='ltr'><strong>verbis</strong></span> <span class='ocrx_word' id='word_1_418' title='bbox 1164 3956 1578 4010; x_wconf 90' lang='lat' dir='ltr'><strong>conformemur</strong></span> <span class='ocrx_word' id='word_1_419' title='bbox 1627 3957 1986 4024; x_wconf 65' lang='lat' dir='ltr'><strong>coelestibus;</strong></span> 
     </span>
    </p>
   </div>
   <div class='ocr_carea' id='block_1_57' title="bbox 402 4045 1985 4116">
    <p class='ocr_par' dir='ltr' id='par_1_57' title="bbox 402 4045 1985 4116">
     <span class='ocr_line' id='line_1_57' title="bbox 402 4045 1985 4116; baseline 0.001 -15"><span class='ocrx_word' id='word_1_420' title='bbox 402 4045 655 4101; x_wconf 79' lang='lat' dir='ltr'><strong>secundo</strong></span> <span class='ocrx_word' id='word_1_421' title='bbox 712 4045 860 4101; x_wconf 91' lang='lat' dir='ltr'><strong>enim</strong></span> <span class='ocrx_word' id='word_1_422' title='bbox 899 4045 1104 4101; x_wconf 89' lang='lat' dir='ltr'><strong>factum</strong></span> <span class='ocrx_word' id='word_1_423' title='bbox 1149 4054 1237 4101; x_wconf 90' lang='lat' dir='ltr'><strong>est</strong></span> <span class='ocrx_word' id='word_1_424' title='bbox 1274 4047 1704 4105; x_wconf 84' lang='lat' dir='ltr'><strong>ﬁrmamentum.</strong></span> <span class='ocrx_word' id='word_1_425' title='bbox 1742 4047 1985 4116; x_wconf 89' lang='lat' dir='ltr'><strong>Tertius,</strong></span> 
     </span>
    </p>
   </div>
   <div class='ocr_carea' id='block_1_58' title="bbox 403 4138 1991 4210">
    <p class='ocr_par' dir='ltr' id='par_1_58' title="bbox 403 4138 1991 4210">
     <span class='ocr_line' id='line_1_58' title="bbox 403 4138 1991 4210; baseline 0.003 -19"><span class='ocrx_word' id='word_1_426' title='bbox 403 4138 798 4199; x_wconf 85' lang='lat' dir='ltr'><strong>adolescentis,</strong></span> <span class='ocrx_word' id='word_1_427' title='bbox 831 4147 892 4193; x_wconf 87' lang='lat' dir='ltr'><strong>ut</strong></span> <span class='ocrx_word' id='word_1_428' title='bbox 918 4138 1175 4194; x_wconf 88' lang='lat' dir='ltr'><strong>castitate</strong></span> <span class='ocrx_word' id='word_1_429' title='bbox 1209 4139 1556 4193; x_wconf 86' lang='lat' dir='ltr'><strong>exsiccemus</strong></span> <span class='ocrx_word' id='word_1_430' title='bbox 1584 4140 1681 4210; x_wconf 91' lang='lat' dir='ltr'><strong>qui</strong></span> <span class='ocrx_word' id='word_1_431' title='bbox 1729 4147 1861 4195; x_wconf 91' lang='lat' dir='ltr'><strong>tunc</strong></span> <span class='ocrx_word' id='word_1_432' title='bbox 1891 4157 1991 4196; x_wconf 81' lang='lat' dir='ltr'><strong>ex-</strong></span> 
     </span>
    </p>
   </div>
   <div class='ocr_carea' id='block_1_59' title="bbox 405 4229 1990 4302">
    <p class='ocr_par' dir='ltr' id='par_1_59' title="bbox 405 4229 1990 4302">
     <span class='ocr_line' id='line_1_59' title="bbox 405 4229 1990 4302; baseline 0.001 -18"><span class='ocrx_word' id='word_1_433' title='bbox 405 4230 560 4285; x_wconf 87' lang='lat' dir='ltr'><strong>sistit</strong></span> <span class='ocrx_word' id='word_1_434' title='bbox 588 4231 876 4299; x_wconf 86' lang='lat' dir='ltr'><strong>humorem</strong></span> <span class='ocrx_word' id='word_1_435' title='bbox 916 4229 1086 4284; x_wconf 90' lang='lat' dir='ltr'><strong>animi</strong></span> <span class='ocrx_word' id='word_1_436' title='bbox 1138 4240 1411 4295; x_wconf 88' lang='lat' dir='ltr'><strong>motuum,</strong></span> <span class='ocrx_word' id='word_1_437' title='bbox 1464 4238 1522 4285; x_wconf 90' lang='lat' dir='ltr'><strong>et</strong></span> <span class='ocrx_word' id='word_1_438' title='bbox 1547 4230 1848 4286; x_wconf 83' lang='lat' dir='ltr'><strong>all‘ectuum</strong></span> <span class='ocrx_word' id='word_1_439' title='bbox 1894 4231 1990 4302; x_wconf 89' lang='lat' dir='ltr'><strong>qui</strong></span> 
     </span>
    </p>
   </div>
   <div class='ocr_carea' id='block_1_60' title="bbox 406 4318 1989 4385">
    <p class='ocr_par' dir='ltr' id='par_1_60' title="bbox 406 4318 1989 4385">
     <span class='ocr_line' id='line_1_60' title="bbox 406 4318 1989 4385; baseline 0.003 -12"><span class='ocrx_word' id='word_1_440' title='bbox 406 4329 707 4374; x_wconf 89' lang='lat' dir='ltr'><strong>moventur</strong></span> <span class='ocrx_word' id='word_1_441' title='bbox 730 4336 761 4385; x_wconf 47' lang='lat'><strong>;&#39;</strong></span> <span class='ocrx_word' id='word_1_442' title='bbox 781 4320 947 4374; x_wconf 92' lang='lat' dir='ltr'><strong>tertio</strong></span> <span class='ocrx_word' id='word_1_443' title='bbox 969 4319 1118 4376; x_wconf 91' lang='lat' dir='ltr'><strong>enim</strong></span> <span class='ocrx_word' id='word_1_444' title='bbox 1143 4318 1234 4373; x_wconf 91' lang='lat' dir='ltr'><strong>die</strong></span> <span class='ocrx_word' id='word_1_445' title='bbox 1277 4319 1423 4374; x_wconf 90' lang='lat' dir='ltr'><strong>Deus</strong></span> <span class='ocrx_word' id='word_1_446' title='bbox 1476 4320 1743 4377; x_wconf 83' lang='lat' dir='ltr'><strong>discrevit</strong></span> <span class='ocrx_word' id='word_1_447' title='bbox 1775 4322 1989 4378; x_wconf 90' lang='lat' dir='ltr'><strong>aridam</strong></span> 
     </span>
    </p>
   </div>
   <div class='ocr_carea' id='block_1_61' title="bbox 404 4411 1994 4485">
    <p class='ocr_par' dir='ltr' id='par_1_61' title="bbox 404 4411 1994 4485">
     <span class='ocr_line' id='line_1_61' title="bbox 404 4411 1994 4485; baseline 0.003 -20"><span class='ocrx_word' id='word_1_448' title='bbox 404 4411 482 4466; x_wconf 87' lang='lat' dir='ltr'><strong>ab</strong></span> <span class='ocrx_word' id='word_1_449' title='bbox 513 4411 761 4466; x_wconf 87' lang='lat' dir='ltr'><strong>humida.</strong></span> <span class='ocrx_word' id='word_1_450' title='bbox 790 4411 1050 4478; x_wconf 84' lang='lat' dir='ltr'><strong>Quartus,</strong></span> <span class='ocrx_word' id='word_1_451' title='bbox 1082 4419 1169 4466; x_wconf 88' lang='lat' dir='ltr'><strong>est</strong></span> <span class='ocrx_word' id='word_1_452' title='bbox 1197 4411 1423 4483; x_wconf 80' lang='lat' dir='ltr'><strong>juvenis</strong></span> <span class='ocrx_word' id='word_1_453' title='bbox 1448 4430 1460 4465; x_wconf 88' lang='lat'><strong>:</strong></span> <span class='ocrx_word' id='word_1_454' title='bbox 1486 4420 1550 4467; x_wconf 89' lang='lat' dir='ltr'><strong>ut</strong></span> <span class='ocrx_word' id='word_1_455' title='bbox 1592 4413 1834 4469; x_wconf 89' lang='lat' dir='ltr'><strong>virtutes</strong></span> <span class='ocrx_word' id='word_1_456' title='bbox 1855 4432 1994 4485; x_wconf 87' lang='lat' dir='ltr'><strong>qua-</strong></span> 
     </span>
    </p>
   </div>
   <div class='ocr_carea' id='block_1_62' title="bbox 2081 1936 3669 2007">
    <p class='ocr_par' dir='ltr' id='par_1_62' title="bbox 2081 1936 3669 2007">
     <span class='ocr_line' id='line_1_62' title="bbox 2081 1936 3669 2007; baseline 0 -14"><span class='ocrx_word' id='word_1_457' title='bbox 2081 1938 2268 1993; x_wconf 89' lang='lat' dir='ltr'><strong>tionis.</strong></span> <span class='ocrx_word' id='word_1_458' title='bbox 2295 1937 2591 1992; x_wconf 78' lang='lat' dir='ltr'><strong>Existimas</strong></span> <span class='ocrx_word' id='word_1_459' title='bbox 2623 1936 2772 1991; x_wconf 87' lang='lat' dir='ltr'><strong>enim</strong></span> <span class='ocrx_word' id='word_1_460' title='bbox 2810 1936 2959 2006; x_wconf 89' lang='lat' dir='ltr'><strong>quod</strong></span> <span class='ocrx_word' id='word_1_461' title='bbox 3002 1937 3166 2001; x_wconf 89' lang='lat' dir='ltr'><strong>Dens,</strong></span> <span class='ocrx_word' id='word_1_462' title='bbox 3186 1936 3356 2007; x_wconf 90' lang='lat' dir='ltr'><strong>utqui</strong></span> <span class='ocrx_word' id='word_1_463' title='bbox 3380 1937 3669 1993; x_wconf 81' lang='lat' dir='ltr'><strong>laborave-</strong></span> 
     </span>
    </p>
   </div>
   <div class='ocr_carea' id='block_1_63' title="bbox 2083 2025 3664 2098">
    <p class='ocr_par' dir='ltr' id='par_1_63' title="bbox 2083 2025 3664 2098">
     <span class='ocr_line' id='line_1_63' title="bbox 2083 2025 3664 2098; baseline 0 -15"><span class='ocrx_word' id='word_1_464' title='bbox 2083 2029 2156 2083; x_wconf 93' lang='lat' dir='ltr'><strong>rit</strong></span> <span class='ocrx_word' id='word_1_465' title='bbox 2184 2028 2243 2083; x_wconf 90' lang='lat' dir='ltr'><strong>in</strong></span> <span class='ocrx_word' id='word_1_466' title='bbox 2277 2027 2545 2098; x_wconf 87' lang='lat' dir='ltr'><strong>operibus</strong></span> <span class='ocrx_word' id='word_1_467' title='bbox 2578 2042 2676 2082; x_wconf 83' lang='lat' dir='ltr'><strong>sex</strong></span> <span class='ocrx_word' id='word_1_468' title='bbox 2704 2026 2920 2081; x_wconf 88' lang='lat' dir='ltr'><strong>dierum</strong></span> <span class='ocrx_word' id='word_1_469' title='bbox 2970 2025 3130 2081; x_wconf 82' lang='lat' dir='ltr'><strong>factae</strong></span> <span class='ocrx_word' id='word_1_470' title='bbox 3152 2027 3220 2081; x_wconf 92' lang='lat' dir='ltr'><strong>ab</strong></span> <span class='ocrx_word' id='word_1_471' title='bbox 3272 2042 3341 2080; x_wconf 91' lang='lat' dir='ltr'><strong>eo</strong></span> <span class='ocrx_word' id='word_1_472' title='bbox 3372 2035 3664 2093; x_wconf 61' lang='lat' dir='ltr'><strong>creaturae,</strong></span> 
     </span>
    </p>
   </div>
   <div class='ocr_carea' id='block_1_64' title="bbox 2082 2114 3669 2188">
    <p class='ocr_par' dir='ltr' id='par_1_64' title="bbox 2082 2114 3669 2188">
     <span class='ocr_line' id='line_1_64' title="bbox 2082 2114 3669 2188; baseline -0.003 -15"><span class='ocrx_word' id='word_1_473' title='bbox 2082 2126 2138 2173; x_wconf 90' lang='lat' dir='ltr'><strong>et</strong></span> <span class='ocrx_word' id='word_1_474' title='bbox 2180 2117 2334 2172; x_wconf 89' lang='lat' dir='ltr'><strong>velut</strong></span> <span class='ocrx_word' id='word_1_475' title='bbox 2371 2116 2689 2172; x_wconf 89' lang='lat' dir='ltr'><strong>imbecillus</strong></span> <span class='ocrx_word' id='word_1_476' title='bbox 2737 2114 3030 2188; x_wconf 90' lang='lat' dir='ltr'><strong>fessusque</strong></span> <span class='ocrx_word' id='word_1_477' title='bbox 3080 2116 3153 2172; x_wconf 88' lang='lat' dir='ltr'><strong>sit</strong></span> <span class='ocrx_word' id='word_1_478' title='bbox 3203 2116 3480 2183; x_wconf 89' lang='lat' dir='ltr'><strong>redditus,</strong></span> <span class='ocrx_word' id='word_1_479' title='bbox 3508 2132 3573 2172; x_wconf 85' lang='lat' dir='ltr'><strong>ea</strong></span> <span class='ocrx_word' id='word_1_480' title='bbox 3599 2116 3669 2171; x_wconf 88' lang='lat' dir='ltr'><strong>de</strong></span> 
     </span>
    </p>
   </div>
   <div class='ocr_carea' id='block_1_65' title="bbox 2083 2209 3673 2291">
    <p class='ocr_par' dir='ltr' id='par_1_65' title="bbox 2083 2209 3673 2291">
     <span class='ocr_line' id='line_1_65' title="bbox 2083 2209 3673 2291; baseline -0.001 -26"><span class='ocrx_word' id='word_1_481' title='bbox 2083 2226 2249 2266; x_wconf 88' lang='lat' dir='ltr'><strong>causa</strong></span> <span class='ocrx_word' id='word_1_482' title='bbox 2287 2209 2574 2264; x_wconf 81' lang='lat' dir='ltr'><strong>benedixit</strong></span> <span class='ocrx_word' id='word_1_483' title='bbox 2597 2209 2709 2265; x_wconf 92' lang='lat' dir='ltr'><strong>diei</strong></span> <span class='ocrx_word' id='word_1_484' title='bbox 2731 2209 2992 2280; x_wconf 91' lang='lat' dir='ltr'><strong>septimo,</strong></span> <span class='ocrx_word' id='word_1_485' title='bbox 3026 2211 3210 2291; x_wconf 86' lang='lat' dir='ltr'><strong>utqui</strong></span> <span class='ocrx_word' id='word_1_486' title='bbox 3243 2211 3300 2264; x_wconf 91' lang='lat' dir='ltr'><strong>in</strong></span> <span class='ocrx_word' id='word_1_487' title='bbox 3338 2225 3407 2265; x_wconf 91' lang='lat' dir='ltr'><strong>eo</strong></span> <span class='ocrx_word' id='word_1_488' title='bbox 3440 2223 3673 2281; x_wconf 86' lang='lat' dir='ltr'><strong>accepe-</strong></span> 
     </span>
    </p>
   </div>
   <div class='ocr_carea' id='block_1_66' title="bbox 2084 2297 3669 2369">
    <p class='ocr_par' dir='ltr' id='par_1_66' title="bbox 2084 2297 3669 2369">
     <span class='ocr_line' id='line_1_66' title="bbox 2084 2297 3669 2369; baseline -0.002 -15"><span class='ocrx_word' id='word_1_489' title='bbox 2084 2300 2156 2354; x_wconf 89' lang='lat' dir='ltr'><strong>rit</strong></span> <span class='ocrx_word' id='word_1_490' title='bbox 2212 2298 2466 2369; x_wconf 89' lang='lat' dir='ltr'><strong>requiem</strong></span> <span class='ocrx_word' id='word_1_491' title='bbox 2520 2308 2579 2354; x_wconf 90' lang='lat' dir='ltr'><strong>et</strong></span> <span class='ocrx_word' id='word_1_492' title='bbox 2619 2299 3011 2355; x_wconf 89' lang='lat' dir='ltr'><strong>remissionem</strong></span> <span class='ocrx_word' id='word_1_493' title='bbox 3042 2314 3110 2354; x_wconf 84' lang='lat' dir='ltr'><strong>ex</strong></span> <span class='ocrx_word' id='word_1_494' title='bbox 3154 2299 3369 2354; x_wconf 90' lang='lat' dir='ltr'><strong>labore.</strong></span> <span class='ocrx_word' id='word_1_495' title='bbox 3411 2297 3521 2354; x_wconf 88' lang='lat' dir='ltr'><strong>Sed</strong></span> <span class='ocrx_word' id='word_1_496' title='bbox 3556 2313 3669 2352; x_wconf 87' lang='lat' dir='ltr'><strong>non</strong></span> 
     </span>
    </p>
   </div>
   <div class='ocr_carea' id='block_1_67' title="bbox 2085 2390 3670 2462">
    <p class='ocr_par' dir='ltr' id='par_1_67' title="bbox 2085 2390 3670 2462">
     <span class='ocr_line' id='line_1_67' title="bbox 2085 2390 3670 2462; baseline -0.001 -16"><span class='ocrx_word' id='word_1_497' title='bbox 2085 2392 2161 2446; x_wconf 92' lang='lat' dir='ltr'><strong>ita</strong></span> <span class='ocrx_word' id='word_1_498' title='bbox 2187 2391 2378 2446; x_wconf 88' lang='lat' dir='ltr'><strong>habet.</strong></span> <span class='ocrx_word' id='word_1_499' title='bbox 2405 2390 2552 2445; x_wconf 87' lang='lat' dir='ltr'><strong>Audi</strong></span> <span class='ocrx_word' id='word_1_500' title='bbox 2598 2390 2748 2445; x_wconf 91' lang='lat' dir='ltr'><strong>enim</strong></span> <span class='ocrx_word' id='word_1_501' title='bbox 2799 2391 3134 2462; x_wconf 83' lang='lat' dir='ltr'><strong>Pmphetam</strong></span> <span class='ocrx_word' id='word_1_502' title='bbox 3166 2390 3479 2446; x_wconf 86' lang='lat' dir='ltr'><strong>dicentem:</strong></span> <span class='ocrx_word' id='word_1_503' title='bbox 3534 2390 3670 2444; x_wconf 79' lang='lat' dir='ltr'><strong>Deus</strong></span> 
     </span>
    </p>
   </div>
   <div class='ocr_carea' id='block_1_68' title="bbox 2085 2479 3669 2553">
    <p class='ocr_par' dir='ltr' id='par_1_68' title="bbox 2085 2479 3669 2553">
     <span class='ocr_line' id='line_1_68' title="bbox 2085 2479 3669 2553; baseline -0.002 -17"><span class='ocrx_word' id='word_1_504' title='bbox 2085 2499 2308 2553; x_wconf 84' lang='lat' dir='ltr'><strong>magnus</strong></span> <span class='ocrx_word' id='word_1_505' title='bbox 2340 2491 2388 2536; x_wconf 88' lang='lat' dir='ltr'><strong>et</strong></span> <span class='ocrx_word' id='word_1_506' title='bbox 2417 2483 2568 2552; x_wconf 78' lang='lat' dir='ltr'><strong>fortis</strong></span> <span class='ocrx_word' id='word_1_507' title='bbox 2602 2498 2706 2535; x_wconf 85' lang='lat' dir='ltr'><strong>non</strong></span> <span class='ocrx_word' id='word_1_508' title='bbox 2748 2483 2961 2546; x_wconf 84' lang='lat' dir='ltr'><strong>esuriet,</strong></span> <span class='ocrx_word' id='word_1_509' title='bbox 2996 2499 3164 2553; x_wconf 86' lang='lat' dir='ltr'><strong>neque</strong></span> <span class='ocrx_word' id='word_1_510' title='bbox 3192 2484 3289 2537; x_wconf 86' lang='lat' dir='ltr'><strong>erit</strong></span> <span class='ocrx_word' id='word_1_511' title='bbox 3332 2483 3561 2553; x_wconf 78' lang='lat' dir='ltr'><strong>defessus</strong></span> <span class='ocrx_word' id='word_1_512' title='bbox 3602 2479 3669 2534; x_wconf 57' lang='lat'><strong>6&quot;.</strong></span> 
     </span>
    </p>
   </div>
   <div class='ocr_carea' id='block_1_69' title="bbox 2085 2575 3673 2646">
    <p class='ocr_par' dir='ltr' id='par_1_69' title="bbox 2085 2575 3673 2646">
     <span class='ocr_line' id='line_1_69' title="bbox 2085 2575 3673 2646; baseline -0.003 -17"><span class='ocrx_word' id='word_1_513' title='bbox 2085 2575 2183 2630; x_wconf 92' lang='lat' dir='ltr'><strong>Die</strong></span> <span class='ocrx_word' id='word_1_514' title='bbox 2204 2591 2337 2646; x_wconf 85' lang='lat' dir='ltr'><strong>ergo</strong></span> <span class='ocrx_word' id='word_1_515' title='bbox 2357 2576 2595 2646; x_wconf 89' lang='lat' dir='ltr'><strong>septimo</strong></span> <span class='ocrx_word' id='word_1_516' title='bbox 2622 2576 2916 2644; x_wconf 87' lang='lat' dir='ltr'><strong>quiescere</strong></span> <span class='ocrx_word' id='word_1_517' title='bbox 2951 2575 3081 2630; x_wconf 82' lang='lat' dir='ltr'><strong>facit</strong></span> <span class='ocrx_word' id='word_1_518' title='bbox 3107 2591 3170 2630; x_wconf 86' lang='lat' dir='ltr'><strong>ac</strong></span> <span class='ocrx_word' id='word_1_519' title='bbox 3221 2575 3411 2645; x_wconf 86' lang='lat' dir='ltr'><strong>implet</strong></span> <span class='ocrx_word' id='word_1_520' title='bbox 3455 2583 3673 2629; x_wconf 86' lang='lat' dir='ltr'><strong>creatu-</strong></span> 
     </span>
    </p>
   </div>
   <div class='ocr_carea' id='block_1_70' title="bbox 2087 2665 3669 2739">
    <p class='ocr_par' dir='ltr' id='par_1_70' title="bbox 2087 2665 3669 2739">
     <span class='ocr_line' id='line_1_70' title="bbox 2087 2665 3669 2739; baseline -0.004 -16"><span class='ocrx_word' id='word_1_521' title='bbox 2087 2684 2203 2723; x_wconf 90' lang='lat' dir='ltr'><strong>ram</strong></span> <span class='ocrx_word' id='word_1_522' title='bbox 2242 2667 2459 2739; x_wconf 88' lang='lat' dir='ltr'><strong>Opifex,</strong></span> <span class='ocrx_word' id='word_1_523' title='bbox 2511 2677 2571 2722; x_wconf 89' lang='lat' dir='ltr'><strong>ut</strong></span> <span class='ocrx_word' id='word_1_524' title='bbox 2624 2668 2883 2723; x_wconf 90' lang='lat' dir='ltr'><strong>ostendat</strong></span> <span class='ocrx_word' id='word_1_525' title='bbox 2938 2669 3243 2722; x_wconf 86' lang='lat' dir='ltr'><strong>increatam</strong></span> <span class='ocrx_word' id='word_1_526' title='bbox 3295 2665 3669 2720; x_wconf 89' lang='lat' dir='ltr'><strong>Trinitatem:</strong></span> 
     </span>
    </p>
   </div>
   <div class='ocr_carea' id='block_1_71' title="bbox 2088 2758 3673 2833">
    <p class='ocr_par' dir='ltr' id='par_1_71' title="bbox 2088 2758 3673 2833">
     <span class='ocr_line' id='line_1_71' title="bbox 2088 2758 3673 2833; baseline -0.006 -14"><span class='ocrx_word' id='word_1_527' title='bbox 2088 2771 2298 2833; x_wconf 89' lang='lat' dir='ltr'><strong>septem</strong></span> <span class='ocrx_word' id='word_1_528' title='bbox 2328 2763 2477 2816; x_wconf 91' lang='lat' dir='ltr'><strong>enim</strong></span> <span class='ocrx_word' id='word_1_529' title='bbox 2500 2770 2556 2816; x_wconf 90' lang='lat' dir='ltr'><strong>et</strong></span> <span class='ocrx_word' id='word_1_530' title='bbox 2589 2771 2701 2817; x_wconf 90' lang='lat' dir='ltr'><strong>tres</strong></span> <span class='ocrx_word' id='word_1_531' title='bbox 2730 2762 2870 2816; x_wconf 81' lang='lat' dir='ltr'><strong>ﬁunt</strong></span> <span class='ocrx_word' id='word_1_532' title='bbox 2908 2761 3122 2816; x_wconf 89' lang='lat' dir='ltr'><strong>decem.</strong></span> <span class='ocrx_word' id='word_1_533' title='bbox 3157 2758 3431 2814; x_wconf 85' lang='lat' dir='ltr'><strong>Denarius</strong></span> <span class='ocrx_word' id='word_1_534' title='bbox 3483 2766 3673 2812; x_wconf 88' lang='lat' dir='ltr'><strong>autem</strong></span> 
     </span>
    </p>
   </div>
   <div class='ocr_carea' id='block_1_72' title="bbox 2089 2853 3673 2925">
    <p class='ocr_par' dir='ltr' id='par_1_72' title="bbox 2089 2853 3673 2925">
     <span class='ocr_line' id='line_1_72' title="bbox 2089 2853 3673 2925; baseline -0.003 -16"><span class='ocrx_word' id='word_1_535' title='bbox 2089 2870 2360 2909; x_wconf 88' lang='lat' dir='ltr'><strong>numerus</strong></span> <span class='ocrx_word' id='word_1_536' title='bbox 2388 2864 2473 2909; x_wconf 92' lang='lat' dir='ltr'><strong>est</strong></span> <span class='ocrx_word' id='word_1_537' title='bbox 2498 2853 2594 2925; x_wconf 88' lang='lat' dir='ltr'><strong>qui</strong></span> <span class='ocrx_word' id='word_1_538' title='bbox 2621 2854 2874 2909; x_wconf 88' lang='lat' dir='ltr'><strong>continet</strong></span> <span class='ocrx_word' id='word_1_539' title='bbox 2895 2862 2952 2907; x_wconf 90' lang='lat' dir='ltr'><strong>et</strong></span> <span class='ocrx_word' id='word_1_540' title='bbox 2986 2853 3179 2923; x_wconf 90' lang='lat' dir='ltr'><strong>implet</strong></span> <span class='ocrx_word' id='word_1_541' title='bbox 3212 2867 3409 2907; x_wconf 88' lang='lat' dir='ltr'><strong>omnes</strong></span> <span class='ocrx_word' id='word_1_542' title='bbox 3472 2865 3673 2905; x_wconf 82' lang='lat' dir='ltr'><strong>nume-</strong></span> 
     </span>
    </p>
   </div>
   <div class='ocr_carea' id='block_1_73' title="bbox 2091 2941 3673 3017">
    <p class='ocr_par' dir='ltr' id='par_1_73' title="bbox 2091 2941 3673 3017">
     <span class='ocr_line' id='line_1_73' title="bbox 2091 2941 3673 3017; baseline -0.003 -17"><span class='ocrx_word' id='word_1_543' title='bbox 2091 2961 2206 3010; x_wconf 91' lang='lat' dir='ltr'><strong>ros,</strong></span> <span class='ocrx_word' id='word_1_544' title='bbox 2243 2954 2302 3000; x_wconf 89' lang='lat' dir='ltr'><strong>ut</strong></span> <span class='ocrx_word' id='word_1_545' title='bbox 2341 2946 2603 3000; x_wconf 83' lang='lat' dir='ltr'><strong>dixerunt</strong></span> <span class='ocrx_word' id='word_1_546' title='bbox 2623 2947 2717 3017; x_wconf 86' lang='lat' dir='ltr'><strong>qui</strong></span> <span class='ocrx_word' id='word_1_547' title='bbox 2765 2953 2896 3001; x_wconf 90' lang='lat' dir='ltr'><strong>sunt</strong></span> <span class='ocrx_word' id='word_1_548' title='bbox 2923 2945 3130 3000; x_wconf 87' lang='lat' dir='ltr'><strong>exculti</strong></span> <span class='ocrx_word' id='word_1_549' title='bbox 3156 2942 3470 3014; x_wconf 90' lang='lat' dir='ltr'><strong>disciplinis</strong></span> <span class='ocrx_word' id='word_1_550' title='bbox 3496 2941 3673 3017; x_wconf 80' lang='lat' dir='ltr'><strong>arith-</strong></span> 
     </span>
    </p>
   </div>
   <div class='ocr_carea' id='block_1_74' title="bbox 2090 3039 3721 3108">
    <p class='ocr_par' dir='ltr' id='par_1_74' title="bbox 2090 3039 3721 3108">
     <span class='ocr_line' id='line_1_74' title="bbox 2090 3039 3721 3108; baseline -0.004 -14"><span class='ocrx_word' id='word_1_551' title='bbox 2090 3039 2328 3094; x_wconf 87' lang='lat' dir='ltr'><strong>meticis.</strong></span> <span class='ocrx_word' id='word_1_552' title='bbox 2352 3039 2529 3093; x_wconf 91' lang='lat' dir='ltr'><strong>Porro</strong></span> <span class='ocrx_word' id='word_1_553' title='bbox 2563 3047 2747 3094; x_wconf 89' lang='lat' dir='ltr'><strong>autem</strong></span> <span class='ocrx_word' id='word_1_554' title='bbox 2773 3046 3005 3108; x_wconf 90' lang='lat' dir='ltr'><strong>quartus</strong></span> <span class='ocrx_word' id='word_1_555' title='bbox 3048 3050 3269 3107; x_wconf 90' lang='lat' dir='ltr'><strong>quoque</strong></span> <span class='ocrx_word' id='word_1_556' title='bbox 3311 3051 3505 3090; x_wconf 87' lang='lat' dir='ltr'><strong>rursus</strong></span> <span class='ocrx_word' id='word_1_557' title='bbox 3552 3050 3663 3089; x_wconf 84' lang='lat' dir='ltr'><strong>nu-</strong></span> <span class='ocrx_word' id='word_1_558' title='bbox 3714 3058 3721 3070; x_wconf 88' lang='lat'><strong>-</strong></span> 
     </span>
    </p>
   </div>
   <div class='ocr_carea' id='block_1_75' title="bbox 2014 3126 3678 3227">
    <p class='ocr_par' dir='ltr' id='par_1_75' title="bbox 2014 3126 3678 3227">
     <span class='ocr_line' id='line_1_75' title="bbox 2014 3126 3678 3227; baseline -0.001 -43"><span class='ocrx_word' id='word_1_559' title='bbox 2014 3170 2056 3227; x_wconf 74' lang='lat' dir='ltr'><strong><em>C</em></strong></span> <span class='ocrx_word' id='word_1_560' title='bbox 2092 3146 2298 3191; x_wconf 89' lang='lat' dir='ltr'><strong>merus,</strong></span> <span class='ocrx_word' id='word_1_561' title='bbox 2322 3129 2416 3199; x_wconf 92' lang='lat' dir='ltr'><strong>qui</strong></span> <span class='ocrx_word' id='word_1_562' title='bbox 2438 3137 2523 3184; x_wconf 88' lang='lat' dir='ltr'><strong>cst</strong></span> <span class='ocrx_word' id='word_1_563' title='bbox 2542 3130 2722 3199; x_wconf 88' lang='lat' dir='ltr'><strong>quarti</strong></span> <span class='ocrx_word' id='word_1_564' title='bbox 2738 3146 2836 3184; x_wconf 89' lang='lat' dir='ltr'><strong>seu</strong></span> <span class='ocrx_word' id='word_1_565' title='bbox 2861 3129 3023 3199; x_wconf 91' lang='lat' dir='ltr'><strong>primi</strong></span> <span class='ocrx_word' id='word_1_566' title='bbox 3054 3127 3286 3199; x_wconf 81' lang='lat' dir='ltr'><strong>perfecti</strong></span> <span class='ocrx_word' id='word_1_567' title='bbox 3307 3126 3678 3196; x_wconf 87' lang='lat' dir='ltr'><strong>diei,quando</strong></span> 
     </span>
    </p>
   </div>
   <div class='ocr_carea' id='block_1_76' title="bbox 2090 3220 3676 3301">
    <p class='ocr_par' dir='ltr' id='par_1_76' title="bbox 2090 3220 3676 3301">
     <span class='ocr_line' id='line_1_76' title="bbox 2090 3220 3676 3301; baseline -0.003 -22"><span class='ocrx_word' id='word_1_568' title='bbox 2090 3223 2171 3279; x_wconf 93' lang='lat' dir='ltr'><strong>sol</strong></span> <span class='ocrx_word' id='word_1_569' title='bbox 2196 3222 2375 3276; x_wconf 85' lang='lat' dir='ltr'><strong>factus</strong></span> <span class='ocrx_word' id='word_1_570' title='bbox 2422 3230 2543 3289; x_wconf 90' lang='lat' dir='ltr'><strong>est,</strong></span> <span class='ocrx_word' id='word_1_571' title='bbox 2575 3230 2660 3277; x_wconf 92' lang='lat' dir='ltr'><strong>est</strong></span> <span class='ocrx_word' id='word_1_572' title='bbox 2708 3222 2990 3293; x_wconf 85' lang='lat' dir='ltr'><strong>perfectus</strong></span> <span class='ocrx_word' id='word_1_573' title='bbox 3021 3231 3077 3276; x_wconf 90' lang='lat' dir='ltr'><strong>et</strong></span> <span class='ocrx_word' id='word_1_574' title='bbox 3132 3221 3359 3276; x_wconf 89' lang='lat' dir='ltr'><strong>minime</strong></span> <span class='ocrx_word' id='word_1_575' title='bbox 3399 3220 3676 3301; x_wconf 85' lang='lat' dir='ltr'><strong>defectus,</strong></span> 
     </span>
    </p>
   </div>
   <div class='ocr_carea' id='block_1_77' title="bbox 2089 3313 3676 3384">
    <p class='ocr_par' dir='ltr' id='par_1_77' title="bbox 2089 3313 3676 3384">
     <span class='ocr_line' id='line_1_77' title="bbox 2089 3313 3676 3384; baseline -0.001 -14"><span class='ocrx_word' id='word_1_576' title='bbox 2089 3315 2366 3371; x_wconf 86' lang='lat' dir='ltr'><strong>decimum</strong></span> <span class='ocrx_word' id='word_1_577' title='bbox 2437 3317 2587 3371; x_wconf 88' lang='lat' dir='ltr'><strong>enim</strong></span> <span class='ocrx_word' id='word_1_578' title='bbox 2659 3331 2954 3370; x_wconf 88' lang='lat' dir='ltr'><strong>numerum</strong></span> <span class='ocrx_word' id='word_1_579' title='bbox 3026 3315 3276 3370; x_wconf 85' lang='lat' dir='ltr'><strong>continet</strong></span> <span class='ocrx_word' id='word_1_580' title='bbox 3344 3322 3401 3369; x_wconf 89' lang='lat' dir='ltr'><strong>et</strong></span> <span class='ocrx_word' id='word_1_581' title='bbox 3462 3313 3676 3384; x_wconf 88' lang='lat' dir='ltr'><strong>implet.</strong></span> 
     </span>
    </p>
   </div>
   <div class='ocr_carea' id='block_1_78' title="bbox 2088 3403 3678 3475">
    <p class='ocr_par' dir='ltr' id='par_1_78' title="bbox 2088 3403 3678 3475">
     <span class='ocr_line' id='line_1_78' title="bbox 2088 3403 3678 3475; baseline 0 -17"><span class='ocrx_word' id='word_1_582' title='bbox 2088 3404 2255 3475; x_wconf 76' lang='lat'><strong>890</strong></span> <span class='ocrx_word' id='word_1_583' title='bbox 2287 3404 2537 3472; x_wconf 85' lang='lat' dir='ltr'><strong>Quatuor</strong></span> <span class='ocrx_word' id='word_1_584' title='bbox 2565 3405 2714 3460; x_wconf 90' lang='lat' dir='ltr'><strong>enim</strong></span> <span class='ocrx_word' id='word_1_585' title='bbox 2764 3413 2821 3460; x_wconf 91' lang='lat' dir='ltr'><strong>et</strong></span> <span class='ocrx_word' id='word_1_586' title='bbox 2856 3412 2967 3460; x_wconf 91' lang='lat' dir='ltr'><strong>tres</strong></span> <span class='ocrx_word' id='word_1_587' title='bbox 2995 3404 3089 3474; x_wconf 90' lang='lat' dir='ltr'><strong>qui</strong></span> <span class='ocrx_word' id='word_1_588' title='bbox 3131 3404 3283 3474; x_wconf 90' lang='lat' dir='ltr'><strong>ipsos</strong></span> <span class='ocrx_word' id='word_1_589' title='bbox 3332 3403 3678 3475; x_wconf 80' lang='lat' dir='ltr'><strong>praecedunt,</strong></span> 
     </span>
    </p>
   </div>
   <div class='ocr_carea' id='block_1_79' title="bbox 2089 3497 3676 3575">
    <p class='ocr_par' dir='ltr' id='par_1_79' title="bbox 2089 3497 3676 3575">
     <span class='ocr_line' id='line_1_79' title="bbox 2089 3497 3676 3575; baseline 0 -24"><span class='ocrx_word' id='word_1_590' title='bbox 2089 3507 2143 3551; x_wconf 91' lang='lat' dir='ltr'><strong>et</strong></span> <span class='ocrx_word' id='word_1_591' title='bbox 2183 3497 2293 3551; x_wconf 94' lang='lat' dir='ltr'><strong>duo</strong></span> <span class='ocrx_word' id='word_1_592' title='bbox 2324 3498 2417 3567; x_wconf 86' lang='lat' dir='ltr'><strong>qui</strong></span> <span class='ocrx_word' id='word_1_593' title='bbox 2447 3506 2721 3552; x_wconf 88' lang='lat' dir='ltr'><strong>suntantc</strong></span> <span class='ocrx_word' id='word_1_594' title='bbox 2747 3498 2919 3567; x_wconf 90' lang='lat' dir='ltr'><strong>ipsos,</strong></span> <span class='ocrx_word' id='word_1_595' title='bbox 2945 3505 3001 3551; x_wconf 91' lang='lat' dir='ltr'><strong>et</strong></span> <span class='ocrx_word' id='word_1_596' title='bbox 3029 3498 3212 3552; x_wconf 88' lang='lat' dir='ltr'><strong>unitas</strong></span> <span class='ocrx_word' id='word_1_597' title='bbox 3254 3512 3377 3575; x_wconf 70' lang='lat' dir='ltr'><strong>quae</strong></span> <span class='ocrx_word' id='word_1_598' title='bbox 3404 3512 3501 3552; x_wconf 92' lang='lat' dir='ltr'><strong>eos</strong></span> <span class='ocrx_word' id='word_1_599' title='bbox 3530 3512 3676 3567; x_wconf 74' lang='lat' dir='ltr'><strong>prae-</strong></span> 
     </span>
    </p>
   </div>
   <div class='ocr_carea' id='block_1_80' title="bbox 2090 3586 3679 3658">
    <p class='ocr_par' dir='ltr' id='par_1_80' title="bbox 2090 3586 3679 3658">
     <span class='ocr_line' id='line_1_80' title="bbox 2090 3586 3679 3658; baseline -0.001 -16"><span class='ocrx_word' id='word_1_600' title='bbox 2090 3586 2257 3651; x_wconf 89' lang='lat' dir='ltr'><strong>cedit,</strong></span> <span class='ocrx_word' id='word_1_601' title='bbox 2290 3587 2573 3642; x_wconf 86' lang='lat' dir='ltr'><strong>invenitur</strong></span> <span class='ocrx_word' id='word_1_602' title='bbox 2610 3588 2889 3658; x_wconf 85' lang='lat' dir='ltr'><strong>perfectus</strong></span> <span class='ocrx_word' id='word_1_603' title='bbox 2938 3586 3226 3642; x_wconf 87' lang='lat' dir='ltr'><strong>denarius.</strong></span> <span class='ocrx_word' id='word_1_604' title='bbox 3264 3587 3384 3643; x_wconf 87' lang='lat' dir='ltr'><strong>Jam</strong></span> <span class='ocrx_word' id='word_1_605' title='bbox 3434 3602 3567 3642; x_wconf 89' lang='lat' dir='ltr'><strong>vero</strong></span> <span class='ocrx_word' id='word_1_606' title='bbox 3610 3586 3679 3641; x_wconf 86' lang='lat' dir='ltr'><strong>ab</strong></span> 
     </span>
    </p>
   </div>
   <div class='ocr_carea' id='block_1_81' title="bbox 2092 3679 3675 3751">
    <p class='ocr_par' dir='ltr' id='par_1_81' title="bbox 2092 3679 3675 3751">
     <span class='ocr_line' id='line_1_81' title="bbox 2092 3679 3675 3751; baseline 0.001 -18"><span class='ocrx_word' id='word_1_607' title='bbox 2092 3679 2302 3734; x_wconf 87' lang='lat' dir='ltr'><strong>unitate</strong></span> <span class='ocrx_word' id='word_1_608' title='bbox 2357 3695 2581 3750; x_wconf 91' lang='lat' dir='ltr'><strong>quoque</strong></span> <span class='ocrx_word' id='word_1_609' title='bbox 2634 3680 2874 3734; x_wconf 89' lang='lat' dir='ltr'><strong>virtutes</strong></span> <span class='ocrx_word' id='word_1_610' title='bbox 2922 3696 3100 3750; x_wconf 91' lang='lat' dir='ltr'><strong>usque</strong></span> <span class='ocrx_word' id='word_1_611' title='bbox 3161 3681 3229 3736; x_wconf 90' lang='lat' dir='ltr'><strong>ad</strong></span> <span class='ocrx_word' id='word_1_612' title='bbox 3291 3680 3675 3751; x_wconf 90' lang='lat' dir='ltr'><strong>quaternium,</strong></span> 
     </span>
    </p>
   </div>
   <div class='ocr_carea' id='block_1_82' title="bbox 2091 3770 3681 3841">
    <p class='ocr_par' dir='ltr' id='par_1_82' title="bbox 2091 3770 3681 3841">
     <span class='ocr_line' id='line_1_82' title="bbox 2091 3770 3681 3841; baseline -0.001 -16"><span class='ocrx_word' id='word_1_613' title='bbox 2091 3770 2335 3825; x_wconf 82' lang='lat' dir='ltr'><strong>eﬂiciunt</strong></span> <span class='ocrx_word' id='word_1_614' title='bbox 2360 3772 2726 3841; x_wconf 84' lang='lat' dir='ltr'><strong>quantitatem</strong></span> <span class='ocrx_word' id='word_1_615' title='bbox 2756 3770 2967 3825; x_wconf 86' lang='lat' dir='ltr'><strong>denarii</strong></span> <span class='ocrx_word' id='word_1_616' title='bbox 2995 3790 3008 3825; x_wconf 89' lang='lat'><strong>:</strong></span> <span class='ocrx_word' id='word_1_617' title='bbox 3037 3786 3183 3825; x_wconf 90' lang='lat' dir='ltr'><strong>unus</strong></span> <span class='ocrx_word' id='word_1_618' title='bbox 3208 3771 3369 3839; x_wconf 57' lang='lat' dir='ltr'><strong>,enim</strong></span> <span class='ocrx_word' id='word_1_619' title='bbox 3406 3780 3464 3824; x_wconf 88' lang='lat' dir='ltr'><strong>et</strong></span> <span class='ocrx_word' id='word_1_620' title='bbox 3486 3770 3597 3824; x_wconf 92' lang='lat' dir='ltr'><strong>duo</strong></span> <span class='ocrx_word' id='word_1_621' title='bbox 3625 3779 3681 3824; x_wconf 84' lang='lat' dir='ltr'><strong>et</strong></span> 
     </span>
    </p>
   </div>
   <div class='ocr_carea' id='block_1_83' title="bbox 2093 3859 3679 3934">
    <p class='ocr_par' dir='ltr' id='par_1_83' title="bbox 2093 3859 3679 3934">
     <span class='ocr_line' id='line_1_83' title="bbox 2093 3859 3679 3934; baseline -0.002 -19"><span class='ocrx_word' id='word_1_622' title='bbox 2093 3871 2227 3928; x_wconf 88' lang='lat' dir='ltr'><strong>tres,</strong></span> <span class='ocrx_word' id='word_1_623' title='bbox 2259 3872 2389 3918; x_wconf 89' lang='lat' dir='ltr'><strong>sunt</strong></span> <span class='ocrx_word' id='word_1_624' title='bbox 2423 3879 2548 3918; x_wconf 81' lang='lat' dir='ltr'><strong>sex:</strong></span> <span class='ocrx_word' id='word_1_625' title='bbox 2590 3874 2647 3919; x_wconf 88' lang='lat' dir='ltr'><strong>et</strong></span> <span class='ocrx_word' id='word_1_626' title='bbox 2678 3870 2919 3934; x_wconf 90' lang='lat' dir='ltr'><strong>quatuor</strong></span> <span class='ocrx_word' id='word_1_627' title='bbox 2966 3861 3217 3917; x_wconf 72' lang='lat' dir='ltr'><strong>elficiunt</strong></span> <span class='ocrx_word' id='word_1_628' title='bbox 3267 3860 3484 3916; x_wconf 90' lang='lat' dir='ltr'><strong>decem.</strong></span> <span class='ocrx_word' id='word_1_629' title='bbox 3521 3859 3679 3926; x_wconf 84' lang='lat' dir='ltr'><strong>Quo-</strong></span> 
     </span>
    </p>
   </div>
   <div class='ocr_carea' id='block_1_84' title="bbox 2091 3954 3680 4021">
    <p class='ocr_par' dir='ltr' id='par_1_84' title="bbox 2091 3954 3680 4021">
     <span class='ocr_line' id='line_1_84' title="bbox 2091 3954 3680 4021; baseline -0.003 -10"><span class='ocrx_word' id='word_1_630' title='bbox 2091 3956 2257 4011; x_wconf 90' lang='lat' dir='ltr'><strong>modo</strong></span> <span class='ocrx_word' id='word_1_631' title='bbox 2297 3957 2447 4012; x_wconf 90' lang='lat' dir='ltr'><strong>enim</strong></span> <span class='ocrx_word' id='word_1_632' title='bbox 2497 3957 2681 4011; x_wconf 89' lang='lat' dir='ltr'><strong>omnis</strong></span> <span class='ocrx_word' id='word_1_633' title='bbox 2731 3964 3013 4021; x_wconf 86' lang='lat' dir='ltr'><strong>creatura,</strong></span> <span class='ocrx_word' id='word_1_634' title='bbox 3042 3955 3118 4009; x_wconf 89' lang='lat' dir='ltr'><strong>ita</strong></span> <span class='ocrx_word' id='word_1_635' title='bbox 3142 3954 3311 4008; x_wconf 87' lang='lat' dir='ltr'><strong>etiam</strong></span> <span class='ocrx_word' id='word_1_636' title='bbox 3352 3968 3547 4007; x_wconf 87' lang='lat' dir='ltr'><strong>onmes</strong></span> <span class='ocrx_word' id='word_1_637' title='bbox 3572 3968 3680 4006; x_wconf 90' lang='lat' dir='ltr'><strong>nu-</strong></span> 
     </span>
    </p>
   </div>
   <div class='ocr_carea' id='block_1_85' title="bbox 2092 4045 3677 4118">
    <p class='ocr_par' dir='ltr' id='par_1_85' title="bbox 2092 4045 3677 4118">
     <span class='ocr_line' id='line_1_85' title="bbox 2092 4045 3677 4118; baseline -0.004 -11"><span class='ocrx_word' id='word_1_638' title='bbox 2092 4052 2253 4117; x_wconf 86' lang='lat' dir='ltr'><strong>meri,</strong></span> <span class='ocrx_word' id='word_1_639' title='bbox 2279 4049 2607 4105; x_wconf 89' lang='lat' dir='ltr'><strong>describunt</strong></span> <span class='ocrx_word' id='word_1_640' title='bbox 2634 4047 2690 4103; x_wconf 89' lang='lat' dir='ltr'><strong>id</strong></span> <span class='ocrx_word' id='word_1_641' title='bbox 2715 4047 2864 4118; x_wconf 90' lang='lat' dir='ltr'><strong>quod</strong></span> <span class='ocrx_word' id='word_1_642' title='bbox 2889 4056 2977 4103; x_wconf 91' lang='lat' dir='ltr'><strong>est</strong></span> <span class='ocrx_word' id='word_1_643' title='bbox 3002 4048 3056 4102; x_wconf 93' lang='lat' dir='ltr'><strong>in</strong></span> <span class='ocrx_word' id='word_1_644' title='bbox 3080 4045 3304 4103; x_wconf 86' lang='lat' dir='ltr'><strong>Christo</strong></span> <span class='ocrx_word' id='word_1_645' title='bbox 3329 4045 3677 4117; x_wconf 82' lang='lat' dir='ltr'><strong>mysterium.</strong></span> 
     </span>
    </p>
   </div>
   <div class='ocr_carea' id='block_1_86' title="bbox 2093 4140 3677 4212">
    <p class='ocr_par' dir='ltr' id='par_1_86' title="bbox 2093 4140 3677 4212">
     <span class='ocr_line' id='line_1_86' title="bbox 2093 4140 3677 4212; baseline -0.006 -11"><span class='ocrx_word' id='word_1_646' title='bbox 2093 4146 2191 4201; x_wconf 87' lang='lat' dir='ltr'><strong>Est</strong></span> <span class='ocrx_word' id='word_1_647' title='bbox 2219 4143 2371 4198; x_wconf 91' lang='lat' dir='ltr'><strong>enim</strong></span> <span class='ocrx_word' id='word_1_648' title='bbox 2398 4142 2605 4207; x_wconf 89' lang='lat' dir='ltr'><strong>unitas,</strong></span> <span class='ocrx_word' id='word_1_649' title='bbox 2639 4149 2698 4196; x_wconf 88' lang='lat' dir='ltr'><strong>ut</strong></span> <span class='ocrx_word' id='word_1_650' title='bbox 2720 4141 2819 4212; x_wconf 87' lang='lat' dir='ltr'><strong>qui</strong></span> <span class='ocrx_word' id='word_1_651' title='bbox 2851 4140 3071 4195; x_wconf 91' lang='lat' dir='ltr'><strong>unicam</strong></span> <span class='ocrx_word' id='word_1_652' title='bbox 3113 4140 3319 4194; x_wconf 92' lang='lat' dir='ltr'><strong>habeat</strong></span> <span class='ocrx_word' id='word_1_653' title='bbox 3341 4153 3634 4209; x_wconf 85' lang='lat' dir='ltr'><strong>personam</strong></span> <span class='ocrx_word' id='word_1_654' title='bbox 3661 4155 3677 4204; x_wconf 88' lang='lat'><strong>;</strong></span> 
     </span>
    </p>
   </div>
   <div class='ocr_carea' id='block_1_87' title="bbox 2092 4230 3678 4304">
    <p class='ocr_par' dir='ltr' id='par_1_87' title="bbox 2092 4230 3678 4304">
     <span class='ocr_line' id='line_1_87' title="bbox 2092 4230 3678 4304; baseline -0.005 -12"><span class='ocrx_word' id='word_1_655' title='bbox 2092 4245 2179 4292; x_wconf 91' lang='lat' dir='ltr'><strong>est</strong></span> <span class='ocrx_word' id='word_1_656' title='bbox 2210 4233 2488 4299; x_wconf 87' lang='lat' dir='ltr'><strong>binarius,</strong></span> <span class='ocrx_word' id='word_1_657' title='bbox 2517 4233 2612 4304; x_wconf 92' lang='lat' dir='ltr'><strong>qui</strong></span> <span class='ocrx_word' id='word_1_658' title='bbox 2640 4231 2712 4288; x_wconf 90' lang='lat' dir='ltr'><strong>sit</strong></span> <span class='ocrx_word' id='word_1_659' title='bbox 2746 4232 3033 4303; x_wconf 87' lang='lat' dir='ltr'><strong>perfectus</strong></span> <span class='ocrx_word' id='word_1_660' title='bbox 3079 4231 3137 4285; x_wconf 90' lang='lat' dir='ltr'><strong>in</strong></span> <span class='ocrx_word' id='word_1_661' title='bbox 3165 4230 3461 4286; x_wconf 87' lang='lat' dir='ltr'><strong>divinitate</strong></span> <span class='ocrx_word' id='word_1_662' title='bbox 3490 4239 3544 4285; x_wconf 89' lang='lat' dir='ltr'><strong>et</strong></span> <span class='ocrx_word' id='word_1_663' title='bbox 3571 4230 3678 4284; x_wconf 89' lang='lat' dir='ltr'><strong>bu-</strong></span> 
     </span>
    </p>
   </div>
   <div class='ocr_carea' id='block_1_88' title="bbox 2093 4322 3679 4394">
    <p class='ocr_par' dir='ltr' id='par_1_88' title="bbox 2093 4322 3679 4394">
     <span class='ocr_line' id='line_1_88' title="bbox 2093 4322 3679 4394; baseline -0.005 -12"><span class='ocrx_word' id='word_1_664' title='bbox 2093 4326 2391 4391; x_wconf 90' lang='lat' dir='ltr'><strong>manitate;</strong></span> <span class='ocrx_word' id='word_1_665' title='bbox 2421 4324 2663 4388; x_wconf 86' lang='lat' dir='ltr'><strong>trinitas,</strong></span> <span class='ocrx_word' id='word_1_666' title='bbox 2695 4332 2756 4377; x_wconf 90' lang='lat' dir='ltr'><strong>ut</strong></span> <span class='ocrx_word' id='word_1_667' title='bbox 2786 4323 2880 4394; x_wconf 89' lang='lat' dir='ltr'><strong>qui</strong></span> <span class='ocrx_word' id='word_1_668' title='bbox 2906 4324 2978 4377; x_wconf 88' lang='lat' dir='ltr'><strong>sit</strong></span> <span class='ocrx_word' id='word_1_669' title='bbox 3033 4324 3090 4377; x_wconf 91' lang='lat' dir='ltr'><strong>in</strong></span> <span class='ocrx_word' id='word_1_670' title='bbox 3131 4322 3338 4387; x_wconf 90' lang='lat' dir='ltr'><strong>anima,</strong></span> <span class='ocrx_word' id='word_1_671' title='bbox 3364 4337 3600 4392; x_wconf 89' lang='lat' dir='ltr'><strong>corpore</strong></span> <span class='ocrx_word' id='word_1_672' title='bbox 3621 4329 3679 4377; x_wconf 89' lang='lat' dir='ltr'><strong>et</strong></span> 
     </span>
    </p>
   </div>
   <div class='ocr_carea' id='block_1_89' title="bbox 2094 4415 3682 4487">
    <p class='ocr_par' dir='ltr' id='par_1_89' title="bbox 2094 4415 3682 4487">
     <span class='ocr_line' id='line_1_89' title="bbox 2094 4415 3682 4487; baseline -0.003 -13"><span class='ocrx_word' id='word_1_673' title='bbox 2094 4418 2414 4483; x_wconf 88' lang='lat' dir='ltr'><strong>divinitate;</strong></span> <span class='ocrx_word' id='word_1_674' title='bbox 2435 4415 2855 4487; x_wconf 88' lang='lat' dir='ltr'><strong>quaternarius,</strong></span> <span class='ocrx_word' id='word_1_675' title='bbox 2886 4426 2947 4471; x_wconf 90' lang='lat' dir='ltr'><strong>ut</strong></span> <span class='ocrx_word' id='word_1_676' title='bbox 2972 4415 3065 4486; x_wconf 91' lang='lat' dir='ltr'><strong>qui</strong></span> <span class='ocrx_word' id='word_1_677' title='bbox 3086 4431 3152 4471; x_wconf 90' lang='lat' dir='ltr'><strong>ex</strong></span> <span class='ocrx_word' id='word_1_678' title='bbox 3174 4427 3414 4483; x_wconf 87' lang='lat' dir='ltr'><strong>quatuor</strong></span> <span class='ocrx_word' id='word_1_679' title='bbox 3438 4415 3682 4471; x_wconf 86' lang='lat' dir='ltr'><strong>elemen-</strong></span> 
     </span>
    </p>
   </div>
   <div class='ocr_carea' id='block_1_90' title="bbox 407 4500 3681 4578">
    <p class='ocr_par' dir='ltr' id='par_1_90' title="bbox 407 4500 3681 4578">
     <span class='ocr_line' id='line_1_90' title="bbox 407 4500 3681 4578; baseline 0.002 -23"><span class='ocrx_word' id='word_1_680' title='bbox 407 4513 541 4556; x_wconf 92' lang='lat' dir='ltr'><strong>tuor</strong></span> <span class='ocrx_word' id='word_1_681' title='bbox 571 4512 832 4573; x_wconf 90' lang='lat' dir='ltr'><strong>tanquam</strong></span> <span class='ocrx_word' id='word_1_682' title='bbox 878 4511 1028 4558; x_wconf 91' lang='lat' dir='ltr'><strong>astra</strong></span> <span class='ocrx_word' id='word_1_683' title='bbox 1067 4501 1236 4565; x_wconf 89' lang='lat' dir='ltr'><strong>feras,</strong></span> <span class='ocrx_word' id='word_1_684' title='bbox 1287 4510 1344 4557; x_wconf 91' lang='lat' dir='ltr'><strong>et</strong></span> <span class='ocrx_word' id='word_1_685' title='bbox 1370 4500 1640 4573; x_wconf 74' lang='lat' dir='ltr'><strong>apparens</strong></span> <span class='ocrx_word' id='word_1_686' title='bbox 1675 4502 1731 4557; x_wconf 94' lang='lat' dir='ltr'><strong>in</strong></span> <span class='ocrx_word' id='word_1_687' title='bbox 1781 4506 1990 4561; x_wconf 88' lang='lat' dir='ltr'><strong>mundo</strong></span> <span class='ocrx_word' id='word_1_688' title='bbox 2023 4511 2069 4569; x_wconf 91' lang='lat' dir='ltr'><strong>D</strong></span> <span class='ocrx_word' id='word_1_689' title='bbox 2101 4510 2172 4566; x_wconf 88' lang='lat' dir='ltr'><strong>tis</strong></span> <span class='ocrx_word' id='word_1_690' title='bbox 2218 4511 2501 4565; x_wconf 90' lang='lat' dir='ltr'><strong>hominem</strong></span> <span class='ocrx_word' id='word_1_691' title='bbox 2549 4508 2859 4573; x_wconf 87' lang='lat' dir='ltr'><strong>rcnovarit;</strong></span> <span class='ocrx_word' id='word_1_692' title='bbox 2885 4508 3197 4578; x_wconf 87' lang='lat' dir='ltr'><strong>quinarius,</strong></span> <span class='ocrx_word' id='word_1_693' title='bbox 3238 4508 3334 4577; x_wconf 89' lang='lat' dir='ltr'><strong>qui</strong></span> <span class='ocrx_word' id='word_1_694' title='bbox 3397 4522 3525 4561; x_wconf 92' lang='lat' dir='ltr'><strong>cum</strong></span> <span class='ocrx_word' id='word_1_695' title='bbox 3552 4522 3681 4562; x_wconf 85' lang='lat' dir='ltr'><strong>cor-</strong></span> 
     </span>
    </p>
   </div>
   <div class='ocr_carea' id='block_1_91' title="bbox 410 4595 1996 4669">
    <p class='ocr_par' dir='ltr' id='par_1_91' title="bbox 410 4595 1996 4669">
     <span class='ocr_line' id='line_1_91' title="bbox 410 4595 1996 4669; baseline 0.003 -18"><span class='ocrx_word' id='word_1_696' title='bbox 410 4606 674 4665; x_wconf 88' lang='lat' dir='ltr'><strong>tanquam</strong></span> <span class='ocrx_word' id='word_1_697' title='bbox 725 4596 1038 4662; x_wconf 89' lang='lat' dir='ltr'><strong>luminare;</strong></span> <span class='ocrx_word' id='word_1_698' title='bbox 1081 4595 1164 4651; x_wconf 89' lang='lat' dir='ltr'><strong>sol</strong></span> <span class='ocrx_word' id='word_1_699' title='bbox 1219 4596 1370 4651; x_wconf 88' lang='lat' dir='ltr'><strong>enim</strong></span> <span class='ocrx_word' id='word_1_700' title='bbox 1420 4596 1600 4653; x_wconf 90' lang='lat' dir='ltr'><strong>factus</strong></span> <span class='ocrx_word' id='word_1_701' title='bbox 1649 4606 1735 4652; x_wconf 91' lang='lat' dir='ltr'><strong>est</strong></span> <span class='ocrx_word' id='word_1_702' title='bbox 1794 4608 1996 4669; x_wconf 92' lang='lat' dir='ltr'><strong>quarto</strong></span> 
     </span>
    </p>
   </div>
   <div class='ocr_carea' id='block_1_92' title="bbox 405 4670 2000 4755">
    <p class='ocr_par' dir='ltr' id='par_1_92' title="bbox 405 4670 2000 4755">
     <span class='ocr_line' id='line_1_92' title="bbox 405 4670 2000 4755; baseline 0.003 -13"><span class='ocrx_word' id='word_1_703' title='bbox 405 4689 522 4743; x_wconf 86' lang='lat' dir='ltr'><strong>die.</strong></span> <span class='ocrx_word' id='word_1_704' title='bbox 576 4670 853 4755; x_wconf 86' lang='lat' dir='ltr'><strong>Quintus,</strong></span> <span class='ocrx_word' id='word_1_705' title='bbox 910 4697 997 4742; x_wconf 92' lang='lat' dir='ltr'><strong>est</strong></span> <span class='ocrx_word' id='word_1_706' title='bbox 1052 4696 1232 4743; x_wconf 89' lang='lat' dir='ltr'><strong>status</strong></span> <span class='ocrx_word' id='word_1_707' title='bbox 1287 4687 1486 4743; x_wconf 81' lang='lat' dir='ltr'><strong>mediae</strong></span> <span class='ocrx_word' id='word_1_708' title='bbox 1527 4704 1626 4744; x_wconf 89' lang='lat' dir='ltr'><strong>seu</strong></span> <span class='ocrx_word' id='word_1_709' title='bbox 1689 4692 2000 4746; x_wconf 86' lang='lat' dir='ltr'><strong>consisten-</strong></span> 
     </span>
    </p>
   </div>
   <div class='ocr_carea' id='block_1_93' title="bbox 406 4780 1998 4851">
    <p class='ocr_par' dir='ltr' id='par_1_93' title="bbox 406 4780 1998 4851">
     <span class='ocr_line' id='line_1_93' title="bbox 406 4780 1998 4851; baseline 0.003 -16"><span class='ocrx_word' id='word_1_710' title='bbox 406 4781 484 4835; x_wconf 86' lang='lat' dir='ltr'><strong>tis</strong></span> <span class='ocrx_word' id='word_1_711' title='bbox 526 4782 705 4836; x_wconf 83' lang='lat' dir='ltr'><strong>aetatis</strong></span> <span class='ocrx_word' id='word_1_712' title='bbox 730 4822 745 4846; x_wconf 92' lang='lat'><strong>,</strong></span> <span class='ocrx_word' id='word_1_713' title='bbox 794 4789 854 4834; x_wconf 92' lang='lat' dir='ltr'><strong>ut</strong></span> <span class='ocrx_word' id='word_1_714' title='bbox 917 4780 1104 4835; x_wconf 89' lang='lat' dir='ltr'><strong>frenes</strong></span> <span class='ocrx_word' id='word_1_715' title='bbox 1142 4781 1393 4851; x_wconf 88' lang='lat' dir='ltr'><strong>quinque</strong></span> <span class='ocrx_word' id='word_1_716' title='bbox 1449 4790 1540 4836; x_wconf 90' lang='lat' dir='ltr'><strong>tua</strong></span> <span class='ocrx_word' id='word_1_717' title='bbox 1580 4797 1843 4837; x_wconf 89' lang='lat' dir='ltr'><strong>sensuum</strong></span> <span class='ocrx_word' id='word_1_718' title='bbox 1876 4784 1998 4839; x_wconf 87' lang='lat' dir='ltr'><strong>ani-</strong></span> 
     </span>
    </p>
   </div>
   <div class='ocr_carea' id='block_1_94' title="bbox 406 4873 1993 4944">
    <p class='ocr_par' dir='ltr' id='par_1_94' title="bbox 406 4873 1993 4944">
     <span class='ocr_line' id='line_1_94' title="bbox 406 4873 1993 4944; baseline 0.001 -15"><span class='ocrx_word' id='word_1_719' title='bbox 406 4875 595 4940; x_wconf 83' lang='lat' dir='ltr'><strong>malia,</strong></span> <span class='ocrx_word' id='word_1_720' title='bbox 628 4889 698 4928; x_wconf 90' lang='lat' dir='ltr'><strong>ne</strong></span> <span class='ocrx_word' id='word_1_721' title='bbox 734 4874 803 4928; x_wconf 89' lang='lat' dir='ltr'><strong>ad</strong></span> <span class='ocrx_word' id='word_1_722' title='bbox 828 4882 1120 4944; x_wconf 66' lang='lat' dir='ltr'><strong>peceatum</strong></span> <span class='ocrx_word' id='word_1_723' title='bbox 1170 4873 1462 4940; x_wconf 78' lang='lat' dir='ltr'><strong>exsiliant;</strong></span> <span class='ocrx_word' id='word_1_724' title='bbox 1494 4873 1694 4944; x_wconf 88' lang='lat' dir='ltr'><strong>quinto</strong></span> <span class='ocrx_word' id='word_1_725' title='bbox 1722 4875 1873 4930; x_wconf 89' lang='lat' dir='ltr'><strong>enim</strong></span> <span class='ocrx_word' id='word_1_726' title='bbox 1903 4876 1993 4931; x_wconf 90' lang='lat' dir='ltr'><strong>die</strong></span> 
     </span>
    </p>
   </div>
   <div class='ocr_carea' id='block_1_95' title="bbox 403 4965 1991 5039">
    <p class='ocr_par' dir='ltr' id='par_1_95' title="bbox 403 4965 1991 5039">
     <span class='ocr_line' id='line_1_95' title="bbox 403 4965 1991 5039; baseline 0.002 -19"><span class='ocrx_word' id='word_1_727' title='bbox 403 4967 553 5022; x_wconf 86' lang='lat' dir='ltr'><strong>facta</strong></span> <span class='ocrx_word' id='word_1_728' title='bbox 603 4974 736 5022; x_wconf 88' lang='lat' dir='ltr'><strong>sunt</strong></span> <span class='ocrx_word' id='word_1_729' title='bbox 776 4966 1058 5020; x_wconf 89' lang='lat' dir='ltr'><strong>animalia.</strong></span> <span class='ocrx_word' id='word_1_730' title='bbox 1089 4965 1310 5030; x_wconf 83' lang='lat' dir='ltr'><strong>Sextus,</strong></span> <span class='ocrx_word' id='word_1_731' title='bbox 1370 4972 1460 5021; x_wconf 88' lang='lat' dir='ltr'><strong>est</strong></span> <span class='ocrx_word' id='word_1_732' title='bbox 1513 4967 1861 5039; x_wconf 85' lang='lat' dir='ltr'><strong>honorabilis</strong></span> <span class='ocrx_word' id='word_1_733' title='bbox 1903 4982 1991 5023; x_wconf 89' lang='lat' dir='ltr'><strong>se-</strong></span> 
     </span>
    </p>
   </div>
   <div class='ocr_carea' id='block_1_96' title="bbox 405 5055 1990 5127">
    <p class='ocr_par' dir='ltr' id='par_1_96' title="bbox 405 5055 1990 5127">
     <span class='ocr_line' id='line_1_96' title="bbox 405 5055 1990 5127; baseline 0.001 -16"><span class='ocrx_word' id='word_1_734' title='bbox 405 5063 627 5121; x_wconf 86' lang='lat' dir='ltr'><strong>nectus,</strong></span> <span class='ocrx_word' id='word_1_735' title='bbox 656 5063 719 5115; x_wconf 88' lang='lat' dir='ltr'><strong>ut</strong></span> <span class='ocrx_word' id='word_1_736' title='bbox 744 5064 1005 5127; x_wconf 89' lang='lat' dir='ltr'><strong>tanquam</strong></span> <span class='ocrx_word' id='word_1_737' title='bbox 1027 5071 1192 5111; x_wconf 89' lang='lat' dir='ltr'><strong>verus</strong></span> <span class='ocrx_word' id='word_1_738' title='bbox 1227 5056 1393 5111; x_wconf 89' lang='lat' dir='ltr'><strong>homo</strong></span> <span class='ocrx_word' id='word_1_739' title='bbox 1426 5055 1641 5112; x_wconf 84' lang='lat' dir='ltr'><strong>ratione</strong></span> <span class='ocrx_word' id='word_1_740' title='bbox 1686 5057 1900 5113; x_wconf 85' lang='lat' dir='ltr'><strong>firmam</strong></span> <span class='ocrx_word' id='word_1_741' title='bbox 1924 5074 1990 5113; x_wconf 91' lang='lat' dir='ltr'><strong>ac</strong></span> 
     </span>
    </p>
   </div>
   <div class='ocr_carea' id='block_1_97' title="bbox 406 5132 1991 5217">
    <p class='ocr_par' dir='ltr' id='par_1_97' title="bbox 406 5132 1991 5217">
     <span class='ocr_line' id='line_1_97' title="bbox 406 5132 1991 5217; baseline 0.002 -16"><span class='ocrx_word' id='word_1_742' title='bbox 406 5132 665 5202; x_wconf 82' lang='lat' dir='ltr'><strong>stabilem</strong></span> <span class='ocrx_word' id='word_1_743' title='bbox 692 5145 893 5201; x_wconf 86' lang='lat' dir='ltr'><strong>reddas</strong></span> <span class='ocrx_word' id='word_1_744' title='bbox 943 5145 1239 5217; x_wconf 80' lang='lat' dir='ltr'><strong>imaginem</strong></span> <span class='ocrx_word' id='word_1_745' title='bbox 1284 5162 1411 5217; x_wconf 62' lang='lat' dir='ltr'><strong>quae</strong></span> <span class='ocrx_word' id='word_1_746' title='bbox 1444 5156 1567 5203; x_wconf 91' lang='lat' dir='ltr'><strong>erat</strong></span> <span class='ocrx_word' id='word_1_747' title='bbox 1595 5148 1666 5203; x_wconf 89' lang='lat' dir='ltr'><strong>ab</strong></span> <span class='ocrx_word' id='word_1_748' title='bbox 1697 5147 1882 5214; x_wconf 92' lang='lat' dir='ltr'><strong>initio,</strong></span> <span class='ocrx_word' id='word_1_749' title='bbox 1933 5158 1991 5206; x_wconf 90' lang='lat' dir='ltr'><strong>et</strong></span> 
     </span>
    </p>
   </div>
   <div class='ocr_carea' id='block_1_98' title="bbox 406 5234 1986 5308">
    <p class='ocr_par' dir='ltr' id='par_1_98' title="bbox 406 5234 1986 5308">
     <span class='ocr_line' id='line_1_98' title="bbox 406 5234 1986 5308; baseline 0.003 -18"><span class='ocrx_word' id='word_1_750' title='bbox 406 5236 660 5306; x_wconf 89' lang='lat' dir='ltr'><strong>corporis</strong></span> <span class='ocrx_word' id='word_1_751' title='bbox 700 5237 880 5291; x_wconf 91' lang='lat' dir='ltr'><strong>lutum</strong></span> <span class='ocrx_word' id='word_1_752' title='bbox 920 5234 1166 5307; x_wconf 71' lang='lat' dir='ltr'><strong>effingas,</strong></span> <span class='ocrx_word' id='word_1_753' title='bbox 1210 5245 1267 5291; x_wconf 90' lang='lat' dir='ltr'><strong>et</strong></span> <span class='ocrx_word' id='word_1_754' title='bbox 1298 5253 1599 5308; x_wconf 89' lang='lat' dir='ltr'><strong>componas</strong></span> <span class='ocrx_word' id='word_1_755' title='bbox 1650 5238 1986 5305; x_wconf 88' lang='lat' dir='ltr'><strong>virtutibus;</strong></span> 
     </span>
    </p>
   </div>
   <div class='ocr_carea' id='block_1_99' title="bbox 406 5327 1994 5402">
    <p class='ocr_par' dir='ltr' id='par_1_99' title="bbox 406 5327 1994 5402">
     <span class='ocr_line' id='line_1_99' title="bbox 406 5327 1994 5402; baseline 0.004 -21"><span class='ocrx_word' id='word_1_756' title='bbox 406 5336 569 5402; x_wconf 22' lang='lat' dir='ltr'><strong>sexto.</strong></span> <span class='ocrx_word' id='word_1_757' title='bbox 590 5327 738 5382; x_wconf 85' lang='lat' dir='ltr'><strong>enim</strong></span> <span class='ocrx_word' id='word_1_758' title='bbox 782 5327 960 5383; x_wconf 87' lang='lat' dir='ltr'><strong>factus</strong></span> <span class='ocrx_word' id='word_1_759' title='bbox 981 5336 1068 5384; x_wconf 84' lang='lat' dir='ltr'><strong>est</strong></span> <span class='ocrx_word' id='word_1_760' title='bbox 1090 5328 1280 5382; x_wconf 86' lang='lat' dir='ltr'><strong>homo.</strong></span> <span class='ocrx_word' id='word_1_761' title='bbox 1312 5327 1595 5399; x_wconf 88' lang='lat' dir='ltr'><strong>Septimus</strong></span> <span class='ocrx_word' id='word_1_762' title='bbox 1629 5339 1713 5386; x_wconf 89' lang='lat' dir='ltr'><strong>est</strong></span> <span class='ocrx_word' id='word_1_763' title='bbox 1740 5333 1994 5402; x_wconf 89' lang='lat' dir='ltr'><strong>decrepi-</strong></span> 
     </span>
    </p>
   </div>
   <div class='ocr_carea' id='block_1_100' title="bbox 409 5419 1994 5500">
    <p class='ocr_par' dir='ltr' id='par_1_100' title="bbox 409 5419 1994 5500">
     <span class='ocr_line' id='line_1_100' title="bbox 409 5419 1994 5500; baseline 0.005 -28"><span class='ocrx_word' id='word_1_764' title='bbox 409 5427 479 5473; x_wconf 70' lang='lat' dir='ltr'><strong>tce</strong></span> <span class='ocrx_word' id='word_1_765' title='bbox 510 5419 721 5500; x_wconf 65' lang='lat' dir='ltr'><strong>aetatis,</strong></span> <span class='ocrx_word' id='word_1_766' title='bbox 751 5435 951 5488; x_wconf 90' lang='lat' dir='ltr'><strong>nempe</strong></span> <span class='ocrx_word' id='word_1_767' title='bbox 971 5435 1109 5475; x_wconf 91' lang='lat' dir='ltr'><strong>cana</strong></span> <span class='ocrx_word' id='word_1_768' title='bbox 1146 5422 1509 5489; x_wconf 88' lang='lat' dir='ltr'><strong>conscientia,</strong></span> <span class='ocrx_word' id='word_1_769' title='bbox 1563 5424 1857 5495; x_wconf 81' lang='lat' dir='ltr'><strong>gravisque</strong></span> <span class='ocrx_word' id='word_1_770' title='bbox 1889 5425 1994 5480; x_wconf 89' lang='lat' dir='ltr'><strong>ho-</strong></span> 
     </span>
    </p>
   </div>
   <div class='ocr_carea' id='block_1_101' title="bbox 407 5512 1989 5588">
    <p class='ocr_par' dir='ltr' id='par_1_101' title="bbox 407 5512 1989 5588">
     <span class='ocr_line' id='line_1_101' title="bbox 407 5512 1989 5588; baseline 0.001 -20"><span class='ocrx_word' id='word_1_771' title='bbox 407 5520 567 5569; x_wconf 86' lang='lat' dir='ltr'><strong>nesta</strong></span> <span class='ocrx_word' id='word_1_772' title='bbox 600 5528 664 5568; x_wconf 93' lang='lat' dir='ltr'><strong>ac</strong></span> <span class='ocrx_word' id='word_1_773' title='bbox 686 5512 776 5584; x_wconf 90' lang='lat' dir='ltr'><strong>pia</strong></span> <span class='ocrx_word' id='word_1_774' title='bbox 808 5512 935 5568; x_wconf 58' lang='lat' dir='ltr'><strong>vitae</strong></span> <span class='ocrx_word' id='word_1_775' title='bbox 962 5513 1187 5585; x_wconf 75' lang='lat' dir='ltr'><strong>agenda:</strong></span> <span class='ocrx_word' id='word_1_776' title='bbox 1220 5514 1384 5581; x_wconf 91' lang='lat' dir='ltr'><strong>ratio,</strong></span> <span class='ocrx_word' id='word_1_777' title='bbox 1426 5523 1489 5572; x_wconf 91' lang='lat' dir='ltr'><strong>ut</strong></span> <span class='ocrx_word' id='word_1_778' title='bbox 1513 5523 1674 5572; x_wconf 83' lang='lat' dir='ltr'><strong>terrae</strong></span> <span class='ocrx_word' id='word_1_779' title='bbox 1702 5533 1802 5588; x_wconf 90' lang='lat' dir='ltr'><strong>per</strong></span> <span class='ocrx_word' id='word_1_780' title='bbox 1836 5532 1989 5572; x_wconf 91' lang='lat' dir='ltr'><strong>mor-</strong></span> 
     </span>
    </p>
   </div>
   <div class='ocr_carea' id='block_1_102' title="bbox 408 5604 1993 5677">
    <p class='ocr_par' dir='ltr' id='par_1_102' title="bbox 408 5604 1993 5677">
     <span class='ocr_line' id='line_1_102' title="bbox 408 5604 1993 5677; baseline 0.003 -18"><span class='ocrx_word' id='word_1_781' title='bbox 408 5614 522 5659; x_wconf 88' lang='lat' dir='ltr'><strong>tem</strong></span> <span class='ocrx_word' id='word_1_782' title='bbox 586 5612 924 5676; x_wconf 86' lang='lat' dir='ltr'><strong>provocetur</strong></span> <span class='ocrx_word' id='word_1_783' title='bbox 960 5604 1202 5676; x_wconf 91' lang='lat' dir='ltr'><strong>requies,</strong></span> <span class='ocrx_word' id='word_1_784' title='bbox 1253 5607 1476 5677; x_wconf 90' lang='lat' dir='ltr'><strong>quando</strong></span> <span class='ocrx_word' id='word_1_785' title='bbox 1529 5616 1790 5677; x_wconf 90' lang='lat' dir='ltr'><strong>tanquam</strong></span> <span class='ocrx_word' id='word_1_786' title='bbox 1840 5608 1993 5664; x_wconf 88' lang='lat' dir='ltr'><strong>albe-</strong></span> 
     </span>
    </p>
   </div>
   <div class='ocr_carea' id='block_1_103' title="bbox 408 5696 1989 5769">
    <p class='ocr_par' dir='ltr' id='par_1_103' title="bbox 408 5696 1989 5769">
     <span class='ocr_line' id='line_1_103' title="bbox 408 5696 1989 5769; baseline 0.001 -16"><span class='ocrx_word' id='word_1_787' title='bbox 408 5712 574 5753; x_wconf 87' lang='lat' dir='ltr'><strong>scens</strong></span> <span class='ocrx_word' id='word_1_788' title='bbox 602 5696 753 5766; x_wconf 84' lang='lat' dir='ltr'><strong>spica</strong></span> <span class='ocrx_word' id='word_1_789' title='bbox 777 5705 834 5752; x_wconf 88' lang='lat' dir='ltr'><strong>et</strong></span> <span class='ocrx_word' id='word_1_790' title='bbox 886 5706 1146 5769; x_wconf 90' lang='lat' dir='ltr'><strong>tanquam</strong></span> <span class='ocrx_word' id='word_1_791' title='bbox 1194 5706 1474 5754; x_wconf 89' lang='lat' dir='ltr'><strong>maturum</strong></span> <span class='ocrx_word' id='word_1_792' title='bbox 1518 5699 1858 5755; x_wconf 90' lang='lat' dir='ltr'><strong>frumentum</strong></span> <span class='ocrx_word' id='word_1_793' title='bbox 1900 5715 1989 5755; x_wconf 93' lang='lat' dir='ltr'><strong>re-</strong></span> 
     </span>
    </p>
   </div>
   <div class='ocr_carea' id='block_1_104' title="bbox 488 5805 1624 5884">
    <p class='ocr_par' dir='ltr' id='par_1_104' title="bbox 488 5805 1624 5884">
     <span class='ocr_line' id='line_1_104' title="bbox 488 5805 1624 5884; baseline 0.005 -23"><span class='ocrx_word' id='word_1_794' title='bbox 488 5805 533 5837; x_wconf 82' lang='lat'><strong>“</strong></span> <span class='ocrx_word' id='word_1_795' title='bbox 567 5807 711 5863; x_wconf 83' lang='lat' dir='ltr'><strong>Psal.</strong></span> <span class='ocrx_word' id='word_1_796' title='bbox 743 5823 942 5877; x_wconf 81' lang='lat' dir='ltr'><strong>xxxvn,</strong></span> <span class='ocrx_word' id='word_1_797' title='bbox 985 5811 1035 5865; x_wconf 76' lang='grc' dir='ltr'><strong>ὅ.</strong></span> <span class='ocrx_word' id='word_1_798' title='bbox 1116 5812 1159 5844; x_wconf 83' lang='grc'><strong><em>⁸⁵</em></strong></span> <span class='ocrx_word' id='word_1_799' title='bbox 1190 5812 1391 5884; x_wconf 86' lang='lat' dir='ltr'><strong>Ephes.</strong></span> <span class='ocrx_word' id='word_1_800' title='bbox 1430 5828 1504 5875; x_wconf 77' lang='lat' dir='ltr'><strong>vi,</strong></span> <span class='ocrx_word' id='word_1_801' title='bbox 1540 5814 1624 5867; x_wconf 83' lang='grc'><strong>16.</strong></span> 
     </span>
    </p>
   </div>
   <div class='ocr_carea' id='block_1_105' title="bbox 1207 6022 1217 6049">
    <p class='ocr_par' dir='ltr' id='par_1_105' title="bbox 1207 6022 1217 6049">
     <span class='ocr_line' id='line_1_105' title="bbox 1207 6022 1217 6049; baseline 0 0"><span class='ocrx_word' id='word_1_802' title='bbox 1207 6022 1217 6049; x_wconf 81' lang='grc'><strong>1</strong></span> 
     </span>
    </p>
   </div>
   <div class='ocr_carea' id='block_1_106' title="bbox 1706 5814 2300 5883">
    <p class='ocr_par' dir='ltr' id='par_1_106' title="bbox 1706 5814 2300 5883">
     <span class='ocr_line' id='line_1_106' title="bbox 1706 5814 2300 5883; baseline 0 -13"><span class='ocrx_word' id='word_1_803' title='bbox 1706 5815 1750 5846; x_wconf 81' lang='grc'><strong>⁸⁸</strong></span> <span class='ocrx_word' id='word_1_804' title='bbox 1785 5814 1925 5870; x_wconf 80' lang='lat' dir='ltr'><strong>Psal.</strong></span> <span class='ocrx_word' id='word_1_805' title='bbox 1953 5832 2135 5883; x_wconf 86' lang='lat' dir='ltr'><strong>cxvtn,</strong></span> <span class='ocrx_word' id='word_1_806' title='bbox 2182 5816 2272 5870; x_wconf 89' lang='grc'><strong>101</strong></span> <span class='ocrx_word' id='word_1_807' title='bbox 2287 5858 2300 5871; x_wconf 92' lang='grc'><strong>.</strong></span> 
     </span>
    </p>
   </div>
   <div class='ocr_carea' id='block_1_107' title="bbox 2095 4599 3683 4672">
    <p class='ocr_par' dir='ltr' id='par_1_107' title="bbox 2095 4599 3683 4672">
     <span class='ocr_line' id='line_1_107' title="bbox 2095 4599 3683 4672; baseline -0.002 -16"><span class='ocrx_word' id='word_1_808' title='bbox 2095 4617 2251 4672; x_wconf 89' lang='lat' dir='ltr'><strong>pore,</strong></span> <span class='ocrx_word' id='word_1_809' title='bbox 2273 4600 2421 4671; x_wconf 88' lang='lat' dir='ltr'><strong>quod</strong></span> <span class='ocrx_word' id='word_1_810' title='bbox 2450 4608 2668 4654; x_wconf 88' lang='lat' dir='ltr'><strong>constat</strong></span> <span class='ocrx_word' id='word_1_811' title='bbox 2691 4615 2759 4653; x_wconf 86' lang='lat' dir='ltr'><strong>ex</strong></span> <span class='ocrx_word' id='word_1_812' title='bbox 2782 4608 3023 4670; x_wconf 88' lang='lat' dir='ltr'><strong>quatuor</strong></span> <span class='ocrx_word' id='word_1_813' title='bbox 3056 4599 3370 4661; x_wconf 88' lang='lat' dir='ltr'><strong>elementis,</strong></span> <span class='ocrx_word' id='word_1_814' title='bbox 3400 4600 3683 4653; x_wconf 89' lang='lat' dir='ltr'><strong>renovarit</strong></span> 
     </span>
    </p>
   </div>
   <div class='ocr_carea' id='block_1_108' title="bbox 2094 4690 3682 4764">
    <p class='ocr_par' dir='ltr' id='par_1_108' title="bbox 2094 4690 3682 4764">
     <span class='ocr_line' id='line_1_108' title="bbox 2094 4690 3682 4764; baseline -0.002 -17"><span class='ocrx_word' id='word_1_815' title='bbox 2094 4694 2265 4748; x_wconf 89' lang='lat' dir='ltr'><strong>etiam</strong></span> <span class='ocrx_word' id='word_1_816' title='bbox 2314 4692 2558 4764; x_wconf 86' lang='lat' dir='ltr'><strong>animam</strong></span> <span class='ocrx_word' id='word_1_817' title='bbox 2610 4707 2734 4761; x_wconf 65' lang='lat' dir='ltr'><strong>quae</strong></span> <span class='ocrx_word' id='word_1_818' title='bbox 2790 4700 2873 4746; x_wconf 75' lang='lat' dir='ltr'><strong>est</strong></span> <span class='ocrx_word' id='word_1_819' title='bbox 2923 4691 2990 4745; x_wconf 90' lang='lat' dir='ltr'><strong>ad</strong></span> <span class='ocrx_word' id='word_1_820' title='bbox 3051 4691 3377 4763; x_wconf 78' lang='lat' dir='ltr'><strong>imaginem;</strong></span> <span class='ocrx_word' id='word_1_821' title='bbox 3431 4690 3682 4746; x_wconf 87' lang='lat' dir='ltr'><strong>senarius</strong></span> 
     </span>
    </p>
   </div>
   <div class='ocr_carea' id='block_1_109' title="bbox 2095 4781 3684 4853">
    <p class='ocr_par' dir='ltr' id='par_1_109' title="bbox 2095 4781 3684 4853">
     <span class='ocr_line' id='line_1_109' title="bbox 2095 4781 3684 4853; baseline -0.003 -15"><span class='ocrx_word' id='word_1_822' title='bbox 2095 4793 2302 4849; x_wconf 89' lang='lat' dir='ltr'><strong>autem,</strong></span> <span class='ocrx_word' id='word_1_823' title='bbox 2331 4793 2393 4837; x_wconf 92' lang='lat' dir='ltr'><strong>ut</strong></span> <span class='ocrx_word' id='word_1_824' title='bbox 2420 4783 2516 4853; x_wconf 91' lang='lat' dir='ltr'><strong>qui</strong></span> <span class='ocrx_word' id='word_1_825' title='bbox 2541 4792 2696 4837; x_wconf 85' lang='lat' dir='ltr'><strong>sexto</strong></span> <span class='ocrx_word' id='word_1_826' title='bbox 2725 4782 2838 4846; x_wconf 85' lang='lat' dir='ltr'><strong>die,</strong></span> <span class='ocrx_word' id='word_1_827' title='bbox 2867 4782 3077 4836; x_wconf 88' lang='lat' dir='ltr'><strong>mundo</strong></span> <span class='ocrx_word' id='word_1_828' title='bbox 3119 4781 3470 4853; x_wconf 88' lang='lat' dir='ltr'><strong>apparuerit;</strong></span> <span class='ocrx_word' id='word_1_829' title='bbox 3501 4788 3684 4850; x_wconf 86' lang='lat' dir='ltr'><strong>septe-</strong></span> 
     </span>
    </p>
   </div>
   <div class='ocr_carea' id='block_1_110' title="bbox 2097 4869 3683 4946">
    <p class='ocr_par' dir='ltr' id='par_1_110' title="bbox 2097 4869 3683 4946">
     <span class='ocr_line' id='line_1_110' title="bbox 2097 4869 3683 4946; baseline -0.004 -14"><span class='ocrx_word' id='word_1_830' title='bbox 2097 4877 2305 4942; x_wconf 89' lang='lat' dir='ltr'><strong>narius,</strong></span> <span class='ocrx_word' id='word_1_831' title='bbox 2331 4885 2394 4932; x_wconf 87' lang='lat' dir='ltr'><strong>ut</strong></span> <span class='ocrx_word' id='word_1_832' title='bbox 2441 4874 2536 4946; x_wconf 92' lang='lat' dir='ltr'><strong>qui</strong></span> <span class='ocrx_word' id='word_1_833' title='bbox 2585 4889 2687 4929; x_wconf 91' lang='lat' dir='ltr'><strong>nos</strong></span> <span class='ocrx_word' id='word_1_834' title='bbox 2735 4873 2931 4929; x_wconf 89' lang='lat' dir='ltr'><strong>fecerit</strong></span> <span class='ocrx_word' id='word_1_835' title='bbox 2977 4872 3329 4943; x_wconf 87' lang='lat' dir='ltr'><strong>requiescere</strong></span> <span class='ocrx_word' id='word_1_836' title='bbox 3374 4886 3405 4925; x_wconf 89' lang='lat' dir='ltr'><strong>a</strong></span> <span class='ocrx_word' id='word_1_837' title='bbox 3439 4869 3683 4926; x_wconf 86' lang='lat' dir='ltr'><strong>Sabbato</strong></span> 
     </span>
    </p>
   </div>
   <div class='ocr_carea' id='block_1_111' title="bbox 2095 4962 3676 5039">
    <p class='ocr_par' dir='ltr' id='par_1_111' title="bbox 2095 4962 3676 5039">
     <span class='ocr_line' id='line_1_111' title="bbox 2095 4962 3676 5039; baseline -0.005 -16"><span class='ocrx_word' id='word_1_838' title='bbox 2095 4968 2233 5039; x_wconf 82' lang='lat' dir='ltr'><strong>legis</strong></span> <span class='ocrx_word' id='word_1_839' title='bbox 2252 5011 2266 5035; x_wconf 88' lang='lat'><strong>,</strong></span> <span class='ocrx_word' id='word_1_840' title='bbox 2283 4967 2624 5031; x_wconf 89' lang='lat' dir='ltr'><strong>octonarius,</strong></span> <span class='ocrx_word' id='word_1_841' title='bbox 2645 4976 2873 5036; x_wconf 89' lang='lat' dir='ltr'><strong>propter</strong></span> <span class='ocrx_word' id='word_1_842' title='bbox 2892 4963 3150 5034; x_wconf 86' lang='lat' dir='ltr'><strong>baptismi</strong></span> <span class='ocrx_word' id='word_1_843' title='bbox 3169 4962 3676 5028; x_wconf 88' lang='lat' dir='ltr'><strong>circumcisionem;</strong></span> 
     </span>
    </p>
   </div>
   <div class='ocr_carea' id='block_1_112' title="bbox 2096 5052 3678 5124">
    <p class='ocr_par' dir='ltr' id='par_1_112' title="bbox 2096 5052 3678 5124">
     <span class='ocr_line' id='line_1_112' title="bbox 2096 5052 3678 5124; baseline -0.003 -11"><span class='ocrx_word' id='word_1_844' title='bbox 2096 5057 2438 5113; x_wconf 89' lang='lat' dir='ltr'><strong>novenarius</strong></span> <span class='ocrx_word' id='word_1_845' title='bbox 2504 5066 2733 5121; x_wconf 90' lang='lat' dir='ltr'><strong>autem,</strong></span> <span class='ocrx_word' id='word_1_846' title='bbox 2798 5065 2858 5109; x_wconf 91' lang='lat' dir='ltr'><strong>ut</strong></span> <span class='ocrx_word' id='word_1_847' title='bbox 2915 5054 3011 5124; x_wconf 93' lang='lat' dir='ltr'><strong>qui</strong></span> <span class='ocrx_word' id='word_1_848' title='bbox 3072 5054 3126 5108; x_wconf 90' lang='lat' dir='ltr'><strong>in</strong></span> <span class='ocrx_word' id='word_1_849' title='bbox 3179 5053 3357 5109; x_wconf 87' lang='lat' dir='ltr'><strong>tribus</strong></span> <span class='ocrx_word' id='word_1_850' title='bbox 3403 5052 3678 5108; x_wconf 87' lang='lat' dir='ltr'><strong>similibus</strong></span> 
     </span>
    </p>
   </div>
   <div class='ocr_carea' id='block_1_113' title="bbox 2097 5141 3676 5220">
    <p class='ocr_par' dir='ltr' id='par_1_113' title="bbox 2097 5141 3676 5220">
     <span class='ocr_line' id='line_1_113' title="bbox 2097 5141 3676 5220; baseline -0.004 -19"><span class='ocrx_word' id='word_1_851' title='bbox 2097 5146 2417 5220; x_wconf 72' lang='lat' dir='ltr'><strong>prredicarit</strong></span> <span class='ocrx_word' id='word_1_852' title='bbox 2444 5145 2768 5219; x_wconf 87' lang='lat' dir='ltr'><strong>mysterium</strong></span> <span class='ocrx_word' id='word_1_853' title='bbox 2824 5143 3143 5199; x_wconf 85' lang='lat' dir='ltr'><strong>Trinitatis:</strong></span> <span class='ocrx_word' id='word_1_854' title='bbox 3190 5158 3391 5214; x_wconf 89' lang='lat' dir='ltr'><strong>nempe</strong></span> <span class='ocrx_word' id='word_1_855' title='bbox 3439 5141 3676 5198; x_wconf 85' lang='lat' dir='ltr'><strong>naturali</strong></span> 
     </span>
    </p>
   </div>
   <div class='ocr_carea' id='block_1_114' title="bbox 2095 5239 3677 5310">
    <p class='ocr_par' dir='ltr' id='par_1_114' title="bbox 2095 5239 3677 5310">
     <span class='ocr_line' id='line_1_114' title="bbox 2095 5239 3677 5310; baseline -0.003 -16"><span class='ocrx_word' id='word_1_856' title='bbox 2095 5240 2325 5308; x_wconf 88' lang='lat' dir='ltr'><strong>scripto,</strong></span> <span class='ocrx_word' id='word_1_857' title='bbox 2355 5247 2412 5293; x_wconf 93' lang='lat' dir='ltr'><strong>et</strong></span> <span class='ocrx_word' id='word_1_858' title='bbox 2434 5239 2704 5310; x_wconf 82' lang='lat' dir='ltr'><strong>mystico:</strong></span> <span class='ocrx_word' id='word_1_859' title='bbox 2740 5247 2824 5292; x_wconf 90' lang='lat' dir='ltr'><strong>ter</strong></span> <span class='ocrx_word' id='word_1_860' title='bbox 2884 5245 3068 5291; x_wconf 90' lang='lat' dir='ltr'><strong>autem</strong></span> <span class='ocrx_word' id='word_1_861' title='bbox 3122 5245 3258 5302; x_wconf 91' lang='lat' dir='ltr'><strong>tres,</strong></span> <span class='ocrx_word' id='word_1_862' title='bbox 3282 5244 3412 5291; x_wconf 87' lang='lat' dir='ltr'><strong>sunt</strong></span> <span class='ocrx_word' id='word_1_863' title='bbox 3449 5250 3677 5301; x_wconf 89' lang='lat' dir='ltr'><strong>novem;</strong></span> 
     </span>
    </p>
   </div>
   <div class='ocr_carea' id='block_1_115' title="bbox 2100 5327 3680 5400">
    <p class='ocr_par' dir='ltr' id='par_1_115' title="bbox 2100 5327 3680 5400">
     <span class='ocr_line' id='line_1_115' title="bbox 2100 5327 3680 5400; baseline -0.003 -15"><span class='ocrx_word' id='word_1_864' title='bbox 2100 5330 2374 5387; x_wconf 90' lang='lat' dir='ltr'><strong>denarius</strong></span> <span class='ocrx_word' id='word_1_865' title='bbox 2412 5340 2623 5396; x_wconf 92' lang='lat' dir='ltr'><strong>autem,</strong></span> <span class='ocrx_word' id='word_1_866' title='bbox 2676 5339 2738 5385; x_wconf 93' lang='lat' dir='ltr'><strong>ut</strong></span> <span class='ocrx_word' id='word_1_867' title='bbox 2792 5328 3076 5400; x_wconf 88' lang='lat' dir='ltr'><strong>perfectus</strong></span> <span class='ocrx_word' id='word_1_868' title='bbox 3109 5338 3165 5385; x_wconf 90' lang='lat' dir='ltr'><strong>et</strong></span> <span class='ocrx_word' id='word_1_869' title='bbox 3213 5329 3501 5400; x_wconf 84' lang='lat' dir='ltr'><strong>plenitudo</strong></span> <span class='ocrx_word' id='word_1_870' title='bbox 3541 5327 3680 5399; x_wconf 85' lang='lat' dir='ltr'><strong>legis</strong></span> 
     </span>
    </p>
   </div>
   <div class='ocr_carea' id='block_1_116' title="bbox 2098 5417 3678 5493">
    <p class='ocr_par' dir='ltr' id='par_1_116' title="bbox 2098 5417 3678 5493">
     <span class='ocr_line' id='line_1_116' title="bbox 2098 5417 3678 5493; baseline -0.004 -15"><span class='ocrx_word' id='word_1_871' title='bbox 2098 5420 2510 5493; x_wconf 90' lang='lat' dir='ltr'><strong>Decalogi,qui</strong></span> <span class='ocrx_word' id='word_1_872' title='bbox 2562 5428 2648 5477; x_wconf 90' lang='lat' dir='ltr'><strong>est</strong></span> <span class='ocrx_word' id='word_1_873' title='bbox 2700 5430 2827 5475; x_wconf 92' lang='lat' dir='ltr'><strong>ante</strong></span> <span class='ocrx_word' id='word_1_874' title='bbox 2877 5422 3077 5477; x_wconf 55' lang='lat' dir='ltr'><strong>sacula</strong></span> <span class='ocrx_word' id='word_1_875' title='bbox 3115 5421 3355 5477; x_wconf 84' lang='lat' dir='ltr'><strong>Verbum</strong></span> <span class='ocrx_word' id='word_1_876' title='bbox 3407 5426 3464 5475; x_wconf 91' lang='lat' dir='ltr'><strong>et</strong></span> <span class='ocrx_word' id='word_1_877' title='bbox 3508 5417 3678 5474; x_wconf 81' lang='lat' dir='ltr'><strong>Filius</strong></span> 
     </span>
    </p>
   </div>
   <div class='ocr_carea' id='block_1_117' title="bbox 2101 5511 3673 5585">
    <p class='ocr_par' dir='ltr' id='par_1_117' title="bbox 2101 5511 3673 5585">
     <span class='ocr_line' id='line_1_117' title="bbox 2101 5511 3673 5585; baseline -0.004 -15"><span class='ocrx_word' id='word_1_878' title='bbox 2101 5515 2217 5570; x_wconf 88' lang='lat' dir='ltr'><strong>Dei.</strong></span> <span class='ocrx_word' id='word_1_879' title='bbox 2250 5513 2357 5584; x_wconf 86' lang='lat' dir='ltr'><strong>ipsi</strong></span> <span class='ocrx_word' id='word_1_880' title='bbox 2392 5513 2566 5585; x_wconf 90' lang='lat' dir='ltr'><strong>gloria</strong></span> <span class='ocrx_word' id='word_1_881' title='bbox 2619 5520 2675 5568; x_wconf 91' lang='lat' dir='ltr'><strong>et</strong></span> <span class='ocrx_word' id='word_1_882' title='bbox 2705 5512 2952 5583; x_wconf 89' lang='lat' dir='ltr'><strong>potentia</strong></span> <span class='ocrx_word' id='word_1_883' title='bbox 2974 5512 3029 5568; x_wconf 91' lang='lat' dir='ltr'><strong>in</strong></span> <span class='ocrx_word' id='word_1_884' title='bbox 3069 5513 3271 5569; x_wconf 55' lang='lat' dir='ltr'><strong>saecula</strong></span> <span class='ocrx_word' id='word_1_885' title='bbox 3321 5511 3673 5568; x_wconf 56' lang='lat' dir='ltr'><strong>saeculorum.</strong></span> 
     </span>
    </p>
   </div>
   <div class='ocr_carea' id='block_1_118' title="bbox 2095 5605 2289 5661">
    <p class='ocr_par' dir='ltr' id='par_1_118' title="bbox 2095 5605 2289 5661">
     <span class='ocr_line' id='line_1_118' title="bbox 2095 5605 2289 5661; baseline -0.005 0"><span class='ocrx_word' id='word_1_886' title='bbox 2095 5605 2289 5661; x_wconf 82' lang='lat' dir='ltr'><strong>Amen.</strong></span> 
     </span>
    </p>
   </div>
   <div class='ocr_carea' id='block_1_119' title="bbox 2380 5814 3282 5883">
    <p class='ocr_par' dir='ltr' id='par_1_119' title="bbox 2380 5814 3282 5883">
     <span class='ocr_line' id='line_1_119' title="bbox 2380 5814 3282 5883; baseline -0.002 -12"><span class='ocrx_word' id='word_1_887' title='bbox 2380 5816 2421 5848; x_wconf 87' lang='grc'>⁶⁷</span> <span class='ocrx_word' id='word_1_888' title='bbox 2444 5814 2627 5871; x_wconf 82' lang='lat' dir='ltr'><strong>Galat.</strong></span> <span class='ocrx_word' id='word_1_889' title='bbox 2668 5832 2740 5881; x_wconf 86' lang='lat' dir='ltr'><strong>vt,</strong></span> <span class='ocrx_word' id='word_1_890' title='bbox 2771 5817 2821 5869; x_wconf 82' lang='lat'><strong>8.</strong></span> <span class='ocrx_word' id='word_1_891' title='bbox 2902 5816 2948 5847; x_wconf 81' lang='grc'><strong><em>⁶⁸</em></strong></span> <span class='ocrx_word' id='word_1_892' title='bbox 2974 5817 3076 5871; x_wconf 87' lang='lat' dir='ltr'><strong>lsa.</strong></span> <span class='ocrx_word' id='word_1_893' title='bbox 3106 5834 3157 5883; x_wconf 87' lang='lat' dir='ltr'><strong>v,</strong></span> <span class='ocrx_word' id='word_1_894' title='bbox 3191 5817 3282 5870; x_wconf 73' lang='grc'><strong>2⁵1.</strong></span> 
     </span>
    </p>
   </div>
  </div>
