4098 6416
490 355 590 424 951

727 488 1008 532 ιίιυευεικ
1067 491 1235 538 LIBRI
1272 497 1354 540 νιι
1403 499 1858 542 CONTINUATIU.

563 633 638 687 De
669 635 769 690 Dei
813 641 1024 694 nomine
1088 642 1376 714 duplicato,
1411 660 1460 703 et
1493 667 1666 703 rerum
1728 649 2008 704 Creatione

1180 715 1378 786 duplici
1385 772 1396 783 ,

561 837 658 892 Hic
678 839 808 894 liber
823 847 1182 912 generationis
1213 849 1329 903 caeli
1376 859 1426 903 et
1457 859 1632 916 terrae,
1663 851 1876 922 quando
1905 852 2072 921 {actus

491 939 568 984 est
599 932 711 986 dies
744 935 799 987 in
832 950 936 1005 quo
971 934 1092 1006 fecit
1123 938 1264 994 Deus
1285 955 1292 959 '
1315 941 1502 996 caelum
1550 952 1601 996 et
1642 950 1864 997 terram.
1895 945 2074 997 Aures

490 1029 703 1078 attente
727 1025 942 1094 aperiat
961 1027 1230 1095 Ecclesia,
1254 1047 1351 1086 cor
1375 1033 1590 1100 dilatet,
1615 1042 1671 1088 et
1699 1033 1902 1088 mentis
1943 1048 2072 1086 ocu-

489 1115 573 1168 los
621 1115 919 1172 evidenter
961 1119 1232 1186 intendat,
1281 1133 1340 1180 et
1394 1125 1578 1194 pulset
1610 1126 1816 1193 ostium
1851 1125 1895 1156 ‘°
1925 1125 2072 1194 apud

488 1219 585 1258 eos
607 1207 702 1276 qui
725 1217 916 1264 tenent
949 1212 1132 1267 claves
1166 1215 1532 1285 cognitionis,
1571 1217 1804 1272 dicens:
1858 1217 2074 1288 Aperite

489 1297 616 1351 mihi
688 1308 869 1370 portas
921 1303 1148 1372 justitiw
1181 1307 1574 1365 "divinorum
1623 1317 1680 1364 et
1740 1325 2070 1365 arcanorum

485 1391 898 1460 mysteriorum,
948 1403 1010 1449 ut
1033 1413 1128 1452 eas
1158 1397 1440 1470 ingressus
1483 1401 1578 1455 Dei
1628 1401 1864 1471 populus
1897 1401 2074 1471 possit

483 1483 670 1552 aliquo
723 1484 886 1542 modo
936 1487 1245 1561 intelligere
1294 1493 1656 1562 quamobrem
1704 1501 1832 1548 ante
1876 1511 1906 1548 a
1958 1494 2070 1548 Deo

487 1578 686 1632 factam
727 1587 949 1635 eterra
1005 1582 1248 1640 hominis
1303 1587 1779 1640 constructionem
1832 1587 2068 1656 simplici

486 1667 726 1736 quodam
777 1670 1002 1727 nomine
1068 1673 1260 1729 divina
1317 1675 1603 1748 Scriptura
1660 1685 1820 1733 vocat
1867 1687 1924 1732 et
1975 1695 2070 1749 ap-

484 1758 656 1826 pellat
703 1760 982 1830 opiﬁcem,
1032 1779 1231 1835 nempe
1289 1767 1504 1832 Deum,
1561 1769 1612 1824 ei
1665 1770 1877 1824 nomini
1941 1771 2069 1825 nul-

1700 369 1760 428 S.
1797 364 2199 427 ANASTASII
2238 365 2572 426 ΞΙΝΑΙΤᾸΞ

2109 481 2154 536 Α
2255 478 2555 548 Propterea
2581 492 2715 548 ergo
2749 477 2886 533 ducs
2918 476 3240 535 fecitcoalos
3259 478 3335 534 7’:
3369 480 3626 536 alterum
3656 475 3776 552 quia

3677 367 3784 435 952

2181 568 2308 624 dem
2339 569 2596 638 superius
2626 570 2774 640 quod
2797 571 2961 626 habet
2987 571 3286 626 essentiam
3312 573 3464 642 apud
3514 571 3784 628 homines

2179 677 2290 716 non
2321 663 2712 732 aspectabilem
2741 664 3013 734 planeque
3054 664 3494 723 inenarrabilem
3528 671 3590 720 et
3621 665 3778 718 inex-

2179 753 2516 822 plicabilem,
2543 756 2597 810 in
2632 763 2821 828 typum
2846 767 2903 812 et
2930 757 3226 829 imaginem
3257 755 3696 828 inaspectabilis
3726 768 3782 813 et

2179 844 2586 914 inexplicabilis
2635 849 2892 903 essentia:
2927 849 3048 918 ejus
3079 848 3427 915 divinitatis;
3456 841 3780 903 secundum

2177 948 2362 993 autem
2417 941 2619 994 malum
2677 957 2708 995 e
2759 949 2908 995 terra
2959 940 3206 1005 sustulit,
3238 949 3295 994 et
3343 939 3542 1010 ipsum
3593 939 3781 1009 posuit

2175 1030 2604 1100 aspcctabile,et
2627 1031 2805 1101 ipsum
2840 1032 3136 1102 appellavit
3157 1031 3605 1095 ﬁrmamentum,
3625 1031 3683 1084 in
3714 1029 3779 1084 il-

2176 1138 2368 1192 guram
2397 1139 2460 1177 ac
2486 1132 2674 1194 typum
2694 1123 2880 1178 carnis
2897 1125 3017 1194 ejus
3035 1123 3618 1192 immaculatte,quam
3651 1121 3776 1192 qni-

2174 1215 2300 1269 dem
2324 1231 2354 1269 a
2389 1225 2535 1269 terra
2581 1226 2863 1285 acceptam
2895 1232 3114 1271 sursum
3141 1216 3384 1270 sustulit.
3433 1217 3540 1270 Est
3590 1224 3776 1270 autem

2174 1305 2371 1360 horum
2393 1321 2614 1375 quoque
2647 1305 2884 1359 duorum
2915 1306 3186 1361 caelorum
3233 1303 3584 1360 intermedia
3624 1321 3768 1374 aqua

2174 1399 2316 1458 viva,
2343 1399 2410 1453 ad
2438 1399 2728 1468 imaginem
2746 1407 2802 1454 et
2833 1409 3022 1470 typum
3057 1405 3260 1452 sanctae
3277 1396 3531 1452 vivi‘ﬁcze
3558 1397 3772 1452 Christi

2173 1489 2392 1550 anintae,
2426 1505 2547 1559 quae
2591 1498 2675 1543 est
2706 1489 2910 1554 media,
2967 1497 3028 1543 ut
3075 1505 3270 1543 rursus
3294 1489 3434 1543 dicit
3476 1489 3773 1559 theologus

2174 1580 2499 1652 Gregorius,
2531 1582 3045 1636 interdivinilatem
3084 1589 3142 1636 et
3176 1581 3364 1635 carnis
3423 1579 3770 1634 crassitudi-

2173 1689 2321 1728 nem.
2353 1673 2724 1740 Quamobrem
2759 1674 3041 1744 superiori
3091 1673 3315 1744 quidem
3342 1671 3497 1726 emlo
3541 1671 3782 1726 inferior

2175 1774 2258 1820 est
2281 1766 2398 1821 haec
2428 1783 2569 1836 aqua
2596 1783 2610 1830 ;
2641 1766 2748 1822 hoc
2765 1775 2870 1832 est,
2901 1765 3176 1820 minorem
3209 1763 3308 1818 Dei
3353 1762 3537 1818 Verbi
3578 1778 3770 1818 essen-

485 1852 592 1905 lnm
651 1853 860 1910 addens
923 1834 1382 1926 compositionem
1433 1870 1528 1916 aut
1583 1863 1958 1930 additioncm,
2011 1872 2072 1918 ut
2103 1834 2146 1888 Β
2181 1860 2308 1914 tiam
2356 1834 2830 1930 fert—intelligens
2892 1857 3076 1913 anima
3117 1866 3176 1911 et
3221 1857 3445 1910 ratione
3499 1855 3770 1925 praedita:

481 1943 706 2012 quando
737 1944 910 2001 dicit:
941 1945 1007 2001 In
1043 1950 1304 2019 principio
1329 1953 1449 2022 fecit
1493 1953 1634 2007 Deus
1665 1953 1854 2008 malum
1881 1964 1931 2008 et
1959 1964 2069 2009 ter-

483 2053 624 2091 ram.
663 2037 939 2095 Etrursus
967 2040 1266 2112 deinceps:
1303 2042 1373 2098 Et
1407 2045 1542 2100 dixit
1573 2046 1730 2102 Deus.
1767 2049 1870 2102 Et:
1903 2046 2070 2120 Sepa-

482 2131 623 2184 ravit
663 2130 802 2185 Deus
841 2133 1210 2206 intermedium
1243 2135 1407 2204 lucis;
1441 2138 1586 2194 facto
1629 2151 1813 2196 autem
1843 2142 2069 2198 homine

482 2223 690 2296 duplici
723 2227 971 2298 (quiest,
1027 2230 1273 2302 inquam,
1305 2226 1657 2304 compositus
1693 2253 1762 2292 ex
1799 2245 1949 2292 terra
2011 2248 2068 2294 et

480 2315 670 2372 divina
700 2319 1117 2394 insumatione),
1155 2325 1343 2379 statim
1391 2325 1672 2398 Scriptura
1699 2331 2066 2398 compositura

479 2423 706 2478 quoque
739 2416 796 2464 et
825 2409 1031 2482 duplex
1064 2413 1196 2470 fecit
1223 2431 1425 2470 nomen
1459 2417 1694 2488 opiﬁcis,
1717 2435 1844 2474 eum
1875 2420 2068 2491 appel-

483 2497 602 2552 lans
633 2499 928 2556 Dominum
958 2511 1015 2558 et
1042 2503 1237 2571 Deum,
1268 2505 1434 2576 idque
1461 2522 1572 2563 non
1600 2509 1789 2574 semel,
1829 2525 1930 2564 nec
1958 2510 2064 2576 bis,

480 2605 585 2644 nec
617 2578 846 2660 septies.
879 2594 977 2648 sed
1012 2595 1070 2648 in
1113 2598 1512 2666 septemdecim
1560 2601 1840 2670 capitibus
1869 2601 2067 2658 ordine

479 2693 538 2737 et
572 2683 836 2754 deinceps
883 2685 1064 2754 ipsum
1105 2688 1420 2742 nominavit
1449 2689 1622 2744 Deum
1659 2701 1718 2746 et
1745 2692 2064 2757 Dominum,

482 2783 744 2842 utinquam
790 2773 1210 2830 continuatione
1261 2775 1654 2846 duplicationis
1687 2787 1744 2834 et
1775 2781 2066 2850 compositi

478 2863 723 2919 nominis
779 2863 990 2935 Spiritu
1022 2877 1210 2922 sancto
1242 2883 1342 2922 nos
1367 2868 1574 2924 docens
1615 2879 1672 2925 et
1705 2870 1926 2927 dicens:
1955 2871 2066 2928 Co-

479 2953 728 3023 gnoscite
753 2953 898 3024 quod
936 2955 1031 3024 qui
1063 2955 1195 3010 olim
1227 2965 1355 3010 ante
1376 2957 1576 3012 saecula
1607 2958 1838 3030 simplex
1858 2969 1978 3015 erat
2009 2971 2067 3016 et

482 3045 906 3114 incompositus,
925 3047 1030 3101 sibi
1062 3057 1386 3103 constructo
1409 3049 1654 3106 humano
1683 3051 2060 3120 tabernaculo,

479 3131 532 3188 ei
561 3132 788 3189 unietur
823 3135 875 3189 in
931 3135 1212 3208 hypostasi
1268 3137 1324 3192 in
1355 3141 1764 3208 posterioribus
1795 3145 2060 3214 tempori-

481 3225 605 3292 bus,
641 3235 698 3282 et
743 3226 836 3282 {iet
889 3231 1228 3300 compositus
1269 3233 1365 3304 qui
1421 3242 1691 3290 eratante
1737 3237 1972 3308 simplex
2001 3246 2058 3294 et

479 3317 902 3388 incompositus,
936 3324 1298 3394 compositam
1357 3335 1584 3398 portans
1628 3310 2056 3399 appellationem

475 3425 576 3480 per
635 3411 1114 3480 incarnationem.
1173 3425 1233 3472 ut
1282 3419 1377 3488 qui
1433 3421 1746 3490 appelletur
1797 3420 2058 3480 Christus

474 3502 650 3566 Deus,
683 3503 790 3558 hoc
829 3514 914 3560 est
964 3506 1111 3562 Deus
1143 3517 1200 3562 et
1234 3508 1419 3565 homo.
1449 3511 1623 3578 Quem
1654 3514 1887 3583 pulchre
1928 3532 2056 3572 cum

413 3581 420 3589 ’
472 3596 751 3664 palpasset
784 3606 841 3652 et
878 3596 1110 3669 dixisset
1133 3599 1396 3667 Thomas,
1424 3613 1481 3658 et
1511 3604 1567 3658 in
1590 3581 2058 3677 eo'perspexisset

471 3685 706 3741 duarum
732 3695 1058 3744 naturarum
1089 3693 1558 3764 conjugationem,
1610 3699 1940 3754 exclamavit
1972 3701 2058 3756 di-

472 3792 639 3834 cens:
691 3778 951 3836 Dominus
980 3781 1121 3838 Deus
1151 3794 1202 3838 et
1255 3785 1392 3842 Deus
1424 3805 1568 3843 meus
1597 3790 1661 3845 ⁷³.
1692 3792 1849 3858 Quod
1883 3793 1929 3849 si
1962 3795 2058 3850 ad-

472 3885 667 3926 versus
716 3887 783 3930 ea‘
836 3889 962 3944 qua:
1016 3874 1166 3931 dicta
1230 3887 1362 3934 sunt
1417 3881 1754 3938 contradicit
1799 3884 2054 3952 Iudaeus,

470 3961 702 4018 admitto
728 3963 1265 4035 contradictionem;
1299 3971 1398 4026 sed
1438 3971 1507 4027 ad
1551 3989 1696 4040 eam,
1719 3979 2056 4034 contrariam

471 4068 666 4110 moveo
711 4055 1151 4114 dubitationem:
1186 4076 1385 4132 nempe
1434 4071 1496 4117 ut
1547 4064 1664 4135 ipse
1724 4067 1861 4123 mihi
1909 4069 2059 4126 dicat

468 4162 632 4216 quam
650 4147 722 4202 ob
751 4163 976 4204 causam
991 4149 1218 4220 Opiﬂcis
1251 4168 1352 4208 seu
1386 4152 1675 4212 Creatoris
1707 4175 1911 4236 nomen
1943 4179 2057 4218 non

471 4239 775 4310 duplicavit
795 4241 988 4296 divina
1015 4243 1306 4314 Scriptura
1335 4245 1513 4302 donec
1532 4258 1756 4306 creatus
1805 4252 1911 4308 fuit
1952 4255 2056 4309 ho-

471 4347 562 4386 mo
595 4331 797 4400 duplex
827 4349 858 4388 a
880 4333 992 4388 Deo
1023 4335 1257 4392 eﬂ'ectus
1277 4377 1293 4402 ,
1345 4353 1546 4410 nempe
1586 4350 1644 4396 et
1669 4346 1974 4404 materialis
2001 4355 2059 4404 et

469 4437 667 4493 expers
699 4425 942 4480 materiae
965 4467 978 4488 ,
1010 4417 1264 4484 mortalis
1289 4438 1348 4486 et
1396 4431 1746 4502 immortalis,
1777 4443 2058 4496 terrestris

2173 1969 2358 2007 crasso
2381 1963 2565 2007 autem
2587 1961 2643 2008 et
2666 1951 2814 2026 quod
2859 1958 3141 2021 spectatur
3176 1948 3539 2003 ﬁrmamento
3567 1957 3656 2003 est
3679 1964 3771 2003 su-

2173 2041 2360 2111 perior
2407 2049 2462 2094 et
2489 2041 2860 2110 praestantior,
2913 2041 3058 2094 sicut
3089 2039 3254 2094 etiam
3291 2038 3436 2094 alias
3471 2037 3594 2092 haec
3623 2037 3770 2092 dixi:

2172 2131 2460 2185 sciendum
2495 2138 2581 2186 est
2622 2131 2774 2186 enim
2803 2131 2953 2201 quod
3001 2130 3202 2185 coelum
3237 2129 3392 2200 quod
3426 2129 3684 2193 videtur,
3717 2135 3772 2182 et

2171 2224 2374 2278 coelum
2391 2223 2542 2295 quod
2581 2233 2666 2280 est
2703 2240 2872 2294 supra
2915 2239 3116 2294 aquam
3161 2218 3311 2294 quod
3343 2237 3468 2277 non
3519 2221 3769 2287 videtur,

2170 2315 2379 2371 habent
2441 2316 2866 2388 inseparabilem
2927 2325 2984 2370 et
3032 2315 3376 2369 individuam
3438 2313 3766 2380 essentiam,

2167 2409 2450 2478 quomodo
2473 2425 2579 2464 una
2603 2408 2809 2464 Christi
2837 2423 2960 2478 quae
2981 2416 3066 2462 est
3089 2399 3403 2477 composita
3427 2404 3765 2477 hypostasis,

2169 2509 2229 2555 ut
2252 2517 2373 2570 quae
2406 2501 2480 2556 sit
2509 2517 2578 2556 ex
2626 2501 2848 2556 duobus
2896 2515 3021 2570 qua:
3049 2500 3254 2554 cadunt
3283 2499 3396 2554 sub
3435 2507 3762 2570 aspectum;

2167 2603 2222 2647 et
2244 2610 2312 2648 ex
2345 2609 2456 2649 uno
2481 2592 2629 2664 quod
2661 2593 2812 2649 cadit
2841 2591 3063 2664 (nempe
3091 2591 3354 2662 corpore)
3395 2607 3412 2657 ;
3460 2590 3768 2660 inaspectav

2167 2685 2296 2740 bilis
2328 2687 2476 2740 enim
2520 2693 2606 2740 est
2661 2685 2810 2739 Deus
2863 2683 3132 2748 Verbum,
3182 2690 3239 2739 et
3268 2682 3508 2742 anima:
3567 2695 3764 2750 corpus

2165 2786 2352 2833 autem
2405 2787 2492 2832 est
2556 2775 2914 2847 aspcctabile.
2979 2783 3040 2829 ut
3093 2791 3288 2830 verum
3341 2774 3509 2830 dicat
3565 2773 3762 2831 Paulus

2166 2870 2393 2926 dicens:
2421 2869 2612 2926 Omnia
2639 2869 2694 2922 in
2720 2867 2928 2923 Christo
2952 2876 3074 2922 sunt
3107 2869 3348 2932 condita,
3383 2877 3440 2922 et
3496 2883 3622 2939 qua:
3646 2871 3762 2920 sunt

2163 2979 2324 3034 super
2349 2972 2551 3016 terram
2581 2973 2630 3016 et
2657 2978 2774 3034 qua:
2805 2964 2860 3016 in
2891 2961 3057 3026 caelis,
3103 2969 3154 3014 et
3205 2960 3444 3014 uisibilia
3473 2968 3524 3013 et
3583 2957 3760 3013 invisi-

2165 3055 2292 3109 bilia
2322 3054 2390 3108 ⁷⁸.
2423 3054 2542 3120 Quo
2570 3052 2630 3106 ﬁt
2660 3062 2724 3108 ut
2755 3061 3054 3124 propterea
3083 3051 3196 3106 sint
3224 3065 3461 3120 quoque
3509 3049 3634 3104 ditas
3659 3057 3761 3102 ter-

2163 3163 2258 3212 rae,
2289 3163 2354 3202 ea
2388 3162 2511 3217 quas
2531 3145 2678 3200 cadit
2711 3145 2814 3200 sub
2847 3153 3130 3215 aspectum
3156 3153 3214 3199 et
3235 3159 3298 3198 ea
3312 3159 3452 3214 quae
3468 3158 3580 3197 non
3600 3139 3758 3202 cadit,

2161 3255 2282 3311 quae
2301 3249 2384 3294 est
2409 3238 2552 3309 apud
2575 3254 2679 3293 nos
2698 3237 2979 3294 scilicetet
2997 3253 3119 3306 qua:
3135 3245 3220 3291 est
3247 3235 3379 3290 inha
3395 3233 3648 3290 bitabilis
3669 3239 3758 3286 aut

2159 3333 2484 3403 paradisus;
2515 3339 2572 3386 et
2591 3333 2702 3384 duo
2733 3329 3014 3393 animalia,
3035 3328 3262 3399 angelus
3283 3337 3342 3384 ct
3379 3329 3586 3398 homo,
3607 3340 3756 3396 aspe-

2159 3425 2395 3491 ctabile;
2431 3425 2557 3479 dua:
2605 3440 2782 3494 aquae,
2834 3421 3145 3477 manifesta'
3165 3433 3223 3476 et
3251 3437 3364 3476 non
3413 3419 3746 3483 manifesta;

2158 3515 2270 3570 duo
2294 3517 2544 3587 spiritus,
2577 3530 2780 3584 nempe
2805 3513 3114 3584 spiritualis
3147 3521 3204 3568 et
3247 3512 3503 3574 divinus.
3529 3522 3587 3567 et
3621 3524 3750 3564 ven-

2160 3616 2284 3674 tus;
2332 3608 2538 3678 duplex
2559 3609 2722 3680 ignis,
2762 3623 2962 3678 nempe
2995 3605 3300 3661 materialis
3338 3617 3398 3661 et
3431 3621 3542 3660 non
3584 3610 3748 3657 mate-

2160 3701 2573 3771 rialis;duplex
2601 3701 2716 3764 lux,
2771 3713 2836 3754 ea
2865 3715 2990 3770 qua:
3046 3697 3196 3753 cadit
3237 3696 3342 3753 sub
3389 3705 3671 3767 aspectum
3696 3697 3748 3748 et

2158 3813 2222 3852 ea
2251 3811 2376 3866 quae
2413 3811 2544 3850 nom
2587 3793 2770 3861 cadit;
2822 3793 2936 3848 duo
2993 3807 3195 3863 genera
3253 3790 3663 3846 animationum
3694 3793 3747 3840 et

2159 3887 2451 3942 mobilium
2497 3893 2868 3957 potestatum;
2927 3885 3162 3953 mortale
3196 3883 3446 3955 (dicatur
3495 3880 3640 3937 enim
3693 3881 3746 3932 et

2157 3981 2253 4052 qui
2285 3979 2439 4035 estin
2468 3979 2702 4034 rationis
2728 3977 3052 4048 expertibus
3083 3975 3466 4030 animantibus
3503 3969 3740 4043 spiritus,

2159 4073 2341 4128 anima
2400 4089 2501 4144 per
2525 4069 2785 4140 abusum)
2822 4078 2880 4125 et
2912 4069 3066 4140 quod
3099 4079 3186 4124 est
3217 4069 3274 4122 in
3324 4067 3496 4123 nobis
3519 4065 3740 4120 immor-

2161 4164 2288 4219 tale.
2337 4162 2590 4233 Duplicia
2649 4160 2976 4224 animantia,
3042 4159 3338 4214 terrestria
3390 4166 3450 4214 et
3505 4153 3740 4216 marina;

2159 4236 2364 4325 duplex
2383 4262 2470 4309 est
2515 4253 2628 4306 vita
2687 4249 3015 4320 temporalis
3047 4257 3106 4304 et
3132 4257 3382 4312 aeterna;
3439 4246 3641 4334 duplex
3656 4255 3742 4334 go-

2159 4346 2397 4412 neratio,
2453 4360 2522 4400 ex
2556 4342 2782 4408 femina,
2814 4352 2868 4397 et
2901 4358 2967 4396 ex
2997 4341 3236 4396 mortuis
3268 4357 3282 4407 ;
3315 4338 3528 4410 duplex
3551 4330 3744 4402 'bapli-

2158 4456 2276 4496 sma
2307 4454 2404 4510 per
2428 4453 2627 4507 aquam
2662 4445 2720 4490 et
2745 4435 3036 4504 spiritum;
3070 4433 3276 4503 duplex
3315 4430 3584 4502 cognitio,
3611 4437 3740 4495 prte-

467 4523 525 4568 et
547 4513 812 4580 caelestis,
853 4526 916 4570 ut
943 4517 1082 4573 dicit
1106 4519 1329 4576 divinus
1352 4523 1407 4577 in
1425 4525 1702 4598 theologia
1730 4527 2049 4602 Gregorius,
2087 4529 2130 4583 ι)
2155 4546 2284 4586 sens
2311 4528 2604 4596 etfutura;
2630 4525 2874 4596 duplicia
2889 4526 3057 4588 bona,
3081 4523 3408 4596 temporalia
3440 4528 3735 4578 etteterna;

467 4615 525 4660 ei.
553 4604 719 4660 rebus
741 4613 798 4661 et
821 4609 1042 4675 verbis,
1081 4609 1177 4666 Dei
1215 4613 1405 4682 Verbi,
1469 4617 1564 4687 qui
1611 4620 1908 4690 aliquando
1955 4622 2060 4680 fuit

469 4699 728 4768 simplex,
761 4702 1221 4772 compositionem
1254 4717 1312 4762 et
1353 4708 1820 4780 incarnationem,
1851 4715 1908 4770 in
1957 4717 2059 4772 ho-

465 4789 617 4843 mine
639 4787 797 4858 prius
824 4788 1106 4847 describat
1131 4790 1440 4866 Scriptura.
1465 4797 1838 4865 Quamobrem
1877 4803 2057 4874 ipsum

467 4897 688 4951 quoque
710 4897 876 4953 quam
899 4885 1126 4956 angelos
1153 4887 1284 4943 fecit
1305 4888 1450 4944 Deus
1478 4891 1547 4945 ad
1573 4907 1732 4948 suam
1758 4893 2054 4967 imaginem

465 4983 525 5027 et
558 4973 980 5031 similitudinem
1017 4978 1243 5035 dicens:
1273 4979 1465 5036 Omnia
1499 4978 1642 5038 enim
1673 5002 1768 5055 per
1803 4989 1977 5058 ipsum
2002 4999 2051 5042 et

463 5065 523 5116 in
559 5065 672 5134 ipso
705 5064 850 5136 facta
877 5077 1002 5122 sunt
1033 5068 1102 5136 ",
1135 5069 1442 5127 discutiens
1466 5074 1587 5144 ejus
1613 5069 2051 5136 incarnationem

468 5155 1044 5230 emnpositionemque
1097 5169 1153 5216 et
1206 5162 1708 5234 combinationem;
1759 5167 1936 5236 duas,
1965 5173 2053 5227 in-

469 5260 658 5315 quam,
689 5246 1002 5305 individuas
1042 5249 1249 5308 Christi
1282 5256 1553 5312 essentias
1593 5271 1610 5311 :'
1641 5275 1840 5331 nempe
1866 5270 1923 5317 et
1964 5263 2052 5318 in-

468 5338 858 5407 aspectabilem
875 5343 998 5412 ejus
1023 5343 1354 5414 divinitatis,
1393 5356 1450 5403 et
1482 5352 1873 5420 aspectabilem
1895 5355 1965 5410 ab
1984 5373 2055 5412 eo

467 5427 769 5487 individua
805 5433 928 5504 ejus
956 5435 1350 5508 humanitatis;
1375 5443 1635 5512 universa
1662 5453 1772 5500 tam
1805 5459 2055 5518 aspecta-

470 5520 570 5576 bili
599 5538 764 5594 quam
799 5539 913 5581 non
931 5530 1255 5597 aspectabili
1279 5543 1532 5590 creatura
1547 5546 1738 5608 aperte
1755 5554 1880 5594 eum
1903 5539 2056 5596 efﬁn-

473 5623 635 5684 gcnte
659 5625 716 5671 et
736 5617 858 5688 ejus
876 5619 1220 5688 exprimente
1250 5625 1574 5698 imaginem.

546 5728 589 5817 ξ’
615 5728 808 5817 gauli.
831 5731 1024 5817 Ity].
1099 5735 1146 5766 ⁷⁸
1355 5755 1520 5809 cxvn,
1553 5743 1636 5798 19.
1714 5746 1756 5777 τί
1785 5745 1944 5802 Joan.
1967 5765 2058 5814 xx,

2164 5791 2178 5804 .
2257 5752 2300 5780 ”²
2321 5748 2528 5805 Coloss.
2553 5765 2590 5817 I,
2623 5746 2709 5801 16.

486 5809 584 5856 art.
613 5797 668 5855 5.
746 5799 794 5833 ⁷³⁵
829 5799 1042 5855 Coloss.
1102 5820 1138 5870 ι,
1182 5806 1271 5863 16.

2161 4623 2286 4678 duae
2309 4622 2478 4692 leges,
2504 4622 2714 4690 scripta
2739 4627 2796 4672 et
2827 4617 3136 4689 spiritualis
3165 4633 3181 4683 ;
3222 4616 3334 4670 duo
3367 4614 3736 4707 Testamento.

2157 4713 2269 4768 duo
2355 4711 2570 4782 populi.
2647 4709 2780 4764 Duae
2864 4707 3219 4762 narrationes
3309 4701 3738 4760 construetionis

2155 4805 2374 4868 Adami,
2413 4819 2522 4858 una
2573 4801 2832 4871 simplex,
2898 4799 3146 4855 secunda
3179 4813 3368 4854 crassa
3411 4807 3468 4852 et
3525 4801 3736 4848 terrena

2156 4895 2324 4952 veluti
2351 4895 2548 4965 dupla:
2579 4903 2873 4964 postquam
2908 4891 3096 4947 statim
3127 4890 3376 4962 duplicat
3397 4904 3486 4944 res
3505 4881 3738 4958 prophe-

2153 5001 2208 5046 ta
2233 4988 2435 5054 Moses,
2459 4989 2549 5044 vel
2580 4988 2768 5058 potius
2793 4985 2890 5056 qui
2934 4984 3186 5055 loquitur
3233 4984 3290 5038 in
3337 4983 3458 5053 ipso
3483 4976 3730 5048 angelus;

2152 5093 2214 5136 ut
2245 5081 2495 5152 quaesint
2522 5078 2773 5152 symbola
2812 5077 3047 5132 duarum
3071 5075 3280 5132 Christi
3310 5073 3726 5146 proprietatum.

2151 5170 2310 5230 Unde
2351 5171 2517 5226 etiam
2543 5171 2730 5252 ipsum
2759 5167 3006 5224 ostendit
3031 5168 3312 5238 duplicem
3336 5167 3695 5257 plantatorent
3713 5168 3727 5214 ς

2153 5267 2360 5337 duplex
2389 5238 2624 5334 lignum,
2653 5263 2857 5318 sensile
2873 5273 2930 5318 et
2955 5261 3008 5316 id
3043 5261 3190 5331 quod
3223 5259 3374 5314 cadit
3399 5256 3504 5311 sub
3529 5245 3725 5307 intelli-

2110 5353 2126 5364 “
2161 5357 2436 5429 gentiam:
2506 5355 2648 5410 duos
2713 5350 2947 5409 narrans
3001 5368 3270 5423 aquarum
3324 5348 3540 5408 ﬂuvios,
3591 5339 3722 5394 duas

2163 5451 2426 5522 quasdam
2465 5447 2865 5520 plantationes,
2897 5447 3036 5502 duas
3089 5445 3378 5500 volucrum
3427 5429 3724 5522 generatio—
3809 5497 3815 5503 ἦ

2161 5519 2298 5597 nes:
2327 5519 2604 5611 duplicem
2627 5536 2933 5609 posituram
2961 5536 3207 5592 hominis
3231 5536 3288 5590 in
3320 5526 3596 5605 paradisi:
3619 5519 3722 5574 duo

2163 5650 2289 5690 cum
2311 5633 2521 5688 Adamo
2547 5630 2845 5702 colloquia,
2869 5615 3054 5685 unum
3091 5626 3416 5682 animalium
3467 5627 3522 5674 et
3563 5621 3721 5697 ιιηιιηι

2813 5744 2860 5778 ⁷³
2901 5743 2957 5800 S.
2978 5743 3173 5798 Thom.
3197 5759 3212 5796 t
3236 5750 3414 5813 part.,
3439 5740 3620 5804 quast.
3644 5723 3724 5788 95,
3773 5727 3777 5731 '
