4098 6420
360 381 475 451 953

1472 378 1554 438 ΙΝ
1592 372 2146 438 ΗΕΧΑΕΜΕΒΟΝ.
2179 401 2244 408 -
2270 377 2415 437 LIB.
2454 378 2587 437 VII.

3533 373 3650 440 95ἶῖ

363 497 502 550 vita:
540 493 670 564 (hoc
701 500 808 558 est,
831 489 1012 561 Evas);
1061 498 1118 545 et
1159 487 1303 544 duos
1348 503 1582 542 narrans
1616 489 1674 541 in
1717 501 1786 541 eo
1819 483 1958 539 ami-
1985 483 2032 538 Δ
2059 485 2468 554 contemplator
2510 495 2568 540 et
2615 486 2921 562 inspector.
2973 485 3207 553 Quando
3255 495 3462 551 autem,
3513 501 3648 541 cum

363 595 526 641 ctus:
553 599 724 638 unum
753 597 820 638 ex
840 582 1009 648 foliis,
1050 581 1458 652 significantem
1514 577 1775 633 subtilem
1809 577 1954 646 (qua;

362 689 440 728 ex
476 672 664 726 radice
706 679 938 740 paterna
1003 669 1279 740 procedit)
1333 667 1499 725 Verbi
1562 665 1952 730 divinitatem;

363 765 609 820 alterum
635 779 704 818 ex
739 763 972 832 pellicea
995 761 1184 816 tunica
1213 763 1336 832 ejus
1366 776 1489 831 qua:
1534 757 1771 830 peperit,
1817 757 1957 811 duas

361 853 627 908 mulieris
685 852 1054 918 narrationes,
1105 851 1247 906 duos
1301 852 1422 922 ejus
1457 849 1739 905 fructuum
1779 847 1958 902 :duas

363 946 696 1002 animalium
742 943 1124 1008 formationes,
1200 944 1339 999 duas
1381 943 1486 997 viri
1531 941 1953 1012 appellationes.

365 1038 541 1095 Prius
562 1037 712 1092 enim
737 1036 1010 1092 formatus
1041 1037 1364 1092 nominatur
1397 1036 1588 1100 homo,
1635 1041 1829 1104 postea
1863 1047 1958 1086 no-

367 1130 622 1184 minatus
641 1137 729 1184 est
779 1127 975 1192 Adam,
1007 1127 1114 1182 hoc
1165 1136 1270 1193 est,
1311 1117 1956 1194 terra'sangninolcnta.

369 1220 648 1276 Similiter
699 1219 868 1275 etiam
887 1219 1030 1274 duas
1074 1219 1326 1274 mulieris
1366 1217 1798 1288 appellationes:
1852 1215 1962 1284 pri-

370 1327 530 1366 mum
571 1309 719 1366 enim
761 1310 1037 1380 appellata
1086 1320 1171 1364 est
1217 1310 1454 1376 mulier;
1498 1308 1700 1362 deinde
1745 1315 1958 1378 postea,

373 1403 514 1467 Eva,
547 1404 655 1458 hoc
681 1411 788 1467 est,
821 1406 952 1456 vita.
985 1402 1108 1456 Non
1157 1403 1338 1456 solum
1369 1410 1556 1456 autem
1593 1400 1840 1465 Christo,
1864 1399 1961 1454 sed

366 1494 546 1548 etiam
590 1491 809 1547 duabus
861 1491 1128 1546 Ecclesiis
1163 1491 1507 1546 conveniunt
1565 1489 1818 1560 duplices
1871 1504 1963 1542 res

372 1585 688 1656 Scriptura:
717 1599 858 1655 quas
909 1599 1060 1638 nunc
1103 1583 1306 1638 adduxi
1353 1593 1582 1654 propter
1626 1583 1964 1652 duplicatio—

367 1691 504 1730 nem
530 1657 773 1730 nominis
803 1674 1023 1728 Domini
1052 1675 1147 1744 qui
1176 1674 1333 1744 prius
1366 1673 1762 1729 nominabatur
1780 1674 1961 1727 Deus:

366 1768 600 1838 quando
631 1777 817 1822 autem
851 1767 1030 1822 factus
1053 1767 1160 1837 fuit
1197 1767 1385 1832 homo,
1417 1767 1604 1822 statim
1650 1765 1965 1836 appellatus

370 1861 482 1916 fuit
540 1869 598 1915 et
645 1861 911 1915 Dominus
969 1870 1026 1914 et
1073 1861 1244 1927 Deus,
1305 1861 1490 1916 carnis
1539 1869 1812 1930 suscepta:
1862 1857 1959 1912 Dei
1991 1855 2034 1910 Β

373 1954 552 2008 Verbi
579 1953 1055 2022 dispensationem
1105 1952 1394 2022 Scriptura
1443 1952 1740 2022 perspicue
1797 1951 1980 2006 nobis-

377 2043 862 2114 praesigniﬁcante.
897 2043 1035 2097 Nam
1087 2042 1238 2112 quod
1263 2041 1331 2096 de
1376 2041 1631 2097 humanae
1654 2050 1866 2096 natura:
1893 2040 1964 2095 ab

379 2149 454 2188 eo
478 2135 824 2205 susceptione
852 2135 1162 2204 accipiatur
1185 2134 1292 2190 hoc
1312 2149 1512 2188 nomen
1535 2133 1814 2198 Dominus,
1835 2133 1964 2188 audi

374 2227 558 2281 David
605 2226 916 2282 dicentem:
972 2225 1287 2280 Benedictus
1335 2228 1426 2297 qui
1471 2227 1612 2280 venit
1648 2227 1704 2280 in
1754 2228 1966 2280 nomine

369 2319 594 2375 Domini
643 2319 783 2374 Deus
843 2319 1126 2385 Dominus,
1167 2325 1218 2371 et
1271 2320 1525 2389 apparuit
1575 2319 1722 2372 nobis
1781 2319 1850 2372 ⁷⁵.
1898 2319 1967 2372 Et

374 2424 612 2464 rursus:
640 2408 792 2463 Dixit
823 2409 1080 2463 Dominus
1113 2409 1339 2462 Domino
1364 2423 1477 2462 meo
1501 2424 1518 2462 :
1538 2407 1674 2463 Sede
1706 2426 1738 2462 a
1766 2403 1966 2462 dextris

375 2503 510 2556 meis
533 2501 603 2566 ⁷⁸,
657 2516 859 2570 nempe
903 2510 1030 2571 post
1083 2511 1401 2570 susceptam
1454 2515 1710 2566 carnem;
1771 2500 1966 2556 sedere

381 2593 534 2648 enim
557 2600 641 2648 est
667 2593 955 2662 proprium
987 2607 1312 2662 corporum.
1355 2590 1512 2646 Unde
1552 2593 1720 2647 etiam
1746 2591 1967 2647 Gabriel

381 2702 415 2740 e
443 2686 581 2741 cmlo
622 2686 767 2740 hanc
813 2684 1046 2740 deduxit
1105 2683 1567 2754 appellationem,
1611 2683 1802 2739 dicens
1854 2684 1972 2754 glo-

381 2775 704 2831 riosissima:
729 2775 978 2845 Deiparte
1000 2792 1015 2828 :
1041 2775 1167 2836 Ave,
1197 2777 1378 2846 gratia
1413 2774 1594 2846 plena,
1621 2775 1874 2830 Dominus
1903 2783 1971 2829 te-

378 2886 502 2922 cum
525 2869 565 2900 ⁷⁷
585 2911 598 2924 .
627 2869 696 2924 Et
725 2867 1004 2925 Gabrielis
1029 2868 1281 2938 coangeli
1308 2867 1507 2922 dicunt
1528 2868 1844 2938 pastoribus
1873 2869 1968 2938 qui

374 2961 619 3016 erantin
651 2961 972 3016 Bethleem:
1029 2959 1202 3014 Natus
1226 2967 1302 3014 est
1335 2961 1496 3014 'vobis
1534 2959 1696 3030 891
1734 2958 1971 3015 Christus

383 3053 642 3108 Dominus
673 3055 728 3108 in
764 3055 980 3108 civitate
1033 3053 1208 3107 David
1240 3052 1310 3106 ’⁸.
1344 3051 1483 3108 Cum
1537 3051 1741 3122 quibus
1791 3051 1970 3106 Elisa-

377 3146 540 3211 beth,
557 3155 617 3200 ut
638 3145 898 3216 praeclare
920 3161 1019 3215 par
1036 3143 1266 3216 angelis,
1280 3143 1460 3216 angeli
1487 3153 1679 3202 mater.
1697 3143 1836 3198 dixit
1855 3143 1970 3212 pari

379 3237 615 3310 angelis,
647 3246 704 3292 et
744 3253 866 3308 qua:
897 3246 1019 3291 crat
1066 3235 1152 3291 vel
1178 3237 1406 3306 angelus
1461 3236 1545 3289 vel
1583 3235 1979 3305 arehangelus,

377 3339 439 3386 et
468 3329 635 3384 etiam
663 3344 831 3400 supra
861 3329 1110 3399 angelos,
1161 3328 1259 3382 Dei
1308 3327 1510 3382 matri:
1551 3327 1618 3381 Et
1673 3328 1812 3380 unde
1848 3327 1975 3380 mihi

379 3425 481 3477 hoc
506 3431 564 3475 ut
600 3423 776 3477 veniat
811 3431 982 3476 mater
1010 3421 1228 3475 Domini
1272 3422 1373 3474 mei
1407 3421 1478 3474 ad
1505 3437 1588 3474 me
1643 3419 1732 3472 "?
1773 3419 1976 3474 Paulus

380 3523 574 3570 autem
623 3514 678 3569 id
729 3515 878 3585 quod
906 3513 1117 3570 Christi
1159 3513 1380 3568 Domini
1439 3519 1564 3568 erat
1617 3527 1972 3582 corporeum,

387 3608 644 3663 nominat
671 3605 1170 3674 Dominum:Non,
1219 3606 1423 3676 inquit,
1462 3606 1752 3660 hominum
1791 3605 1977 3678 gloria:

381 3699 775 3769 cruciﬁxissent
827 3701 895 3754 ⁸ο.
947 3699 1016 3754 Ει
1062 3698 1119 3756 in
1160 3698 1430 3754 descensu
1463 3698 1531 3753 ad
1576 3698 1804 3766 inferos,
1832 3710 1890 3755 et
1919 3699 1978 3756 in

385 3793 775 3862 assumptione
800 3792 868 3846 ad
899 3793 1092 3856 caelos,
1125 3792 1420 3846 Dominum
1455 3791 1657 3846 fortem
1691 3800 1748 3847 et
1777 3801 1978 3862 poten-

390 3893 606 3950 tem,et
627 3884 922 3940 Dominum
954 3885 1305 3939 exercituum
1343 3883 1627 3940 Christum
1663 3885 1844 3956 angeli
1879 3901 1980 3956 ap-

386 3975 691 4047 pellarunt.
719 3973 878 4042 Quod
911 3974 958 4030 si
993 3973 1078 4034 vis
1098 3973 1269 4028 etiam
1301 3988 1522 4029 causam
1550 3983 1779 4046 propter
1810 3991 1981 4046 quam

385 4067 542 4122 Deus
599 4066 922 4120 nominatus
953 4072 1039 4120 est
1091 4063 1359 4120 Dominus
1405 4072 1530 4135 post
1583 4066 1764 4120 carnis
1791 4081 1981 4121 susce-

387 4160 677 4241 ptionem,
711 4175 814 4231 ego
859 4158 915 4214 id
971 4157 1071 4213 tibi
1129 4157 1476 4214 conﬁdenter
1528 4159 1977 4230 interpretabor:

389 4253 710 4308 divinarum
738 4252 1182 4322 Scripturarum,
1237 4257 1296 4306 et
1336 4265 1623 4306 sacrorum
1661 4268 1856 4306 earum
1895 4253 1983 4307 in-

390 4354 703 4414 terpretum
724 4344 936 4399 habens
957 4343 1302 4415 suffragium.
1329 4342 1744 4399 Celeberrimus
1765 4360 1897 4416 ergo
1929 4353 1986 4400 et

1999 3193 2048 3255 C

2060 593 2162 646 per
2199 593 2421 633 carnem
2468 579 2804 644 advenisset,
2861 589 3157 650 tyrannum
3217 579 3507 634 inimicum
3540 593 3644 632 no—

2062 676 2240 724 strum
2295 671 2601 740 percussit;
2650 671 2876 740 quando
2925 679 3160 726 mortem
3199 679 3382 725 morte
3429 668 3644 724 affecit:

2061 762 2288 832 quando
2336 779 2438 818 nos
2487 780 2516 818 a
2568 762 3100 819 dzemonum'manu
3137 765 3374 828 avulsit;
3421 761 3649 832 quando

2063 853 2253 908 docuit
2295 855 2499 924 impios
2545 855 2638 910 Dei
2685 855 3092 925 cognitionem;
3135 853 3358 924 quando
3391 863 3582 922 gentes
3615 869 3646 905 a

2062 944 2223 998 Patre
2272 945 2488 1014 accepit
2543 945 2598 998 in
2654 945 3070 1010 luereditatem;
3119 941 3344 1013 quando
3399 938 3649 1010 possedit

2065 1037 2202 1093 fines
2257 1045 2447 1104 teme;
2479 1039 2704 1108 quando
2747 1038 3067 1092 dominatus
3099 1044 3184 1090 est
3231 1052 3260 1088 a
3298 1033 3435 1088 mari
3473 1048 3650 1100 usque

2065 1131 2133 1184 ad
2181 1145 2331 1184 mare
2373 1140 2431 1185 et
2477 1146 2508 1185 a
2543 1130 2726 1185 fluviis
2763 1147 2938 1200 usque
2979 1129 3048 1184 ad
3099 1128 3236 1182 lines
3265 1127 3418 1180 orbis
3447 1136 3648 1181 terrae:

2069 1228 2202 1276 tunc
2247 1222 2518 1277 Dominus
2559 1232 2644 1277 est
2693 1224 3024 1293 appellatus,
3075 1230 3136 1276 ut
3183 1221 3277 1290 qui
3326 1218 3500 1273 nostri
3547 1216 3650 1271 do-

2067 1313 2376 1368 minaretur
2413 1313 2467 1368 in
2495 1330 2636 1384 quos
2671 1325 2833 1369 antea
2871 1315 3177 1369 dominium
3211 1311 3493 1366 obtinebat
3529 1308 3651 1362 dia-

2065 1405 2246 1460 bolus.
2286 1406 2453 1475 quue
2499 1406 2670 1462 David
2716 1416 2905 1476 aperte
2959 1407 3302 1477 prophetans
3351 1403 3403 1458 ei
3451 1401 3590 1456 dixit
3630 1417 3649 1454 :

2067 1498 2291 1552 Domine
2316 1498 2572 1554 Dominus
2595 1507 2791 1564 noster,
2817 1517 2978 1569 quant
3010 1497 3324 1553 admirabile
3349 1503 3424 1550 est
3460 1509 3650 1548 nomen

2069 1601 2219 1646 tuum
2247 1593 2303 1645 in
2342 1592 2586 1646 universa
2617 1601 2760 1647 terra
2797 1593 2884 1645 ’"?
2917 1591 3179 1658 Quoniam
3227 1591 3292 1644 ab
3331 1597 3451 1643 ortu
3489 1601 3655 1657 usque

2069 1685 2139 1739 ad
2179 1702 2422 1739 occasum
2452 1685 2720 1741 laudabile
2741 1702 2930 1740 nomen
2965 1685 3175 1738 Domini
3201 1685 3270 1736 δ’.
3307 1683 3377 1736 Et
3405 1700 3420 1734 :
3459 1678 3652 1734 Excel-

2069 1789 2158 1826 sus
2193 1789 2350 1843 super
2383 1789 2563 1828 omnes
2600 1783 2776 1844 gentes
2831 1773 3086 1826 Dominus
3114 1773 3160 1804 ⁸³
3182 1772 3362 1827 Jesns.
3396 1769 3462 1823 Et
3497 1787 3511 1822 :
3541 1767 3653 1822 Do-

2066 1869 2239 1921 minus
2272 1868 2533 1938 regnavit,
2571 1866 2810 1920 decorem
2853 1864 3070 1918 indutus
3113 1872 3188 1917 est
3223 1861 3429 1924 carnis,
3482 1860 3654 1914 induit

2068 1959 2326 2013 Dominus
2383 1959 2690 2021 hominem,
2735 1957 2918 2012 crucis
2973 1956 3366 2027 fortitudinem,
3427 1960 3656 2024 propter

2068 2052 2251 2120 ipsum
2297 2049 2392 2120 qui
2435 2059 2553 2104 erat
2598 2049 2873 2109 infirmus.
2908 2061 2952 2101 et
2984 2047 3263 2117 praecinxit
3308 2061 3363 2099 se
3393 2045 3460 2098 ⁸⁸.
3497 2043 3564 2098 Et
3590 2058 3656 2098 ea

2067 2136 2136 2198 de
2182 2158 2346 2198 causa
2399 2143 2694 2196 Dominum
2755 2142 2925 2196 Deum
2988 2138 3287 2210 appellavit
3341 2136 3656 2206 Scriptura,

2068 2236 2291 2306 quando
2339 2235 2544 2304 duplex
2597 2233 2686 2287 ille
2737 2234 2906 2287 homo
2956 2230 3299 2301 compositus
3330 2236 3510 2282 estex
3542 2227 3660 2281 luto

2069 2327 2254 2382 divina
2276 2327 2666 2381 insumatione.
2697 2325 2876 2378 Finxit
2923 2323 3092 2385 enim,
3127 2322 3327 2392 inquit,
3387 2320 3526 2374 Deus
3561 2319 3660 2372 Ito-

1995 2479 2006 2488 .
2071 2419 2285 2480 minem,
2311 2416 2580 2487 pulverem
2601 2415 2860 2478 accipiens
2882 2422 3096 2474 eterra,
3129 2421 3178 2464 et
3201 2411 3482 2480 insufﬂauit
3503 2411 3558 2463 in
3586 2408 3663 2478 fa-

2068 2515 2198 2567 ciem
2215 2513 2328 2582 ejus
2353 2513 2601 2582 spiritum
2616 2512 2757 2572 vitw,
2788 2518 2836 2562 et
2866 2509 3038 2577 [actus
3058 2515 3132 2560 est
3159 2509 3312 2560 homo
3343 2506 3400 2558 in
3418 2506 3662 2558 animum

2071 2607 2352 2660 viventem.
2385 2604 2596 2658 Vellem
2643 2617 2796 2656 nunc
2839 2616 3008 2656 carne
3062 2597 3202 2652 mihi
3255 2598 3449 2651 adesse
3482 2597 3662 2666 ipsum

2071 2696 2277 2751 Mosem
2312 2695 2479 2766 hujus
2531 2694 2660 2748 libri
2721 2692 3076 2762 scriptorem,
3113 2699 3170 2744 et
3202 2690 3384 2759 ipsum
3420 2687 3665 2742 interro-

2073 2803 2203 2859 gare
2249 2801 2474 2841 causam
2534 2782 2934 2854 duplicationis
2978 2781 3226 2835 nominis
3285 2779 3406 2840 Dei,
3453 2777 3500 2832 si
3551 2791 3666 2832 non

2074 2878 2260 2932 statim
2306 2876 2620 2943 exspuisset
2667 2875 2724 2928 in
2774 2873 2974 2928 faciem
3002 2870 3342 2942 impudentis
3371 2868 3672 2941 Synagcgte

2073 2971 2413 3028 Judteorum.
2432 2969 2568 3037 Quis
2586 2968 2756 3030 enim,
2767 2981 2981 3038 quaeso,
2996 2981 3106 3020 non
3131 2963 3480 3034 obstupuerit
3495 2960 3667 3032 quod,

2075 3071 2206 3134 post
2251 3061 2720 3131 complementum
2779 3057 3060 3112 universae
3109 3071 3203 3112 sex
3259 3054 3477 3109 dierum
3509 3063 3669 3107 crea-

2079 3153 2267 3218 tionis,
2289 3167 2416 3206 cum
2437 3151 2683 3206 venisset
2714 3148 2900 3205 Moses
2919 3147 2985 3202 ad
3017 3147 3333 3202 summatim
3365 3143 3670 3199 faciendam

2079 3243 2497 3316 repetitionem,
2519 3241 2705 3296 statim
2733 3239 2946 3301 inducit
2980 3237 3414 3308 duplicationem
3445 3246 3501 3290 et
3521 3249 3675 3316 com-

2077 3334 2411 3406 positionem
2435 3330 2679 3385 nominis
2696 3329 2818 3393 Dei,
2838 3326 3157 3399 signilicans
3175 3325 3380 3381 Christi
3400 3330 3678 3391 susceptae

2077 3427 2260 3482 carnis
2289 3423 2790 3495 dispensationem,
2826 3436 3028 3491 nempe
3053 3418 3202 3490 quod
3225 3425 3494 3473 venturus
3524 3423 3674 3470 esset

2079 3521 2148 3576 ad
2187 3519 2372 3574 omnia
2421 3518 2476 3572 in
2526 3531 2801 3572 summam
2849 3524 2908 3568 et
2942 3521 3114 3582 caput
3161 3508 3524 3566 instauranda
3583 3524 3674 3563 re-

2078 3611 2468 3680 novandaque,
2519 3615 2576 3663 et
2628 3622 2830 3662 novam
2881 3603 3191 3660 faciendam
3235 3610 3568 3666 creaturam,
3619 3606 3678 3655 et

2079 3715 2286 3755 novum
2327 3697 2636 3762 hominem,
2671 3703 2729 3751 et
2759 3709 2966 3750 novum
2995 3694 3217 3756 cmlum,
3249 3699 3306 3746 et
3333 3706 3531 3745 novam
3563 3697 3677 3744 ter-

2081 3809 2222 3857 ram,
2242 3800 2298 3848 et
2327 3805 2468 3846 nova
2495 3789 2782 3848 animalia,
2808 3797 2866 3843 et
2902 3801 3076 3841 novas
3107 3783 3386 3842 volucres.
3416 3790 3473 3836 et
3503 3797 3679 3836 novos

2083 3887 2318 3949 fructus,
2358 3891 2416 3940 et
2463 3897 2638 3937 novos
2685 3879 2994 3952 paradisos,
3041 3885 3099 3932 et
3135 3891 3311 3930 novos
3357 3873 3575 3937 ﬂuvios,
3621 3882 3679 3928 et

2082 3993 2289 4034 novum
2333 3975 2526 4030 orbem
2584 3983 2745 4028 terra:
2771 3969 2974 4038 ?Quod
3013 3968 3240 4040 quidem
3277 3975 3466 4037 aperte
3495 3965 3683 4021 sciens

2083 4071 2290 4127 Paulus
2319 4067 2542 4122 dicebat
2574 4085 2586 4120 :
2609 4063 2667 4119 Si
2697 4081 2804 4136 qua
2825 4072 2900 4118 est
2930 4063 2986 4116 in
3011 4061 3220 4117 Christo
3243 4075 3377 4113 nova
3404 4068 3680 4124 creatura,

2083 4171 2262 4217 vetera
2295 4159 2690 4231 praeterierunt,
2725 4171 2842 4209 ecce
2875 4153 3018 4224 facta
3063 4161 3185 4206 sunt
3217 4151 3400 4205 omnia
3447 4166 3582 4204 nova
3607 4149 3677 4204 ⁸⁵.

2085 4249 2240 4318 Quod
2273 4256 2456 4302 autem
2482 4245 2636 4302 omni
2683 4252 2918 4312 stupore
2971 4250 3029 4296 et
3055 4239 3422 4295 admiratione
3452 4238 3680 4310 dignum

2087 4352 2193 4408 est,
2227 4352 2283 4398 et
2315 4339 2450 4395 illud
2493 4337 2638 4408 quod
2668 4352 2768 4407 per
2795 4335 3110 4390 universam
3144 4349 3241 4388 sex
3271 4332 3486 4386 dierum
3523 4347 3681 4386 crea-

392 4453 590 4493 earum
611 4436 930 4492 divinarum
957 4443 1135 4505 mysta
1158 4437 1498 4506 apostolicus
1526 4437 1822 4508 Dionysius
1848 4437 1988 4494 dicit
2087 4435 2296 4490 tionem
2341 4429 2583 4500 simplici
2624 4435 2681 4484 et
2728 4425 3103 4496 incomposito
3137 4425 3362 4478 nomine
3387 4423 3682 4477 nominans

394 4529 455 4584 in
485 4527 890 4598 sapientissima
940 4543 1040 4582 sua
1095 4526 1417 4597 Theologia,
1439 4527 1586 4598 quod
1632 4528 1780 4584 Deus
1800 4529 1988 4586 Graece
2021 4549 2066 4604 υ
2094 4527 2378 4598 Scriptura
2413 4523 2601 4580 divina
2641 4521 2988 4583 Creatorem,
3016 4517 3324 4587 simplicem
3355 4529 3576 4585 quoque
3604 4513 3688 4568 in-

394 4619 604 4675 dicitur
625 4617 780 4682 Θεὸς,
811 4633 878 4672 ex
913 4632 982 4672 eo
1010 4616 1157 4686 quod
1186 4616 1372 4672 omnia
1395 4616 1612 4687 Θεώρει,
1650 4619 1704 4673 id
1729 4629 1816 4675 est
1864 4637 1995 4676 con-
2089 4618 2453 4689 compositam
2505 4621 2890 4671 creaturarum
2955 4609 3198 4664 faciebat
3257 4605 3631 4662 narrationem
3665 4621 3680 4657 :

395 4713 699 4783 templatur
726 4719 783 4766 et
811 4709 1045 4780 aspicit:
1079 4709 1351 4765 Dominus
1375 4719 1585 4775 autem,
1642 4728 1840 4783 nempe
1876 4715 1993 4768 Κύ-
2085 4719 2378 4783 postquam
2401 4713 2588 4761 autem
2624 4717 2826 4758 nomen
2851 4697 3157 4768 duplicavit
3193 4694 3456 4765 Opilicis,
3498 4692 3684 4747 statim

397 4822 538 4878 ριος,
571 4820 638 4859 ex
666 4818 736 4860 eo
763 4801 914 4873 quod
953 4803 1233 4872 κυριεῦει,
1265 4799 1320 4855 id
1348 4809 1432 4856 est
1477 4801 1744 4858 ditionem
1795 4805 1998 4862 habeat

398 4913 467 4954 ac
507 4896 848 4952 dominetur.
904 4892 1112 4965 Κύριος
1165 4893 1318 4948 enim
1363 4893 1571 4947 dicitur
1625 4897 1876 4965 potentia
1926 4913 1993 4953 ac

397 4987 747 5044 dominatio:
783 4989 988 5054 ἄκυρον
1041 4984 1250 5040 dicitur
1307 4984 1455 5054 quod
1511 4994 1596 5040 est
1647 4986 1886 5042 otiosum
1936 4997 1994 5042 ct

398 5099 516 5140 non
559 5083 728 5138 habet
779 5081 956 5136 robur
993 5095 1058 5134 ac
1104 5087 1467 5149 potestatem,-
1511 5078 1608 5134 sed
1663 5096 1898 5136 vacuum
1936 5088 1994 5136 et

401 5177 568 5231 inane
605 5173 879 5230 redditur.

473 5267 645 5323 Recte
687 5281 822 5336 ergo
859 5273 1096 5335 apteque
1127 5273 1186 5320 et
1211 5252 1636 5326 convenienter,
1671 5264 1728 5319 in
1760 5281 1862 5320 suo
1888 5265 1990 5320 ad-

401 5369 574 5416 ventu
622 5358 692 5414 ad
731 5358 992 5414 homines
1033 5357 1256 5426 quando
1301 5371 1524 5410 carnem
1577 5357 1823 5427 suscepit
1853 5358 1996 5413 etin

404 5463 554 5508 terra
588 5453 742 5508 visus
775 5458 862 5506 est
911 5451 1058 5504 Deus
1105 5449 1376 5514 Verbum,
1425 5456 1559 5504 tunc
1601 5449 1775 5505 etiam
1810 5450 1998 5520 appel-

403 5550 553 5603 latus
585 5553 673 5601 est
699 5542 972 5600 Dominus
1004 5559 1017 5594 :
1053 5557 1181 5596 nam
1217 5550 1380 5595 antea
1412 5540 1639 5612 quidem
1669 5541 1991 5596 nominaba-

406 5648 502 5695 tur
541 5637 676 5701 Θεὸς
703 5678 719 5702 ,
756 5644 818 5691 ut
857 5635 952 5706 qui
998 5643 1147 5690 esset
1193 5633 1386 5688 mundi
1418 5633 1700 5706 θεωρητὴς
1731 5675 1746 5699 ,
1784 5633 1838 5688 id
1887 5644 1992 5702 est,

461 5779 471 5789 -
505 5750 554 5781 "
592 5749 738 5805 Psal.
773 5765 936 5813 cxvn,
961 5749 1052 5804 26.
1130 5749 1175 5780 "*"
1198 5747 1341 5803 Psal.
1379 5764 1487 5815 crx,
1526 5748 1578 5802 i.

407 5825 452 5857 '"
509 5821 656 5877 Psal.
690 5837 803 5886 vui,
853 5820 902 5874 l.
978 5821 1022 5850 "’
1063 5819 1206 5875 Psal.
1252 5834 1378 5884 cx",
1423 5819 1474 5875 5.
1553 5817 1598 5850 ⁸⁸
1641 5818 1774 5873 ibid.
1829 5820 1872 5874 ί.

1688 5747 1730 5778 ⁷⁷
1763 5747 1898 5803 Luc.
1945 5749 2095 5809 1.28.
2171 5727 2243 5776 ’⁷⁸
2272 5743 2408 5799 Luc.
2451 5759 2508 5807 It,
2547 5741 2629 5796 ll.

1949 5821 1992 5852 ⁸⁵
2037 5820 2184 5876 l‘sal.
2238 5831 2398 5884 xcxn,
2443 5813 2494 5868 l.

2088 4803 2147 4858 in
2193 4799 2528 4872 repetitione
2576 4790 2990 4862 conduplicavit
3024 4789 3194 4844 etiam
3225 4787 3367 4840 facta
3396 4797 3586 4852 opera,
3621 4783 3681 4836 in

2089 4895 2173 4950 eis
2224 4909 2334 4947 non
2386 4904 2563 4961 pauca
2610 4886 2822 4941 faciens
2873 4881 3287 4942 additamenta;
3347 4890 3446 4930 nos
3495 4881 3686 4943 aperte

2089 4987 2298 5043 docens
2339 4980 2661 5054 mysterium
2715 4991 2872 5031 novae
2925 4974 2980 5028 in
3033 4970 3258 5027 Christo
3312 4976 3588 5024 creatura:
3631 4973 3688 5019 et

2088 5077 2376 5135 Ecclesia}.
2421 5074 2542 5130 Non
2596 5071 2776 5125 solum
2818 5063 2967 5121 enim
3004 5079 3173 5134 super
3196 5061 3414 5132 priores
3457 5073 3568 5120 res,
3602 5071 3690 5112 se-

2092 5171 2305 5229 cundas
2344 5164 2704 5235 multiplicat,
2741 5159 2837 5216 sed
2889 5158 3059 5212 etiam
3105 5168 3354 5224 magnam
3387 5158 3444 5206 et
3473 5150 3686 5204 incom-

2093 5262 2402 5335 parabilem
2430 5259 2485 5314 in
2513 5255 2758 5312 secunda
2787 5251 3071 5310 creatione
3105 5247 3270 5304 nobis
3303 5245 3548 5301 ostendit
3577 5244 3688 5299 dif-

2092 5355 2410 5412 ferentiam.
2437 5352 2572 5408 Nam
2605 5350 2661 5404 in
2701 5346 2870 5418 priori
2904 5343 3130 5416 quidem
3173 5339 3496 5396 narratione
3519 5337 3690 5394 Crea-

2095 5448 2287 5510 tionis,
2326 5445 2463 5501 dicit
2507 5442 2742 5498 herbam
2781 5449 2838 5494 et
2887 5438 3098 5506 lignum
3119 5429 3455 5506 frugiferum
3479 5443 3689 5487 eterra

2096 5540 2440 5614 germinasse
2475 5536 2573 5602 ;in
2631 5531 2874 5590 secunda
2913 5540 3098 5586 autem
3149 5526 3306 5584 brevi
3360 5523 3692 5596 repetitione

2099 5635 2237 5690 dicit
2293 5629 2612 5703 paradisum
2670 5625 2997 5680 deliciarum
3043 5629 3101 5678 et
3122 5635 3286 5676 omne
3317 5619 3526 5690 lignum
3562 5615 3687 5687 pul-

2763 5737 2806 5768 "’
2833 5736 2968 5791 Luc.
2999 5735 3144 5799 uitii.
3259 5733 3300 5762 "°
3335 5730 3353 5785 l
3381 5729 3507 5786 Cor.
3545 5745 3604 5795 ll,
3635 5727 3689 5783 8.

2570 5813 2614 5842 "'
2659 5809 2699 5867 ll
2749 5809 2880 5864 Cor.
2915 5824 2967 5874 γ,
3037 5807 3121 5862 17.
