4098 6496
447 380 554 443 955

1644 368 1702 427 8.
1740 361 2141 427 ANASTASII
2183 365 2509 430 SINAITzE

3608 371 3730 438 956

449 491 656 544 chrum
683 480 1104 546 adridendum,
1150 489 1206 536 et
1235 480 1443 534 bonum
1471 478 1538 534 ad
1569 476 1924 540 vescendum,
1948 475 2022 530 li-
2054 479 2094 530 Α
2125 475 2232 530 iota
2263 493 2431 532 unum
2463 485 2557 531 aut
2599 494 2734 548 apex
2777 495 2914 533 unus
2943 495 3112 536 sacra:
3161 478 3461 551 Scriptura:
3484 489 3544 536 et
3576 480 3729 554 tegis

448 589 730 650 gnumque
758 573 902 638 vitae,
953 581 1012 626 et
1059 573 1305 644 plantam
1336 569 1781 624 immortalitatis.
1815 568 2030 622 Rursus

449 665 666 736 primus
707 671 870 718 terra
910 662 1112 716 ﬂuvius
1157 677 1225 716 cx
1267 660 1530 714 uniformi
1579 657 1732 713 fonte
1767 657 2031 728 irrigabat

455 767 622 812 totam
663 755 857 810 faciem
891 763 1052 808 terrae
1099 770 1127 806 :.
1156 751 1398 812 secunda
1443 759 1626 805 autem
1662 748 1935 819 irrigatio,
1960 763 2028 802 ex

451 845 932 918 quatuor'ﬂuviis
977 845 1167 898 orbem
1221 853 1380 897 terra:
1435 841 1687 910 irrigavit
1717 841 1784 894 ad
1817 841 2030 894 fructus

450 938 729 994 ferendos.
747 937 806 991 ln
829 936 1106 1008 prioribus
1131 935 1463 990 animalibus
1485 943 1628 989 terra
1645 950 1754 989 non
1773 933 2032 1004 produxit

451 1030 741 1094 volucres;
785 1028 840 1082 in
875 1027 1132 1082 secundis
1157 1035 1340 1081 autem
1370 1021 1741 1081 animantibus
1773 1025 2031 1080 animalia

452 1131 510 1178 et
539 1123 792 1178 volucres
813 1129 1016 1185 exortae
1035 1127 1163 1174 sunt
1189 1133 1218 1171 e
1244 1126 1409 1171 terra.
1435 1118 1490 1172 In
1512 1115 1679 1187 priori
1710 1115 2032 1170 narratione

453 1213 750 1270 creationis
783 1209 1043 1275 hominis,
1089 1225 1201 1263 non
1239 1207 1492 1264 meminit
1535 1209 1686 1262 illius
1713 1206 1912 1261 divina:
1946 1220 2034 1260 sa-

454 1304 652 1359 lutaris
697 1310 754 1356 et
797 1300 1030 1356 viviﬁcae
1082 1299 1504 1376 insuﬂlationis;
1548 1298 1802 1353 meminit
1843 1308 2031 1352 autem

455 1395 512 1450 in
541 1392 802 1449 secunda.
832 1391 892 1445 In
926 1389 1104 1460 prima
1160 1388 1442 1443 creatione
1480 1388 1615 1444 dicit
1641 1386 1787 1458 quod
1812 1401 2034 1442 mascu-

451 1484 568 1539 lum
613 1491 669 1537 et
707 1481 966 1536 feminam
998 1478 1130 1533 fecit
1154 1494 1290 1544 eos;
1334 1478 1389 1532 in
1417 1477 1662 1532 secunda
1702 1485 1887 1532 autem
1917 1474 2034 1528 for-

452 1575 696 1630 matione
740 1571 1004 1636 hominis,
1062 1587 1184 1642 quae
1225 1570 1402 1626 tendit
1463 1569 1532 1624 ad
1574 1569 1880 1633 Christum,
1922 1583 2034 1622 non

451 1665 587 1720 dicit
626 1663 928 1718 masculum
962 1669 1019 1716 et
1049 1661 1308 1716 feminam
1344 1678 1358 1727 ;
1407 1659 1544 1715 Nam
1572 1663 1627 1714 in
1671 1659 1878 1715 Christo
1905 1658 2034 1712 Jesu

453 1775 560 1812 non
587 1765 662 1812 est
687 1753 954 1810 masculus
978 1763 1030 1808 et
1053 1753 1416 1824 femina";est
1429 1750 1572 1806 enim
1597 1763 1738 1804 unus
1757 1750 2029 1815 Christus,

451 1857 509 1902 ct
559 1857 648 1903 est
695 1847 818 1917 ejus
865 1861 972 1900 una
1013 1844 1310 1914 singularis
1349 1850 1406 1898 et
1435 1843 1724 1898 individua
1768 1856 2026 1912 persona.

452 1940 698 1996 Primum
723 1939 908 1994 cibum
931 1952 1280 1994 communem
1304 1935 1575 2008 iumentis
1593 1943 1650 1990 et
1668 1935 1864 1990 bestiis
1885 1935 2030 1990 Deus

450 2033 606 2090 dedit
633 2032 842 2088 Adamo
863 2049 878 2100 ;
903 2029 1208 2088 secundum
1240 2038 1424 2086 autem
1451 2029 1780 2087 rationalem
1813 2035 1868 2082 et
1896 2026 2037 2112 alie:

451 2144 584 2184 num
625 2129 694 2186 ab
725 2128 877 2184 omni
908 2137 1106 2184 natura
1145 2135 1370 2198 experte
1411 2126 1662 2182 rationis.
1694 2125 1880 2181 Prima
1909 2123 2030 2178 ani-

450 2221 658 2277 mantia
697 2229 753 2276 et
779 2221 1028 2292 iumenta
1057 2221 1204 2275 Deus
1241 2235 1350 2276 non
1375 2218 1614 2282 vocavit,
1659 2216 1754 2272 sed
1787 2214 2029 2272 secunda

449 2313 680 2368 adduxit
725 2312 794 2367 ad
841 2313 1162 2376 hominem,
1225 2318 1280 2366 et
1338 2310 1420 2365 eis
1464 2310 1690 2364 nomina
1742 2306 2026 2377 imposuit.

445 2405 770 2470 Considera,
812 2421 1021 2476 quaeso,
1052 2421 1116 2461 ea
1153 2404 1320 2460 etiam
1350 2419 1473 2474 qute
1514 2401 1780 2470 deinceps
1831 2414 2029 2454 conse-

448 2505 721 2566 quuntur.
771 2495 1078 2566 Antequam
1121 2503 1424 2565 poneretur
1459 2493 1627 2546 homo
1656 2491 1712 2549 in
1745 2488 2028 2562 paradiso,

447 2605 561 2643 non
602 2587 708 2643 fuit
739 2587 792 2642 ei
834 2587 1165 2658 imperatum
1221 2593 1282 2640 ut
1329 2593 1678 2656 operaretur,
1736 2589 1792 2638 et
1842 2590 2030 2635 custo-

447 2681 596 2735 diret
623 2680 770 2750 ligna
805 2679 990 2748 priora
1027 2678 1141 2733 cibi
1184 2677 1502 2748 pereuntis;
1549 2675 1647 2732 sed
1697 2675 2029 2744 imperatum

447 2777 536 2824 est
571 2777 634 2822 ut
679 2767 921 2824 secunda
975 2767 1240 2838 paradisi,
1293 2767 1398 2822 sibi
1433 2765 1710 2824 manentis
1756 2765 1812 2818 in
1860 2763 2026 2817 vitam

447 2871 734 2917 reternam.
762 2860 924 2915 Prius
956 2859 1122 2917 homo
1153 2869 1276 2914 erat
1303 2859 1454 2916 solus
1479 2867 1536 2913 et
1567 2858 1687 2913 sine
1721 2855 2026 2928 adjutorio;

450 2950 508 3006 in
553 2951 795 3006 secunda
840 2959 1024 3006 autem
1075 2950 1354 3005 creatione
1402 2958 1458 3007 et
1505 2949 1848 3011 narratione,
1911 2953 2031 3003 erat

449 3043 674 3113 quidem
707 3043 940 3114 simplex
975 3052 1032 3098 et
1068 3043 1469 3113 incompositus
1500 3059 1513 3094 :
1549 3041 1603 3096 in
1645 3041 1816 3096 totius
1843 3047 2028 3094 autem

2060 1811 2108 1870 B

2129 583 2242 622 non
2285 569 2491 638 peribit
2530 569 2618 623 ⁸⁸2
2649 567 2782 637 Qua:
2810 569 3036 640 quidem
3070 571 3158 626 lex
3195 578 3252 627 et
3281 570 3574 642 Scriptura
3624 571 3729 627 in—

2131 667 2466 729 terpretata,
2497 660 2717 731 scripta:
2762 670 2890 717 sunt
2921 662 2978 716 in
3023 661 3232 734 Spiritu
3281 670 3339 718 et
3371 677 3471 719 ore
3493 672 3724 730 sancto,

2130 750 2186 806 in
2225 751 2350 822 igne
2371 760 2428 806 et
2451 752 2708 824 caligine,
2744 763 2800 808 et
2829 754 3075 808 tenebris
3101 763 3158 809 et
3194 754 3460 824 procella,
3490 762 3550 810 et
3577 769 3722 810 con-

2131 844 2410 911 cussione,
2434 855 2491 901 et
2526 846 2582 900 in
2615 862 2753 902 sono
2789 847 2932 902 tubae
2965 847 3152 902 decies
3189 847 3340 902 mille
3363 849 3720 918 angelorum.

2130 934 2243 989 Lex
2272 937 2422 990 enim
2449 945 2535 992 est
2557 947 2768 1000 sancta,
2801 947 2850 992 et
2887 938 3096 1008 eloquia
3128 937 3338 991 Domini
3375 937 3530 992 ualde
3567 938 3728 1008 igni-

2131 1035 2186 1080 ta
2207 1028 2275 1090 ",
2304 1042 2502 1096 nempe
2523 1043 2754 1083 accensa
2789 1029 2914 1097 igne
2944 1028 3039 1098 qui
3071 1037 3192 1082 erat
3221 1028 3276 1082 in
3313 1036 3500 1082 monte
3534 1026 3721 1090 Sinai,

2131 1127 2188 1173 et
2220 1119 2301 1174 sic
2347 1120 2547 1174 tradita
2591 1118 2920 1176 :Concussio
2969 1119 3118 1175 enim
3163 1129 3212 1174 et
3266 1135 3372 1174 non
3404 1122 3462 1173 in
3489 1135 3724 1174 concus-

2129 1214 2278 1268 sione
2310 1212 2568 1267 Dominus
2593 1253 2608 1276 ,
2643 1213 2812 1283 caligo
2837 1222 2889 1266 et
2925 1230 3029 1268 non
3067 1213 3124 1267 in
3141 1211 3388 1283 ’caligine
3417 1211 3722 1268 Dominus:

2132 1302 2268 1372 ignis
2309 1303 2377 1366 ’°,
2415 1311 2471 1358 et
2494 1303 2624 1358 illuc
2664 1303 2929 1358 Dominus
2961 1304 3056 1374 qui
3089 1303 3342 1374 loquitur
3393 1295 3564 1374 ignita
3596 1305 3722 1360 elo-

2133 1392 2262 1462 quia
2288 1392 2445 1459 Mosi,
2481 1397 2697 1450 animas
2742 1395 3162 1461 inllammantia,
3217 1402 3276 1452 et
3328 1395 3722 1452 comburentia

2133 1499 2256 1556 quae
2299 1496 2430 1542 sunt
2483 1487 2538 1544 in
2572 1488 2656 1542 eis
2707 1503 2894 1543 crassa
2937 1503 3002 1544 ac
3045 1497 3286 1548 terrena.
3503 1552 3510 1558 ,

2210 1579 2349 1633 Hinc
2395 1591 2583 1636 autem
2615 1589 2844 1651 apparet
2867 1581 3015 1651 quod
3061 1581 3384 1668 hypostasin
3422 1584 3628 1642 habeat
3661 1595 3722 1641 et

2135 1671 2208 1726 sit
2251 1671 2344 1726 Dei
2393 1673 2685 1742 sapientia:
2741 1672 3030 1740 Quomodo
3074 1675 3224 1733 enim
3257 1677 3408 1732 aliud
3445 1687 3532 1733 est
3565 1677 3718 1749 quod

2135 1761 2388 1832 ignescit,
2437 1771 2492 1817 et
2541 1763 2690 1818 aliud
2727 1764 2876 1834 quod
2929 1773 3013 1821 est
3053 1781 3287 1836 corpore
3323 1769 3603 1839 ignitum:
3641 1770 3720 1825 ita

2133 1850 2300 1906 etiam
2351 1866 2418 1905 ex
2467 1853 2718 1924 analogia
2763 1867 2828 1908 ac
2863 1856 3256 1912 convenientia
3299 1857 3549 1929 intellige
3586 1850 3722 1914 re're

2129 1956 2252 1998 esse
2283 1941 2380 2013 Dei
2427 1942 2668 2013 eloquia,
2705 1953 2763 2000 et
2806 1962 2918 2000 non
2962 1945 3194 2002 dill‘undi
3239 1948 3294 2002 in
3334 1964 3542 2004 aerem.
3595 1949 3720 2006 Non

2130 1999 2448 2086 cnim'dixit
2473 2033 2834 2104 ignescentia,
2867 2037 2962 2091 sed
2990 2038 3184 2108 ignita,
3219 2054 3316 2094 seu
3346 2055 3542 2094 revera
3571 2055 3738 2110 prato.

2129 2121 2371 2178 lucentia
2404 2142 2416 2176 :
2447 2132 2503 2180 et
2548 2137 2850 2198 propterea
2887 2127 3101 2184 dixerat
3124 2130 3296 2185 David
3341 2150 3355 2186 :
3399 2132 3720 2188 Mandatum

2129 2213 2346 2270 Domini
2379 2215 2613 2272 lucidum
2661 2217 2976 2274 illuminans
3023 2219 3200 2276 oculos
3225 2223 3291 2275 ".
3316 2223 3590 2292 Utrinque
3617 2240 3720 2279 au-

2131 2313 2240 2360 tem
2265 2305 2532 2372 lucidum,
2573 2323 2772 2378 nempe
2820 2309 2969 2378 quod
3010 2319 3068 2366 et
3098 2311 3170 2366 ab
3197 2313 3320 2382 igne
3353 2312 3660 2384 egreditur,
3687 2330 3718 2370 a

2137 2398 2347 2463 divina,
2392 2399 2640 2470 inquam,
2691 2410 2890 2459 natura
2936 2403 3034 2471 (est
3062 2404 3211 2458 enim
3261 2403 3402 2460 Deus
3434 2406 3574 2476 ignis
3597 2423 3723 2460 con-

2102 2501 2341 2542 ‘snmens
2359 2487 2521 2557 ").et
2547 2505 2646 2558 per
2679 2489 2920 2546 Simeum
2956 2491 3137 2563 ignem
3173 2509 3366 2550 rursus
3397 2510 3716 2562 accensum,

2129 2586 2186 2633 et
2221 2579 2382 2650 igneo
2417 2579 2590 2650 digito
2615 2581 2906 2653 scriptum.
2945 2592 3002 2637 et
3028 2583 3204 2654 igneis
3245 2585 3450 2642 tabulis
3476 2587 3716 2658 impres—

2129 2685 2252 2724 sum
2287 2686 2350 2725 ac
2378 2671 2668 2742 ﬁguratum
2702 2690 2716 2726 :
2753 2673 2849 2728 sed
2875 2682 2929 2728 ct
2952 2673 3141 2728 datum
3167 2683 3293 2730 erat
3321 2675 3576 2732 indicans
3601 2677 3716 2748 igni

2131 2760 2368 2816 similem
2422 2772 2478 2818 et
2515 2763 2760 2820 lucidam
2811 2765 2979 2820 Musis
3030 2765 3249 2822 faciem.
3298 2767 3363 2822 lu
3416 2785 3530 2838 quo
3577 2769 3714 2824 nihil

2129 2855 2214 2901 est
2261 2847 2735 2919 intempestivum,
2780 2853 2918 2906 nihil
2965 2853 3116 2924 quod
3161 2864 3325 2910 Suum
3373 2872 3484 2914 non
3515 2858 3718 2913 habeat

2130 2955 2381 3010 scopum,
2418 2943 2561 2998 nihil
2609 2945 2731 3001 sine
2782 2947 3068 3018 mysterio.
3112 2949 3211 3004 Est
3247 2958 3435 3005 autem
3486 2951 3713 3022 dignum

2129 3031 2496 3091 admiratione
2520 3037 2689 3106 quod.
2716 3039 2941 3116 quando
2964 3039 3166 3110 duplex
3197 3041 3375 3098 factus
3401 3051 3486 3098 est
3518 3044 3709 3109 Adam,

449 3135 748 3192 creationis
776 3135 932 3190 brevi
971 3135 1324 3206 repetitione,
1357 3143 1491 3190 tunc
1520 3132 1662 3188 facta
1696 3140 1782 3187 est
1803 3131 2025 3193 mulier,
2057 3165 2100 3230 ο
2132 3125 2317 3178 statim
2365 3126 2510 3182 Deus
2539 3136 2626 3183 est
2658 3131 2977 3186 nominatus
3009 3133 3277 3189 Dominus
3323 3143 3379 3190 et
3412 3136 3578 3199 Deus,
3614 3153 3712 3205 per

448 3238 504 3282 et
538 3226 716 3281 audiit
759 3245 772 3280 :
819 3225 887 3282 Os
915 3243 979 3281 ea:
1005 3228 1203 3282 ossibus
1233 3225 1542 3296 spiritualis
1577 3225 1794 3289 Adami,
1825 3234 1874 3279 et
1903 3241 2030 3278 caro

447 3334 515 3372 ea:
559 3334 720 3373 carne
762 3319 876 3389 ejus
929 3319 990 3369 ετ.
1055 3318 1211 3372 Tunc
1256 3316 1566 3372 fuitetiam
1612 3314 1881 3372 aediﬁcata
1909 3329 2031 3385 qua:

449 3409 606 3480 prius
631 3418 753 3464 erat
781 3408 1088 3475 dissoluta;
1121 3415 1253 3464 tunc
1278 3410 1446 3464 etiam
1490 3407 1760 3464 aediﬁcata
1795 3416 1881 3464 est
1912 3422 2032 3460 mu-

448 3500 554 3556 lier
577 3503 778 3574 conjux
809 3501 916 3557 viri
959 3501 1044 3557 sui
1075 3503 1171 3572 qui
1199 3501 1354 3572 prius
1383 3509 1504 3557 erat
1531 3510 1842 3571 separatus.
1875 3499 2032 3553 Tunc

449 3593 618 3648 etiam
653 3594 850 3648 iocata
879 3600 966 3648 est
1000 3591 1115 3647 vita
1147 3607 1268 3662 quae
1290 3591 1448 3661 prius
1473 3599 1594 3646 erat
1623 3605 1774 3644 mors
1800 3588 2028 3652 effecta;

448 3690 586 3737 tunc
625 3680 791 3736 etiam
842 3680 1074 3737 adduxit
1105 3696 1225 3735 eam
1274 3681 1424 3734 Deus
1466 3680 1534 3734 ad
1584 3679 1856 3736 Adamum
1907 3692 2030 3747 qua:

448 3772 606 3844 prius
644 3773 806 3844 longe
846 3780 1000 3835 erat;
1033 3781 1165 3826 tunc
1204 3771 1432 3826 fuerunt
1463 3771 1574 3826 duo
1609 3771 1664 3825 in
1703 3785 1869 3825 carne
1897 3783 2028 3832 una,

446 3863 544 3934 qui
585 3864 740 3934 prius
785 3869 945 3918 erant
989 3863 1112 3919 duae
1147 3879 1369 3918 carnes.
1417 3862 1562 3917 Nudi
1613 3870 1794 3926 erant,
1851 3861 2031 3915 donec

448 3955 504 4011 in
546 3956 785 4012 secunda
837 3955 1120 4011 creatione
1167 3955 1298 4010 tecti
1351 3963 1481 4009 sunt
1535 3969 1566 4009 a
1613 3954 1764 4018 Deo;
1811 3952 1905 4022 qui
1973 3951 2030 4006 in

447 4047 725 4118 principio
773 4047 903 4102 caeci
950 4056 1130 4110 erant,
1180 4047 1360 4101 visum
1427 4052 1621 4115 postea
1675 4051 2026 4114 receperunt.

446 4138 605 4206 Quod
639 4135 682 4193 s'i
733 4138 1170 4193 inobedientiam
1221 4145 1279 4193 et
1315 4143 1630 4206 serpentem
1666 4145 1723 4190 et
1757 4135 1940 4191 cibum
1975 4143 2033 4190 et

448 4238 687 4285 mortem
723 4238 779 4284 et
822 4229 1032 4284 exitum
1061 4244 1092 4284 e
1122 4227 1379 4298 paradiso
1414 4227 1553 4281 mihi
1587 4227 1774 4294 effers,
1806 4243 1840 4282 ο
1874 4225 2032 4282 audi-

449 4330 560 4386 tor,
609 4321 741 4376 siste
787 4320 1040 4390 gradum,
1093 4327 1148 4374 et
1187 4333 1258 4372 ne
1302 4318 1566 4384 festines;
1599 4325 1657 4374 et
1703 4317 1920 4374 videbis
1964 4332 2032 4373 ea

447 4425 573 4480 quae
615 4409 670 4463 in
711 4410 799 4464 his
835 4416 967 4464 sunt
1016 4409 1276 4473 dicenda,
1316 4425 1416 4479 per
1465 4410 1700 4464 multum
1733 4410 1788 4465 in
1837 4425 1896 4466 se
1925 4410 2029 4466 ba-

2133 3225 2302 3272 totam
2330 3220 2572 3290 paradisi
2602 3222 2768 3293 892
2802 3224 3088 3280 historiam
3127 3226 3337 3297 duplici
3367 3229 3592 3284 nomine
3617 3244 3710 3300 ap-

2132 3312 2373 3382 pellante
2425 3313 2710 3384 Scriptura
2751 3315 3040 3386 Opit’icem.
3091 3318 3161 3374 Et
3205 3319 3276 3375 de
3325 3320 3414 3376 his
3455 3334 3712 3392 prompto
3783 3335 3786 3338 ‘

2130 3409 2187 3454 et
2222 3402 2390 3456 alacri
2424 3403 2610 3470 animo
2644 3404 2740 3459 tibi
2772 3405 3156 3476 philosophari
3188 3408 3454 3474 studiose,
3489 3409 3710 3466 minime

2131 3495 2455 3560 cunctabor,
2496 3505 2552 3550 et
2585 3507 2994 3568 consequenter
3027 3497 3232 3554 addere
3257 3499 3416 3555 initia
3447 3503 3706 3570 capitum.

2130 3583 2275 3637 Dicit
2296 3586 2443 3638 enim
2477 3603 2490 3638 :
2529 3585 2595 3639 Et
2626 3585 3176 3656 plantavit‘Dominus
3204 3586 3346 3642 Deus
3401 3589 3710 3658 paradisum

2130 3675 2187 3728 in
2228 3675 2391 3730 Edem
2437 3677 2508 3730 ad
2571 3678 2846 3732 orientem.
2887 3678 2954 3733 Et
3009 3697 3024 3732 τ
3069 3677 3210 3734 Fecit
3256 3679 3514 3735 Dominus
3576 3679 3710 3735 Deus

2131 3768 2263 3821 oriri
2299 3775 2551 3822 creterra.
2589 3768 2657 3822 Et
2685 3787 2696 3821 :
2737 3769 2948 3841 Accepit
2993 3769 3252 3826 Dominus
3285 3771 3425 3826 Deus
3453 3772 3710 3826 hominem

2131 3875 2284 3929 quem
2322 3858 2498 3926 ﬁnxit.
2540 3859 2608 3914 Et
2643 3877 2655 3913 :
2688 3859 2962 3916 Mundavit
3004 3859 3258 3916 Dominits
3309 3861 3448 3916 Deus
3487 3863 3707 3918 Adamo.

2130 3950 2200 4004 Et
2231 3967 2244 4004 :
2276 3949 2422 4004 Dixit
2470 3949 2725 4008 Dominus
2755 3951 2888 4008 Deus
2935 3955 3150 4008 mulieri
3183 3953 3334 4010 :Cur
3378 3955 3474 4009 hoc
3512 3953 3712 4025 fecisti?

2131 4039 2198 4094 Et
2228 4057 2241 4092 :
2279 4039 2424 4094 Dixit
2457 4039 2708 4096 Dominus
2741 4042 2888 4098 Deus
2924 4045 3158 4116 serpenti
3185 4061 3203 4098 :
3233 4043 3370 4110 Quia
3404 4045 3500 4100 hoc
3525 4046 3722 4117 fecisti?

2132 4131 2250 4186 Et:
2291 4131 2432 4186 Fecit
2483 4133 2744 4190 Dominus
2797 4134 2932 4188 Deus
3007 4135 3214 4190 Δάαιπο
3267 4146 3316 4190 et
3368 4139 3525 4192 uxori
3577 4139 3709 4210 ejus.

2131 4224 2242 4279 Et:
2279 4225 2424 4280 Dixit
2460 4225 2716 4280 Dominus
2747 4227 2921 4282 Deus:
2964 4227 3097 4282 Ecce
3122 4227 3294 4298 factus
3323 4235 3400 4283 est
3425 4229 3558 4283 sicut
3579 4246 3710 4284 unus

2131 4330 2194 4367 ea:
2222 4315 2390 4369 nobis.
2421 4315 2527 4369 Et:
2563 4315 2771 4385 Accepit
2811 4331 2930 4369 eum
2957 4315 3094 4370 Deus
3127 4331 3190 4369 ea:
3209 4317 3466 4386 paradiso
3493 4315 3711 4372 delicia-

2132 4424 2274 4471 rum,
2329 4407 2400 4462 ad
2445 4407 2776 4478 operandam
2823 4415 3026 4461 terram
3062 4425 3125 4462 ea:
3178 4425 3282 4479 qua
3331 4415 3572 4478 sumptus
3619 4419 3708 4464 est.

449 4502 584 4557 here
628 4501 822 4572 gratiae
853 4509 910 4556 et
943 4501 1271 4572 elegantiae:
1305 4501 1490 4558 adhuc
1532 4503 1680 4558 enim
1719 4513 1930 4558 stamus
1967 4503 2026 4558 in
2059 4518 2102 4574 ι)
2129 4498 2306 4553 Audis
2354 4497 2500 4568 quod
2542 4514 2608 4554 ex
2637 4513 2749 4568 quo
2785 4498 3034 4570 ingressa
3082 4507 3167 4554 est
3200 4501 3488 4570 (tanquam
3530 4499 3711 4554 divina

448 4593 634 4648 medio
659 4594 982 4650 certamine.
1019 4593 1124 4660 Qui
1155 4603 1337 4650 autem
1362 4596 1585 4652 brevem
1613 4595 1914 4665 scripturae
1943 4612 2032 4652 re-
2133 4591 2386 4662 quaedam
2436 4591 2656 4663 natura)
2692 4591 2880 4647 divina
2912 4591 3212 4648 insumatio
3253 4593 3312 4648 in
3343 4601 3491 4650 terra
3523 4603 3711 4649 natum

445 4683 773 4753 petitionem
821 4700 944 4754 quae
981 4695 1068 4740 est
1113 4694 1242 4756 post
1279 4701 1372 4741 sex
1408 4685 1548 4751 dies,
1601 4702 1713 4740 non
1751 4687 2032 4758 accipiunt
2131 4698 2336 4753 corpus
2383 4683 2614 4748 Adami,
2651 4682 2837 4740 statim
2869 4681 3154 4754 Scriptura
3200 4698 3310 4738 non
3341 4683 3581 4754 simplici
3612 4699 3711 4738 no-

446 4777 501 4832 in
549 4785 736 4848 typum
785 4776 1064 4838 Ecclesiae.
1111 4778 1520 4833 convincuntur
1559 4777 1744 4836 ab'iis
1794 4794 1916 4849 quae
1973 4779 2028 4834 in
2130 4778 2280 4833 mine
2324 4779 2647 4850 appellavit,
2705 4779 2802 4838 sed
2855 4777 3070 4852 (utpote
3102 4779 3250 4849 quod
3295 4779 3555 4837 Christus
3603 4795 3712 4836 non

447 4887 511 4924 ea
551 4878 682 4924 sunt
725 4868 1142 4932 additamentis,
1189 4870 1326 4925 nihil
1381 4870 1609 4926 omnino
1647 4871 1792 4927 scire
1850 4887 1916 4926 ex
1961 4872 2029 4928 iis
2127 4870 2310 4925 solum
2361 4879 2508 4926 esset
2547 4868 2714 4940 Deus)
2765 4871 2938 4925 Deum
2983 4881 3040 4925 et
3065 4870 3363 4926 Dominum
3401 4887 3530 4926 eum
3569 4885 3715 4928 com-

443 4975 566 5030 qum
601 4967 790 5029 postea
837 4959 1014 5015 fusius
1054 4959 1432 5016 ostendemus.
1483 4960 1610 5016 Htec
1654 4969 1838 5016 autem
1877 4978 2027 5018 nunc

448 5052 639 5122 paucis
689 5051 802 5106 dixi
835 5051 904 5107 de
951 5053 1178 5107 nomine
1206 5053 1304 5108 Dei
1337 5053 1622 5124 duplicato
1658 5053 1712 5108 in
1743 5054 1898 5109 brevi
1935 5071 2024 5109 re—

451 5143 714 5212 petitione
741 5141 811 5196 de
850 5142 1077 5196 homine
1099 5143 1240 5198 facta
1270 5159 1300 5199 a
1335 5144 1520 5210 Mose;
1553 5153 1614 5198 ut
1647 5145 1741 5216 qui
1774 5147 2024 5217 appella-

451 5241 542 5288 tus
573 5234 648 5288 sit
675 5234 942 5290 Dominus
987 5235 1152 5297 Deus,
1185 5236 1410 5306 quando
1452 5235 1632 5292 factus
1659 5247 1744 5294 est
1777 5239 1944 5294 homo
1973 5247 2030 5295 et

2130 4961 2312 5032 posite
2361 4960 2690 5033 nominavit,
2747 4961 3028 5031 quomodo
3080 4963 3138 5017 in
3197 4962 3435 5018 sinceris
3479 4979 3544 5018 ac
3605 4979 3714 5018 non

2130 5053 2460 5110 adulteratis
2479 5053 2836 5123 antiquisque
2861 5055 3272 5125 exemplaribus
3295 5055 3713 5127 diligentissime

2133 5145 2364 5201 scrutati
2418 5145 2734 5200 invenimus
2766 5162 2780 5198 :
2819 5145 2907 5206 iis.
2933 5145 3182 5216 inquam,
3215 5162 3338 5216 quae
3379 5157 3570 5203 notata
3599 5147 3714 5204 fue-

2134 5245 2261 5292 rant
2287 5253 2318 5292 a
2335 5235 2642 5303 Clemente,
2667 5245 2724 5293 et
2746 5237 2979 5307 Irenaeo,
3012 5248 3068 5294 et
3091 5240 3325 5297 Philone
3358 5241 3710 5313 philosopho,

449 5321 737 5394 paradisus
777 5335 941 5398 typus
977 5327 1258 5383 Ecclesiae.
1299 5328 1491 5399 Neque
1523 5344 1592 5384 cx
1637 5329 2032 5401 insipientibus
2127 5339 2186 5385 et
2223 5330 2293 5385 ab
2331 5345 2399 5385 eo
2443 5329 2538 5400 qui
2574 5330 2816 5402 Hexapla
2851 5333 3186 5403 composuit.
3221 5332 3596 5399 Quamobrem
3621 5349 3712 5390 sex

447 5416 647 5471 audeat
668 5417 868 5487 aliquis
889 5417 1075 5474 dicere
1121 5418 1270 5488 quod
1295 5435 1363 5474 ex
1385 5419 1624 5490 quadam
1651 5421 2030 5492 simplicitate,

447 5517 544 5564 aut
575 5508 984 5578 intempestive,
1021 5519 1116 5564 aut
1139 5526 1210 5565 ex
1241 5511 1480 5582 quadam
1507 5512 1746 5568 stultitia
1782 5512 1925 5568 facta
1949 5521 2035 5570 est

449 5599 567 5655 haec
613 5598 827 5654 additio
878 5599 935 5654 in
991 5599 1216 5656 nomine
1258 5601 1468 5658 divino.
1503 5603 1588 5658 An
1629 5603 1848 5676 ignorat
1884 5604 2033 5674 quod

542 5717 587 5750 "
629 5719 810 5774 Galat.
856 5735 936 5780 Ill,
975 5718 1065 5772 ‘28.
1159 5720 1207 5752 ⁸⁷
1243 5721 1381 5778 Gen.
1424 5741 1482 5787 ιι,
1519 5723 1610 5778 25.

449 5787 490 5821 ⁹¹
533 5787 674 5846 Psal.
712 5805 862 5854 mu.
901 5789 955 5844 9.
1032 5790 1077 5820 "
1115 5789 1272 5846 Deut-
1305 5809 1378 5856 ινι
1417 5793 1508 5851 34o

1327 5940 1359 5960 Ι

1720 5723 1768 5756 ⁸⁸
1807 5722 1995 5780 Matth.
2037 5740 2092 5791 γ,
2137 5723 2222 5779 18.

2131 5421 2356 5491 quidem
2397 5420 2614 5476 dierum
2666 5430 3006 5488 creaturam,
3055 5425 3202 5480 Deus
3247 5440 3374 5480 cum
3404 5436 3551 5502 esset
3587 5427 3715 5482 sim-

2131 5513 2282 5584 plex,
2338 5513 2676 5580 fabricatur;
2729 5531 2926 5572 novam
2979 5526 3164 5571 autem
3216 5533 3339 5587 qua:
3379 5529 3575 5589 postea
3613 5517 3714 5574 fuit

2135 5613 2448 5660 creaturam
2483 5605 2568 5677 (ut
2605 5606 2698 5677 qui
2731 5607 2910 5664 factus
2937 5617 3023 5665 est
3049 5609 3412 5681 compositus)
3449 5611 3714 5666 Dominus

2323 5725 2368 5756 ⁸⁹
2407 5724 2548 5783 Ρεθι.
2596 5743 2726 5793 xrn,
2766 5729 2856 5782 51.
2965 5729 3012 5760 ¹³⁰
3050 5728 3115 5783 lll
3158 5729 3293 5801 Reg.
3338 5745 3448 5794 nx,
3494 5729 3580 5794 il,
3627 5727 3709 5782 12.
