  <div class='ocr_page' id='page_1' title='image "/cluster/home/n/w/nwhite01/storage/ocr_20150623/89/coo.31924054869932/492.png"; bbox 0 0 4098 6458; ppageno 0'>
   <div class='ocr_carea' id='block_1_1' title="bbox 386 366 493 435">
    <p class='ocr_par' dir='ltr' id='par_1_1' title="bbox 386 366 493 435">
     <span class='ocr_line' id='line_1_1' title="bbox 386 366 493 435; baseline 0 -1"><span class='ocrx_word' id='word_1_1' title='bbox 386 366 493 435; x_wconf 76' lang='grc'><strong>957</strong></span> 
     </span>
    </p>
   </div>
   <div class='ocr_carea' id='block_1_2' title="bbox 383 482 2041 551">
    <p class='ocr_par' dir='ltr' id='par_1_2' title="bbox 383 482 2041 551">
     <span class='ocr_line' id='line_1_2' title="bbox 383 482 2041 551; baseline 0.002 -11"><span class='ocrx_word' id='word_1_2' title='bbox 383 495 446 540; x_wconf 84' lang='lat' dir='ltr'><strong>et</strong></span> <span class='ocrx_word' id='word_1_3' title='bbox 480 484 661 551; x_wconf 85' lang='lat' dir='ltr'><strong>Deus;</strong></span> <span class='ocrx_word' id='word_1_4' title='bbox 708 482 819 540; x_wconf 89' lang='lat' dir='ltr'><strong>hoc</strong></span> <span class='ocrx_word' id='word_1_5' title='bbox 860 495 966 551; x_wconf 89' lang='lat' dir='ltr'><strong>est,</strong></span> <span class='ocrx_word' id='word_1_6' title='bbox 1000 485 1150 544; x_wconf 83' lang='lat' dir='ltr'><strong>Deus</strong></span> <span class='ocrx_word' id='word_1_7' title='bbox 1190 494 1250 544; x_wconf 91' lang='lat' dir='ltr'><strong>et</strong></span> <span class='ocrx_word' id='word_1_8' title='bbox 1286 485 1456 541; x_wconf 90' lang='lat' dir='ltr'><strong>homo</strong></span> <span class='ocrx_word' id='word_1_9' title='bbox 1502 484 1758 541; x_wconf 80' lang='lat' dir='ltr'><strong>Christus</strong></span> <span class='ocrx_word' id='word_1_10' title='bbox 1782 484 1965 543; x_wconf 68' lang='lat' dir='ltr'><strong>Iesus.</strong></span> <span class='ocrx_word' id='word_1_11' title='bbox 1995 488 2041 544; x_wconf 80' lang='grc' dir='ltr'><strong>Δ</strong></span> 
     </span>
    </p>
   </div>
   <div class='ocr_carea' id='block_1_3' title="bbox 381 575 1967 650">
    <p class='ocr_par' dir='ltr' id='par_1_3' title="bbox 381 575 1967 650">
     <span class='ocr_line' id='line_1_3' title="bbox 381 575 1967 650; baseline -0.001 -18"><span class='ocrx_word' id='word_1_12' title='bbox 381 576 591 632; x_wconf 79' lang='lat' dir='ltr'><strong>Audiat</strong></span> <span class='ocrx_word' id='word_1_13' title='bbox 619 583 773 630; x_wconf 89' lang='lat' dir='ltr'><strong>tanto</strong></span> <span class='ocrx_word' id='word_1_14' title='bbox 807 577 990 635; x_wconf 90' lang='lat' dir='ltr'><strong>animo</strong></span> <span class='ocrx_word' id='word_1_15' title='bbox 1025 578 1285 650; x_wconf 88' lang='lat' dir='ltr'><strong>mysteria</strong></span> <span class='ocrx_word' id='word_1_16' title='bbox 1306 577 1405 632; x_wconf 86' lang='lat' dir='ltr'><strong>Dei</strong></span> <span class='ocrx_word' id='word_1_17' title='bbox 1429 576 1686 641; x_wconf 89' lang='lat' dir='ltr'><strong>viventis,</strong></span> <span class='ocrx_word' id='word_1_18' title='bbox 1717 586 1773 632; x_wconf 94' lang='lat' dir='ltr'><strong>et</strong></span> <span class='ocrx_word' id='word_1_19' title='bbox 1794 575 1967 630; x_wconf 84' lang='lat' dir='ltr'><strong>admi-</strong></span> 
     </span>
    </p>
   </div>
   <div class='ocr_carea' id='block_1_4' title="bbox 383 666 1971 739">
    <p class='ocr_par' dir='ltr' id='par_1_4' title="bbox 383 666 1971 739">
     <span class='ocr_line' id='line_1_4' title="bbox 383 666 1971 739; baseline -0.001 -16"><span class='ocrx_word' id='word_1_20' title='bbox 383 684 533 725; x_wconf 89' lang='lat' dir='ltr'><strong>rare.</strong></span> <span class='ocrx_word' id='word_1_21' title='bbox 582 666 813 735; x_wconf 84' lang='lat' dir='ltr'><strong>Quando</strong></span> <span class='ocrx_word' id='word_1_22' title='bbox 840 669 992 724; x_wconf 88' lang='lat' dir='ltr'><strong>enim</strong></span> <span class='ocrx_word' id='word_1_23' title='bbox 1032 669 1168 726; x_wconf 80' lang='lat' dir='ltr'><strong>exiit</strong></span> <span class='ocrx_word' id='word_1_24' title='bbox 1199 668 1374 725; x_wconf 87' lang='lat' dir='ltr'><strong>Adam</strong></span> <span class='ocrx_word' id='word_1_25' title='bbox 1415 684 1485 723; x_wconf 84' lang='lat' dir='ltr'><strong>ex</strong></span> <span class='ocrx_word' id='word_1_26' title='bbox 1528 668 1812 739; x_wconf 79' lang='lat' dir='ltr'><strong>paradiso,</strong></span> <span class='ocrx_word' id='word_1_27' title='bbox 1838 682 1971 737; x_wconf 90' lang='lat' dir='ltr'><strong>pro-</strong></span> 
     </span>
    </p>
   </div>
   <div class='ocr_carea' id='block_1_5' title="bbox 384 759 1972 832">
    <p class='ocr_par' dir='ltr' id='par_1_5' title="bbox 384 759 1972 832">
     <span class='ocr_line' id='line_1_5' title="bbox 384 759 1972 832; baseline 0.001 -19"><span class='ocrx_word' id='word_1_28' title='bbox 384 760 538 816; x_wconf 90' lang='lat' dir='ltr'><strong>tinus</strong></span> <span class='ocrx_word' id='word_1_29' title='bbox 582 759 867 830; x_wconf 80' lang='lat' dir='ltr'><strong>Scriptura</strong></span> <span class='ocrx_word' id='word_1_30' title='bbox 920 777 1033 817; x_wconf 90' lang='lat' dir='ltr'><strong>non</strong></span> <span class='ocrx_word' id='word_1_31' title='bbox 1075 761 1385 832; x_wconf 91' lang='lat' dir='ltr'><strong>composito</strong></span> <span class='ocrx_word' id='word_1_32' title='bbox 1413 762 1638 816; x_wconf 88' lang='lat' dir='ltr'><strong>nomine</strong></span> <span class='ocrx_word' id='word_1_33' title='bbox 1671 759 1972 831; x_wconf 80' lang='lat' dir='ltr'><strong>appellavit</strong></span> 
     </span>
    </p>
   </div>
   <div class='ocr_carea' id='block_1_6' title="bbox 378 850 1973 931">
    <p class='ocr_par' dir='ltr' id='par_1_6' title="bbox 378 850 1973 931">
     <span class='ocr_line' id='line_1_6' title="bbox 378 850 1973 931; baseline 0.002 -27"><span class='ocrx_word' id='word_1_34' title='bbox 378 850 706 915; x_wconf 85' lang='lat' dir='ltr'><strong>Dominum,</strong></span> <span class='ocrx_word' id='word_1_35' title='bbox 745 851 842 931; x_wconf 84' lang='lat' dir='ltr'><strong>sed</strong></span> <span class='ocrx_word' id='word_1_36' title='bbox 886 850 1145 922; x_wconf 85' lang='lat' dir='ltr'><strong>simplici.</strong></span> <span class='ocrx_word' id='word_1_37' title='bbox 1186 852 1360 908; x_wconf 86' lang='lat' dir='ltr'><strong>Nobis</strong></span> <span class='ocrx_word' id='word_1_38' title='bbox 1400 853 1551 908; x_wconf 89' lang='lat' dir='ltr'><strong>enim</strong></span> <span class='ocrx_word' id='word_1_39' title='bbox 1602 868 1839 908; x_wconf 88' lang='lat' dir='ltr'><strong>narrans</strong></span> <span class='ocrx_word' id='word_1_40' title='bbox 1886 851 1973 907; x_wconf 88' lang='lat' dir='ltr'><strong>di-</strong></span> 
     </span>
    </p>
   </div>
   <div class='ocr_carea' id='block_1_7' title="bbox 381 942 1970 1014">
    <p class='ocr_par' dir='ltr' id='par_1_7' title="bbox 381 942 1970 1014">
     <span class='ocr_line' id='line_1_7' title="bbox 381 942 1970 1014; baseline 0 -17"><span class='ocrx_word' id='word_1_41' title='bbox 381 942 595 998; x_wconf 82' lang='lat' dir='ltr'><strong>vinitus</strong></span> <span class='ocrx_word' id='word_1_42' title='bbox 618 942 885 1012; x_wconf 89' lang='lat' dir='ltr'><strong>inspirata</strong></span> <span class='ocrx_word' id='word_1_43' title='bbox 911 943 1140 999; x_wconf 75' lang='lat' dir='ltr'><strong>historia</strong></span> <span class='ocrx_word' id='word_1_44' title='bbox 1174 953 1393 1014; x_wconf 90' lang='lat' dir='ltr'><strong>partum</strong></span> <span class='ocrx_word' id='word_1_45' title='bbox 1420 945 1567 1009; x_wconf 66' lang='lat' dir='ltr'><strong>Evae,</strong></span> <span class='ocrx_word' id='word_1_46' title='bbox 1615 944 1752 1004; x_wconf 82' lang='lat' dir='ltr'><strong>dicit</strong></span> <span class='ocrx_word' id='word_1_47' title='bbox 1785 945 1970 999; x_wconf 83' lang='lat' dir='ltr'><strong>statim</strong></span> 
     </span>
    </p>
   </div>
   <div class='ocr_carea' id='block_1_8' title="bbox 378 1033 1971 1106">
    <p class='ocr_par' dir='ltr' id='par_1_8' title="bbox 378 1033 1971 1106">
     <span class='ocr_line' id='line_1_8' title="bbox 378 1033 1971 1106; baseline 0.001 -17"><span class='ocrx_word' id='word_1_48' title='bbox 378 1043 512 1105; x_wconf 89' lang='lat' dir='ltr'><strong>post</strong></span> <span class='ocrx_word' id='word_1_49' title='bbox 561 1033 769 1088; x_wconf 77' lang='lat' dir='ltr'><strong>exitum</strong></span> <span class='ocrx_word' id='word_1_50' title='bbox 813 1048 845 1088; x_wconf 88' lang='lat' dir='ltr'><strong>e</strong></span> <span class='ocrx_word' id='word_1_51' title='bbox 888 1035 1148 1103; x_wconf 81' lang='lat' dir='ltr'><strong>paradiso</strong></span> <span class='ocrx_word' id='word_1_52' title='bbox 1208 1053 1220 1088; x_wconf 93' lang='lat'>:</span> <span class='ocrx_word' id='word_1_53' title='bbox 1271 1035 1524 1106; x_wconf 81' lang='lat' dir='ltr'><strong>Cognovit</strong></span> <span class='ocrx_word' id='word_1_54' title='bbox 1575 1044 1752 1091; x_wconf 85' lang='lat' dir='ltr'><strong>autem</strong></span> <span class='ocrx_word' id='word_1_55' title='bbox 1796 1036 1971 1091; x_wconf 81' lang='lat' dir='ltr'><strong>Adam</strong></span> 
     </span>
    </p>
   </div>
   <div class='ocr_carea' id='block_1_9' title="bbox 379 1125 1972 1198">
    <p class='ocr_par' dir='ltr' id='par_1_9' title="bbox 379 1125 1972 1198">
     <span class='ocr_line' id='line_1_9' title="bbox 379 1125 1972 1198; baseline 0 -19"><span class='ocrx_word' id='word_1_56' title='bbox 379 1140 606 1179; x_wconf 72' lang='lat' dir='ltr'><strong>uxorem</strong></span> <span class='ocrx_word' id='word_1_57' title='bbox 651 1132 828 1190; x_wconf 83' lang='lat' dir='ltr'><strong>suam,</strong></span> <span class='ocrx_word' id='word_1_58' title='bbox 882 1135 933 1177; x_wconf 81' lang='lat' dir='ltr'><strong>et</strong></span> <span class='ocrx_word' id='word_1_59' title='bbox 969 1142 1089 1179; x_wconf 87' lang='lat' dir='ltr'><strong>cum</strong></span> <span class='ocrx_word' id='word_1_60' title='bbox 1130 1128 1466 1195; x_wconf 74' lang='lat' dir='ltr'><strong>concepisset,</strong></span> <span class='ocrx_word' id='word_1_61' title='bbox 1501 1129 1702 1198; x_wconf 78' lang='lat' dir='ltr'><strong>peperit</strong></span> <span class='ocrx_word' id='word_1_62' title='bbox 1744 1125 1878 1182; x_wconf 88' lang='lat' dir='ltr'><strong>Cain</strong></span> <span class='ocrx_word' id='word_1_63' title='bbox 1920 1134 1972 1180; x_wconf 88' lang='lat' dir='ltr'><strong>et</strong></span> 
     </span>
    </p>
   </div>
   <div class='ocr_carea' id='block_1_10' title="bbox 379 1214 1970 1287">
    <p class='ocr_par' dir='ltr' id='par_1_10' title="bbox 379 1214 1970 1287">
     <span class='ocr_line' id='line_1_10' title="bbox 379 1214 1970 1287; baseline 0.001 -18"><span class='ocrx_word' id='word_1_64' title='bbox 379 1216 522 1269; x_wconf 72' lang='lat' dir='ltr'><strong>dixit</strong></span> <span class='ocrx_word' id='word_1_65' title='bbox 550 1232 568 1269; x_wconf 90' lang='lat'><strong><em>:</em></strong></span> <span class='ocrx_word' id='word_1_66' title='bbox 587 1214 805 1268; x_wconf 84' lang='lat' dir='ltr'><strong>Posscdi</strong></span> <span class='ocrx_word' id='word_1_67' title='bbox 821 1216 1087 1270; x_wconf 82' lang='lat' dir='ltr'><strong>hominem</strong></span> <span class='ocrx_word' id='word_1_68' title='bbox 1120 1232 1214 1287; x_wconf 86' lang='lat' dir='ltr'><strong>per</strong></span> <span class='ocrx_word' id='word_1_69' title='bbox 1252 1216 1422 1271; x_wconf 81' lang='lat' dir='ltr'><strong>Deum</strong></span> <span class='ocrx_word' id='word_1_70' title='bbox 1450 1218 1517 1271; x_wconf 74' lang='grc'><strong>³³.</strong></span> <span class='ocrx_word' id='word_1_71' title='bbox 1553 1217 1727 1284; x_wconf 85' lang='lat' dir='ltr'><strong>Quam</strong></span> <span class='ocrx_word' id='word_1_72' title='bbox 1753 1218 1825 1272; x_wconf 90' lang='lat' dir='ltr'><strong>ob</strong></span> <span class='ocrx_word' id='word_1_73' title='bbox 1854 1231 1970 1271; x_wconf 85' lang='lat' dir='ltr'><strong>rem</strong></span> 
     </span>
    </p>
   </div>
   <div class='ocr_carea' id='block_1_11' title="bbox 378 1306 1970 1381">
    <p class='ocr_par' dir='ltr' id='par_1_11' title="bbox 378 1306 1970 1381">
     <span class='ocr_line' id='line_1_11' title="bbox 378 1306 1970 1381; baseline 0.001 -18"><span class='ocrx_word' id='word_1_74' title='bbox 378 1316 594 1375; x_wconf 87' lang='lat' dir='ltr'><strong>autem,</strong></span> <span class='ocrx_word' id='word_1_75' title='bbox 620 1324 654 1363; x_wconf 91' lang='grc' dir='ltr'>ο</span> <span class='ocrx_word' id='word_1_76' title='bbox 686 1306 896 1375; x_wconf 63' lang='lat' dir='ltr'><strong>Iudice,</strong></span> <span class='ocrx_word' id='word_1_77' title='bbox 930 1308 1118 1363; x_wconf 89' lang='lat' dir='ltr'><strong>divina</strong></span> <span class='ocrx_word' id='word_1_78' title='bbox 1148 1307 1438 1380; x_wconf 87' lang='lat' dir='ltr'><strong>Scriptura</strong></span> <span class='ocrx_word' id='word_1_79' title='bbox 1480 1326 1603 1381; x_wconf 67' lang='lat' dir='ltr'><strong>quae</strong></span> <span class='ocrx_word' id='word_1_80' title='bbox 1638 1311 1693 1369; x_wconf 88' lang='lat' dir='ltr'><strong>in</strong></span> <span class='ocrx_word' id='word_1_81' title='bbox 1728 1319 1970 1380; x_wconf 88' lang='lat' dir='ltr'><strong>septem-</strong></span> 
     </span>
    </p>
   </div>
   <div class='ocr_carea' id='block_1_12' title="bbox 380 1398 1969 1473">
    <p class='ocr_par' dir='ltr' id='par_1_12' title="bbox 380 1398 1969 1473">
     <span class='ocr_line' id='line_1_12' title="bbox 380 1398 1969 1473; baseline 0.002 -20"><span class='ocrx_word' id='word_1_82' title='bbox 380 1398 568 1454; x_wconf 86' lang='lat' dir='ltr'><strong>decim</strong></span> <span class='ocrx_word' id='word_1_83' title='bbox 623 1398 900 1468; x_wconf 89' lang='lat' dir='ltr'><strong>capitibus</strong></span> <span class='ocrx_word' id='word_1_84' title='bbox 943 1410 1373 1470; x_wconf 83' lang='lat' dir='ltr'><strong>consequenter,</strong></span> <span class='ocrx_word' id='word_1_85' title='bbox 1407 1402 1463 1456; x_wconf 92' lang='lat' dir='ltr'><strong>in</strong></span> <span class='ocrx_word' id='word_1_86' title='bbox 1495 1402 1755 1473; x_wconf 87' lang='lat' dir='ltr'><strong>paradiso</strong></span> <span class='ocrx_word' id='word_1_87' title='bbox 1795 1403 1969 1458; x_wconf 92' lang='lat' dir='ltr'><strong>Deum</strong></span> 
     </span>
    </p>
   </div>
   <div class='ocr_carea' id='block_1_13' title="bbox 380 1489 1968 1561">
    <p class='ocr_par' dir='ltr' id='par_1_13' title="bbox 380 1489 1968 1561">
     <span class='ocr_line' id='line_1_13' title="bbox 380 1489 1968 1561; baseline 0.002 -14"><span class='ocrx_word' id='word_1_88' title='bbox 380 1489 596 1561; x_wconf 87' lang='lat' dir='ltr'><strong>duplici</strong></span> <span class='ocrx_word' id='word_1_89' title='bbox 642 1491 869 1547; x_wconf 90' lang='lat' dir='ltr'><strong>nomine</strong></span> <span class='ocrx_word' id='word_1_90' title='bbox 923 1492 1328 1559; x_wconf 87' lang='lat' dir='ltr'><strong>nominaverat,</strong></span> <span class='ocrx_word' id='word_1_91' title='bbox 1365 1502 1436 1560; x_wconf 84' lang='lat' dir='ltr'><strong>et</strong></span> <span class='ocrx_word' id='word_1_92' title='bbox 1502 1510 1629 1550; x_wconf 89' lang='lat' dir='ltr'><strong>eum</strong></span> <span class='ocrx_word' id='word_1_93' title='bbox 1676 1495 1968 1550; x_wconf 89' lang='lat' dir='ltr'><strong>Dominum</strong></span> 
     </span>
    </p>
   </div>
   <div class='ocr_carea' id='block_1_14' title="bbox 380 1583 1971 1657">
    <p class='ocr_par' dir='ltr' id='par_1_14' title="bbox 380 1583 1971 1657">
     <span class='ocr_line' id='line_1_14' title="bbox 380 1583 1971 1657; baseline 0.003 -18"><span class='ocrx_word' id='word_1_94' title='bbox 380 1593 443 1639; x_wconf 87' lang='lat' dir='ltr'><strong>et</strong></span> <span class='ocrx_word' id='word_1_95' title='bbox 490 1583 659 1638; x_wconf 91' lang='lat' dir='ltr'><strong>Deum</strong></span> <span class='ocrx_word' id='word_1_96' title='bbox 711 1583 1110 1654; x_wconf 86' lang='lat' dir='ltr'><strong>appellaverat,</strong></span> <span class='ocrx_word' id='word_1_97' title='bbox 1149 1583 1334 1641; x_wconf 86' lang='lat' dir='ltr'><strong>statim</strong></span> <span class='ocrx_word' id='word_1_98' title='bbox 1368 1593 1495 1656; x_wconf 86' lang='lat' dir='ltr'><strong>post</strong></span> <span class='ocrx_word' id='word_1_99' title='bbox 1538 1586 1786 1641; x_wconf 88' lang='lat' dir='ltr'><strong>hominis</strong></span> <span class='ocrx_word' id='word_1_100' title='bbox 1811 1602 1841 1641; x_wconf 91' lang='lat' dir='ltr'><strong>e</strong></span> <span class='ocrx_word' id='word_1_101' title='bbox 1875 1602 1971 1657; x_wconf 83' lang='lat' dir='ltr'><strong>pa-</strong></span> 
     </span>
    </p>
   </div>
   <div class='ocr_carea' id='block_1_15' title="bbox 385 1658 1970 1744">
    <p class='ocr_par' dir='ltr' id='par_1_15' title="bbox 385 1658 1970 1744">
     <span class='ocr_line' id='line_1_15' title="bbox 385 1658 1970 1744; baseline 0.003 -19"><span class='ocrx_word' id='word_1_102' title='bbox 385 1670 576 1726; x_wconf 89' lang='lat' dir='ltr'><strong>radiso</strong></span> <span class='ocrx_word' id='word_1_103' title='bbox 603 1686 914 1742; x_wconf 83' lang='lat' dir='ltr'><strong>egressum,</strong></span> <span class='ocrx_word' id='word_1_104' title='bbox 941 1671 1125 1741; x_wconf 91' lang='lat' dir='ltr'><strong>ipsum</strong></span> <span class='ocrx_word' id='word_1_105' title='bbox 1170 1673 1344 1728; x_wconf 89' lang='lat' dir='ltr'><strong>Deum</strong></span> <span class='ocrx_word' id='word_1_106' title='bbox 1374 1658 1695 1744; x_wconf 78' lang='lat' dir='ltr'><strong>appellavit,</strong></span> <span class='ocrx_word' id='word_1_107' title='bbox 1732 1675 1829 1730; x_wconf 91' lang='lat' dir='ltr'><strong>sed</strong></span> <span class='ocrx_word' id='word_1_108' title='bbox 1857 1691 1970 1730; x_wconf 92' lang='lat' dir='ltr'><strong>non</strong></span> 
     </span>
    </p>
   </div>
   <div class='ocr_carea' id='block_1_16' title="bbox 384 1763 1970 1836">
    <p class='ocr_par' dir='ltr' id='par_1_16' title="bbox 384 1763 1970 1836">
     <span class='ocr_line' id='line_1_16' title="bbox 384 1763 1970 1836; baseline 0.001 -17"><span class='ocrx_word' id='word_1_109' title='bbox 384 1764 685 1819; x_wconf 90' lang='lat' dir='ltr'><strong>Dominum</strong></span> <span class='ocrx_word' id='word_1_110' title='bbox 735 1769 792 1818; x_wconf 88' lang='lat' dir='ltr'><strong>et</strong></span> <span class='ocrx_word' id='word_1_111' title='bbox 834 1763 1052 1818; x_wconf 84' lang='lat' dir='ltr'><strong>Deum?</strong></span> <span class='ocrx_word' id='word_1_112' title='bbox 1102 1764 1173 1820; x_wconf 88' lang='lat' dir='ltr'><strong>Ut</strong></span> <span class='ocrx_word' id='word_1_113' title='bbox 1205 1774 1265 1820; x_wconf 84' lang='lat' dir='ltr'><strong>tu</strong></span> <span class='ocrx_word' id='word_1_114' title='bbox 1299 1764 1483 1820; x_wconf 89' lang='lat' dir='ltr'><strong>discas</strong></span> <span class='ocrx_word' id='word_1_115' title='bbox 1529 1766 1678 1836; x_wconf 91' lang='lat' dir='ltr'><strong>quod</strong></span> <span class='ocrx_word' id='word_1_116' title='bbox 1707 1765 1970 1821; x_wconf 59' lang='lat' dir='ltr'><strong>Ecclesia</strong></span> 
     </span>
    </p>
   </div>
   <div class='ocr_carea' id='block_1_17' title="bbox 381 1854 1971 1926">
    <p class='ocr_par' dir='ltr' id='par_1_17' title="bbox 381 1854 1971 1926">
     <span class='ocr_line' id='line_1_17' title="bbox 381 1854 1971 1926; baseline 0 -14"><span class='ocrx_word' id='word_1_117' title='bbox 381 1863 474 1912; x_wconf 87' lang='lat' dir='ltr'><strong>est</strong></span> <span class='ocrx_word' id='word_1_118' title='bbox 522 1854 783 1926; x_wconf 89' lang='lat' dir='ltr'><strong>proprius</strong></span> <span class='ocrx_word' id='word_1_119' title='bbox 830 1855 1101 1911; x_wconf 85' lang='lat' dir='ltr'><strong>Dominus</strong></span> <span class='ocrx_word' id='word_1_120' title='bbox 1145 1865 1205 1912; x_wconf 91' lang='lat' dir='ltr'><strong>et</strong></span> <span class='ocrx_word' id='word_1_121' title='bbox 1254 1857 1421 1922; x_wconf 87' lang='lat' dir='ltr'><strong>Deus,</strong></span> <span class='ocrx_word' id='word_1_122' title='bbox 1453 1866 1510 1912; x_wconf 92' lang='lat' dir='ltr'><strong>et</strong></span> <span class='ocrx_word' id='word_1_123' title='bbox 1549 1872 1662 1912; x_wconf 87' lang='lat' dir='ltr'><strong>non</strong></span> <span class='ocrx_word' id='word_1_124' title='bbox 1712 1857 1971 1913; x_wconf 84' lang='lat' dir='ltr'><strong>similiter</strong></span> 
     </span>
    </p>
   </div>
   <div class='ocr_carea' id='block_1_18' title="bbox 382 1948 1970 2019">
    <p class='ocr_par' dir='ltr' id='par_1_18' title="bbox 382 1948 1970 2019">
     <span class='ocr_line' id='line_1_18' title="bbox 382 1948 1970 2019; baseline 0 -15"><span class='ocrx_word' id='word_1_125' title='bbox 382 1963 583 2004; x_wconf 87' lang='lat' dir='ltr'><strong>eorum</strong></span> <span class='ocrx_word' id='word_1_126' title='bbox 624 1948 723 2019; x_wconf 89' lang='lat' dir='ltr'><strong>qui</strong></span> <span class='ocrx_word' id='word_1_127' title='bbox 770 1956 902 2003; x_wconf 91' lang='lat' dir='ltr'><strong>sunt</strong></span> <span class='ocrx_word' id='word_1_128' title='bbox 942 1956 1098 2004; x_wconf 81' lang='lat' dir='ltr'><strong>extra</strong></span> <span class='ocrx_word' id='word_1_129' title='bbox 1132 1948 1467 2005; x_wconf 80' lang='lat' dir='ltr'><strong>Ecclesiam.</strong></span> <span class='ocrx_word' id='word_1_130' title='bbox 1516 1950 1654 2005; x_wconf 90' lang='lat' dir='ltr'><strong>Nam</strong></span> <span class='ocrx_word' id='word_1_131' title='bbox 1684 1949 1970 2005; x_wconf 89' lang='lat' dir='ltr'><strong>hominum</strong></span> 
     </span>
    </p>
   </div>
   <div class='ocr_carea' id='block_1_19' title="bbox 386 2039 1973 2112">
    <p class='ocr_par' dir='ltr' id='par_1_19' title="bbox 386 2039 1973 2112">
     <span class='ocr_line' id='line_1_19' title="bbox 386 2039 1973 2112; baseline 0.001 -18"><span class='ocrx_word' id='word_1_132' title='bbox 386 2039 617 2110; x_wconf 86' lang='lat' dir='ltr'><strong>quidem</strong></span> <span class='ocrx_word' id='word_1_133' title='bbox 647 2039 742 2109; x_wconf 87' lang='lat' dir='ltr'><strong>qui</strong></span> <span class='ocrx_word' id='word_1_134' title='bbox 771 2048 904 2094; x_wconf 90' lang='lat' dir='ltr'><strong>sunt</strong></span> <span class='ocrx_word' id='word_1_135' title='bbox 932 2048 1111 2107; x_wconf 80' lang='lat' dir='ltr'><strong>extra,</strong></span> <span class='ocrx_word' id='word_1_136' title='bbox 1142 2040 1291 2096; x_wconf 89' lang='lat' dir='ltr'><strong>Deus</strong></span> <span class='ocrx_word' id='word_1_137' title='bbox 1310 2050 1426 2108; x_wconf 90' lang='lat' dir='ltr'><strong>est;</strong></span> <span class='ocrx_word' id='word_1_138' title='bbox 1457 2056 1657 2112; x_wconf 89' lang='lat' dir='ltr'><strong>nempe</strong></span> <span class='ocrx_word' id='word_1_139' title='bbox 1682 2041 1834 2107; x_wconf 81' lang='grc' dir='ltr'><strong>Θεός,</strong></span> <span class='ocrx_word' id='word_1_140' title='bbox 1868 2042 1973 2096; x_wconf 92' lang='lat' dir='ltr'><strong>hoc</strong></span> 
     </span>
    </p>
   </div>
   <div class='ocr_carea' id='block_1_20' title="bbox 392 2129 1975 2201">
    <p class='ocr_par' dir='ltr' id='par_1_20' title="bbox 392 2129 1975 2201">
     <span class='ocr_line' id='line_1_20' title="bbox 392 2129 1975 2201; baseline 0.003 -16"><span class='ocrx_word' id='word_1_141' title='bbox 392 2139 481 2185; x_wconf 87' lang='lat' dir='ltr'><strong>est</strong></span> <span class='ocrx_word' id='word_1_142' title='bbox 510 2129 732 2201; x_wconf 81' lang='grc' dir='ltr'><strong>θεατής,</strong></span> <span class='ocrx_word' id='word_1_143' title='bbox 758 2130 811 2185; x_wconf 93' lang='lat' dir='ltr'><strong>id</strong></span> <span class='ocrx_word' id='word_1_144' title='bbox 842 2139 929 2185; x_wconf 88' lang='lat' dir='ltr'><strong>est</strong></span> <span class='ocrx_word' id='word_1_145' title='bbox 962 2138 1276 2201; x_wconf 88' lang='lat' dir='ltr'><strong>spectator;</strong></span> <span class='ocrx_word' id='word_1_146' title='bbox 1326 2132 1586 2188; x_wconf 82' lang='lat' dir='ltr'><strong>Ecclesiae</strong></span> <span class='ocrx_word' id='word_1_147' title='bbox 1613 2140 1798 2188; x_wconf 87' lang='lat' dir='ltr'><strong>autem</strong></span> <span class='ocrx_word' id='word_1_148' title='bbox 1829 2132 1975 2189; x_wconf 89' lang='lat' dir='ltr'><strong>Deus</strong></span> 
     </span>
    </p>
   </div>
   <div class='ocr_carea' id='block_1_21' title="bbox 388 2223 1973 2296">
    <p class='ocr_par' dir='ltr' id='par_1_21' title="bbox 388 2223 1973 2296">
     <span class='ocr_line' id='line_1_21' title="bbox 388 2223 1973 2296; baseline 0.002 -19"><span class='ocrx_word' id='word_1_149' title='bbox 388 2231 480 2277; x_wconf 88' lang='lat' dir='ltr'><strong>est</strong></span> <span class='ocrx_word' id='word_1_150' title='bbox 514 2231 570 2277; x_wconf 92' lang='lat' dir='ltr'><strong>et</strong></span> <span class='ocrx_word' id='word_1_151' title='bbox 609 2231 882 2292; x_wconf 78' lang='lat' dir='ltr'><strong>Spectator</strong></span> <span class='ocrx_word' id='word_1_152' title='bbox 910 2231 969 2277; x_wconf 93' lang='lat' dir='ltr'><strong>et</strong></span> <span class='ocrx_word' id='word_1_153' title='bbox 990 2223 1280 2289; x_wconf 91' lang='lat' dir='ltr'><strong>Dominus,</strong></span> <span class='ocrx_word' id='word_1_154' title='bbox 1308 2224 1359 2280; x_wconf 91' lang='lat' dir='ltr'><strong>ei</strong></span> <span class='ocrx_word' id='word_1_155' title='bbox 1398 2224 1712 2290; x_wconf 89' lang='lat' dir='ltr'><strong>dominans,</strong></span> <span class='ocrx_word' id='word_1_156' title='bbox 1742 2225 1973 2296; x_wconf 86' lang='lat' dir='ltr'><strong>ejusque</strong></span> 
     </span>
    </p>
   </div>
   <div class='ocr_carea' id='block_1_22' title="bbox 383 2313 1997 2383">
    <p class='ocr_par' dir='ltr' id='par_1_22' title="bbox 383 2313 1997 2383">
     <span class='ocr_line' id='line_1_22' title="bbox 383 2313 1997 2383; baseline 0.004 -19"><span class='ocrx_word' id='word_1_157' title='bbox 383 2324 584 2364; x_wconf 89' lang='lat' dir='ltr'><strong>curam</strong></span> <span class='ocrx_word' id='word_1_158' title='bbox 618 2325 835 2380; x_wconf 84' lang='lat' dir='ltr'><strong>gerens,</strong></span> <span class='ocrx_word' id='word_1_159' title='bbox 880 2324 1115 2381; x_wconf 89' lang='lat' dir='ltr'><strong>eamque</strong></span> <span class='ocrx_word' id='word_1_160' title='bbox 1154 2313 1486 2383; x_wconf 89' lang='lat' dir='ltr'><strong>suscipiens,</strong></span> <span class='ocrx_word' id='word_1_161' title='bbox 1541 2322 1726 2381; x_wconf 91' lang='lat' dir='ltr'><strong>tuens,</strong></span> <span class='ocrx_word' id='word_1_162' title='bbox 1771 2329 1837 2369; x_wconf 92' lang='lat' dir='ltr'><strong>ac</strong></span> <span class='ocrx_word' id='word_1_163' title='bbox 1874 2314 1997 2370; x_wconf 48' lang='lat' dir='ltr'><strong>de-‘</strong></span> 
     </span>
    </p>
   </div>
   <div class='ocr_carea' id='block_1_23' title="bbox 380 2399 1976 2473">
    <p class='ocr_par' dir='ltr' id='par_1_23' title="bbox 380 2399 1976 2473">
     <span class='ocr_line' id='line_1_23' title="bbox 380 2399 1976 2473; baseline 0.003 -20"><span class='ocrx_word' id='word_1_164' title='bbox 380 2399 645 2454; x_wconf 72' lang='lat' dir='ltr'><strong>tendens.</strong></span> <span class='ocrx_word' id='word_1_165' title='bbox 697 2399 854 2466; x_wconf 88' lang='lat' dir='ltr'><strong>Quod</strong></span> <span class='ocrx_word' id='word_1_166' title='bbox 890 2401 937 2455; x_wconf 91' lang='lat' dir='ltr'><strong>si</strong></span> <span class='ocrx_word' id='word_1_167' title='bbox 977 2401 1145 2457; x_wconf 90' lang='lat' dir='ltr'><strong>etiam</strong></span> <span class='ocrx_word' id='word_1_168' title='bbox 1195 2410 1321 2472; x_wconf 88' lang='lat' dir='ltr'><strong>post</strong></span> <span class='ocrx_word' id='word_1_169' title='bbox 1364 2402 1751 2473; x_wconf 83' lang='lat' dir='ltr'><strong>expulsionem</strong></span> <span class='ocrx_word' id='word_1_170' title='bbox 1779 2417 1849 2457; x_wconf 83' lang='lat' dir='ltr'><strong>ex</strong></span> <span class='ocrx_word' id='word_1_171' title='bbox 1876 2418 1976 2472; x_wconf 89' lang='lat' dir='ltr'><strong>pa-</strong></span> 
     </span>
    </p>
   </div>
   <div class='ocr_carea' id='block_1_24' title="bbox 385 2493 1974 2565">
    <p class='ocr_par' dir='ltr' id='par_1_24' title="bbox 385 2493 1974 2565">
     <span class='ocr_line' id='line_1_24' title="bbox 385 2493 1974 2565; baseline 0.001 -18"><span class='ocrx_word' id='word_1_172' title='bbox 385 2493 579 2548; x_wconf 89' lang='lat' dir='ltr'><strong>radiso</strong></span> <span class='ocrx_word' id='word_1_173' title='bbox 628 2494 957 2550; x_wconf 85' lang='lat' dir='ltr'><strong>nominatur</strong></span> <span class='ocrx_word' id='word_1_174' title='bbox 1001 2495 1059 2550; x_wconf 91' lang='lat' dir='ltr'><strong>in</strong></span> <span class='ocrx_word' id='word_1_175' title='bbox 1100 2495 1290 2551; x_wconf 88' lang='lat' dir='ltr'><strong>divina</strong></span> <span class='ocrx_word' id='word_1_176' title='bbox 1354 2494 1643 2565; x_wconf 90' lang='lat' dir='ltr'><strong>Scriptura</strong></span> <span class='ocrx_word' id='word_1_177' title='bbox 1689 2493 1974 2559; x_wconf 85' lang='lat' dir='ltr'><strong>Dominus,</strong></span> 
     </span>
    </p>
   </div>
   <div class='ocr_carea' id='block_1_25' title="bbox 388 2584 1979 2655">
    <p class='ocr_par' dir='ltr' id='par_1_25' title="bbox 388 2584 1979 2655">
     <span class='ocr_line' id='line_1_25' title="bbox 388 2584 1979 2655; baseline 0 -16"><span class='ocrx_word' id='word_1_178' title='bbox 388 2584 661 2640; x_wconf 85' lang='lat' dir='ltr'><strong>Dominus</strong></span> <span class='ocrx_word' id='word_1_179' title='bbox 712 2586 880 2651; x_wconf 90' lang='lat' dir='ltr'><strong>Deus,</strong></span> <span class='ocrx_word' id='word_1_180' title='bbox 939 2602 1012 2643; x_wconf 88' lang='lat' dir='ltr'><strong>ne</strong></span> <span class='ocrx_word' id='word_1_181' title='bbox 1081 2586 1343 2653; x_wconf 89' lang='lat' dir='ltr'><strong>mireris;</strong></span> <span class='ocrx_word' id='word_1_182' title='bbox 1411 2586 1519 2641; x_wconf 89' lang='lat' dir='ltr'><strong>erit</strong></span> <span class='ocrx_word' id='word_1_183' title='bbox 1570 2586 1721 2642; x_wconf 90' lang='lat' dir='ltr'><strong>enim</strong></span> <span class='ocrx_word' id='word_1_184' title='bbox 1761 2594 1979 2655; x_wconf 86' lang='lat' dir='ltr'><strong>tempus</strong></span> 
     </span>
    </p>
   </div>
   <div class='ocr_carea' id='block_1_26' title="bbox 395 2675 1983 2749">
    <p class='ocr_par' dir='ltr' id='par_1_26' title="bbox 395 2675 1983 2749">
     <span class='ocr_line' id='line_1_26' title="bbox 395 2675 1983 2749; baseline 0 -18"><span class='ocrx_word' id='word_1_185' title='bbox 395 2677 618 2748; x_wconf 81' lang='lat' dir='ltr'><strong>quando</strong></span> <span class='ocrx_word' id='word_1_186' title='bbox 674 2677 843 2733; x_wconf 90' lang='lat' dir='ltr'><strong>etiam</strong></span> <span class='ocrx_word' id='word_1_187' title='bbox 884 2675 955 2734; x_wconf 86' lang='lat' dir='ltr'><strong>iis</strong></span> <span class='ocrx_word' id='word_1_188' title='bbox 1005 2679 1102 2749; x_wconf 92' lang='lat' dir='ltr'><strong>qui</strong></span> <span class='ocrx_word' id='word_1_189' title='bbox 1151 2686 1283 2734; x_wconf 90' lang='lat' dir='ltr'><strong>sunt</strong></span> <span class='ocrx_word' id='word_1_190' title='bbox 1331 2686 1486 2734; x_wconf 84' lang='lat' dir='ltr'><strong>extra</strong></span> <span class='ocrx_word' id='word_1_191' title='bbox 1534 2677 1838 2733; x_wconf 90' lang='lat' dir='ltr'><strong>Ecclesiam</strong></span> <span class='ocrx_word' id='word_1_192' title='bbox 1883 2675 1983 2731; x_wconf 89' lang='lat' dir='ltr'><strong>do-</strong></span> 
     </span>
    </p>
   </div>
   <div class='ocr_carea' id='block_1_27' title="bbox 2000 1822 2044 1879">
    <p class='ocr_par' dir='ltr' id='par_1_27' title="bbox 2000 1822 2044 1879">
     <span class='ocr_line' id='line_1_27' title="bbox 2000 1822 2044 1879; baseline 0 0"><span class='ocrx_word' id='word_1_193' title='bbox 2000 1822 2044 1879; x_wconf 92' lang='lat' dir='ltr'><strong>B</strong></span> 
     </span>
    </p>
   </div>
   <div class='ocr_carea' id='block_1_28' title="bbox 300 2766 1978 2838">
    <p class='ocr_par' dir='ltr' id='par_1_28' title="bbox 300 2766 1978 2838">
     <span class='ocr_line' id='line_1_28' title="bbox 300 2766 1978 2838; baseline -0.001 -17"><span class='ocrx_word' id='word_1_194' title='bbox 300 2794 357 2825; x_wconf 68' lang='lat'><strong>-,</strong></span> <span class='ocrx_word' id='word_1_195' title='bbox 396 2766 701 2822; x_wconf 89' lang='lat' dir='ltr'><strong>minabitur</strong></span> <span class='ocrx_word' id='word_1_196' title='bbox 755 2783 855 2838; x_wconf 90' lang='lat' dir='ltr'><strong>per</strong></span> <span class='ocrx_word' id='word_1_197' title='bbox 901 2767 1285 2838; x_wconf 85' lang='lat' dir='ltr'><strong>Evangelium,</strong></span> <span class='ocrx_word' id='word_1_198' title='bbox 1324 2773 1371 2821; x_wconf 88' lang='lat' dir='ltr'><strong>et</strong></span> <span class='ocrx_word' id='word_1_199' title='bbox 1424 2769 1545 2833; x_wconf 86' lang='lat' dir='ltr'><strong>erit,</strong></span> <span class='ocrx_word' id='word_1_200' title='bbox 1573 2774 1637 2822; x_wconf 91' lang='lat' dir='ltr'><strong>ut</strong></span> <span class='ocrx_word' id='word_1_201' title='bbox 1676 2767 1794 2837; x_wconf 90' lang='lat' dir='ltr'><strong>ipse</strong></span> <span class='ocrx_word' id='word_1_202' title='bbox 1817 2766 1978 2832; x_wconf 81' lang='lat' dir='ltr'><strong>dixit,</strong></span> 
     </span>
    </p>
   </div>
   <div class='ocr_carea' id='block_1_29' title="bbox 393 2858 1981 2930">
    <p class='ocr_par' dir='ltr' id='par_1_29' title="bbox 393 2858 1981 2930">
     <span class='ocr_line' id='line_1_29' title="bbox 393 2858 1981 2930; baseline 0 -17"><span class='ocrx_word' id='word_1_203' title='bbox 393 2875 564 2913; x_wconf 83' lang='lat' dir='ltr'><strong>unum</strong></span> <span class='ocrx_word' id='word_1_204' title='bbox 599 2858 756 2926; x_wconf 81' lang='lat' dir='ltr'><strong>ovile,</strong></span> <span class='ocrx_word' id='word_1_205' title='bbox 804 2876 942 2913; x_wconf 87' lang='lat' dir='ltr'><strong>unus</strong></span> <span class='ocrx_word' id='word_1_206' title='bbox 991 2867 1178 2930; x_wconf 78' lang='lat' dir='ltr'><strong>pastor</strong></span> <span class='ocrx_word' id='word_1_207' title='bbox 1226 2858 1294 2913; x_wconf 76' lang='lat'><strong>&quot;.</strong></span> <span class='ocrx_word' id='word_1_208' title='bbox 1346 2859 1537 2929; x_wconf 85' lang='lat' dir='ltr'><strong>Neque</strong></span> <span class='ocrx_word' id='word_1_209' title='bbox 1584 2874 1618 2914; x_wconf 85' lang='lat' dir='ltr'><strong>a</strong></span> <span class='ocrx_word' id='word_1_210' title='bbox 1652 2874 1776 2914; x_wconf 88' lang='lat' dir='ltr'><strong>mea</strong></span> <span class='ocrx_word' id='word_1_211' title='bbox 1815 2873 1981 2928; x_wconf 85' lang='lat' dir='ltr'><strong>quam</strong></span> 
     </span>
    </p>
   </div>
   <div class='ocr_carea' id='block_1_30' title="bbox 392 2948 1983 3019">
    <p class='ocr_par' dir='ltr' id='par_1_30' title="bbox 392 2948 1983 3019">
     <span class='ocr_line' id='line_1_30' title="bbox 392 2948 1983 3019; baseline -0.001 -16"><span class='ocrx_word' id='word_1_212' title='bbox 392 2949 554 3019; x_wconf 87' lang='lat' dir='ltr'><strong>prius</strong></span> <span class='ocrx_word' id='word_1_213' title='bbox 586 2949 699 3005; x_wconf 85' lang='lat' dir='ltr'><strong>dixi</strong></span> <span class='ocrx_word' id='word_1_214' title='bbox 753 2949 956 3005; x_wconf 89' lang='lat' dir='ltr'><strong>recedo</strong></span> <span class='ocrx_word' id='word_1_215' title='bbox 996 2948 1294 3013; x_wconf 88' lang='lat' dir='ltr'><strong>sententia,</strong></span> <span class='ocrx_word' id='word_1_216' title='bbox 1327 2948 1494 3004; x_wconf 87' lang='lat' dir='ltr'><strong>simul</strong></span> <span class='ocrx_word' id='word_1_217' title='bbox 1538 2964 1569 3003; x_wconf 90' lang='lat' dir='ltr'><strong>a</strong></span> <span class='ocrx_word' id='word_1_218' title='bbox 1599 2948 1791 3004; x_wconf 66' lang='lat' dir='ltr'><strong>Judaeo</strong></span> <span class='ocrx_word' id='word_1_219' title='bbox 1828 2956 1885 3002; x_wconf 87' lang='lat' dir='ltr'><strong>et</strong></span> <span class='ocrx_word' id='word_1_220' title='bbox 1914 2948 1983 3002; x_wconf 90' lang='lat' dir='ltr'><strong>ab</strong></span> 
     </span>
    </p>
   </div>
   <div class='ocr_carea' id='block_1_31' title="bbox 395 3039 1985 3111">
    <p class='ocr_par' dir='ltr' id='par_1_31' title="bbox 395 3039 1985 3111">
     <span class='ocr_line' id='line_1_31' title="bbox 395 3039 1985 3111; baseline -0.001 -17"><span class='ocrx_word' id='word_1_221' title='bbox 395 3039 590 3094; x_wconf 85' lang='lat' dir='ltr'><strong>invido</strong></span> <span class='ocrx_word' id='word_1_222' title='bbox 623 3040 750 3096; x_wconf 91' lang='lat' dir='ltr'><strong>ﬁdei</strong></span> <span class='ocrx_word' id='word_1_223' title='bbox 785 3041 881 3111; x_wconf 90' lang='lat' dir='ltr'><strong>qui</strong></span> <span class='ocrx_word' id='word_1_224' title='bbox 914 3040 1183 3095; x_wconf 89' lang='lat' dir='ltr'><strong>adversus</strong></span> <span class='ocrx_word' id='word_1_225' title='bbox 1229 3040 1375 3096; x_wconf 89' lang='lat' dir='ltr'><strong>hanc</strong></span> <span class='ocrx_word' id='word_1_226' title='bbox 1422 3055 1603 3094; x_wconf 88' lang='lat' dir='ltr'><strong>meam</strong></span> <span class='ocrx_word' id='word_1_227' title='bbox 1650 3039 1985 3095; x_wconf 86' lang='lat' dir='ltr'><strong>contradicit</strong></span> 
     </span>
    </p>
   </div>
   <div class='ocr_carea' id='block_1_32' title="bbox 395 3130 2053 3210">
    <p class='ocr_par' dir='ltr' id='par_1_32' title="bbox 395 3130 2053 3210">
     <span class='ocr_line' id='line_1_32' title="bbox 395 3130 2053 3210; baseline 0 -25"><span class='ocrx_word' id='word_1_228' title='bbox 395 3130 821 3201; x_wconf 82' lang='lat' dir='ltr'><strong>intelligentiam</strong></span> <span class='ocrx_word' id='word_1_229' title='bbox 853 3132 1079 3202; x_wconf 83' lang='lat' dir='ltr'><strong>exigens</strong></span> <span class='ocrx_word' id='word_1_230' title='bbox 1127 3139 1189 3186; x_wconf 92' lang='lat' dir='ltr'><strong>ut</strong></span> <span class='ocrx_word' id='word_1_231' title='bbox 1221 3130 1278 3184; x_wconf 94' lang='lat' dir='ltr'><strong>in</strong></span> <span class='ocrx_word' id='word_1_232' title='bbox 1331 3146 1489 3185; x_wconf 89' lang='lat' dir='ltr'><strong>camo</strong></span> <span class='ocrx_word' id='word_1_233' title='bbox 1535 3139 1591 3185; x_wconf 89' lang='lat' dir='ltr'><strong>et</strong></span> <span class='ocrx_word' id='word_1_234' title='bbox 1632 3130 1791 3185; x_wconf 79' lang='lat' dir='ltr'><strong>freno</strong></span> <span class='ocrx_word' id='word_1_235' title='bbox 1820 3130 1982 3185; x_wconf 91' lang='lat' dir='ltr'><strong>nobis</strong></span> <span class='ocrx_word' id='word_1_236' title='bbox 2007 3150 2053 3210; x_wconf 71' lang='grc' dir='ltr'>ρ</span> 
     </span>
    </p>
   </div>
   <div class='ocr_carea' id='block_1_33' title="bbox 395 3221 1982 3293">
    <p class='ocr_par' dir='ltr' id='par_1_33' title="bbox 395 3221 1982 3293">
     <span class='ocr_line' id='line_1_33' title="bbox 395 3221 1982 3293; baseline -0.001 -15"><span class='ocrx_word' id='word_1_237' title='bbox 395 3222 554 3278; x_wconf 89' lang='lat' dir='ltr'><strong>dicat</strong></span> <span class='ocrx_word' id='word_1_238' title='bbox 581 3224 943 3293; x_wconf 89' lang='lat' dir='ltr'><strong>quamobrem</strong></span> <span class='ocrx_word' id='word_1_239' title='bbox 990 3231 1117 3277; x_wconf 87' lang='lat' dir='ltr'><strong>ante</strong></span> <span class='ocrx_word' id='word_1_240' title='bbox 1160 3222 1458 3278; x_wconf 87' lang='lat' dir='ltr'><strong>adventum</strong></span> <span class='ocrx_word' id='word_1_241' title='bbox 1505 3221 1706 3277; x_wconf 87' lang='lat' dir='ltr'><strong>divinae</strong></span> <span class='ocrx_word' id='word_1_242' title='bbox 1740 3222 1982 3277; x_wconf 87' lang='lat' dir='ltr'><strong>insuﬁla-</strong></span> 
     </span>
    </p>
   </div>
   <div class='ocr_carea' id='block_1_34' title="bbox 400 3298 1982 3377">
    <p class='ocr_par' dir='ltr' id='par_1_34' title="bbox 400 3298 1982 3377">
     <span class='ocr_line' id='line_1_34' title="bbox 400 3298 1982 3377; baseline -0.001 -9"><span class='ocrx_word' id='word_1_243' title='bbox 400 3311 575 3368; x_wconf 84' lang='lat' dir='ltr'><strong>tionis</strong></span> <span class='ocrx_word' id='word_1_244' title='bbox 605 3312 675 3369; x_wconf 91' lang='lat' dir='ltr'><strong>ad</strong></span> <span class='ocrx_word' id='word_1_245' title='bbox 703 3313 997 3377; x_wconf 82' lang='lat' dir='ltr'><strong>Adamum,</strong></span> <span class='ocrx_word' id='word_1_246' title='bbox 1040 3314 1189 3369; x_wconf 91' lang='lat' dir='ltr'><strong>Deus</strong></span> <span class='ocrx_word' id='word_1_247' title='bbox 1236 3329 1349 3368; x_wconf 91' lang='lat' dir='ltr'><strong>non</strong></span> <span class='ocrx_word' id='word_1_248' title='bbox 1392 3312 1499 3368; x_wconf 88' lang='lat' dir='ltr'><strong>fuit</strong></span> <span class='ocrx_word' id='word_1_249' title='bbox 1533 3313 1853 3369; x_wconf 88' lang='lat' dir='ltr'><strong>nominatus</strong></span> <span class='ocrx_word' id='word_1_250' title='bbox 1872 3298 1982 3367; x_wconf 76' lang='grc' dir='ltr'><strong>Βό-</strong></span> 
     </span>
    </p>
   </div>
   <div class='ocr_carea' id='block_1_35' title="bbox 407 3405 1461 3472">
    <p class='ocr_par' dir='ltr' id='par_1_35' title="bbox 407 3405 1461 3472">
     <span class='ocr_line' id='line_1_35' title="bbox 407 3405 1461 3472; baseline -0.003 -10"><span class='ocrx_word' id='word_1_251' title='bbox 407 3408 590 3464; x_wconf 84' lang='lat' dir='ltr'><strong>minus</strong></span> <span class='ocrx_word' id='word_1_252' title='bbox 635 3413 694 3462; x_wconf 88' lang='lat' dir='ltr'><strong>et</strong></span> <span class='ocrx_word' id='word_1_253' title='bbox 730 3407 900 3472; x_wconf 92' lang='lat' dir='ltr'><strong>Deus,</strong></span> <span class='ocrx_word' id='word_1_254' title='bbox 935 3405 1033 3462; x_wconf 90' lang='lat' dir='ltr'><strong>sed</strong></span> <span class='ocrx_word' id='word_1_255' title='bbox 1070 3407 1248 3461; x_wconf 88' lang='lat' dir='ltr'><strong>solum</strong></span> <span class='ocrx_word' id='word_1_256' title='bbox 1295 3407 1461 3461; x_wconf 90' lang='lat' dir='ltr'><strong>Deus.</strong></span> 
     </span>
    </p>
   </div>
   <div class='ocr_carea' id='block_1_36' title="bbox 475 3492 1979 3567">
    <p class='ocr_par' dir='ltr' id='par_1_36' title="bbox 475 3492 1979 3567">
     <span class='ocr_line' id='line_1_36' title="bbox 475 3492 1979 3567; baseline -0.001 -17"><span class='ocrx_word' id='word_1_257' title='bbox 475 3492 582 3550; x_wconf 85' lang='lat' dir='ltr'><strong>Sed</strong></span> <span class='ocrx_word' id='word_1_258' title='bbox 609 3503 955 3551; x_wconf 89' lang='lat' dir='ltr'><strong>revertamur</strong></span> <span class='ocrx_word' id='word_1_259' title='bbox 987 3495 1054 3550; x_wconf 89' lang='lat' dir='ltr'><strong>ad</strong></span> <span class='ocrx_word' id='word_1_260' title='bbox 1081 3495 1426 3567; x_wconf 82' lang='lat' dir='ltr'><strong>propositum</strong></span> <span class='ocrx_word' id='word_1_261' title='bbox 1458 3512 1472 3550; x_wconf 78' lang='grc' dir='ltr'><strong><em>τ</em></strong></span> <span class='ocrx_word' id='word_1_262' title='bbox 1498 3494 1594 3549; x_wconf 88' lang='lat' dir='ltr'><strong>Hic</strong></span> <span class='ocrx_word' id='word_1_263' title='bbox 1616 3504 1689 3549; x_wconf 89' lang='lat' dir='ltr'><strong>est</strong></span> <span class='ocrx_word' id='word_1_264' title='bbox 1725 3494 1854 3549; x_wconf 86' lang='lat' dir='ltr'><strong>liber</strong></span> <span class='ocrx_word' id='word_1_265' title='bbox 1889 3511 1979 3565; x_wconf 88' lang='lat' dir='ltr'><strong>ge-</strong></span> 
     </span>
    </p>
   </div>
   <div class='ocr_carea' id='block_1_37' title="bbox 398 3587 1981 3659">
    <p class='ocr_par' dir='ltr' id='par_1_37' title="bbox 398 3587 1981 3659">
     <span class='ocr_line' id='line_1_37' title="bbox 398 3587 1981 3659; baseline 0 -18"><span class='ocrx_word' id='word_1_266' title='bbox 398 3589 698 3643; x_wconf 82' lang='lat' dir='ltr'><strong>nerationis</strong></span> <span class='ocrx_word' id='word_1_267' title='bbox 724 3599 771 3643; x_wconf 91' lang='lat' dir='ltr'><strong>et</strong></span> <span class='ocrx_word' id='word_1_268' title='bbox 793 3596 971 3655; x_wconf 75' lang='lat' dir='ltr'><strong>term,</strong></span> <span class='ocrx_word' id='word_1_269' title='bbox 999 3587 1212 3658; x_wconf 88' lang='lat' dir='ltr'><strong>quando</strong></span> <span class='ocrx_word' id='word_1_270' title='bbox 1233 3588 1331 3659; x_wconf 78' lang='lat' dir='ltr'><strong>fuit</strong></span> <span class='ocrx_word' id='word_1_271' title='bbox 1354 3588 1464 3643; x_wconf 83' lang='lat' dir='ltr'><strong>dies</strong></span> <span class='ocrx_word' id='word_1_272' title='bbox 1483 3589 1538 3642; x_wconf 87' lang='lat' dir='ltr'><strong>in</strong></span> <span class='ocrx_word' id='word_1_273' title='bbox 1562 3603 1663 3659; x_wconf 88' lang='lat' dir='ltr'><strong>quo</strong></span> <span class='ocrx_word' id='word_1_274' title='bbox 1687 3587 1808 3657; x_wconf 77' lang='lat' dir='ltr'><strong>fecit</strong></span> <span class='ocrx_word' id='word_1_275' title='bbox 1844 3587 1981 3642; x_wconf 82' lang='lat' dir='ltr'><strong>Deus</strong></span> 
     </span>
    </p>
   </div>
   <div class='ocr_carea' id='block_1_38' title="bbox 397 3678 1981 3751">
    <p class='ocr_par' dir='ltr' id='par_1_38' title="bbox 397 3678 1981 3751">
     <span class='ocr_line' id='line_1_38' title="bbox 397 3678 1981 3751; baseline -0.003 -14"><span class='ocrx_word' id='word_1_276' title='bbox 397 3678 593 3737; x_wconf 66' lang='lat' dir='ltr'><strong>calum</strong></span> <span class='ocrx_word' id='word_1_277' title='bbox 628 3689 678 3736; x_wconf 89' lang='lat' dir='ltr'><strong>et</strong></span> <span class='ocrx_word' id='word_1_278' title='bbox 720 3689 940 3735; x_wconf 86' lang='lat' dir='ltr'><strong>terram.</strong></span> <span class='ocrx_word' id='word_1_279' title='bbox 973 3679 1243 3751; x_wconf 82' lang='lat' dir='ltr'><strong>Exspecta</strong></span> <span class='ocrx_word' id='word_1_280' title='bbox 1265 3696 1482 3751; x_wconf 89' lang='lat' dir='ltr'><strong>parum,</strong></span> <span class='ocrx_word' id='word_1_281' title='bbox 1514 3686 1572 3735; x_wconf 91' lang='lat' dir='ltr'><strong>et</strong></span> <span class='ocrx_word' id='word_1_282' title='bbox 1609 3679 1803 3735; x_wconf 88' lang='lat' dir='ltr'><strong>audies</strong></span> <span class='ocrx_word' id='word_1_283' title='bbox 1828 3694 1981 3735; x_wconf 82' lang='lat' dir='ltr'><strong>eum-</strong></span> 
     </span>
    </p>
   </div>
   <div class='ocr_carea' id='block_1_39' title="bbox 397 3772 1982 3844">
    <p class='ocr_par' dir='ltr' id='par_1_39' title="bbox 397 3772 1982 3844">
     <span class='ocr_line' id='line_1_39' title="bbox 397 3772 1982 3844; baseline -0.002 -16"><span class='ocrx_word' id='word_1_284' title='bbox 397 3772 534 3829; x_wconf 88' lang='lat' dir='ltr'><strong>dem</strong></span> <span class='ocrx_word' id='word_1_285' title='bbox 564 3774 895 3844; x_wconf 88' lang='lat' dir='ltr'><strong>scriptorem</strong></span> <span class='ocrx_word' id='word_1_286' title='bbox 935 3772 1142 3829; x_wconf 83' lang='lat' dir='ltr'><strong>Mosem</strong></span> <span class='ocrx_word' id='word_1_287' title='bbox 1189 3772 1495 3838; x_wconf 89' lang='lat' dir='ltr'><strong>dicentem,</strong></span> <span class='ocrx_word' id='word_1_288' title='bbox 1531 3773 1618 3826; x_wconf 90' lang='lat' dir='ltr'><strong>vel</strong></span> <span class='ocrx_word' id='word_1_289' title='bbox 1666 3773 1852 3842; x_wconf 88' lang='lat' dir='ltr'><strong>potius</strong></span> <span class='ocrx_word' id='word_1_290' title='bbox 1882 3787 1982 3842; x_wconf 92' lang='lat' dir='ltr'><strong>per</strong></span> 
     </span>
    </p>
   </div>
   <div class='ocr_carea' id='block_1_40' title="bbox 397 3863 1984 3935">
    <p class='ocr_par' dir='ltr' id='par_1_40' title="bbox 397 3863 1984 3935">
     <span class='ocr_line' id='line_1_40' title="bbox 397 3863 1984 3935; baseline -0.001 -16"><span class='ocrx_word' id='word_1_291' title='bbox 397 3880 535 3920; x_wconf 86' lang='lat' dir='ltr'><strong>eum</strong></span> <span class='ocrx_word' id='word_1_292' title='bbox 572 3864 917 3935; x_wconf 91' lang='lat' dir='ltr'><strong>loquentem,</strong></span> <span class='ocrx_word' id='word_1_293' title='bbox 967 3876 1219 3920; x_wconf 87' lang='lat' dir='ltr'><strong>sanctum</strong></span> <span class='ocrx_word' id='word_1_294' title='bbox 1276 3863 1543 3935; x_wconf 89' lang='lat' dir='ltr'><strong>Spiritum</strong></span> <span class='ocrx_word' id='word_1_295' title='bbox 1576 3881 1590 3917; x_wconf 89' lang='lat'><strong>:</strong></span> <span class='ocrx_word' id='word_1_296' title='bbox 1621 3864 1720 3919; x_wconf 84' lang='lat' dir='ltr'><strong>Hic</strong></span> <span class='ocrx_word' id='word_1_297' title='bbox 1744 3872 1820 3919; x_wconf 80' lang='lat' dir='ltr'><strong>est</strong></span> <span class='ocrx_word' id='word_1_298' title='bbox 1856 3864 1984 3919; x_wconf 84' lang='lat' dir='ltr'><strong>liber</strong></span> 
     </span>
    </p>
   </div>
   <div class='ocr_carea' id='block_1_41' title="bbox 396 3955 1983 4030">
    <p class='ocr_par' dir='ltr' id='par_1_41' title="bbox 396 3955 1983 4030">
     <span class='ocr_line' id='line_1_41' title="bbox 396 3955 1983 4030; baseline -0.001 -19"><span class='ocrx_word' id='word_1_299' title='bbox 396 3958 762 4030; x_wconf 81' lang='lat' dir='ltr'><strong>generationis</strong></span> <span class='ocrx_word' id='word_1_300' title='bbox 803 3958 1050 4023; x_wconf 83' lang='lat' dir='ltr'><strong>hominis,</strong></span> <span class='ocrx_word' id='word_1_301' title='bbox 1083 3972 1185 4028; x_wconf 87' lang='lat' dir='ltr'><strong>quo</strong></span> <span class='ocrx_word' id='word_1_302' title='bbox 1223 3957 1308 4011; x_wconf 87' lang='lat' dir='ltr'><strong>die</strong></span> <span class='ocrx_word' id='word_1_303' title='bbox 1353 3957 1470 4026; x_wconf 81' lang='lat' dir='ltr'><strong>fecit</strong></span> <span class='ocrx_word' id='word_1_304' title='bbox 1501 3955 1643 4011; x_wconf 89' lang='lat' dir='ltr'><strong>Deus</strong></span> <span class='ocrx_word' id='word_1_305' title='bbox 1678 3956 1873 4023; x_wconf 82' lang='lat' dir='ltr'><strong>Adam,</strong></span> <span class='ocrx_word' id='word_1_306' title='bbox 1913 3955 1983 4011; x_wconf 88' lang='lat' dir='ltr'><strong>ad</strong></span> 
     </span>
    </p>
   </div>
   <div class='ocr_carea' id='block_1_42' title="bbox 397 4048 1983 4121">
    <p class='ocr_par' dir='ltr' id='par_1_42' title="bbox 397 4048 1983 4121">
     <span class='ocr_line' id='line_1_42' title="bbox 397 4048 1983 4121; baseline -0.001 -17"><span class='ocrx_word' id='word_1_307' title='bbox 397 4052 692 4121; x_wconf 78' lang='lat' dir='ltr'><strong>imaginem</strong></span> <span class='ocrx_word' id='word_1_308' title='bbox 717 4048 815 4104; x_wconf 86' lang='lat' dir='ltr'><strong>Dei</strong></span> <span class='ocrx_word' id='word_1_309' title='bbox 840 4050 964 4121; x_wconf 81' lang='lat' dir='ltr'><strong>fecit</strong></span> <span class='ocrx_word' id='word_1_310' title='bbox 985 4066 1143 4117; x_wconf 84' lang='lat' dir='ltr'><strong>eum;</strong></span> <span class='ocrx_word' id='word_1_311' title='bbox 1170 4048 1469 4105; x_wconf 82' lang='lat' dir='ltr'><strong>masculum</strong></span> <span class='ocrx_word' id='word_1_312' title='bbox 1498 4059 1549 4104; x_wconf 89' lang='lat' dir='ltr'><strong>et</strong></span> <span class='ocrx_word' id='word_1_313' title='bbox 1592 4049 1841 4119; x_wconf 77' lang='lat' dir='ltr'><strong>feminam</strong></span> <span class='ocrx_word' id='word_1_314' title='bbox 1865 4051 1983 4121; x_wconf 80' lang='lat' dir='ltr'><strong>fecit</strong></span> 
     </span>
    </p>
   </div>
   <div class='ocr_carea' id='block_1_43' title="bbox 399 4140 1982 4208">
    <p class='ocr_par' dir='ltr' id='par_1_43' title="bbox 399 4140 1982 4208">
     <span class='ocr_line' id='line_1_43' title="bbox 399 4140 1982 4208; baseline -0.001 -10"><span class='ocrx_word' id='word_1_315' title='bbox 399 4158 516 4207; x_wconf 83' lang='lat' dir='ltr'><strong>eos,</strong></span> <span class='ocrx_word' id='word_1_316' title='bbox 548 4150 597 4195; x_wconf 87' lang='lat' dir='ltr'><strong>et</strong></span> <span class='ocrx_word' id='word_1_317' title='bbox 617 4141 878 4196; x_wconf 70' lang='lat' dir='ltr'><strong>benedixit</strong></span> <span class='ocrx_word' id='word_1_318' title='bbox 905 4142 997 4196; x_wconf 88' lang='lat' dir='ltr'><strong>eis.</strong></span> <span class='ocrx_word' id='word_1_319' title='bbox 1028 4140 1288 4208; x_wconf 70' lang='lat' dir='ltr'><strong>Quantam</strong></span> <span class='ocrx_word' id='word_1_320' title='bbox 1315 4141 1385 4197; x_wconf 90' lang='lat' dir='ltr'><strong>sit</strong></span> <span class='ocrx_word' id='word_1_321' title='bbox 1408 4140 1720 4198; x_wconf 87' lang='lat' dir='ltr'><strong>diﬁ‘erentia</strong></span> <span class='ocrx_word' id='word_1_322' title='bbox 1749 4142 1982 4198; x_wconf 91' lang='lat' dir='ltr'><strong>duarum</strong></span> 
     </span>
    </p>
   </div>
   <div class='ocr_carea' id='block_1_44' title="bbox 400 4232 1981 4303">
    <p class='ocr_par' dir='ltr' id='par_1_44' title="bbox 400 4232 1981 4303">
     <span class='ocr_line' id='line_1_44' title="bbox 400 4232 1981 4303; baseline 0.001 -14"><span class='ocrx_word' id='word_1_323' title='bbox 400 4232 863 4303; x_wconf 78' lang='lat' dir='ltr'><strong>appellationum,</strong></span> <span class='ocrx_word' id='word_1_324' title='bbox 906 4249 1105 4303; x_wconf 87' lang='lat' dir='ltr'><strong>nempe</strong></span> <span class='ocrx_word' id='word_1_325' title='bbox 1137 4233 1269 4288; x_wconf 90' lang='lat' dir='ltr'><strong>libri</strong></span> <span class='ocrx_word' id='word_1_326' title='bbox 1315 4234 1439 4289; x_wconf 88' lang='lat' dir='ltr'><strong>coeli</strong></span> <span class='ocrx_word' id='word_1_327' title='bbox 1464 4244 1522 4290; x_wconf 90' lang='lat' dir='ltr'><strong>et</strong></span> <span class='ocrx_word' id='word_1_328' title='bbox 1551 4243 1734 4300; x_wconf 70' lang='lat' dir='ltr'><strong>terrae,</strong></span> <span class='ocrx_word' id='word_1_329' title='bbox 1759 4243 1816 4291; x_wconf 89' lang='lat' dir='ltr'><strong>et</strong></span> <span class='ocrx_word' id='word_1_330' title='bbox 1855 4235 1981 4290; x_wconf 88' lang='lat' dir='ltr'><strong>libri</strong></span> 
     </span>
    </p>
   </div>
   <div class='ocr_carea' id='block_1_45' title="bbox 402 4314 1985 4392">
    <p class='ocr_par' dir='ltr' id='par_1_45' title="bbox 402 4314 1985 4392">
     <span class='ocr_line' id='line_1_45' title="bbox 402 4314 1985 4392; baseline 0.002 -14"><span class='ocrx_word' id='word_1_331' title='bbox 402 4314 673 4389; x_wconf 81' lang='lat' dir='ltr'><strong>hominis,</strong></span> <span class='ocrx_word' id='word_1_332' title='bbox 712 4324 942 4380; x_wconf 90' lang='lat' dir='ltr'><strong>alterius</strong></span> <span class='ocrx_word' id='word_1_333' title='bbox 977 4324 1047 4379; x_wconf 87' lang='lat' dir='ltr'><strong>ab</strong></span> <span class='ocrx_word' id='word_1_334' title='bbox 1080 4325 1281 4392; x_wconf 88' lang='lat' dir='ltr'><strong>altera,</strong></span> <span class='ocrx_word' id='word_1_335' title='bbox 1315 4324 1564 4382; x_wconf 89' lang='lat' dir='ltr'><strong>dicemus</strong></span> <span class='ocrx_word' id='word_1_336' title='bbox 1592 4325 1888 4382; x_wconf 87' lang='lat' dir='ltr'><strong>discrimen</strong></span> <span class='ocrx_word' id='word_1_337' title='bbox 1928 4327 1985 4381; x_wconf 91' lang='lat' dir='ltr'><strong>in</strong></span> 
     </span>
    </p>
   </div>
   <div class='ocr_carea' id='block_1_46' title="bbox 409 4414 1986 4488">
    <p class='ocr_par' dir='ltr' id='par_1_46' title="bbox 409 4414 1986 4488">
     <span class='ocr_line' id='line_1_46' title="bbox 409 4414 1986 4488; baseline 0.002 -18"><span class='ocrx_word' id='word_1_338' title='bbox 409 4414 485 4471; x_wconf 88' lang='lat' dir='ltr'><strong>iis</strong></span> <span class='ocrx_word' id='word_1_339' title='bbox 525 4431 647 4485; x_wconf 72' lang='lat' dir='ltr'><strong>quae</strong></span> <span class='ocrx_word' id='word_1_340' title='bbox 680 4426 1104 4486; x_wconf 87' lang='lat' dir='ltr'><strong>consequuntur</strong></span> <span class='ocrx_word' id='word_1_341' title='bbox 1149 4432 1386 4487; x_wconf 91' lang='lat' dir='ltr'><strong>:nempe</strong></span> <span class='ocrx_word' id='word_1_342' title='bbox 1427 4417 1576 4488; x_wconf 91' lang='lat' dir='ltr'><strong>quod</strong></span> <span class='ocrx_word' id='word_1_343' title='bbox 1628 4417 1853 4473; x_wconf 89' lang='lat' dir='ltr'><strong>omnino</strong></span> <span class='ocrx_word' id='word_1_344' title='bbox 1890 4434 1986 4473; x_wconf 87' lang='lat' dir='ltr'><strong>ne-</strong></span> 
     </span>
    </p>
   </div>
   <div class='ocr_carea' id='block_1_47' title="bbox 406 4499 2062 4579">
    <p class='ocr_par' dir='ltr' id='par_1_47' title="bbox 406 4499 2062 4579">
     <span class='ocr_line' id='line_1_47' title="bbox 406 4499 2062 4579; baseline 0.002 -17"><span class='ocrx_word' id='word_1_345' title='bbox 406 4521 571 4563; x_wconf 86' lang='lat' dir='ltr'><strong>cesse</strong></span> <span class='ocrx_word' id='word_1_346' title='bbox 606 4516 691 4563; x_wconf 90' lang='lat' dir='ltr'><strong>est</strong></span> <span class='ocrx_word' id='word_1_347' title='bbox 730 4524 831 4562; x_wconf 90' lang='lat' dir='ltr'><strong>nos</strong></span> <span class='ocrx_word' id='word_1_348' title='bbox 883 4509 1071 4563; x_wconf 90' lang='lat' dir='ltr'><strong>omnia</strong></span> <span class='ocrx_word' id='word_1_349' title='bbox 1124 4524 1246 4579; x_wconf 64' lang='lat' dir='ltr'><strong>quae</strong></span> <span class='ocrx_word' id='word_1_350' title='bbox 1311 4517 1441 4565; x_wconf 89' lang='lat' dir='ltr'><strong>sunt</strong></span> <span class='ocrx_word' id='word_1_351' title='bbox 1474 4510 1533 4564; x_wconf 92' lang='lat' dir='ltr'><strong>in</strong></span> <span class='ocrx_word' id='word_1_352' title='bbox 1573 4510 1681 4565; x_wconf 90' lang='lat' dir='ltr'><strong>hoc</strong></span> <span class='ocrx_word' id='word_1_353' title='bbox 1718 4510 1862 4565; x_wconf 91' lang='lat' dir='ltr'><strong>libro</strong></span> <span class='ocrx_word' id='word_1_354' title='bbox 1902 4510 1984 4565; x_wconf 92' lang='lat' dir='ltr'><strong>in-</strong></span> <span class='ocrx_word' id='word_1_355' title='bbox 2020 4499 2062 4554; x_wconf 83' lang='grc' dir='ltr'><strong>Ι)</strong></span> 
     </span>
    </p>
   </div>
   <div class='ocr_carea' id='block_1_48' title="bbox 406 4596 1985 4673">
    <p class='ocr_par' dir='ltr' id='par_1_48' title="bbox 406 4596 1985 4673">
     <span class='ocr_line' id='line_1_48' title="bbox 406 4596 1985 4673; baseline 0.001 -21"><span class='ocrx_word' id='word_1_356' title='bbox 406 4596 775 4673; x_wconf 35' lang='grc' dir='ltr'><strong>ιειιίςθτθιᾱθ</strong></span> <span class='ocrx_word' id='word_1_357' title='bbox 824 4597 910 4652; x_wconf 90' lang='lat' dir='ltr'><strong>his</strong></span> <span class='ocrx_word' id='word_1_358' title='bbox 959 4596 1220 4664; x_wconf 88' lang='lat' dir='ltr'><strong>duobus,</strong></span> <span class='ocrx_word' id='word_1_359' title='bbox 1258 4613 1456 4668; x_wconf 84' lang='lat' dir='ltr'><strong>nempe</strong></span> <span class='ocrx_word' id='word_1_360' title='bbox 1511 4599 1711 4654; x_wconf 69' lang='lat' dir='ltr'><strong>coelum</strong></span> <span class='ocrx_word' id='word_1_361' title='bbox 1763 4599 1985 4669; x_wconf 87' lang='lat' dir='ltr'><strong>quidem</strong></span> 
     </span>
    </p>
   </div>
   <div class='ocr_carea' id='block_1_49' title="bbox 405 4689 1983 4763">
    <p class='ocr_par' dir='ltr' id='par_1_49' title="bbox 405 4689 1983 4763">
     <span class='ocr_line' id='line_1_49' title="bbox 405 4689 1983 4763; baseline 0.003 -18"><span class='ocrx_word' id='word_1_362' title='bbox 405 4704 535 4745; x_wconf 86' lang='lat' dir='ltr'><strong>esse</strong></span> <span class='ocrx_word' id='word_1_363' title='bbox 560 4698 747 4761; x_wconf 83' lang='lat' dir='ltr'><strong>typum</strong></span> <span class='ocrx_word' id='word_1_364' title='bbox 771 4689 1001 4755; x_wconf 89' lang='lat' dir='ltr'><strong>Christi,</strong></span> <span class='ocrx_word' id='word_1_365' title='bbox 1033 4699 1237 4745; x_wconf 90' lang='lat' dir='ltr'><strong>terram</strong></span> <span class='ocrx_word' id='word_1_366' title='bbox 1267 4700 1450 4746; x_wconf 90' lang='lat' dir='ltr'><strong>autem</strong></span> <span class='ocrx_word' id='word_1_367' title='bbox 1478 4698 1664 4763; x_wconf 85' lang='lat' dir='ltr'><strong>typum</strong></span> <span class='ocrx_word' id='word_1_368' title='bbox 1693 4693 1983 4759; x_wconf 67' lang='lat' dir='ltr'><strong>Ecclesiae;</strong></span> 
     </span>
    </p>
   </div>
   <div class='ocr_carea' id='block_1_50' title="bbox 406 4778 1987 4850">
    <p class='ocr_par' dir='ltr' id='par_1_50' title="bbox 406 4778 1987 4850">
     <span class='ocr_line' id='line_1_50' title="bbox 406 4778 1987 4850; baseline 0.005 -18"><span class='ocrx_word' id='word_1_369' title='bbox 406 4786 473 4833; x_wconf 86' lang='lat' dir='ltr'><strong>et</strong></span> <span class='ocrx_word' id='word_1_370' title='bbox 505 4779 589 4834; x_wconf 90' lang='lat' dir='ltr'><strong>sic</strong></span> <span class='ocrx_word' id='word_1_371' title='bbox 621 4778 887 4850; x_wconf 86' lang='lat' dir='ltr'><strong>deinceps</strong></span> <span class='ocrx_word' id='word_1_372' title='bbox 937 4780 1255 4835; x_wconf 85' lang='lat' dir='ltr'><strong>universam</strong></span> <span class='ocrx_word' id='word_1_373' title='bbox 1304 4797 1398 4836; x_wconf 84' lang='lat' dir='ltr'><strong>sex</strong></span> <span class='ocrx_word' id='word_1_374' title='bbox 1438 4781 1662 4843; x_wconf 56' lang='lat' dir='ltr'><strong>dierum,</strong></span> <span class='ocrx_word' id='word_1_375' title='bbox 1678 4792 1987 4840; x_wconf 89' lang='lat' dir='ltr'><strong>creaturam</strong></span> 
     </span>
    </p>
   </div>
   <div class='ocr_carea' id='block_1_51' title="bbox 409 4869 1987 4946">
    <p class='ocr_par' dir='ltr' id='par_1_51' title="bbox 409 4869 1987 4946">
     <span class='ocr_line' id='line_1_51' title="bbox 409 4869 1987 4946; baseline 0.003 -21"><span class='ocrx_word' id='word_1_376' title='bbox 409 4869 485 4926; x_wconf 85' lang='lat' dir='ltr'><strong>ad</strong></span> <span class='ocrx_word' id='word_1_377' title='bbox 516 4884 612 4926; x_wconf 88' lang='lat' dir='ltr'><strong>eos</strong></span> <span class='ocrx_word' id='word_1_378' title='bbox 645 4870 875 4937; x_wconf 89' lang='lat' dir='ltr'><strong>referre,</strong></span> <span class='ocrx_word' id='word_1_379' title='bbox 919 4887 1120 4941; x_wconf 90' lang='lat' dir='ltr'><strong>nempe</strong></span> <span class='ocrx_word' id='word_1_380' title='bbox 1153 4887 1342 4942; x_wconf 88' lang='lat' dir='ltr'><strong>aquas,</strong></span> <span class='ocrx_word' id='word_1_381' title='bbox 1378 4873 1656 4946; x_wconf 85' lang='lat' dir='ltr'><strong>abyssum,</strong></span> <span class='ocrx_word' id='word_1_382' title='bbox 1688 4882 1744 4930; x_wconf 89' lang='lat' dir='ltr'><strong>et</strong></span> <span class='ocrx_word' id='word_1_383' title='bbox 1784 4875 1987 4942; x_wconf 87' lang='lat' dir='ltr'><strong>lucem,</strong></span> 
     </span>
    </p>
   </div>
   <div class='ocr_carea' id='block_1_52' title="bbox 410 4958 1995 5032">
    <p class='ocr_par' dir='ltr' id='par_1_52' title="bbox 410 4958 1995 5032">
     <span class='ocr_line' id='line_1_52' title="bbox 410 4958 1995 5032; baseline 0.006 -18"><span class='ocrx_word' id='word_1_384' title='bbox 410 4967 474 5014; x_wconf 82' lang='lat' dir='ltr'><strong>et</strong></span> <span class='ocrx_word' id='word_1_385' title='bbox 505 4958 757 5028; x_wconf 87' lang='lat' dir='ltr'><strong>herbam,</strong></span> <span class='ocrx_word' id='word_1_386' title='bbox 796 4968 853 5017; x_wconf 90' lang='lat' dir='ltr'><strong>et</strong></span> <span class='ocrx_word' id='word_1_387' title='bbox 897 4961 1149 5030; x_wconf 85' lang='lat' dir='ltr'><strong>arbores,</strong></span> <span class='ocrx_word' id='word_1_388' title='bbox 1187 4971 1246 5018; x_wconf 92' lang='lat' dir='ltr'><strong>et</strong></span> <span class='ocrx_word' id='word_1_389' title='bbox 1274 4962 1709 5032; x_wconf 85' lang='lat' dir='ltr'><strong>ﬁrmamentum,</strong></span> <span class='ocrx_word' id='word_1_390' title='bbox 1742 4976 1798 5022; x_wconf 90' lang='lat' dir='ltr'><strong>et</strong></span> <span class='ocrx_word' id='word_1_391' title='bbox 1831 4968 1995 5022; x_wconf 88' lang='lat' dir='ltr'><strong>lumi-</strong></span> 
     </span>
    </p>
   </div>
   <div class='ocr_carea' id='block_1_53' title="bbox 414 5051 1996 5130">
    <p class='ocr_par' dir='ltr' id='par_1_53' title="bbox 414 5051 1996 5130">
     <span class='ocr_line' id='line_1_53' title="bbox 414 5051 1996 5130; baseline 0.006 -25"><span class='ocrx_word' id='word_1_392' title='bbox 414 5051 597 5118; x_wconf 86' lang='lat' dir='ltr'><strong>naria,</strong></span> <span class='ocrx_word' id='word_1_393' title='bbox 630 5061 686 5106; x_wconf 91' lang='lat' dir='ltr'><strong>et</strong></span> <span class='ocrx_word' id='word_1_394' title='bbox 728 5053 1007 5121; x_wconf 90' lang='lat' dir='ltr'><strong>animalia,</strong></span> <span class='ocrx_word' id='word_1_395' title='bbox 1043 5064 1100 5109; x_wconf 90' lang='lat' dir='ltr'><strong>et</strong></span> <span class='ocrx_word' id='word_1_396' title='bbox 1126 5055 1401 5122; x_wconf 87' lang='lat' dir='ltr'><strong>volucres,</strong></span> <span class='ocrx_word' id='word_1_397' title='bbox 1444 5065 1499 5112; x_wconf 88' lang='lat' dir='ltr'><strong>et</strong></span> <span class='ocrx_word' id='word_1_398' title='bbox 1532 5058 1904 5130; x_wconf 74' lang='lat' dir='ltr'><strong>irrigationes,</strong></span> <span class='ocrx_word' id='word_1_399' title='bbox 1939 5067 1996 5114; x_wconf 90' lang='lat' dir='ltr'><strong>et</strong></span> 
     </span>
    </p>
   </div>
   <div class='ocr_carea' id='block_1_54' title="bbox 414 5142 1995 5220">
    <p class='ocr_par' dir='ltr' id='par_1_54' title="bbox 414 5142 1995 5220">
     <span class='ocr_line' id='line_1_54' title="bbox 414 5142 1995 5220; baseline 0.005 -24"><span class='ocrx_word' id='word_1_400' title='bbox 414 5151 621 5198; x_wconf 60' lang='lat' dir='ltr'><strong>cetera</strong></span> <span class='ocrx_word' id='word_1_401' title='bbox 649 5142 872 5210; x_wconf 89' lang='lat' dir='ltr'><strong>omnia;</strong></span> <span class='ocrx_word' id='word_1_402' title='bbox 908 5151 966 5198; x_wconf 90' lang='lat' dir='ltr'><strong>et</strong></span> <span class='ocrx_word' id='word_1_403' title='bbox 989 5144 1070 5200; x_wconf 90' lang='lat' dir='ltr'><strong>sic</strong></span> <span class='ocrx_word' id='word_1_404' title='bbox 1095 5144 1359 5215; x_wconf 90' lang='lat' dir='ltr'><strong>impletur</strong></span> <span class='ocrx_word' id='word_1_405' title='bbox 1378 5146 1665 5217; x_wconf 87' lang='lat' dir='ltr'><strong>eloquium</strong></span> <span class='ocrx_word' id='word_1_406' title='bbox 1687 5149 1834 5220; x_wconf 91' lang='lat' dir='ltr'><strong>quod</strong></span> <span class='ocrx_word' id='word_1_407' title='bbox 1861 5149 1995 5206; x_wconf 93' lang='lat' dir='ltr'><strong>dicit</strong></span> 
     </span>
    </p>
   </div>
   <div class='ocr_carea' id='block_1_55' title="bbox 414 5233 1990 5307">
    <p class='ocr_par' dir='ltr' id='par_1_55' title="bbox 414 5233 1990 5307">
     <span class='ocr_line' id='line_1_55' title="bbox 414 5233 1990 5307; baseline 0.006 -21"><span class='ocrx_word' id='word_1_408' title='bbox 414 5233 605 5288; x_wconf 88' lang='lat' dir='ltr'><strong>omnia</strong></span> <span class='ocrx_word' id='word_1_409' title='bbox 658 5250 758 5307; x_wconf 90' lang='lat' dir='ltr'><strong>per</strong></span> <span class='ocrx_word' id='word_1_410' title='bbox 785 5233 1066 5291; x_wconf 89' lang='lat' dir='ltr'><strong>Christum</strong></span> <span class='ocrx_word' id='word_1_411' title='bbox 1098 5244 1156 5291; x_wconf 91' lang='lat' dir='ltr'><strong>et</strong></span> <span class='ocrx_word' id='word_1_412' title='bbox 1187 5236 1246 5291; x_wconf 92' lang='lat' dir='ltr'><strong>in</strong></span> <span class='ocrx_word' id='word_1_413' title='bbox 1268 5236 1491 5294; x_wconf 88' lang='lat' dir='ltr'><strong>Christo</strong></span> <span class='ocrx_word' id='word_1_414' title='bbox 1520 5254 1641 5295; x_wconf 88' lang='lat' dir='ltr'><strong>esse</strong></span> <span class='ocrx_word' id='word_1_415' title='bbox 1674 5241 1895 5297; x_wconf 88' lang='lat' dir='ltr'><strong>condita</strong></span> <span class='ocrx_word' id='word_1_416' title='bbox 1924 5243 1990 5296; x_wconf 69' lang='lat'><strong>9&#39;.</strong></span> 
     </span>
    </p>
   </div>
   <div class='ocr_carea' id='block_1_56' title="bbox 418 5324 1998 5402">
    <p class='ocr_par' dir='ltr' id='par_1_56' title="bbox 418 5324 1998 5402">
     <span class='ocr_line' id='line_1_56' title="bbox 418 5324 1998 5402; baseline 0.006 -22"><span class='ocrx_word' id='word_1_417' title='bbox 418 5324 520 5380; x_wconf 85' lang='lat' dir='ltr'><strong>Est</strong></span> <span class='ocrx_word' id='word_1_418' title='bbox 557 5337 742 5382; x_wconf 89' lang='lat' dir='ltr'><strong>autem</strong></span> <span class='ocrx_word' id='word_1_419' title='bbox 785 5335 994 5383; x_wconf 89' lang='lat' dir='ltr'><strong>attente</strong></span> <span class='ocrx_word' id='word_1_420' title='bbox 1038 5328 1592 5385; x_wconf 88' lang='lat' dir='ltr'><strong>animadvertendum</strong></span> <span class='ocrx_word' id='word_1_421' title='bbox 1623 5331 1793 5401; x_wconf 90' lang='lat' dir='ltr'><strong>quod,</strong></span> <span class='ocrx_word' id='word_1_422' title='bbox 1827 5349 1860 5388; x_wconf 91' lang='lat' dir='ltr'><strong>a</strong></span> <span class='ocrx_word' id='word_1_423' title='bbox 1888 5349 1998 5402; x_wconf 90' lang='lat' dir='ltr'><strong>quo</strong></span> 
     </span>
    </p>
   </div>
   <div class='ocr_carea' id='block_1_57' title="bbox 417 5416 1998 5496">
    <p class='ocr_par' dir='ltr' id='par_1_57' title="bbox 417 5416 1998 5496">
     <span class='ocr_line' id='line_1_57' title="bbox 417 5416 1998 5496; baseline 0.004 -23"><span class='ocrx_word' id='word_1_424' title='bbox 417 5416 513 5474; x_wconf 91' lang='lat' dir='ltr'><strong>die</strong></span> <span class='ocrx_word' id='word_1_425' title='bbox 546 5419 614 5474; x_wconf 91' lang='lat' dir='ltr'><strong>ad</strong></span> <span class='ocrx_word' id='word_1_426' title='bbox 653 5419 948 5491; x_wconf 84' lang='lat' dir='ltr'><strong>imaginem</strong></span> <span class='ocrx_word' id='word_1_427' title='bbox 991 5420 1169 5478; x_wconf 86' lang='lat' dir='ltr'><strong>factus</strong></span> <span class='ocrx_word' id='word_1_428' title='bbox 1206 5431 1291 5478; x_wconf 85' lang='lat' dir='ltr'><strong>est</strong></span> <span class='ocrx_word' id='word_1_429' title='bbox 1339 5423 1506 5478; x_wconf 88' lang='lat' dir='ltr'><strong>homo</strong></span> <span class='ocrx_word' id='word_1_430' title='bbox 1548 5423 1768 5494; x_wconf 83' lang='lat' dir='ltr'><strong>(nempe</strong></span> <span class='ocrx_word' id='word_1_431' title='bbox 1807 5434 1998 5496; x_wconf 87' lang='lat' dir='ltr'><strong>proto-</strong></span> 
     </span>
    </p>
   </div>
   <div class='ocr_carea' id='block_1_58' title="bbox 420 5510 1999 5585">
    <p class='ocr_par' dir='ltr' id='par_1_58' title="bbox 420 5510 1999 5585">
     <span class='ocr_line' id='line_1_58' title="bbox 420 5510 1999 5585; baseline 0.006 -22"><span class='ocrx_word' id='word_1_432' title='bbox 420 5519 585 5582; x_wconf 85' lang='lat' dir='ltr'><strong>typus</strong></span> <span class='ocrx_word' id='word_1_433' title='bbox 614 5510 818 5567; x_wconf 85' lang='lat' dir='ltr'><strong>Christi</strong></span> <span class='ocrx_word' id='word_1_434' title='bbox 862 5519 1024 5584; x_wconf 82' lang='lat' dir='ltr'><strong>typus</strong></span> <span class='ocrx_word' id='word_1_435' title='bbox 1064 5511 1283 5585; x_wconf 84' lang='lat' dir='ltr'><strong>Adam),</strong></span> <span class='ocrx_word' id='word_1_436' title='bbox 1314 5529 1440 5569; x_wconf 76' lang='lat' dir='ltr'><strong>non</strong></span> <span class='ocrx_word' id='word_1_437' title='bbox 1468 5522 1554 5571; x_wconf 82' lang='lat' dir='ltr'><strong>est</strong></span> <span class='ocrx_word' id='word_1_438' title='bbox 1578 5515 1816 5585; x_wconf 90' lang='lat' dir='ltr'><strong>amplius</strong></span> <span class='ocrx_word' id='word_1_439' title='bbox 1853 5517 1999 5573; x_wconf 90' lang='lat' dir='ltr'><strong>Deus</strong></span> 
     </span>
    </p>
   </div>
   <div class='ocr_carea' id='block_1_59' title="bbox 420 5600 1996 5676">
    <p class='ocr_par' dir='ltr' id='par_1_59' title="bbox 420 5600 1996 5676">
     <span class='ocr_line' id='line_1_59' title="bbox 420 5600 1996 5676; baseline 0.006 -21"><span class='ocrx_word' id='word_1_440' title='bbox 420 5600 634 5672; x_wconf 83' lang='lat' dir='ltr'><strong>aliquid</strong></span> <span class='ocrx_word' id='word_1_441' title='bbox 683 5601 984 5659; x_wconf 82' lang='lat' dir='ltr'><strong>fabricatus</strong></span> <span class='ocrx_word' id='word_1_442' title='bbox 1031 5620 1131 5675; x_wconf 87' lang='lat' dir='ltr'><strong>per</strong></span> <span class='ocrx_word' id='word_1_443' title='bbox 1165 5605 1425 5674; x_wconf 88' lang='lat' dir='ltr'><strong>jussum:</strong></span> <span class='ocrx_word' id='word_1_444' title='bbox 1468 5621 1648 5676; x_wconf 90' lang='lat' dir='ltr'><strong>neque</strong></span> <span class='ocrx_word' id='word_1_445' title='bbox 1679 5606 1750 5663; x_wconf 91' lang='lat' dir='ltr'><strong>de</strong></span> <span class='ocrx_word' id='word_1_446' title='bbox 1794 5616 1996 5665; x_wconf 65' lang='lat' dir='ltr'><strong>ctetero</strong></span> 
     </span>
    </p>
   </div>
   <div class='ocr_carea' id='block_1_60' title="bbox 498 5753 2064 5853">
    <p class='ocr_par' dir='ltr' id='par_1_60' title="bbox 498 5753 2064 5853">
     <span class='ocr_line' id='line_1_60' title="bbox 498 5753 2064 5853; baseline 0.002 -16"><span class='ocrx_word' id='word_1_447' title='bbox 498 5780 546 5811; x_wconf 77' lang='grc' dir='ltr'><strong>υ</strong></span> <span class='ocrx_word' id='word_1_448' title='bbox 583 5781 719 5837; x_wconf 85' lang='lat' dir='ltr'><strong>Gen.</strong></span> <span class='ocrx_word' id='word_1_449' title='bbox 763 5798 836 5847; x_wconf 73' lang='grc' dir='ltr'><strong>ιν,</strong></span> <span class='ocrx_word' id='word_1_450' title='bbox 880 5782 930 5837; x_wconf 81' lang='grc'><strong>1.</strong></span> <span class='ocrx_word' id='word_1_451' title='bbox 1008 5753 1055 5814; x_wconf 62' lang='grc' dir='ltr'><strong>οι</strong></span> <span class='ocrx_word' id='word_1_452' title='bbox 1091 5782 1247 5839; x_wconf 82' lang='lat' dir='ltr'><strong>Joan.</strong></span> <span class='ocrx_word' id='word_1_453' title='bbox 1288 5800 1341 5851; x_wconf 75' lang='grc' dir='ltr'><strong>κ,</strong></span> <span class='ocrx_word' id='word_1_454' title='bbox 1386 5784 1471 5842; x_wconf 85' lang='lat' dir='ltr'><strong>l6.</strong></span> <span class='ocrx_word' id='word_1_455' title='bbox 1550 5787 1597 5819; x_wconf 75' lang='grc' dir='ltr'>η</span> <span class='ocrx_word' id='word_1_456' title='bbox 1633 5784 1845 5842; x_wconf 89' lang='lat' dir='ltr'><strong>Coloss.</strong></span> <span class='ocrx_word' id='word_1_457' title='bbox 1885 5801 1924 5853; x_wconf 82' lang='grc' dir='ltr'><strong>ι,</strong></span> <span class='ocrx_word' id='word_1_458' title='bbox 1976 5785 2064 5841; x_wconf 75' lang='lat' dir='ltr'><strong>to.</strong></span> 
     </span>
    </p>
   </div>
   <div class='ocr_carea' id='block_1_61' title="bbox 1446 367 2575 435">
    <p class='ocr_par' dir='ltr' id='par_1_61' title="bbox 1446 367 2575 435">
     <span class='ocr_line' id='line_1_61' title="bbox 1446 367 2575 435; baseline 0.005 -7"><span class='ocrx_word' id='word_1_459' title='bbox 1446 369 1529 431; x_wconf 92' lang='lat' dir='ltr'><strong>IN</strong></span> <span class='ocrx_word' id='word_1_460' title='bbox 1566 367 2118 431; x_wconf 76' lang='grc' dir='ltr'><strong>ΗΕΧΑΕΜΕΗΟΝ.</strong></span> <span class='ocrx_word' id='word_1_461' title='bbox 2147 395 2216 405; x_wconf 89' lang='grc'><strong><em>-</em></strong></span> <span class='ocrx_word' id='word_1_462' title='bbox 2250 372 2400 433; x_wconf 89' lang='lat' dir='ltr'><strong>LIB.</strong></span> <span class='ocrx_word' id='word_1_463' title='bbox 2438 373 2575 435; x_wconf 88' lang='lat' dir='ltr'><strong>VII.</strong></span> 
     </span>
    </p>
   </div>
   <div class='ocr_carea' id='block_1_62' title="bbox 3541 370 3653 435">
    <p class='ocr_par' dir='ltr' id='par_1_62' title="bbox 3541 370 3653 435">
     <span class='ocr_line' id='line_1_62' title="bbox 3541 370 3653 435; baseline 0 0"><span class='ocrx_word' id='word_1_464' title='bbox 3541 370 3653 435; x_wconf 85' lang='lat'><strong>958</strong></span> 
     </span>
    </p>
   </div>
   <div class='ocr_carea' id='block_1_63' title="bbox 2070 483 3648 556">
    <p class='ocr_par' dir='ltr' id='par_1_63' title="bbox 2070 483 3648 556">
     <span class='ocr_line' id='line_1_63' title="bbox 2070 483 3648 556; baseline -0.001 -15"><span class='ocrx_word' id='word_1_465' title='bbox 2070 484 2209 543; x_wconf 56' lang='lat' dir='ltr'><strong>dixit</strong></span> <span class='ocrx_word' id='word_1_466' title='bbox 2244 505 2257 541; x_wconf 91' lang='lat'><strong>:</strong></span> <span class='ocrx_word' id='word_1_467' title='bbox 2289 484 2409 541; x_wconf 72' lang='lat' dir='ltr'><strong>Fiat</strong></span> <span class='ocrx_word' id='word_1_468' title='bbox 2442 491 2537 542; x_wconf 84' lang='lat' dir='ltr'><strong>hoc</strong></span> <span class='ocrx_word' id='word_1_469' title='bbox 2575 497 2672 542; x_wconf 93' lang='lat' dir='ltr'><strong>aut</strong></span> <span class='ocrx_word' id='word_1_470' title='bbox 2697 486 2855 552; x_wconf 92' lang='lat' dir='ltr'><strong>illud,</strong></span> <span class='ocrx_word' id='word_1_471' title='bbox 2888 487 2985 542; x_wconf 89' lang='lat' dir='ltr'><strong>sed</strong></span> <span class='ocrx_word' id='word_1_472' title='bbox 3015 500 3118 541; x_wconf 84' lang='lat' dir='ltr'><strong>suo</strong></span> <span class='ocrx_word' id='word_1_473' title='bbox 3151 500 3253 556; x_wconf 88' lang='lat' dir='ltr'><strong>per</strong></span> <span class='ocrx_word' id='word_1_474' title='bbox 3278 499 3338 540; x_wconf 91' lang='lat' dir='ltr'><strong>se</strong></span> <span class='ocrx_word' id='word_1_475' title='bbox 3370 490 3428 539; x_wconf 90' lang='lat' dir='ltr'><strong>et</strong></span> <span class='ocrx_word' id='word_1_476' title='bbox 3456 483 3648 539; x_wconf 85' lang='lat' dir='ltr'><strong>divino</strong></span> 
     </span>
    </p>
   </div>
   <div class='ocr_carea' id='block_1_64' title="bbox 2070 576 3651 651">
    <p class='ocr_par' dir='ltr' id='par_1_64' title="bbox 2070 576 3651 651">
     <span class='ocr_line' id='line_1_64' title="bbox 2070 576 3651 651; baseline -0.004 -16"><span class='ocrx_word' id='word_1_477' title='bbox 2070 595 2239 650; x_wconf 86' lang='lat' dir='ltr'><strong>opere</strong></span> <span class='ocrx_word' id='word_1_478' title='bbox 2294 579 2577 650; x_wconf 89' lang='lat' dir='ltr'><strong>operando</strong></span> <span class='ocrx_word' id='word_1_479' title='bbox 2616 578 2917 636; x_wconf 88' lang='lat' dir='ltr'><strong>secundam</strong></span> <span class='ocrx_word' id='word_1_480' title='bbox 2961 578 3096 651; x_wconf 70' lang='lat' dir='ltr'><strong>fecit</strong></span> <span class='ocrx_word' id='word_1_481' title='bbox 3134 576 3470 632; x_wconf 87' lang='lat' dir='ltr'><strong>creationem</strong></span> <span class='ocrx_word' id='word_1_482' title='bbox 3518 589 3651 644; x_wconf 85' lang='lat' dir='ltr'><strong>pro-</strong></span> 
     </span>
    </p>
   </div>
   <div class='ocr_carea' id='block_1_65' title="bbox 2070 665 3648 743">
    <p class='ocr_par' dir='ltr' id='par_1_65' title="bbox 2070 665 3648 743">
     <span class='ocr_line' id='line_1_65' title="bbox 2070 665 3648 743; baseline -0.005 -16"><span class='ocrx_word' id='word_1_483' title='bbox 2070 674 2190 743; x_wconf 89' lang='lat' dir='ltr'><strong>prie</strong></span> <span class='ocrx_word' id='word_1_484' title='bbox 2224 670 2305 727; x_wconf 76' lang='lat' dir='ltr'><strong>et&#39;</strong></span> <span class='ocrx_word' id='word_1_485' title='bbox 2324 687 2455 727; x_wconf 90' lang='lat' dir='ltr'><strong>vere</strong></span> <span class='ocrx_word' id='word_1_486' title='bbox 2502 680 2559 726; x_wconf 90' lang='lat' dir='ltr'><strong>et</strong></span> <span class='ocrx_word' id='word_1_487' title='bbox 2605 670 2745 726; x_wconf 92' lang='lat' dir='ltr'><strong>citra</strong></span> <span class='ocrx_word' id='word_1_488' title='bbox 2783 671 2950 725; x_wconf 87' lang='lat' dir='ltr'><strong>ullam</strong></span> <span class='ocrx_word' id='word_1_489' title='bbox 3003 668 3430 731; x_wconf 89' lang='lat' dir='ltr'><strong>dubitationem,</strong></span> <span class='ocrx_word' id='word_1_490' title='bbox 3461 665 3648 723; x_wconf 87' lang='lat' dir='ltr'><strong>divina</strong></span> 
     </span>
    </p>
   </div>
   <div class='ocr_carea' id='block_1_66' title="bbox 2071 761 3648 836">
    <p class='ocr_par' dir='ltr' id='par_1_66' title="bbox 2071 761 3648 836">
     <span class='ocr_line' id='line_1_66' title="bbox 2071 761 3648 836; baseline -0.004 -18"><span class='ocrx_word' id='word_1_491' title='bbox 2071 764 2403 836; x_wconf 80' lang='lat' dir='ltr'><strong>praedicente</strong></span> <span class='ocrx_word' id='word_1_492' title='bbox 2446 762 2733 833; x_wconf 87' lang='lat' dir='ltr'><strong>Scriptura</strong></span> <span class='ocrx_word' id='word_1_493' title='bbox 2776 763 2872 818; x_wconf 92' lang='lat' dir='ltr'><strong>Dei</strong></span> <span class='ocrx_word' id='word_1_494' title='bbox 2895 763 3059 819; x_wconf 72' lang='lat' dir='ltr'><strong>Verbi</strong></span> <span class='ocrx_word' id='word_1_495' title='bbox 3092 761 3391 817; x_wconf 77' lang='lat' dir='ltr'><strong>adventura</strong></span> <span class='ocrx_word' id='word_1_496' title='bbox 3419 768 3475 814; x_wconf 91' lang='lat' dir='ltr'><strong>et</strong></span> <span class='ocrx_word' id='word_1_497' title='bbox 3507 773 3648 827; x_wconf 65' lang='lat' dir='ltr'><strong>prae-</strong></span> 
     </span>
    </p>
   </div>
   <div class='ocr_carea' id='block_1_67' title="bbox 2072 851 3650 931">
    <p class='ocr_par' dir='ltr' id='par_1_67' title="bbox 2072 851 3650 931">
     <span class='ocr_line' id='line_1_67' title="bbox 2072 851 3650 931; baseline -0.005 -21"><span class='ocrx_word' id='word_1_498' title='bbox 2072 855 2304 910; x_wconf 85' lang='lat' dir='ltr'><strong>sentiam</strong></span> <span class='ocrx_word' id='word_1_499' title='bbox 2340 851 2461 922; x_wconf 71' lang='lat' dir='ltr'><strong>qua:</strong></span> <span class='ocrx_word' id='word_1_500' title='bbox 2493 854 2598 908; x_wconf 85' lang='lat' dir='ltr'><strong>fuit</strong></span> <span class='ocrx_word' id='word_1_501' title='bbox 2638 870 2669 931; x_wconf 67' lang='grc' dir='ltr'><strong>ξι</strong></span> <span class='ocrx_word' id='word_1_502' title='bbox 2706 854 2848 909; x_wconf 65' lang='lat' dir='ltr'><strong>caelo</strong></span> <span class='ocrx_word' id='word_1_503' title='bbox 2892 854 2946 912; x_wconf 90' lang='lat' dir='ltr'><strong>in</strong></span> <span class='ocrx_word' id='word_1_504' title='bbox 2995 861 3222 917; x_wconf 89' lang='lat' dir='ltr'><strong>terram,</strong></span> <span class='ocrx_word' id='word_1_505' title='bbox 3260 851 3394 905; x_wconf 91' lang='lat' dir='ltr'><strong>etin</strong></span> <span class='ocrx_word' id='word_1_506' title='bbox 3431 865 3496 904; x_wconf 89' lang='lat' dir='ltr'><strong>ea</strong></span> <span class='ocrx_word' id='word_1_507' title='bbox 3526 864 3650 919; x_wconf 78' lang='lat' dir='ltr'><strong>quae</strong></span> 
     </span>
    </p>
   </div>
   <div class='ocr_carea' id='block_1_68' title="bbox 2070 940 3649 1011">
    <p class='ocr_par' dir='ltr' id='par_1_68' title="bbox 2070 940 3649 1011">
     <span class='ocr_line' id='line_1_68' title="bbox 2070 940 3649 1011; baseline -0.004 -10"><span class='ocrx_word' id='word_1_508' title='bbox 2070 955 2154 1001; x_wconf 90' lang='lat' dir='ltr'><strong>est</strong></span> <span class='ocrx_word' id='word_1_509' title='bbox 2192 946 2247 1000; x_wconf 93' lang='lat' dir='ltr'><strong>in</strong></span> <span class='ocrx_word' id='word_1_510' title='bbox 2273 945 2516 1001; x_wconf 89' lang='lat' dir='ltr'><strong>secundo</strong></span> <span class='ocrx_word' id='word_1_511' title='bbox 2545 946 2741 1001; x_wconf 88' lang='lat' dir='ltr'><strong>ordine</strong></span> <span class='ocrx_word' id='word_1_512' title='bbox 2777 955 3088 1001; x_wconf 83' lang='lat' dir='ltr'><strong>creaturam</strong></span> <span class='ocrx_word' id='word_1_513' title='bbox 3118 943 3272 999; x_wconf 82' lang='lat' dir='ltr'><strong>brevi</strong></span> <span class='ocrx_word' id='word_1_514' title='bbox 3314 940 3649 1011; x_wconf 74' lang='lat' dir='ltr'><strong>repetitione</strong></span> 
     </span>
    </p>
   </div>
   <div class='ocr_carea' id='block_1_69' title="bbox 2069 1029 3647 1105">
    <p class='ocr_par' dir='ltr' id='par_1_69' title="bbox 2069 1029 3647 1105">
     <span class='ocr_line' id='line_1_69' title="bbox 2069 1029 3647 1105; baseline -0.005 -14"><span class='ocrx_word' id='word_1_515' title='bbox 2069 1051 2173 1091; x_wconf 87' lang='lat' dir='ltr'><strong>nos</strong></span> <span class='ocrx_word' id='word_1_516' title='bbox 2210 1035 2443 1090; x_wconf 90' lang='lat' dir='ltr'><strong>docente</strong></span> <span class='ocrx_word' id='word_1_517' title='bbox 2500 1034 2649 1105; x_wconf 91' lang='lat' dir='ltr'><strong>quod</strong></span> <span class='ocrx_word' id='word_1_518' title='bbox 2695 1035 2975 1089; x_wconf 89' lang='lat' dir='ltr'><strong>videbitur</strong></span> <span class='ocrx_word' id='word_1_519' title='bbox 3027 1035 3174 1088; x_wconf 89' lang='lat' dir='ltr'><strong>Deus</strong></span> <span class='ocrx_word' id='word_1_520' title='bbox 3202 1033 3450 1094; x_wconf 83' lang='lat' dir='ltr'><strong>deorum</strong></span> <span class='ocrx_word' id='word_1_521' title='bbox 3501 1029 3647 1100; x_wconf 83' lang='lat' dir='ltr'><strong>apud</strong></span> 
     </span>
    </p>
   </div>
   <div class='ocr_carea' id='block_1_70' title="bbox 2070 1121 3652 1195">
    <p class='ocr_par' dir='ltr' id='par_1_70' title="bbox 2070 1121 3652 1195">
     <span class='ocr_line' id='line_1_70' title="bbox 2070 1121 3652 1195; baseline -0.005 -14"><span class='ocrx_word' id='word_1_522' title='bbox 2070 1142 2175 1181; x_wconf 90' lang='lat' dir='ltr'><strong>nos</strong></span> <span class='ocrx_word' id='word_1_523' title='bbox 2220 1142 2391 1195; x_wconf 88' lang='lat' dir='ltr'><strong>super</strong></span> <span class='ocrx_word' id='word_1_524' title='bbox 2434 1134 2660 1188; x_wconf 88' lang='lat' dir='ltr'><strong>terram,</strong></span> <span class='ocrx_word' id='word_1_525' title='bbox 2702 1135 2762 1180; x_wconf 90' lang='lat' dir='ltr'><strong>et</strong></span> <span class='ocrx_word' id='word_1_526' title='bbox 2798 1142 2895 1195; x_wconf 87' lang='lat' dir='ltr'><strong>per</strong></span> <span class='ocrx_word' id='word_1_527' title='bbox 2941 1141 3021 1189; x_wconf 89' lang='lat' dir='ltr'><strong>se,</strong></span> <span class='ocrx_word' id='word_1_528' title='bbox 3069 1139 3169 1178; x_wconf 92' lang='lat' dir='ltr'><strong>suo</strong></span> <span class='ocrx_word' id='word_1_529' title='bbox 3221 1139 3388 1193; x_wconf 89' lang='lat' dir='ltr'><strong>opere</strong></span> <span class='ocrx_word' id='word_1_530' title='bbox 3435 1130 3492 1176; x_wconf 90' lang='lat' dir='ltr'><strong>et</strong></span> <span class='ocrx_word' id='word_1_531' title='bbox 3533 1121 3652 1176; x_wconf 89' lang='lat' dir='ltr'><strong>suis</strong></span> 
     </span>
    </p>
   </div>
   <div class='ocr_carea' id='block_1_71' title="bbox 2072 1216 3648 1292">
    <p class='ocr_par' dir='ltr' id='par_1_71' title="bbox 2072 1216 3648 1292">
     <span class='ocr_line' id='line_1_71' title="bbox 2072 1216 3648 1292; baseline -0.006 -20"><span class='ocrx_word' id='word_1_532' title='bbox 2072 1217 2330 1292; x_wconf 86' lang='lat' dir='ltr'><strong>manibus</strong></span> <span class='ocrx_word' id='word_1_533' title='bbox 2383 1216 2746 1271; x_wconf 87' lang='lat' dir='ltr'><strong>fabricabitnr</strong></span> <span class='ocrx_word' id='word_1_534' title='bbox 2801 1231 3002 1269; x_wconf 87' lang='lat' dir='ltr'><strong>novam</strong></span> <span class='ocrx_word' id='word_1_535' title='bbox 3051 1223 3387 1277; x_wconf 86' lang='lat' dir='ltr'><strong>creaturam,</strong></span> <span class='ocrx_word' id='word_1_536' title='bbox 3440 1224 3648 1265; x_wconf 84' lang='lat' dir='ltr'><strong>novum</strong></span> 
     </span>
    </p>
   </div>
   <div class='ocr_carea' id='block_1_72' title="bbox 2072 1310 3651 1375">
    <p class='ocr_par' dir='ltr' id='par_1_72' title="bbox 2072 1310 3651 1375">
     <span class='ocr_line' id='line_1_72' title="bbox 2072 1310 3651 1375; baseline -0.006 -9"><span class='ocrx_word' id='word_1_537' title='bbox 2072 1310 2273 1366; x_wconf 86' lang='lat' dir='ltr'><strong>coelum</strong></span> <span class='ocrx_word' id='word_1_538' title='bbox 2316 1316 2373 1363; x_wconf 90' lang='lat' dir='ltr'><strong>et</strong></span> <span class='ocrx_word' id='word_1_539' title='bbox 2394 1324 2608 1375; x_wconf 55' lang='lat' dir='ltr'><strong>,novam</strong></span> <span class='ocrx_word' id='word_1_540' title='bbox 2662 1316 2896 1373; x_wconf 85' lang='lat' dir='ltr'><strong>terram,</strong></span> <span class='ocrx_word' id='word_1_541' title='bbox 2946 1316 3004 1362; x_wconf 90' lang='lat' dir='ltr'><strong>et</strong></span> <span class='ocrx_word' id='word_1_542' title='bbox 3054 1321 3259 1361; x_wconf 84' lang='lat' dir='ltr'><strong>novum</strong></span> <span class='ocrx_word' id='word_1_543' title='bbox 3303 1322 3371 1361; x_wconf 80' lang='lat' dir='ltr'><strong>ex</strong></span> <span class='ocrx_word' id='word_1_544' title='bbox 3424 1319 3535 1358; x_wconf 90' lang='lat' dir='ltr'><strong>non</strong></span> <span class='ocrx_word' id='word_1_545' title='bbox 3563 1318 3651 1358; x_wconf 82' lang='lat' dir='ltr'><strong>se-</strong></span> 
     </span>
    </p>
   </div>
   <div class='ocr_carea' id='block_1_73' title="bbox 2071 1395 3652 1466">
    <p class='ocr_par' dir='ltr' id='par_1_73' title="bbox 2071 1395 3652 1466">
     <span class='ocr_line' id='line_1_73' title="bbox 2071 1395 3652 1466; baseline -0.004 -10"><span class='ocrx_word' id='word_1_546' title='bbox 2071 1405 2282 1456; x_wconf 88' lang='lat' dir='ltr'><strong>minata</strong></span> <span class='ocrx_word' id='word_1_547' title='bbox 2316 1410 2465 1456; x_wconf 90' lang='lat' dir='ltr'><strong>terra</strong></span> <span class='ocrx_word' id='word_1_548' title='bbox 2495 1416 2606 1455; x_wconf 91' lang='lat' dir='ltr'><strong>non</strong></span> <span class='ocrx_word' id='word_1_549' title='bbox 2635 1401 2968 1455; x_wconf 89' lang='lat' dir='ltr'><strong>seminatum</strong></span> <span class='ocrx_word' id='word_1_550' title='bbox 2993 1399 3299 1455; x_wconf 86' lang='lat' dir='ltr'><strong>hominem.</strong></span> <span class='ocrx_word' id='word_1_551' title='bbox 3322 1397 3495 1464; x_wconf 85' lang='lat' dir='ltr'><strong>Quem</strong></span> <span class='ocrx_word' id='word_1_552' title='bbox 3529 1395 3652 1466; x_wconf 89' lang='lat' dir='ltr'><strong>qui-</strong></span> 
     </span>
    </p>
   </div>
   <div class='ocr_carea' id='block_1_74' title="bbox 2072 1490 3652 1562">
    <p class='ocr_par' dir='ltr' id='par_1_74' title="bbox 2072 1490 3652 1562">
     <span class='ocr_line' id='line_1_74' title="bbox 2072 1490 3652 1562; baseline -0.005 -13"><span class='ocrx_word' id='word_1_553' title='bbox 2072 1493 2201 1549; x_wconf 91' lang='lat' dir='ltr'><strong>dem</strong></span> <span class='ocrx_word' id='word_1_554' title='bbox 2239 1493 2399 1548; x_wconf 88' lang='lat' dir='ltr'><strong>nobis</strong></span> <span class='ocrx_word' id='word_1_555' title='bbox 2450 1491 2607 1562; x_wconf 87' lang='lat' dir='ltr'><strong>prius</strong></span> <span class='ocrx_word' id='word_1_556' title='bbox 2648 1491 2968 1562; x_wconf 82' lang='lat' dir='ltr'><strong>signiﬁcans</strong></span> <span class='ocrx_word' id='word_1_557' title='bbox 3010 1492 3197 1546; x_wconf 91' lang='lat' dir='ltr'><strong>divina</strong></span> <span class='ocrx_word' id='word_1_558' title='bbox 3242 1490 3547 1559; x_wconf 85' lang='lat' dir='ltr'><strong>Scriptura,</strong></span> <span class='ocrx_word' id='word_1_559' title='bbox 3594 1494 3652 1542; x_wconf 92' lang='lat' dir='ltr'><strong>et</strong></span> 
     </span>
    </p>
   </div>
   <div class='ocr_carea' id='block_1_75' title="bbox 2072 1583 3652 1657">
    <p class='ocr_par' dir='ltr' id='par_1_75' title="bbox 2072 1583 3652 1657">
     <span class='ocr_line' id='line_1_75' title="bbox 2072 1583 3652 1657; baseline -0.006 -15"><span class='ocrx_word' id='word_1_560' title='bbox 2072 1587 2321 1657; x_wconf 90' lang='lat' dir='ltr'><strong>duplicat</strong></span> <span class='ocrx_word' id='word_1_561' title='bbox 2345 1584 2935 1640; x_wconf 63' lang='lat' dir='ltr'><strong>creaturmethominis</strong></span> <span class='ocrx_word' id='word_1_562' title='bbox 2961 1583 3430 1639; x_wconf 89' lang='lat' dir='ltr'><strong>constructionem</strong></span> <span class='ocrx_word' id='word_1_563' title='bbox 3454 1591 3509 1635; x_wconf 86' lang='lat' dir='ltr'><strong>et</strong></span> <span class='ocrx_word' id='word_1_564' title='bbox 3529 1594 3652 1634; x_wconf 88' lang='lat' dir='ltr'><strong>nar—</strong></span> 
     </span>
    </p>
   </div>
   <div class='ocr_carea' id='block_1_76' title="bbox 2074 1673 3651 1755">
    <p class='ocr_par' dir='ltr' id='par_1_76' title="bbox 2074 1673 3651 1755">
     <span class='ocr_line' id='line_1_76' title="bbox 2074 1673 3651 1755; baseline -0.005 -21"><span class='ocrx_word' id='word_1_565' title='bbox 2074 1679 2365 1742; x_wconf 90' lang='lat' dir='ltr'><strong>rationem,</strong></span> <span class='ocrx_word' id='word_1_566' title='bbox 2406 1676 2539 1731; x_wconf 91' lang='lat' dir='ltr'><strong>hinc</strong></span> <span class='ocrx_word' id='word_1_567' title='bbox 2570 1691 2783 1746; x_wconf 90' lang='lat' dir='ltr'><strong>ponens</strong></span> <span class='ocrx_word' id='word_1_568' title='bbox 2807 1676 3164 1755; x_wconf 88' lang='lat' dir='ltr'><strong>principium,</strong></span> <span class='ocrx_word' id='word_1_569' title='bbox 3192 1684 3251 1730; x_wconf 86' lang='lat' dir='ltr'><strong>et</strong></span> <span class='ocrx_word' id='word_1_570' title='bbox 3288 1673 3651 1728; x_wconf 82' lang='lat' dir='ltr'><strong>fundamenta</strong></span> 
     </span>
    </p>
   </div>
   <div class='ocr_carea' id='block_1_77' title="bbox 2068 1761 3653 1840">
    <p class='ocr_par' dir='ltr' id='par_1_77' title="bbox 2068 1761 3653 1840">
     <span class='ocr_line' id='line_1_77' title="bbox 2068 1761 3653 1840; baseline -0.006 -16"><span class='ocrx_word' id='word_1_571' title='bbox 2068 1770 2282 1840; x_wconf 87' lang='lat' dir='ltr'><strong>jaciens</strong></span> <span class='ocrx_word' id='word_1_572' title='bbox 2312 1768 2518 1825; x_wconf 84' lang='lat' dir='ltr'><strong>Christi</strong></span> <span class='ocrx_word' id='word_1_573' title='bbox 2554 1768 2836 1831; x_wconf 61' lang='lat' dir='ltr'><strong>Ecclesiae,</strong></span> <span class='ocrx_word' id='word_1_574' title='bbox 2863 1776 2922 1821; x_wconf 91' lang='lat' dir='ltr'><strong>et</strong></span> <span class='ocrx_word' id='word_1_575' title='bbox 2954 1766 3147 1821; x_wconf 89' lang='lat' dir='ltr'><strong>dicens</strong></span> <span class='ocrx_word' id='word_1_576' title='bbox 3169 1764 3492 1835; x_wconf 87' lang='lat' dir='ltr'><strong>prophetice</strong></span> <span class='ocrx_word' id='word_1_577' title='bbox 3521 1761 3653 1815; x_wconf 82' lang='lat' dir='ltr'><strong>:Hic</strong></span> 
     </span>
    </p>
   </div>
   <div class='ocr_carea' id='block_1_78' title="bbox 2073 1852 3651 1934">
    <p class='ocr_par' dir='ltr' id='par_1_78' title="bbox 2073 1852 3651 1934">
     <span class='ocr_line' id='line_1_78' title="bbox 2073 1852 3651 1934; baseline -0.008 -18"><span class='ocrx_word' id='word_1_578' title='bbox 2073 1872 2148 1917; x_wconf 88' lang='lat' dir='ltr'><strong>est</strong></span> <span class='ocrx_word' id='word_1_579' title='bbox 2188 1861 2319 1916; x_wconf 87' lang='lat' dir='ltr'><strong>liber</strong></span> <span class='ocrx_word' id='word_1_580' title='bbox 2341 1863 2698 1934; x_wconf 77' lang='lat' dir='ltr'><strong>generationis</strong></span> <span class='ocrx_word' id='word_1_581' title='bbox 2736 1858 2851 1914; x_wconf 67' lang='lat' dir='ltr'><strong>caeli</strong></span> <span class='ocrx_word' id='word_1_582' title='bbox 2883 1869 2932 1913; x_wconf 90' lang='lat' dir='ltr'><strong>et</strong></span> <span class='ocrx_word' id='word_1_583' title='bbox 2964 1868 3141 1917; x_wconf 71' lang='lat' dir='ltr'><strong>terrm,</strong></span> <span class='ocrx_word' id='word_1_584' title='bbox 3170 1854 3384 1923; x_wconf 86' lang='lat' dir='ltr'><strong>quando</strong></span> <span class='ocrx_word' id='word_1_585' title='bbox 3418 1854 3518 1923; x_wconf 76' lang='lat' dir='ltr'><strong>fuit</strong></span> <span class='ocrx_word' id='word_1_586' title='bbox 3543 1852 3651 1905; x_wconf 87' lang='lat' dir='ltr'><strong>dies</strong></span> 
     </span>
    </p>
   </div>
   <div class='ocr_carea' id='block_1_79' title="bbox 2073 1945 3655 2026">
    <p class='ocr_par' dir='ltr' id='par_1_79' title="bbox 2073 1945 3655 2026">
     <span class='ocr_line' id='line_1_79' title="bbox 2073 1945 3655 2026; baseline -0.007 -18"><span class='ocrx_word' id='word_1_587' title='bbox 2073 1971 2179 2026; x_wconf 86' lang='lat' dir='ltr'><strong>qua</strong></span> <span class='ocrx_word' id='word_1_588' title='bbox 2209 1954 2331 2024; x_wconf 81' lang='lat' dir='ltr'><strong>fecit</strong></span> <span class='ocrx_word' id='word_1_589' title='bbox 2352 1954 2539 2008; x_wconf 75' lang='lat' dir='ltr'><strong>caelum</strong></span> <span class='ocrx_word' id='word_1_590' title='bbox 2572 1962 2622 2007; x_wconf 93' lang='lat' dir='ltr'><strong>et</strong></span> <span class='ocrx_word' id='word_1_591' title='bbox 2654 1961 2877 2015; x_wconf 85' lang='lat' dir='ltr'><strong>terram,</strong></span> <span class='ocrx_word' id='word_1_592' title='bbox 2903 1958 2951 2003; x_wconf 89' lang='lat' dir='ltr'><strong>et</strong></span> <span class='ocrx_word' id='word_1_593' title='bbox 2974 1965 3127 2004; x_wconf 89' lang='lat' dir='ltr'><strong>omne</strong></span> <span class='ocrx_word' id='word_1_594' title='bbox 3146 1947 3312 2001; x_wconf 83' lang='lat' dir='ltr'><strong>viride</strong></span> <span class='ocrx_word' id='word_1_595' title='bbox 3337 1947 3454 2016; x_wconf 88' lang='lat' dir='ltr'><strong>agri</strong></span> <span class='ocrx_word' id='word_1_596' title='bbox 3482 1945 3655 2015; x_wconf 81' lang='lat' dir='ltr'><strong>prius-</strong></span> 
     </span>
    </p>
   </div>
   <div class='ocr_carea' id='block_1_80' title="bbox 2074 2036 3655 2118">
    <p class='ocr_par' dir='ltr' id='par_1_80' title="bbox 2074 2036 3655 2118">
     <span class='ocr_line' id='line_1_80' title="bbox 2074 2036 3655 2118; baseline -0.008 -17"><span class='ocrx_word' id='word_1_597' title='bbox 2074 2063 2237 2118; x_wconf 70' lang='lat' dir='ltr'><strong>quam.</strong></span> <span class='ocrx_word' id='word_1_598' title='bbox 2287 2047 2478 2100; x_wconf 87' lang='lat' dir='ltr'><strong>oritur.</strong></span> <span class='ocrx_word' id='word_1_599' title='bbox 2513 2044 2634 2098; x_wconf 87' lang='lat' dir='ltr'><strong>Non</strong></span> <span class='ocrx_word' id='word_1_600' title='bbox 2673 2045 2815 2097; x_wconf 86' lang='lat' dir='ltr'><strong>enim</strong></span> <span class='ocrx_word' id='word_1_601' title='bbox 2847 2043 2984 2112; x_wconf 86' lang='lat' dir='ltr'><strong>pluit</strong></span> <span class='ocrx_word' id='word_1_602' title='bbox 3027 2039 3284 2093; x_wconf 85' lang='lat' dir='ltr'><strong>Dominus</strong></span> <span class='ocrx_word' id='word_1_603' title='bbox 3324 2036 3465 2091; x_wconf 87' lang='lat' dir='ltr'><strong>Deus</strong></span> <span class='ocrx_word' id='word_1_604' title='bbox 3496 2052 3655 2106; x_wconf 81' lang='lat' dir='ltr'><strong>super</strong></span> 
     </span>
    </p>
   </div>
   <div class='ocr_carea' id='block_1_81' title="bbox 2077 2129 3657 2204">
    <p class='ocr_par' dir='ltr' id='par_1_81' title="bbox 2077 2129 3657 2204">
     <span class='ocr_line' id='line_1_81' title="bbox 2077 2129 3657 2204; baseline -0.008 -13"><span class='ocrx_word' id='word_1_605' title='bbox 2077 2146 2298 2202; x_wconf 84' lang='lat' dir='ltr'><strong>terram,</strong></span> <span class='ocrx_word' id='word_1_606' title='bbox 2328 2144 2379 2190; x_wconf 89' lang='lat' dir='ltr'><strong>et</strong></span> <span class='ocrx_word' id='word_1_607' title='bbox 2408 2152 2512 2190; x_wconf 88' lang='lat' dir='ltr'><strong>non</strong></span> <span class='ocrx_word' id='word_1_608' title='bbox 2550 2142 2665 2189; x_wconf 87' lang='lat' dir='ltr'><strong>erat</strong></span> <span class='ocrx_word' id='word_1_609' title='bbox 2689 2137 2903 2204; x_wconf 86' lang='lat' dir='ltr'><strong>operari</strong></span> <span class='ocrx_word' id='word_1_610' title='bbox 2942 2141 3185 2194; x_wconf 85' lang='lat' dir='ltr'><strong>terram;</strong></span> <span class='ocrx_word' id='word_1_611' title='bbox 3214 2129 3329 2198; x_wconf 78' lang='lat' dir='ltr'><strong>fons</strong></span> <span class='ocrx_word' id='word_1_612' title='bbox 3361 2135 3537 2181; x_wconf 84' lang='lat' dir='ltr'><strong>autem</strong></span> <span class='ocrx_word' id='word_1_613' title='bbox 3569 2142 3657 2179; x_wconf 68' lang='lat' dir='ltr'><strong>as.</strong></span> 
     </span>
    </p>
   </div>
   <div class='ocr_carea' id='block_1_82' title="bbox 2074 2217 3653 2295">
    <p class='ocr_par' dir='ltr' id='par_1_82' title="bbox 2074 2217 3653 2295">
     <span class='ocr_line' id='line_1_82' title="bbox 2074 2217 3653 2295; baseline -0.008 -11"><span class='ocrx_word' id='word_1_614' title='bbox 2074 2230 2326 2285; x_wconf 86' lang='lat' dir='ltr'><strong>cendebat</strong></span> <span class='ocrx_word' id='word_1_615' title='bbox 2360 2246 2386 2283; x_wconf 90' lang='lat' dir='ltr'><strong>e</strong></span> <span class='ocrx_word' id='word_1_616' title='bbox 2414 2236 2581 2283; x_wconf 78' lang='lat' dir='ltr'><strong>terra.</strong></span> <span class='ocrx_word' id='word_1_617' title='bbox 2617 2225 2690 2281; x_wconf 88' lang='lat' dir='ltr'><strong>Et</strong></span> <span class='ocrx_word' id='word_1_618' title='bbox 2721 2226 2873 2295; x_wconf 72' lang='lat' dir='ltr'><strong>ﬁnxit</strong></span> <span class='ocrx_word' id='word_1_619' title='bbox 2901 2224 3041 2277; x_wconf 85' lang='lat' dir='ltr'><strong>Deus</strong></span> <span class='ocrx_word' id='word_1_620' title='bbox 3067 2222 3350 2282; x_wconf 84' lang='lat' dir='ltr'><strong>hominem,</strong></span> <span class='ocrx_word' id='word_1_621' title='bbox 3392 2217 3653 2286; x_wconf 81' lang='lat' dir='ltr'><strong>accipiens</strong></span> 
     </span>
    </p>
   </div>
   <div class='ocr_carea' id='block_1_83' title="bbox 2074 2310 3656 2387">
    <p class='ocr_par' dir='ltr' id='par_1_83' title="bbox 2074 2310 3656 2387">
     <span class='ocr_line' id='line_1_83' title="bbox 2074 2310 3656 2387; baseline -0.009 -12"><span class='ocrx_word' id='word_1_622' title='bbox 2074 2322 2293 2374; x_wconf 84' lang='lat' dir='ltr'><strong>humum</strong></span> <span class='ocrx_word' id='word_1_623' title='bbox 2317 2336 2345 2373; x_wconf 90' lang='lat' dir='ltr'><strong>e</strong></span> <span class='ocrx_word' id='word_1_624' title='bbox 2381 2328 2550 2380; x_wconf 86' lang='lat' dir='ltr'><strong>terra,</strong></span> <span class='ocrx_word' id='word_1_625' title='bbox 2576 2326 2625 2371; x_wconf 86' lang='lat' dir='ltr'><strong>et</strong></span> <span class='ocrx_word' id='word_1_626' title='bbox 2662 2317 2943 2387; x_wconf 64' lang='lat' dir='ltr'><strong>insit/ﬂavit</strong></span> <span class='ocrx_word' id='word_1_627' title='bbox 2968 2315 3027 2368; x_wconf 87' lang='lat' dir='ltr'><strong>in</strong></span> <span class='ocrx_word' id='word_1_628' title='bbox 3060 2313 3247 2383; x_wconf 82' lang='lat' dir='ltr'><strong>faciem</strong></span> <span class='ocrx_word' id='word_1_629' title='bbox 3275 2310 3388 2381; x_wconf 85' lang='lat' dir='ltr'><strong>ejus</strong></span> <span class='ocrx_word' id='word_1_630' title='bbox 3411 2310 3656 2378; x_wconf 81' lang='lat' dir='ltr'><strong>spiritum</strong></span> 
     </span>
    </p>
   </div>
   <div class='ocr_carea' id='block_1_84' title="bbox 2078 2401 3655 2479">
    <p class='ocr_par' dir='ltr' id='par_1_84' title="bbox 2078 2401 3655 2479">
     <span class='ocr_line' id='line_1_84' title="bbox 2078 2401 3655 2479; baseline -0.008 -13"><span class='ocrx_word' id='word_1_631' title='bbox 2078 2412 2218 2476; x_wconf 66' lang='lat' dir='ltr'><strong>vitae,</strong></span> <span class='ocrx_word' id='word_1_632' title='bbox 2259 2418 2310 2463; x_wconf 87' lang='lat' dir='ltr'><strong>et</strong></span> <span class='ocrx_word' id='word_1_633' title='bbox 2336 2411 2507 2479; x_wconf 73' lang='lat' dir='ltr'><strong>[actus</strong></span> <span class='ocrx_word' id='word_1_634' title='bbox 2541 2416 2617 2463; x_wconf 83' lang='lat' dir='ltr'><strong>est</strong></span> <span class='ocrx_word' id='word_1_635' title='bbox 2641 2408 2793 2461; x_wconf 84' lang='lat' dir='ltr'><strong>homo</strong></span> <span class='ocrx_word' id='word_1_636' title='bbox 2816 2408 2872 2459; x_wconf 88' lang='lat' dir='ltr'><strong>in</strong></span> <span class='ocrx_word' id='word_1_637' title='bbox 2901 2408 3139 2459; x_wconf 84' lang='lat' dir='ltr'><strong>animant</strong></span> <span class='ocrx_word' id='word_1_638' title='bbox 3164 2406 3441 2457; x_wconf 83' lang='lat' dir='ltr'><strong>viventem.</strong></span> <span class='ocrx_word' id='word_1_639' title='bbox 3465 2401 3655 2469; x_wconf 79' lang='lat' dir='ltr'><strong>Magna</strong></span> 
     </span>
    </p>
   </div>
   <div class='ocr_carea' id='block_1_85' title="bbox 2076 2491 3658 2570">
    <p class='ocr_par' dir='ltr' id='par_1_85' title="bbox 2076 2491 3658 2570">
     <span class='ocr_line' id='line_1_85' title="bbox 2076 2491 3658 2570; baseline -0.009 -11"><span class='ocrx_word' id='word_1_640' title='bbox 2076 2511 2163 2559; x_wconf 87' lang='lat' dir='ltr'><strong>est</strong></span> <span class='ocrx_word' id='word_1_641' title='bbox 2213 2503 2268 2557; x_wconf 88' lang='lat' dir='ltr'><strong>in</strong></span> <span class='ocrx_word' id='word_1_642' title='bbox 2321 2500 2510 2556; x_wconf 88' lang='lat' dir='ltr'><strong>verbis</strong></span> <span class='ocrx_word' id='word_1_643' title='bbox 2559 2498 2857 2570; x_wconf 85' lang='lat' dir='ltr'><strong>propositis</strong></span> <span class='ocrx_word' id='word_1_644' title='bbox 2903 2494 3234 2558; x_wconf 87' lang='lat' dir='ltr'><strong>obscuritas,</strong></span> <span class='ocrx_word' id='word_1_645' title='bbox 3278 2502 3334 2546; x_wconf 90' lang='lat' dir='ltr'><strong>et</strong></span> <span class='ocrx_word' id='word_1_646' title='bbox 3380 2501 3529 2546; x_wconf 89' lang='lat' dir='ltr'><strong>totus</strong></span> <span class='ocrx_word' id='word_1_647' title='bbox 3565 2491 3658 2545; x_wconf 88' lang='lat' dir='ltr'><strong>hic</strong></span> 
     </span>
    </p>
   </div>
   <div class='ocr_carea' id='block_1_86' title="bbox 2077 2583 3657 2655">
    <p class='ocr_par' dir='ltr' id='par_1_86' title="bbox 2077 2583 3657 2655">
     <span class='ocr_line' id='line_1_86' title="bbox 2077 2583 3657 2655; baseline -0.009 -4"><span class='ocrx_word' id='word_1_648' title='bbox 2077 2596 2233 2651; x_wconf 87' lang='lat' dir='ltr'><strong>locus</strong></span> <span class='ocrx_word' id='word_1_649' title='bbox 2269 2601 2355 2649; x_wconf 90' lang='lat' dir='ltr'><strong>est</strong></span> <span class='ocrx_word' id='word_1_650' title='bbox 2379 2592 2539 2647; x_wconf 85' lang='lat' dir='ltr'><strong>valde</strong></span> <span class='ocrx_word' id='word_1_651' title='bbox 2563 2593 2852 2654; x_wconf 90' lang='lat' dir='ltr'><strong>obscurus,</strong></span> <span class='ocrx_word' id='word_1_652' title='bbox 2880 2604 2991 2643; x_wconf 90' lang='lat' dir='ltr'><strong>non</strong></span> <span class='ocrx_word' id='word_1_653' title='bbox 3030 2588 3209 2641; x_wconf 91' lang='lat' dir='ltr'><strong>solum</strong></span> <span class='ocrx_word' id='word_1_654' title='bbox 3252 2585 3400 2655; x_wconf 91' lang='lat' dir='ltr'><strong>quod</strong></span> <span class='ocrx_word' id='word_1_655' title='bbox 3431 2584 3500 2638; x_wconf 90' lang='lat' dir='ltr'><strong>ad</strong></span> <span class='ocrx_word' id='word_1_656' title='bbox 3540 2583 3657 2652; x_wconf 90' lang='lat' dir='ltr'><strong>spi-</strong></span> 
     </span>
    </p>
   </div>
   <div class='ocr_carea' id='block_1_87' title="bbox 2081 2672 3655 2752">
    <p class='ocr_par' dir='ltr' id='par_1_87' title="bbox 2081 2672 3655 2752">
     <span class='ocr_line' id='line_1_87' title="bbox 2081 2672 3655 2752; baseline -0.009 -11"><span class='ocrx_word' id='word_1_657' title='bbox 2081 2687 2336 2741; x_wconf 88' lang='lat' dir='ltr'><strong>ritualem</strong></span> <span class='ocrx_word' id='word_1_658' title='bbox 2387 2684 2588 2738; x_wconf 89' lang='lat' dir='ltr'><strong>attinet</strong></span> <span class='ocrx_word' id='word_1_659' title='bbox 2626 2685 2749 2752; x_wconf 79' lang='lat' dir='ltr'><strong>ejus</strong></span> <span class='ocrx_word' id='word_1_660' title='bbox 2789 2694 3111 2750; x_wconf 79' lang='lat' dir='ltr'><strong>anagogen,</strong></span> <span class='ocrx_word' id='word_1_661' title='bbox 3159 2677 3254 2733; x_wconf 86' lang='lat' dir='ltr'><strong>sed</strong></span> <span class='ocrx_word' id='word_1_662' title='bbox 3290 2676 3458 2731; x_wconf 90' lang='lat' dir='ltr'><strong>etiam</strong></span> <span class='ocrx_word' id='word_1_663' title='bbox 3508 2672 3655 2743; x_wconf 90' lang='lat' dir='ltr'><strong>quod</strong></span> 
     </span>
    </p>
   </div>
   <div class='ocr_carea' id='block_1_88' title="bbox 2080 2763 3660 2845">
    <p class='ocr_par' dir='ltr' id='par_1_88' title="bbox 2080 2763 3660 2845">
     <span class='ocr_line' id='line_1_88' title="bbox 2080 2763 3660 2845; baseline -0.01 -12"><span class='ocrx_word' id='word_1_664' title='bbox 2080 2778 2150 2833; x_wconf 85' lang='lat' dir='ltr'><strong>ad</strong></span> <span class='ocrx_word' id='word_1_665' title='bbox 2194 2775 2537 2845; x_wconf 86' lang='lat' dir='ltr'><strong>corporalem</strong></span> <span class='ocrx_word' id='word_1_666' title='bbox 2581 2773 2701 2844; x_wconf 87' lang='lat' dir='ltr'><strong>ejus</strong></span> <span class='ocrx_word' id='word_1_667' title='bbox 2747 2771 3036 2826; x_wconf 88' lang='lat' dir='ltr'><strong>historiam</strong></span> <span class='ocrx_word' id='word_1_668' title='bbox 3077 2776 3182 2833; x_wconf 89' lang='lat' dir='ltr'><strong>est,</strong></span> <span class='ocrx_word' id='word_1_669' title='bbox 3239 2766 3463 2837; x_wconf 83' lang='lat' dir='ltr'><strong>cognitu</strong></span> <span class='ocrx_word' id='word_1_670' title='bbox 3515 2763 3660 2819; x_wconf 83' lang='lat' dir='ltr'><strong>diﬁl—</strong></span> 
     </span>
    </p>
   </div>
   <div class='ocr_carea' id='block_1_89' title="bbox 2082 2855 3664 2937">
    <p class='ocr_par' dir='ltr' id='par_1_89' title="bbox 2082 2855 3664 2937">
     <span class='ocr_line' id='line_1_89' title="bbox 2082 2855 3664 2937; baseline -0.009 -13"><span class='ocrx_word' id='word_1_671' title='bbox 2082 2869 2226 2924; x_wconf 90' lang='lat' dir='ltr'><strong>cilis.</strong></span> <span class='ocrx_word' id='word_1_672' title='bbox 2269 2865 2495 2937; x_wconf 88' lang='lat' dir='ltr'><strong>Ergo.si</strong></span> <span class='ocrx_word' id='word_1_673' title='bbox 2535 2865 2777 2927; x_wconf 90' lang='lat' dir='ltr'><strong>videtur,</strong></span> <span class='ocrx_word' id='word_1_674' title='bbox 2805 2878 2935 2917; x_wconf 90' lang='lat' dir='ltr'><strong>eum</strong></span> <span class='ocrx_word' id='word_1_675' title='bbox 2974 2860 3214 2931; x_wconf 91' lang='lat' dir='ltr'><strong>primum</strong></span> <span class='ocrx_word' id='word_1_676' title='bbox 3258 2858 3560 2929; x_wconf 82' lang='lat' dir='ltr'><strong>dirigamus</strong></span> <span class='ocrx_word' id='word_1_677' title='bbox 3594 2855 3664 2909; x_wconf 90' lang='lat' dir='ltr'><strong>ad</strong></span> 
     </span>
    </p>
   </div>
   <div class='ocr_carea' id='block_1_90' title="bbox 2084 2949 3665 3031">
    <p class='ocr_par' dir='ltr' id='par_1_90' title="bbox 2084 2949 3665 3031">
     <span class='ocr_line' id='line_1_90' title="bbox 2084 2949 3665 3031; baseline -0.01 -15"><span class='ocrx_word' id='word_1_678' title='bbox 2084 2961 2348 3031; x_wconf 86' lang='lat' dir='ltr'><strong>majorem</strong></span> <span class='ocrx_word' id='word_1_679' title='bbox 2375 2957 2431 3013; x_wconf 89' lang='lat' dir='ltr'><strong>in</strong></span> <span class='ocrx_word' id='word_1_680' title='bbox 2455 2956 2642 3012; x_wconf 90' lang='lat' dir='ltr'><strong>littera</strong></span> <span class='ocrx_word' id='word_1_681' title='bbox 2675 2954 3004 3016; x_wconf 89' lang='lat' dir='ltr'><strong>claritatem,</strong></span> <span class='ocrx_word' id='word_1_682' title='bbox 3035 2961 3093 3006; x_wconf 89' lang='lat' dir='ltr'><strong>et</strong></span> <span class='ocrx_word' id='word_1_683' title='bbox 3124 2949 3325 3005; x_wconf 84' lang='lat' dir='ltr'><strong>deinde</strong></span> <span class='ocrx_word' id='word_1_684' title='bbox 3349 2956 3665 3004; x_wconf 82' lang='lat' dir='ltr'><strong>scrutemur</strong></span> 
     </span>
    </p>
   </div>
   <div class='ocr_carea' id='block_1_91' title="bbox 2086 3044 3305 3118">
    <p class='ocr_par' dir='ltr' id='par_1_91' title="bbox 2086 3044 3305 3118">
     <span class='ocr_line' id='line_1_91' title="bbox 2086 3044 3305 3118; baseline -0.013 -9"><span class='ocrx_word' id='word_1_685' title='bbox 2086 3053 2374 3109; x_wconf 91' lang='lat' dir='ltr'><strong>occultum</strong></span> <span class='ocrx_word' id='word_1_686' title='bbox 2410 3060 2474 3105; x_wconf 83' lang='lat' dir='ltr'><strong>et</strong></span> <span class='ocrx_word' id='word_1_687' title='bbox 2507 3047 2850 3118; x_wconf 85' lang='lat' dir='ltr'><strong>spiritualem</strong></span> <span class='ocrx_word' id='word_1_688' title='bbox 2891 3044 3011 3114; x_wconf 89' lang='lat' dir='ltr'><strong>ejus</strong></span> <span class='ocrx_word' id='word_1_689' title='bbox 3060 3057 3305 3097; x_wconf 88' lang='lat' dir='ltr'><strong>sensum.</strong></span> 
     </span>
    </p>
   </div>
   <div class='ocr_carea' id='block_1_92' title="bbox 2155 3130 3667 3212">
    <p class='ocr_par' dir='ltr' id='par_1_92' title="bbox 2155 3130 3667 3212">
     <span class='ocr_line' id='line_1_92' title="bbox 2155 3130 3667 3212; baseline -0.011 -11"><span class='ocrx_word' id='word_1_690' title='bbox 2155 3145 2272 3200; x_wconf 81' lang='lat' dir='ltr'><strong>Hoc</strong></span> <span class='ocrx_word' id='word_1_691' title='bbox 2298 3152 2384 3199; x_wconf 88' lang='lat' dir='ltr'><strong>est</strong></span> <span class='ocrx_word' id='word_1_692' title='bbox 2410 3156 2542 3212; x_wconf 81' lang='lat' dir='ltr'><strong>ergo</strong></span> <span class='ocrx_word' id='word_1_693' title='bbox 2565 3139 2713 3210; x_wconf 92' lang='lat' dir='ltr'><strong>quod</strong></span> <span class='ocrx_word' id='word_1_694' title='bbox 2742 3152 2845 3191; x_wconf 89' lang='lat' dir='ltr'><strong>nos</strong></span> <span class='ocrx_word' id='word_1_695' title='bbox 2879 3136 2970 3190; x_wconf 90' lang='lat' dir='ltr'><strong>hic</strong></span> <span class='ocrx_word' id='word_1_696' title='bbox 2992 3135 3154 3191; x_wconf 82' lang='lat' dir='ltr'><strong>docet</strong></span> <span class='ocrx_word' id='word_1_697' title='bbox 3191 3132 3458 3203; x_wconf 83' lang='lat' dir='ltr'><strong>propheta</strong></span> <span class='ocrx_word' id='word_1_698' title='bbox 3489 3130 3667 3185; x_wconf 82' lang='lat' dir='ltr'><strong>Moses</strong></span> 
     </span>
    </p>
   </div>
   <div class='ocr_carea' id='block_1_93' title="bbox 2087 3222 3666 3308">
    <p class='ocr_par' dir='ltr' id='par_1_93' title="bbox 2087 3222 3666 3308">
     <span class='ocr_line' id='line_1_93' title="bbox 2087 3222 3666 3308; baseline -0.012 -15"><span class='ocrx_word' id='word_1_699' title='bbox 2087 3244 2458 3308; x_wconf 81' lang='lat' dir='ltr'><strong>congruenter</strong></span> <span class='ocrx_word' id='word_1_700' title='bbox 2498 3234 2699 3288; x_wconf 66' lang='lat' dir='ltr'><strong>littera:</strong></span> <span class='ocrx_word' id='word_1_701' title='bbox 2735 3248 2749 3283; x_wconf 88' lang='lat'><strong>:</strong></span> <span class='ocrx_word' id='word_1_702' title='bbox 2783 3230 2879 3286; x_wconf 82' lang='lat' dir='ltr'><strong>Hic</strong></span> <span class='ocrx_word' id='word_1_703' title='bbox 2935 3236 3011 3282; x_wconf 88' lang='lat' dir='ltr'><strong>est</strong></span> <span class='ocrx_word' id='word_1_704' title='bbox 3055 3226 3183 3280; x_wconf 89' lang='lat' dir='ltr'><strong>liber</strong></span> <span class='ocrx_word' id='word_1_705' title='bbox 3221 3222 3573 3295; x_wconf 85' lang='lat' dir='ltr'><strong>generationis</strong></span> <span class='ocrx_word' id='word_1_706' title='bbox 3617 3228 3666 3275; x_wconf 90' lang='lat' dir='ltr'><strong>et</strong></span> 
     </span>
    </p>
   </div>
   <div class='ocr_carea' id='block_1_94' title="bbox 2088 3312 3666 3393">
    <p class='ocr_par' dir='ltr' id='par_1_94' title="bbox 2088 3312 3666 3393">
     <span class='ocr_line' id='line_1_94' title="bbox 2088 3312 3666 3393; baseline -0.011 -12"><span class='ocrx_word' id='word_1_707' title='bbox 2088 3338 2263 3391; x_wconf 72' lang='lat' dir='ltr'><strong>terr-te,</strong></span> <span class='ocrx_word' id='word_1_708' title='bbox 2316 3324 2527 3393; x_wconf 87' lang='lat' dir='ltr'><strong>quando</strong></span> <span class='ocrx_word' id='word_1_709' title='bbox 2584 3323 2683 3392; x_wconf 83' lang='lat' dir='ltr'><strong>fuit</strong></span> <span class='ocrx_word' id='word_1_710' title='bbox 2724 3320 2833 3373; x_wconf 86' lang='lat' dir='ltr'><strong>dies</strong></span> <span class='ocrx_word' id='word_1_711' title='bbox 2883 3335 2987 3389; x_wconf 85' lang='lat' dir='ltr'><strong>quo</strong></span> <span class='ocrx_word' id='word_1_712' title='bbox 3029 3318 3147 3388; x_wconf 80' lang='lat' dir='ltr'><strong>fecit</strong></span> <span class='ocrx_word' id='word_1_713' title='bbox 3188 3315 3331 3368; x_wconf 86' lang='lat' dir='ltr'><strong>Deus</strong></span> <span class='ocrx_word' id='word_1_714' title='bbox 3383 3312 3570 3368; x_wconf 74' lang='lat' dir='ltr'><strong>emlum</strong></span> <span class='ocrx_word' id='word_1_715' title='bbox 3618 3319 3666 3366; x_wconf 91' lang='lat' dir='ltr'><strong>et</strong></span> 
     </span>
    </p>
   </div>
   <div class='ocr_carea' id='block_1_95' title="bbox 2087 3410 3668 3484">
    <p class='ocr_par' dir='ltr' id='par_1_95' title="bbox 2087 3410 3668 3484">
     <span class='ocr_line' id='line_1_95' title="bbox 2087 3410 3668 3484; baseline -0.012 -10"><span class='ocrx_word' id='word_1_716' title='bbox 2087 3430 2316 3484; x_wconf 81' lang='lat' dir='ltr'><strong>terram;</strong></span> <span class='ocrx_word' id='word_1_717' title='bbox 2345 3418 2452 3472; x_wconf 90' lang='lat' dir='ltr'><strong>hoc</strong></span> <span class='ocrx_word' id='word_1_718' title='bbox 2480 3427 2584 3480; x_wconf 89' lang='lat' dir='ltr'><strong>est,</strong></span> <span class='ocrx_word' id='word_1_719' title='bbox 2617 3414 2796 3484; x_wconf 89' lang='lat' dir='ltr'><strong>primo</strong></span> <span class='ocrx_word' id='word_1_720' title='bbox 2822 3412 2934 3477; x_wconf 89' lang='lat' dir='ltr'><strong>die,</strong></span> <span class='ocrx_word' id='word_1_721' title='bbox 2959 3412 3275 3481; x_wconf 82' lang='lat' dir='ltr'><strong>priusquam</strong></span> <span class='ocrx_word' id='word_1_722' title='bbox 3312 3414 3499 3460; x_wconf 86' lang='lat' dir='ltr'><strong>natum</strong></span> <span class='ocrx_word' id='word_1_723' title='bbox 3532 3410 3668 3458; x_wconf 83' lang='lat' dir='ltr'><strong>esset</strong></span> 
     </span>
    </p>
   </div>
   <div class='ocr_carea' id='block_1_96' title="bbox 2087 3503 3669 3584">
    <p class='ocr_par' dir='ltr' id='par_1_96' title="bbox 2087 3503 3669 3584">
     <span class='ocr_line' id='line_1_96' title="bbox 2087 3503 3669 3584; baseline -0.012 -17"><span class='ocrx_word' id='word_1_724' title='bbox 2087 3512 2300 3584; x_wconf 81' lang='lat' dir='ltr'><strong>quodvis</strong></span> <span class='ocrx_word' id='word_1_725' title='bbox 2326 3509 2491 3565; x_wconf 88' lang='lat' dir='ltr'><strong>viride</strong></span> <span class='ocrx_word' id='word_1_726' title='bbox 2517 3521 2676 3577; x_wconf 82' lang='lat' dir='ltr'><strong>super</strong></span> <span class='ocrx_word' id='word_1_727' title='bbox 2704 3513 2928 3568; x_wconf 88' lang='lat' dir='ltr'><strong>terram,</strong></span> <span class='ocrx_word' id='word_1_728' title='bbox 2951 3510 3000 3558; x_wconf 88' lang='lat' dir='ltr'><strong>et</strong></span> <span class='ocrx_word' id='word_1_729' title='bbox 3031 3503 3341 3572; x_wconf 80' lang='lat' dir='ltr'><strong>priusquam</strong></span> <span class='ocrx_word' id='word_1_730' title='bbox 3370 3506 3500 3552; x_wconf 88' lang='lat' dir='ltr'><strong>nata</strong></span> <span class='ocrx_word' id='word_1_731' title='bbox 3536 3504 3669 3551; x_wconf 84' lang='lat' dir='ltr'><strong>esset</strong></span> 
     </span>
    </p>
   </div>
   <div class='ocr_carea' id='block_1_97' title="bbox 2086 3589 3669 3677">
    <p class='ocr_par' dir='ltr' id='par_1_97' title="bbox 2086 3589 3669 3677">
     <span class='ocr_line' id='line_1_97' title="bbox 2086 3589 3669 3677; baseline -0.01 -20"><span class='ocrx_word' id='word_1_732' title='bbox 2086 3605 2282 3677; x_wconf 67' lang='lat' dir='ltr'><strong>qumvis</strong></span> <span class='ocrx_word' id='word_1_733' title='bbox 2321 3600 2483 3655; x_wconf 77' lang='lat' dir='ltr'><strong>herba</strong></span> <span class='ocrx_word' id='word_1_734' title='bbox 2525 3598 2661 3670; x_wconf 86' lang='lat' dir='ltr'><strong>agri.</strong></span> <span class='ocrx_word' id='word_1_735' title='bbox 2691 3594 2940 3650; x_wconf 83' lang='lat' dir='ltr'><strong>Nondum</strong></span> <span class='ocrx_word' id='word_1_736' title='bbox 2985 3594 3125 3647; x_wconf 81' lang='lat' dir='ltr'><strong>enim</strong></span> <span class='ocrx_word' id='word_1_737' title='bbox 3169 3590 3382 3662; x_wconf 84' lang='lat' dir='ltr'><strong>pluerat</strong></span> <span class='ocrx_word' id='word_1_738' title='bbox 3411 3589 3669 3645; x_wconf 84' lang='lat' dir='ltr'><strong>Dominus</strong></span> 
     </span>
    </p>
   </div>
   <div class='ocr_carea' id='block_1_98' title="bbox 2086 3682 3668 3765">
    <p class='ocr_par' dir='ltr' id='par_1_98' title="bbox 2086 3682 3668 3765">
     <span class='ocr_line' id='line_1_98' title="bbox 2086 3682 3668 3765; baseline -0.011 -13"><span class='ocrx_word' id='word_1_739' title='bbox 2086 3697 2228 3752; x_wconf 87' lang='lat' dir='ltr'><strong>Deus</strong></span> <span class='ocrx_word' id='word_1_740' title='bbox 2268 3710 2426 3765; x_wconf 86' lang='lat' dir='ltr'><strong>super</strong></span> <span class='ocrx_word' id='word_1_741' title='bbox 2456 3701 2676 3752; x_wconf 86' lang='lat' dir='ltr'><strong>terram,</strong></span> <span class='ocrx_word' id='word_1_742' title='bbox 2729 3688 2982 3758; x_wconf 88' lang='lat' dir='ltr'><strong>quoniam</strong></span> <span class='ocrx_word' id='word_1_743' title='bbox 3015 3687 3167 3739; x_wconf 80' lang='lat' dir='ltr'><strong>homo</strong></span> <span class='ocrx_word' id='word_1_744' title='bbox 3210 3684 3445 3736; x_wconf 88' lang='lat' dir='ltr'><strong>nondum</strong></span> <span class='ocrx_word' id='word_1_745' title='bbox 3498 3682 3668 3750; x_wconf 78' lang='lat' dir='ltr'><strong>factus</strong></span> 
     </span>
    </p>
   </div>
   <div class='ocr_carea' id='block_1_99' title="bbox 2088 3778 3669 3856">
    <p class='ocr_par' dir='ltr' id='par_1_99' title="bbox 2088 3778 3669 3856">
     <span class='ocr_line' id='line_1_99' title="bbox 2088 3778 3669 3856; baseline -0.012 -11"><span class='ocrx_word' id='word_1_746' title='bbox 2088 3799 2225 3852; x_wconf 86' lang='lat' dir='ltr'><strong>erat,</strong></span> <span class='ocrx_word' id='word_1_747' title='bbox 2272 3804 2363 3842; x_wconf 81' lang='lat' dir='ltr'><strong>nec</strong></span> <span class='ocrx_word' id='word_1_748' title='bbox 2399 3785 2725 3856; x_wconf 81' lang='lat' dir='ltr'><strong>aperabntur</strong></span> <span class='ocrx_word' id='word_1_749' title='bbox 2752 3797 2911 3852; x_wconf 88' lang='lat' dir='ltr'><strong>super</strong></span> <span class='ocrx_word' id='word_1_750' title='bbox 2937 3789 3174 3843; x_wconf 87' lang='lat' dir='ltr'><strong>terram;</strong></span> <span class='ocrx_word' id='word_1_751' title='bbox 3212 3778 3327 3846; x_wconf 77' lang='lat' dir='ltr'><strong>fons</strong></span> <span class='ocrx_word' id='word_1_752' title='bbox 3370 3785 3545 3829; x_wconf 87' lang='lat' dir='ltr'><strong>autem</strong></span> <span class='ocrx_word' id='word_1_753' title='bbox 3581 3790 3669 3828; x_wconf 84' lang='lat' dir='ltr'><strong>as-</strong></span> 
     </span>
    </p>
   </div>
   <div class='ocr_carea' id='block_1_100' title="bbox 2089 3866 3670 3950">
    <p class='ocr_par' dir='ltr' id='par_1_100' title="bbox 2089 3866 3670 3950">
     <span class='ocr_line' id='line_1_100' title="bbox 2089 3866 3670 3950; baseline -0.013 -12"><span class='ocrx_word' id='word_1_754' title='bbox 2089 3883 2339 3938; x_wconf 88' lang='lat' dir='ltr'><strong>cendebat</strong></span> <span class='ocrx_word' id='word_1_755' title='bbox 2362 3895 2522 3950; x_wconf 85' lang='lat' dir='ltr'><strong>super</strong></span> <span class='ocrx_word' id='word_1_756' title='bbox 2544 3885 2767 3931; x_wconf 88' lang='lat' dir='ltr'><strong>terram.</strong></span> <span class='ocrx_word' id='word_1_757' title='bbox 2807 3872 2911 3939; x_wconf 80' lang='lat' dir='ltr'><strong>Qui</strong></span> <span class='ocrx_word' id='word_1_758' title='bbox 2940 3872 3204 3933; x_wconf 89' lang='lat' dir='ltr'><strong>litteram,</strong></span> <span class='ocrx_word' id='word_1_759' title='bbox 3236 3882 3469 3936; x_wconf 89' lang='lat' dir='ltr'><strong>eamque</strong></span> <span class='ocrx_word' id='word_1_760' title='bbox 3494 3866 3670 3921; x_wconf 89' lang='lat' dir='ltr'><strong>solam</strong></span> 
     </span>
    </p>
   </div>
   <div class='ocr_carea' id='block_1_101' title="bbox 2089 3956 3667 4043">
    <p class='ocr_par' dir='ltr' id='par_1_101' title="bbox 2089 3956 3667 4043">
     <span class='ocr_line' id='line_1_101' title="bbox 2089 3956 3667 4043; baseline -0.013 -12"><span class='ocrx_word' id='word_1_761' title='bbox 2089 3977 2182 4031; x_wconf 89' lang='lat' dir='ltr'><strong>hic</strong></span> <span class='ocrx_word' id='word_1_762' title='bbox 2226 3980 2559 4043; x_wconf 88' lang='lat' dir='ltr'><strong>sequuntur,</strong></span> <span class='ocrx_word' id='word_1_763' title='bbox 2599 3968 2695 4023; x_wconf 92' lang='lat' dir='ltr'><strong>hic</strong></span> <span class='ocrx_word' id='word_1_764' title='bbox 2713 3967 2905 4022; x_wconf 79' lang='lat' dir='ltr'><strong>falsam</strong></span> <span class='ocrx_word' id='word_1_765' title='bbox 2942 3962 3227 4018; x_wconf 90' lang='lat' dir='ltr'><strong>adducunt</strong></span> <span class='ocrx_word' id='word_1_766' title='bbox 3249 3958 3494 4015; x_wconf 81' lang='lat' dir='ltr'><strong>divinam</strong></span> <span class='ocrx_word' id='word_1_767' title='bbox 3515 3956 3667 4012; x_wconf 89' lang='lat' dir='ltr'><strong>Scri-</strong></span> 
     </span>
    </p>
   </div>
   <div class='ocr_carea' id='block_1_102' title="bbox 2089 4047 3668 4137">
    <p class='ocr_par' dir='ltr' id='par_1_102' title="bbox 2089 4047 3668 4137">
     <span class='ocr_line' id='line_1_102' title="bbox 2089 4047 3668 4137; baseline -0.014 -17"><span class='ocrx_word' id='word_1_768' title='bbox 2089 4074 2331 4137; x_wconf 90' lang='lat' dir='ltr'><strong>pturam.</strong></span> <span class='ocrx_word' id='word_1_769' title='bbox 2368 4062 2562 4130; x_wconf 88' lang='lat' dir='ltr'><strong>Neque</strong></span> <span class='ocrx_word' id='word_1_770' title='bbox 2603 4057 2752 4113; x_wconf 88' lang='lat' dir='ltr'><strong>enim</strong></span> <span class='ocrx_word' id='word_1_771' title='bbox 2780 4054 3008 4110; x_wconf 91' lang='lat' dir='ltr'><strong>omnino</strong></span> <span class='ocrx_word' id='word_1_772' title='bbox 3051 4050 3366 4106; x_wconf 89' lang='lat' dir='ltr'><strong>invenimus</strong></span> <span class='ocrx_word' id='word_1_773' title='bbox 3402 4047 3456 4101; x_wconf 91' lang='lat' dir='ltr'><strong>in</strong></span> <span class='ocrx_word' id='word_1_774' title='bbox 3490 4047 3668 4117; x_wconf 89' lang='lat' dir='ltr'><strong>primo</strong></span> 
     </span>
    </p>
   </div>
   <div class='ocr_carea' id='block_1_103' title="bbox 2089 4135 3739 4212">
    <p class='ocr_par' dir='ltr' id='par_1_103' title="bbox 2089 4135 3739 4212">
     <span class='ocr_line' id='line_1_103' title="bbox 2089 4135 3739 4212; baseline -0.015 0"><span class='ocrx_word' id='word_1_775' title='bbox 2089 4135 2180 4212; x_wconf 81' lang='lat' dir='ltr'><strong>die</strong></span> <span class='ocrx_word' id='word_1_776' title='bbox 2221 4162 2348 4210; x_wconf 89' lang='lat' dir='ltr'><strong>ante</strong></span> <span class='ocrx_word' id='word_1_777' title='bbox 2381 4152 2532 4207; x_wconf 89' lang='lat' dir='ltr'><strong>olera</strong></span> <span class='ocrx_word' id='word_1_778' title='bbox 2572 4156 2630 4203; x_wconf 91' lang='lat' dir='ltr'><strong>et</strong></span> <span class='ocrx_word' id='word_1_779' title='bbox 2674 4144 2878 4201; x_wconf 89' lang='lat' dir='ltr'><strong>herbas</strong></span> <span class='ocrx_word' id='word_1_780' title='bbox 2923 4143 2979 4198; x_wconf 92' lang='lat' dir='ltr'><strong>in</strong></span> <span class='ocrx_word' id='word_1_781' title='bbox 3032 4156 3129 4197; x_wconf 85' lang='lat' dir='ltr'><strong>sex</strong></span> <span class='ocrx_word' id='word_1_782' title='bbox 3168 4138 3365 4195; x_wconf 88' lang='lat' dir='ltr'><strong>diebus</strong></span> <span class='ocrx_word' id='word_1_783' title='bbox 3390 4135 3667 4191; x_wconf 90' lang='lat' dir='ltr'><strong>nominari</strong></span> <span class='ocrx_word' id='word_1_784' title='bbox 3731 4194 3739 4203; x_wconf 55' lang='grc'><em>,</em></span> 
     </span>
    </p>
   </div>
   <div class='ocr_carea' id='block_1_104' title="bbox 2090 4227 3668 4312">
    <p class='ocr_par' dir='ltr' id='par_1_104' title="bbox 2090 4227 3668 4312">
     <span class='ocr_line' id='line_1_104' title="bbox 2090 4227 3668 4312; baseline -0.014 -10"><span class='ocrx_word' id='word_1_785' title='bbox 2090 4246 2322 4309; x_wconf 89' lang='lat' dir='ltr'><strong>fontem,</strong></span> <span class='ocrx_word' id='word_1_786' title='bbox 2355 4256 2535 4312; x_wconf 90' lang='lat' dir='ltr'><strong>neque</strong></span> <span class='ocrx_word' id='word_1_787' title='bbox 2563 4238 2968 4310; x_wconf 79' lang='lat' dir='ltr'><strong>irrigationem,</strong></span> <span class='ocrx_word' id='word_1_788' title='bbox 2999 4232 3094 4290; x_wconf 88' lang='lat' dir='ltr'><strong>sed</strong></span> <span class='ocrx_word' id='word_1_789' title='bbox 3129 4247 3314 4301; x_wconf 89' lang='lat' dir='ltr'><strong>neque</strong></span> <span class='ocrx_word' id='word_1_790' title='bbox 3340 4243 3541 4299; x_wconf 90' lang='lat' dir='ltr'><strong>aquam</strong></span> <span class='ocrx_word' id='word_1_791' title='bbox 3565 4227 3668 4281; x_wconf 89' lang='lat' dir='ltr'><strong>sub</strong></span> 
     </span>
    </p>
   </div>
   <div class='ocr_carea' id='block_1_105' title="bbox 2091 4331 3669 4401">
    <p class='ocr_par' dir='ltr' id='par_1_105' title="bbox 2091 4331 3669 4401">
     <span class='ocr_line' id='line_1_105' title="bbox 2091 4331 3669 4401; baseline -0.013 -10"><span class='ocrx_word' id='word_1_792' title='bbox 2091 4346 2272 4401; x_wconf 87' lang='lat' dir='ltr'><strong>terra;</strong></span> <span class='ocrx_word' id='word_1_793' title='bbox 2317 4333 2415 4390; x_wconf 91' lang='lat' dir='ltr'><strong>sed</strong></span> <span class='ocrx_word' id='word_1_794' title='bbox 2452 4344 2673 4387; x_wconf 91' lang='lat' dir='ltr'><strong>omnem</strong></span> <span class='ocrx_word' id='word_1_795' title='bbox 2704 4341 2973 4397; x_wconf 86' lang='lat' dir='ltr'><strong>aquarum</strong></span> <span class='ocrx_word' id='word_1_796' title='bbox 3026 4331 3285 4379; x_wconf 88' lang='lat' dir='ltr'><strong>naturam</strong></span> <span class='ocrx_word' id='word_1_797' title='bbox 3333 4335 3454 4376; x_wconf 89' lang='lat' dir='ltr'><strong>esse</strong></span> <span class='ocrx_word' id='word_1_798' title='bbox 3505 4333 3669 4387; x_wconf 90' lang='lat' dir='ltr'><strong>supra</strong></span> 
     </span>
    </p>
   </div>
   <div class='ocr_carea' id='block_1_106' title="bbox 2092 4407 3669 4484">
    <p class='ocr_par' dir='ltr' id='par_1_106' title="bbox 2092 4407 3669 4484">
     <span class='ocr_line' id='line_1_106' title="bbox 2092 4407 3669 4484; baseline -0.014 -2"><span class='ocrx_word' id='word_1_799' title='bbox 2092 4434 2318 4482; x_wconf 89' lang='lat' dir='ltr'><strong>terram.</strong></span> <span class='ocrx_word' id='word_1_800' title='bbox 2360 4422 2465 4479; x_wconf 93' lang='lat' dir='ltr'><strong>Ubi</strong></span> <span class='ocrx_word' id='word_1_801' title='bbox 2500 4428 2685 4476; x_wconf 88' lang='lat' dir='ltr'><strong>autem</strong></span> <span class='ocrx_word' id='word_1_802' title='bbox 2719 4425 2840 4473; x_wconf 91' lang='lat' dir='ltr'><strong>erat</strong></span> <span class='ocrx_word' id='word_1_803' title='bbox 2883 4430 3047 4484; x_wconf 86' lang='lat' dir='ltr'><strong>aqua,</strong></span> <span class='ocrx_word' id='word_1_804' title='bbox 3098 4429 3210 4469; x_wconf 90' lang='lat' dir='ltr'><strong>non</strong></span> <span class='ocrx_word' id='word_1_805' title='bbox 3241 4418 3362 4466; x_wconf 90' lang='lat' dir='ltr'><strong>erat</strong></span> <span class='ocrx_word' id='word_1_806' title='bbox 3401 4407 3669 4478; x_wconf 83' lang='lat' dir='ltr'><strong>irrigatio,</strong></span> 
     </span>
    </p>
   </div>
   <div class='ocr_carea' id='block_1_107' title="bbox 2091 4499 3676 4581">
    <p class='ocr_par' dir='ltr' id='par_1_107' title="bbox 2091 4499 3676 4581">
     <span class='ocr_line' id='line_1_107' title="bbox 2091 4499 3676 4581; baseline -0.013 -8"><span class='ocrx_word' id='word_1_807' title='bbox 2091 4533 2196 4573; x_wconf 90' lang='lat' dir='ltr'><strong>nec</strong></span> <span class='ocrx_word' id='word_1_808' title='bbox 2229 4516 2482 4571; x_wconf 88' lang='lat' dir='ltr'><strong>haustus.</strong></span> <span class='ocrx_word' id='word_1_809' title='bbox 2533 4512 2613 4567; x_wconf 82' lang='lat' dir='ltr'><strong>Ex</strong></span> <span class='ocrx_word' id='word_1_810' title='bbox 2646 4524 2888 4581; x_wconf 86' lang='lat' dir='ltr'><strong>quanam</strong></span> <span class='ocrx_word' id='word_1_811' title='bbox 2920 4516 3105 4562; x_wconf 90' lang='lat' dir='ltr'><strong>autem</strong></span> <span class='ocrx_word' id='word_1_812' title='bbox 3146 4512 3295 4558; x_wconf 90' lang='lat' dir='ltr'><strong>terra</strong></span> <span class='ocrx_word' id='word_1_813' title='bbox 3340 4499 3676 4556; x_wconf 85' lang='lat' dir='ltr'><strong>ascendebat</strong></span> 
     </span>
    </p>
   </div>
   <div class='ocr_carea' id='block_1_108' title="bbox 2091 4594 3676 4676">
    <p class='ocr_par' dir='ltr' id='par_1_108' title="bbox 2091 4594 3676 4676">
     <span class='ocr_line' id='line_1_108' title="bbox 2091 4594 3676 4676; baseline -0.013 -12"><span class='ocrx_word' id='word_1_814' title='bbox 2091 4616 2147 4664; x_wconf 90' lang='lat' dir='ltr'><strong>et</strong></span> <span class='ocrx_word' id='word_1_815' title='bbox 2179 4606 2442 4676; x_wconf 88' lang='lat' dir='ltr'><strong>irrigabat</strong></span> <span class='ocrx_word' id='word_1_816' title='bbox 2474 4601 2827 4673; x_wconf 89' lang='lat' dir='ltr'><strong>superiorem</strong></span> <span class='ocrx_word' id='word_1_817' title='bbox 2856 4596 3111 4654; x_wconf 85' lang='lat' dir='ltr'><strong>terram?</strong></span> <span class='ocrx_word' id='word_1_818' title='bbox 3141 4595 3290 4649; x_wconf 90' lang='lat' dir='ltr'><strong>Duas</strong></span> <span class='ocrx_word' id='word_1_819' title='bbox 3322 4594 3471 4648; x_wconf 90' lang='lat' dir='ltr'><strong>enim</strong></span> <span class='ocrx_word' id='word_1_820' title='bbox 3498 4602 3676 4646; x_wconf 89' lang='lat' dir='ltr'><strong>terras</strong></span> 
     </span>
    </p>
   </div>
   <div class='ocr_carea' id='block_1_109' title="bbox 2092 4680 3689 4773">
    <p class='ocr_par' dir='ltr' id='par_1_109' title="bbox 2092 4680 3689 4773">
     <span class='ocr_line' id='line_1_109' title="bbox 2092 4680 3689 4773; baseline -0.013 -18"><span class='ocrx_word' id='word_1_821' title='bbox 2092 4697 2385 4773; x_wconf 82' lang='lat' dir='ltr'><strong>signiﬁcat,</strong></span> <span class='ocrx_word' id='word_1_822' title='bbox 2427 4695 2620 4773; x_wconf 72' lang='lat' dir='ltr'><strong>dicens</strong></span> <span class='ocrx_word' id='word_1_823' title='bbox 2648 4691 2796 4763; x_wconf 90' lang='lat' dir='ltr'><strong>quod</strong></span> <span class='ocrx_word' id='word_1_824' title='bbox 2834 4689 2959 4744; x_wconf 91' lang='lat' dir='ltr'><strong>fons</strong></span> <span class='ocrx_word' id='word_1_825' title='bbox 3000 4685 3337 4743; x_wconf 86' lang='lat' dir='ltr'><strong>ascendebat</strong></span> <span class='ocrx_word' id='word_1_826' title='bbox 3366 4682 3578 4738; x_wconf 84' lang='lat' dir='ltr'><strong>inferne</strong></span> <span class='ocrx_word' id='word_1_827' title='bbox 3606 4680 3689 4736; x_wconf 68' lang='lat' dir='ltr'><strong>ex&#39;</strong></span> 
     </span>
    </p>
   </div>
   <div class='ocr_carea' id='block_1_110' title="bbox 2093 4768 3675 4860">
    <p class='ocr_par' dir='ltr' id='par_1_110' title="bbox 2093 4768 3675 4860">
     <span class='ocr_line' id='line_1_110' title="bbox 2093 4768 3675 4860; baseline -0.014 -12"><span class='ocrx_word' id='word_1_828' title='bbox 2093 4768 2262 4857; x_wconf 75' lang='lat' dir='ltr'><strong>terra,</strong></span> <span class='ocrx_word' id='word_1_829' title='bbox 2307 4799 2366 4845; x_wconf 89' lang='lat' dir='ltr'><strong>et</strong></span> <span class='ocrx_word' id='word_1_830' title='bbox 2402 4768 2671 4860; x_wconf 68' lang='lat' dir='ltr'><strong>irrigabat</strong></span> <span class='ocrx_word' id='word_1_831' title='bbox 2714 4784 3029 4838; x_wconf 89' lang='lat' dir='ltr'><strong>universam</strong></span> <span class='ocrx_word' id='word_1_832' title='bbox 3075 4779 3271 4834; x_wconf 79' lang='lat' dir='ltr'><strong>faciem</strong></span> <span class='ocrx_word' id='word_1_833' title='bbox 3320 4785 3501 4830; x_wconf 72' lang='lat' dir='ltr'><strong>terrae.</strong></span> <span class='ocrx_word' id='word_1_834' title='bbox 3535 4773 3675 4828; x_wconf 89' lang='lat' dir='ltr'><strong>Cum</strong></span> 
     </span>
    </p>
   </div>
   <div class='ocr_carea' id='block_1_111' title="bbox 2090 4864 3674 4937">
    <p class='ocr_par' dir='ltr' id='par_1_111' title="bbox 2090 4864 3674 4937">
     <span class='ocr_line' id='line_1_111' title="bbox 2090 4864 3674 4937; baseline -0.013 -1"><span class='ocrx_word' id='word_1_835' title='bbox 2090 4889 2279 4936; x_wconf 89' lang='lat' dir='ltr'><strong>autem</strong></span> <span class='ocrx_word' id='word_1_836' title='bbox 2318 4878 2565 4933; x_wconf 91' lang='lat' dir='ltr'><strong>nondum</strong></span> <span class='ocrx_word' id='word_1_837' title='bbox 2595 4879 2784 4931; x_wconf 88' lang='lat' dir='ltr'><strong>essent</strong></span> <span class='ocrx_word' id='word_1_838' title='bbox 2826 4870 3284 4937; x_wconf 62' lang='lat' dir='ltr'><strong>fructus,~neque</strong></span> <span class='ocrx_word' id='word_1_839' title='bbox 3322 4864 3541 4934; x_wconf 76' lang='lat' dir='ltr'><strong>plantae,</strong></span> <span class='ocrx_word' id='word_1_840' title='bbox 3573 4878 3674 4917; x_wconf 89' lang='lat' dir='ltr'><strong>ne-</strong></span> 
     </span>
    </p>
   </div>
   <div class='ocr_carea' id='block_1_112' title="bbox 2090 4954 3673 5044">
    <p class='ocr_par' dir='ltr' id='par_1_112' title="bbox 2090 4954 3673 5044">
     <span class='ocr_line' id='line_1_112' title="bbox 2090 4954 3673 5044; baseline -0.015 -15"><span class='ocrx_word' id='word_1_841' title='bbox 2090 4989 2198 5044; x_wconf 91' lang='lat' dir='ltr'><strong>que</strong></span> <span class='ocrx_word' id='word_1_842' title='bbox 2246 4970 2529 5032; x_wconf 87' lang='lat' dir='ltr'><strong>animalia,</strong></span> <span class='ocrx_word' id='word_1_843' title='bbox 2595 4980 2777 5036; x_wconf 87' lang='lat' dir='ltr'><strong>neque</strong></span> <span class='ocrx_word' id='word_1_844' title='bbox 2820 4963 3099 5024; x_wconf 86' lang='lat' dir='ltr'><strong>volucres,</strong></span> <span class='ocrx_word' id='word_1_845' title='bbox 3162 4973 3342 5026; x_wconf 87' lang='lat' dir='ltr'><strong>neque</strong></span> <span class='ocrx_word' id='word_1_846' title='bbox 3398 4954 3673 5024; x_wconf 66' lang='lat' dir='ltr'><strong>agricolae,</strong></span> 
     </span>
    </p>
   </div>
   <div class='ocr_carea' id='block_1_113' title="bbox 2090 5045 3678 5135">
    <p class='ocr_par' dir='ltr' id='par_1_113' title="bbox 2090 5045 3678 5135">
     <span class='ocr_line' id='line_1_113' title="bbox 2090 5045 3678 5135; baseline -0.014 -15"><span class='ocrx_word' id='word_1_847' title='bbox 2090 5080 2272 5135; x_wconf 89' lang='lat' dir='ltr'><strong>neque</strong></span> <span class='ocrx_word' id='word_1_848' title='bbox 2318 5062 2547 5117; x_wconf 89' lang='lat' dir='ltr'><strong>omnino</strong></span> <span class='ocrx_word' id='word_1_849' title='bbox 2592 5057 2886 5122; x_wconf 89' lang='lat' dir='ltr'><strong>homines;</strong></span> <span class='ocrx_word' id='word_1_850' title='bbox 2922 5053 3185 5125; x_wconf 89' lang='lat' dir='ltr'><strong>quidnam</strong></span> <span class='ocrx_word' id='word_1_851' title='bbox 3242 5048 3507 5118; x_wconf 83' lang='lat' dir='ltr'><strong>irrigabat</strong></span> <span class='ocrx_word' id='word_1_852' title='bbox 3552 5045 3678 5135; x_wconf 83' lang='lat' dir='ltr'><strong>fons</strong></span> 
     </span>
    </p>
   </div>
   <div class='ocr_carea' id='block_1_114' title="bbox 2091 5133 3679 5213">
    <p class='ocr_par' dir='ltr' id='par_1_114' title="bbox 2091 5133 3679 5213">
     <span class='ocr_line' id='line_1_114' title="bbox 2091 5133 3679 5213; baseline -0.013 -2"><span class='ocrx_word' id='word_1_853' title='bbox 2091 5133 2192 5211; x_wconf 84' lang='lat' dir='ltr'><strong>ille</strong></span> <span class='ocrx_word' id='word_1_854' title='bbox 2221 5154 2438 5210; x_wconf 86' lang='lat' dir='ltr'><strong>inferne</strong></span> <span class='ocrx_word' id='word_1_855' title='bbox 2483 5167 2550 5207; x_wconf 85' lang='lat' dir='ltr'><strong>ex</strong></span> <span class='ocrx_word' id='word_1_856' title='bbox 2595 5145 2982 5205; x_wconf 88' lang='lat' dir='ltr'><strong>subterraneis</strong></span> <span class='ocrx_word' id='word_1_857' title='bbox 3034 5143 3172 5198; x_wconf 89' lang='lat' dir='ltr'><strong>locis</strong></span> <span class='ocrx_word' id='word_1_858' title='bbox 3224 5137 3578 5195; x_wconf 81' lang='lat' dir='ltr'><strong>ascendens?</strong></span> <span class='ocrx_word' id='word_1_859' title='bbox 3618 5133 3679 5213; x_wconf 76' lang='lat' dir='ltr'><strong>Si</strong></span> 
     </span>
    </p>
   </div>
   <div class='ocr_carea' id='block_1_115' title="bbox 2093 5231 3679 5312">
    <p class='ocr_par' dir='ltr' id='par_1_115' title="bbox 2093 5231 3679 5312">
     <span class='ocr_line' id='line_1_115' title="bbox 2093 5231 3679 5312; baseline -0.013 -10"><span class='ocrx_word' id='word_1_860' title='bbox 2093 5248 2241 5303; x_wconf 89' lang='lat' dir='ltr'><strong>enim</strong></span> <span class='ocrx_word' id='word_1_861' title='bbox 2278 5244 2546 5312; x_wconf 79' lang='lat' dir='ltr'><strong>irrigabat</strong></span> <span class='ocrx_word' id='word_1_862' title='bbox 2576 5249 2748 5296; x_wconf 88' lang='lat' dir='ltr'><strong>totam</strong></span> <span class='ocrx_word' id='word_1_863' title='bbox 2782 5238 2981 5311; x_wconf 83' lang='lat' dir='ltr'><strong>faciem</strong></span> <span class='ocrx_word' id='word_1_864' title='bbox 3028 5244 3211 5297; x_wconf 58' lang='lat' dir='ltr'><strong>terra},</strong></span> <span class='ocrx_word' id='word_1_865' title='bbox 3241 5231 3366 5302; x_wconf 89' lang='lat' dir='ltr'><strong>quis</strong></span> <span class='ocrx_word' id='word_1_866' title='bbox 3392 5237 3508 5286; x_wconf 82' lang='lat' dir='ltr'><strong>erat</strong></span> <span class='ocrx_word' id='word_1_867' title='bbox 3545 5242 3679 5281; x_wconf 87' lang='lat' dir='ltr'><strong>usus</strong></span> 
     </span>
    </p>
   </div>
   <div class='ocr_carea' id='block_1_116' title="bbox 2095 5322 3682 5404">
    <p class='ocr_par' dir='ltr' id='par_1_116' title="bbox 2095 5322 3682 5404">
     <span class='ocr_line' id='line_1_116' title="bbox 2095 5322 3682 5404; baseline -0.016 -10"><span class='ocrx_word' id='word_1_868' title='bbox 2095 5338 2251 5394; x_wconf 88' lang='lat' dir='ltr'><strong>illius</strong></span> <span class='ocrx_word' id='word_1_869' title='bbox 2297 5334 2449 5391; x_wconf 81' lang='lat' dir='ltr'><strong>ﬂuvii</strong></span> <span class='ocrx_word' id='word_1_870' title='bbox 2487 5333 2582 5404; x_wconf 92' lang='lat' dir='ltr'><strong>qui</strong></span> <span class='ocrx_word' id='word_1_871' title='bbox 2616 5330 3015 5403; x_wconf 87' lang='lat' dir='ltr'><strong>egrediebatur</strong></span> <span class='ocrx_word' id='word_1_872' title='bbox 3047 5341 3115 5381; x_wconf 84' lang='lat' dir='ltr'><strong>ex</strong></span> <span class='ocrx_word' id='word_1_873' title='bbox 3145 5324 3316 5379; x_wconf 88' lang='lat' dir='ltr'><strong>Edem</strong></span> <span class='ocrx_word' id='word_1_874' title='bbox 3346 5322 3410 5376; x_wconf 90' lang='lat' dir='ltr'><strong>ad</strong></span> <span class='ocrx_word' id='word_1_875' title='bbox 3444 5322 3682 5387; x_wconf 62' lang='lat' dir='ltr'><strong>irrigan—</strong></span> 
     </span>
    </p>
   </div>
   <div class='ocr_carea' id='block_1_117' title="bbox 2095 5413 3679 5498">
    <p class='ocr_par' dir='ltr' id='par_1_117' title="bbox 2095 5413 3679 5498">
     <span class='ocr_line' id='line_1_117' title="bbox 2095 5413 3679 5498; baseline -0.014 -14"><span class='ocrx_word' id='word_1_876' title='bbox 2095 5428 2226 5485; x_wconf 90' lang='lat' dir='ltr'><strong>dum</strong></span> <span class='ocrx_word' id='word_1_877' title='bbox 2258 5426 2602 5498; x_wconf 87' lang='lat' dir='ltr'><strong>paradisum,</strong></span> <span class='ocrx_word' id='word_1_878' title='bbox 2644 5421 2919 5492; x_wconf 86' lang='lat' dir='ltr'><strong>siquidem</strong></span> <span class='ocrx_word' id='word_1_879' title='bbox 2962 5419 3021 5473; x_wconf 93' lang='lat' dir='ltr'><strong>in</strong></span> <span class='ocrx_word' id='word_1_880' title='bbox 3068 5427 3217 5473; x_wconf 88' lang='lat' dir='ltr'><strong>terra</strong></span> <span class='ocrx_word' id='word_1_881' title='bbox 3266 5422 3351 5469; x_wconf 88' lang='lat' dir='ltr'><strong>est</strong></span> <span class='ocrx_word' id='word_1_882' title='bbox 3379 5413 3544 5469; x_wconf 87' lang='lat' dir='ltr'><strong>etiam</strong></span> <span class='ocrx_word' id='word_1_883' title='bbox 3578 5425 3679 5481; x_wconf 62' lang='lat' dir='ltr'><strong>pse</strong></span> 
     </span>
    </p>
   </div>
   <div class='ocr_carea' id='block_1_118' title="bbox 2096 5502 3673 5580">
    <p class='ocr_par' dir='ltr' id='par_1_118' title="bbox 2096 5502 3673 5580">
     <span class='ocr_line' id='line_1_118' title="bbox 2096 5502 3673 5580; baseline -0.011 -7"><span class='ocrx_word' id='word_1_884' title='bbox 2096 5518 2359 5573; x_wconf 88' lang='lat' dir='ltr'><strong>radisus?</strong></span> <span class='ocrx_word' id='word_1_885' title='bbox 2414 5515 2560 5572; x_wconf 81' lang='lat' dir='ltr'><strong>Audi</strong></span> <span class='ocrx_word' id='word_1_886' title='bbox 2602 5513 2752 5570; x_wconf 85' lang='lat' dir='ltr'><strong>enim</strong></span> <span class='ocrx_word' id='word_1_887' title='bbox 2803 5510 3107 5580; x_wconf 72' lang='lat' dir='ltr'><strong>Scriptura:</strong></span> <span class='ocrx_word' id='word_1_888' title='bbox 3170 5502 3673 5575; x_wconf 84' lang='lat' dir='ltr'><strong>consequentiam:</strong></span> 
     </span>
    </p>
   </div>
   <div class='ocr_carea' id='block_1_119' title="bbox 2095 5598 3674 5682">
    <p class='ocr_par' dir='ltr' id='par_1_119' title="bbox 2095 5598 3674 5682">
     <span class='ocr_line' id='line_1_119' title="bbox 2095 5598 3674 5682; baseline -0.013 -17"><span class='ocrx_word' id='word_1_889' title='bbox 2095 5611 2161 5666; x_wconf 79' lang='lat' dir='ltr'><strong>In</strong></span> <span class='ocrx_word' id='word_1_890' title='bbox 2213 5609 2472 5682; x_wconf 84' lang='lat' dir='ltr'><strong>principio</strong></span> <span class='ocrx_word' id='word_1_891' title='bbox 2517 5623 2635 5662; x_wconf 84' lang='lat' dir='ltr'><strong>cum</strong></span> <span class='ocrx_word' id='word_1_892' title='bbox 2678 5605 2880 5676; x_wconf 75' lang='lat' dir='ltr'><strong>fecisset</strong></span> <span class='ocrx_word' id='word_1_893' title='bbox 2927 5601 3065 5655; x_wconf 86' lang='lat' dir='ltr'><strong>Deus</strong></span> <span class='ocrx_word' id='word_1_894' title='bbox 3121 5598 3305 5654; x_wconf 69' lang='lat' dir='ltr'><strong>calum</strong></span> <span class='ocrx_word' id='word_1_895' title='bbox 3357 5603 3408 5651; x_wconf 85' lang='lat' dir='ltr'><strong>et</strong></span> <span class='ocrx_word' id='word_1_896' title='bbox 3452 5602 3674 5656; x_wconf 85' lang='lat' dir='ltr'><strong>terram,</strong></span> 
     </span>
    </p>
   </div>
  </div>
