4098 6426
589 337 695 404 959

1695 321 1700 328 “
1782 343 1844 402 s.
1893 334 2288 400 ANASTASII
2344 332 2670 402 savum
3745 350 3832 421 960

592 463 740 508 terra
773 460 888 506 erat
913 452 1192 510 invisibilis
1217 465 1268 510 et
1290 456 1662 528 incomposita,
1691 465 1740 510 et
1763 454 1989 510 tenebras
2006 455 2169 505 erant
2197 452 2248 509 Δ
2275 449 2346 504 ad
2375 465 2518 521 opus
2560 451 2926 523 processisset
2955 448 3226 526 ejusmodi
3259 451 3390 511 boni
3419 452 3672 528 agricola
3703 466 3834 533 agri-

590 561 752 616 super
781 545 1050 616 abyssum.
1087 547 1146 602 Si
1173 555 1358 603 autem
1383 549 1626 604 tenebra
1647 554 1808 603 erant
1835 560 2002 616 super
2021 555 2176 598 crea-

594 648 799 703 turam,
851 653 952 693 cur
995 619 1259 709 irrigabat
1301 641 1356 695 in
1405 641 1690 696 tenebris?
1722 640 1792 694 Et
1849 639 1896 692 si
1943 637 2174 707 spiritus

593 729 692 784 Dei
739 729 1022 784 ferebatur
1066 747 1232 801 super
1284 749 1518 802 aquam.
1567 733 1671 786 hoc
1714 738 1819 790 est,
1873 730 2174 784 vehemens

592 827 797 876 ventus
821 835 943 874 eam
971 823 1215 893 agitabat
1239 832 1296 877 et
1316 823 1702 877 commovebat
1725 820 1989 876 fluctibus
2017 820 2173 884 (ferri

593 911 743 965 enim
783 921 867 968 est
891 913 1252 968 vehementer
1281 914 1846 986 moveri),qnomodo,
1875 928 2084 982 quaso,
2117 911 2172 968 in

594 1003 828 1074 caligine
859 1012 916 1059 et
957 1006 1201 1060 tenebris
1245 1016 1304 1060 et
1329 1015 1656 1077 tempestate
1688 1014 1882 1076 aperta
1913 1005 2172 1061 fluctibus

594 1093 811 1149 inferne
853 1095 1051 1150 obruta
1091 1098 1350 1152 universa
1387 1109 1553 1162 terra,
1587 1099 1656 1153 ab
1694 1099 1884 1168 aliquo
1909 1098 2060 1152 fonte
2085 1111 2172 1152 as-

591 1185 864 1241 cendente
892 1203 923 1241 e
952 1197 1099 1243 terra
1125 1189 1495 1260 irrigahatur?
1523 1192 1784 1261 Nunquid
1816 1208 1951 1262 ergo
1971 1191 2171 1245 littera

592 1277 878 1332 historiam
902 1295 1011 1333 non
1037 1282 1266 1337 omnino
1286 1283 1688 1339 concludentes
1720 1283 1776 1337 in
1801 1283 1987 1351 divina
2023 1281 2172 1336 Scri-

588 1377 772 1437 ptura,
823 1386 1118 1440 possumus
1159 1375 1329 1435 etiam
1376 1390 1476 1445 per
1521 1391 1807 1445 anagogcn
1859 1375 2169 1445 intelligere

592 1465 738 1516 hunc
770 1463 980 1518 fontem
1027 1466 1124 1532 qui
1175 1466 1392 1522 inferne
1434 1469 1686 1523 ascendit
1715 1484 1744 1521 a
1774 1477 1944 1532 terra,
1987 1477 2044 1522 et
2073 1468 2168 1537 qui

587 1550 648 1605 in
687 1551 922 1622 caligine
952 1570 1016 1609 ac
1043 1556 1293 1611 tenebris
1331 1566 1386 1612 et
1423 1567 1747 1627 tempestate
1775 1559 1969 1628 irrigat
1999 1568 2168 1612 totam

585 1643 785 1699 faciem
826 1653 1022 1704 terra.
1047 1647 1370 1714 humanam,
1415 1650 1665 1720 inquam,
1697 1666 1896 1720 aquam
1929 1666 2052 1719 qua
2084 1658 2170 1705 est

582 1735 861 1790 contraria
897 1737 1098 1806 pluvia
1130 1756 1253 1809 qua
1284 1741 1524 1810 desuper
1550 1741 1841 1796 descendit
1865 1741 1918 1795 in
1953 1741 2169 1795 vellus?

583 1827 980 1895 Quamobrem,
1000 1845 1126 1884 cum
1167 1831 1240 1886 sit
1271 1833 1477 1886 sterilis
1516 1840 1572 1886 et
1602 1831 1883 1908 infertilis.
1907 1849 2047 1902 aqua
2079 1833 2169 1887 illa

583 1917 974 1986 subterranea,
1025 1930 1082 1977 et
1108 1922 1248 1976 mala
1288 1933 1345 1978 et
1373 1923 1720 1978 tenebricosa
1747 1924 2018 1994 irrigatio,
2056 1938 2169 1978 non

581 2016 802 2078 poterat
850 2020 997 2066 terra
1045 2014 1329 2084 particeps
1379 2016 1616 2070 rationis
1661 2017 1969 2084 producere
2004 2031 2169 2071 omne

579 2117 760 2170 genus
777 2102 976 2168 viride,
1016 2120 1215 2175 nempe
1237 2115 1333 2160 aut
1364 2107 1604 2162 fructum
1629 2116 1722 2161 aut
1747 2107 1997 2162 herbam.
2023 2107 2170 2163 Deus

578 2192 729 2247 enim
779 2193 1144 2250 voluntariam
1194 2196 1432 2266 pluviam
1471 2198 1519 2231 “
1545 2197 1788 2268 desuper
1813 2215 1923 2253 non
1952 2200 2171 2268 pluerat

578 2301 649 2340 ex
697 2289 930 2355 perenni
967 2289 1118 2344 fonte
1151 2291 1318 2358 vita;
1362 2303 1475 2346 non
1509 2303 1633 2347 erat
1673 2308 1764 2348 ros
1807 2309 1876 2349 ex
1903 2293 2166 2358 llermon,

575 2376 944 2450 Christusqui
968 2396 1034 2434 ex
1059 2383 1218 2437 Patre
1243 2382 1534 2438 descendit
1557 2427 1569 2448 ,
1603 2400 1782 2455 neque
1803 2385 1897 2454 qui
1933 2386 2169 2440 seminat

577 2469 650 2523 ad
687 2471 1079 2526 seminandum
1125 2473 1520 2544 Evangelium,
1561 2485 1619 2530 et
1661 2476 1828 2530 homo
1881 2493 1990 2531 non
2045 2485 2168 2532 crat

577 2562 918 2630 apostolicus
944 2563 1012 2618 ad
1038 2565 1377 2633 operandam
1400 2576 1600 2621 terram
1629 2581 1752 2636 qua
1777 2575 1863 2622 est
1883 2566 1937 2622 in
1959 2569 2164 2622 anima.

649 2651 901 2722 lntellige
932 2663 1219 2723 praterea,
1242 2672 1449 2726 quaso.
1475 2657 1595 2711 Non
1627 2657 1764 2712 dixit
1785 2658 1975 2713 divina
2013 2658 2167 2714 Scri-

579 2751 744 2810 ptura
783 2746 930 2822 quod
962 2763 1072 2800 non
1095 2755 1217 2801 erat
1249 2747 1414 2803 homo
1449 2767 1462 2802 :
1491 2748 1548 2804 in
1588 2749 1683 2804 illo
1707 2751 1854 2804 enim
1880 2751 1970 2805 dic
2002 2751 2170 2808 homo

579 2833 762 2888 factus
799 2834 1000 2890 fuerat.
1057 2836 1164 2892 Sed
1212 2854 1325 2892 non
1371 2848 1491 2894 erat
1545 2840 1821 2910 ejusmodi
1871 2842 2040 2896 homo
2073 2843 2167 2914 qui

581 2934 768 2994 posset
815 2927 1034 2995 operari
1068 2937 1124 2982 et
1162 2929 1346 2983 colere
1389 2937 1595 2984 terram
1652 2933 1870 2988 anima.
1911 2934 2168 2989 Nondum

578 3016 730 3070 enim
772 3018 984 3073 exierat
1023 3019 1190 3074 homo
1224 3021 1321 3090 qui
1351 3036 1382 3076 c
1417 3021 1558 3076 calo
1597 3022 1904 3089 descendit,
1939 3025 2006 3079 ad
2039 3041 2171 3094 ope-

2279 540 2518 606 cultura,
2545 551 2603 598 et
2628 543 2860 600 reddita
2886 553 3073 601 essent
3101 544 3375 616 frugifera
3409 563 3533 616 qua
3555 549 3625 604 ab
3650 550 3742 608 illo
3766 555 3834 609 ir-

2279 630 2468 702 rigata
2489 643 2652 689 erant
2677 635 2879 704 planta
2897 675 2912 699 ,
2945 636 3127 691 statim
3155 637 3323 691 infert
3351 637 3635 710 Scriptura
3663 643 3835 702 dicens

2279 735 2726 794 consequenter:
2756 724 2827 779 Et
2850 727 2980 780 oriri
3015 726 3136 796 fecit
3176 727 3428 782 Dominus
3470 729 3612 784 Deus
3639 735 3836 790 adhuce

2279 823 2425 870 terra
2455 831 2610 870 omne
2633 815 2836 887 lignum
2869 817 3144 885 pulchrum
3173 819 3244 872 ad
3269 821 3566 885 videndum,
3593 833 3640 876 et
3664 826 3836 882 bonum

2279 904 2350 958 ad
2375 907 2772 972 comedendum,
2814 917 2863 960 et
2909 907 3113 975 lignum
3149 910 3269 962 vita:
3309 911 3363 963 in
3397 912 3570 965 medio
3600 919 3834 984 paradisi,

2278 1007 2327 1054 et
2351 998 2554 1068 lignum
2573 1000 2772 1054 sciendi
2793 1001 2848 1053 id
2866 1000 3005 1070 quod
3030 1005 3271 1070 cognosci
3298 1011 3468 1073 potest
3489 1005 3610 1060 boni
3631 1017 3677 1060 et
3702 1011 3833 1066 mali.

2277 1089 2421 1158 Quid
2445 1106 2578 1162 ergo
2618 1092 2686 1146 de
2713 1091 2933 1147 Christo
2957 1102 3015 1147 et
3043 1093 3313 1161 Ecclesia,
3356 1095 3556 1158 Adam.
3585 1108 3640 1153 et
3669 1116 3836 1159 omnes

2276 1198 2400 1252 qua
2430 1183 2584 1254 prius
2625 1183 2787 1239 dicta:
2829 1194 2960 1240 sunt
3007 1185 3241 1256 plantas,
3273 1195 3331 1241 et
3361 1188 3614 1254 arbores,
3647 1200 3702 1246 et
3738 1192 3836 1248 fru-

2275 1281 2419 1335 ctus,
2443 1282 2502 1327 et
2525 1274 2846 1342 paradisum
2884 1285 3036 1330 recte
3069 1276 3462 1332 intellexerunt
3501 1288 3559 1333 et
3590 1280 3834 1352 interpre-

2277 1362 2376 1416 tati
2401 1373 2530 1418 sunt
2559 1367 2941 1434 expositores?
2966 1367 3228 1424 dixerunt
3250 1369 3368 1424 hac
3387 1371 3708 1442 prophetice
3730 1391 3833 1433 esse

2277 1458 2482 1526 scripta
2515 1474 2544 1511 a
2581 1458 2730 1513 Mose
2771 1459 2840 1514 de
2888 1460 3050 1515 nobis
3096 1470 3154 1515 et
3191 1461 3435 1517 Christo.
3475 1463 3607 1518 Dico
3650 1477 3830 1534 autem,

2275 1565 2398 1620 qua
2430 1550 2498 1604 de
2525 1551 2780 1620 paradiso
2821 1551 2971 1606 dicta
3015 1561 3167 1616 sunt,
3197 1563 3256 1608 et
3286 1555 3527 1624 plantas,
3564 1566 3619 1612 et
3645 1558 3830 1614 anima-

2275 1641 2370 1706 lia,
2400 1643 2676 1707 volucres,
2707 1644 2932 1708 bestias,
2969 1653 3028 1699 et
3070 1661 3192 1714 qua
3223 1645 3493 1716 deinceps
3530 1661 3828 1719 sequuntur.

2276 1731 2372 1787 Sin
2401 1743 2585 1788 autem
2618 1733 2963 1788 contendunt
2989 1736 3136 1804 quod
3171 1736 3255 1791 ha
3289 1739 3528 1794 arbores
3553 1750 3608 1795 et
3638 1742 3826 1810 planta,

2202 1807 2244 1863 Β
2272 1830 2329 1875 et
2350 1821 2565 1877 fructus
2591 1839 2622 1877 e
2649 1831 2794 1878 terra
2815 1824 3070 1894 producti
3094 1834 3223 1880 sunt
3244 1827 3334 1882 die
3357 1829 3548 1895 tertio,
3574 1807 3828 1888 etsemina

2269 1927 2393 1981 qua
2435 1913 2822 1983 germinarunt
2865 1933 2879 1968 :
2913 1916 3231 1970 necessario
3275 1916 3470 1974 dicent
3511 1922 3656 1990 quod
3703 1938 3827 1978 com-

2271 2003 2457 2058 munis
2501 2005 2659 2059 cibus
2704 2005 2969 2069 hominis,
3005 2016 3056 2061 et
3100 2005 3422 2073 brutorum,
3455 2021 3514 2065 et
3543 2013 3823 2080 volucrum,

2270 2101 2328 2149 et
2373 2095 2688 2164 rcptilium,
2738 2105 2857 2150 erat
2903 2095 3120 2152 fructus
3167 2099 3303 2169 ligni
3338 2101 3502 2164 vita.
3541 2113 3596 2158 et
3640 2103 3824 2161 fructus

2269 2185 2404 2256 ligni
2433 2187 2802 2256 cognoscendi
2833 2189 3040 2243 bonum
3065 2199 3122 2244 et
3160 2193 3393 2247 malum.
3423 2193 3517 2250 Sic
3544 2197 3687 2250 enim
3711 2195 3826 2252 dixit

2269 2279 2416 2334 Deus
2457 2289 2613 2335 sexto
2653 2280 2742 2335 die
2779 2282 2988 2336 homini
3023 2301 3037 2337 :
3067 2283 3200 2337 Ecce
3233 2301 3328 2355 ego
3359 2288 3486 2341 dedi
3539 2289 3672 2343 vobis
3698 2306 3825 2344 omne

2271 2369 2475 2440 lignum
2501 2371 2639 2441 quod
2662 2371 2812 2425 habet
2843 2373 2900 2425 in
2927 2389 2984 2426 se
3011 2373 3244 2443 fructum
3267 2377 3490 2431 seminis
3511 2379 3821 2445 seminabilis,

2269 2463 2410 2517 vobis
2440 2465 2540 2517 erit
2583 2465 2640 2518 in
2686 2464 2856 2519 cibum
2890 2475 2939 2520 et
2987 2467 3228 2522 omnibus
3272 2469 3584 2526 volucribus
3615 2473 3736 2528 caeli.
3775 2472 3820 2529 Si

2269 2567 2401 2623 ergo
2429 2553 2665 2608 Verbum
2699 2563 2755 2608 et
2779 2569 2964 2610 sermo
2989 2557 3205 2612 Domini
3230 2568 3318 2614 est
3345 2559 3410 2614 in
3429 2571 3706 2626 aternum,
3726 2576 3820 2615 om-

2269 2644 2404 2698 nino
2435 2644 2480 2699 si
2515 2645 2680 2699 homo
2706 2661 2807 2715 per
2831 2646 3263 2704 inobedientiam
3289 2660 3380 2706 est
3407 2653 3647 2722 privatus
3673 2653 3818 2710 fructu

2267 2731 2403 2801 ligni
2429 2732 2578 2792 vita.
2604 2733 2794 2789 bestia
2820 2742 2879 2790 et
2909 2737 3123 2806 reptilia
3169 2754 3239 2794 ex
3285 2756 3354 2796 eo
3385 2743 3750 2798 comederunt.
3774 2743 3817 2799 Si

2267 2831 2453 2877 autem
2485 2825 2870 2891 comederunt,
2900 2829 3176 2896 quomodo
3219 2845 3329 2885 non
3361 2835 3564 2889 vivunt
3601 2834 3654 2890 in
3695 2844 3821 2890 ater-

2271 2929 2425 2980 num,
2457 2915 2554 2971 sed
2587 2917 2711 2986 plus
2743 2933 2905 2987 quam
2951 2920 3116 2976 homo
3145 2925 3440 2994 accipiunt
3471 2927 3752 2996 perfectum
3776 2936 3820 2982 et

2270 3006 2419 3061 omni
2465 3023 2534 3061 ex
2585 3021 2740 3078 parte
2788 3009 3105 3066 absolutum
3155 3014 3479 3082 interitum,
3525 3026 3580 3073 et
3623 3031 3819 3073 mortem

581 3107 812 3162 undam
855 3118 912 3164 ει
963 3110 1250 3166 colendam
1299 3112 1497 3167 anima,
1539 3119 1762 3177 terram,
1815 3123 1873 3168 ει
1921 3115 1988 3170 ad
2015 3117 2168 3170 evel-
2197 3137 2240 3196 ε
2273 3097 2689 3153 inevitabilem?
2719 3100 2828 3155 Sed
2871 3111 2928 3157 et
2963 3102 3007 3158 si
3041 3107 3406 3174 posuerimus
3433 3124 3526 3165 eas
3550 3126 3652 3165 non
3683 3109 3820 3164 fuisse

580 3199 778 3256 lendas
823 3202 1012 3270 spinas
1057 3211 1114 3256 et
1159 3203 1397 3260 tribulos
1435 3223 1450 3258 :
1506 3204 1576 3259 ad
1629 3204 1944 3261 faciendum
1986 3207 2166 3278 ipsum

581 3289 830 3345 fructum
862 3291 916 3345 in
950 3293 1198 3364 triginta,
1231 3302 1288 3368 et
1309 3295 1614 3366 sexaginta,
1639 3296 1804 3367 893
1830 3307 1886 3352 et
1918 3307 2162 3354 centum.

581 3380 854 3448 Quoniam
888 3398 1021 3454 ergo
1048 3384 1293 3439 nondum
1318 3396 1654 3455 apparuerat
1679 3387 1992 3458 hujusmodi
2021 3391 2165 3447 Deus

581 3475 750 3530 homo
770 3475 836 3530 ad
857 3475 1193 3545 operandam
1215 3485 1418 3531 terram
1447 3495 1460 3530 :
1483 3477 1608 3532 fons
1628 3487 1811 3533 autem
1838 3479 1928 3534 ille
1949 3481 2167 3537 subter-

583 3583 788 3622 rancus
811 3567 1030 3637 (nempe
1060 3569 1296 3639 maligna
1335 3569 1607 3641 potestas)
1651 3570 1956 3626 inundabat
1983 3580 2041 3627 et
2085 3573 2166 3626 ir-

584 3657 801 3728 rigabat
857 3668 1026 3713 totam
1079 3660 1277 3715 faciem
1337 3669 1558 3716 terra:
1619 3671 1916 3732 propterea
1977 3663 2164 3720 divina

584 3748 871 3819 Scriptura
899 3751 1088 3805 statim
1129 3750 1343 3808 inducit
1379 3751 1686 3816 hominem,
1726 3752 1955 3824 figuram
1989 3754 2163 3810 homi-

581 3840 672 3896 nis
707 3841 972 3904 calcstis,
997 3843 1188 3899 dicens
1225 3861 1237 3898 :
1271 3843 1340 3899 Et
1359 3843 1516 3913 ﬁnxit
1557 3845 1691 3900 Deus
1721 3847 1982 3903 hominem
2006 3850 2164 3902 humo

582 3939 800 4000 accepta
845 3947 872 3985 e
916 3941 1084 3998 terra,
1128 3942 1178 3988 et
1210 3935 1497 4005 insuﬂlavit
1535 3937 1589 3990 in
1633 3937 1820 4007 faciem
1861 3938 1974 4008 ejus
2008 3941 2166 4008 spiri-

581 4031 699 4076 tum
739 4025 881 4088 vita,
913 4033 962 4078 et
1005 4025 1174 4094 factus
1205 4032 1280 4079 est
1315 4027 1467 4080 homo
1515 4027 1570 4081 in
1605 4029 1846 4082 animam
1873 4031 2165 4097 viventem;

583 4111 756 4166 veluti
795 4113 899 4166 hoc
943 4113 1138 4169 dicens
1184 4114 1334 4185 quod
1379 4117 1610 4186 gratiam
1669 4117 1878 4173 habens
1919 4121 2165 4190 comprio

583 4200 800 4271 menda
842 4217 996 4272 aqua
1025 4203 1362 4258 adversaria
1393 4206 1704 4274 potestatis,
1739 4207 1888 4262 Deus
1921 4208 2164 4264 Verbum

585 4291 752 4348 homo
801 4301 949 4348 terra
999 4295 1222 4364 genitus
1266 4295 1358 4350 lict
1405 4295 1683 4363 Christus,
1740 4314 1773 4353 a
1815 4299 1930 4354 Deo
1976 4301 2163 4357 ﬁctum

583 4383 750 4438 simul
797 4392 854 4440 et
904 4401 936 4440 a
991 4387 1103 4441 Deo
1144 4387 1452 4456 plantatum
1501 4404 1761 4458 germen;
1823 4399 1885 4444 ut
1923 4408 2050 4446 cum
2089 4394 2163 4450 sit

2273 3191 2573 3261 participes
2602 3191 2734 3262 ligni
2777 3193 2904 3250 vita
2929 3234 2945 3256 ,
2973 3205 3156 3251 tamen
3183 3204 3243 3251 ut
3267 3215 3402 3268 quae
3425 3201 3589 3270 jussa
3615 3202 3716 3256 sint
3737 3200 3820 3256 sibi

2272 3299 2398 3338 cum
2457 3284 2781 3349 hominibus
2825 3287 3031 3344 habere
3083 3290 3435 3359 societatem,
3461 3297 3676 3350 omnino
3715 3295 3818 3364 ipsa

2272 3397 2492 3451 quoque
2517 3381 2721 3437 fuerint
2752 3383 3054 3454 participes
3081 3386 3214 3457 ligni
3253 3391 3619 3459 cognoscendi
3644 3391 3811 3445 bonum

2272 3484 2330 3529 et
2368 3476 2570 3529 malum
2618 3493 2631 3528 :
2682 3483 2739 3530 et
2784 3477 3064 3545 quomodo
3111 3479 3226 3548 jam
3277 3483 3536 3537 nesciunt
3582 3496 3722 3552 aque
3767 3488 3812 3534 ut

2274 3567 2439 3621 homo
2466 3567 2672 3621 bonum
2704 3575 2760 3623 et
2800 3569 3029 3633 malum,
3065 3571 3283 3640 reptilia
3311 3582 3372 3627 et
3401 3575 3586 3630 bestia
3611 3584 3664 3629 et
3683 3573 3810 3628 velu-

2276 3659 2438 3713 cres?
2459 3659 2554 3714 'Ab
2585 3659 2690 3714 hoc
2723 3674 2857 3730 ergo
2890 3675 3053 3715 sensu
3104 3677 3460 3720 recesserunt
3507 3663 3708 3735 plurimi
3743 3663 3810 3717 in-

2281 3758 2568 3820 terpretes,
2600 3760 2658 3804 et
2677 3750 2912 3805 maxime
2938 3761 3173 3816 veteres,
3198 3753 3437 3810 dicendo
3457 3770 3564 3809 non
3592 3751 3810 3809 sensilem

2274 3859 2395 3899 esse
2428 3842 2762 3912 paradisum,
2793 3853 2850 3898 et
2893 3858 3016 3912 qua
3066 3853 3197 3898 sunt
3243 3844 3300 3899 in
3352 3847 3472 3918 ejus
3517 3845 3686 3901 medio
3722 3841 3811 3895 duo

2271 3933 2418 4007 ligna
2450 3936 2574 3990 vita
2596 3935 2964 4006 cognitionis;
2990 3953 3058 3992 ne
3082 3942 3402 3997 necessario
3424 3940 3618 3996 faciant
3641 3936 3812 3993 bestias

2271 4035 2329 4083 et
2371 4028 2618 4098 jumenta
2667 4029 2988 4084 societatem
3034 4029 3240 4086 habere
3288 4042 3347 4088 et
3381 4030 3812 4104 participationem

2269 4117 2405 4189 ligni
2439 4119 2566 4173 vita
2609 4128 2664 4174 et
2709 4118 2840 4189 ligni
2875 4120 3224 4190 cognitionis.
3257 4123 3381 4178 Non
3425 4124 3569 4178 enim
3601 4116 3813 4176 distinxit

2272 4207 2416 4262 Dens
2447 4208 2604 4263 inter-
2621 4207 2804 4263 cibum
2849 4207 3043 4264 Adami
3072 4220 3136 4266 et
3167 4211 3354 4268 cibum
3395 4215 3700 4274 brutorum;
3733 4203 3811 4262 sed

2271 4297 2424 4352 dedit
2447 4299 2530 4354 eis
2562 4301 2932 4356 communiter
2977 4317 3140 4356 omne
3185 4303 3396 4374 lignum
3441 4302 3740 4374 frugiferum
3767 4303 3813 4349 et

2271 4391 2509 4443 sativum
2558 4389 2613 4442 in
2663 4389 2870 4444 cibum.
2913 4391 2970 4446 Si
3009 4407 3140 4462 ergo
3190 4404 3379 4450 essent
3418 4395 3632 4451 sensilia
3683 4386 3813 4460 (dicit

583 4491 784 4546 genere
829 4479 1182 4549 conjunctus,
1224 4489 1373 4535 recte
1419 4481 1613 4550 irriget
1668 4497 1734 4536 ea
1777 4499 1900 4552 qua
1941 4493 2072 4540 sunt
2129 4501 2161 4541 e
2201 4489 2244 4543 D
2270 4477 2545 4544 Clemens,
2577 4489 2637 4535 et
2666 4489 2882 4536 veteres
2907 4483 3002 4551 qui
3044 4499 3172 4538 eum
3204 4487 3380 4541 secuti
3417 4495 3546 4542 sunt
3575 4485 3814 4550 interprc‘

586 4578 733 4623 terra
779 4571 963 4640 genita
1005 4580 1062 4625 et
1111 4572 1194 4640 (ut
1220 4571 1402 4642 decet)
1447 4575 1662 4629 ratione
1712 4576 2003 4632 rationalia
2041 4593 2168 4649 ger-

583 4659 756 4726 mina,
792 4661 958 4716 simili
1004 4663 1206 4718 similia
1253 4674 1546 4736 expurget,
1592 4675 1652 4722 et
1691 4667 1933 4724 fructum
1971 4669 2130 4724 ferat.

654 4749 811 4818 Quod
852 4753 894 4808 si
930 4769 1042 4810 non
1074 4755 1268 4810 credas
1305 4756 1492 4812 verbis
1539 4774 1800 4827 tanquam
1831 4775 1941 4814 non
1971 4761 2174 4830 proba-

583 4842 827 4908 bilibus,
863 4845 999 4914 quid
1026 4845 1178 4902 dices
1217 4847 1402 4902 statim
1444 4848 1680 4904 audiens
1711 4850 1884 4904 Deum
1916 4851 2172 4920 plantan-

583 4945 694 4990 tem
735 4951 860 4991 cum
896 4953 1085 5007 opere,
1131 4939 1348 5009 plantas
1379 4956 1604 5011 quoque
1650 4951 1878 5012 propter
1919 4959 2056 5012 quas
2088 4947 2174 5000 vel

581 5029 762 5093 solas,
802 5030 869 5084 ad
916 5046 1111 5085 earum
1161 5032 1542 5101 operationem
1589 5033 1884 5103 agricolam
1919 5037 2176 5104 protinus

583 5121 740 5188 prius
775 5123 934 5177 finxit
962 5141 992 5178 e
1020 5125 1199 5178 terra?
1235 5125 1531 5195 Postquam
1564 5126 1714 5180 enim
1747 5125 1888 5181 dixit
1921 5127 2174 5198 Scriptu-

587 5231 644 5268 ra
668 5233 695 5288 _:
729 5215 798 5270 Et
835 5218 1004 5288 factus
1039 5227 1114 5273 est
1161 5220 1410 5280 homo,in
1452 5220 1693 5274 animam
1733 5221 2022 5284 viventem,
2064 5230 2175 5277 sta-

587 5285 684 5358 tim
714 5285 998 5377 subjunxit
1027 5311 1160 5366 illud
1195 5329 1208 5364 :
1236 5319 1285 5364 et
1323 5311 1589 5381 plantavit
1622 5311 1878 5366 Dominus
1911 5311 2052 5367 Deus
2076 5331 2175 5384 pa-

589 5397 825 5452 radisum
850 5401 904 5454 in
932 5403 1079 5456 Eden
1102 5403 1172 5458 ad
1197 5405 1474 5470 orientem,
1498 5412 1545 5457 et
1580 5405 1750 5474 posuit
1777 5403 1892 5458 illic
1910 5405 2175 5460 hominem

590 5502 741 5556 quem
767 5488 907 5558 fecit.
939 5501 1200 5562 tanquam
1244 5493 1299 5548 in
1344 5494 1412 5548 iis
1447 5509 1570 5564 qua
1597 5501 1756 5549 erant
1780 5493 2032 5558 colenda,
2057 5495 2176 5550 col-

591 5576 778 5634 locans
803 5581 1120 5650 agricolam.
1153 5585 1220 5640 Et
1262 5585 1386 5639 idco
1411 5585 1566 5657 juxta
1601 5584 1714 5651 illa,
1741 5599 1870 5640 cum
1913 5592 2174 5654 tanquam

664 5764 709 5794 "
737 5762 884 5819 Psal.
923 5777 1085 5823 ικαγιι,
1127 5766 1206 5818 l0.

2269 4573 2374 4642 tes)
2409 4572 2671 4642 paradisi,
2717 4583 2776 4628 et
2815 4591 2940 4644 qua
2974 4586 3107 4630 sunt
3149 4593 3347 4633 eorum
3385 4574 3696 4634 intermedia
3724 4571 3814 4624 duo

2269 4663 2434 4734 ligna,
2461 4665 2834 4728 invenientur,
2863 4665 3038 4731 aiunt,
3072 4668 3264 4724 bestia
3289 4683 3346 4725 et
3382 4669 3592 4740 reptilia
3621 4661 3812 4720 homine

2269 4756 2684 4825 prastantiora,
2727 4763 2794 4810 ut
2844 4773 2968 4826 qua
3009 4773 3121 4813 non
3165 4761 3276 4814 sint
3329 4761 3603 4832 prohibila
3643 4755 3704 4809 ab
3732 4763 3809 4804 esu

2272 4847 2514 4917 cujusvis
2555 4847 2689 4916 ligni
2715 4855 2773 4900 et
2798 4846 3033 4902 fructus.
3077 4849 3446 4914 Quamobrem
3491 4865 3556 4904 ex
3589 4847 3697 4915 ipso
3735 4835 3810 4893 Dei

2273 4939 2531 4992 mandato
2559 4938 2628 4992 de
2656 4940 2938 4994 communi
2983 4940 3111 4994 cibo
3137 4957 3299 5010 quem
3329 4942 3484 4998 dedit
3515 4932 3812 4994 unanimiler

2275 5029 2486 5084 homini
2528 5039 2585 5084 et
2631 5030 2891 5086 omnibus
2938 5032 3151 5095 bestiis,
3183 5033 3311 5089 licet
3345 5043 3665 5106 cognoscere
3689 5016 3810 5094 quod

2275 5135 2384 5174 non
2413 5129 2542 5174 sunt
2571 5120 2764 5175 eadem
2792 5121 2938 5190 ligna
2966 5137 3088 5190 qua
3118 5122 3258 5178 facta
3291 5134 3419 5180 sunt
3456 5121 3616 5176 tertio
3646 5115 3742 5174 die.
3767 5115 3812 5161 ει

2275 5227 2396 5281 qua
2437 5211 2490 5264 in
2539 5211 2814 5280 paradiso.
2846 5213 3036 5268 Dicere
3065 5214 3212 5268 enim
3239 5215 3386 5284 quod
3411 5211 3665 5288 Dominus
3690 5204 3810 5288 Delli

2273 5305 2454 5359 adhuc
2487 5303 2619 5358 oriri
2647 5302 2781 5358 fecit
2805 5319 2836 5357 e
2868 5313 3014 5358 terra
3037 5320 3201 5360 omne
3232 5307 3438 5378 lignum
3465 5301 3734 5374 pulchrum
3754 5284 3808 5378 ad

2261 5393 2594 5458 ‘videndum,
2623 5400 2681 5448 et
2704 5392 2913 5448 bonum
2940 5393 3009 5448 ad
3041 5374 3462 5458 comedendum,
3493 5407 3588 5463 per
3617 5388 3710 5440 hoc
3731 5374 3810 5431 ad-

2276 5485 2386 5540 huc
2413 5485 2574 5540 nobis
2615 5485 2861 5540 ostendit
2896 5485 3179 5557 Scriptura
3219 5488 3513 5544 secundam
3551 5472 3804 5552 quannlam

2277 5581 2611 5638 creationem
2642 5578 3412 5652 prastantiorunrlignorum,
3445 5583 3538 5632 aut
3579 5585 3639 5626 ea
3667 5557 3805 5617 verba
