4098 6418
375 389 478 458 961

1471 374 1555 436 ΙΝ
1592 367 2146 436 ΗΕΧΑΕΜΕΒΟΝ.
2170 391 2240 402 -
2266 367 2412 428 LIB.
2453 365 2588 430 VII.

372 495 497 557 esse
525 493 872 568 prophetiam
901 491 968 547 de
993 489 1206 546 ratione
1237 487 1488 560 praeditis
1508 485 1676 556 lignis
1707 497 1830 554 qua:
1859 495 1954 535 ex-

2089 475 2464 544 ιουγδουνεῦς,
2527 475 2622 528 καὶ
2683 473 2814 528 Ἰου-

376 589 569 646 tremis
600 585 942 656 temporibus
971 591 1091 638 orta
1135 588 1264 637 sunt
1298 580 1355 634 in
1387 578 1644 649 paradiso
1677 575 1952 631 Ecclesiat.

373 683 444 739 Et
488 679 750 751 quoniam
796 685 880 732 est
919 675 1180 744 frequens
1207 681 1264 728 et
1309 671 1672 742 interpretata
1725 667 1962 722 diuit-ihs

371 770 634 827 tractatio
661 769 730 823 de
759 767 1033 837 paradiso,
1062 775 1120 821 et
1148 780 1366 836 semper
1415 763 1584 818 dubia
1613 761 1764 833 apud.
1784 761 1958 815 inter-

373 871 596 932 pretes,
640 859 929 912 videamus
992 873 1187 911 rursus
1231 853 1697 925 quemadmodum
1756 851 1961 906 factum

375 954 452 1008 sit
487 951 583 1006 Dei
613 949 932 1004 mandatum
973 948 1042 1003 de
1073 949 1354 1004 communi
1381 961 1510 1013 esu;
1543 944 1746 1001 deinde
1779 943 1963 998 disce-

375 1043 662 1116 ptabimus
692 1042 760 1096 de
788 1041 1062 1110 paradiso.
1903 1041 1914 1046 '

450 1135 596 1189 Dicit
623 1147 756 1203 ergo
783 1133 929 1186 Deus
959 1132 1168 1186 Adamo
1207 1129 1430 1201 quando
1457 1144 1585 1184 eum
1629 1129 1760 1184 fecit
1788 1145 1802 1182 :
1830 1127 1966 1183 Ecce

378 1224 620 1278 dedimus
643 1223 788 1276 vobis
817 1238 1029 1276 omnem
1058 1221 1275 1276 herbam
1305 1218 1666 1274 seminabilem
1695 1219 1969 1273 seminan-

383 1326 491 1370 tem
520 1331 717 1380 semen,
757 1329 874 1385 quae
920 1321 996 1368 est
1034 1329 1198 1384 supra
1226 1328 1433 1367 omnem
1464 1319 1686 1374 terram,
1723 1317 1775 1364 et
1814 1326 1970 1364 omne

385 1406 589 1478 tignum
625 1405 762 1476 quod
783 1405 936 1458 habet
959 1407 1024 1458 in
1043 1406 1212 1476 seipse
1241 1405 1472 1476 fructum
1497 1405 1712 1458 seminis
1737 1404 1970 1457 semina-

383 1499 504 1554 bilis
547 1498 685 1553 vobis
733 1499 834 1551 erit
873 1500 948 1554 in.
967 1497 1156 1560 cibum,
1189 1505 1240 1550 et
1271 1496 1511 1550 omnibus
1538 1493 1831 1550 volucribus
1854 1492 1970 1548 caeli

383 1602 435 1646 et
466 1591 706 1646 omnibus
743 1589 918 1645 bestiis
955 1598 1110 1644 terra:
1140 1605 1257 1660 quae
1301 1590 1493 1646 habent
1534 1591 1592 1644 in
1629 1605 1686 1644 se
1722 1590 1970 1662 spiritum

383 1685 528 1747 vitae,
553 1691 603 1736 et
635 1699 842 1736 omnem
865 1682 1080 1736 herbam
1117 1681 1334 1736 viridem
1369 1682 1424 1735 in
1461 1681 1652 1746 cibum,
1688 1690 1738 1736 et
1771 1682 1970 1752 factum

386 1781 468 1828 est
507 1775 604 1827 ita.
640 1771 698 1826 Si
725 1786 856 1842 ergo
881 1771 937 1824 in
967 1771 1058 1824 his
1079 1770 1243 1842 lignis
1275 1778 1405 1825 sunt
1431 1769 1598 1826 etiam
1633 1771 1780 1842 ligna
1811 1785 1971 1840 para-

2061 573 2240 634 στῖνος
2273 573 2302 624 6
2343 571 2556 642 μάρτυς
2589 571 2683 623 καὶ
2725 588 2814 640 φι-

2060 661 2306 731 λόσοφος,
2328 661 2691 724 Πανταίνετος
2715 663 2814 731 (le-

2057 769 2125 824 ge
2149 752 2477 823 Πάνταινος)
2513 769 2571 805 τε
2601 754 2630 806 6
2671 751 2818 804 Ἀλε-

2053 845 2344 916 -ξαεέδρεὺς,
2397 844 2494 898 καὶ
2523 845 2755 912 Κλήμης
2789 843 2816 894 6

2067 936 2456 1008 Στρωματεὺς,
2488 935 2584 987 καὶ
2607 934 2657 986 οἱ
2677 933 2814 1002 ἀμφ’

2057 1027 2287 1092 αὐτοὺς,
2319 1025 2708 1095 πνευματικῶς
2751 1022 2822 1076 τὰ

2063 1121 2196 1191 περὶ
2218 1119 2551 1190 παραδείσου
2579 1115 2821 1186 ὲθεωρή-

2060 1214 2240 1284 θησαν
2271 1214 2449 1284 (forte
2483 1209 2819 1282 ἐθεώρησαν)

2068 1315 2148 1377 εἰς
2173 1311 2274 1384 τὴν
2311 1309 2549 1379 Χριστοῦ
2592 1307 2823 1378 Ἐκκλη-

2071 1407 2196 1462 σίαν
2253 1405 2659 1476 ἀναφερόμενα.
2733 1401 2825 1466 Ἐξ

2057 1493 2144 1556 ’ὧν
2167 1501 2308 1554 εἰσιν
2321 1499 2418 1552 καὶ
2432 1499 2482 1552 οἱ
2500 1499 2630 1569 περὶ
2647 1497 2826 1550 πάντα

2064 1595 2338 1662 πάνσοφοι
2379 1590 2474 1646 δύο
2521 1589 2824 1645 Καππαδό-

2069 1703 2164 1741 και
2200 1685 2516 1756 Γρηγόριοι.
2552 1683 2829 1746 Ἅπαντες

2074 1773 2222 1834 οὗτοι
2275 1777 2335 1842 ἐξ
2375 1775 2564 1832 αἰτιῶν
2607 1775 2827 1828 τοιῶνδε

3517 358 3633 420 ’982

2887 482 2943 527 et
3001 471 3248 529 Justinus
3307 483 3514 545 martyr
3579 485 3638 528 et

2885 567 3248 636 philosophus
3263 607 3277 630 ,
3319 577 3374 621 et
3418 567 3636 622 Paula:-

2885 674 2992 713 nus
3065 659 3508 722 Alexandrinus,
3583 669 3639 714 et

2886 749 3142 804 Clemens
3178 749 3518 804 Stromatcus
3538 791 3552 813 ,
3585 759 3642 804 et

2889 858 3082 897 eorum
3117 846 3339 899 assccla:
3379 845 3640 914 spiritua-

2887 932 3016 987 liter
3038 943 3164 987 sunt
3186 935 3540 1004 contemplati
3574 937 3644 992 de

2890 1024 3096 1080 Christi
3131 1027 3374 1082 Ecclesia
3417 1043 3482 1081 ea
3522 1043 3646 1096 qua:

2893 1119 3097 1190 scripta
3121 1129 3250 1174 sunt
3269 1119 3337 1174 de
3367 1119 3643 1189 paradiso.

2892 1217 2972 1271 Ex
3019 1208 3222 1287 quibus
3264 1225 3394 1272 sunt
3435 1216 3546 1270 duo
3588 1215 3646 1270 in

2896 1309 3064 1365 rebus
3098 1309 3356 1363 omnibus
3393 1308 3650 1363 doctissi-

2896 1403 2972 1458 mi
3031 1403 3385 1474 Cappadoces
3430 1402 3610 1474 Grego
3626 1433 3646 1443 -

2898 1494 2988 1550 rii.
3023 1495 3065 1550 li
3098 1511 3288 1550 omnes
3319 1493 3647 1565 quibusdam

2898 1587 2968 1642 de
2999 1587 3180 1642 causis
3223 1586 3483 1642 dicebant
3525 1600 3649 1640 esse

2899 1682 3064 1737 etiam
3083 1682 3318 1751 aliquem
3335 1679 3650 1750 paradisqu

2900 1773 3254 1846 spiritualem.

386 1862 496 1918 disi
534 1863 752 1935 (nempe
779 1871 839 1916 et
877 1860 1086 1932 lignum
1121 1860 1550 1916 immortalitatis
1575 1869 1632 1916 et
1661 1861 1788 1916 vita:
1809 1869 1974 1916 aeter-

2089 1873 2377 1943 ράσκοντες
2393 1867 2533 1926 εἶναι
2551 1870 2647 1924 καὶ
2664 1885 2828 1923 πνευ-

388 1967 478 2008 na:
499 1949 872 2022 cognitionis),
899 1950 1230 2006 miserabilis
1257 1959 1314 2007 et
1337 1951 1508 2008 miser
1527 1953 1676 2008 solus
1691 1959 1785 2008 est
1811 1952 1980 2006 homo

391 2043 492 2114 qui
527 2043 700 2098 estad
737 2043 832 2098 Dei
879 2042 1172 2114 imaginem
1217 2051 1274 2100 et
1307 2043 1746 2110 similitudinem,
1790 2051 1852 2098 ut
1882 2045 1978 2114 qui

392 2141 551 2195 solus
581 2141 650 2194 sit
691 2139 936 2210 privatus
967 2139 1247 2209 paradiso,
1279 2145 1334 2194 et
1367 2139 1702 2210 cognitione,
1751 2147 1807 2194 et
1850 2138 1976 2195 cibo

388 2231 524 2286 vita;
565 2239 800 2285 aeternae.
851 2229 1088 2300 Serpens
1133 2229 1281 2285 enim
1329 2213 1576 2298 aspisQet
1621 2232 1874 2300 scorpius
1918 2239 1975 2285 et

385 2322 547 2380 canis
591 2323 647 2377 in
712 2321 1040 2378 hodiernum
1090 2337 1266 2393 usque
1319 2322 1466 2378 diem
1519 2321 1779 2377 fruuntur
1822 2321 1972 2376 omni

382 2409 571 2465 fructu
619 2418 676 2465 et
722 2412 873 2466 omni
907 2410 1054 2480 ligno
1091 2426 1260 2482 super
1307 2413 1621 2467 universam
1664 2419 1872 2467 terram
1917 2418 1976 2466 et

387 2503 754 2572 paradisum:
787 2517 898 2558 non
947 2503 1094 2558 enim
1141 2503 1396 2559 exierunt
1443 2516 1510 2560 ex
1557 2519 1669 2574 quo
1716 2503 1974 2575 ingressa!

375 2593 731 2648 rsuntbestiae
753 2593 820 2648 ad
845 2593 1112 2649 Adamum
1143 2593 1197 2648 in
1219 2594 1496 2664 paradiso,
1523 2595 1616 2650 sed
1649 2595 1798 2649 intus
1821 2609 1976 2648 man-

374 2689 591 2736 atterunt
634 2682 732 2738 illo
772 2697 1024 2752 egresso,
1071 2691 1134 2739 ut
1168 2699 1291 2753 quae
1333 2699 1445 2738 non
1489 2679 1696 2739 fuerint
1737 2683 1976 2752 expulsae

376 2781 626 2844 spropter
646 2759 938 2830 delictum.
966 2774 1213 2846 lntellige
1235 2791 1366 2846 ergo
1389 2777 1562 2846 legem
1596 2775 1689 2829 Dei
1721 2773 1978 2843 spiritua-

375 2865 546 2930 aliter,
580 2867 840 2936 quoniam
887 2866 976 2922 lex
1018 2874 1102 2922 est
1143 2867 1463 2936 spiritualis,
1505 2877 1566 2922 ut
1607 2866 1805 2922 clamat
1835 2865 1978 2920 Pau-

392 2957 556 3012 lus"
590 2957 834 3024 ;Littera
881 2959 1020 3014 enim
1063 2959 1247 3012 occidit
1283 2958 1354 3012 ⁸⁸.
1394 2959 1586 3014 Restat
1610 2973 1742 3030 ergo
1789 2965 1852 3013 ut
1887 2955 1979 3028 (ne

2077 1967 2310 2038 ματικόν
2365 1983 2490 2021 τινα
2553 1964 2785 2036 παράδει
2797 1992 2826 2008 -

2077 2077 2168 2115 σον
2199 2059 2302 2130 (ο).

2143 2153 2410 2216 Primum,
2463 2150 2611 2222 quod
2647 2151 2692 2206 si
2724 2151 2894 2206 Adam
2946 2164 3057 2204 non
3089 2157 3210 2204 erat
3254 2147 3499 2203 interitui
3549 2147 3655 2202 ob-

2077 2243 2276 2298 noxius
2309 2242 2530 2314 quando
2576 2242 2753 2298 factus
2804 2249 2910 2306 est,
2963 2240 3315 2311 perspicuum
3363 2240 3512 2312 quod
3545 2257 3655 2296 non

2076 2334 2184 2390 fuit
2213 2334 2490 2404 particeps
2534 2333 2780 2387 alimenti
2829 2331 3112 2386 terrestris
3157 2341 3213 2387 et
3257 2331 3310 2386 in
3360 2332 3506 2401 quod
3563 2347 3656 2386 ca—

2079 2427 2162 2483 dit
2189 2426 2468 2481 interitus.
2499 2424 2658 2491 Quod
2701 2423 2747 2480 si
2771 2430 2988 2494 poterat
3038 2439 3161 2478 esse
3205 2423 3482 2493 particeps
3508 2422 3660 2476 cibo-

2079 2535 2204 2574 rum
2239 2518 2545 2582 sensilium,
2573 2525 2660 2572 est
2694 2517 2861 2571 etiam
2888 2515 3240 2586 perspicuum
3266 2515 3411 2584 quod
3450 2515 3504 2568 in
3533 2529 3659 2568 eum

2081 2609 2242 2665 cadat
2271 2607 2854 2680 interitus.(Quidquid
2899 2606 3046 2662 enim
3077 2609 3244 2660 intrat
3271 2623 3364 2677 per
3399 2623 3454 2660 os
3481 2623 3662 2660 rursus

2083 2702 2380 2756 excernitur
2403 2700 2495 2772 ”.)
2527 2699 2584 2755 Si
2617 2709 2801 2754 autem
2848 2699 2903 2753 in
2938 2713 3064 2752 eum
3110 2697 3340 2750 cadebat
3385 2697 3660 2758 interitus,

2083 2792 2310 2849 omnino
2358 2800 2476 2848 erat
2520 2791 2688 2846 etiam
2721 2789 3005 2855 mortalis;
3037 2789 3082 2844 si
3117 2797 3303 2843 autem
3335 2797 3554 2843 creatus
3581 2797 3662 2841 est

2084 2884 2354 2946 mortalis,
2390 2899 2502 2939 non
2540 2883 2730 2952 utique
2760 2882 2904 2936 facta
2936 2888 3022 2936 est
3048 2896 3200 2935 mors
3221 2896 3320 2950 per
3344 2880 3668 2936 inobedicn-

2087 2976 2218 3032 tiam
2248 2992 2262 3030 :
2291 2983 2458 3045 atque
2501 2973 2620 3028 haec
2644 2971 2866 3042 quidem
2896 2979 2980 3026 est
3002 2971 3179 3042 prima
3205 2986 3368 3026 causa
3401 2971 3669 3040 interpre-

381 3058 580 3104 auorte
619 3049 920 3106 aﬂiciamur
963 3066 995 3104 a
1043 3051 1247 3121 littera)
1299 3051 1576 3107 discamus
1621 3051 1716 3106 ubi
1763 3058 1977 3122 oportet

2089 3077 2223 3126 tum.
2255 3065 2511 3124 Secunda
2533 3075 2717 3121 autem
2745 3073 2832 3120 est
2861 3064 3110 3120 mulieris
3138 3063 3344 3133 absque
3369 3063 3518 3117 exitu
3545 3078 3670 3133 per-

349 3171 370 3180 -
393 3141 788 3212 spiritualibus
824 3143 1129 3214 Spiritualia
1167 3159 1508 3214 comparare,
1539 3159 1739 3214 nempe
1767 3143 1980 3198 litteras

395 3249 504 3304 per
531 3249 670 3304 quas
707 3235 954 3306 loquitur
995 3234 1236 3305 Spiritus
1276 3244 1518 3300 sanctus,
1560 3251 1628 3290 ex
1670 3235 1872 3305 quibus
1897 3244 1980 3292 est

396 3340 662 3394 magnum
700 3337 764 3380 et
822 3326 1158 3396 praecipuum
1211 3335 1268 3381 et
1315 3326 1550 3380 maxime
1605 3341 1866 3381 arcanum
1911 3326 1980 3381 de

397 3417 658 3486 paradiso
683 3419 1024 3490 mysterium.
1049 3417 1154 3484 Qui
1179 3427 1361 3472 autem
1388 3419 1682 3474 carnaliter
1706 3427 1763 3474 et
1786 3435 1985 3475 secun-

397 3500 537 3566 dum
563 3525 786 3566 carnem
834 3511 1094 3583 intelligis
1125 3523 1450 3583 praesentem
1480 3512 1660 3568 locum
1711 3513 1780 3568 de
1820 3513 1984 3584 lignis

397 3609 460 3657 et
501 3601 792 3667 fructibus,
833 3601 923 3657 dic
952 3603 1087 3658 mihi
1117 3619 1311 3659 rursus
1342 3605 1639 3674 quomodo,
1671 3619 1798 3660 cum
1837 3605 1984 3661 Deus

402 3708 577 3748 unum
619 3702 676 3749 et
719 3710 906 3764 parem
939 3695 1198 3750 omnibus
1233 3695 1551 3750 hominibus
1598 3702 1656 3750 et
1702 3695 1898 3751 bestiis
1928 3704 1984 3751 ct

398 3784 726 3841 volucribus
749 3785 932 3840 cibum
959 3786 1186 3856 jusserit
1216 3785 1384 3856 (eum,
1416 3787 1662 3856 inquam,
1690 3786 1784 3856 qui
1809 3793 1895 3841 est
1917 3801 1984 3841 ex

401 3875 614 3940 herbis,
651 3875 923 3946 virgultis,
959 3884 1014 3930 et
1041 3875 1378 3947 arboribus),
1409 3876 1503 3945 qui
1541 3875 1602 3928 ﬁt
1624 3876 1771 3946 quod
1813 3877 1985 3932 multa

401 3964 702 4019 animantia
751 3981 860 4019 non
896 3973 1196 4020 vescuntur
1237 3966 1428 4021 herbis
1468 3966 1572 4037 sed,
1605 3967 1886 4031 carnibus,
1923 3975 1984 4020 ut

399 4070 530 4125 qua:
565 4055 674 4110 sint
703 4056 874 4127 magis
903 4057 1232 4112 carnivora?
1270 4056 1558 4123 Quomodo
1587 4072 1806 4112 rursum
1840 4059 1986 4112 Deus

401 4147 503 4216 qui
529 4146 706 4202 omnis
741 4147 927 4203 herbae
969 4156 1026 4203 et
1057 4149 1272 4204 arboris
1298 4165 1418 4220 quae
1443 4157 1530 4204 est
1563 4164 1730 4218 supra
1760 4157 1985 4214 terram,

2087 3163 2320 3218 mansio.
2348 3159 2534 3214 Tertia
2558 3174 2714 3222 vero,
2742 3156 3106 3211 animantium
3133 3170 3255 3225 quae
3278 3169 3402 3208 cum
3429 3169 3492 3208 ea
3517 3171 3672 3208 man-

2086 3261 2274 3310 serant
2318 3253 2375 3306 itt
2421 3250 2699 3322 paradiso.
2737 3248 2964 3316 Quarta,
3003 3247 3154 3318 prior
3186 3247 3498 3302 communis
3541 3261 3672 3301 esus

2087 3346 2337 3402 ciborum
2365 3343 2652 3398 hominum
2681 3349 2738 3396 et
2766 3339 3078 3395 brutorum.
3116 3339 3338 3405 Quinta,
3372 3337 3519 3407 quod
3550 3337 3669 3392 ﬁeri

2084 3452 2197 3492 non
2221 3443 2439 3506 poterat
2467 3441 2529 3488 ut
2565 3447 2712 3487 unus
2758 3431 2924 3486 homo
2954 3431 3164 3486 coleret
3204 3439 3314 3484 tam
3345 3429 3669 3483 immensam

2085 3525 2328 3597 paradisi
2371 3521 2830 3594 magnitudinem,
2877 3519 2972 3575 ubi
3021 3519 3248 3590 quidem
3297 3528 3446 3574 certe
3491 3518 3672 3573 abun-

2089 3617 2277 3672 dantia
2307 3617 2428 3686 ejus
2462 3612 2802 3684 irrigationis
2828 3609 3098 3666 dividitur
3142 3611 3198 3664 in
3226 3617 3464 3680 quatuor
3493 3607 3671 3662 initia.

2089 3709 2234 3778 Quid
2264 3715 2445 3764 autem
2469 3721 2610 3776 Opus
2631 3711 2753 3760 erat
2775 3703 3024 3775 operari,
3058 3717 3183 3757 cum
3211 3717 3355 3772 saepe
3379 3717 3487 3756 una
3509 3701 3674 3756 arbor

2091 3812 2150 3860 et
2181 3805 2353 3860 altera
2398 3801 2448 3856 ei
2498 3798 2772 3854 sufﬁceret
2803 3796 2871 3852 ad
2903 3797 3262 3850 alimentum?
3287 3794 3430 3861 Quid
3475 3804 3664 3864 autem

2092 3912 2232 3966 opus
2260 3901 2381 3951 erat
2409 3891 2574 3948 etiam
2595 3889 2898 3952 custodire,
2919 3901 3046 3942 cum
3067 3900 3180 3940 non
3207 3886 3398 3955 plures
3419 3885 3674 3941 adessent

2091 3989 2346 4044 homines
2375 3983 2619 4038 nondum
2655 3981 2836 4045 fures;
2868 3987 2926 4034 et
2969 3993 3162 4032 omnes
3197 3977 3387 4032 bestia:
3429 3987 3486 4032 et
3514 3979 3675 4032 volu-

2092 4097 2215 4135 cres
2258 4080 2310 4134 ei
2360 4083 2546 4133 essent
2595 4074 2875 4144 subjectae,
2911 4079 2969 4126 et
3002 4071 3122 4142 ejus
3165 4071 3336 4125 verbo
3381 4072 3678 4140 parerent?

2091 4173 2205 4228 Nec
2229 4172 2338 4225 hoc
2369 4169 2568 4230 solum,
2605 4165 2700 4220 sed
2730 4163 2896 4220 etiam
2925 4178 3046 4232 quae
3072 4177 3102 4216 a
3131 4162 3244 4216 Deo
3272 4161 3419 4216 dicta
3447 4169 3502 4216 et
3536 4161 3678 4216 facta

399 4239 570 4333 Ρθιῖίθ
589 4239 823 4333 {meum
849 4241 1171 4333 permnis
1193 4239 1503 4333 comedet?”
1525 4238 1985 4333 emcnguﬂmulm
2015 4274 2061 4332 ι)
2090 4275 2217 4324 sunt
2235 4261 2290 4319 iri
2312 4257 2602 4333 paradiso?
2635 4257 2681 4312 si
2727 4254 2794 4310 ad
2847 4253 3106 4318 litteram,
3137 4253 3393 4322 inquiunt
3417 4293 3432 4316 ,
3480 4251 3681 4306 intelli-

402 4331 595 4386 herbae
623 4341 680 4386 ct
711 4332 938 4386 arbores
979 4331 1230 4400 plurimae
1272 4347 1382 4386 non
1426 4331 1537 4386 sint
1569 4331 1887 4386 hominibus
1928 4339 1986 4386 et

409 4421 597 4474 brutis
622 4421 938 4484 esculenta,
981 4421 1200 4490 sintque
1245 4435 1534 4476 venenosae
1563 4429 1622 4475 et
1653 4419 1987 4474 mortiferae?

402 4513 558 4578 Quas
585 4525 693 4564 non
726 4511 905 4566 solum
928 4526 1050 4572 nos,
1079 4511 1174 4566 sed
1199 4511 1316 4580 ipsa
1344 4510 1510 4565 etiam
1536 4510 1767 4565 rationis
1792 4524 1990 4578 expers

405 4609 609 4657 natura
642 4601 819 4672 rejicit
842 4617 908 4656 ac
939 4610 1178 4664 recusat,
1212 4611 1268 4656 et
1293 4602 1399 4656 alia
1436 4601 1706 4672 ejusmodi
1739 4601 1991 4656 innume-

407 4693 610 4748 rabilia
635 4702 764 4750 sunt
793 4702 850 4750 et
877 4694 1034 4750 nobis
1065 4704 1123 4750 et
1164 4694 1366 4762 brutis,
1401 4701 1598 4748 natura
1635 4692 1860 4748 minime
1899 4706 1991 4748 es-

407 4784 633 4841 culenta
673 4794 731 4840 et
759 4785 1036 4840 letbifera.

489 4901 552 4954 Οἱ
585 4899 684 4970 μὲν
705 4894 799 4953 οὖν
821 4898 1168 4970 ἀρχαιότεροι

409 4991 526 5045 τῶν
591 4991 932 5062 Ἐκκλησιῶν
965 5006 980 5023 ⁶
1025 4990 1172 5060 λέγω

409 5085 486 5154 δὴ
509 5081 681 5137 Φελων
707 5085 736 5146 6
763 5083 1054 5152 φιλόσοφος
1075 5082 1171 5136 καὶ

410 5169 528 5228 τῶν
573 5173 892 5229 ἀποστόλων
936 5173 1171 5244 ὁμόχρο-

412 5282 533 5329 νος,
555 5265 651 5320 καὶ
671 5263 894 5328 Παπίας
922 5265 952 5318 6
981 5264 1171 5327 πολὺς,

411 5362 445 5413 6
497 5357 744 5413 Ἰωάννου
791 5355 888 5410 τοῦ
940 5359 1176 5426 εὐαγγε·
1247 5363 1724 5434 Hierapolitanus,
1775 5360 2004 5418 Joannis

415 5453 604 5507 λιστοῦ
637 5453 898 5524 φοιτητὴς
929 5455 958 5506 6
1001 5452 1174 5522 Ἱερα-
1248 5457 1596 5528 evangelista:
1656 5453 2003 5524 discipulus,

418 5547 684 5618 πολίτης,
718 5547 1008 5618 Εἰρηναῖός
1049 5563 1109 5600 τε
1148 5549 1178 5600 6
1250 5556 1306 5603 et
1331 5547 1569 5602 lrenaeus
1595 5545 2001 5618 Lugdunensis,

1311 4899 1537 4955 Veteres
1565 4913 1698 4970 ergo
1723 4896 1996 4954 Ecclesia-

1244 5008 1365 5048 rum
1400 4992 1730 5062 interpretes
1750 5031 1766 5056 ,
1800 4989 1958 5045 Philo
1975 5031 1992 5056 ,

1246 5085 1468 5156 inquam
1483 5123 1500 5144 ,
1547 5082 1912 5154 philosophus
1942 5088 2000 5138 et

1246 5185 1494 5248 tempore
1520 5175 1750 5246 aequalis
1777 5182 2002 5246 aposto—

1247 5272 1351 5336 lis,
1402 5280 1461 5328 et
1515 5270 1756 5326 celebris
1805 5269 2003 5340 Papias

2086 4372 2316 4431 gamus,
2380 4350 2688 4406 incidemus
2747 4347 2802 4402 in
2867 4344 3300 4399 innumerabiles
3368 4342 3578 4414 Scyllas
3625 4352 3683 4397 et

2087 4443 2407 4518 Charybdes
2427 4449 2484 4496 et
2504 4435 2944 4508 labyrintltorum
2995 4433 3322 4502 prmcipitia.
3352 4431 3488 4486 Cum
3537 4431 3685 4487 Deus

2087 4538 2289 4594 coelum
2314 4543 2370 4588 et
2393 4541 2595 4587 terram
2619 4527 2846 4598 impleat
2867 4527 3000 4581 citra
3027 4525 3193 4579 ullam
3219 4523 3686 4593 circumscriptio-

2089 4634 2306 4694 nem,et
2320 4623 2463 4681 adsit
2479 4621 2706 4690 ubique,
2719 4627 2774 4674 et
2795 4618 2866 4672 sit
2881 4632 3046 4686 supra
3070 4615 3506 4679 universitatem,
3522 4623 3578 4670 et
3594 4632 3690 4670 nc.

2092 4736 2201 4792 que
2219 4724 2528 4780 moveatur,
2554 4725 2734 4782 neque
2759 4709 3132 4774 contineatur,
3157 4722 3338 4778 neque
3365 4716 3683 4774 transmeet,

2093 4826 2276 4882 neque
2333 4805 2634 4864 descendat
2679 4817 2784 4859 nec
2845 4800 3138 4866 ascendat;
3187 4799 3465 4871 quomodo
3510 4800 3688 4856 audiit

2095 4903 2271 4960 Adam
2325 4902 2448 4972 ejus
2492 4910 2686 4952 vocem
2733 4892 2991 4964 ingressi,
3038 4889 3206 4962 894
3249 4898 3306 4944 et
3353 4890 3690 4949 ambulantis

2097 5001 2331 5066 vespere
2357 4993 2414 5047 in
2437 4987 2733 5062 paradiso?
2755 4983 3040 5052 Quomodo
3069 4984 3208 5038 vidit
3235 4982 3414 5053 ipsum
3452 4981 3592 5038 facie
3619 4983 3688 5038 ad

2101 5089 2320 5152 faciem,
2376 5083 2564 5154 idque,
2618 5079 2896 5150 inquiunt,
2955 5091 3082 5133 cum
3138 5075 3287 5130 dicat
3337 5073 3625 5145 Scriptura
3673 5091 3690 5130 :
3757 5088 3763 5097 '

2100 5178 2270 5236 Nemo
2299 5175 2471 5232 Deam
2501 5173 2634 5228 uidit
2664 5184 2903 5240 unquam
2925 5168 2968 5233 ³,
3016 5179 3199 5236 neque
3237 5163 3338 5220 Dei
3363 5177 3557 5218 vocem
3587 5177 3692 5218 au-

2103 5271 2229 5328 diit.
2255 5269 2430 5325 Porro
2461 5271 2646 5320 autem
2681 5261 2800 5332 ipse
2839 5273 3063 5328 quoque
3093 5257 3274 5313 Moses
3298 5255 3393 5324 qui
3423 5267 3488 5310 ea
3528 5254 3695 5312 nobis

2103 5368 2293 5418 narrat
2320 5357 2388 5412 de
2415 5353 2689 5427 paradiso,
2712 5359 2950 5406 testatur
2971 5349 3144 5404 Deum
3171 5345 3278 5418 ipsi
3303 5345 3510 5400 dixisse
3537 5363 3551 5399 :
3575 5341 3693 5400 Non

2104 5451 2295 5508 uidebit
2321 5450 2474 5504 homo
2499 5447 2686 5517 faciem
2719 5459 2893 5498 meam
2935 5453 2987 5496 et
3011 5441 3145 5496 uiuet
3175 5443 3218 5495 ’.
3247 5440 3368 5497 Jam
3395 5454 3527 5496 vero
3557 5439 3699 5493 divi-

2107 5559 2213 5600 nus
2245 5556 2468 5614 quoque
2489 5538 2694 5594 Paulus
2736 5543 2921 5607 raptus
2955 5537 3012 5589 in
3041 5535 3258 5588 tertium
3301 5532 3488 5590 caelum
3515 5541 3574 5588 et
3601 5545 3699 5604 pa.

499 5686 545 5718 ³⁷
571 5686 731 5740 Rom.
765 5699 862 5749 vn,
895 5685 980 5739 ll.
1055 5682 1102 5714 ⁸⁸
1133 5681 1180 5736 ιι
1216 5681 1344 5737 Cor.
1375 5698 1455 5747 ut,
1483 5679 1537 5734 6.
1613 5680 1656 5713 "
1692 5679 1883 5735 Matth.
1920 5695 1977 5733 xv

2089 5680 2134 5733 7.
2212 5679 2228 5710 ¹
2263 5679 2420 5734 Joan.
2453 5693 2490 5739 ι,
2539 5674 2625 5728 l8.
2701 5675 2720 5704 ¹
2751 5671 2924 5726 Exod.
2959 5687 3146 5736 xxxm,
3178 5669 3270 5724 20.

492 5799 572 5874 (Ι)
601 5799 659 5857 S.
685 5801 882 5858 Joann.
911 5799 1163 5854 Damasc.
1203 5795 1547 5866 Lequim'ame
1574 5795 1701 5852 edit.
1737 5803 1776 5849 t.
1823 5795 1866 5860 Ι,
1895 5810 1950 5864 p.
1994 5793 2116 5859 m,
2146 5795 2202 5848 in
2231 5792 2400 5848 Notis.
