4098 6458
517 377 625 442 953

1731 366 1792 427 S.
1832 365 2231 427 ANASTASII
2271 367 2598 427 SINAITXE

3710 376 3813 440 964

517 485 783 547 radisum,
822 489 883 535 ut
926 488 1073 536 recte
1104 460 1407 548 inspiceret
1438 475 1674 547 paradisi
1705 473 1869 529 verba
1911 474 2097 545 ineffa-
2127 480 2170 534 Α
2200 473 2268 529 Et
2283 474 2420 528 dixit
2435 472 2747 529 Deus:Fiat
2774 492 2936 546 aqua.
2959 477 3167 545 Alii,ex
3193 479 3399 549 quibus
3427 488 3581 537 sunt
3605 480 3813 545 Persae.

515 573 644 629 bilia
675 573 719 639 ³,
760 587 888 627 cum
934 570 1048 625 illic
1086 572 1256 625 Deum
1304 568 1611 638 quaesiisset
1639 565 1851 629 videre,
1885 574 1942 620 et
1983 580 2097 619 non

515 675 663 721 esset
706 664 1129 733 contemplatus,
1179 676 1435 716 reversus
1481 667 1567 715 est
1600 659 1791 713 dicens
1833 657 1903 712 de
1936 657 2092 712 Deo:

518 760 685 824 Quem
732 758 911 825 nauus
957 759 1225 812 hominum
1261 758 1406 819 vidit,
1450 770 1617 825 neque
1657 762 1823 825 potest
1852 753 2025 807 videre
2054 754 2094 806 ⁸.

517 850 586 905 Et
607 851 652 904 si
677 850 795 904 haec
816 851 891 904 ita
916 865 974 904 se
1000 850 1223 912 habent,
1253 856 1313 902 ut
1336 855 1490 901 certe
1529 847 1755 910 habent,
1781 844 1915 915 quid
1943 844 2100 899 dein-

516 954 648 1009 ceps
674 955 821 1009 ages,
853 955 887 993 ο
918 939 1185 999 Israelita,
1217 937 1311 1006 qni
1337 936 1614 1006 corporali
1639 951 1808 990 sensu
1839 934 2099 1004 intelligis

514 1045 583 1085 ea
628 1046 751 1100 qua:
792 1032 1054 1085 dicuntur
1100 1029 1167 1083 de
1213 1028 1490 1099 paradiso,
1521 1042 1646 1082 cum
1690 1026 1923 1081 audies:
1954 1026 2099 1080 Deus

517 1120 906 1191 incorporeus,
941 1130 997 1175 et
1028 1120 1210 1174 carnis
1235 1135 1432 1190 expers
1460 1119 1702 1174 materia
1724 1127 1781 1174 et
1808 1118 2017 1189 figurae,
2043 1125 2099 1171 et

514 1214 757 1267 sonitum
808 1212 1010 1283 pedum
1056 1211 1189 1266 fecit
1236 1213 1292 1265 in
1339 1212 1631 1281 paradiso?
1673 1210 1961 1277 Quomodo
2000 1208 2098 1279 qui

518 1315 673 1359 caret
720 1304 972 1358 manibus
1019 1304 1225 1359 dicitur
1279 1304 1516 1373 propriis
1564 1304 1819 1358 manibus
1869 1304 2097 1357 humum

520 1398 882 1467 prehendisse
908 1405 965 1451 ct
1009 1396 1228 1451 ﬁnxisse
1256 1396 1569 1451 hominem?
1594 1395 1883 1462 Quomodo
1910 1394 2101 1451 lateris

521 1486 714 1542 Adami
760 1486 889 1541 fecit
919 1487 1277 1550 excisionem,
1315 1495 1372 1542 et
1416 1487 1666 1541 mulieris
1694 1485 1988 1541 aediﬁcium
2017 1485 2101 1541 fa-

518 1577 763 1632 bricatus
787 1586 872 1633 est
896 1578 1296 1647 incorporeus?
1318 1578 1434 1633 Nec
1453 1579 1559 1633 hoc
1582 1579 1783 1642 solum,
1813 1577 1910 1633 sed
1930 1577 2101 1633 etiam

515 1661 624 1718 fuit
653 1664 1001 1728 hortulanus,
1030 1674 1087 1719 et
1114 1682 1227 1721 sua:
1254 1674 1520 1721 creatura:
1546 1666 1901 1734 administer;
1932 1666 2102 1722 boves

517 1766 577 1815 et
603 1773 750 1821 oves,
789 1758 993 1813 bestias
1025 1768 1082 1813 et
1109 1759 1359 1829 iumenta
1385 1744 1752 1813 ad'Adamum
1786 1759 2095 1825 adducens;

519 1857 582 1904 ut
622 1864 685 1904 ea
738 1849 1016 1919 sigillatim
1061 1857 1307 1913 vocaret,
1356 1849 1451 1919 qui
1500 1850 1691 1911 omnia
1734 1850 2102 1920 cognoscebat

516 1948 645 1995 ante
674 1955 868 1995 eorum
903 1949 1110 1995 ortum.
1153 1939 1401 2005 Quonam
1445 1948 1630 1994 autem
1680 1954 1777 1994 ore
1811 1948 1870 1994 et
1906 1939 2097 2005 labris,

517 2032 611 2100 qui
631 2047 696 2086 ea
721 2047 831 2086 non
854 2030 1087 2095 ferebat,
1112 2030 1279 2101 utqui
1304 2031 1376 2086 sit
1400 2033 1784 2101 incorporeus,
1801 2030 2101 2086 insufﬂavit

518 2122 574 2178 in
603 2122 799 2178 faciem
837 2123 1078 2177 hominis
1106 2122 1359 2193 spiritum
1403 2123 1569 2177 vitae?
1596 2122 1729 2177 Nam
1764 2123 1810 2177 si
1844 2132 1979 2177 tunc
2013 2123 2101 2177 in-

515 2224 841 2285 corporatns
877 2222 933 2270 et
962 2215 1203 2269 humana
1233 2215 1405 2269 forma
1431 2214 1696 2284 praeditus
1737 2215 1933 2271 fuisset
1954 2216 2102 2270 Deus

518 2305 777 2369 Verbum,
807 2321 1152 2375 nequaquam
1202 2305 1258 2358 in
1318 2304 1582 2360 extremis
1644 2305 1989 2375 temporibus
2030 2320 2099 2360 ex

515 2403 707 2453 sancta
733 2396 953 2466 Virgine
981 2411 1205 2451 carnem
1240 2395 1575 2465 suscepisset
1596 2395 1765 2450 homo
1791 2395 1989 2450 factus.

536 2488 551 2503 '
588 2488 751 2541 Ὅθεν
787 2487 878 2540 διὰ
920 2486 1122 2550 ταύτας
1175 2485 1272 2548 τὰς

513 2578 760 2648 ἀκαταλή
770 2594 934 2641 πτους
1092 2578 1272 2640 αἰτίας

515 2672 903 2743 πνευματικῶς
977 2674 1272 2744 νοήσαντες

515 2765 695 2819 πάντα
764 2764 833 2818 τὰ
907 2764 1037 2835 περὶ
1094 2780 1272 2834 παρα-

514 2856 694 2910 δείσου
725 2858 775 2910 oi
807 2854 1271 2927 μνημονευοέντες

514 2948 819 3020 ἐξηγηταὶ,
886 2947 1129 3016 ἔφασαν,
1187 2948 1269 3001 ὅτι

515 3035 762 3107 διάφοροι
788 3035 1025 3107 αἱρέσεις
1051 3034 1270 3105 ἐτέχθη-

521 3146 620 3182 σαν
647 3129 751 3182 ὑπὸ
779 3145 940 3181 τινων
965 3127 1267 3197 ἀνθρώπων

518 3239 586 3275 σα
595 3221 797 3291 ρκικῶς
824 3219 1171 3273 ἀκουσάντων
1200 3218 1269 3271 τὰ

519 3317 650 3388 περὶ
703 3314 837 3369 Θεοῦ
880 3316 975 3368 καὶ
1010 3313 1270 3385 παραδεί-

515 3423 611 3460 σου
642 3409 700 3461 tv
733 3409 799 3478 τῇ
844 3403 1063 3460 Γενέσει
1115 3404 1270 3474 λεγό-

519 3517 683 3571 μενα·
706 3503 754 3554 οἱ
787 3500 886 3570 μὲν
911 3498 1270 3570 σωματόμορ-

516 3610 618 3663 φον
639 3594 731 3647 τὸν
752 3592 907 3656 Θεὸν,
931 3592 1052 3646 κατ’
1083 3592 1269 3646 είκόνα

515 3689 612 3743 καὶ
657 3687 917 3757 ὁμοίωσιν
952 3686 1142 3757 ὑλικὴν
1171 3684 1267 3739 τοῦ

514 3777 805 3848 ἀνθρώπου
819 3776 1264 3846 δογματίσαντες’

514 3871 563 3924 οἱ
616 3870 674 3924 δὲ
728 3871 990 3941 μεγίστας
1046 3870 1270 3940 εὐχαρι-

515 3962 669 4026 στίας
692 3961 766 4031 τῷ
805 3962 926 4032 ὄφει
964 3962 1269 4033 προσάξειν-

513 4071 637 4119 τες,
693 4053 770 4118 ὼς
825 4053 912 4106 διὰ
964 4053 1064 4122 τῆς
1103 4051 1269 4105 αὐτοῦ

514 4142 828 4215 συμϐουλῆς
871 4142 966 4195 καὶ
1018 4143 1117 4213 τῆς
1164 4158 1271 4194 πα-

515 4236 799 4307 ραϐάσεως
827 4234 929 4305 τῆς
965 4233 1269 4305 γενομένης

511 4324 865 4396 γεννηθέντος
892 4323 1013 4376 ὅλου
1044 4322 1139 4376 τοῦ
1171 4323 1266 4376 ἅν·-

513 4413 750 4484 θρώπων
800 4415 1010 4482 γένους,
1070 4413 1268 4478 οἵτινες

512 4511 609 4565 καὶ
630 4512 842 4579 Ὀφῖται
857 4512 1080 4577 δικαίως
1099 4529 1267 4584 προσ·

510 4606 891 4678 αγορεύονται.
975 4609 1263 4679 Μανιχαῖοι

508 4698 589 4763 δὲ,
634 4697 769 4770 ὁμοῦ
818 4715 881 4752 τε
912 4700 1008 4754 καὶ
1035 4701 1260 4770 ἄνδρες,

509 4794 606 4847 καὶ
633 4795 916 4861 γυναῖκες,
952 4795 1150 4865 γυμνοὶ¹
1205 4796 1262 4849 ὲν

507 4889 630 4950 ταῖς
653 4885 971 4953 ἐκκλησίαις
1002 4888 1263 4956 συνάγον-

506 4994 600 5029 ται
665 4978 804 5030 κατὰ
879 4978 1111 5048 μίμησιν
1167 4980 1259 5033 τοῦ

520 5067 691 5138 ’Δδὰμ
718 5071 813 5123 καὶ
843 5070 942 5141 τῆς
963 5068 1106 5135 Εὔας
1130 5071 1193 5143 (1

1418 2484 1572 2540 Unde
1594 2492 1820 2555 propter
1839 2486 1936 2540 has
1963 2501 2098 2540 cau-

1345 2589 1433 2630 sas
1475 2574 2061 2645 incomprehensibiles
2080 2617 2094 2643 ,

1343 2667 1526 2721 omnia
1565 2683 1689 2738 quae
1729 2669 1797 2724 de
1839 2668 2097 2725 Paradiso

1345 2763 1493 2817 dicta
1543 2772 1673 2817 sunt
1736 2763 2098 2833 spiritualiter

1342 2857 1712 2929 intelligentes
1766 2859 2096 2928 interpretes

1341 2967 1577 3021 quorum
1685 2952 2041 3007 meminimus
2076 2992 2093 3017 ,

1342 3044 1601 3100 dixerunt
1650 3046 1795 3116 quod
1860 3046 2095 3101 diversa:

2202 580 2327 620 cum
2364 565 2652 620 sororibus
2681 574 2737 620 et
2770 567 3040 623 matribus
3074 577 3478 625 contraxerunt
3510 572 3809 627 matrimo-

2203 656 2380 721 nium,
2412 665 2707 728 propterea
2740 659 2891 729 quod
2939 662 3115 716 nostri
3160 662 3327 732 primi
3344 673 3645 735 parentes
3676 681 3814 722 con-

2196 747 2567 818 jungerentur
2593 763 2721 803 eum
2751 750 2868 805 suis
2902 751 3172 806 matribus
3211 761 3270 807 et
3307 753 3640 809 sororibus.
3674 753 3812 810 Sunt

2201 837 2370 890 etiam
2407 837 2657 907 quaedam
2706 838 2946 893 haereses
2982 855 3105 909 quae
3144 840 3318 894 Deum
3346 849 3635 895 accusant
3663 844 3809 910 quod

2194 942 2314 983 non
2345 929 2698 999 prohibuerit
2736 946 2807 985 ne
2851 931 3127 1001 malignus
3152 930 3323 985 Evam
3365 930 3689 986 seduceret
3716 947 3814 1001 per

2203 1028 2541 1089 serpentem.
2573 1022 2694 1075 Alia
2724 1029 2907 1076 autem
2939 1037 3135 1077 rursus
3161 1022 3390 1077 haeresis
3417 1021 3692 1077 decrevit
3719 1023 3811 1078 be-

2201 1110 2433 1166 stiarum
2456 1126 2679 1181 quoque
2705 1112 2918 1167 animas
2949 1127 3072 1168 esse
3114 1112 3331 1168 ratione
3355 1112 3662 1182 praeditas,
3690 1130 3810 1184 qua:

2199 1210 2433 1273 possunt
2459 1203 2769 1260 orationem
2796 1204 2994 1259 audire
3023 1212 3080 1259 et
3107 1206 3384 1270 excolere,
3419 1220 3563 1261 cum
3594 1207 3799 1262 audiis-

2201 1302 2286 1348 set
2316 1295 2485 1350 Deum
2530 1295 2952 1351 benedicentem
2981 1295 3305 1351 volucribus
3337 1306 3396 1352 et
3432 1297 3723 1367 piscibus,
3756 1307 3807 1352 et

2200 1394 2575 1441 exsecrantem
2604 1396 2939 1457 serpentem,
2961 1395 3018 1442 et
3037 1385 3406 1442 adducentem
3432 1388 3507 1442 ad
3532 1386 3800 1443 Adamum

2143 1480 2171 1499 '
2200 1477 2409 1533 bestias
2441 1486 2496 1533 et
2528 1479 2786 1534 volucres
2827 1486 2884 1533 et
2923 1478 3196 1549 iumenta,
3247 1487 3309 1532 ut
3344 1477 3499 1532 sciat
3541 1478 3801 1549 quidnam

2154 1576 2162 1634 ;
2200 1582 2267 1621 ea
2309 1568 2578 1623 nominet.
2613 1567 2724 1623 Has
2766 1568 2954 1638 itaque
2982 1566 3040 1623 et
3068 1568 3204 1624 alias
3225 1568 3509 1639 plurimas
3543 1569 3801 1631 bareses,

2154 1732 2160 1739 .
2200 1673 2325 1728 quae
2353 1667 2714 1730 sumpserunt
2744 1659 3093 1714 occasionem
3136 1674 3205 1714 ex
3251 1659 3575 1730 Scripturae
3624 1660 3803 1716 verbis

2202 1750 2273 1806 de
2303 1751 2584 1821 paradiso,
2617 1751 2973 1821 admirabiles
3022 1766 3163 1822 quos
3211 1751 3370 1822 prius
3416 1752 3675 1807 diximus
3718 1752 3797 1807 in-

2133 1828 2173 1883 Β
2200 1849 2477 1913 terpretes
2513 1843 2766 1899 volentes
2794 1854 3069 1909 evertere,
3100 1843 3158 1898 in
3194 1859 3416 1900 sacram
3456 1843 3799 1915 Scripturam

2202 1933 2271 1988 de
2318 1944 2519 1989 caetero
2567 1934 2763 1989 oculos
2809 1934 3178 2004 spiritualiter
3220 1934 3622 1998 intendentes,
3664 1935 3796 1990 sicut

2196 2025 2359 2097 jubet
2396 2026 2622 2093 Paulus,
2649 2025 3020 2081 decreverunt
3050 2026 3192 2082 duos
3233 2027 3516 2097 quosdam
3546 2040 3674 2081 esse
3711 2040 3793 2094 ps-

2203 2117 2438 2184 radisos,
2464 2118 2611 2173 sicut
2638 2124 2694 2172 et
2713 2118 3027 2188 Dionysius,
3051 2119 3403 2189 spiritualem
3433 2128 3497 2175 et
3519 2117 3790 2182 sensilem,

2202 2213 2523 2262 terrestrem
2567 2215 2626 2262 et
2653 2208 2955 2275 caelestem,
3005 2208 3101 2279 qui
3149 2208 3406 2264 cernitur
3446 2217 3508 2264 et
3562 2208 3659 2278 qui
3715 2206 3791 2260 in-

2202 2300 2490 2371 telligitur,
2522 2301 2667 2357 sicut
2685 2303 2852 2357 etiam
2880 2311 2965 2358 est
2989 2302 3247 2359 Christus
3272 2303 3533 2358 cmlestis
3555 2300 3718 2357 simul
3739 2308 3790 2354 et

2201 2397 2505 2463 terrestris,
2546 2406 2922 2469 congruenter
2956 2408 3086 2470 typo
3117 2398 3360 2454 duarum
3392 2396 3786 2460 Ecclesiarum,
3845 2452 3853 2458 _

2201 2496 2458 2556 terrente,
2494 2489 2741 2561 inquam,
2773 2498 2832 2545 et
2862 2490 3104 2546 caelestis
3133 2490 3380 2545 civitatis
3427 2487 3652 2543 Domini
3689 2486 3787 2540 vir-

2201 2589 2402 2649 tutum,
2446 2583 2541 2638 ubi
2582 2590 2669 2639 est
2708 2583 2877 2639 etiam
2912 2583 3156 2639 secunda
3179 2590 3237 2638 et
3259 2582 3457 2637 verior
3490 2590 3641 2635 terra
3668 2594 3784 2651 pro-

2200 2674 2500 2739 missionis,
2540 2675 2695 2747 regio
2722 2675 3052 2740 viventium,
3081 2684 3135 2730 et
3183 2674 3514 2728 mansiones
3541 2671 3780 2727 taberna-

2197 2769 2325 2825 cula
2344 2778 2551 2825 aeterna
2579 2780 2636 2825 et
2661 2786 2783 2840 quae
2809 2771 3016 2825 nullam
3044 2770 3251 2825 habent
3272 2769 3713 2831 successionem,
3734 2775 3782 2820 et

2199 2869 2348 2916 terra
2380 2861 2603 2915 mitium
2646 2861 2892 2916 secunda
2919 2870 2977 2916 et
3002 2861 3058 2915 in
3083 2876 3246 2931 quam
3274 2875 3395 2914 non
3426 2858 3579 2914 cadit
3610 2856 3780 2912 interi-

2196 2959 2309 3018 tus,
2343 2970 2466 3024 qum
2492 2954 2658 3008 habet
2691 2953 2918 3008 arbores
2958 2961 3014 3008 et
3042 2967 3213 3023 aquas
3239 2951 3501 3005 interitui
3539 2964 3649 3005 non
3692 2947 3780 3002 ob-

2198 3045 2413 3110 noxias,
2446 3053 2502 3100 et
2530 3045 2747 3115 plantas
2775 3060 2897 3115 quae
2936 3059 3049 3098 non
3080 3052 3468 3108 marcescunt,
3494 3050 3552 3098 et
3580 3041 3778 3096 fructus

1341 3145 1481 3191 nata:
1504 3146 1634 3191 sunt
1654 3137 1892 3193 haereses
1912 3154 1943 3192 a
1968 3138 2096 3230 (ιμί-
2122 3172 2165 3230 c
2199 3150 2421 3206 semper
2448 3136 2843 3206 germinantes,
2873 3135 2969 3205 qui
3003 3150 3034 3189 a
3078 3134 3312 3205 perenni
3345 3134 3507 3190 fonte
3536 3132 3663 3187 vita:
3689 3145 3776 3201 pe-

1341 3228 1571 3285 busdam
1612 3230 1933 3288 hominibus
1953 3272 1968 3296 ,
1997 3217 2095 3301 qui

1341 3324 1636 3379 carnaliter
1655 3323 1953 3379 audierunt
1976 3342 2097 3397 quae

1340 3413 1408 3468 de
1452 3415 1565 3469 Deo
1607 3424 1665 3472 et
1705 3416 1963 3486 paradiso
2006 3417 2096 3472 di—

1340 3509 1544 3556 cuntur
1590 3501 1646 3556 in
1685 3501 1930 3566 Genesi,
1973 3502 2097 3559 aliis

1342 3593 1564 3664 quidem
1725 3594 2097 3651 statuentibus

1339 3687 1516 3742 Deum
1586 3684 1795 3741 habere
1862 3685 2095 3742 formam

1341 3779 1632 3847 corporis,
1714 3777 1839 3833 aliis
1908 3787 2093 3835 autem

1344 3871 1589 3940 serpenti
1660 3885 1886 3941 magnas
1963 3872 2099 3928 offe-

1343 3970 1530 4016 rentes
1576 3961 1874 4032 gratiarum
1921 3962 2097 4017 aetio-

1341 4073 1461 4123 nes,
1476 4065 1668 4126 utpote
1689 4057 1836 4126 quod
1857 4072 1955 4127 per
1974 4058 2095 4128 ejus

1341 4151 1631 4206 consilium
1653 4158 1708 4205 et
1730 4150 1925 4205 factam
1956 4166 2095 4222 prae-

1344 4241 1736 4296 varicationem
1820 4256 1888 4297 ex
1967 4257 2092 4297 mu-

1343 4330 1473 4385 liere
1493 4331 1564 4386 sit
1577 4339 1896 4401 generatum
1917 4339 2088 4387 totum

1336 4437 1511 4492 genus
1577 4423 1877 4478 humanum
1904 4440 1919 4489 ;
1993 4424 2088 4495 qui

2198 3226 2445 3281 renniter
2479 3226 2797 3297 irrigantur,
2823 3234 2880 3282 et
2909 3228 2966 3281 in
2998 3228 3194 3283 saecula
3227 3227 3570 3282 sinenlorum
3612 3223 3778 3293 quoti-

2197 3316 2287 3372 die
2333 3316 2652 3385 florescunt,
2695 3326 2753 3373 et
2803 3334 3021 3390 semper
3056 3326 3317 3375 crescunt
3368 3318 3427 3373 in
3475 3317 3689 3378 melius,
3728 3322 3777 3367 et

2198 3423 2482 3478 nunquam
2512 3419 2729 3465 cessant
2755 3412 3023 3479 proiicere
3055 3418 3113 3466 et
3142 3411 3334 3482 augeri
3383 3421 3447 3467 et
3483 3406 3703 3464 formari
3726 3406 3773 3459 in

2197 3498 2253 3555 id
2295 3500 2444 3569 quod
2487 3508 2575 3556 est
2606 3502 2808 3557 melius
2838 3509 2894 3557 et
2934 3502 3211 3573 superius,
3240 3509 3298 3557 et
3330 3503 3435 3573 qui
3475 3508 3605 3556 sunt
3632 3499 3772 3569 plan-

2199 3593 2294 3646 tati
2326 3600 2383 3647 et
2414 3592 2667 3648 collocati
2700 3593 2757 3648 in
2793 3593 2960 3649 domo
2988 3595 3108 3660 Dei,
3137 3604 3195 3649 et
3217 3594 3426 3650 ﬂorent
3456 3594 3512 3649 in
3538 3589 3771 3662 supernis

2195 3685 2318 3755 ejus
2350 3684 2543 3750 atriis;
2578 3685 2891 3755 cujusmodi
2935 3698 3067 3741 sunt
3107 3686 3251 3740 cedri
3300 3687 3555 3743 ctelestis
3578 3681 3767 3742 Libani,

2196 3792 2330 3848 quas
2375 3775 2642 3846 plantavit
2686 3778 2908 3849 (nempe
2953 3777 3328 3848 intelligentes
3363 3777 3612 3847 naturas)
3645 3772 3763 3830 Uni.

2195 3868 2441 3938 genitus,
2477 3881 2605 3920 cum
2648 3867 2852 3937 quibus
2891 3867 3003 3922 illic
3029 3868 3321 3937 nidiﬁcavit
3366 3883 3608 3941 passeres
3650 3877 3762 3919 san-

2195 3972 2411 4019 ctarum
2443 3962 2775 4028 animarum,
2826 3973 2877 4018 et
2919 3964 3142 4028 herodii,
3177 3978 3381 4036 nempe
3419 3962 3644 4027 Christi,
3680 3961 3763 4011 do-

2196 4070 2310 4108 mus
2334 4054 2443 4109 dua:
2458 4065 2533 4110 est
2558 4072 2742 4129 eorum
2758 4056 2800 4121 ⁵,
2829 4065 3057 4127 propter
3077 4070 3218 4126 quos
3237 4056 3389 4111 solos
3403 4065 3616 4127 pratum
3641 4046 3760 4105 illud

2192 4151 2341 4221 quod
2375 4166 2486 4207 non
2531 4153 2910 4226 corrumpitur
2954 4164 3058 4209 nec
3087 4152 3349 4219 senescit,
3385 4151 3688 4220 intelligens
3712 4153 3759 4198 et

2192 4256 2390 4311 expers
2433 4243 2710 4308 materie,
2758 4242 3028 4313 plantavit
3074 4251 3132 4297 et
3176 4242 3493 4297 constituit.
3546 4241 3619 4294 De
3661 4250 3757 4306 quo

2194 4334 2401 4390 dictum
2444 4341 2532 4389 est
2560 4351 2574 4387 :
2605 4332 2674 4387 Et
2711 4334 2976 4405 plantavit
3006 4332 3260 4388 Dominus
3290 4332 3436 4387 Deus
3466 4328 3755 4403 paradisum

2193 4427 2247 4479 in
2279 4425 2445 4481 Edent
2471 4426 2542 4481 ad
2569 4428 2857 4492 orientem,
2894 4433 2944 4480 et
2972 4405 3145 4497 posuit
3185 4424 3298 4480 illic
3330 4425 3593 4480 hominem
3619 4433 3753 4491 quem

1337 4513 1562 4581 quidem
1636 4514 1836 4569 merito
1917 4516 2085 4571 etiam
2121 4519 2164 4575 Ι)
2192 4515 2332 4586 fecit.
2380 4516 2448 4571 Et
2489 4516 2890 4588 interpretatur
2935 4518 3159 4588 quidem
3216 4515 3409 4582 Edam,
3452 4518 3754 4586 ignoscenm

1336 4606 1686 4677 appellantur
1734 4605 1950 4678 Ophitae
1964 4649 1978 4673 ,
2034 4608 2090 4663 id

1334 4710 1439 4769 est,
1553 4700 1893 4771 Serpentini.
1917 4702 2093 4758 Mani-

1335 4792 1475 4847 chaei
1497 4800 1684 4849 autem
1715 4794 1880 4849 simul
1905 4803 1961 4850 et
1982 4795 2092 4851 viri

1333 4898 1390 4944 et
1407 4890 1673 4946 mulieres
1696 4890 1836 4945 nudi
1861 4906 2092 4962 congre-

1332 4990 1535 5054 gantnr
1568 4984 1626 5038 in
1674 4984 1792 5039 suis
1835 4985 2089 5041 ecclesiis

1332 5075 1401 5130 ad
1463 5075 1826 5131 imitationem
1890 5075 2085 5131 Adami

1331 5178 1388 5223 et
1417 5169 1561 5225 Eva.

581 5251 683 5305 Alii
717 5264 901 5320 autem
938 5255 1239 5312 increatam
1287 5259 1429 5330 ignis
1458 5261 1765 5318 adorarunt
1806 5272 2085 5328 naturam,

506 5349 800 5411 prepterea
832 5348 980 5414 quod
1007 5349 1157 5404 nulla
1185 5349 1455 5408 inferatur
1478 5353 1623 5424 ignis
1650 5355 1859 5409 mentio
1882 5355 1939 5409 in
1964 5356 2088 5409 uni-

506 5441 665 5485 versa
708 5447 804 5487 sex
838 5434 1053 5491 dierum
1099 5440 1399 5496 creatione.
1427 5442 1535 5497 Alii
1564 5459 1762 5512 aquam
1793 5446 2088 5500 coluerunt

508 5528 767 5591 tanquam
816 5525 1137 5595 increatam,
1179 5533 1441 5601 quoniam
1487 5550 1597 5589 non
1643 5536 1910 5605 scriptum
1939 5546 2026 5591 est
2068 5556 2081 5590 :

2189 4616 2285 4664 aut
2311 4608 2736 4680 sanguinolentw
2767 4610 2988 4665 deliciae.
3035 4609 3106 4666 Ut
3147 4618 3333 4665 autem
3377 4608 3513 4663 dicit
3558 4602 3754 4675 priscus

2185 4702 2427 4768 Judaeus,
2444 4703 2615 4760 Edent
2637 4705 3056 4776 interpretatur,
3077 4707 3433 4778 inﬂammatio
3453 4701 3753 4758 carbonum:

2187 4795 2335 4863 quod
2360 4789 2587 4865 quidem
2618 4797 2916 4853 admodum
2960 4805 3085 4869 apte
3118 4798 3253 4853 dicit
3283 4798 3541 4853 convenit
3567 4790 3632 4845 de
3664 4799 3748 4856 pa-

2185 4886 2371 4942 radiso
2413 4884 2802 4958 spirituali,'et
2842 4890 3088 4945 materiae
3135 4899 3382 4960 experte,
3413 4895 3471 4941 et
3501 4880 3747 4953 angelico.

2187 4985 2243 5031 et
2268 4976 2595 5047 intelligenti
2627 4996 2641 5032 :
2675 4977 2780 5044 Qui
2813 4980 2941 5050 facit
2964 4979 3137 5044 enim,
3167 4977 3369 5048 inquit,
3402 4971 3611 5044 angelos
3641 4978 3746 5020 suo:

2187 5069 2428 5138 spiritus,
2461 5076 2511 5121 et
2536 5070 2805 5125 ministros
2847 5071 2961 5141 ejus
2997 5072 3275 5141 ﬂammam
3309 5068 3445 5139 ignis
3472 5066 3514 5127 ξ.
3542 5060 3619 5117 Ad
3648 5056 3743 5125 spi~

2187 5164 2406 5219 ritualis
2433 5173 2617 5222 autem
2660 5167 2900 5236 paradisi
2930 5167 3199 5223 rationem
3225 5182 3285 5221 se
3312 5162 3543 5219 maxime
3566 5154 3740 5212 confir-

2191 5267 2418 5312 marunt
2440 5257 2802 5330 interpretes,
2824 5259 3164 5325 adducentes
3185 5268 3378 5314 testem
3398 5249 3739 5311 Ezechielem.

2186 5360 2243 5406 et
2274 5352 2445 5406 Deum
2472 5351 2567 5422 qui
2598 5352 2654 5406 in
2689 5351 2810 5422 ipso
2838 5352 3191 5422 loquebatur,
3227 5349 3324 5405 ubi
3364 5347 3578 5401 videtur
3613 5340 3739 5392 Deus

2186 5446 2349 5500 nobis
2371 5446 2714 5517 aanigmatiee
2737 5449 3002 5515 revelare,
3033 5447 3178 5518 apud
3206 5447 3380 5518 ipsum
3416 5437 3734 5528 prophetam,
3826 5454 3831 5461 ι

2187 5537 2394 5594 diaboli
2422 5553 2453 5593 e
2489 5540 2630 5594 coelo
2664 5555 2876 5605 casum,
2911 5541 2992 5595 sic
3023 5540 3249 5595 dicens:
3280 5537 3348 5592 Et
3377 5544 3453 5596 tu,
3484 5529 3562 5599 ﬁli
3588 5526 3735 5579 honu-

577 5659 596 5689 ³
627 5657 670 5711 ll
705 5657 935 5726 Cor.xn,
973 5662 1087 5719 2-4.
1165 5663 1185 5697 ‘
1220 5667 1236 5721 1
1271 5667 1412 5723 Tim.
1448 5686 1524 5735 vi,
1561 5670 1645 5724 l6.
1725 5671 1744 5701 ⁸
1791 5669 1934 5724 Psal.
1967 5686 2076 5735 cm,

2192 5714 2194 5728 .
2229 5671 2317 5726 i8.
2394 5672 2415 5704 ⁸
2447 5671 2582 5727 ibid.
2619 5673 2673 5726 εί.

582 5773 657 5839 Ii)
688 5771 743 5827 S.
788 5772 966 5828 Joann
986 5818 999 5832 .
1024 5779 1419 5846 Damasr.,loco
1455 5786 1542 5837 cit.
