4098 6418
354 233 378 270 \

306 360 418 423 965
442 320 445 323 ’

1381 358 1463 418 ΙΝ
1497 352 2132 418 HEXAEMERON.—
2163 351 2309 413 LIB.
2351 349 2490 413 VII.

3478 353 3586 415 966

302 476 414 538 nis,
464 473 641 542 accipe
693 469 1126 525 lamentationem
1151 483 1308 540 super
1345 470 1635 540 principem
1675 468 1816 540 Tyri,
1853 477 1902 520 et
1933 472 1976 528 Α
2009 463 2216 519 bonum
2245 461 2686 519 Cherubicorum
2717 460 2772 514 in
2808 467 3008 514 terram
3051 468 3136 514 est
3177 461 3460 532 projectus
3489 463 3594 520 iste

296 567 393 620 dic
427 567 474 620 ei
500 563 666 619 :‘Htec
705 565 829 622 dicit
847 562 1102 617 Dominus
1128 579 1146 616 :
1180 562 1256 616 Tu
1285 560 1620 632 signaculum
1653 560 1904 616 similitu-

295 657 448 711 dinis
488 664 537 708 et
577 669 774 708 corona
813 652 1220 724 pulchritudinis
1241 655 1296 706 in
1319 651 1516 706 deliciis
1549 651 1788 722 paradisi
1813 649 1904 705 Dei

291 755 588 817 generatus
620 762 673 799 es
707 747 750 798 ⁷.
788 745 920 800 Erat
981 745 1130 799 enim
1193 743 1397 812 impius
1455 744 1717 814 princeps
1773 743 1900 814 Tyri

289 847 365 892 et
407 835 695 891 idololatra
732 835 790 889 in
829 835 1028 890 diebus
1063 835 1372 891 Ezechielis
1414 835 1716 905 prophetae.
1763 835 1904 889 Dicit

290 929 458 984 enim
489 928 670 998 ipsum
703 927 1012 997 principem
1047 925 1303 981 indutum
1339 925 1631 981 duodecim
1669 926 1902 996 insigni-

288 1021 414 1076 bus
444 1019 708 1091 pretiosis
735 1018 1033 1088 lapidibus,
1063 1027 1335 1088 potestate
1359 1018 1500 1073 forte
1528 1033 1898 1088 supernarum

286 1115 600 1170 virtutum.
649 1113 720 1168 Et
771 1113 956 1168 statim
1009 1121 1136 1182 post
1177 1111 1564 1165 indumentum
1619 1109 1898 1178 lapidum,

292 1209 614 1280 subjungit,
650 1206 844 1261 dicens
873 1222 888 1258 :
915 1205 960 1258 Α
991 1219 1092 1274 quo
1121 1203 1205 1256 die
1233 1211 1441 1256 creatus
1467 1216 1520 1254 es
1552 1215 1669 1254 cum
1702 1200 1901 1256 Cheru-

291 1300 434 1363 bim,
463 1298 586 1352 dedi
609 1306 659 1350 te
682 1297 736 1350 in
769 1304 945 1350 monte
971 1302 1154 1348 sancto
1185 1291 1282 1346 Dei
1311 1293 1354 1354 ⁸,
1381 1292 1488 1346 hoc
1517 1300 1602 1346 est
1637 1291 1692 1345 in
1735 1286 1898 1346 curio.

294 1391 403 1458 Sic
429 1391 576 1446 enim
611 1388 751 1444 dicit
778 1394 1186 1458 consequenter
1213 1405 1227 1439 :
1257 1383 1422 1439 Fuisti
1464 1386 1520 1438 in
1555 1384 1725 1439 medio
1763 1365 1911 1469 ίαᾷἠῖ

297 1487 434 1542 dum
475 1487 752 1556 igneorum
791 1485 836 1548 °,
873 1499 1070 1553 nempe
1102 1479 1502 1538 ﬂammantium
1535 1482 1656 1552 ejus
1690 1481 1898 1534 intelli-

299 1577 556 1648 gentium
588 1575 892 1637 Virtutum,
923 1573 1321 1628 convenienter
1357 1573 1407 1628 ei
1449 1573 1544 1643 qui
1583 1571 1762 1627 dicit:
1793 1570 1899 1636 Qui

301 1667 440 1738 facit
485 1667 702 1738 angelos
744 1667 994 1736 spiritus.
1040 1675 1088 1719 et
1135 1667 1402 1719 ministros
1451 1677 1573 1718 suos
1619 1666 1896 1736 flammam

300 1761 466 1829 ignis.
492 1757 800 1813 Audiamus
828 1765 883 1812 et
912 1772 1035 1828 qua:
1061 1755 1326 1826 deinceps
1349 1764 1660 1826 sequuntur
1689 1773 1702 1809 :
1727 1757 1770 1810 A
1793 1772 1895 1827 quo

303 1851 394 1904 die
433 1859 641 1916 creatus
684 1867 758 1916 es,
795 1866 1061 1922 quousque
1093 1851 1319 1904 inventa:
1349 1835 1812 1920 sunt'iniquitates
1841 1851 1896 1903 in

309 1951 360 1996 te
391 1943 460 1996 ¹⁰.
497 1941 622 1998 Haec
661 1939 889 2011 proprie
937 1942 992 1996 in
1021 1941 1302 1999 diabolum
1353 1941 1498 1996 dicta
1531 1923 1718 2020 senta
1747 1942 1892 2008 Deo;

307 2049 593 2104 nunquam
632 2033 782 2088 enim
826 2033 902 2087 ita
941 2033 1078 2086 vixit
1110 2034 1369 2104 princeps
1403 2034 1530 2104 Tyri
1569 2041 1628 2088 ut
1671 2034 1724 2088 in
1768 2050 1896 2088 eum

309 2140 428 2196 non
471 2123 685 2180 caderet
724 2123 847 2179 vitii
895 2124 1049 2179 labes
1095 2134 1152 2180 et
1186 2126 1335 2196 justa
1365 2126 1748 2196 reprehensio.
1798 2126 1894 2182 llle

303 2213 459 2266 enim
492 2223 609 2280 erat
639 2215 862 2285 impius,
896 2224 952 2270 et
977 2214 1122 2270 ﬁlius
1154 2215 1452 2286 impiorum
1497 2226 1580 2271 est
1618 2226 1891 2274 mortuus.

299 2303 415 2358 Sed
449 2320 556 2360 nec
591 2305 695 2361 fuit
723 2307 780 2361 in
805 2306 986 2362 medio
1013 2307 1312 2363 carbonum
1339 2321 1395 2363 et
1420 2310 1663 2379 lapidum
1701 2311 1892 2383 igneo-

275 2411 452 2463 »rum,
483 2397 632 2452 sicut
673 2399 988 2454 audivimus
1015 2399 1084 2454 de
1114 2400 1364 2470 principe
1395 2401 1558 2472 hujus
1587 2402 1792 2456 saeculi.
1825 2403 1894 2459 Et

299 2483 594 2558 subiungit
618 2488 763 2543 Deus
791 2489 859 2543 de
895 2503 962 2544 eo
990 2489 1183 2545 dicens
1209 2509 1222 2544 :
1248 2490 1291 2544 Α
1324 2491 1662 2546 multitudine
1691 2510 1895 2547 merca-

291 2587 445 2632 turae
474 2579 552 2646 “7.
588 2579 833 2652 inlellige
883 2581 1298 2636 multitudinem
1351 2583 1688 2652 cognitionis
1719 2593 1773 2637 et
1806 2600 1893 2638 sa-

306 2670 548 2740 pientiae,
575 2689 742 2742 quam
769 2684 930 2730 antea
964 2685 1221 2744 tanquam
1259 2690 1508 2727 summus
1552 2673 1810 2744 princeps
1835 2683 1892 2728 et

302 2759 420 2814 dux
451 2762 729 2818 exercitus
764 2764 1083 2834 possidebat
1127 2764 1403 2818 diabolus.
1455 2765 1558 2818 Per
1587 2781 1750 2834 quam
1795 2781 1891 2820 co-

277 2852 820 2925 .griitionem-iapsus
839 2857 898 2910 in
933 2855 1248 2926 superbiam
1275 2857 1352 2910 sic
1376 2858 1637 2928 cogitavit
1658 2835 1886 2912 dicens:

284 2943 512 2999 .Ponam
548 2947 793 3001 thronum
840 2963 1016 3003 meum
1057 2965 1214 3020 super
1258 2949 1440 3008 nubes,
1485 2957 1534 3001 et
1581 2965 1672 3002 ero
1699 2949 1890 3004 similis

277 3035 574 3090 .Altissimo
601 3036 665 3092 ¹¹.
695 3035 1064 3104 Quamobrem
1092 3046 1287 3092 rursus
1317 3038 1370 3091 in
1397 3053 1524 3092 eum
1557 3039 1890 3094 vociferatur

2006 555 2100 626 qui
2124 555 2332 609 dicitur
2362 554 2620 624 princeps
2644 550 2770 622 Tyri
2801 551 3007 622 :Tyrus
3030 559 3214 606 autem
3238 551 3426 608 Graece
3451 553 3592 610 dici-

2005 657 2098 702 tur
2127 647 2324 717 χρὰτος
2358 645 2454 698 καὶ
2497 645 2643 714 ὅρος,
2684 643 2738 696 id
2786 650 2872 696 est
2901 643 3140 712 potentia
3185 651 3232 694 et
3269 659 3439 696 mons.
3471 643 3592 709 Quo

2003 741 2066 794 iit
2114 750 2173 794 ut
2203 739 2333 793 hinc
2365 753 2434 791 cx
2468 735 2535 790 iis
2567 749 2690 804 qua:
2729 733 2876 788 dicta
2913 743 3040 788 sunt
3066 733 3365 797 Ezechieli,
3401 743 3592 803 aperte

2002 830 2170 885 liceat
2209 843 2542 900 cognoscere
2595 824 2744 895 quod
2773 840 2966 879 omnes
2989 825 3180 879 Patres
3205 825 3298 894 qui
3331 825 3592 879 dixerunt

2002 935 2129 976 cum
2163 919 2353 974 sensili
2383 932 2504 972 esse
2530 915 2768 984 aliquem
2802 914 3120 983 paradisum
3161 915 3504 984 spiritualem
3536 923 3592 970 et

2002 1011 2147 1082 ligna
2173 1010 2502 1081 spiritualia,
2539 1007 2592 1061 id
2624 1006 2885 1060 dixerunt
2917 1013 3215 1074 sequentes
3239 1005 3428 1060 divina
3471 1006 3592 1075 ejus

2004 1105 2292 1174 prOphetaa
2329 1101 2498 1156 verba
2535 1117 2548 1152 :
2581 1114 2649 1152 ex
2682 1096 2884 1166 quibus
2916 1105 3046 1150 sunt
3077 1097 3242 1151 etiam
3287 1098 3588 1167 sapientis-

2005 1195 2129 1251 simi
2177 1192 2452 1264 Gregorii,
2499 1190 2593 1260 qui
2626 1189 2820 1243 dicuut
2859 1188 3082 1258 plautas
3127 1204 3250 1246 esse
3297 1189 3586 1258 quasdam,

2003 1287 2521 1357 contemplationes,
2552 1293 2614 1336 ut
2647 1282 2803 1351 ponit
2827 1295 3021 1334 eorum
3057 1280 3224 1351 895
3251 1283 3592 1350 contempla»

2001 1379 2100 1434 tio.
2147 1379 2408 1446 Quaenam
2455 1383 2640 1430 autem
2671 1380 2793 1426 erat
2825 1371 3079 1442 Gregorii
3114 1373 3418 1442 spiritualis
3451 1387 3586 1427 con-

2003 1472 2308 1542 templatio,
2351 1469 2457 1525 nisi
2491 1469 2583 1522 illa
2629 1464 2870 1534 Spiritus
2911 1463 3085 1519 sancti
3115 1464 3482 1519 illuminatio?
3509 1465 3588 1518 De

2001 1581 2110 1635 qua
2156 1561 2625 1633 contemplatione
2661 1556 2798 1610 dicit
2837 1555 3104 1610 Dominus
3144 1573 3158 1610 :
3196 1555 3349 1610 Beati
3391 1559 3586 1610 mundo

1999 1656 2178 1721 corde,
2205 1655 2456 1726 quoniam
2494 1651 2596 1722 ipsi
2617 1648 2786 1702 Deum
2813 1644 3058 1700 videbunt
3094 1647 3157 1700 ¹⁸.

2075 1745 2140 1798 Ὅ
2148 1762 2214 1816 pa
2231 1744 2340 1814 γὰρ
2355 1744 2438 1796 ὃτι
2455 1741 2553 1810 οὐχ
2569 1737 2756 1798 ἁπλῶς

2000 1837 2328 1910 παράδεισος
2355 1835 2573 1905 λέγεται
2601 1833 2757 1894 οὗτος

1999 1933 2029 1985 ὁ
2084 1929 2237 2002 παρὰ
2301 1929 2380 1998 τῷ
2445 1928 2703 1997 προφήτῃ
2738 1963 2752 1989 ,

1996 2023 2134 2078 ἀλλὰ
2157 2021 2485 2098 παράδεισος
2507 2017 2664 2071 Θεοῦ.
2700 2016 2756 2071 Ὀ

1995 2115 2053 2169 δὲ
2071 2111 2365 2192 Μωσιαῖκὺς
2397 2108 2750 2178 παράδεισος,

1995 2207 2057 2260 οὐ
2089 2204 2392 2273 θεώνυμος,
2417 2199 2530 2255 ἀλλ’
2565 2197 2753 2261 ἁπλῶς

1996 2299 2342 2368 παράδεισος.
2385 2293 2547 2347 Ὅθεν
2586 2295 2680 2344 καὶ
2723 2291 2753 2344 ὁ

1996 2387 2142 2442 κατὰ
2159 2387 2334 2440 πάντα
2354 2385 2496 2448 θεῖος
2520 2384 2575 2435 ’Δ
2586 2381 2753 2452 p.696-

1997 2499 2110 2545 σιος
2135 2521 2150 2546 ,
2207 2481 2306 2533 καὶ
2381 2478 2665 2538 ’ῐουστῖνος
2723 2477 2752 2528 ὁ

1995 2575 2319 2644 θεόληπτος⁹
2373 2573 2622 2642 μάρτυς,
2693 2570 2750 2622 ἐν

1992 2670 2106 2729 τοῖς
2154 2669 2233 2730 εἰς
2271 2665 2372 2732 τὴν
2415 2662 2752 2730 Ἐξαήμερον

1994 2760 2060 2814 αὖ
2069 2758 2176 2812 τῶν
2255 2757 2610 2825 ὑπομνήμασι
2681 2751 2748 2804 τὰ

1997 2847 2128 2919 περὶ
2164 2846 2498 2918 παραδείσου
2527 2841 2749 2906 διεξιόν-

1991 2961 2105 3008 τες,
2141 2942 2280 3013 μετὰ
2321 2945 2382 2994 τὸ
2419 2942 2594 2993 εἰπεῖν
2621 2939 2750 3006 περὶ

1991 3035 2100 3087 τῶν
2171 3033 2449 3102 αἰσθητῶν
2514 3031 2749 3104 δένδρων

291 3142 402 3196 per
428 3127 601 3182 verba
629 3143 750 3198 qua:
786 3139 1204 3200 consequuntur
1229 3129 1483 3184 Ezechiel
1507 3139 1564 3185 et
1596 3120 1772 3196 'Deus,
1801 3131 1888 3186 di-

1996 3129 2089 3180 καί
2109 3126 2338 3185 ὑδάτων,
2363 3123 2457 3176 καὶ
2485 3121 2748 3192 γηγενοῦς

291 3233 435 3273 cens
459 3237 472 3271 ε
493 3219 564 3272 Et
589 3223 834 3290 peccasti,
859 3230 907 3274 et
925 3223 1192 3276 sauciatus
1216 3237 1268 3276 es
1293 3240 1326 3275 a
1355 3214 1531 3276 monte
1557 3221 1652 3276 Dei
1685 3222 1759 3287 ¹³;
1788 3223 1894 3278 hoc

290 3318 389 3366 est
432 3309 682 3381 dejectus
711 3327 774 3366 es
805 3311 874 3366 ab
917 3312 1210 3367 altitudine
1255 3313 1350 3367 Dei
1403 3312 1552 3376 caeli,
1598 3313 1712 3366 hoc
1743 3313 1890 3366 enim

289 3409 490 3464 statim
533 3408 716 3463 innuit
758 3408 1096 3481 subjungeus
1121 3427 1134 3462 :
1161 3407 1229 3462 Et
1260 3409 1482 3462 adduxit
1518 3418 1567 3462 te
1611 3406 1892 3464 Cherubin:

288 3519 368 3558 ea:
397 3503 660 3574 lapidibus
691 3495 858 3575 igneis
891 3504 957 3556 “.
985 3503 1116 3557 Mihi
1143 3502 1364 3556 videtur
1393 3499 1542 3570 Quod
1591 3501 1737 3554 Deus
1769 3501 1891 3572 jus-

287 3592 440 3648 serit
463 3589 628 3649 alicui
663 3595 1120 3664 praestantissimo
1150 3601 1207 3648 et
1245 3589 1794 3662 magnificentissimo
1823 3606 1892 3646 ex

283 3688 624 3757 Chernhim,
650 3704 711 3748 ut
738 3707 894 3747 reum
918 3691 1196 3762 accipiens
1217 3691 1497 3746 diabolum
1519 3689 1588 3744 de
1609 3704 1676 3744 eo
1697 3702 1890 3758 pcenas

285 3781 714 3852 sumeretzqui
755 3797 884 3837 eum
933 3781 1127 3836 eduxit
1170 3795 1202 3836 e
1246 3779 1430 3834 medio
1461 3777 1890 3848 intelligentium

285 3869 684 3937 exercituum,
726 3878 785 3928 et
816 3862 945 3926 eum
995 3862 1198 3942 dejeeit
1239 3883 1270 3925 e
1300 3857 1482 3925 'ctelo.
1522 3869 1888 3936 Quamobrem
1926 3933 1930 3946 I

287 3965 526 4024 dicebat
547 3966 804 4025 Christus
834 3984 848 4019 :
883 3965 999 4020 Vidi
1031 3964 1296 4022 Satanam
1329 3965 1603 4019 cadentem
1631 3973 1888 4032 tanquam

289 4057 486 4130 fulgur
515 4074 544 4112 e
587 4058 713 4113 ctelo
745 4059 810 4111 ⁸⁵.
842 4057 1148 4112 Audiamus
1172 4055 1339 4110 etiam
1375 4071 1498 4125 quae
1527 4067 1840 4124 sequuntur
1869 4073 1884 4109 τ

289 4150 442 4206 dicit
471 4147 618 4204 enim
646 4149 910 4220 deinceps
933 4158 990 4204 et
1027 4157 1432 4217 consequenter
1459 4165 1471 4199 :
1499 4145 1780 4200 Snblatum
1812 4155 1888 4199 est

291 4257 392 4296 cor
422 4249 576 4295 tuum
597 4249 812 4312 propter
838 4239 1282 4312 pulchritudinem
1317 4247 1463 4292 tuam
1481 4245 1774 4308 ;,corrupta
1813 4245 1888 4290 est

291 4333 518 4388 scientia
552 4341 645 4387 tua
676 4350 795 4386 cum
823 4330 1213 4402 pulchritudine
1251 4337 1343 4382 tua
1393 4329 1456 4382 “.
1506 4327 1887 4382 Pulchritudi-

288 4437 429 4479 nem
476 4423 646 4490 enim,
699 4422 888 4478 formae
939 4421 1074 4477 dicit
1117 4419 1526 4483 excellentiam,
1575 4435 1684 4488 qua
1732 4418 1887 4488 prius

1997 3221 2205 3290 παραδε
2214 3217 2324 3271 ἴσου
2344 3217 2668 3287 παρήγαγον
2690 3215 2748 3266 ἐν

1999 3309 2147 3379 μέσῳ
2178 3309 2244 3361 τὰ
2279 3303 2622 3376 προκείμενα
2652 3301 2748 3356 τοῦ

1995 3403 2140 3456 θείου
2180 3399 2441 3468 Ἱεζεκιὴ).
2475 3397 2604 3466 περὶ
2640 3413 2776 3469 πασ.

1997 3496 2244 3568 ραδείσου
2277 3492 2534 3563 οὐρανίου
2571 3489 2751 3560 ῥήμα-

1991 3606 2094 3651 τα,
2129 3591 2223 3642 καὶ
2263 3587 2463 3656 πολλὴν
2507 3583 2751 3647 ἐξέτασιν

1991 3679 2088 3732 καὶ
2144 3677 2378 3747 θεωρίαν
2433 3670 2637 3740 λεπτὴν
2691 3671 2750 3722 ὲν

1993 3769 2177 3832 αὐτοῖς
2201 3763 2588 3830 διεξελθόντες,
2613 3762 2748 3830 ἐπή-

1991 3876 2159 3930 γαγον
2197 3859 2469 3927 λέγοντες,
2512 3853 2588 3918 ὡς
2625 3853 2745 3906 αι’σ-

1990 3951 2175 4022 χιστόν
2214 3965 2275 4002 τε
2323 3947 2417 4001 καὶ
2453 3942 2743 4012 θεοστυγὲς

1987 4041 2050 4094 τὸ
2070 4040 2322 4109 φάσκειν,
2357 4037 2390 4107 ἢ
2414 4035 2475 4088 τὸ
2496 4035 2630 4096 ὅλως
2663 4035 2743 4096 είς

1989 4132 2200 4185 ἔννοιαν
2258 4128 2446 4182 λαϐεῖν
2489 4126 2588 4197 τὴν
2643 4141 2742 4194 μα-

1989 4226 2188 4297 καρίαν
2214 4243 2272 4278 τε
2309 4222 2404 4276 καὶ
2433 4235 2743 4294 προσκυνη-

1986 4321 2085 4390 τὴν
2116 4317 2210 4371 τοῦ
2241 4313 2378 4369 Θεοῦ
2406 4313 2580 4382 Λόγου
2623 4311 2740 4366 θεό-

1987 4425 2125 4480 τητα
2148 4409 2245 4462 σὺν
2261 4404 2338 4475 τῷ
2358 4403 2552 4472 δικαίῳ
2571 4401 2741 4475 λῃστῇ

292 4525 566 4584 tauquam
618 4513 816 4584 igneus
861 4521 919 4568 et
969 4511 1200 4577 lucifer,
1249 4509 1538 4564 fruebatur
1591 4508 1882 4576 diabolus,

1996 4503 2070 4562 είς
2104 4497 2331 4570 ῥευστόν
2357 4513 2412 4549 τε
2437 4495 2530 4548 καὶ
2561 4492 2744 4546 ὑλικὸν

286 4603 592 4660 scientiam
639 4613 823 4660 autem
864 4618 1140 4674 magnam,
1185 4601 1554 4672 cognitionem
1588 4599 1886 4672 mysterio-

289 4711 422 4752 rum
453 4705 510 4752 et
539 4695 844 4774 sapientiae.
874 4695 978 4750 llic
1019 4696 1205 4765 itaque
1251 4693 1519 4749 discimus
1579 4693 1726 4764 quod
1769 4693 1890 4748 ele--

288 4788 500 4862 gantiae
525 4797 582 4845 et
609 4788 828 4844 decoris
851 4787 1204 4858 splendorem
1227 4799 1392 4858 quem
1422 4786 1578 4856 prius
1609 4785 1888 4840 habebant

288 4881 580 4935 daemones
601 4886 658 4935 et
683 4893 876 4934 eorum
906 4877 1182 4947 princeps,
1210 4890 1556 4946 nequaquam
1591 4875 1757 4930 hodie
1788 4875 1888 4930 ha-

288 4976 453 5030 bent.
484 4973 556 5029 Et
595 4989 776 5044 neque
809 4973 1051 5042 priorem
1093 4972 1300 5028 habent
1341 4971 1666 5042 sapientiam
1700 4979 1757 5026 et
1785 4986 1883 5028 co-

287 5065 624 5138 gnitionem.
685 5065 830 5121 Audi
881 5066 991 5136 jam
1059 5066 1182 5135 ejus
1262 5065 1588 5134 praeclarum
1646 5065 1884 5134 desuper

289 5171 489 5214 casum
531 5175 600 5214 ex
639 5157 735 5214 illo
779 5157 876 5213 Dei
924 5157 1182 5228 paradiso
1219 5154 1566 5218 deliciarum.
1605 5165 1662 5214 et
1695 5167 1882 5212 monte

287 5250 546 5316 ctnlesti;
593 5251 676 5305 sic
705 5249 854 5304 enim
899 5249 1036 5305 dicit
1069 5250 1124 5304 in
1149 5250 1216 5305 iis
1251 5264 1374 5320 qua:
1415 5256 1837 5318 consequuntur
1867 5264 1881 5300 :

288 5341 522 5411 Propter
554 5341 949 5396 multitudinem
994 5351 1328 5414 peccatorum
1360 5347 1572 5393 tuorum
1601 5340 1800 5410 projeci
1837 5349 1888 5394 te

284 5437 348 5488 in
391 5443 595 5489 terram
625 5436 686 5488 ¹⁷.
725 5434 869 5490 Ecce
899 5443 1085 5504 aperte
1119 5433 1435 5489 audivimus
1460 5431 1608 5502 quod
1639 5447 1707 5487 ex
1751 5447 1890 5502 quo-

285 5526 422 5580 dam
463 5527 682 5582 excelso
712 5527 968 5597 paradiso
1000 5527 1325 5583 deliciarum
1358 5523 1732 5596 ekigneorum
1763 5538 1886 5578 car—

391 5662 414 5694 ²
444 5661 647 5716 Ezech.
676 5677 863 5724 xxvul,
894 5661 980 5726 1‘2,
1011 5661 1096 5714 15.
1202 5661 1226 5692 ⁸
1254 5659 1390 5715 ibid.
1425 5661 1510 5714 M.
1613 5661 1636 5691 θ
1667 5657 1804 5712 ibid.

288 5747 482 5788 xxvm.
524 5731 612 5785 16.
691 5732 736 5762 ιδ
777 5731 911 5786 ibid.
991 5732 1034 5762 ¹⁵
1067 5731 1200 5784 Luc.
1243 5747 1297 5793 κ,
1331 5730 1414 5784 18.

364 5826 440 5890 (ι)
469 5823 524 5880 S.
550 5823 746 5880 Joann.
779 5821 1030 5877 Damasc.
1061 5821 1172 5875 loco
1198 5822 1288 5874 cit.

1515 5731 1558 5762 ’°
1591 5727 1790 5785 Ezech.
1825 5742 2011 5791 xxvm,
2053 5725 2138 5778 l'i.

1986 4591 2310 4662 παράδεισον
2333 4586 2598 4642 εἰσελθεῖν
2626 4583 2740 4656 (1).

2055 4871 2170 4924 Καὶ
2213 4870 2300 4933 τίς
2351 4867 2501 4933 ἄξιος
2551 4866 2743 4938 μισθὸς

1987 4963 2087 5032 τῆς
2127 4943 2340 5028 demi}:
2382 4957 2600 5028 ἐκείνης
2649 4957 2744 5010 καὶ

1991 5053 2335 5126 θεοπρεποῦς
2408 5051 2703 5122 ὁμολογίας
2724 5091 2740 5116 ,

1993 5145 2193 5218 poturi»)
2215 5144 2315 5198 καὶ
2336 5143 2632 5214 ὁπωρικῶν
2653 5143 2746 5196 καὶ

1993 5237 2279 5309 σταφυλῶν
2305 5277 2322 5301 ,
2404 5239 2500 5291 καὶ
2580 5236 2744 5292 σύκον

1987 5334 2352 5406 ἐφθαρμένων
2418 5333 2622 5403 βρῶσιν
2669 5333 2746 5396 ὡς

1991 5427 2183 5497 μισθὸν
2207 5423 2630 5480 ἀνταποδοῦνται
2664 5423 2744 5494 τῷ

1987 5519 2201 5593 lpos-ﬁ;
2262 5515 2359 5579 Τίς
2415 5513 2473 5566 δὲ
2533 5513 2740 5581 πάλιν,

2900 1736 3038 1790 Vide
3091 1736 3238 1790 enim
3285 1735 3432 1806 quod
3473 1752 3584 1791 non

2829 1829 3080 1885 absolute
3113 1829 3319 1886 dicitur
3359 1829 3580 1899 paradi-

2829 1938 2944 1984 sus.
2981 1924 3028 1979 is
3047 1923 3141 1994 qui
3168 1933 3260 1978 est
3278 1921 3424 1992 apud
3453 1938 3582 1993 pro-

2829 2014 3050 2083 phetam
3071 2031 3085 2080 ;
3136 2013 3233 2069 sed
3289 2012 3584 2084 paradisus

2827 2106 2945 2160 Dei.
2973 2106 3248 2160 Mosaicus
3267 2114 3452 2160 autem
3479 2118 3580 2174 pa-

2827 2198 3042 2252 radisus
3077 2211 3190 2251 non
3225 2205 3310 2251 est
3340 2196 3582 2266 scriptus

2824 2307 2892 2346 ex
2935 2291 3031 2345 Dei
3068 2291 3314 2354 nomine,
3351 2289 3448 2352 sed
3477 2288 3579 2342 ah-

2825 2387 3006 2442 solute
3056 2385 3370 2455 paradisus.
3423 2383 3580 2440 Unde

2825 2478 2994 2532 etiam
3025 2477 3252 2530 divinus
3295 2476 3350 2529 in
3384 2475 3580 2529 omni-

2827 2567 2932 2622 bus
2959 2567 3304 2629 Ambrosius,
3328 2575 3384 2618 et
3403 2563 3580 2621 Justi-

2825 2678 2932 2716 nus
2954 2673 3161 2732 martyr
3195 2677 3223 2714 a
3257 2661 3369 2715 Deo
3402 2659 3579 2729 inspi-

2825 2760 3006 2814 ratus,
3037 2751 3092 2804 in
3121 2751 3240 2804 suis
3275 2751 3329 2803 in
3364 2747 3580 2804 Hexac-
3647 2763 3653 2769 '

2825 2859 3018 2898 meron
3047 2841 3482 2904 commentariis,
3515 2855 3580 2894 ea

2823 2946 3226 3009 persequentes
3271 2951 3394 3005 qua:
3429 2935 3576 2990 dicta

2825 3038 2955 3084 sunt
2990 3029 3059 3083 de
3097 3027 3388 3098 paradiso,
3424 3035 3580 3096 post-

2826 3139 2989 3192 quam
3019 3122 3281 3176 dixerunt
3310 3120 3376 3174 de
3403 3119 3582 3173 sensi-

2823 3217 2971 3270 libus
3003 3214 3300 3270 arboribus
3325 3221 3383 3267 ct
3417 3211 3576 3281 aquis

2822 3317 2878 3362 et
2904 3307 3208 3370 fructibus,
3240 3313 3296 3359 et
3320 3301 3598 3374 paradiso.

2822 3413 2855 3453 e
2895 3409 3042 3454 terra
3074 3395 3282 3468 genito,
3311 3395 3364 3448 in
3395 3392 3578 3447 medio

2824 3489 3180 3544 adduxerunt
3196 3484 3481 3557 proposita
3497 3483 3580 3537 di-

2825 3581 2937 3634 vini
2974 3578 3284 3634 Ezechielis
3314 3575 3483 3630 verba
3509 3574 3578 3628 de

2822 3667 3082 3738 paradiso
3117 3665 3330 3722 caelesti
3353 3681 3368 3729 ;
3399 3677 3578 3732 eaque

2821 3757 3101 3830 persecuti
3123 3799 3138 3824 ,
3197 3769 3452 3826 magnam
3519 3760 3578 3805 et

2820 3845 3080 3900 subtilem
3101 3843 3170 3899 de
3200 3843 3270 3897 iis
3295 3839 3579 3896 examina-

2823 3937 3029 3992 tionem
3055 3943 3114 3990 et
3150 3929 3575 4002 contemplatio-

2820 4043 2944 4084 nem
2989 4027 3400 4098 suhjunxerunt
3424 4063 3440 4088 ,
3487 4023 3542 4077 di
3560 4051 3576 4066 -

2817 4127 3008 4174 centes
3053 4117 3200 4188 quod
3243 4117 3317 4170 sit
3368 4113 3573 4184 turpis-

2816 4211 3017 4267 simum
3072 4217 3130 4265 et
3156 4209 3280 4262 Deo
3329 4206 3570 4260 invisum

2817 4301 3004 4357 dicere
3031 4308 3129 4355 aut
3165 4298 3394 4352 omnino
3421 4295 3574 4366 cogi-

2819 4409 2938 4452 tare
2987 4397 3206 4451 beatam
3244 4399 3300 4447 et
3333 4391 3573 4446 adoran-

2817 4492 2942 4547 dam
2973 4489 3070 4544 Dei
3107 4485 3274 4542 Verbi
3309 4483 3574 4539 divinita-

2813 4588 2927 4635 tem
2983 4593 3108 4632 eum
3154 4578 3308 4646 justo
3355 4573 3572 4628 latrone
3622 4595 3626 4598 ·

2815 4668 3029 4740 ingredi
3056 4669 3113 4722 in
3137 4665 3346 4720 ﬂuxum
3375 4673 3435 4720 'et
3456 4678 3573 4717 mae

2817 4759 3062 4815 terialem
3087 4755 3426 4828 paradisum.

2886 4855 2954 4910 Et
2987 4865 3238 4922 quamam
3278 4857 3365 4904 est
3403 4847 3568 4916 digna

2815 4961 3032 5002 merces
3063 4943 3213 4998 illius
3237 4939 3568 4994 venerande

2806 5033 2870 5098 et
2901 5058 3023 5112 qua:
3048 5041 3222 5095 Deum
3246 5037 3407 5091 decet
3431 5050 3569 5089 con-

2815 5131 3103 5195 fessionis,
3153 5127 3425 5181 malorum
3469 5140 3568 5193 pn-

2813 5231 3094 5290 nicornm,
3125 5212 3414 5295 pyr'orum,
3433 5235 3568 5274 uvn-

2815 5341 2936 5382 rum
2963 5331 3022 5380 et
3053 5321 3253 5376 licuum
3277 5323 3568 5384 corrupta-

2815 5435 2938 5474 rum
2997 5397 3230 5478 'esum,
3305 5419 3565 5478 tanquam

2815 5509 3128 5568 mercedem
3153 5547 3167 5570 ,
3209 5492 3443 5558 reddere
3488 5501 3564 5553 lu-

1915 5657 1958 5688 ¹⁰
1992 5654 2128 5710 ibid.
2179 5653 2266 5708 ‘15.
2343 5653 2383 5684 ¹¹
2421 5649 2558 5704 ibid.
2593 5649 2678 5702 16.
2761 5649 2804 5680 ¹¹
2836 5648 2940 5702 lsa.
2976 5661 3082 5708 xiv,
3121 5644 3205 5698 14.
3284 5639 3326 5672 ¹³
3359 5634 3563 5692 Ezech.

2217 5725 2259 5756 ”
2295 5721 2430 5776 ibid.
2468 5721 2556 5773 18.
2637 5718 2678 5749 ³⁸
2705 5717 2894 5773 Matth.
2925 5732 2978 5782 γ,
3011 5717 3063 5771 8.
