4098 6422
544 430 754 499 φασὶν,
807 429 934 483 νοίν
986 428 1126 500 ἔχων
1187 429 1300 482 Θεό-

545 541 740 596 φρονα,
760 523 925 590 λέξει,
950 526 1006 576 ὲν
1037 525 1302 578 αικυκὶάη

545 636 658 682 τοις
687 620 944 690 σκαπάνῃ
968 619 1062 672 καὶ
1083 619 1302 672 πελέκει

541 709 984 779 χειμαζομένοις.
1009 711 1088 769 εἰς
1107 712 1302 778 πτῆσιν

547 801 638 852 τὸν
662 801 1065 870 οὖρανοδράμον
1094 803 1301 855 Παῦλον

548 891 940 961 μετενεχθῆναι
972 909 986 922 ⁸
1039 894 1131 946 καὶ
1163 895 1304 963 ειπερ

540 983 668 1036 οὔτε
708 986 765 1036 ἐν
799 983 874 1053 τῷ
909 985 1146 1054 δευτέρῳ
1179 985 1303 1040 οὔτε

547 1075 716 1146 τρέτῳ
773 1076 1026 1146 οὐρανῷ,
1087 1079 1300 1148 ἇῤῥητα

547 1169 772 1240 ῥήματι
818 1161 980 1238 εὗρε,
1022 1168 1196 1222 ταῦτα
1243 1171 1301 1222 ὲν

551 1257 788 1327 ὑδροκόῳ
803 1255 1011 1328 ἀρούρῃ
1023 1275 1121 1326 γεη
1132 1261 1198 1329 ei
1215 1279 1303 1330 μυ·

552 1349 976 1418 σταγωγηοῆναι
1008 1351 1066 1416 ἐξ
1101 1353 1305 1422 ἀκράν-

547 1437 642 1491 τοῦ
690 1442 784 1492 καὶ
833 1441 979 1494 θείου
1033 1445 1304 1514 στόματος

1742 309 1804 371 s.
1851 300 2254 367 ANASTASII
2311 303 2637 364 smus;

3725 319 3832 389 968

1379 429 1568 484 troni?
1605 429 1740 495 Quis
1792 437 1975 483 autem
2012 441 2133 478 rur-
2163 425 2209 479 Δ
2237 428 2463 496 quidem
2495 438 2620 499 apte
2650 427 2951 486 admodum
2996 433 3260 488 convenit
3290 434 3344 488 in
3375 434 3586 492 Christi
3615 438 3674 492 in
3722 453 3833 495 cm—

1376 537 1472 576 sus
1496 565 1510 588 ,
1549 521 1848 592 inquiunt,
1887 531 2127 576 mentem

1378 613 1782 669 babensdivina
1799 616 2129 684 sapientem,

1377 707 1580 760 dixerit
1643 707 1698 761 in
1761 708 2130 762 cucurncrarii

1380 803 1604 871 regione
1643 818 1708 856 ac
1758 803 1941 857 securi
1976 803 2132 874 (quae

1378 899 1721 953 conveniunt
1739 899 2058 967 olitoribus)
2074 899 2131 952 in

1378 991 1549 1044 cmlos
1562 1006 1785 1046 cursum
1804 992 2134 1062 dirigentem

1375 1081 1444 1134 ad
1479 1083 1722 1136 volatum
1743 1123 1759 1147 ,
1813 1083 2128 1138 traducturus

1377 1187 1500 1228 esse
1518 1174 1772 1238 Paulum,
1801 1184 1859 1230 et
1891 1191 2014 1246 qua:
2033 1191 2135 1230 ne-

1378 1279 1485 1331 que
1504 1265 1558 1318 in
1579 1265 1846 1329 secundo,
1869 1281 2050 1336 neque
2070 1267 2130 1322 in

1374 1357 1543 1411 tertio
1573 1359 1712 1414 coelo
1729 1359 1898 1414 verba
1923 1360 2137 1418 invenit

1379 1450 1706 1518 ineﬂ‘abilia,
1733 1471 1796 1510 ea
1822 1456 1877 1509 in
1899 1466 2126 1511 terreno

545 1527 784 1600 Χριστοῦ
820 1532 880 1601 (1
906 1531 966 1601 );
1375 1559 1510 1614 agro
1537 1547 1697 1616 aquis
1722 1547 1946 1617 irrigato
1977 1565 2118 1631 11υέ-

1381 1637 1487 1692 ιὶ‹·ο
1554 1655 1676 1694 esse.
1751 1642 2041 1697 enuntiata
2101 1658 2132 1697 a

1377 1744 1516 1798 puro
1600 1739 1656 1784 et
1741 1731 1933 1786 divino
2027 1749 2124 1790 ore

1373 1817 1577 1875 Christi
1595 1865 1613 1888 ,

546 1930 605 1978 et
645 1939 796 1980 nunc
846 1941 1016 1992 super
1051 1935 1256 1983 terram
1287 1930 1344 1986 in
1375 1932 1554 1989 hortis
1601 1937 1882 1994 custodire
1907 1955 1972 1995 ea
2011 1957 2134 2011 quae

548 2021 681 2066 sunt
726 2015 1032 2070 excelsiora
1079 2019 1340 2076 omnibus
1386 2024 1648 2092 supernis
1695 2027 2020 2094 virtutibus,
2079 2039 2136 2086 ct

548 2103 662 2158 Deo
689 2107 1086 2176 propinquiora
1118 2125 1282 2180 quam
1309 2117 1769 2183 praestantissima
1789 2119 2136 2176 Clierubim?

549 2193 658 2248 Sed
690 2196 758 2250 de
792 2197 880 2252 his
907 2199 1133 2268 quidem
1160 2204 1316 2269 satis;
1347 2205 1697 2262 redeundum
1736 2221 1822 2266 est
1849 2224 2033 2268 autem
2067 2215 2136 2268 ad

547 2283 839 2341 Mosaicain
868 2289 1179 2356 historiam,
1206 2302 1261 2347 et
1293 2296 1761 2354 considerandum
1792 2311 1878 2357 est
1907 2303 1975 2357 de
2007 2319 2140 2374 pro-

548 2377 768 2445 positis.
812 2379 948 2434 Nam
978 2381 1093 2436 illic
1128 2399 1374 2454 quoque,
1404 2396 1466 2442 ut
1498 2390 1763 2451 arbitror.
1787 2393 1923 2449 licet
1949 2395 2139 2451 videre

548 2468 620 2524 iis
643 2469 736 2538 qui
768 2471 974 2527 habent
1003 2474 1182 2530 lucem
1205 2477 1408 2534 divina:
1431 2481 1792 2552 cognitionis,
1821 2499 1885 2540 ea
1919 2502 2040 2556 qua:
2057 2487 2140 2542 di-

547 2568 755 2614 cuntur
791 2561 862 2616 de
903 2563 1156 2634 utrisque
1189 2565 1278 2620 his
1319 2569 1590 2636 paradisis
1619 2588 1632 2624 :
1665 2589 1864 2643 nempe
1898 2591 2140 2644 quanam

552 2659 716 2707 utens
769 2657 1168 2723 consequentia
1224 2659 1464 2728 primum
1516 2663 1679 2718 nobis
1716 2673 1976 2736 tanquam
2024 2669 2142 2738 pri-

551 2757 702 2797 mum
736 2755 924 2801 narrat
950 2748 1319 2816 spiritualem,
1339 2752 1484 2807 sicut
1507 2755 1670 2809 etiam
1693 2757 1805 2826 jam
1835 2759 1988 2826 prius
2004 2759 2141 2825 dixi,

552 2840 616 2886 ut
643 2834 868 2902 quando
898 2836 1070 2893 dicit:
1113 2839 1179 2892 Et
1213 2839 1479 2910 plantavit
1523 2843 1782 2899 Dominus
1808 2846 1947 2900 Deus
1977 2867 2144 2919 para-

503 2926 508 2934 '
553 2923 726 2977 disum
756 2927 812 2978 in
847 2927 1016 2982 Edent
1041 2931 1111 2982 ad
1143 2929 1410 2986 Orientem
1437 2951 1456 2988 :
1482 2951 1594 2989 non
1619 2936 1937 2994 invenimus
1958 2949 2142 2996 autem

554 3015 608 3068 in
635 3023 783 3070 terra
815 3017 998 3072 locum
1027 3020 1120 3088 qui
1146 3021 1470 3078 nominatur
1499 3025 1692 3090 Edcm,
1725 3038 1781 3082 et
1801 3045 1909 3084 non
1933 3032 2144 3102 signiti-

553 3114 642 3161 cet
674 3106 744 3160 ad
773 3109 1044 3164 orientem
1079 3127 1176 3165 seu
1208 3120 1390 3180 terrae,
1425 3131 1520 3170 seu
1543 3120 1688 3184 cmli,
1719 3121 1816 3176 dat
1848 3123 2009 3178 nobis
2048 3127 2141 3180 ali-
2171 3139 2212 3191 ιζ

553 3213 719 3266 quam
769 3199 1229 3269 signiﬁcationem
1260 3204 1328 3259 de
1361 3222 1600 3276 superna
1649 3212 1886 3278 oriente,
1917 3215 2010 3268 ubi
2059 3227 2144 3271 est

555 3289 719 3344 Pater
745 3291 1016 3346 luminum
1057 3305 1112 3348 et
1145 3296 1236 3349 lux
1271 3297 1612 3365 viventium,
1646 3311 1701 3357 et
1739 3305 1888 3374 quod
1915 3307 1987 3361 sit
2027 3308 2146 3363 illic

553 3380 824 3450 ejusmodi
855 3384 1167 3451 paradisus.
1223 3387 1366 3443 adeo
1397 3403 1456 3444 ut
1487 3391 1558 3446 de
1584 3393 1861 3462 Spirituali
1906 3398 2142 3468 loquens

555 3469 836 3538 paradiso,
863 3487 1046 3542 neque
1087 3474 1154 3530 de
1187 3475 1386 3547 lignis,
1414 3495 1596 3550 neque
1633 3481 1701 3537 de
1729 3485 1912 3554 aquis.
1959 3504 2164 3564 neque‘

554 3559 624 3615 de
653 3561 955 3630 lapidibus,
986 3581 1167 3635 neque
1191 3568 1258 3623 de
1300 3578 1446 3624 terra
1479 3614 1494 3634 .
1537 3589 1718 3644 neque
1753 3576 1821 3632 de
1853 3593 2013 3642 auro,
2044 3597 2145 3635 ne-

553 3667 664 3722 que
687 3653 756 3708 de
781 3655 929 3719 cibo,
951 3672 1133 3728 neque
1157 3659 1225 3715 de
1248 3662 1594 3732 regionibus,
1617 3681 1799 3736 neque
1817 3667 1887 3722 de
1913 3669 2140 3734 ﬁnibus,

554 3759 736 3814 neque
769 3745 840 3801 de
871 3747 979 3802 ulla
1029 3765 1087 3804 re
1133 3750 1238 3806 alia
1267 3769 1391 3822 quae
1431 3756 1507 3809 sit
1563 3757 1618 3810 in
1655 3772 1744 3824 eo,
1801 3761 2140 3818 meminerit.

555 3835 696 3890 lllud
717 3847 934 3904 autem,
975 3840 1045 3895 Et
1103 3847 1278 3913 posuit
1307 3845 1422 3900 illic
1449 3849 1711 3904 hominem
1755 3868 1910 3916 quem
1961 3853 2140 3922 ﬁnxit,

555 3943 754 3999 nempe
790 3930 844 3984 in
900 3933 1164 4000 paradiso
1197 3938 1410 3993 cmlesti
1447 3939 1608 4007 dixit,
1674 3945 2021 4015 prophetiam
2075 3947 2143 4003 de

555 4017 696 4073 facta
719 4020 770 4073 in
792 4023 1058 4078 extremis
1075 4026 1418 4096 temporibus
1438 4031 1490 4084 in
1519 4030 1741 4089 Christo
1764 4038 2144 4108 assumptione

556 4107 613 4161 in
644 4112 816 4164 caelos
863 4111 1118 4172 humana:
1148 4128 1381 4173 naturae.
1422 4120 1576 4186 Quod
1633 4123 1678 4177 si
1729 4107 1991 4196 tanquam
2028 4129 2140 4200 jam

559 4203 926 4271 praeteritum,
960 4205 1014 4259 id
1046 4208 1195 4276 quod
1229 4209 1480 4266 futurum
1511 4222 1618 4280 est,
1668 4216 1805 4272 dicit
1831 4220 2139 4290 propheta;

559 4291 751 4360 habes,
780 4295 959 4366 inquit
991 4314 1220 4368 magnus
1271 4302 1618 4371 Ambrosius,
1659 4306 1728 4362 de
1757 4325 1823 4365 eo
1877 4311 2144 4380 plurimas

561 4382 617 4436 in
646 4385 928 4454 Scriptura
977 4392 1348 4459 probationes,
1392 4403 1453 4448 ut
1513 4399 1734 4467 quando
1769 4401 1906 4456 dicit
1947 4423 1960 4458 :
1999 4403 2144 4458 Puer

2237 517 2352 571 lum
2379 520 2837 590 assumptioncm.
2867 522 3000 577 Nam
3033 523 3088 576 in
3123 532 3394 579 terrenam
3419 544 3646 598 quoque
3671 531 3833 586 Jeru-

2237 607 2429 674 salem,
2455 620 2749 680 postquam
2781 621 2946 667 natns
2981 612 3084 666 fuit
3115 613 3168 667 in
3208 614 3515 683 Bethleem,
3548 618 3827 689 ingressus

2236 708 2322 753 est
2348 698 2438 753 dic
2460 701 2904 772 quadragesimo.

2307 791 2480 847 Nobis
2527 803 2710 848 autem
2762 795 2879 852 haec
2905 797 3221 854 dicentibus
3247 803 3315 855 de
3361 801 3620 870 paradiso
3665 803 3832 872 spirio

2239 886 2393 950 tuali,
2423 901 2490 940 ne
2522 887 2792 956 glorietur
2819 889 3084 946 incurvus
3117 892 3381 963 Origenes
3398 902 3659 963 tanquam
3679 907 3828 951 recte

2237 979 2502 1032 sentiens.
2545 979 2663 1048 Ipse
2693 981 2842 1036 enim
2873 984 3154 1052 anagogiis
3186 995 3241 1039 ct
3281 985 3663 1055 spiritualibus
3691 1001 3825 1042 eon-

2239 1065 2688 1135 templatiombus
2722 1085 2856 1125 usus
2893 1071 3332 1141 inexplebiliter,
3383 1089 3578 1130 omnes
3605 1091 3727 1145 qua:
3771 1077 3824 1130 in

2239 1173 2336 1210 sex
2365 1157 2564 1212 diebus
2595 1158 2752 1214 facta:
2781 1171 2930 1224 sunt,
2955 1172 3240 1218 creaturas
3257 1164 3484 1218 deduxit
3509 1182 3608 1234 per
3627 1165 3828 1236 allego-

2239 1245 2374 1300 riam
2413 1247 2482 1301 ad
2509 1247 2790 1304 l‘ahulosas
2819 1251 3134 1322 tragmdias,
3159 1269 3338 1324 neque
3363 1255 3566 1311 cmlum
3603 1257 3820 1322 sensile,
3862 1293 3871 1297 -

2237 1353 2416 1408 neque
2468 1349 2692 1408 terram,
2734 1357 2913 1412 neque
2963 1359 3156 1414 aquas,
3198 1361 3380 1416 neque
3436 1347 3654 1416 plantas
3696 1363 3824 1402 vere

2237 1429 2470 1498 plantas.
2532 1447 2711 1503 neque
2745 1435 2952 1498 stellas,
2995 1452 3122 1491 vere
3147 1437 3336 1493 stellas
3387 1455 3571 1510 neque
3619 1439 3823 1511 aliquid

2236 1521 2386 1576 aliud
2417 1525 2814 1580 convenienter
2836 1526 3033 1582 litterae
3055 1529 3388 1600 intelligens,
3407 1529 3517 1586 non
3549 1534 3820 1601 tenebras,

2237 1629 2346 1667 non
2376 1613 2577 1681 lucem,
2609 1632 2720 1671 non
2743 1617 3022 1690 abyssum,
3058 1635 3168 1675 non
3193 1622 3474 1692 spiritum,
3496 1639 3610 1679 non
3641 1625 3822 1681 limia-

2239 1713 2505 1760 mentum.
2534 1705 2656 1774 Quo
2692 1707 2754 1762 lit
2795 1717 2855 1762 ut
2888 1710 2958 1766 de
2987 1721 3190 1768 cmtero
3229 1727 3455 1769 necesse
3487 1715 3688 1772 habeat
3719 1717 3821 1772 Ec-

2167 1793 2207 1848 B
2238 1797 2428 1862 elesia,
2452 1797 2601 1867 quod
2630 1799 2829 1854 attinet
2853 1800 2921 1856 ad
2947 1817 3118 1873 nugas
3145 1811 3202 1858 et
3225 1803 3536 1858 doctrinam
3553 1805 3820 1878 Origenis,

2233 1887 2464 1943 credere
2496 1889 2593 1943 Dei
2633 1905 2756 1944 esse
2782 1901 3068 1947 creaturas
3115 1893 3384 1948 mundum
3427 1897 3524 1966 qui
3554 1898 3818 1953 cernitur.

2231 1974 2602 2042 Quamobrem
2631 1977 2756 2046 jure
2787 1995 3008 2049 quoque
3041 1979 3334 2051 Origenem
3363 1983 3626 2054 synodica
3657 1986 3821 2057 depo-

2234 2082 2374 2121 nens
2401 2069 2679 2124 scntentia
2709 2070 2922 2140 rejecit.
2953 2069 3254 2141 Oportebat
3277 2073 3425 2128 enim
3451 2076 3688 2146 primum
3724 2077 3821 2133 ad-

2235 2159 2458 2215 mittere
2491 2159 2784 2216 historiam
2817 2179 2940 2233 qua:
2961 2165 3222 2220 convenit
3245 2166 3444 2222 litterae
3473 2168 3708 2226 :deinde
3734 2171 3823 2229 ubi

2236 2261 2456 2322 oportet
2483 2253 2786 2324 procedere
2819 2257 2885 2310 ad
2937 2272 3227 2328 anagogas.
3260 2259 3494 2331 Propter
3527 2261 3670 2318 hanc
3699 2280 3823 2319 eau-

2238 2363 2356 2401 sam
2393 2347 2542 2420 (dico
2574 2357 2758 2404 autem
2781 2359 3007 2420 propter
3037 2351 3260 2407 inanem
3301 2353 3547 2410 laborem
3577 2355 3824 2428 Origenis

2237 2439 2332 2508 qui
2358 2439 2675 2495 universam
2717 2457 2813 2496 sex
2845 2441 3059 2498 dierum
3095 2455 3402 2500 creaturam
3429 2447 3498 2502 ad
3522 2447 3822 2506 fabulosam

2239 2529 2468 2584 deduxit
2504 2530 2842 2602 allegoriam,
2878 2540 2935 2587 et
2971 2548 3173 2604 corpus
3205 2549 3375 2590 sacrae
3399 2534 3704 2608 Scriptura:
3729 2539 3826 2594 im-

2240 2619 2474 2676 mutavit
2498 2629 2554 2674 et
2579 2621 2875 2694 alteravit.)

2313 2735 2376 2788 Οἱ
2411 2733 2668 2806 νεώτεροι
2690 2735 2798 2788 τῶν
2820 2736 3000 2789 Πατέ-

2245 2847 2374 2900 ρων·
2399 2831 2544 2896 λέγω
2567 2831 2655 2900 δὴ,
2682 2831 2730 2883 οἱ
2755 2831 2883 2902 περὶ
2905 2831 2995 2884 τὸν

2245 2924 2386 2978 θεῖον
2422 2924 2736 2988 Βασίλειον,
2783 2925 2998 2978 καὶτὸν

2247 3017 2485 3088 Χριστοῦ
2529 3018 2774 3088 ποταμὸν
2813 3017 3000 3072 Ἰωάν-

2247 3127 2343 3180 νην
2409 3111 2502 3162 τὸν
2571 3109 2995 3180 Χρυσόστομον,

2246 3205 2520 3274 Θεόδωρόν
2549 3222 2609 3258 τε
2637 3205 2729 3258 τὸν
2767 3205 3000 3260 ἐλεεινὸν

2244 3298 2411 3361 ὅντως
2445 3296 2744 3366 Ἀντιοχέα,
2779 3298 2876 3351 καὶ
2907 3298 2997 3350 Σε-

2245 3391 2415 3464 ϐἧρον
2459 3392 2550 3446 τὸν
2593 3391 2954 3462 Γαϐαλεωτὴν
2981 3432 2996 3456 ,

2246 3484 2506 3538 essent»
2539 3495 2600 3536 τε
2633 3485 2724 3537 τὸν
2765 3485 3000 3553 Ἐμεση-

2245 3576 2374 3637 νῶν,
2417 3577 2514 3628 καὶ
2551 3575 2644 3628 τὸν
2683 3576 2863 3645 λόγοις
2907 3577 3001 3630 καὶ

2246 3667 2430 3737 ἔργοις
2531 3671 3000 3744 τρισμακάριστον

2257 3763 2596 3831 Ἐπιφάνιον,
2637 3763 2908 3835 Κύριλλόν
2941 3779 3002 3814 τε

2244 3859 2336 3913 τὸν
2357 3858 2728 3932 Θεοφάντορα,
2755 3860 2850 3912 καὶ
2871 3859 2999 3912 Θεό-

2247 3955 2400 4022 φιλον
2415 3971 2429 3984 ·
2468 3955 2668 4026 μᾶλλον
2695 3949 2842 4009 οὗτοι
2866 3955 3002 4008 πάν-

2245 4059 2336 4112 τες
2379 4049 2522 4103 κατὰ
2561 4049 2622 4103 τὸ
2655 4049 2891 4120 γράμμα
2931 4049 3000 4102 τὰ

2247 4143 2652 4214 συγγράμματα
2793 4141 3002 4194 ἑαυτῶν

3155 2739 3513 2798 Recentiores
3596 2744 3785 2801 Patres
3805 2788 3820 2811 ,

3071 2832 3316 2898 divinus,
3370 2835 3598 2906 inquam
3616 2877 3630 2901 ,
3674 2837 3814 2893 Basi-

3072 2925 3214 2989 lius,
3263 2935 3322 2981 et
3368 2927 3577 2985 Christi
3627 2925 3827 2989 ﬂuvius

3071 3019 3314 3077 Joannes
3363 3023 3791 3096 Chrysostomus
3808 3067 3823 3093 ,

3073 3123 3130 3169 et
3159 3115 3484 3177 Theodorus
3505 3133 3640 3174 vere
3665 3120 3826 3174 mira-

3074 3206 3204 3262 bilis
3232 3208 3633 3277 Antiochenus,
3662 3222 3721 3269 et
3739 3214 3827 3269 Se-

3073 3318 3240 3358 verus
3262 3304 3611 3371 Gabaleotes,
3643 3316 3702 3362 et
3722 3309 3824 3364 Eu-

3073 3395 3259 3450 sebius
3278 3397 3596 3465 Emisenus,
3625 3408 3684 3455 et
3702 3415 3822 3454 ver-

3075 3485 3160 3541 bis
3188 3498 3244 3542 et
3265 3487 3430 3545 factis
3475 3491 3823 3548 beatissimus

3073 3576 3456 3646 Epiphanius.
3495 3591 3554 3637 et
3601 3581 3698 3637 Dei
3739 3583 3820 3637 in-

3077 3680 3288 3742 terpres
3307 3672 3550 3744 Cyrillus
3569 3685 3627 3730 et
3645 3675 3819 3730 Theo-

3075 3767 3301 3836 philus,
3363 3770 3401 3823 ii
3472 3785 3669 3825 omnes
3725 3786 3818 3825 sua

3071 3861 3276 3930 scripta
3344 3860 3414 3917 de
3473 3877 3570 3917 sex
3628 3863 3818 3942 diebus

3072 3965 3450 4026 exposuerunt
3511 3973 3816 4029 congruen-

3075 4058 3160 4104 ter
3185 4049 3386 4104 litteraa
3407 4090 3423 4112 ,
3471 4050 3659 4105 missis
3687 4049 3815 4104 alle-

3075 4140 3246 4212 goriis
3277 4141 3646 4221 et_anagogis.

2247 4232 2375 4302 περὶ
2410 4235 2508 4302 τῆς
2544 4231 2894 4300 ’Ἐξαημέρου
2939 4230 3216 4297 ἐξέθεντο,
3247 4230 3345 4294 τὰς
3374 4230 3705 4304 ἀλληγορίας
3733 4233 3818 4286 καὶ

2243 4323 2532 4392 ἀναγωγὰς
2563 4323 2832 4394 ἀφέμευσι
2855 4322 2922 4392 (2
2939 4321 2978 4382 ).

2315 4413 2548 4481 Propter
2577 4411 2895 4476 inanem,ut
2918 4411 3070 4481 prius
3093 4409 3204 4465 dixi
3229 4451 3245 4476 ,
3284 4409 3819 4484 Origenislaborem,

563 4484 722 4530 natus
747 4488 821 4531 est
854 4481 1000 4534 nobis
1020 4483 1084 4536 ‘9.
1110 4485 1212 4539 Et:
1248 4486 1512 4542 Foderunt
1563 4509 1754 4548 manus
1803 4511 1947 4550 meas
1975 4506 2024 4550 et
2053 4515 2143 4569 pe-
2174 4481 2219 4537 ι)
2247 4502 2351 4572 ipsi
2382 4519 2603 4573 quoque
2629 4503 2928 4558 atterentes
2957 4501 3064 4558 ﬁde
3101 4481 3452 4573 dignissimas
3473 4506 3823 4576 probationes

562 4569 652 4622 des
682 4573 900 4624 meos".
922 4575 986 4628 Et
1013 4593 1024 4628 :
1057 4575 1200 4631 Dixit
1225 4579 1479 4637 Dominus
1507 4583 1733 4640 Domino
1759 4605 1875 4642 meo
1896 4605 1915 4644 :
1939 4588 2076 4644 Sede
2108 4609 2142 4646 α
2239 4569 2297 4650 et
2326 4569 2826 4650 demonstrationes
2875 4594 2944 4649 de
2993 4569 3186 4649 sensili
3224 4594 3482 4665 paradiso
3521 4597 3618 4667 qui
3647 4598 3822 4653 statim

562 4659 760 4716 dextris
779 4665 1049 4723 meis".Et
1069 4686 1082 4722 :
1106 4669 1366 4726 Dederunt
1384 4677 1438 4728 in
1455 4693 1630 4732 escam
1648 4696 1823 4734 meum
1836 4682 1909 4752 [et
1921 4685 1988 4744 ”,
2006 4693 2141 4751 ete.,

562 4759 622 4806 et
648 4767 770 4822 qua:
799 4765 933 4810 sunt
957 4758 1296 4828 bujusmodi.
1333 4765 1506 4822 Recte
1539 4779 1724 4824 autem
1756 4771 1967 4830 dictum
2014 4785 2099 4832 est
2127 4794 2141 4831 :

565 4841 826 4914 Exposuit
865 4848 976 4902 illis
1007 4851 1272 4908 hominem
1320 4871 1475 4926 quem
1521 4859 1678 4928 ﬁnxit
1712 4879 1730 4916 :
1756 4880 1922 4934 quem
1957 4869 2144 4936 posuit

562 4933 822 4990 heredem
845 4942 1294 5009 universorum",
1328 4947 1632 5006 Christum.
1652 4933 1810 5010 Unde
1841 4933 2056 5013 Hebraei
2077 4975 2146 5014 ex

563 5022 710 5079 libro
737 5025 830 5096 qui
867 5043 978 5084 non
1006 5040 1093 5086 est
1114 5033 1374 5092 redactus
1397 5037 1454 5094 in
1477 5037 1779 5106 Canonem,
1803 5045 1897 5114 qui
1923 5045 2148 5116 quidem

566 5112 774 5170 dicitur
805 5117 1216 5179 Testamentum
1251 5129 1740 5199 protoplastorum,
1771 5112 1968 5191 dicunt
2011 5153 2148 5209 qua-

471 5259 478 5264 _
567 5205 877 5296 dragesima
900 5210 991 5267 die
1023 5213 1334 5286 ingressum
1351 5234 1472 5276 esse
1491 5221 1664 5280 Adam
1699 5225 1755 5280 in
1785 5205 2143 5296 paradisum;

569 5295 714 5351 sicut
744 5299 910 5354 etiam
946 5303 1166 5360 videtur
1213 5307 1435 5364 cuidam
1470 5311 1740 5370 historico
1801 5318 2142 5391 chronogra-

569 5387 681 5456 pbo
718 5389 1012 5460 Pyrrhoni,
1061 5405 1118 5450 et
1155 5397 1486 5466 quibusdam
1524 5406 1956 5474 expositoribus.
1987 5387 2144 5478 Quod

2242 4687 2498 4755 sequitur
2529 4693 2654 4756 post
2687 4701 2815 4740 eum
2849 4700 3013 4756 quem
3031 4685 3272 4742 diximus
3290 4688 3659 4758 spiritualem.
3693 4689 3821 4744 Nam

2243 4774 2522 4845 legislator
2553 4775 2965 4830 Moses.statim
3011 4775 3290 4846 subjecit,
3320 4777 3554 4834 dicens:
3590 4780 3665 4836 Et
3702 4781 3827 4835 oriri

2246 4865 2367 4938 fecit
2402 4865 2662 4921 Dominus
2689 4865 2829 4924 Deus
2855 4867 3028 4922 adhuc
3060 4877 3255 4923 eterra
3289 4885 3445 4926 omne
3483 4871 3692 4943 lignum
3713 4873 3828 4944 pul-

2245 4955 2430 5010 chrum
2460 4955 2530 5009 ad
2572 4955 2858 5010 uidendum
2905 4966 2954 5010 et
2979 4957 3175 5012 bonum
3207 4959 3278 5012 ad
3325 4959 3737 5026 comedendum,
3777 4968 3826 5016 et

2247 5046 2452 5118 lignum
2507 5049 2630 5104 vitae
2682 5051 2740 5104 in
2773 5049 2946 5105 medio
2978 5051 3220 5122 paradisi
3255 5068 3272 5106 :
3301 5061 3351 5106 et
3401 5053 3603 5124 lignum
3635 5053 3825 5110 sciendi

2244 5140 2300 5194 id
2330 5138 2470 5211 quod
2483 5143 2734 5212 cognosci
2765 5151 2932 5213 potest
2970 5145 3092 5198 boui
3131 5151 3182 5197 et
3213 5145 3364 5200 mali.
3397 5144 3616 5201 Fluvius
3654 5154 3824 5202 autem

2247 5231 2515 5302 egreditur
2558 5249 2622 5287 ea:
2648 5233 2814 5288 Edem
2840 5233 2912 5288 ad
2936 5235 3272 5306 irrigandum
3315 5239 3648 5306 paradisum.
3673 5239 3828 5294 Illinc

2253 5325 2547 5378 secernitur
2583 5326 2641 5378 in
2679 5335 2909 5396 quatuor
2949 5327 3123 5381 initia.
3173 5327 3378 5384 Nomen
3425 5333 3552 5398 uni,
3591 5331 3824 5388 Phison:

2252 5417 2352 5469 iste
2389 5424 2462 5469 est
2485 5417 2574 5486 qui
2603 5417 2788 5471 circuit
2819 5434 3027 5472 omnem
3057 5427 3255 5473 terram
3291 5421 3501 5479 Evilth
3531 5440 3550 5478 :
3570 5423 3676 5478 illis
3705 5434 3821 5491 ergo

557 5527 562 5533 '
649 5526 692 5557 '9
721 5525 823 5580 lsa.
859 5542 933 5592 Ix,
969 5529 1022 5584 6.
1099 5533 1144 5603 ’τ’
1175 5534 1318 5590 Psal.
1351 5555 1460 5603 xm,
1497 5541 1582 5608 l7,
1662 5543 1702 5574 “
1744 5543 1889 5600 Psal.
1918 5562 2024 5614 cxx,
2066 5551 2110 5607 l.
2191 5554 2236 5585 η
2273 5553 2418 5608 Psal.
2447 5569 2636 5618 exvm,
2667 5553 2757 5608 2‘2.
2835 5555 2880 5588 "
2905 5554 3074 5612 llebr.
3100 5575 3136 5621 ι,
3163 5559 3219 5612 2.

647 5638 722 5711 (1)
750 5638 927 5697 Crabe
952 5642 1196 5717 Spicileg.
1223 5657 1260 5704 ι.
1287 5651 1351 5716 ll,
1377 5653 1500 5710 245.

2328 5667 2402 5738 ('2)
2437 5667 2492 5721 S.
2527 5669 2721 5724 Joann.
2759 5671 3142 5737 Damasc.,'oco
3173 5673 3265 5728 cit.
