4098 6428
350 387 460 456 ﬁli-3

1424 385 1500 447 ΙΝ
1549 381 2104 446 ΙῘΕΧΛΕΜΕΒΟΝ.
2132 411 2198 420 -
2230 387 2378 448 LIB.
2421 386 2554 448 VII.

3522 387 3629 450 970

345 517 426 563 cst
453 522 648 560 aurum
684 520 919 558 :aurum
961 511 1139 557 autem
1175 500 1317 555 iliius
1362 511 1520 555 terra:
1561 501 1755 553 bonum
1791 496 1944 551 :illic
1972 502 2018 558 Α
2051 496 2331 568 pulchrum
2361 502 2430 554 ad
2467 499 2634 572 896
2668 499 2943 554 uidendum
2969 510 3014 553 et
3044 500 3232 554 bonum
3267 517 3332 555 aa
3362 506 3634 558 comeden-

346 609 430 656 est
470 597 820 653 carbunculus
847 605 894 649 et
924 596 1060 666 lapis
1085 595 1351 666 prasinus.
1380 593 1448 647 Et
1482 607 1671 645 nomen
1718 589 1945 644 secundo

346 693 497 748 Ceon
524 692 663 746 :iste
697 697 772 743 est
820 691 909 759 qui
937 689 1121 741 circuit
1154 690 1457 740 universam
1499 683 1849 754 zEthiopiam.
1878 681 1945 734 Et

349 787 545 845 ﬂuvius
591 783 802 844 tertius,
826 781 1009 851 Tygris
1042 797 1060 834 :
1096 782 1194 833 iste
1237 787 1312 832 est
1339 779 1428 848 qui
1463 778 1580 848 fluit
1622 791 1685 828 ea:
1728 775 1947 828 adverso

344 877 718 946 Assyriorum.
740 871 956 925 Flavius
975 880 1152 924 autem
1167 879 1410 940 quartus,
1430 869 1748 936 Euphrates.
1763 865 1842 919 Ex
1859 863 1949 918 his

347 985 385 1024 ε
416 976 563 1023 terra
595 965 797 1036 genitis
832 965 972 1018 locis
1000 972 1056 1017 et
1089 963 1349 1034 gentibus
1376 957 1948 1031 appellationibusque

343 1069 410 1117 et
444 1058 718 1122 terminis,
754 1066 810 1112 et
840 1065 1106 1125 praeterea
1141 1071 1207 1110 ex
1239 1070 1376 1108 auro
1413 1063 1467 1108 et
1499 1051 1684 1122 lapide
1722 1049 1949 1120 prasino

345 1152 712 1221 ct-Ethiopia
742 1160 798 1204 et
819 1149 1057 1219 Assyriis
1085 1158 1139 1204 et
1160 1149 1444 1218 Euphrate
1477 1147 1663 1218 plures
1682 1160 1750 1199 ex
1775 1141 1951 1197 Patri-

346 1246 461 1300 bus
496 1244 840 1299 aﬂlrmarunt
875 1242 991 1295 haec
1021 1242 1257 1295 maxime
1291 1240 1524 1310 intelligi
1570 1238 1639 1292 de
1689 1234 1950 1306 paradiso

348 1352 384 1392 e
417 1346 566 1390 terra
612 1334 818 1406 genito,
851 1342 909 1388 et
958 1333 1193 1387 maxime
1227 1347 1293 1386 ex
1329 1331 1478 1386 loliis
1521 1331 1660 1384 licus
1689 1342 1814 1398 quae
1841 1326 1950 1380 sibi

348 1436 699 1484 consuerunt
749 1427 913 1496 primi
969 1433 1227 1494 parentes
1273 1423 1339 1477 ad
1388 1423 1754 1494 perizomata.
1793 1417 1952 1474 Unde

350 1521 525 1574 etiam
567 1519 964 1572 convenienter
1003 1515 1203 1570 litterae
1237 1515 1634 1584 intelligentes,
1674 1525 1846 1581 aquas
1868 1508 1952 1563 di-

348 1621 559 1668 xerunt
594 1611 848 1674 sensiles,
895 1621 952 1665 et
990 1610 1138 1680 ligna
1161 1649 1175 1676 ,
1208 1609 1356 1680 ligna
1391 1624 1522 1662 vere
1557 1607 1866 1668 esculenta,
1895 1611 1952 1658 et

349 1706 591 1767 fruetus,
629 1703 845 1757 fructus
879 1702 1175 1756 hortenses
1205 1710 1262 1756 et
1305 1701 1359 1754 in
1390 1715 1531 1770 quos
1561 1697 1709 1752 cadit
1759 1693 1951 1750 interi-

351 1809 465 1860 tus,
497 1807 554 1852 et
575 1812 775 1851 aurum
798 1811 921 1850 esse
973 1794 1281 1849 materiale.
1336 1791 1605 1848 Similiter
1642 1788 1952 1844 carbuncu-

352 1891 496 1955 lum,
529 1898 586 1944 et
610 1888 897 1958 prasinum
924 1886 1346 1957 smaragdinum
1371 1883 1642 1954 lapidem;
1676 1888 1731 1935 et
1763 1879 1948 1944 licam,

353 1998 547 2036 veram
607 1981 770 2037 ﬁcum
803 1995 925 2035 esse
973 1979 1237 2034 dixerunt
1279 1997 1291 2033 :
1327 1986 1385 2032 et
1434 1976 1671 2046 maxime
1721 1972 1948 2027 divinus

357 2075 722 2144 Epiphanius,
739 2089 890 2129 exeo
918 2071 1065 2143 quod
1101 2071 1341 2126 audierit
1377 2069 1720 2138 Seripturam
1757 2066 1948 2120 dicen-

358 2174 478 2221 tem
532 2182 651 2222 esse
704 2174 906 2221 terram
954 2164 1215 2221 Iordanis
1249 2179 1373 2233 quae
1407 2161 1561 2232 prius
1611 2158 1947 2229 irrigabatur

353 2263 507 2316 sicut
538 2261 847 2332 paradisus,
888 2269 944 2314 et
970 2259 1115 2314 sicut
1148 2267 1295 2312 terra
1317 2255 1556 2326 Egypti.

426 2352 605 2419 Quam
634 2352 859 2422 quidem
906 2351 1200 2406 Paternam
1233 2348 1564 2403 sententiam
1593 2356 1650 2402 et
1676 2345 1746 2401 de
1779 2359 1942 2416 para-

349 2447 480 2500 diso
525 2446 718 2500 sensili
749 2444 1105 2499 traditionem
1153 2441 1473 2510 recipimus,
1507 2438 1863 2509 suscipimus,
1893 2443 1950 2490 et

356 2539 769 2607 amplectimur.
798 2537 858 2591 lu
889 2537 997 2590 hoc
1027 2535 1176 2590 enim
1197 2549 1365 2604 opere
1388 2546 1490 2586 nos
1515 2532 1948 2600 praemunientes

363 2645 510 2700 srepe
529 2630 767 2684 diximus
790 2629 939 2700 quod
958 2628 1161 2683 divinae
1183 2626 1484 2695 Scripturre
1507 2623 1797 2678 historiam
1826 2637 1951 2691 quae

357 2721 559 2777 litterae
587 2723 848 2776 convenit
877 2736 989 2775 non
1022 2719 1396 2782 dissolvimus,
1421 2731 1602 2784 neque
1633 2722 1948 2768 sanctorum

362 2813 584 2868 Patrum
615 2822 936 2868 nostrorum
976 2811 1285 2866 sententias
1307 2807 1631 2863 evertimus.
1673 2805 1742 2861 Et
1767 2815 1952 2860 tamen

357 2907 624 2975 quoniam
658 2905 917 2960 audimus
961 2904 1148 2959 divum
1190 2900 1425 2958 Paulum
1449 2899 1634 2953 omnia
1665 2913 1787 2968 qua:
1824 2907 1955 2953 sunt

356 2999 414 3053 in
451 2999 570 3067 lege
601 2997 835 3067 mystice
882 2995 952 3051 ad
1001 2994 1286 3051 Christum
1331 2990 1666 3046 referentem
1705 3005 1717 3040 :
1753 3002 1954 3056 nempe

353 3089 804 3150 tabernaculum,
864 3102 1074 3152 arcam,
1123 3099 1340 3147 urnam,
1370 3081 1675 3152 templum,
1726 3096 1951 3151 agnum,

2053 592 2198 646 dum.
2232 594 2366 648 Nam
2398 603 2518 648 orta
2543 594 2765 664 quidem
2783 605 2867 649 est
2891 593 2944 648 in
2969 594 3126 648 initio
3147 594 3388 649 Ecclesia
3411 597 3634 665 quando

2054 683 2196 738 facta
2221 684 2325 740 fuit
2353 685 2552 742 viridis
2577 698 2633 741 et
2663 685 2803 741 bene
2837 687 3170 756 germinans,
3209 687 3520 758 densasque
3538 689 3637 743 ha-

2055 775 2191 830 bens
2232 792 2361 832 suas
2407 779 2657 845 arbores,
2693 779 2964 835 exsiccata
3014 788 3198 835 autem
3239 780 3344 834 fuit
3387 782 3456 835 ab
3500 789 3636 836 aestu

2056 866 2281 936 maligni
2318 867 2454 923 solis
2479 869 2575 939 qui
2611 869 3036 941 transﬁguratur
3075 872 3129 925 in
3175 871 3431 941 angelum
3459 871 3636 934 lucis,

2056 972 2182 1011 cum
2215 959 2269 1012 in
2296 975 2416 1014 eam
2452 977 2552 1030 per
2579 977 2642 1017 os
2665 962 2945 1017 sibilasset
2981 979 3208 1032 serpens
3233 975 3288 1019 et
3310 979 3433 1019 eam
3457 965 3638 1020 exsic-

2057 1057 2235 1104 casset
2269 1065 2368 1120 per
2389 1050 2778 1106 idololatriam.
2797 1051 2934 1108 Cum
2955 1067 3095 1122 ergo
3127 1054 3370 1108 venisset
3399 1053 3644 1108 etelestis

2055 1139 2260 1196 ﬂuvius
2287 1143 2433 1198 Deus
2457 1144 2718 1211 Verbum,
2745 1153 2800 1199 et
2832 1160 2952 1199 eam
2982 1144 3264 1215 irrigasset
3311 1160 3412 1215 per
3442 1160 3640 1214 aquam

2055 1239 2113 1284 et
2159 1232 2389 1287 ﬂuvium
2415 1276 2430 1302 ,
2473 1245 2662 1290 exorta
2695 1244 2780 1290 est
2824 1245 2883 1291 et
2930 1252 3152 1290 rursum
3197 1236 3552 1306 germinavit,
3585 1243 3644 1292 et

2058 1324 2260 1380 iterum
2315 1325 2610 1381 viviﬁcavit
2666 1327 2878 1382 ratione
2916 1328 3147 1398 praedita
3185 1329 3307 1398 ejus
3352 1328 3522 1399 ligna,
3572 1329 3643 1383 de

2057 1416 2262 1486 quibus
2283 1417 2493 1472 dictum
2519 1429 2604 1474 est
2642 1439 2652 1472 :
2692 1419 2761 1474 Et
2790 1422 2988 1475 exoriri
3025 1421 3143 1491 fecit
3172 1421 3342 1475 adhuc
3387 1420 3643 1476 Dominus

2057 1506 2199 1560 Deus
2229 1523 2256 1561 e
2285 1518 2471 1574 terra;
2520 1510 2626 1566 hoc
2655 1521 2760 1576 est,
2786 1521 3075 1582 postquam
3111 1523 3329 1567 mortua
3363 1521 3419 1567 et
3461 1513 3644 1568 exsic-

2058 1608 2180 1654 cata
2196 1611 2366 1668 esset,
2389 1603 2570 1658 adhuc
2600 1605 2844 1659 secundo
2874 1606 3070 1661 ordine
3098 1623 3294 1661 rursus
3314 1607 3648 1678 germinavit

2059 1692 2274 1748 ratione
2304 1693 2534 1763 praedita
2548 1695 2754 1752 Christi
2782 1705 2926 1752 terra
2947 1714 3101 1752 omne
3133 1698 3335 1768 lignum
3365 1698 3645 1768 pulchrum

2061 1785 2130 1839 ad
2157 1787 2441 1842 uidendum
2479 1799 2527 1842 et
2554 1789 2748 1843 bonum
2789 1789 2858 1843 ad
2902 1791 3297 1844 comedendum.
3339 1791 3407 1844 -ln
3438 1790 3646 1861 quibus

1985 1857 2032 1918 Β
2058 1879 2225 1950 lign-is
2254 1896 2364 1935 non
2388 1881 2524 1935 dicit
2561 1881 2848 1952 Scriptura
2883 1883 3094 1948 fenum,
3123 1899 3233 1938 non
3272 1857 3507 1954 paleam,
3531 1900 3643 1940 non

2049 1971 2328 2042 virgulta,
2375 1988 2485 2027 non
2529 1973 2760 2028 herbam
2789 2015 2803 2040 ,
2840 1991 2948 2029 non
2993 1975 3202 2044 lignum
3247 1960 3544 2046 pulchrum
3575 1975 3646 2032 ad

2047 2063 2352 2118 videndum
2377 2073 2434 2121 et
2461 2065 2668 2119 bonum
2691 2065 2756 2120 ad
2784 2067 3210 2122 comedendum.
3231 2069 3298 2123 Et
3327 2069 3535 2140 lignum
3567 2069 3650 2124 in-

2047 2154 2253 2219 fertile,
2292 2166 2348 2210 et
2395 2156 2608 2220 fenum,
2653 2167 2709 2213 ct
2739 2159 2944 2229 stipula
2972 2200 2986 2222 ,
3015 2168 3066 2214 el
3106 2161 3262 2229 palea
3300 2161 3647 2217 exscinditur

2047 2256 2106 2301 et
2140 2246 2196 2301 iu
2230 2246 2414 2317 ignem
2442 2248 2708 2304 mittitur.
2753 2249 2858 2304 Sed
2893 2251 3031 2305 nihil
3057 2259 3141 2306 est
3171 2252 3442 2322 ejusmodi
3469 2254 3522 2308 in
3558 2255 3647 2309 his

2045 2339 2233 2410 lignis,
2265 2343 2362 2398 sed
2386 2341 2524 2398 dicit
2551 2344 2606 2396 in
2636 2344 2703 2398 iis
2733 2344 2918 2398 omnia
2948 2345 3178 2415 pulchra
3204 2345 3272 2400 ad
3303 2345 3601 2401 videndum
3627 2387 3642 2412 ,

2047 2434 2233 2487 omnia
2256 2434 2400 2489 bona
2423 2434 2491 2489 ad
2519 2436 2943 2499 comedendum.
2968 2437 3152 2491 omnia
3172 2437 3314 2492 bene
3334 2440 3646 2508 germinan-

2051 2526 2149 2590 tia,
2176 2527 2365 2581 omnia
2393 2543 2424 2581 a
2457 2528 2571 2582 Deo
2606 2529 2958 2598 pullulantia.
2981 2529 3102 2584 Non
3133 2531 3283 2584 enim
3332 2532 3489 2602 jussu
3525 2534 3648 2602 ejus

2047 2626 2243 2673 exorta
2272 2629 2404 2674 sunt
2437 2631 2468 2673 θ
2495 2627 2662 2685 terra,
2711 2619 2807 2675 sed
2845 2620 2963 2690 ipse
2994 2622 3140 2676 Deus
3174 2622 3406 2692 ipsemet
3437 2623 3644 2693 opifex,

2047 2710 2459 2780 complantatus
2489 2718 2547 2765 et
2583 2712 3021 2780 concorporalis,
3051 2721 3106 2767 et
3149 2728 3346 2767 eorum
3378 2724 3648 2786 cognatus

2048 2802 2251 2867 factus,
2279 2817 2311 2856 e
2346 2810 2494 2856 terra
2529 2802 2784 2873 genitus,
2822 2813 3084 2873 tanquam
3139 2805 3364 2876 propria
3398 2807 3649 2862 membra

2048 2907 2114 2946 ea
2175 2892 2308 2948 fecit
2355 2893 2668 2965 germinare
2713 2902 2941 2960 eterra,
2995 2904 3056 2949 ut
3101 2911 3224 2965 qua:
3279 2897 3391 2952 sint
3446 2913 3648 2968 corpus

2049 2985 2283 3052 Christi,
2305 2997 2364 3042 et
2389 2989 2638 3042 membra
2663 3004 2730 3042 ex
2755 2988 3045 3055 membro;
3077 2996 3193 3043 tota
3215 2989 3482 3056 formosa,
3512 3008 3650 3062 quo-

2049 3079 2200 3133 niam
2235 3079 2352 3149 ipse
2387 3079 2596 3135 dicitur
2619 3081 2882 3152 speciosus
2900 3090 3096 3151 praeter
3121 3080 3260 3150 ﬁlios
3291 3083 3562 3139 hominum
3579 3086 3647 3140 “.

356 3181 536 3243 cibos,
567 3181 847 3250 potiones,
889 3178 1059 3249 ligna,
1088 3176 1370 3239 animalia,
1404 3173 1683 3237 volucres,
1707 3243 1710 3246 _
1731 3188 1950 3236 aurum,
1979 3196 2024 3257 ρ
2054 3170 2212 3227 Unde
2237 3171 2406 3227 etiam
2437 3180 2562 3242 post
2596 3173 2891 3228 transitum
2926 3173 3036 3228 diei
3065 3175 3203 3229 sexti
3231 3184 3423 3229 narrat
3461 3177 3648 3232 divina

355 3271 703 3340 smaragdos,
741 3267 1135 3331 carbunculus,
1191 3280 1383 3335 aquas,
1414 3270 1472 3318 et
1505 3262 1720 3330 reliqua
1767 3261 1955 3315 omnia

354 3381 483 3434 qua:
525 3373 658 3418 tunc
683 3362 906 3432 quidem
935 3361 1078 3416 facta
1112 3365 1242 3413 sunt
1273 3355 1526 3427 myStice,
1557 3352 1957 3409 convenienter

353 3457 592 3521 littera,
648 3471 797 3510 nunc
837 3461 1023 3510 autem
1055 3454 1114 3508 in
1157 3450 1410 3506 Ecclesia
1464 3463 1598 3512 vere
1646 3455 1956 3501 cernuntur

354 3551 730 3621 spiritualiter
762 3548 1231 3604 considerandum
1269 3552 1355 3600 est
1404 3558 1539 3597 num
1582 3541 1701 3596 huic
1733 3553 1956 3610 quoque

355 3659 488 3712 quze
515 3657 666 3696 nunc
695 3641 764 3696 de
795 3640 986 3695 sensili
1037 3636 1292 3708 paradiso
1331 3651 1362 3689 a
1397 3633 1546 3688 Mose
1587 3631 1957 3703 corporaliter

354 3735 567 3804 scripta
615 3741 765 3799 sunt,
802 3733 872 3787 ad
917 3731 1207 3787 Christum
1239 3739 1296 3786 et
1328 3729 1638 3784 Ecclesiam
1669 3727 1842 3782 relata
1874 3733 1958 3795 ty-

354 3827 488 3896 pice
539 3825 696 3895 prius
746 3822 1028 3892 descripta
1075 3821 1209 3882 sint,
1255 3818 1534 3889 siquidem
1597 3815 1824 3871 omnino
1857 3829 1958 3884 per

353 3917 643 3972 Christum
699 3916 842 3970 facta
873 3925 1003 3970 sunt
1028 3954 1043 3979 ,
1079 3911 1567 3984 praesignificantia
1605 3910 1727 3980 ejus
1771 3906 1956 3963 carnis

355 4008 797 4077 susceptionem.
830 4007 1140 4075 Sequeules
1189 4019 1322 4074 ergo
1355 4001 1642 4072 tbeologiae
1677 4009 1953 4055 oratorem

355 4099 695 4168 Gregorium
737 4098 832 4167 qui
875 4097 1018 4152 dixit
1051 4095 1224 4150 Adam
1260 4110 1383 4150 esse
1413 4093 1708 4163 agricolam
1735 4093 1955 4162 planta-

355 4205 491 4244 rum
523 4188 923 4243 immortalium
954 4195 1011 4243 et
1036 4186 1352 4241 divinarum
1376 4185 1670 4238 notionum
1703 4183 1757 4238 in
1790 4198 1957 4254 para-

357 4283 487 4338 diso
517 4302 528 4335 :
555 4282 919 4336 ascendamus
939 4297 969 4336 a
993 4281 1178 4336 littera
1206 4294 1328 4349 qua:
1357 4277 1582 4343 occidit,
1609 4277 1677 4332 ad
1699 4275 1954 4347 spiritum

356 4375 458 4444 qui
519 4373 765 4427 viviﬁcat
800 4390 812 4425 :
847 4387 1066 4441 semper
1125 4369 1276 4426 enim
1333 4385 1490 4424 sacra
1551 4368 1738 4423 littera
1793 4362 1955 4423 simul

357 4465 613 4520 ascendit
642 4478 768 4520 cum
792 4463 1224 4518 ascendentibus
1251 4479 1263 4516 :
1291 4464 1360 4515 Et
1392 4462 1589 4515 exoriri
1624 4461 1745 4531 fecit
1774 4459 1955 4516 Domi-

2058 3261 2349 3332 Scriptura
2370 3263 2571 3318 horum
2598 3263 2872 3334 lignorum
2897 3265 3356 3334 germinatiouem
3378 3306 3393 3332 ,
3411 3267 3518 3322 hoc
3539 3279 3644 3334 est,

2055 3361 2180 3420 post
2207 3350 2352 3406 diem
2375 3351 2602 3407 Sabbati
2627 3355 2811 3409 cultus
2836 3354 3068 3424 legitimi
3091 3355 3335 3421 ;dictum
3369 3367 3453 3412 est
3471 3359 3538 3414 de
3559 3359 3650 3414 his

2053 3444 2452 3500 ecclesiasticis
2506 3447 2758 3516 pulchris
2805 3449 3015 3519 lignis:
3057 3449 3302 3522 Laudate
3336 3451 3646 3522 Dominum,

2056 3533 2202 3604 ligna
2237 3537 2512 3608 fructifera
2544 3547 2594 3592 et
2641 3556 2822 3594 omnes
2857 3541 3082 3596 cedri“.
3111 3543 3180 3598 Et
3233 3561 3428 3602 rursus
3455 3547 3593 3604 dicit
3629 3567 3643 3601 :

2054 3624 2459 3682 Saturabuntnr
2483 3627 2630 3700 ligna
2654 3632 2908 3701 campi",
2932 3633 3029 3702 qui
3066 3633 3205 3688 dicit
3234 3653 3246 3687 :
3281 3635 3397 3706 Ego
3429 3655 3546 3692 sum
3571 3642 3650 3694 vi-

2056 3720 2146 3783 tis,
2200 3736 2288 3773 vos
2325 3719 2594 3791 palmites,
2643 3733 2691 3776 et
2722 3722 2887 3777 Pater
2928 3741 3074 3780 meus
3106 3736 3182 3780 est
3227 3730 3544 3798 agricola".
3585 3732 3645 3786 In

2054 3809 2163 3864 hoc
2193 3811 2343 3866 enim
2399 3812 2742 3883 gloriﬁcatus
2775 3822 2860 3870 est
2901 3815 3066 3871 Pater
3111 3833 3268 3874 meus
3297 3830 3356 3875 ut
3402 3820 3646 3878 fructum

2055 3899 2270 3968 feratis,
2307 3911 2364 3958 et
2411 3903 2568 3959 eritis
2608 3905 2747 3960 mihi
2778 3905 3064 3976 discipuli.
3103 3910 3182 3966 De
3227 3911 3316 3966 his
3344 3893 3645 3978 iigniscia;

2055 3993 2462 4052 mabatJudieis
2491 3996 2755 4054 Servator
2779 3999 3000 4055 dicens:
3024 4001 3259 4057 Tolletur
3276 4023 3308 4059 a
3329 4007 3470 4061 vobis
3491 4009 3645 4066 vinea

2057 4099 2106 4144 et
2139 4090 2354 4145 dabitur
2383 4092 2480 4148 alii
2505 4094 2724 4164 facienti
2747 4095 2978 4166 fructum
3006 4098 3120 4168 ejus
3145 4101 3212 4154 ’⁸.

2130 4180 2212 4234 Ex
2245 4181 2334 4238 his
2365 4183 2617 4253 pulchris
2661 4184 2830 4256 lignis
2867 4186 2952 4257 (ut
2980 4202 3105 4256 qua:
3143 4197 3332 4242 essent
3380 4189 3535 4244 utilia
3575 4192 3646 4246 ad

2058 4274 2485 4331 aediﬁcationem
2518 4276 2741 4347 scapha:
2763 4277 3046 4348 Ecclesiie)
3072 4295 3198 4334 cum
3228 4280 3452 4349 quidam
3483 4299 3644 4339 acce-

2055 4366 2230 4436 pisset
2275 4367 2497 4424 dicebat
2535 4367 2879 4424 :Secundum
2926 4372 3160 4442 gratiam
3205 4371 3303 4426 Dei
3353 4391 3471 4444 qua:
3512 4384 3643 4430 data

2059 4467 2134 4512 est
2181 4460 2332 4526 mihi,
2388 4469 2656 4532 tanquam
2699 4464 2915 4534 sapiens
2967 4466 3287 4520 architectus
3322 4466 3646 4536 fundamen-

358 4573 464 4610 nus
496 4555 635 4609 Deus
667 4555 838 4610 adhuc
868 4571 932 4609 ea:
964 4564 1115 4608 terra
1147 4570 1301 4608 omne
1333 4553 1536 4624 lignum
1572 4553 1849 4624 pulchrum
1889 4553 1958 4607 ad
1986 4541 2035 4602 D
2061 4560 2174 4606 tum
2201 4554 2438 4623 posui”.
2468 4552 2549 4609 Ex
2581 4554 2668 4608 his
2699 4554 2952 4624 pulchris
2979 4555 3144 4627 lignis
3192 4557 3272 4612 illi
3324 4569 3453 4613 sunt
3487 4560 3646 4630 prius
3684 4612 3688 4616 .

357 4650 673 4714 uidendum,
718 4658 766 4703 et
793 4648 987 4702 bonum
1022 4647 1092 4700 ad
1129 4647 1526 4700 comedendum.
1562 4645 1664 4701 Hic
1697 4645 1957 4701 convenit

357 4742 662 4812 diligenter
706 4755 961 4812 quaerere
994 4739 1128 4808 quid
1160 4737 1234 4793 sit
1263 4747 1444 4805 ortus,
1493 4737 1589 4809 qui
1628 4737 1820 4794 Graece
1871 4746 1958 4793 est

353 4833 620 4902 ἀνατολὴ,
653 4842 708 4888 et
758 4832 892 4903 quid
937 4840 1096 4886 ortus
1122 4832 1219 4901 qui
1254 4839 1341 4885 est
1383 4830 1705 4902 ὲξανατολή.
1756 4831 1817 4885 In
1885 4830 1954 4886 iis

354 4941 486 4995 qua:
515 4934 728 4980 eterra
785 4924 926 4978 ﬁunt
975 4933 1031 4978 et
1083 4932 1422 4988 nascuntur,
1475 4923 1680 4977 dicitur
1726 4923 1952 4994 quidem

354 5016 788 5085 orienstnempe
817 5015 1135 5082 ἀνατέλλον)
1173 5014 1323 5084 quod
1351 5014 1537 5069 statim
1572 5015 1754 5085 primo
1785 5031 1952 5086 appa-

355 5117 483 5171 ret;
510 5117 766 5161 exortum
798 5116 984 5162 autem
1009 5107 1228 5177 (nempe
1255 5104 1626 5175 ὲξανατέλλον)
1649 5106 1798 5176 quod
1822 5122 1949 5162 cum

353 5201 699 5256 emarcuerit
751 5209 810 5255 et
867 5200 1204 5256 exsiccatum
1238 5199 1426 5264 fuerit,
1463 5215 1656 5254 rursus
1701 5201 1950 5255 exoritur

355 5293 607 5348 secundo
640 5293 835 5348 ordine
873 5309 974 5363 per
1013 5307 1215 5362 aquam
1251 5300 1308 5347 et
1333 5293 1686 5363 agriculturae
1717 5294 1954 5366 diligen-

355 5386 494 5440 tiam
515 5397 573 5442 et
603 5387 957 5442 industriam.
985 5385 1356 5453 Quamobrem
1376 5385 1618 5441 dilucide
1647 5386 1945 5442 admodum

352 5483 418 5532 et
441 5477 692 5546 apposite
712 5477 921 5532 dictum
933 5485 1019 5531 est
1045 5476 1365 5548 prophetice
1386 5477 1455 5530 de
1487 5477 1733 5532 Ecclesia
1764 5496 1777 5531 :
1802 5478 1947 5532 Exo-

353 5568 459 5620 riri
482 5568 600 5637 fecit
632 5549 805 5622 adhuc
836 5567 1092 5622 Dominus
1130 5566 1271 5620 Deus
1305 5583 1332 5620 e
1366 5575 1510 5620 terra
1557 5584 1712 5622 omne
1743 5569 1945 5640 lignum

2056 4645 2289 4701 radicati
2323 4655 2379 4701 et
2411 4647 2570 4718 prius
2603 4647 2836 4721 plantati
2859 4689 2875 4712 ,
2918 4651 3147 4719 speciosi
3187 4651 3344 4721 pedes
3377 4654 3620 4723 evangeli

2052 4737 2293 4792 zantium
2325 4755 2508 4808 pacem
2527 4738 2593 4791 ³ο.
2630 4738 2690 4792 lu
2721 4738 2809 4793 his
2843 4739 3098 4809 pulchris
3133 4739 3297 4811 lignis
3327 4753 3458 4798 sunt
3496 4744 3646 4814 ligna

2055 4833 2339 4903 justorum
2368 4832 2746 4902 plantatorum
2774 4832 2940 4902 juxta
2965 4832 3212 4887 decursus
3238 4851 3523 4904 agnorunt,
3547 4838 3643 4906 qui

2057 4926 2292 4994 fructum
2340 4941 2499 4979 suum
2552 4924 2683 4978 dant
2717 4926 2771 4978 in
2806 4933 3040 4996 tempore
3061 4943 3156 4979 suo
3173 4926 3250 4993 ³¹;
3289 4927 3379 4982 ille
3415 4928 3643 4998 quidem

2059 5016 2284 5071 dicens:
2310 5015 2424 5086 Ego
2452 5025 2632 5071 autem
2658 5026 2918 5088 tanquam
2949 5016 3088 5071 oliva
3109 5018 3385 5088 fructifera
3407 5021 3463 5073 in
3487 5019 3642 5075 domo

2057 5105 2158 5160 Dei
2174 5106 2255 5172 ³³;
2289 5115 2346 5160 et
2375 5106 2520 5160 alius
2544 5106 2790 5176 psallens
2815 5124 2828 5160 :
2851 5106 3107 5162 Dominus
3137 5109 3302 5178 pascit
3329 5126 3410 5162 me
3433 5119 3480 5162 et
3511 5111 3644 5166 nihil

2059 5201 2190 5254 mihi
2223 5199 2389 5254 deerit
2411 5215 2428 5252 .'
2449 5201 2505 5252 in
2551 5198 2661 5253 loco
2688 5217 2899 5270 pascua:
2943 5200 3012 5254 ibi
3046 5218 3127 5254 me
3150 5200 3444 5267 collocat-vit,
3482 5221 3641 5275 super

2055 5308 2254 5362 aquam
2278 5291 2575 5362 refectionis
2607 5293 2850 5346 educavit
2883 5309 2964 5345 me
2980 5293 3041 5346 ⁸³.
3069 5293 3225 5348 Alius
3253 5312 3266 5347 :
3294 5294 3330 5348 J
3335 5304 3478 5351 ustus
3505 5299 3640 5352 sicut

2051 5383 2238 5455 palma
2271 5384 2559 5455 ﬂorebit“.
2589 5385 2653 5438 Et
2685 5385 2827 5440 alius
2864 5404 2876 5438 :
2909 5383 3058 5440 Sicut
3079 5387 3361 5460 juniperus
3386 5389 3551 5444 densa
3570 5390 3636 5444 ³⁸.

2049 5477 2120 5533 Et
2166 5477 2308 5532 alius
2345 5493 2357 5529 :
2389 5473 2536 5531 Sicut
2568 5476 2709 5531 salix
2746 5478 2818 5531 ad
2841 5495 3040 5550 aquam
3101 5484 3549 5552 praeterfluentem
3570 5484 3636 5540 ³⁸.

2051 5570 2120 5625 Ει
2149 5588 2160 5623 :
2184 5568 2330 5624 Sicut
2358 5586 2546 5640 pomus
2569 5571 2624 5623 in
2651 5569 2806 5641 lignis
2823 5569 2972 5626 silva:
2991 5612 3007 5635 ,
3044 5580 3094 5625 et
3113 5574 3246 5626 sicut
3269 5591 3565 5645 cypressus,
3589 5585 3644 5628 et

428 5709 480 5744 ”
497 5709 642 5781 Psal.
669 5724 813 5773 xciv,
839 5711 895 5764 5.
955 5709 1014 5781 _”
1043 5708 1184 5764 Psal.
1217 5708 1513 5781 cstvui,_9.
1588 5709 1634 5781 ’_°
1666 5709 1810 5781 Psal.
1835 5724 1946 5770 cui,
1976 5708 2067 5781 i6.
2087 5778 2100 5781 _
2141 5709 2186 5740 "
2218 5709 2379 5781 Joan.
2411 5707 2576 5781 χείρ-5)
2654 5707 2700 5781 f'
2722 5703 2913 5762 Matth.
2948 5727 3060 5774 xxi,
3089 5709 3178 5781 45.
3256 5711 3302 5743 ’³
3329 5711 3348 5765 l
3377 5710 3507 5767 Cor.
3553 5727 3638 5781 tu,

357 5777 450 5839 10.
525 5780 570 5812 ⁸⁹
593 5780 704 5836 lsa.
737 5795 827 5844 LII,
859 5781 924 5844 7;
953 5779 1110 5834 Rom.
1145 5794 1197 5841 χ.
1227 5778 1314 5832 15.

374 5851 420 5884 ³³
438 5848 578 5910 ibid.
653 5849 698 5881 “
730 5849 834 5905 lea.
857 5851 1065 5914 xuv,4.

602 5945 878 6008 ΡΑτιιοι..
911 5946 1027 6007 Ge.
1065 5945 1392 6007 LXXXIX.

1427 5779 1468 5810 ³¹
1497 5779 1637 5835 Psal.
1665 5795 1704 5842 t,
1735 5779 1788 5831 5.

1898 5781 1942 5811 ³³
1981 5778 2126 5834 Psal.
2164 5794 2245 5842 ιι,
2282 5779 2366 5832 10.

2473 5779 2516 5810 ³³
2547 5778 2689 5833 Psal.
2728 5796 2857 5844 xxu,
2895 5785 2945 5845 t,
2971 5787 3026 5840 2.
3134 5779 3179 5812 ³⁵
3209 5781 3352 5836 Psal.
3383 5799 3488 5845 xei,
3545 5778 3637 5838 13L

3239 5945 3312 6008 31
