4098 6442
454 368 609 435 1

1807 364 2206 427 ANASTASII
2247 365 2572 431 SINAIM

3689 380 3785 447 972

506 485 654 553 picea
686 490 735 534 et
785 481 972 536 cedrus
992 481 1059 548 “,
1108 482 1279 538 odore
1312 483 1706 554 perlundentia
1745 496 1801 541 et
1841 488 2098 542 ornantia
2128 496 2174 553 Α
2201 498 2391 545 autem
2428 490 2637 561 lignum
2673 490 2740 546 ad
2772 489 3182 547 comedendum
3218 490 3275 547 in
3306 494 3567 563 paradiso
3597 495 3784 556 Eccle-

424 567 432 579 ‘
507 572 726 640 pratum
760 573 1110 638 Ecclesimjn
1138 590 1250 645 quo
1274 577 1483 631 exoriri
1512 577 1642 632 fecit
1664 578 1937 634 Dominus
1952 578 2099 634 Deus
2202 582 2300 638 sia:
2321 591 2407 638 est
2427 584 2611 638 omnis
2641 581 2841 638 doctor
2866 583 3239 650 orthodoxus,
3262 587 3419 642 alens
3441 587 3788 660 dogmatibus

504 665 693 721 adhuc
719 674 775 720 et
802 666 988 721 adhuc
1012 674 1068 721 et
1095 666 1152 721 in
1187 669 1451 723 saeculum
1478 669 1666 725 saeculi
1704 686 1857 724 omne
1895 670 2096 742 lignum

504 761 785 832 pulchrum
840 760 912 814 ad
934 760 1239 826 videndum,
1270 770 1320 815 et
1359 762 1553 816 bonum
1587 763 1657 815 ad
1688 761 2093 816 comedendum.

503 851 745 907 Pulcbra
776 850 927 923 ligna
950 862 1082 907 sunt
1109 852 1204 907 illa
1228 852 1296 908 de
1323 854 1531 918 quibus
1559 853 1701 909 dixit
1723 855 1873 909 Deus
1901 873 1913 907 :
1937 853 2096 909 Juve-

502 960 596 997 nes
618 944 783 998 venri
806 943 1030 1001 uisiones
1053 943 1325 1008 uidebunt,
1351 953 1405 998 et
1419 946 1650 1000 seniores
1676 947 1857 1000 divina
1886 948 2096 1002 somnia

500 1036 930 1091 somniabunt“.
958 1037 1260 1093 Pulchrum
1295 1037 1508 1109 lignum
1538 1038 1608 1095 ad
1635 1039 1939 1095 videndum
1972 1048 2096 1096 erat

502 1126 642 1182 illud
668 1126 817 1197 quod
837 1126 977 1182 dicit
1009 1145 1022 1180 :
1056 1126 1207 1183 Oculi
1242 1129 1344 1181 mei
1371 1144 1578 1199 semper
1610 1129 1689 1183 ad
1718 1129 2007 1184 Dominum
2024 1130 2092 1185 ⁸⁸.

502 1222 742 1278 Pulchra
768 1221 919 1292 ligna
948 1221 1019 1277 ad
1056 1220 1361 1276 videndum
1396 1236 1528 1277 sunt
1558 1223 1654 1293 qui
1672 1222 1891 1279 habent
1919 1223 2093 1280 visio-

502 1330 628 1370 nem
657 1313 878 1383 qualem
914 1312 1326 1368 habuitvidens
1349 1313 1446 1368 Dei
1469 1314 1743 1370 visionem
1774 1315 1968 1372 Daniel
1994 1316 2093 1387 qui

498 1404 725 1461 dicebat
755 1422 770 1459 :
805 1402 1221 1475 Contemplab’ar
1243 1405 1302 1459 in
1319 1406 1519 1459 visione
1542 1407 1708 1461 noctis
1736 1406 1900 1461 donec
1919 1408 2095 1463 throni

497 1496 655 1565 positi
670 1496 889 1565 [uerunt
901 1494 948 1526 ἰο
958 1540 971 1552 .
986 1494 1176 1550 Talem
1191 1495 1387 1552 habuit
1401 1495 1672 1552 visionem
1686 1495 1853 1553 Isaias
1870 1512 2093 1569 quoque

494 1587 592 1659 qui
622 1586 845 1643 dicebat
868 1586 1024 1642 :.Vidi
1051 1586 1339 1644 Dominum
1374 1588 1640 1644 sedentem
1660 1605 1819 1661 super
1842 1592 2092 1644 thronum

495 1680 831 1736 excelsum’et
856 1678 1060 1735 elatum
1079 1680 1148 1735 “.
1179 1681 1467 1752 Ejusmodi
1493 1682 1788 1753 pulchram
1816 1682 2113 1751 visionem.

493 1774 775 1846 signiﬁcat
813 1789 1039 1844 quoque
1078 1773 1126 1828 is
1156 1775 1253 1845 qui
1285 1775 1424 1831 dicit
1457 1794 1471 1831 :
1504 1775 1623 1848 Ego
1648 1777 1875 1841 dormio,
1926 1786 1975 1831 et
2001 1793 2093 1830 cor

2202 691 2337 732 oves
2367 677 2553 748 gregis
2578 677 2812 745 Christi,
2843 688 2901 733 et
2938 678 3150 733 nullam
3183 679 3531 736 mortiferam
3563 694 3661 739 aut
3689 701 3783 741 no-

2201 769 2348 824 xiam
2380 769 2464 825 eis
2496 770 2785 841 apponens
2819 769 3213 842 disciplinam;
3257 772 3355 828 sed
3401 773 3458 829 in
3491 790 3552 831 se
3580 776 3785 835 habens

2198 860 2415 917 fructus
2452 861 2632 916 sancti
2655 860 2920 937 Spiritus,
2938 879 3081 933 quos
3106 870 3162 918 et
3188 864 3525 935 germinavit
3551 868 3785 939 Aposto-

2198 953 2287 1009 lus
2316 961 2375 1009 et
2399 954 2804 1010 enumeravit“
2823 994 2839 1019 ,
2875 956 3234 1022 charitatem,
3263 957 3785 1030 gaudium,pacem,

2195 1045 2620 1116 benignitatem,
2656 1047 3162 1119 longanimitatem,
3216 1049 3554 1119 bonitatem,
3602 1053 3785 1121 ﬁdem,

2196 1139 2712 1208 mansuetudinem,
2739 1140 3167 1207 continentiam,
3190 1149 3249 1198 et
3280 1158 3403 1213 quae
3433 1153 3567 1199 sunt
3592 1145 3680 1202 his
3710 1147 3784 1203 si-
3838 1152 3847 1158 “

2195 1232 2374 1287 milia.
2410 1232 2504 1288 Sic
2545 1232 2681 1300 mihi
2712 1234 2961 1300 videtur,
2999 1234 3059 1289 in
3090 1233 3365 1299 Ecclesia,
3412 1251 3537 1293 esse
3588 1237 3788 1294 intelli-

2194 1324 2374 1396 genda
2412 1324 2564 1396 ligna
2592 1326 2827 1397 pulchra
2857 1325 2928 1382 ad
2960 1327 3163 1392 visum,
3193 1335 3253 1383 et
3302 1327 3450 1384 bona
3483 1328 3555 1384 ad
3608 1345 3789 1387 come-

2194 1416 2464 1485 dendum,
2496 1426 2555 1474 et
2578 1419 2829 1491 apposite
2853 1420 3117 1477 facientia
3165 1421 3434 1489 fructum,
3461 1425 3626 1495 quale
3654 1425 3790 1482 dixit

2193 1509 2410 1580 lignum
2439 1511 2591 1578 vitae,
2633 1511 2834 1568 dicens
2865 1531 2879 1568 :
2908 1512 3055 1569 Heus
3088 1523 3165 1569 est
3200 1515 3345 1571 cibus
3377 1524 3437 1570 ut
3471 1518 3671 1588 faciam
3701 1535 3787 1574 ro-

2195 1602 2458 1658 luntatem
2488 1603 2671 1660 Patris
2702 1607 2808 1661 mei
2828 1606 2895 1662 “.
2930 1606 2997 1663 Ei
3021 1606 3195 1679 gloria
3224 1616 3284 1665 et
3309 1611 3564 1680 potentia
3593 1611 3649 1667 in
3690 1627 3787 1668 saa-

2194 1694 2319 1749 cula
2349 1695 2703 1751 saaculorum.
2741 1698 2942 1755 Amen.

494 1823 680 1927 ira;
691 1823 1976 1940 iss;sissis;iiii.;:;.;;.;;;i1..i
2003 1823 2086 1923 Ii;
2125 1846 2168 1906 ιι
2196 1823 2349 1940 πετίεί
2382 1826 2735 1940 9973:9733:-
2765 1836 2824 1940 ff
2857 1828 3159 1940 «32:39:45
3194 1830 3525 1940 mm
3565 1832 3782 1940 ξξὲαξες·

493 1963 651 2017 sione
687 1960 994 2032 aSpiciebat
1045 1960 1366 2017 Dominum.
1410 1961 1501 2028 Et,
1539 1970 1603 2017 ut
1651 1961 1824 2017 semel
1877 1960 2087 2027 dicam,

490 2066 654 2109 mens
676 2051 860 2109 omnis
884 2052 1178 2123 perspicax
1201 2054 1257 2108 ct
1285 2061 1413 2124 apta
1432 2052 1501 2108 ad
1527 2052 1775 2108 divinam
1792 2052 2088 2115 visionem,

491 2142 704 2201 dicitur
735 2158 859 2201 esse
891 2144 1063 2200 arbor
1100 2144 1335 2215 pulchra
1382 2144 1450 2200 ad
1484 2144 1788 2200 videndum
1833 2162 1847 2199 :
1877 2143 2089 2200 bonum

521 2341 557 2359 η

1230 2348 1611 2358 —————————-

2268 1919 2350 1971 nis
2383 1927 2709 1990 :postquam
2758 1918 2823 1973 de
2854 1928 3044 1975 cwtero
3079 1928 3159 1975 est
3197 1920 3525 1992 principium
3560 1936 3707 1978 nam
3728 1921 3781 1977 in

2264 2007 2477 2065 Christo
2513 2022 2774 2068 creatura:
2801 2014 3229 2084 priestantiorem
3259 2013 3324 2067 iis
3355 2029 3477 2083 qua:
3503 2014 3646 2070 dicta
3667 2024 3781 2070 sunt

2264 2101 2466 2155 habens
2487 2100 2917 2174 intelligentiam.

1644 2480 2004 2595 LIBER
2078 2503 2660 2607 OCTAVUS.

1180 2715 1267 2757 uti
1310 2715 1565 2761 nuonus
1608 2715 1816 2762 LIGNIS
1862 2704 1945 2761 Er
1987 2717 2091 2771 oui

2191 2718 2291 2763 ῖοιι
2355 2719 2749 2766 ινιυιιιιηιιιυε
2789 2724 3108 2769 ΡΑιιΑιιιει.
3638 2709 3780 2760 μέ-ῒζι-

2116 2879 2185 2898 ..υ

554 3005 636 3061 'Et
657 3007 856 3061 exoriri
872 3005 994 3077 fecit
1025 3005 1199 3061 adhuc
1222 3003 1479 3060 Dominus
1506 3004 1646 3061 Deus
1672 3022 1735 3061 ea:
1755 3013 1901 3061 terra
1929 3023 2084 3061 omne
2112 3010 2157 3075 ο
2191 3009 2297 3064 ctis
2321 3022 2548 3080 quoque
2576 3007 2842 3065 Patribus
2863 3007 3091 3064 minime
3108 3007 3214 3065 fuit
3236 3011 3595 3067 consentiens
3625 3012 3696 3068 de
3715 3012 3782 3068 iis

475 3100 698 3171 “lignum
714 3098 992 3172 pulchrum
1018 3098 1089 3153 ad
1110 3098 1396 3153 videndum
1430 3107 1481 3152 et
1514 3097 1708 3154 bonum
1726 3100 1797 3154 ad
1812 3100 2089 3155 comeden-

489 3191 640 3258 dum,
682 3198 732 3245 et
777 3189 981 3261 lignum
1022 3190 1145 3244 vita:
1182 3190 1240 3243 in
1266 3189 1436 3243 medio
1476 3190 1756 3253 paradisi,
1793 3200 1842 3244 et
1884 3190 2086 3262 lignum

488 3284 690 3339 sciendi
719 3283 774 3337 id
807 3283 949 3354 quod
985 3282 1228 3353 cognosci
1256 3288 1425 3354 potest
1452 3282 1574 3338 boni
1614 3290 1664 3336 et
1703 3282 1858 3339 mali.
1891 3283 2086 3355 Magna

494 3376 659 3433 nobis
707 3391 851 3445 opus
884 3382 972 3432 est
1033 3374 1405 3447 inspiratione
1441 3385 1499 3432 et
1552 3376 1967 3443 illuminatione
2018 3376 2085 3432 ad

490 3480 686 3542 aperte
726 3468 1110 3536 aspiciendum
1157 3477 1214 3525 et
1247 3468 1547 3525 dicendum
1593 3484 1850 3540 quaenam
1885 3470 2086 3525 horum

490 3565 731 3620 duorum
773 3563 1052 3636 lignorum
1085 3578 1221 3619 vera
1257 3563 1328 3619 sit
1354 3563 1602 3619 essentia
1645 3572 1703 3619 et
1745 3563 2084 3620 substantia.

488 3657 562 3713 Et
607 3655 759 3728 quod
799 3670 926 3727 quae
970 3653 1198 3711 silentio
1245 3652 1517 3724 praeteriit
1552 3651 1839 3724 Scriptura
1895 3651 2086 3707 divina

486 3765 605 3815 non
636 3749 751 3805 sint
797 3747 1128 3812 scrutanda,
1158 3754 1246 3802 est
1277 3746 1661 3817 perspicuum.
1695 3744 1894 3809 Οιιιιιὶιι
1936 3746 2085 3801 enim

487 3859 615 3915 quae
663 3842 880 3899 faciunt
924 3841 993 3896 ad
1021 3848 1272 3896 nostram
1314 3839 1614 3895 utilitatem
1655 3838 2002 3910 dispensavit
2030 3846 2086 3895 et

486 3933 906 3992 administravit
952 3932 1200 4004 Spiritus
1245 3939 1498 3987 sanctus.
1527 3930 1689 3988 Unde
1741 3930 1911 3986 etiam
1947 3945 1976 3984 a
2000 3946 2089 3987 sa-

483 4025 771 4099 pientibus
799 4021 1338 4080 commentatoribus
1369 4021 1523 4076 nulla
1548 4021 1618 4077 de
1660 4020 1731 4077 iis
1760 4019 1928 4092 lignis
1956 4020 2085 4076 data

485 4129 574 4177 est
603 4115 880 4175 sententia
899 4124 959 4171 et
989 4100 1313 4186 conjectura
1337 4129 1404 4168 ac
1427 4113 1639 4184 opinio.
1672 4112 1810 4169 Nam
1832 4112 2089 4184 superio-

485 4224 580 4268 res
618 4209 850 4281 quidem
900 4207 1265 4277 interpretes,
1301 4205 1631 4277 accipiendo
1685 4220 1787 4276 pro
1837 4215 2088 4260 contem-

483 4302 736 4375 platione
776 4301 879 4355 has
904 4298 1046 4354 duas
1085 4298 1307 4369 plantas
1343 4298 1723 4355 celebrarunt.
1756 4298 1864 4355 Alii
1897 4307 2086 4353 autem

487 4370 639 4466 quod
666 4408 778 4449 non
797 4389 1167 4448 sintsensiles
1192 4399 1249 4446 et
1281 4390 1393 4446 cibi
1426 4409 1441 4445 :
1477 4390 1867 4448 Theodoretus
1896 4400 2084 4448 autem
2117 4370 2161 4426 ι)

487 4486 752 4561 Cyrensis
788 4483 931 4540 dixit
960 4482 1125 4539 ticum
1160 4499 1284 4540 esse
1314 4484 1525 4555 lignum
1557 4483 1772 4540 fructus
1800 4501 1967 4556 quem
1992 4498 2085 4541 co-

490 4578 666 4635 medit
704 4577 882 4633 Adam
922 4573 1229 4631 :similiter
1283 4575 1451 4631 etiam
1514 4576 1848 4632 Theodorus
1881 4577 2083 4632 Antio-

487 4676 728 4741 chenus,
751 4672 1012 4729 similiter
1038 4671 1205 4728 etiam
1252 4672 1445 4728 infelix
1466 4674 1733 4745 Origenes
1758 4692 1772 4728 :
1799 4673 2079 4730 infelicem

487 4782 617 4824 eum
655 4781 825 4832 voco,
862 4765 1130 4836 quoniam
1156 4781 1283 4821 cum
1318 4767 1527 4822 multos
1553 4776 1609 4822 et
1647 4765 1814 4821 utiles
1849 4766 2088 4823 sudores

486 4857 741 4914 emiserit
768 4857 828 4912 in
862 4854 1134 4921 Ecclesia,
1168 4867 1227 4911 et
1254 4871 1476 4911 onmem
1508 4865 1757 4911 veterem
1784 4864 1841 4911 et
1884 4871 2086 4912 novam

488 4951 837 5022 Scripturam
886 4949 955 5005 ad
1002 4948 1239 5004 verbum
1280 4948 1354 5004 sit
1398 4949 1843 5019 interpretatus;
1891 4958 2088 5020 postea

487 5044 833 5101 'sicutetiam
864 5041 1147 5098 Eusebius
1170 5039 1567 5104 Palaestinaaus,
1604 5056 1635 5095 a
1673 5040 1911 5096 veritate
1939 5043 2091 5097 exci-

490 5136 599 5191 dit.
637 5135 776 5193 Cum
823 5151 956 5207 ergo
1014 5133 1257 5205 Spiritus
1300 5131 1531 5191 sanctus
1574 5132 1784 5189 horum
1846 5133 2086 5189 duorum

489 5228 771 5300 lignorum
822 5228 1253 5299 appellationem
1284 5232 1344 5280 et
1370 5235 1627 5281 naturam
1661 5225 1827 5281 nobis
1869 5226 2092 5282 siluerit

490 5326 551 5374 et
573 5319 894 5383 occultarit,
931 5326 1020 5374 est
1052 5318 1421 5389 perspicuum
1452 5316 1603 5388 quod
1644 5333 1755 5371 non
1789 5326 1877 5375 est
1896 5316 2090 5373 Eccle-

492 5412 591 5468 siae
620 5410 959 5475 necessaria,
993 5424 1179 5482 neque
1209 5409 1365 5465 utilis
1387 5412 1582 5465 eorum
1608 5426 1730 5481 quae
1760 5427 1790 5465 a
1821 5410 1935 5465 Deo
1959 5418 2091 5467 sunt

493 5503 766 5560 absconsa
806 5503 1082 5559 scrutatio
1114 5511 1171 5558 et
1192 5501 1591 5558 manifestatio.
1619 5501 1763 5556 Hinc
1783 5502 1937 5557 enim
1959 5517 2092 5557 san-

565 5660 612 5693 ⁸⁷
641 5658 803 5715 Cant.
833 5674 894 5722 ιι,
921 5658 989 5725 5;
1025 5658 1199 5714 Eceli.
1236 5674 1383 5724 xxxv.
1422 5659 1510 5717 i7.

495 5732 539 5764 δ’
565 5730 724 5786 Cant.
750 5745 806 5793 v,
832 5728 888 5783 2.
993 5729 1039 5761 ⁸⁸
1064 5726 1241 5785 Galat.
1278 5744 1333 5795 v,
1363 5730 1458 5785 22.
1492 5730 1582 5785 23.

494 5800 542 5833 ⁵⁸
569 5800 726 5859 Joan.
765 5814 872 5858 XIV.
906 5799 996 5856 l9.

1643 5657 1688 5692 ³⁸
1727 5658 1844 5713 Joel
1889 5674 1949 5722 ιι,
1980 5656 2071 5710 9.8.

1682 5730 1727 5761 “
1754 5733 1912 5785 Joan.
1945 5745 2017 5795 tv,
2047 5725 2135 5782 ⁸54.

2192 3103 2645 3174 comprehensio.
3186 3148 3192 3154 .

2259 3194 2340 3251 Ne
2370 3194 2618 3265 inquirat
2643 3209 2775 3267 ergo
2806 3194 3055 3251 Ecclesia
3101 3204 3356 3251 naturam
3396 3196 3600 3252 horum
3637 3197 3781 3254 duo-

2192 3302 2312 3341 rum
2335 3285 2646 3358 lignorum;
2676 3286 2773 3342 sed
2804 3288 2992 3357 potius
3022 3282 3311 3359 cujusnam
3349 3290 3461 3361 typi
3494 3305 3558 3344 ac
3590 3290 3780 3363 figura:

2189 3386 2321 3432 sunt
2348 3376 2467 3431 haec
2499 3376 2613 3432 duo
2635 3376 2805 3448 ligna,
2829 3387 2888 3433 et
2908 3378 3167 3449 quisnam
3188 3378 3447 3435 vivificus
3478 3380 3700 3437 fructus
3719 3397 3780 3437 ac

2189 3469 2369 3537 cibus,
2402 3485 2471 3524 ex
2496 3483 2609 3540 quo
2638 3484 2766 3524 cum
2793 3470 3042 3540 quipiam
3086 3471 3395 3527 comederit
3422 3473 3478 3527 in
3512 3473 3776 3540 Ecclesia,

2189 3562 2369 3633 vivet,
2413 3570 2472 3617 et
2516 3577 2630 3617 non
2664 3563 2939 3619 morietur
2983 3564 3039 3618 in
3070 3572 3367 3620 aeternum.
3422 3565 3562 3633 Quis
3596 3576 3777 3622 autem

2191 3667 2389 3708 rursus
2417 3652 2562 3709 alius
2589 3651 2828 3721 fructus,
2851 3670 2918 3710 ex
2947 3670 3059 3725 quo
3081 3670 3205 3712 cum
3226 3656 3505 3727 quispiam
3524 3661 3777 3729 gustarit,

2190 3758 2347 3799 suam
2377 3743 2595 3800 videbit
2637 3744 2949 3801 nudilatem
2982 3755 3043 3801 'et
3071 3746 3361 3818 pudorem,
3410 3762 3468 3803 et
3513 3750 3779 3805 morietur

2189 3846 2371 3893 morte
2405 3846 2632 3893 aeterna.
2668 3837 2767 3894 Est
2789 3838 2938 3894 enim
2983 3838 3362 3894 adnotandum
3413 3842 3561 3910 quod
3589 3857 3658 3897 ex
3695 3842 3781 3898 his

2188 3931 2357 4003 lignis
2381 3931 2621 3987 alterum
2651 3929 2880 4001 quidem
2911 3930 3075 3987 nobis
3093 3931 3303 4002 praebet
3330 3931 3522 3997 vitam,
3544 3933 3780 3990 alterum

2189 4033 2375 4080 autem
2414 4031 2501 4079 est
2545 4022 2792 4079 eﬂiciens
2822 4023 3044 4078 mortis.
3089 4022 3197 4091 Qui
3238 4023 3467 4094 quidem
3499 4025 3613 4079 duo
3649 4025 3779 4090 cibi,

2192 4118 2426 4180 fuerunt
2456 4116 2603 4173 forte
2640 4115 2890 4189 symbola
2912 4116 3140 4173 virtutis
3177 4125 3233 4172 et
3254 4116 3377 4171 vitii
3413 4134 3427 4171 :
3467 4126 3527 4173 et
3556 4118 3781 4174 virtutis

2191 4210 2416 4283 quidem
2471 4209 2706 4281 frugifer
2748 4209 2911 4264 dator
2962 4218 3048 4265 est
3073 4207 3355 4274 Christus,
3395 4219 3562 4280 quem
3624 4210 3780 4282 prius

2191 4303 2547 4361 describebat
2572 4302 2706 4357 illud
2728 4301 2944 4373 lignum
2965 4301 3113 4356 vitai.
3131 4301 3200 4356 Et
3225 4302 3352 4356 ideo
3384 4310 3648 4373 tanquam
3670 4304 3782 4358 vita

2190 4405 2248 4452 et
2277 4395 2540 4451 viviﬁcus
2568 4394 2845 4450 clamabat
2875 4410 2891 4448 :
2928 4392 3039 4465 Ego
3086 4410 3204 4449 sum
3248 4395 3357 4449 vita
3384 4394 3453 4448 “.
3484 4425 3557 4436 -—
3577 4395 3645 4451 In
3671 4397 3783 4467 ipso

2192 4489 2342 4543 enim
2373 4488 2484 4542 vita
2535 4495 2674 4552 erat,
2717 4496 2767 4541 et
2810 4488 2921 4541 vita
2946 4495 3064 4541 erat
3106 4486 3199 4541 tua:
3250 4487 3611 4543 hominum“.
3660 4489 3783 4544 Vita

2189 4581 2341 4636 enim
2393 4588 2579 4636 nostra
2612 4580 2872 4634 absconsa
2920 4589 2994 4633 est
3030 4580 3085 4633 in
3126 4577 3334 4634 Christo
3354 4578 3421 4634 ".
3456 4579 3527 4636 Et
3560 4580 3784 4651 quando

2188 4672 2579 4729 manifestatus
2612 4671 2786 4728 fuerit
2802 4670 3057 4727 Christus
3092 4670 3205 4726 vita
3234 4679 3448 4737 nostra,
3479 4671 3785 4728 viviﬁcabit

2188 4774 2412 4822 mortua
2439 4780 2673 4836 corpora
2702 4773 2896 4819 nostra
2919 4805 2933 4830 ,
2961 4763 3059 4833 qui
3083 4762 3224 4818 dicit
3255 4781 3267 4817 :
3300 4762 3372 4817 Et
3414 4772 3473 4816 ut
3505 4766 3655 4818 sicut.
3691 4778 3784 4836 ego

2186 4860 2378 4925 vivo,et
2402 4875 2490 4913 vos
2506 4859 2694 4913 vivatis
2708 4858 2775 4911 ".
2793 4856 3003 4912 Vivens
3032 4857 3180 4912 enim
3199 4854 3446 4911 Verbum
3469 4854 3570 4911 Dei
3594 4863 3653 4911 et
3674 4856 3788 4911 vita

2186 4963 2245 5006 et
2263 4949 2628 5016 resurrectio,
2665 4949 2948 5020 quomodo
2976 4963 3173 5005 rursus
3202 4964 3356 5005 mors
3389 4956 3476 5004 est
3514 4948 3788 5021 malignus

2189 5043 2448 5099 diabolus
2489 5058 2655 5113 quem
2703 5040 3058 5113 significabat
3102 5042 3343 5098 alterum
3392 5042 3607 5113 lignum
3636 5041 3787 5114 quod

2188 5132 2398 5188 dicitur
2437 5150 2450 5186 :
2479 5130 2632 5198 Quod
2656 5131 2897 5203 cognosci
2927 5139 3094 5204 potest
3130 5133 3255 5186 boni
3279 5140 3330 5186 et
3357 5133 3510 5188 mali.
3549 5133 3603 5188 is
3631 5133 3789 5204 prius

2190 5226 2418 5298 quidem
2448 5236 2571 5282 erat
2616 5224 2856 5295 pulcher
2902 5224 3131 5296 quando
3174 5225 3285 5281 fuit
3318 5224 3523 5292 factus,
3554 5236 3613 5281 et
3659 5225 3787 5281 ideo

2189 5319 2299 5375 fuit
2327 5318 2656 5390 appellatus,
2711 5317 2957 5389 primum
2982 5318 3210 5388 quidem
3247 5317 3460 5389 lignum
3515 5318 3666 5388 quod
3696 5332 3802 5399 εο-⁷

2190 5409 2383 5481 gnosci
2418 5417 2602 5479 potest
2630 5408 2793 5475 boni;
2838 5409 3044 5465 deinde
3081 5409 3251 5465 etiam
3296 5409 3426 5465 mali
3464 5409 3785 5466 letbiferum

2192 5502 2404 5573 lignum
2450 5484 2732 5557 diabolus.
2783 5501 2861 5556 De
2921 5515 3035 5572 quo
3091 5499 3230 5556 dicit
3278 5500 3487 5557 ludatis
3527 5500 3786 5557 Christus

2850 5657 2896 5689 δ’
2929 5657 3066 5712 Dan.
3088 5673 3182 5722 vn,
3216 5656 3271 5714 9.

2798 5728 2844 5760 “
2864 5728 3026 5784 Joan.
3057 5745 3097 5792 ι,
3137 5728 3191 5781 ι.

3407 5656 3450 5688 ⁸⁸
3492 5656 3599 5712 lsa.
3630 5668 3704 5720 vr,
3725 5651 3781 5708 l.

3303 5728 3345 5760 ⁸⁷
3367 5726 3584 5784 Coloss.
3620 5728 3767 5790 tu,3.

2186 5656 2230 5686 "
2269 5656 2409 5712 Psal.
2446 5671 2593 5721 XXIV,
2628 5656 2715 5712 £5.

2230 5727 2277 5758 "
2310 5730 2465 5784 Joan.
2489 5743 2562 5791 ιιι,
2600 5727 2689 5782 25.
