4098 6422
446 362 559 430 973

1513 360 1593 421 ΙΝ
1635 349 2186 420 HEXAEMERON-
2213 376 2281 388 *-
2305 350 2450 412 LIB.
2492 351 2658 415 VIII.

3603 345 3710 412 974

445 491 566 537 vita
606 497 618 533 :
658 478 754 533 Vos
797 493 858 532 ea:
888 486 1040 548 patre
1078 486 1246 533 vestro
1269 477 1478 531 diabolo
1503 478 1644 537 estis,
1670 473 1761 529 ille
1778 473 1841 527 ab
1880 471 2032 524 initio
2061 469 2106 527 A
2134 482 2266 523 cens
2319 468 2645 523 mulieribus
2690 464 3119 520 lamentantibus
3172 473 3229 518 ct
3272 463 3708 534 plangentibus:

448 581 532 626 est
566 570 823 625 homicida
843 570 888 602 ⁸9
911 588 925 636 ;
955 570 1019 623 Et
1042 569 1137 639 qui
1157 568 1397 624 comedit
1418 581 1488 622 ex
1506 567 1615 621 hoc
1641 565 1822 619 fructu
1847 570 2025 616 morte

452 663 749 718 morietur.
783 662 840 716 Si
870 673 1057 716 autem
1075 661 1278 730 quaeris
1306 676 1413 729 qua
1443 661 1510 714 de
1537 672 1706 713 causa
1735 654 2029 710 abscondit

451 755 647 811 divina
692 753 983 824 Scriptura
1016 752 1414 823 appellationes
1449 751 1647 805 horum
1678 749 1912 803 duorum
1957 746 2029 800 li-

451 863 724 920 gnorum;
754 846 1015 910 viventis,
1038 840 1284 915 inquam,
1301 842 1558 906 FiliiDei,
1575 840 1738 910 etqui
1760 839 1812 893 ei
1836 837 2031 891 adver-

453 948 614 995 satur
641 938 875 1005 inimici,
910 939 1053 993 scias
1081 937 1230 1006 quod
1254 936 1535 990 scelerata:
1566 941 1621 986 et
1653 929 1948 986 immundae
1976 934 2033 981 et

453 1033 785 1103 voluptariae
810 1031 961 1101 genti
983 1030 1103 1085 haec
1132 1029 1391 1084 revelans
1424 1067 1438 1091 ,
1467 1025 1651 1079 noluit
1682 1024 1916 1078 omnino
1947 1035 2034 1074 re-

456 1129 647 1183 velare
665 1124 870 1181 Judaeis
895 1106 1095 1179 Filium
1123 1123 1242 1185 Dei,
1268 1136 1338 1175 ne
1372 1119 1747 1188 intelligerent
1766 1114 1891 1169 Filii
1914 1112 2032 1166 dei-

454 1217 794 1281 ficationem,
825 1223 883 1271 et
929 1216 1026 1270 Dei
1056 1214 1304 1284 nuptias,
1340 1220 1395 1267 et
1438 1210 1670 1279 deorum
1722 1204 2038 1261 multitudi-

456 1326 625 1375 nem;
652 1308 750 1379 qui
798 1308 996 1362 bovem
1030 1314 1086 1361 et
1125 1321 1372 1360 muscam
1420 1303 1476 1357 in
1520 1302 1656 1357 deos
1702 1300 2032 1354 retulerunt.

456 1401 582 1457 Hoc
606 1391 738 1471 ergo
761 1400 925 1453 modo
954 1413 1025 1452 ne
1051 1397 1333 1452 diabolum
1354 1393 1578 1465 quidem
1611 1392 1694 1447 eis
1719 1392 1911 1460 aperte
1940 1403 2033 1443 re—

461 1493 700 1558 velavit;
733 1490 1153 1562 sed°aliquando
1190 1489 1416 1559 quidem
1437 1488 1644 1557 ipsum,
1671 1490 1984 1565 serpentem
2021 1497 2035 1533 :

459 1584 765 1657 aliquando
791 1590 976 1637 autem
1001 1578 1648 1642 arborem,‘mortilcrum
1680 1575 1921 1657 fructum
1960 1570 2043 1625 fe-

460 1656 680 1730 rentem
701 1670 866 1742 897
893 1669 1219 1740 appellavit;
1247 1682 1344 1721 eos
1371 1665 1599 1721 omnino
1629 1656 1817 1718 celans
1846 1657 2040 1714 mundi

458 1781 576 1821 non
600 1761 954 1839 aspectabilis
999 1759 1429 1830 intelligentiam
1473 1757 1753 1814 Virtutum
1799 1751 2039 1808 creatio-

459 1875 614 1924 nem,
642 1866 870 1928 propter
900 1871 1093 1911 eorum
1129 1853 1521 1927 inexplebilem
1553 1850 1827 1906 idolorum
1860 1846 2042 1931 cultus

463 1950 760 2015 insaniam,
803 1948 873 2002 ne
921 1948 970 2002 si
1016 1947 1342 2002 didicissent
1388 1959 1513 1999 esse
1560 1942 1776 2012 aliquas
1813 1948 2075 1993 naturas.

464 2039 711 2096 materia:
741 2045 1001 2107 expertes
1030 2046 1089 2092 et
1126 2036 1520 2106 intelligentes,
1558 2047 1653 2087 eas
1688 2031 1746 2084 in
1786 2029 1919 2083 deos
1950 2042 2041 2082 re-

467 2132 700 2188 ferrent.
724 2129 789 2184 Ei
816 2136 1003 2183 autem
1044 2126 1193 2197 quod
1226 2127 1353 2181 dico
1380 2122 1757 2180 testimonium
1789 2121 1898 2175 fert
1922 2121 2041 2190 ipse

466 2226 634 2288 Deus,
674 2223 750 2278 Sic
776 2216 977 2277 dicens
996 2236 1096 2292 per
1131 2220 1271 2276 Osee
1302 2219 1625 2290 prophetam
1668 2214 1861 2270 lSraeli
1891 2233 1903 2267 :
1934 2213 2042 2283 Ego

458 2316 722 2371 Dominus
744 2313 883 2368 Deus
904 2320 1045 2378 tuus,
1068 2311 1293 2380 ﬁrmans
1313 2309 1520 2373 caelum,
1541 2317 1591 2363 et
1610 2324 1795 2362 creans
1819 2320 2039 2369 terram,

369 2447 376 2454 .
462 2406 618 2476 cujus
666 2402 1126 2458 manus'crearunt
1153 2417 1360 2455 omnem
1392 2397 1639 2453 militiam
1671 2397 1807 2463 caeli,
1850 2404 1900 2450 et
1938 2411 2043 2450 non

469 2499 697 2552 τευθιαυὶ
720 2513 783 2551 ea
815 2496 908 2550 tibi
932 2512 995 2549 ne
1025 2504 1141 2565 post
1171 2511 1236 2547 ea
1265 2491 1591 2547 ambulares.

547 2588 688 2642 Hinc
730 2595 916 2656 aperte
958 2584 1226 2639 discimus
1262 2583 1621 2653 quamobrem
1660 2582 1718 2636 in
1759 2577 2044 2651 Scriptura

477 2682 708 2737 Mosaica
734 2682 956 2736 silentio
982 2680 1087 2735 fuit
1114 2680 1480 2749 praetermissa
1503 2679 1570 2733 de
1586 2678 1797 2749 angellis
1811 2677 2041 2733 mentio.

474 2772 757 2838 Quomodo
781 2773 949 2826 etiam
977 2770 1046 2826 de
1085 2770 1174 2825 his
1223 2770 1441 2825 duobus
1498 2770 1666 2840 lignis
1719 2769 1788 2824 de
1843 2769 2045 2838 quibus

467 2863 608 2916 dicit
637 2880 651 2916 :
692 2860 760 2917 Et
789 2862 993 2933 lignum
1025 2863 1146 2915 uiue
1175 2861 1230 2915 in
1272 2860 1443 2914 medio
1473 2860 1735 2930 paradisi,
1767 2869 1817 2913 et
1846 2858 2046 2930 lignum

460 2955 665 3008 sciendi
689 2956 744 3009 id
772 2954 911 3024 quod
951 2955 1191 3025 cognosci
1250 2962 1419 3024 potest
1469 2952 1589 3005 boni
1639 2960 1689 3005 et
1739 2950 1905 3006 mali:
1954 2951 2047 3005 hic

463 3046 765 3118 diligenter
791 3058 848 3103 et
889 3054 1148 3102 accurate
1185 3054 1494 3101 tractarunt
1526 3044 1791 3101 dictionis
1819 3054 2046 3099 contex-

463 3148 586 3193 tum
636 3139 705 3193 de
746 3138 833 3194 his
861 3137 1081 3194 duobus
1110 3136 1293 3207 lignis.
1326 3136 1549 3206 quidam
1580 3151 1649 3191 ex
1685 3135 1753 3191 iis
1810 3137 1935 3205 qui'
1960 3136 2046 3190 di-

459 3231 597 3285 vina
652 3229 882 3300 pulchre
939 3231 1122 3285 sciunt
1179 3227 1435 3293 scrutari,
1469 3228 1757 3284 dicentes:
1793 3227 2053 3283 Cur'non

462 3322 609 3378 dicit
636 3322 919 3391 Scriptura
945 3322 1005 3376 in
1028 3336 1158 3376 casu
1187 3320 1469 3391 gignendi,
1528 3335 1728 3390 nempe
1782 3321 1839 3374 in
1882 3320 2052 3374 medio

463 3414 732 3485 paradisi,
761 3413 857 3468 sed
883 3412 941 3466 in
962 3427 1091 3467 casu
1125 3407 1418 3476 oﬂ'erendi,
1457 3411 1651 3466 dicens
1705 3426 1771 3465 ea
1819 3426 1941 3467 esse
1996 3412 2053 3466 in

463 3506 643 3560 medio
680 3504 979 3575 paradisi?
1039 3504 1109 3560 Ut
1151 3503 1429 3559 discamus
1464 3519 1533 3557 ex
1584 3502 1850 3568 dictione,
1901 3503 2050 3574 quod

461 3614 555 3652 ea:
583 3613 693 3651 non
724 3597 835 3652 sint
878 3595 1043 3651 simul
1090 3594 1351 3666 plantam
1376 3609 1502 3650 cum
1556 3595 1679 3649 aliis
1734 3594 2046 3656 arboribus.

462 3704 655 3759 neque
686 3702 875 3743 carum
906 3687 1016 3742 sint
1043 3694 1309 3756 cognatae,
1349 3685 1446 3740 sed
1501 3685 1891 3740 exercitatione
1931 3685 2048 3740 vir-

466 3781 614 3836 tutis
632 3790 689 3836 et
718 3780 838 3835 vitii
857 3781 965 3834 sint
994 3786 1299 3850 procreata
1325 3776 1392 3832 ad
1421 3778 1764 3848 probandum
1799 3787 2051 3833 nostrum

464 3870 709 3927 liberum
766 3871 1078 3927 arbitrium.
1142 3868 1460 3924 Invenimus
1514 3869 1739 3938 quidem
1793 3878 1941 3924 certe
1994 3868 2052 3924 in

464 3965 757 4019 nonnullis
776 3980 887 4018 non
912 3963 1236 4017 adulteratis
1262 3956 1688 4032 exemplaribus,
1726 3962 1873 4032 quod
1905 3972 2055 4033 post-

464 4071 641 4127 quam
672 4056 809 4110 dixit
841 4071 854 4108 :
888 4055 958 4110 Et
992 4055 1189 4108 exoriri
1234 4054 1354 4123 fecit
1402 4054 1571 4108 adhuc
1617 4053 1871 4112 Dominus
1914 4054 2051 4110 Deus

465 4166 503 4203 ε
547 4158 688 4202 terra
718 4164 871 4202 omne
912 4147 1117 4217 lignum
1164 4145 1442 4217 pulchrum
1472 4148 1606 4211 visu,
1656 4156 1704 4201 et
1742 4148 1935 4202 bonum
1981 4148 2053 4202 ad

465 4238 851 4293 comedendum
875 4279 889 4305 ,
926 4238 1162 4307 scriptor
1187 4237 1395 4292 faciens
1431 4245 1698 4307 punctum
1747 4238 2051 4308 perfectum

466 4342 736 4400 tanquam
775 4330 955 4400 capite
1007 4329 1077 4384 de
1112 4328 1279 4400 lignis
1320 4328 1613 4396 completo,
1650 4336 1782 4384 tunc
1828 4346 2050 4385 versum

470 4423 685 4492 incepit
711 4422 902 4477 dicens
938 4439 950 4474 :
982 4421 1051 4475 Et
1086 4420 1290 4490 lignum
1315 4419 1436 4474 uitta
1459 4420 1515 4473 in
1568 4420 1738 4473 medio
1788 4423 2049 4491 paradisi,

468 4522 530 4567 et
555 4512 755 4583 lignum
779 4512 977 4568 sciendi
1002 4511 1058 4566 id
1084 4510 1220 4582 quod
1242 4511 1482 4581 cognosci
1500 4519 1672 4581 potest
1690 4511 1810 4566 boni
1831 4521 1882 4566 et
1903 4512 2055 4580 mali,

468 4614 542 4659 ut
567 4603 780 4660 diceret
811 4588 1147 4659 transeundo
1173 4611 1230 4658 et
1271 4604 1585 4659 inducendo
1614 4620 1714 4659 cur
1746 4604 1834 4660 isti
1868 4606 2053 4661 venis-

468 4703 604 4752 sent
640 4695 695 4750 in
723 4696 1060 4767 paradisum.
1093 4695 1248 4763 Quod
1289 4704 1472 4751 autem
1508 4697 1685 4767 major
1718 4697 1788 4751 sit
1816 4705 1873 4751 et
1910 4696 2051 4751 vivi-

469 4789 619 4843 ﬁcus
640 4787 913 4850 Christus,
938 4787 1100 4856 paulo
1123 4796 1249 4842 ante
1273 4802 1303 4841 a
1334 4786 1495 4842 nobis
1521 4787 1727 4841 dictum
1756 4796 1861 4841 est.
1896 4785 2051 4853 Quod

469 4887 663 4935 autem
697 4878 936 4949 seipsum
976 4878 1224 4933 nominat
1245 4878 1473 4949 lignum,
1524 4878 1651 4933 audi
1689 4893 1818 4933 eum
1873 4879 2051 4949 ipsum

468 4971 756 5026 dicentem
811 4969 1060 5025 Iudaeis:
1120 4972 1227 5024 Aut
1283 4970 1440 5038 facite
1476 4970 1719 5024 arborem
1760 4970 1952 5025 bonam
2002 4979 2053 5024 et

473 5068 708 5136 fructum
736 5063 848 5132 ejus
876 5062 1091 5126 bonum,
1131 5071 1224 5116 aut
1259 5061 1416 5131 facile
1461 5061 1704 5115 arborem
1757 5062 2052 5116 marcidum

470 5164 533 5210 et
553 5155 782 5224 fructum
811 5156 923 5225 ejus
960 5153 1298 5216 marcidum;
1333 5170 1365 5206 a
1396 5152 1568 5221 fructu
1602 5153 1741 5207 enim
1776 5154 1937 5207 arbor
1965 5170 2056 5206 co-

469 5247 748 5317 gnoscitur
789 5246 856 5300 ⁸ο.
890 5245 1017 5301 Haec
1045 5255 1228 5300 autem
1262 5244 1346 5299 eis
1382 5242 1623 5308 dicebat,
1669 5244 1931 5312 quoniam
1973 5244 2059 5297 di-

470 5338 679 5395 cebant
728 5337 875 5408 quod
922 5336 978 5390 in
1024 5334 1333 5391 Beelzebub
1374 5334 1624 5405 principe
1659 5335 2056 5392 daemoniorum

470 5430 630 5502 ejicit
674 5429 961 5485 daemonia.
1015 5428 1280 5483 Similiter
1332 5427 1498 5482 etiam
1542 5427 1608 5480 ad
1660 5427 1968 5496 passionem
2001 5429 2058 5483 in

475 5526 700 5579 hortum
733 5522 1000 5595 Golgotba
1030 5523 1097 5579 ad
1126 5522 1397 5577 Adamum
1431 5520 1724 5592 egrediens
1755 5529 1813 5576 et
1852 5522 2058 5592 lignum

471 5621 665 5677 crucis
686 5629 932 5690 portans,
985 5619 1196 5689 lignum
1241 5617 1368 5671 vitae
1411 5616 1657 5685 seipsum
1705 5613 1940 5681 vocavit,
1979 5617 2062 5671 di—

546 5736 594 5767 “
621 5735 779 5791 Joan.
814 5751 926 5802 \‘lll,
963 5734 1052 5788 44.

473 5824 569 5874 xx,
604 5805 697 5861 22.
777 5807 823 5838 ⁸⁸
849 5800 990 5860 Psal.
1025 5820 1204 5869 Lxxxr,
1238 5804 1286 5857 l.
1366 5801 1459 5856 "1
1495 5801 1638 5857 Tim.
1674 5818 1731 5870 η,
1761 5800 1812 5856 5.

1189 5733 1234 5764 '°
1260 5731 1449 5786 Matth.
1483 5747 1578 5796 xu,
1607 5730 1697 5784 55.
1774 5730 1815 5761 ⁵³
1853 5730 1987 5787 Luc.
2012 5748 2163 5800 mu,
2189 5731 2279 5793 28,
2314 5730 2402 5783 51.

2131 559 2281 613 Filia:
2300 559 2618 625 Jerusalem,
2650 559 2811 614 nolite
2834 562 2962 631 ﬂere
2978 574 3144 630 super
3166 572 3266 622 me,
3295 557 3385 609 sed
3407 559 3525 628 ﬂete
3553 572 3713 627 super

2133 669 2220 706 vos
2249 661 2296 705 et
2325 652 2464 721 ﬁlios
2494 662 2693 708 uestros
2720 670 2738 718 ;
2767 654 2813 707 si
2839 654 2978 706 enim
3031 654 3087 706 in
3139 652 3352 706 humido
3407 649 3547 720 ligno
3605 651 3714 705 haec

2135 742 2360 812 faciunt,
2393 745 2447 797 in
2477 745 2608 797 sicco
2642 742 2887 814 quid~ﬁet
2911 743 2995 797 "‘i
3027 742 3337 803 humidum,
3363 741 3468 795 hoc
3484 750 3569 794 est
3589 740 3716 794 vita:

2137 830 2368 902 lignum,
2404 832 2647 902 seipsum
2702 848 2905 887 vocans
2961 831 3268 895 Dominus;
3336 830 3481 885 sicca
3529 837 3716 884 autem

2137 921 2284 992 ligna
2325 932 2383 976 et
2434 922 2759 993 infrugifera
2808 930 2864 976 et
2922 922 3209 975 materiam
3265 920 3428 990 ignis,
3473 919 3713 974 Judaeos.

2138 1012 2296 1079 Quod
2332 1014 2379 1067 si
2407 1013 2543 1068 velis
2567 1014 2735 1069 etiam
2759 1013 2903 1068 scire
2934 1028 3061 1067 eum
3092 1027 3215 1067 esse
3248 1010 3304 1064 in
3342 1011 3526 1065 medio
3558 1026 3720 1080 para-

2143 1106 2258 1160 disi.
2274 1106 2554 1171 Ecclesiae,
2587 1107 2718 1161 audi
2746 1122 2871 1162 eum
2905 1106 3182 1161 dicentem
3224 1104 3513 1174 discipulis
3542 1123 3555 1158 :
3604 1103 3719 1174 Ego

2139 1213 2257 1251 sum
2278 1199 2334 1251 in
2350 1199 2519 1251 medio
2534 1207 2766 1253 uestrum
2789 1207 3044 1270 tanquam
3068 1200 3158 1269 qui
3181 1199 3450 1252 ministrat
3469 1199 3535 1250 ⁵².
3562 1197 3722 1253 Unde

2141 1291 2309 1345 etiam
2343 1288 2583 1345 Joannes
2614 1290 2835 1346 dicebat
2854 1291 3035 1346 turbis
3063 1308 3078 1343 ε
3114 1290 3315 1349 Medius
3351 1299 3583 1343 vestrum
3612 1294 3722 1343 stat

2145 1398 2299 1451 quem
2327 1398 2416 1436 vos
2446 1383 2655 1436 nescitis
2688 1383 2754 1436 ⁵³.
2784 1381 2888 1447 Qui
2919 1383 3074 1437 stetit
3099 1382 3151 1437 in
3194 1381 3379 1436 medio
3415 1381 3722 1449 discipulo-

2149 1485 2268 1530 rum
2322 1487 2376 1532 et
2550 1474 2846 1530 insulﬂavit
2885 1476 3117 1531 dicens:
3175 1475 3411 1545 Accipite
3464 1472 3726 1543 Spiritum

2143 1576 2387 1621 sanctum
2418 1565 2487 1631 “,
2513 1574 2886 1638 congruenter
2914 1568 2965 1622 ei
2988 1567 3137 1638 quod
3172 1567 3382 1621 dictum
3417 1574 3499 1620 est
3532 1582 3545 1618 :
3584 1564 3725 1620 Deus

2145 1661 2286 1714 stetit
2306 1660 2361 1713 in
2380 1676 2650 1731 synagoga
2687 1661 2926 1725 deorum,
2960 1661 3016 1714 in
3052 1660 3222 1714 medio
3259 1667 3438 1713 autem
3479 1659 3600 1712 deos
3642 1659 3727 1713 di-

2137 1752 2352 1822 judicat
2375 1752 2420 1784 ⁸⁵
2448 1769 2463 1819 ;
2496 1753 2592 1822 qui
2618 1760 2704 1807 est
2733 1752 2994 1812 mediator
3033 1751 3129 1807 Dei
3164 1759 3212 1804 et
3244 1752 3513 1805 hominum
3557 1751 3624 1813 ⁵⁸,
3668 1761 3727 1808 et

2071 1828 2114 1883 Β
2145 1841 2278 1898 fecit
2303 1844 2535 1898 salutem
2569 1843 2625 1896 in
2647 1842 2832 1898 medio
2856 1850 3018 1897 terrae
3046 1859 3061 1908 ;
3090 1842 3292 1912 quiest
3319 1842 3528 1911 lignum
3561 1841 3722 1895 vita}:

2118 1935 2299 1990 ‘un‘de
2329 1934 2413 2005 (ut
2441 1935 2589 2006 quod
2623 1937 2695 1990 sit
2717 1936 2962 1990 increata
2990 1935 3113 2005 ejus
3138 1932 3418 2005 divinitas)
3459 1932 3584 1987 ideo
3616 1948 3727 1987 non

2149 2028 2285 2083 dicit
2315 2044 2442 2084 eum
2474 2044 2600 2083 cum
2622 2029 2786 2100 lignis
2835 2029 3292 2099 complantatum,
3349 2028 3447 2084 sed
3496 2043 3631 2083 esse.
3669 2028 3727 2082 in

2114 2192 2115 2195 η
2149 2121 2332 2176 medio
2368 2121 2631 2192 paradisi.
2680 2121 2948 2177 Similiter
2985 2131 3043 2177 et
3081 2123 3308 2177 malum.
3364 2122 3499 2177 Dico
3541 2131 3728 2177 autem

2150 2212 2283 2268 boni
2314 2214 2558 2269 medium
2592 2215 2801 2286 lignum
2838 2216 3204 2282 mortiferum,
3241 2217 3582 2287 cognoscendi
3607 2216 3730 2270 boni

2149 2314 2199 2361 et
2219 2306 2369 2370 mali,
2426 2317 2720 2377 propterea
2777 2308 2925 2377 quod
2970 2308 3087 2377 ipse
3121 2308 3191 2362 sit
3222 2308 3456 2363 diversae
3474 2308 3731 2363 essentia

2151 2400 2223 2455 ab
2248 2400 2489 2454 humana
2512 2406 2708 2455 natura
2741 2400 2962 2454 illorum
2985 2400 3261 2469 lignorum
3302 2415 3423 2469 quas
3464 2399 3730 2454 dicuntur

2150 2493 2405 2565 pulchra.
2435 2493 2513 2547 Ea
2532 2492 2603 2548 de
2633 2507 2799 2547 causa
2834 2491 2889 2546 in
2914 2501 3070 2546 sexto
3095 2507 3225 2546 casu
3277 2508 3344 2547 ea
3392 2492 3528 2546 dicit
3576 2491 3730 2546 Scri-

2150 2592 2313 2655 ptura
2350 2600 2471 2639 esse
2492 2585 2547 2639 in
2570 2586 2745 2638 medio
2798 2572 3073 2656 paradisi;
3126 2584 3270 2639 unde
3312 2584 3480 2638 etiam
3533 2582 3732 2638 mulier

2152 2690 2277 2729 cum
2309 2683 2562 2746 serpente
2615 2676 2916 2739 disserens,
2971 2678 3026 2731 in
3073 2677 3240 2731 medio
3284 2676 3541 2747 paradisi,
3593 2674 3734 2731 dixit

2153 2768 2384 2839 lignum.
2412 2769 2590 2823 Media
2616 2778 2798 2823 autem
2841 2769 3108 2824 dicuntur
3140 2769 3258 2823 duo
3294 2769 3439 2839 ligna
3473 2787 3486 2823 :
3532 2784 3735 2839 nempe

2151 2860 2361 2932 lignum
2394 2862 2613 2926 divinae,
2645 2870 2701 2917 et
2753 2861 2962 2932 lignum
3013 2862 3345 2917 adversariae
3394 2862 3730 2931 potestatis;

2153 2952 2599 3035 quandoquidem
2629 2969 2698 3008 ex
2747 2968 2905 3024 aequo
2964 2954 3144 3008 cuivis
3195 2954 3404 3008 volenti
3467 2958 3736 3026 concupi-

2153 3046 2356 3101 scenda
2415 3046 2697 3101 invenitur
2723 3047 2902 3101 virtus
2936 3056 2995 3101 et
3016 3046 3211 3101 vitium
3243 3055 3466 3117 propter
3493 3048 3734 3103 liberum

2155 3151 2403 3197 nostrum
2427 3140 2740 3195 arbitrium.
2779 3139 3183 3209 Etpropterea,
3208 3149 3279 3194 ut
3316 3128 3535 3211 opinor,
3589 3143 3736 3198 Deus

2153 3233 2329 3303 legem
2359 3231 2543 3286 ferens
2590 3230 2796 3295 lsraeli,
2846 3230 2980 3285 dicit
3026 3230 3097 3286 de
3143 3232 3472 3301 quibusdam
3515 3233 3737 3290 duobus

2153 3321 2318 3392 lignis
2352 3338 2365 3374 :
2412 3321 2546 3376 Ecce
2575 3337 2711 3395 pono
2742 3322 2798 3375 in
2828 3322 2999 3375 medio
3035 3322 3113 3376 tui
3139 3323 3305 3376 vitam
3336 3331 3387 3376 et
3416 3333 3639 3381 mortem
3663 3326 3731 3379 ⁵⁷.

2153 3413 2291 3469 Vitae
2330 3413 2475 3467 enim
2508 3422 2565 3468 et
2602 3414 2797 3467 mortis
2825 3421 2985 3468 erant
3016 3413 3127 3475 duo
3178 3414 3324 3486 ligna
3369 3416 3735 3487 signiﬁcantia

2154 3514 2212 3562 et
2241 3505 2576 3561 eﬂicientia:
2633 3503 2846 3561 Flavius
2887 3514 3065 3561 autem
3115 3509 3381 3578 egreditur
3426 3525 3491 3563 ea:
3543 3510 3734 3574 Edem,

2155 3605 2204 3651 et
2240 3597 2430 3666 irrigat
2457 3596 2814 3667 paradisum;
2851 3596 2994 3651 alter
3017 3605 3203 3651 autem
3237 3606 3295 3653 et
3351 3598 3627 3655 secundus
3679 3611 3737 3656 et

2155 3688 2458 3759 irrigationi
2489 3688 2659 3758 priori
2686 3687 2972 3743 dissimilis
2995 3696 3082 3744 est
3102 3689 3195 3743 hic
3221 3688 3443 3746 ﬂuvius.
3475 3692 3610 3746 Nam
3644 3692 3737 3748 ille

2155 3785 2377 3855 quidem
2412 3800 2444 3840 e
2470 3791 2616 3838 terra
2638 3781 2948 3837 ascendens
2972 3780 3278 3836 inundabat
3329 3791 3497 3838 totam
3538 3783 3735 3840 faciem

2156 3882 2338 3938 terrae,
2372 3874 2546 3943 ipsam
2574 3872 2784 3927 faciens
2819 3879 3096 3926 mortuam
3137 3880 3194 3927 et
3230 3872 3632 3945 infrugil‘eram.
3667 3877 3737 3932 Et

2156 3967 2282 4022 ideo
2310 3967 2379 4021 ad
2411 3967 2582 4020 Deum
2606 3976 2795 4019 votum
2827 3963 3067 4019 faciebat
3089 3964 3314 4034 quidam
3335 3980 3402 4020 ex
3425 3967 3734 4037 prophetis,

2156 4058 2347 4114 dicens
2377 4076 2391 4113 :
2425 4057 2708 4112 Dominum
2737 4055 2995 4111 diluvium
3017 4057 3331 4112 inhabitabit
3369 4059 3416 4091 "
3444 4099 3459 4125 ,
3506 4059 3610 4115 hoc
3652 4071 3740 4116 est

2155 4132 2439 4207 exorietur
2462 4159 2518 4205 et
2545 4148 2763 4206 sedebit
2787 4165 2881 4205 rex
2900 4149 2955 4202 in
2980 4156 3271 4204 aeternum.
3297 4149 3398 4205 llic
3428 4163 3609 4207 autem
3638 4152 3737 4207 Dei

2158 4244 2361 4299 ﬂuvius
2419 4243 2700 4315 egreditur
2735 4257 2804 4296 ex
2855 4241 3048 4306 Edcm,
3107 4241 3446 4311 paradisum,
3478 4251 3739 4314 tanquam

2158 4350 2349 4407 agrum
2380 4333 2665 4405 proprium
2692 4341 2750 4388 et
2786 4332 2883 4388 Dei
2922 4332 3325 4402 possessionem
3395 4349 3496 4389 sua
3532 4336 3739 4391 virtute

2159 4427 2417 4498 irrigans.
2466 4426 2698 4496 Oportet
2738 4425 2884 4482 enim
2942 4425 3209 4481 adnotare
3250 4427 3420 4495 quod,
3451 4443 3576 4483 cum
3624 4429 3739 4499 jam

2086 4517 2137 4578 D
2162 4525 2433 4577 cessasset
2462 4520 2618 4589 prior
2649 4519 2740 4573 illa
2786 4518 3055 4588 irrigatio,
3096 4532 3216 4573 eam
3266 4522 3603 4589 prateritam
3641 4536 3743 4578 no-

2158 4609 2391 4665 minavit
2427 4608 2710 4678 Scriptura
2736 4607 2930 4663 dicens
2961 4627 2974 4662 :
3009 4606 3146 4662 Fons
3166 4606 3366 4663 autem
3397 4611 3737 4675 ascendebat,

2160 4708 2208 4753 et
2241 4699 2501 4769 irrigabat
2540 4713 2559 4751 :
2592 4697 2740 4751 hunc
2763 4704 2947 4750 autem
2974 4705 3038 4750 ut
3072 4697 3165 4764 qui
3195 4698 3518 4765 perenniter
3542 4698 3599 4752 in
3637 4714 3742 4755 sa:-

2160 4793 2283 4849 cula
2336 4792 2527 4862 irriget
2576 4788 2900 4853 Ecclesiam,
2948 4789 3082 4854 dicit
3113 4799 3439 4858 praesentem
3474 4808 3487 4843 :
3525 4790 3741 4845 Flavius

2159 4884 2332 4948 enim,
2363 4882 2565 4952 inquit,
2593 4882 2860 4951 egreditur
2891 4896 2956 4934 ea:
2990 4881 3157 4934 Edent
3185 4920 3200 4945 ,
3243 4881 3348 4935 hoc
3374 4890 3482 4935 'est
3526 4897 3592 4936 ex
3637 4881 3741 4937 de-

2159 4976 2326 5042 liciis,
2359 4975 2428 5030 ad
2488 4974 2827 5045 irrigandum
2878 4972 3216 5043 paradisum.
3267 4972 3405 5028 Cum
3451 4987 3585 5044 ergo
3634 4989 3741 5031 nos

2159 5068 2643 5141 prazmunierimus
2679 5068 2747 5123 ad
2785 5081 2897 5122 non
2934 5065 3347 5121 dissolvendum
3390 5067 3735 5137 corporalem

2161 5164 2348 5217 rerum
2373 5160 2661 5217 historiam
2686 5174 2810 5229 qum
2830 5166 2916 5215 est
2942 5158 3343 5214 convenienter
3366 5158 3591 5225 litterae,
3622 5159 3739 5215 ala.

2162 5252 2334 5307 criter
2356 5251 2525 5305 etiam
2548 5248 2965 5305 consideremus
2982 5263 3103 5303 eam
3122 5263 3248 5319 quae
3268 5256 3356 5304 est
3378 5248 3449 5304 de
3484 5250 3573 5305 his
3605 5266 3740 5321 pro-

2160 5342 2358 5412 positis
2385 5341 2573 5397 ﬂuviis
2599 5349 2656 5396 et
2680 5341 2818 5397 locis
2836 5340 3149 5405 historiam,
3177 5342 3645 5411 quemadmodum
3673 5359 3740 5399 ea

2162 5450 2386 5507 quoque
2408 5442 2540 5490 sunt
2571 5433 2923 5505 praefigurata
2976 5434 3045 5489 de
3095 5433 3319 5490 Christo
3362 5442 3420 5497 et
3466 5434 3738 5493 Ecclesia.

2162 5526 2432 5592 Audimus
2449 5524 2596 5578 enim
2628 5525 2945 5594 quempiam
2979 5524 3257 5580 dicentem
3309 5524 3381 5581 de
3419 5526 3742 5597 egrediente

2164 5615 2335 5671 ﬂuvio
2383 5624 2440 5669 et
2472 5614 2758 5671 Ecclesia:
2808 5613 3068 5669 Fluminis
3114 5616 3342 5686 impetus
3392 5615 3627 5686 (gniﬁcat
3669 5617 3741 5669 ei-

2484 5731 2528 5761 ⁵⁸
2556 5728 2824 5786 ιυωυειι.
2851 5728 2942 5783 2'7.
3019 5728 3243 5784 "Joan.
3276 5744 3316 5794 ι,
3338 5728 3425 5783 26.
3504 5728 3549 5759 ”
3576 5725 3739 5783 Joan.

1889 5802 1932 5885 f7
1962 5803 2123 5859 Deut.
2153 5798 2308 5870 ‘xxx,
2366 5800 2452 5855 15.
2531 5801 2576 5831 ⁵⁸
2611 5800 2752 5856 Paul.
2790 5815 2975 5866 χχχ-ιιι,
3013 5798 3096 5853 l0.
