4098 6428
492 316 565 380 75

1672 326 1733 386 S.
1775 326 2177 388 ANASTASII
2220 328 2547 394 ΞΙΝΑΙΤιΕ

3629 335 3736 403 976

453 443 673 499 nitatem
697 438 801 496 Dei
825 438 906 504 ",
921 448 1226 511 propterea
1258 440 1408 511 quod
1440 442 1643 497 fluvius
1666 444 1760 497 Dei
1793 459 2049 514 egressus
2077 449 2121 509 Α
2153 444 2209 500 in
2243 457 2394 503 terra
2424 450 2692 506 Ecclesiae
2732 451 3071 522 resplendet,
3103 460 3161 508 et
3190 447 3481 531 aduratur.
3522 452 3732 508 Aurum

372 528 377 535 ’
454 550 525 593 ex
558 542 794 605 paterno
823 532 995 597 fonte.
1026 533 1274 603 repletus
1302 546 1389 588 est
1426 535 1586 604 aquis
1619 534 1871 605 gentium
1908 550 2047 605 quas

455 626 684 696 quidem
722 625 1144 697 evangelizabat
1182 627 1459 696 prepheta
1493 627 1687 682 dicens
1720 645 1733 682 :
1768 626 1840 682 Et
1893 644 2046 699 egre-

453 722 631 774 dietur
658 718 918 774 Dominus
955 720 1025 774 ad
1082 736 1165 774 eos
1217 728 1472 790 tanquam
1525 720 1736 785 ﬂuvius,
1769 720 1913 790 pacis
1971 718 2044 784 ‘°;

452 813 549 884 qui
572 812 872 869 dicitz-Ea:
895 812 1062 867 Patre
1094 828 1207 866 meo
1244 828 1364 865 sum
1417 826 1682 881 egressus,
1723 818 1774 866 et
1823 811 1942 865 veni
1989 812 2047 864 in

452 906 715 959 mundum
740 905 782 936 ⁶¹
820 922 833 958 :
866 919 1125 975 egressus
1147 919 1270 960 sum
1304 904 1372 959 ad
1409 904 1643 960 salutem
1695 903 1885 973 populi
1913 902 2043 969 mei,

455 1000 526 1054 ad
565 997 872 1053 servandos
935 996 1177 1051 ehristos
1231 1012 1408 1052 meos.
1463 996 1639 1068 llujus
1686 1010 1823 1066 ergo
1870 993 2044 1048 divini

454 1089 610 1145 fluvii
679 1090 928 1145 divinum
988 1103 1019 1141 e
1054 1088 1214 1143 {cmlo
1238 1103 1532 1159 egressum
1572 1088 1734 1158 prius
1776 1086 2047 1145 describit

453 1180 654 1246 Moses,
709 1179 945 1233 dicens:
998 1176 1213 1232 Flavius
1266 1179 1533 1247 egreditur
1584 1194 1647 1232 ex
1690 1177 1886 1243 Edent,
1939 1177 2047 1233 hoc

450 1282 559 1339 est,
586 1288 653 1327 ex
679 1270 1100 1327 abundantibus
1120 1270 1360 1336 deliciis,
1393 1270 1461 1326 ad
1504 1269 1861 1341 irrigandum
1888 1285 2047 1339 para-

450 1365 635 1419 disum
700 1378 802 1433 per
856 1361 1003 1415 illam
1053 1375 1254 1429 aquam
1306 1376 1429 1429 quae
1485 1359 1794 1431 egreditur,
1845 1374 2045 1430 nempe

448 1473 550 1527 per
577 1455 849 1526 Spiritum
884 1454 981 1523 qui
1013 1442 1268 1523 procedit
1294 1470 1325 1509 a
1359 1455 1543 1510 Patre.
1581 1453 1686 1520 Qui
1721 1452 1871 1509 enim
1914 1468 2043 1509 cum

448 1548 685 1619 suscipit
714 1546 972 1610 fluvium,
998 1545 1207 1603 diversi
1236 1545 1390 1603 fluvii
1422 1562 1488 1600 ex
1524 1554 1704 1600 ventre
1733 1546 1846 1616 ejus
1877 1548 2045 1617 fluent

449 1657 605 1713 aqua:
636 1642 767 1696 viva:
795 1640 865 1693 ε’.
896 1639 1013 1694 Hoc
1034 1638 1184 1693 enim
1217 1644 1409 1708 aperte
1454 1652 1559 1692 nos
1608 1636 1772 1693 docet
1812 1636 2047 1693 historia

449 1734 646 1790 dicens
702 1731 932 1787 fluvium
972 1730 1069 1800 qui
1122 1730 1407 1800 egreditur
1444 1745 1513 1784 ex
1562 1729 1735 1785 Edem
1779 1728 2050 1799 multipli-

2152 541 2301 596 enim
2329 552 2602 599 terrarum
2626 544 2926 600 multarum
2964 544 3235 616 (gentium
3266 545 3344 600 dii
3365 555 3425 601 et
3450 544 3620 614 idola)
3650 555 3737 600 est

2151 635 2377 700 malum,
2418 636 2720 692 obscurum
2750 645 2806 692 et
2838 636 3237 693 adulterinum.
3260 638 3321 693 In
3340 638 3532 692 multis
3552 644 3738 692 autem

2150 726 2289 784 locis
2318 726 2521 784 divinae
2547 728 2870 798 Scriptum,
2921 729 3040 799 ipse
3088 743 3312 799 quoque
3359 737 3739 799 perscrutatus

2151 817 2407 873 invenies
2436 834 2632 874 aurum
2662 819 2806 874 sumi
2839 834 2945 890 pro
2972 816 3146 889 ﬁgura
3184 819 3498 875 divinitatis
3543 818 3736 875 Verbi.

2148 908 2290 965 Area
2310 907 2461 965 enim
2492 909 2698 980 lignea,
2725 924 2850 979 quae
2877 917 3001 965 erat
3044 918 3288 973 terrena,
3342 908 3585 963 obducta
3614 915 3735 963 erat

2149 999 2489 1056 intrinsecus
2519 1010 2576 1056 et
2600 1002 2951 1057 extrinsecus
2976 1016 3113 1056 auro
3137 1016 3280 1072 puro
3309 1000 3365 1059 in
3396 1008 3590 1072 typum
3640 1000 3737 1059 Di-

2149 1093 2424 1151 vinitatis.
2450 1093 2719 1149 Similiter
2742 1105 2800 1150 et
2833 1095 3101 1164 templum
3131 1094 3448 1150 Salomonis
3477 1102 3739 1149 ornatum

2147 1195 2271 1242 erat
2312 1203 2451 1243 auro
2486 1188 2809 1258 purissimo.
2865 1188 3044 1243 Porro
3089 1197 3276 1245 autem
3324 1203 3456 1243 arca
3515 1202 3739 1257 quoque

2148 1296 2317 1337 aurea
2349 1281 2632 1339 Christum
2679 1280 2921 1336 Verbum
2964 1280 3127 1336 nobis
3179 1280 3338 1349 prius
3384 1279 3739 1335 describebat

2146 1379 2204 1427 et
2227 1372 2636 1443 pratfigurahat.
2673 1374 2742 1429 Et
2778 1372 3016 1428 fortasse
3042 1388 3109 1428 ca
3144 1371 3214 1426 de
3244 1387 3412 1428 causa
3435 1372 3575 1441 Magi
3599 1386 3736 1441 quo—

2146 1480 2256 1535 que
2287 1463 2509 1521 Christo
2541 1468 2683 1535 (vice
2718 1466 2995 1533 omnium)
3036 1465 3285 1533 gentium
3313 1479 3515 1518 aurum
3540 1463 3738 1517 offere-

2146 1557 2300 1622 bant,
2322 1558 2565 1613 contrita
2588 1557 2830 1628 imagine
2848 1556 3191 1612 idololatria
3235 1571 3369 1626 quas
3392 1564 3515 1611 erat
3559 1554 3735 1626 Baby-

2147 1650 2299 1714 lone,
2332 1661 2390 1705 et
2417 1665 2482 1705 ea
2508 1649 2619 1720 ipsi
2644 1650 2849 1714 oblata,
2876 1659 2936 1703 ut
2971 1664 3096 1704 cum
3131 1650 3487 1704 obscuratam
3520 1657 3579 1704 et
3607 1661 3738 1702 eva-

2148 1751 2468 1797 nescentem
2496 1742 2687 1797 Adami
2713 1742 3009 1811 imaginem
3036 1740 3181 1812 (quae
3211 1739 3394 1795 fuerat
3427 1739 3598 1810 898
3635 1737 3736 1795 Dei

448 1826 568 1881 euri
590 1832 649 1880 et
673 1823 854 1880 scindi
888 1823 943 1877 in
977 1797 1219 1892 quatuor
1242 1820 1465 1888 fluvios,
1487 1832 1543 1877 et
1572 1821 1904 1877 eflicientem
1932 1797 2041 1879 Ec-

2149 1833 2331 1904 imago
2370 1843 2428 1889 et
2457 1833 2788 1898 similitudo,
2821 1797 2877 1887 et
2906 1797 3397 1903 cujus-character
3430 1833 3592 1887 valde
3619 1840 3737 1887 erat

447 1918 637 1974 elesiae
682 1917 1006 1987 spirituales
1042 1915 1287 1974 divitias.
1349 1915 1427 1973 De
1475 1930 1584 1986 qua
1633 1913 1771 1970 dicit
1820 1913 2039 1970 David:

444 2010 863 2065 Inebriabuntur
905 2007 1296 2080 a-pinguedine
1330 2006 1515 2062 domus
1542 2015 1664 2070 tum.
1700 2014 1749 2060 et
1809 2012 2042 2061 torrente

443 2103 735 2175 uoluptatis
781 2111 885 2157 tua:
911 2100 1119 2173 potabis
1168 2116 1303 2164 eos;
1352 2102 1608 2171 quoniam
1659 2100 1804 2172 apud
1857 2109 1907 2154 te
1962 2107 2041 2154 est

444 2197 565 2265 fons
587 2197 708 2251 vitta
737 2194 804 2249 ⁸³.

522 2288 738 2343 Flavius
772 2297 950 2342 autent
976 2287 1247 2357 egreditur
1271 2304 1336 2343 ex
1369 2287 1537 2345 Edent
1586 2287 1657 2340 ad
1704 2282 2041 2355 irrigandttm

443 2379 758 2451 paradisum
784 2395 801 2432 :
830 2377 979 2433 illinc
1005 2379 1326 2450 dispergitur
1354 2381 1411 2434 in
1435 2388 1669 2450 quatuor
1697 2379 1874 2439 initia.
1896 2376 2041 2437 Sub-

446 2486 767 2529 terraneam
834 2474 1059 2543 quidem
1100 2474 1327 2545 maligni
1382 2474 1784 2545 irrigationem,
1829 2473 2040 2533 fontem

444 2567 749 2637 appellavit
804 2566 1078 2637 propheta
1143 2565 1345 2633 Moses,
1409 2566 1715 2623 ostendens
1756 2566 2038 2623 diabolum

430 2674 570 2715 esse
604 2667 888 2721 auctorem
913 2667 971 2711 et
997 2658 1309 2729 genitorem
1340 2658 1485 2723 vitii,
1520 2666 1576 2714 et
1605 2674 1716 2713 non
1750 2658 1820 2713 ab
1848 2658 2039 2727 aliquo

443 2753 557 2808 alio
584 2752 869 2821 accepisse
899 2752 1125 2817 malum,
1162 2751 1259 2807 sed
1314 2750 1496 2821 ipsum
1545 2766 1669 2807 esse
1721 2751 1932 2809 fontem
1982 2759 2041 2808 et

444 2843 670 2901 initium
720 2844 987 2914 peccati;
1040 2844 1216 2900 sancti
1271 2853 1461 2901 autem
1508 2842 1751 2914 Spiritus
1802 2844 2036 2914 gratiam

446 2948 713 3006 tanquam
739 2951 807 2990 ex
832 2935 997 2990 Patre
1025 2935 1256 2991 fontano
1296 2935 1695 3005 procedentem
1729 2935 2042 2991 nominavit

444 3027 684 3084 ﬂuvium
714 3035 1030 3097 separatum
1059 3027 1129 3082 ab
1161 3026 1482 3084 infidelibus
1513 3045 1527 3081 :
1558 3027 1882 3099 irrigantem
1935 3044 2037 3084 au-

2146 1920 2478 1977 immutatus
2514 1936 2579 1975 ac
2601 1921 2842 1983 deletus,
2869 1921 3256 1991 contritusque
3289 1921 3461 1975 animi
3496 1921 3735 1977 motibus

2143 2026 2209 2066 ac
2236 2010 2805 2082 perturbationibus),
2839 2021 2897 2067 et
2923 2011 3187 2082 reliquias
3224 2011 3547 2068 divinorum
3585 2027 3735 2066 man-

2143 2103 2400 2159 datorum
2429 2118 2496 2158 ex
2545 2119 2762 2160 veneno
2808 2106 3106 2175 serpentis,
3158 2104 3421 2161 Christus
3471 2114 3733 2175 tanquam

2144 2195 2369 2253 divinus
2397 2196 2691 2255 character
2719 2205 2965 2266 paternae
3005 2197 3341 2269 bypostasis,
3379 2198 3736 2253 reformasset

2143 2287 2202 2347 in
2225 2288 2409 2359 seipse
2437 2290 2582 2345 servi
2619 2288 2853 2344 formam
2904 2291 3242 2361 suscipiens,
3292 2290 3582 2361 signaculo
3637 2290 3734 2345 ba-

2141 2382 2418 2453 ptismatis
2448 2398 2549 2452 per
2571 2390 2868 2452 aquamet
2901 2382 3084 2453 ignem
3126 2399 3255 2439 eam
3286 2391 3643 2454 expurgaret,
3676 2383 3735 2439 in

2139 2490 2206 2531 ea
2238 2474 2508 2545 impressa
2546 2475 2774 2545 propria
2797 2485 2854 2531 et
2894 2476 3263 2532 conveniente
3309 2476 3528 2531 ratione
3576 2474 3731 2530 fidei.

2141 2564 2433 2621 EtrurSus
2464 2562 2557 2619 fiat
2587 2580 2779 2619 aurum
2811 2563 2960 2619 illius
2985 2573 3145 2619 terra:
3177 2564 3391 2628 bonum,
3420 2579 3737 2635 congruen-

2144 2664 2230 2711 ter
2277 2656 2331 2712 ei
2366 2655 2516 2726 quod
2564 2656 2835 2726 scriptum
2884 2664 2972 2711 est
3024 2657 3093 2712 de
3155 2657 3435 2727 spirituali
3488 2656 3736 2713 Ecclesia

2140 2748 2377 2805 Evilath.
2402 2749 2462 2803 In
2489 2764 2555 2804 ea
2584 2749 2733 2804 enim
2772 2749 2889 2805 sola
2932 2757 3019 2806 est
3048 2749 3287 2819 probum
3311 2758 3369 2805 et
3417 2765 3529 2805 non
3574 2749 3733 2805 adul-

2140 2842 2384 2898 teriuum
2417 2857 2617 2898 aurum
2652 2841 2997 2912 dogmatum.
3029 2845 3230 2896 Arcam
3249 2849 3435 2897 autem
3457 2856 3584 2910 quae
3610 2849 3730 2897 ante

2140 2934 2415 3004 significat
2443 2934 2690 3005 gentium
2733 2934 3062 3000 Ecclesium,
3098 2934 3237 2990 dicit
3292 2934 3634 2989 intrinsecus
3676 2939 3733 2990 et

2141 3028 2493 3083 extrinsecus
2521 3043 2662 3081 auro
2707 3043 2848 3097 puro
2889 3042 3013 3082 esse
3047 3027 3346 3083 obductam
3395 3025 3734 3090 Divinitatis,

432 3132 559 3176 item
597 3129 839 3190 quatuor
862 3120 1040 3176 initiis
1062 3124 1113 3188 (a
1140 3120 1362 3186 finibus,
1382 3120 1629 3192 inquam,
1649 3121 1800 3178 orbis
1831 3124 2036 3195 teme),
2065 3139 2106 3197 ς
2140 3121 2402 3189 quoniam
2430 3129 2487 3175 et
2511 3135 2635 3190 qua:
2657 3128 2786 3174 sunt
2816 3120 3165 3179 extrinsecus
3210 3119 3355 3191 (quae
3409 3119 3527 3174 sola
3580 3118 3735 3174 videt

440 3214 763 3285 paradisum
792 3214 1051 3271 Ecclesia:
1100 3230 1295 3270 eorum
1334 3214 1430 3285 qui
1476 3215 1714 3271 credunt
1772 3216 1829 3271 in
1873 3216 2033 3273 Chri-

442 3317 615 3362 stum.
665 3305 871 3362 Nomen
900 3313 1080 3361 autem
1114 3307 1209 3361 uni
1253 3305 1470 3362 Phison.
1526 3307 1633 3362 Iste
1682 3316 1756 3363 est
1796 3310 1886 3379 qui
1931 3311 2035 3364 cir-

442 3400 550 3454 cuit
579 3412 794 3451 ornnem
822 3404 1023 3450 terram
1051 3394 1288 3451 Evilath.
1332 3394 1392 3451 lu
1429 3395 1692 3453 omnibus
1736 3396 1876 3453 locis
1915 3406 2035 3457 tere

444 3491 601 3545 renis
629 3505 753 3559 quae
776 3496 909 3545 sunt
941 3488 1255 3555 manifesta,
1291 3504 1402 3544 non
1426 3498 1511 3545 est
1536 3489 1694 3545 locus
1728 3490 1824 3560 qui
1867 3506 2035 3546 νοω-

444 3594 539 3636 tur
566 3580 813 3636 Evilath.
864 3578 1237 3645 Quamobrem
1299 3579 1431 3637 hinc
1477 3595 1703 3651 quoque
1752 3582 2037 3653 arguimus

444 3671 705 3728 infideles
763 3670 915 3742 quod
967 3671 1231 3743 mysteria
1279 3670 1590 3742 spiritualia
1636 3672 1801 3729 nobis
1847 3683 2041 3731 narrat

442 3764 757 3836 Scriptura.
780 3763 989 3820 Phison
1017 3764 1171 3821 enim
1205 3765 1605 3836 interpretatur
1670 3782 1728 3821 os
1762 3765 2039 3822 alteratio-

445 3858 548 3911 nis.
600 3856 722 3926 Ipsa
760 3864 946 3911 autem
975 3856 1229 3912 alteratio
1256 3873 1355 3912 seu
1388 3859 1624 3914 mutatio
1648 3859 1888 3918 dextera:
1924 3860 2038 3916 Ex-

445 3947 579 4009 celsi
626 3948 775 4004 facta
821 3957 908 4005 est
932 3964 1058 4005 cum
1082 3948 1332 4005 divinum
1362 3950 1607 4006 Verbum
1634 3952 1930 4008 alterasset
1972 3967 2041 4009 ac

447 4048 723 4097 mutasset
750 4058 765 4095 :
796 4056 860 4097 os
885 4049 943 4101 et
979 4041 1239 4112 spiritum
1273 4043 1558 4108 Ecclesia,
1590 4059 1659 4100 ex
1697 4044 2043 4116 blasphemia

446 4137 505 4190 in
530 4133 720 4199 ﬁdem,
743 4142 800 4190 et
825 4149 894 4189 ex
926 4134 1321 4191 maledicentia
1353 4134 1410 4188 in
1440 4135 1776 4207 theologiam
1806 4152 1905 4193 seu
1940 4137 2041 4192 Dei

449 4227 674 4285 laudem
706 4242 772 4285 ac
804 4226 1283 4297 pmdicationem.
1313 4226 1533 4282 Evilath
1580 4236 1787 4292 autem,
1846 4242 2044 4283 rursus

449 4322 858 4388 interpretatur
887 4317 1192 4387 parturiens
1220 4324 1278 4371 et
1316 4316 1556 4386 pariens.
1586 4314 1871 4386 Signiﬁcat
1893 4316 2043 4373 enim

444 4410 680 4481 proprie
700 4410 953 4481 gentium
977 4409 1284 4465 Ecclesiam
1321 4423 1446 4478 quae
1463 4408 1766 4478 aliquando
1787 4416 1908 4465 erat
1929 4417 2043 4465 ste-

2141 3212 2384 3283 .ludatus)
2414 3213 2565 3269 Deus
2593 3211 2764 3267 eflicit
2794 3220 2856 3268 ut
2889 3210 3137 3283 fulgeant
3174 3230 3186 3266 :
3219 3221 3276 3267 et
3302 3228 3426 3283 qua:
3477 3219 3608 3266 sunt
3655 3211 3736 3265 in-

2133 3305 2436 3370 trinsecus,
2464 3319 2589 3375 qua:
2619 3320 2747 3361 cum
2786 3305 2853 3360 iis
2875 3321 3001 3375 quae
3022 3314 3154 3360 sunt
3185 3305 3541 3361 extrinsecus
3585 3304 3729 3375 aspi-

2132 3398 2214 3454 cis
2236 3397 2496 3469 (populus
2517 3397 2783 3467 gentilis),
2814 3396 2961 3452 idem
2989 3396 3286 3458 illuminat,
3319 3412 3445 3450 eam
3475 3396 3722 3466 undique

2134 3491 2445 3554 illustrans,
2481 3489 2704 3545 etiamsi
2725 3488 2951 3545 Judaeus
2975 3496 3202 3558 propter
3228 3488 3601 3558 ignorantiam
3624 3504 3729 3542 non

2132 3583 2632 3653 videtprobitatem
2649 3583 2771 3653 ejus
2790 3581 2941 3652 quod
2962 3591 3048 3637 est
3066 3581 3729 3652 extrinsecus.'l‘emplum

2137 3682 2323 3728 autem
2362 3672 2674 3728 Salomonis
2702 3671 2981 3743 ﬁgurabat
3010 3672 3291 3741 templum.
3315 3671 3647 3737 humanum,
3678 3673 3730 3727 in

2137 3780 2249 3834 quo
2298 3764 2513 3820 habitat
2559 3764 2857 3820 Trinitas:
2896 3763 3046 3835 quod
3114 3764 3457 3822 intrinsecus
3508 3765 3729 3835 quidem

2138 3857 2313 3928 fulget
2366 3872 2526 3923 auro,
2570 3866 2869 3928 propterea
2902 3856 3055 3928 quod
3077 3857 3338 3928 templum
3364 3857 3460 3914 Dei
3486 3858 3640 3930 quod
3654 3866 3733 3913 est

2141 3949 2197 4005 in
2229 3950 2456 4006 homine
2496 3949 2839 4006 intrinsecus
2879 3950 3059 4006 solum
3083 3949 3290 4005 habere
3317 3949 3520 4005 debeat
3546 3950 3730 4021 splen-

2142 4042 2335 4097 dorem
2366 4056 2621 4110 operum,
2650 4047 2707 4094 et
2729 4057 2840 4095 non
2880 4041 3047 4096 etiam
3069 4041 3420 4096 extrinsecus
3444 4041 3513 4095 ad
3542 4050 3728 4096 osten-

2143 4131 2411 4191 tationem
2437 4147 2451 4184 :
2481 4129 2744 4199 quoniam
2783 4129 2972 4200 fulgur
3004 4144 3228 4199 quoque
3258 4129 3578 4193 Divinitatis
3598 4129 3720 4184 illu-

2143 4222 2319 4281 minat
2340 4221 2603 4287 animam,
2628 4230 2687 4275 et
2714 4236 2837 4276 eam
2869 4220 3055 4276 reddit
3079 4236 3216 4275 auro
3250 4219 3429 4275 forma
3463 4220 3729 4287 similem;

2146 4329 2350 4385 corpus
2373 4322 2559 4370 autem
2590 4321 2779 4369 manet
2816 4313 3134 4385 neglectum
3187 4322 3246 4368 et
3307 4319 3686 4382 contemptum
3715 4330 3728 4366 :

2144 4407 2352 4465 nullam
2384 4405 2533 4462 enim
2569 4405 2689 4476 ejus
2713 4405 2883 4461 habet
2921 4404 3191 4461 rationem
3236 4404 3284 4460 is
3310 4404 3401 4459 cui
3429 4417 3580 4460 cura:
3608 4412 3733 4459 sunt

449 4503 594 4568 rilis,
622 4502 691 4558 ad
719 4516 885 4571 quam
923 4502 1069 4556 Deus
1098 4500 1301 4555 clamat
1322 4515 1429 4569 per
1474 4514 1669 4555 vocem
1716 4500 2037 4570 prophetae:
2071 4483 2119 4547 ί)
2146 4503 2384 4558 interna.
2435 4501 2607 4556 Porro
2638 4510 2825 4555 autem
2872 4517 3012 4557 urna
3048 4515 3271 4571 quoque
3312 4498 3616 4570 (siquidem
3643 4512 3732 4553 ac-

446 4594 676 4660 Ltatare,
699 4593 898 4649 sterilis
919 4608 1039 4663 que
1065 4609 1170 4647 non
1201 4593 1382 4662 paris;
1403 4608 1618 4663 erumpe
1633 4599 1683 4646 et
1706 4591 1903 4657 etanta,
1931 4609 2049 4663 qua

2142 4593 2388 4663 cipiatur
2425 4608 2529 4663 pro
2558 4594 2766 4664 anima)
2794 4592 2905 4649 fert
2933 4592 3151 4658 Manna,
3182 4606 3383 4661 nempe
3407 4589 3686 4646 Christum
3712 4606 3729 4655 ;

448 4704 557 4741 non
577 4686 816 4758 parturis
850 4703 863 4717 ’
894 4686 1151 4757 quoniam
1174 4683 1354 4755 plures
1384 4692 1508 4738 sunt
1528 4682 1631 4752 filii
1672 4684 1896 4740 deserta:
1931 4699 2051 4738 ma-
2145 4685 2229 4738 sin
2270 4692 2456 4739 autem
2505 4700 2607 4755 pro
2654 4684 2927 4749 Ecclesia,
2980 4685 3092 4740 fert
3145 4699 3345 4754 panem
3394 4684 3730 4754 mysticum:

449 4780 529 4849 gis
548 4794 711 4849 quam
738 4777 856 4852 eius
900 4791 1018 4847 quae
1043 4775 1197 4830 habet
1225 4774 1399 4829 virum
1422 4774 1468 4806 “
1514 4788 1581 4828 ex
1633 4772 1863 4830 Judaeis.
1900 4773 2053 4839 Quo-
2147 4789 2312 4845 quem
2338 4776 2564 4846 quidem
2596 4791 2708 4830 non
2732 4775 3009 4839 redolent,
3054 4775 3326 4830 hodierno
3378 4773 3474 4829 die
3516 4783 3575 4830 et
3616 4789 3736 4830 cra-

448 4872 601 4926 niam
631 4869 840 4925 sterilis
871 4867 1094 4938 peperit
1125 4874 1338 4935 septem
1370 4881 1386 4930 ;
1427 4875 1483 4920 et
1525 4879 1647 4934 qum
1672 4864 1921 4934 parturit
1961 4870 2050 4919 est
2151 4869 2300 4924 stino
2329 4878 2388 4924 et
2419 4868 2704 4938 deinceps,
2728 4883 2931 4923 manna
2963 4876 3379 4923 conservantes.

448 4961 762 5033 propinqua
795 4958 1005 5030 partui,
1032 4957 1182 5015 etin
1237 4964 1403 5027 partu
1460 4970 1564 5011 suo
1614 4956 1695 5013 sic
1736 4952 2041 5013 clamavit:

447 5054 635 5111 (leniti
669 5067 866 5108 sumus
885 5050 1094 5108 dilecto
1115 5048 1258 5105 Filio
1287 5047 1387 5104 Dei
1431 5046 1529 5119 qui
1577 5047 1785 5104 dicitur
1814 5048 2042 5113 Phison,

442 5147 661 5216 quiest
681 5159 746 5203 os
777 5144 981 5208 Patris,
1017 5152 1077 5201 et
1110 5141 1348 5201 mutavit
1376 5154 1556 5211 genus
1583 5148 1835 5196 nostrum
1862 5154 1894 5195 a
1919 5154 2044 5194 cor.

452 5234 793 5306 ruptionein
817 5232 1323 5303 incorruptionem,
1351 5237 1409 5284 et
1460 5230 1651 5284 circuit
1694 5238 1752 5284 et
1802 5230 2047 5286 custodit

453 5343 665 5383 omnem
683 5334 889 5383 terram
920 5324 1133 5382 Evilath
1152 5340 1277 5395 qua
1304 5323 1543 5394 parturit
1570 5331 1645 5377 et.
1674 5323 1820 5392 parit
1858 5323 2039 5393 ipsum

454 5420 758 5479 Christum.
810 5418 1184 5488 Quamobrem
1230 5416 1521 5486 subiunxit
1565 5414 1759 5470 dicens
1809 5414 1883 5470 de
1936 5415 2042 5470 hac

455 5511 743 5584 sp‘irituali
769 5511 1006 5575 Evilatlt,
1031 5509 1179 5581 quod
1210 5508 1322 5565 illic
1351 5517 1429 5563 est
1459 5520 1674 5569 aurum,
1707 5523 1904 5562 aurum
1942 5526 2043 5562 au-

455 5614 561 5661 tem
591 5603 736 5659 illius
767 5612 927 5658 terra
949 5611 1025 5657 est
1054 5603 1249 5659 bonum
1292 5618 1310 5655 :
1342 5601 1450 5656 hoc
1487 5608 1569 5655 est
1602 5599 1874 5654 Divinitas
1918 5616 2042 5670 quan

478 5798 906 5885 SDeu—tsrvpill.’
942 5798 1016 5848 7“
1044 5815 1188 5871 Psal.
1229 5798 1433 5882 “11,9.

524 5750 570 5782 "
610 5747 752 5802 Psal.
785 5763 906 5807 xm,
931 5746 982 5799 5.
1027 5744 1071 5776 ‘°
1095 5744 1198 5798 lsa.
1229 5759 1369 5805 Lm,
1408 5743 1492 5797 19.
1574 5744 1616 5774 ⁸⁸
1641 5742 1779 5797 Joan
1824 5757 1933 5808 ΧΠ,
1961 5740 2054 5797 28.

2219 4960 2319 5016 Est
2350 4960 2520 5016 etiam
2544 4961 2688 5015 alius
2705 4959 2930 5031 quidam
2960 4960 3123 5030 lapis,
3147 4960 3242 5029 qui
3267 4957 3447 5030 gratia
3481 4973 3583 5028 per
3608 4972 3740 5015 con-

2146 5052 2618 5123 temperationem
2671 5052 2921 5123 suscepit
2968 5052 3327 5107 auriformem
3385 5051 3740 5121 splendorem

2145 5145 2509 5211 Divinitatis;
2538 5145 2686 5200 alius
2706 5152 2896 5200 autem
2921 5144 3018 5215 qui
3056 5143 3304 5213 suscepit
3342 5159 3481 5213 pura
3512 5152 3570 5197 et
3624 5158 3736 5198 non

2146 5234 2459 5291 adulterina
2495 5235 2787 5306 theologia:
2814 5234 3093 5306 dogmata,
3116 5245 3174 5289 et
3195 5234 3265 5289 iis
3286 5234 3603 5288 illustratur
3639 5250 3654 5287 :
3685 5243 3741 5288 et

2147 5328 2262 5383 illic
2279 5336 2366 5382 est
2388 5326 2764 5382 carbunculus
2786 5335 2844 5382 et
2864 5327 3006 5397 lapis
3027 5326 3317 5398 prasinus;
3341 5324 3735 5389 carbunculus,

2154 5418 2246 5475 Sol
2279 5418 2544 5482 cmlestis,
2570 5419 2720 5473 Deus
2752 5419 3019 5475 Verbum.
3057 5418 3191 5473 Deus
3237 5418 3387 5472 enim
3441 5426 3620 5472 noster
3662 5423 3741 5472 est

2146 5510 2286 5581 ignis
2321 5525 2634 5564 consumens
2670 5509 2717 5541 “
2754 5527 2768 5564 :
2801 5519 2859 5566 et
2906 5511 3033 5567 ideo
3090 5511 3361 5566 carbones
3405 5510 3577 5564 etiam
3628 5524 3739 5565 suc-

2149 5603 2291 5655 censi
2314 5612 2440 5657 sunt
2471 5602 2536 5657 ab
2559 5619 2621 5657 eo
2652 5603 2720 5657 “.
2750 5602 2928 5674 Hujus
2951 5604 3047 5674 qui
3089 5602 3297 5659 dicitur
3340 5600 3734 5665 carbunculus,

2132 5742 2177 5775 “
2199 5741 2357 5798 Joan.
2381 5741 2595 5810 “1,58.
2672 5741 2718 5775 ⁸³
2747 5741 2892 5799 Psal.
2927 5759 3086 5817 xxxv,
3116 5742 3169 5811 9,
3204 5741 3291 5797 l0.
3369 5739 3413 5774 “
3432 5740 3536 5796 lsa.
3565 5735 3733 5806 uv,i.
