4098 6468
424 459 528 524 977

1497 461 1575 522 IN
1616 456 2165 521 IIEXAEBIERON.
2196 456 2263 493 -έ
2290 461 2435 521 LIB.
2477 458 2645 520 VIII.

3598 455 3729 516 978-.

421 579 558 628 sunt
586 585 779 627 omnes
805 572 925 642 ejus
951 570 1205 643 imaginis
1243 571 1575 637 conformes,
1612 573 1797 628 eﬂecti
1831 573 1999 628 lumi-
2036 575 2083 632 Α
2110 572 2531 629 Bethleemitieo
2590 569 2735 625 antri
2793 568 2947 639 (mite
2981 609 2995 632 ,
3054 567 3122 622 ad
3173 568 3314 623 Geon
3360 568 3587 621 ﬂuvium
3646 570 3703 623 in

422 663 581 718 naria
616 659 820 733 quibus
854 663 1075 718 dicebat
1105 682 1117 716 :
1145 661 1257 734 Ego
1275 680 1396 718 sum
1423 662 1516 718 tua:
1536 666 1721 719 mundi
1747 666 1813 720 ⁸⁷.
1848 665 2008 720 llunc

419 756 725 812 carbonem
756 755 854 811 Dei
887 756 1054 811 Verbi
1085 757 1241 826 prius
1291 756 1588 829 descripsit
1632 772 1698 812 ac
1752 756 2010 829 ﬁguravit

420 848 521 903 ille
550 863 771 918 quoque
800 849 969 904 carbo
1007 864 1173 918 quem
1206 845 1345 907 vidit
1394 850 1569 905 Isaias
1613 850 1659 882 “
1717 850 1774 904 in
1824 850 2010 905 medio

412 956 549 995 esse
573 940 805 1010 forcipe,
833 948 887 995 et
925 956 1162 1012 purgare
1193 943 1317 1014 ejus
1352 954 1600 1012 peccata.
1635 943 1877 1012 Forceps
1914 958 2012 997 au-

412 1038 537 1083 tem
560 1028 764 1084 Christi
799 1045 895 1099 per
922 1029 1060 1085 duas
1087 1030 1349 1100 pinnulas
1380 1046 1510 1086 eum
1555 1039 1753 1086 tenens
1799 1039 1886 1086 est
1923 1031 2011 1085 in-

414 1127 695 1175 temerata
718 1120 842 1190 ejus
878 1118 1067 1186 Mater,
1101 1129 1157 1175 et
1188 1121 1605 1176 sanctissimum
1635 1123 1755 1193 ejus
1785 1137 2012 1192 corpus.

405 1211 545 1268 Illic
574 1219 671 1274 est,
701 1212 753 1266 in
784 1212 968 1267 medio
988 1213 1204 1268 scilicet
1226 1229 1444 1280 eorum,
1478 1214 1877 1280 carbunculus,
1919 1214 2015 1268 de-

407 1304 556 1359 inde
585 1319 780 1358 rursus
805 1304 861 1359 in
896 1304 1091 1359 eodem
1115 1304 1284 1360 ﬂuvio
1306 1306 1449 1376 lapis
1469 1322 1691 1377 quoque
1724 1307 2009 1376 prasinus.

409 1396 646 1452 Primus
680 1396 901 1466 quidem
931 1398 1260 1453 carbunculi
1289 1399 1444 1454 color
1474 1406 1563 1453 est
1624 1398 1888 1463 ccclestis,
1930 1412 2017 1452 se-

413 1489 643 1543 cundus
666 1496 854 1544 autem
884 1489 1213 1544 terrestris:
1246 1499 1541 1560 propterea
1570 1489 1719 1545 enim
1765 1503 1872 1543 nec
1912 1504 2013 1558 ap-

413 1579 593 1652 pellat
612 1580 854 1649 lapidem
885 1580 981 1651 qui
1012 1582 1261 1637 nascitur
1282 1597 1312 1637 e
1346 1590 1512 1647 terra,
1538 1589 1596 1637 et
1623 1581 1720 1652 qui
1744 1590 1830 1636 est
1856 1587 2019 1651 typus

419 1684 665 1730 terrenae
693 1675 880 1728 carnis
906 1674 1095 1730 Verbi.
1127 1675 1426 1745 Propterea
1450 1684 1636 1729 autem
1667 1673 1817 1744 quod
1847 1673 2018 1725 omnis

417 1780 553 1818 caro
578 1772 662 1818 est
687 1764 872 1833 fenum
904 1766 970 1830 ⁸⁸,
997 1780 1163 1821 omne
1196 1775 1381 1820 autem
1426 1765 1614 1820 fenum
1639 1765 1924 1820 virescens
1960 1764 2018 1818 in

421 1858 612 1912 colore
648 1858 895 1912 cernitur
942 1857 1109 1912 viridi
1145 1867 1243 1914 aut
1269 1867 1529 1929 tauquam
1560 1872 1850 1929 porraceo,
1883 1872 2007 1926 pro-

421 1959 616 2022 pterea
639 1950 695 2004 id
720 1966 940 2021 quoque
963 1952 1113 2022 quod
1144 1951 1352 2008 Christi
1382 1922 1469 2008 est
1491 1922 1735 2019 carnale,
1771 1922 2007 2022 utquod
2045 1922 2086 1978 Β

421 2059 457 2096 e
504 2051 649 2097 terra
680 2042 1090 2112 germinaverit,
1151 2044 1514 2099 assimilatum
1557 2054 1643 2100 est
1701 2045 1754 2100 ei
1790 2045 2009 2100 colori.

426 2132 586 2189 Unde
624 2134 785 2189 etiam
844 2135 1069 2190 divinus
1114 2136 1309 2191 Daniel
1344 2137 1527 2192 carnis
1574 2147 1843 2207 susceptae
1902 2136 2013 2192 dis-

425 2227 804 2297 pensationem
858 2226 1098 2296 lapidem
1177 2227 1498 2297 appellavit,
1561 2229 1795 2284 dicens:
1843 2229 2010 2300 Lapis

422 2329 503 2374 est
526 2321 727 2373 excisus
750 2336 814 2373 ea:
842 2329 1020 2374 monte
1050 2319 1533 2391 virginali'absque
1570 2322 1815 2376 manibus
1842 2323 1888 2354 ⁷⁸
1923 2338 2009 2378 se-

420 2412 823 2468 minationis'et
856 2414 1229 2483 corruptionis
1262 2430 1277 2466 :
1316 2412 1569 2484 Lapidem
1622 2430 1778 2481 quem
1822 2430 2012 2485 repro-

423 2505 622 2560 barunt
664 2504 994 2560 exsecrandi
1049 2505 1397 2573 mdiﬁcatores
1458 2507 1499 2539 '”
1557 2507 1652 2577 qui
1686 2507 1755 2561 ad
1788 2523 2015 2564 carnem

430 2597 786 2652 offenderunt
803 2613 927 2666 quae
939 2598 1202 2667 populum
1225 2613 1283 2653 se
1305 2598 1578 2654 aedificare
1600 2600 2010 2667 existimabant,

432 2686 640 2745 Scriba:
663 2698 715 2744 et
743 2690 1028 2745 Pharisaei.
1053 2691 1131 2746 De
1154 2708 1263 2761 quo
1292 2691 1473 2762 lapide
1494 2692 1629 2769 dicit
1674 2693 1837 2747 etiam
1867 2694 2013 2749 Deus

427 2795 536 2850 per
557 2796 738 2835 vocem
769 2776 1003 2838 alterius
1037 2784 1360 2853 prophetae:
1414 2785 1544 2839 Ecce
1587 2802 1724 2856 pono
1769 2788 1825 2840 in
1883 2784 2014 2841 Sion

426 2871 678 2942 lapidem,
702 2883 763 2928 ut
786 2877 956 2929 omnis
990 2877 1081 2946 qui
1108 2877 1272 2930 credit
1307 2878 1362 2931 in
1394 2894 1513 2932 eum
1538 2878 1737 2948 pudore
1763 2895 1867 2933 non
1891 2879 2015 2948 afﬁ-

419 2965 601 3018 ciatur
625 2967 690 3020 ".
726 2965 874 3030 Haec,
909 2978 971 3023 ut
997 2984 1098 3039 ego
1122 2970 1346 3039 quidem
1392 2971 1657 3036 arbitror,
1715 2987 1818 3027 nos
1871 2972 2012 3028 aani-

417 3057 664 3125 gmatice
695 3057 861 3113 docet
885 3059 1160 3129 dogmata,
1205 3061 1392 3116 divina
1417 3061 1720 3132 Scriptura,
1771 3078 1872 3134 per
1910 3048 2021 3118 host

416 3147 623 3203 ﬂuvios
654 3159 709 3204 et
733 3166 950 3216 aurum,
984 3153 1385 3207 carbunculum
1407 3139 1464 3209 et
1486 3155 1837 3225 smaragdum
1867 3172 2011 3212 :non

2108 664 2341 737 ZEgypto
2378 663 2771 736 proficiscitur,
2801 660 3063 733 quoniam
3093 661 3373 715 secundus
3417 678 3481 715 ex
3534 680 3699 730 paru-

2111 757 2226 811 diso
2254 756 2419 824 Geon,
2447 764 2504 811 et
2536 756 2819 812 secundus
2856 753 3138 827 hyposlasi
3171 769 3238 809 ex
3292 754 3453 808 Patre
3505 754 3733 808 Filius,

2113 848 2271 904 Unde
2316 849 2485 911 etiam
2534 865 2603 903 ex
2658 856 3061 902 cataractarum
3098 844 3396 900 altitudine
3422 846 3707 917 egreditur

2114 948 2171 995 et
2224 939 2517 996 descendit
2548 940 2725 1005 Geon,
2767 939 3029 1010 quoniam
3061 937 3318 993 Christus
3373 953 3598 1008 quoque
3640 955 3708 994 ex

2116 1034 2425 1090 caelestium
2449 1017 2855 1090 cataractarum
2879 1032 3176 1087 altitudine
3213 1032 3507 1087 descendit
3537 1046 3710 1102 super

2117 1133 2343 1179 terram.
2380 1123 2737 1194 Superiorem
2761 1121 3055 1193 .‘Elhiopizc
3081 1130 3137 1176 et
3178 1121 3497 1176 inferiorem
3544 1121 3712 1193 Egy-

2116 1217 2198 1288 pti
2233 1216 2512 1287 regionem
2541 1217 2734 1286 irrigat
2763 1223 2820 1270 et
2854 1215 2994 1268 ditat
3027 1213 3204 1279 Geon,
3245 1214 3527 1285 quomodo
3552 1214 3714 1270 Chri-

2117 1316 2238 1364 stus
2262 1323 2485 1378 quoquc
2508 1307 2752 1362 caelestia
2772 1315 2829 1361 et
2852 1294 3140 1362 terrestria
3159 1306 3300 1362 ditat
3326 1316 3382 1362 et
3410 1308 3705 1364 illuminat.

2116 1403 2198 1459 Ex
2230 1400 2433 1471 ignotis
2466 1409 2523 1455 et
2556 1399 3044 1470 inaspectabilibus
3086 1400 3492 1471 inaecessisque
3524 1409 3581 1455 et
3628 1402 3715 1456 in-

2118 1492 2518 1550 scrutabilibus
2566 1492 2707 1547 locis
2746 1490 2910 1546 ambo
2961 1491 3329 1561 procedentes
3365 1491 3716 1547 descendunt

2118 1585 2176 1639 in
2225 1584 2347 1639 loca
2398 1583 2644 1638 habitata
2689 1600 2702 1636 :
2743 1594 2910 1652 atque
2957 1582 3095 1637 adeo
3137 1582 3194 1636 in
3240 1582 3407 1637 rebus
3457 1584 3725 1639 omnibus.

2120 1675 2311 1748 liguris
2364 1686 2422 1732 et
2464 1675 2735 1746 exemplis
2768 1674 2922 1730 Geon
2953 1675 3237 1751 praedicat,
3268 1683 3325 1729 et
3364 1662 3716 1744 apertissime

2121 1769 2321 1828 clamat
2366 1767 2574 1824 Christi
2632 1767 2915 1840 mysteria.
2968 1752 3337 1834 Quamobrem
3392 1768 3569 1834 Nilus,
3621 1770 3722 1838 qui

2122 1861 2422 1932 aliquando
2456 1861 2526 1917 ab
2568 1861 2730 1916 initio
2766 1861 3023 1917 scaturiit
3051 1860 3320 1931 sanguine
3345 1872 3403 1917 et
3428 1876 3592 1931 aqua,
3619 1879 3713 1932 per

2112 1957 2424 2027 exemplum
2483 1954 2647 2010 nobis
2702 1962 2833 2010 ante
2901 1954 3224 2026 praedicavit
3278 1955 3601 2026 sanguinem
3662 1965 3714 2008 et

2114 2066 2310 2120 aquam
2353 2056 2736 2105 emanaturam
2770 2065 2840 2104 ex
2880 2050 3053 2104 latere
3109 2047 3264 2103 ﬂuvii
3318 2048 3416 2103 Dei
3468 2049 3600 2103 Jesu
3661 2048 3718 2101 in

2113 2142 2401 2213 Golgotha.
2433 2142 2501 2196 Et
2526 2150 2695 2197 totam
2718 2149 2929 2196 terram
2963 2141 3055 2196 hic
3083 2140 3238 2196 Geon
3267 2139 3433 2195 simul
3455 2139 3717 2210 irrigans,

2113 2242 2169 2288 et
2205 2249 2397 2287 rursus
2436 2232 2502 2286 ad
2528 2233 2813 2303 proprium
2847 2247 3013 2293 suum
3037 2231 3280 2302 priorem
3307 2231 3493 2285 locum
3526 2246 3714 2286 rever-

2114 2329 2258 2387 tens,
2291 2321 2543 2376 cernitur
2566 2320 2851 2376 Christum
2879 2320 3255 2391 prmiigurare,
3302 2320 3397 2391 qui
3446 2319 3718 2375 mundum

2113 2411 2363 2481 irrigavit
2396 2419 2452 2466 et
2476 2411 2810 2467 illuminavit
2842 2412 3014 2466 simul
3049 2411 3244 2467 dicens
3276 2430 3289 2465 :
3324 2412 3438 2483 Ego
3466 2429 3498 2466 α
3555 2411 3717 2466 Putre

2115 2513 2230 2551 meo
2253 2499 2409 2564 emisi,
2435 2506 2487 2552 et
2505 2516 2689 2553 rursus
2715 2500 2786 2553 ad
2821 2498 3038 2554 Patrem
3073 2517 3248 2554 meum
3276 2500 3434 2566 uado;
3460 2515 3723 2556 reversus

2113 2605 2236 2646 sum
2262 2590 2317 2644 in
2338 2590 2546 2660 priora,
2575 2606 2811 2661 meaque
2829 2606 2941 2647 non
2964 2586 3389 2664 circumscripta
3410 2601 3542 2648 sunt
3572 2593 3714 2649 loca-

2112 2683 2220 2738 I‘ste
2254 2681 2664 2739 amoenissimus
2716 2692 2773 2739 et
2828 2684 3065 2756 frugifer
3120 2680 3280 2740 Nilus
3326 2684 3534 2740 occidit
3584 2685 3717 2739 olim

2113 2777 2415 2832 sceleratos
2454 2776 2600 2832 fctus
2628 2772 3001 2848 primogenita
3047 2777 3439 2833 Pharaonitica
3489 2779 3719 2850 legisla-

2113 2870 2251 2924 toris
2276 2870 2435 2941 jussu
2469 2878 2648 2925 morte
2693 2868 2911 2935 aﬂ‘ecta,
2950 2871 3111 2940 prius
3151 2870 3409 2926 iudicans
3441 2879 3499 2926 et
3544 2870 3717 2944 signi-

2114 2959 2283 3017 ficans
2310 2959 2599 3017 Christum
2625 2961 2722 3031 qui
2752 2961 2961 3017 occidit
3004 2963 3377 3035 primogenita
3407 2964 3721 3020 Pharaonis

2113 3054 2322 3111 diaboli
2374 3054 2760 3127 (impietatem,
2815 3055 3080 3125 inquam,
3117 3066 3176 3112 et
3224 3057 3621 3126 idololatriam)
3658 3059 3715 3112 in
3762 3091 3766 3095 ς

2114 3149 2390 3221 profundo
2413 3164 2569 3220 aqua:
2597 3149 2975 3220 baptismatis.
2997 3148 3108 3207 Iste
3137 3150 3289 3206 Geon
3317 3151 3530 3221 primus
3553 3150 3745 3207 nobis-

415 3243 581 3294 enim
612 3257 715 3295 nos
767 3242 1023 3298 auriliccs
1069 3252 1125 3298 et
1156 3245 1514 3325 gemmarios,
1549 3262 2013 3320 gemmarumque
2037 3266 2081 3324 ο
2115 3243 2412 3315 descripsit
2455 3243 2783 3315 gravissima
2836 3242 3220 3315 Egyptiorum
3252 3244 3526 3314 supplicia
3586 3260 3713 3314 quae

411 3348 563 3388 auro
589 3335 1087 3405 conglutinatarum
1109 3335 1327 3393 fusores
1350 3336 1573 3394 eﬂicere
1607 3340 1806 3397 volens
1828 3349 1887 3397 et
1908 3341 2012 3398 (ἰοσ-

408 3439 555 3479 cens
581 3425 701 3481 haec
735 3427 872 3482 dicit
911 3427 1221 3499 Scriptura.

498 3512 796 3571 Videamus
830 3526 1014 3572 autem
1039 3520 1206 3574 etiam
1229 3535 1292 3575 ea
1310 3536 1432 3591 quae
1447 3531 1760 3593 sequuntur
1786 3525 1842 3580 in
1866 3522 2012 3581 Scri-

409 3614 606 3675 ptura.
672 3607 806 3663 Nam
842 3602 967 3664 cum
991 3610 1224 3666 dixisset
1245 3612 1491 3682 priorem
1514 3608 1746 3670 ﬂuvium
1776 3616 2011 3684 Phison,

407 3698 710 3770 subjunxit
743 3700 934 3757 dicens
964 3719 977 3755 :
1016 3701 1089 3757 Et
1116 3719 1306 3758 nomen
1347 3706 1576 3763 secundo
1603 3708 1764 3779 ﬂuvio
1816 3708 1958 3765 Geon
1988 3726 2007 3772 ;

407 3791 524 3845 iste
555 3802 637 3845 est
660 3793 749 3864 qui
774 3795 961 3849 circuit
989 3811 1196 3850 omnem
1239 3811 1442 3852 terram
1485 3797 1790 3872 Ethiopiw.
1823 3800 2021 3857 Traxit-

410 3901 530 3940 nos
564 3882 900 3956 procedens
949 3888 1129 3945 oratio
1186 3891 1293 3946 Nili
1322 3891 1661 3948 ﬂuentorum
1695 3893 1753 3948 in
1779 3893 2024 3967 {Egypto

408 3977 795 4058 latitudinem,
858 3988 918 4036 ut
968 3997 1092 4052 quae
1154 3998 1256 4037 nos
1310 3983 1603 4040 deduxerit
1629 3985 1697 4041 ad
1744 3986 1907 4053 Geon,
1939 3987 2006 4042 ad

409 4085 592 4141 quem
627 4074 860 4128 maxime
889 4073 1205 4149 derivamus
1234 4075 1464 4132 ﬂuvium
1501 4079 1668 4152 hujus
1723 4081 2013 4146 orationis,

408 4167 483 4215 ct
529 4175 630 4215 nos
652 4170 872 4230 oportet
892 4164 1119 4218 omnino
1144 4165 1199 4220 in
1227 4164 1521 4239 Egyptum
1550 4170 1858 4230 orationem
1908 4172 2018 4227 ele-

412 4251 650 4321 gantius
691 4262 1035 4310 convertere.
1072 4255 1209 4311 Nam
1256 4268 1424 4329 super
1462 4275 1656 4317 omnes
1687 4261 1887 4318 ﬂuvios
1920 4263 2016 4334 qui

414 4338 670 4398 violento
706 4345 914 4414 impetu
945 4346 1124 4403 ﬂuunt
1144 4365 1312 4420 super
1337 4359 1560 4418 terram,
1582 4353 1837 4411 videmus
1865 4356 2017 4413 hunc

417 4435 656 4491 ﬂuvium
690 4439 784 4507 qui
815 4438 1020 4495 dicitur
1052 4440 1196 4496 Geon
1224 4442 1430 4498 habere
1458 4459 1586 4500 cum
1623 4445 1848 4503 Christo
1891 4465 2011 4505 ma-

420 4545 590 4605 gnam
614 4531 1009 4601 proprietatem
1051 4544 1108 4589 et
1146 4536 1610 4592 convenientiam.
1640 4539 1797 4605 Nam,
1836 4550 1903 4597 ut
1931 4541 2019 4598 di-

2120 3336 2388 3393 Dominus
2415 3335 2576 3391 Jesus
2603 3351 2702 3405 pro
2731 3336 2895 3391 nobis
2927 3335 3116 3390 intulit
3146 3336 3350 3406 populo
3377 3336 3713 3391 dtemonum.

2121 3429 2284 3486 Solus
2309 3429 2459 3485 Geon
2487 3429 2645 3486 nobis
2668 3428 3176 3499 coronavitJoseph
3217 3443 3424 3499 regem,
3474 3427 3568 3498 qui
3613 3444 3719 3482 no-

2121 3519 2209 3575 bis
2233 3507 2301 3574 de
2329 3518 2548 3574 Christo
2574 3520 2760 3573 omnia
2803 3518 3215 3590 praetigurabat,
3250 3527 3308 3574 et
3353 3518 3710 3588 loquebatur.

2121 3612 2304 3668 Prima
2330 3613 2581 3667 omnium
2606 3613 2893 3684 regionum
2914 3612 3229 3684 gentilium,
3254 3618 3401 3666 terra
3423 3609 3533 3665 Nili
3572 3609 3710 3665 vidit

2120 3704 2295 3759 Deum
2353 3705 2411 3760 in
2465 3720 2629 3760 carne
2662 3704 2807 3775 apud
2840 3720 2898 3759 se
2939 3712 3273 3769 versantem,
3299 3711 3355 3758 et
3380 3694 3529 3757 nulla
3559 3704 3731 3773 regio.

2120 3797 2945 3870 Barbarorumalienigenarum
2971 3798 3028 3851 in
3054 3780 3260 3851 mundo
3280 3795 3485 3851 Christi
3510 3795 3707 3849 faciem

2119 3887 2261 3943 vidit
2291 3887 2346 3942 in
2376 3902 2544 3942 carne
2578 3887 2685 3942 nisi
2719 3887 2835 3942 sola
2881 3885 3170 3958 Egyptus.
3232 3884 3291 3938 In
3345 3898 3432 3949 ea,
3493 3884 3703 3938 Pascha

2121 3977 2227 4034 fuit
2251 3986 2409 4050 typus
2428 3977 2636 4033 Christi
2669 3977 2943 4049 passionis
2973 3984 3029 4031 et
3052 3991 3228 4046 agnus
3256 3974 3471 4045 primus
3497 3983 3584 4029 est
3609 3989 3713 4028 oc-

2122 4073 2291 4128 cisus.
2315 4073 2376 4128 In
2408 4088 2494 4137 ea,
2532 4071 2843 4142 redemptio
2878 4070 3124 4142 gentium
3158 4068 3315 4140 prius
3343 4066 3451 4123 fuit
3486 4067 3711 4122 deseri-

2122 4175 2215 4236 pta
2244 4181 2313 4221 ex
2337 4180 2502 4220 manu
2531 4164 2747 4236 tyranni
2784 4163 2999 4218 mundi.
3039 4161 3307 4234 Egyptus
3348 4160 3526 4231 prima
3569 4159 3712 4214 vidit

2122 4260 2248 4332 agni
2278 4259 2600 4330 sanguinem
2631 4258 2700 4313 ad
2727 4273 3015 4328 vesperam
3046 4256 3101 4310 in
3142 4252 3400 4311 domibus
3432 4254 3709 4326 signatum

2122 4351 2189 4408 ad
2216 4354 2470 4414 salutem,
2522 4354 2579 4405 et
2637 4344 2882 4405 ostendit
2936 4349 3065 4420 agni
3123 4346 3333 4404 Christi
3386 4347 3714 4419 sanguinem

2122 4448 2309 4504 lusum
2343 4444 2412 4500 ad
2440 4458 2727 4515 vesperam
2758 4452 3095 4514 temporum,
3125 4443 3304 4499 donec
3339 4441 3568 4497 domum
3609 4441 3714 4499 Ec-

2124 4539 2306 4595 clesiae
2353 4537 2643 4593 coloravit.
2695 4537 2828 4592 Post
2873 4535 3074 4590 hiemis
3139 4542 3550 4606 tempestatem,
3587 4550 3714 4590 cum

420 4629 566 4675 cunt
600 4624 691 4692 qui
719 4626 948 4694 pulchre
980 4637 1038 4681 et
1096 4636 1354 4684 accurate
1395 4628 1638 4701 linguam
1688 4632 2015 4691 Hebraicam
2049 4629 2095 4684 D
2121 4635 2282 4688 su’um
2315 4645 2605 4686 ascensum
2628 4630 2685 4684 in
2713 4645 2812 4684 aer
2831 4626 3205 4685 convertisset
3247 4627 3537 4692 Dominus,
3564 4626 3716 4681 illinc

423 4717 832 4772 translulerunt
857 4720 912 4773 in
939 4719 1207 4784 Graecam,
1237 4720 1379 4777 Geon
1434 4723 1836 4794 interpretatur
1885 4730 2017 4801 effu-

417 4823 519 4860 εον
535 4817 627 4856 aut
652 4807 972 4876 ecinanitor,
1003 4813 1149 4883 quod
1173 4814 1396 4883 quidem
1421 4833 1611 4873 revera
1626 4829 1711 4874 est
1730 4818 2010 4880 Christus.

421 4896 714 4968 Tanquam
748 4901 957 4957 elfnsor
979 4903 1207 4973 quidem
1256 4904 1498 4977 seip'sum
1544 4908 1816 4966 exinaniit
1861 4916 2008 4969 servi

424 4989 661 5045 formam
690 4984 973 5064 accipiens,
1005 5004 1270 5051 renovato
1326 5000 1500 5053 veteri
1542 5000 1787 5065 homine,
1834 5012 1901 5059 et-
1930 5020 2018 5060 re-

422 5090 629 5137 novata
675 5083 815 5139 facie
871 5093 1054 5150 terrae,
1105 5094 1165 5141 et
1211 5088 1408 5157 spiritu
1449 5078 1602 5146 recto
1639 5092 1906 5150 innovate
1958 5096 2015 5152 in

425 5172 741 5232 visceribus
764 5177 991 5232 nostris.
1048 5177 1208 5234 Unde
1259 5180 1429 5236 etiam
1479 5182 1727 5239 Paradisi
1767 5188 2017 5244 secundo

427 5264 651 5334 genitus
680 5266 865 5321 statim
910 5276 1035 5337 post
1066 5269 1264 5324 Phison
1304 5273 1531 5342 ponitur
1591 5275 1757 5341 Geon,
1811 5278 2020 5351 signiﬁ-

427 5369 564 5409 cans
588 5354 869 5412 Christum
898 5360 1145 5417 secundo
1177 5364 1426 5433 genitum
1469 5382 1640 5438 super
1667 5378 1874 5427 terram
1919 5374 2012 5429 Se-

426 5448 613 5503 cunda
656 5465 759 5519 per
788 5465 1010 5507 carnem
1052 5456 1431 5524 generatione,
1471 5460 1609 5528 'post
1652 5462 1903 5532 ejusdem
1937 5466 2015 5521 si-

428 5539 544 5592 mul
571 5540 827 5597 essentizc
854 5545 1270 5623 generationem
1295 5564 1361 5602 ex
1398 5549 1578 5615 Patre,
1608 5568 1733 5621 quae
1766 5563 1853 5610 est
1880 5566 2013 5613 ante

427 5633 650 5687 secula.
681 5632 750 5687 Et
779 5633 1010 5692 fortasse
1051 5653 1115 5693 ea
1158 5638 1229 5692 de
1255 5655 1419 5694 causa
1448 5642 1544 5696 Dei
1592 5643 1794 5700 ﬂuvius
1854 5648 2016 5705 Jesus

425 5724 614 5778 statim
643 5741 674 5778 e
706 5733 850 5780 terra
876 5737 1170 5797 generatus
1191 5745 1357 5800 super
1382 5742 1581 5788 terram
1612 5752 1679 5791 ex
1708 5738 1932 5809 Virgine
1958 5750 2014 5798 et

502 5837 728 5915 :‘Joan.
753 5858 869 5909 vm,
907 5844 990 5898 l2.
1097 5849 1141 5881 ⁸³
1171 5848 1270 5903 lsa.
1300 5867 1373 5913 vr,
1399 5851 1452 5914 6_
1558 5853 1602 5885 ⁸⁹
1630 5855 1731 5909 lsa.
1770 5874 1854 5915 xc.
1881 5861 1933 5915 ϐ.

430 5910 474 5945 ⁷³
509 5911 655 5967 Psal.
685 5902 901 5981 Lxxxvi,
933 5914 986 5983 5,
1019 5917 1070 5974 ι.
1145 5919 1188 5952 ⁷⁵
1218 5902 1373 5976 ἰδέαι,
1400 5902 1564 5991 tim,
1771 5902 1854 5925 ’ψ’

2036 5862 2080 5895 ⁷⁰
2110 5861 2245 5917 Dan.
2276 5875 2333 5924 ιι,
2358 5858 2445 5914 5L

2116 4740 2185 4780 ex
2215 4723 2407 4788 latere,
2432 4723 2562 4800 vita
2588 4722 2750 4776 nobis
2779 4735 2984 4790 aquam
3014 4728 3227 4775 scatere
3269 4719 3403 4775 fecit
3438 4718 3714 4773 Dominus

2116 4816 2173 4872 in
2203 4816 2369 4872 horto
2389 4815 2679 4888 Golgotha.
2707 4814 3010 4883 Propterea
3045 4812 3201 4868 Geon
3225 4825 3448 4883 quoque
3474 4810 3710 4865 salutem

2114 4908 2305 4980 populi
2368 4907 2578 4963 faciens
2634 4918 2967 4985 ascensum,
3027 4912 3153 4958 ante
3211 4916 3444 4965 omnes,
3512 4901 3713 4971 irrigat

2112 4999 2425 5071 Ethiopes,
2453 4999 2614 5055 nobis
2658 4997 2967 5069 praedicans
3008 4996 3157 5067 quod
3188 4996 3402 5066 primos
3456 4994 3709 5065 gentium

2115 5092 2366 5148 tenebris
2385 5091 2595 5147 ol’l‘usos
2623 5090 2860 5161 populos
2893 5096 3157 5145 servatet
3188 5088 3545 5143 illuminatet
3576 5086 3711 5143 irri-

2110 5176 2207 5258 gat
2235 5186 2510 5243 Christus.
2578 5186 2657 5241 De
2703 5184 2909 5255 quibus
2967 5183 3140 5238 David
3202 5182 3338 5238 dicit
3384 5183 3651 5239 Ecclesia:
3690 5202 3702 5237 :

2118 5278 2413 5346 Gloriﬁcati
2426 5287 2549 5332 sunt
2566 5278 2631 5330 de
2647 5285 2717 5342 te,
2736 5277 2921 5330 civitas
2946 5274 3073 5340 Dei;
3090 5290 3205 5329 ecce
3225 5273 3375 5329 enim
3394 5273 3712 5345 alienigena:

2116 5379 2169 5425 et
2200 5371 2368 5442 Tyrus
2418 5377 2467 5423 et
2493 5368 2718 5440 populus
2772 5366 3104 5437 zﬂ‘thiopum,
3142 5366 3196 5420 hi
3221 5367 3440 5436 fuerunt
3475 5366 3655 5421 illic"
3694 5385 3709 5434 ;

2120 5461 2394 5532 xEthiopia
2442 5461 2588 5516 enim
2635 5461 2887 5530 prwvenit
2925 5474 3118 5513 manus
3170 5475 3297 5513 sua:
3343 5458 3455 5512 Deo
3487 5460 3555 5522 ",
3582 5470 3710 5515 ante

2123 5569 2315 5610 omnes
2337 5570 2463 5609 cum
2493 5552 2723 5609 Christo
2754 5562 2910 5622 pacta
2935 5560 3207 5606 conventa
3253 5551 3392 5607 dans
3420 5561 3477 5607 et
3500 5552 3729 5607 faciens.

2122 5661 2224 5717 per
2276 5646 2431 5700 illum
2483 5643 2804 5700 eunuchum
2852 5643 2947 5713 qui
2993 5650 3117 5697 erat
3149 5642 3437 5700 Candaces
3500 5644 3708 5716 regium.

2122 5738 2468 5808 Ethiopum,
2523 5736 2804 5798 Ecclesiae,
2862 5751 2986 5805 qum
3037 5736 3261 5805 quidem
3288 5735 3514 5792 Christo
3550 5738 3707 5794 unita

2550 5858 2592 5888 '”
2627 5856 2770 5913 Psal.
2803 5871 2962 5922 exvit,
2994 5854 3080 5908 ‘22.
3190 5856 3235 5885 ⁷²
3264 5855 3366 5909 lsa.
3394 5868 3579 5921 sum,
3614 5855 3700 5910 lli.
