4098 6422
478 374 582 440 979

1677 382 1738 442 S.
1779 381 2180 443 ANASTASII
2220 384 2546 445 SINAITE

3639 384 3747 450 980

475 489 708 545 clamat:
745 489 912 562 Nigra
947 508 1064 545 sum
1107 503 1154 548 el
1193 493 1446 564 formosa,
1479 493 1610 564 lilia:
1640 494 1942 550 Jerusalem
1977 495 2020 527 ⁷³
2043 536 2062 561 ε
2094 496 2269 554 Atius
2303 495 2506 569 Tygris,
2542 498 2652 569 ipse
2673 495 2816 551 vadit
2845 503 3029 550 contra
3083 491 3348 566 Assyrios.
3391 489 3507 548 Cur
3556 501 3746 548 autem

474 581 633 651 nigra
666 581 822 652 prius
851 582 1262 650 incredulitate,
1293 601 1416 657 qua:
1445 602 1594 642 nunc
1648 602 1770 641 sum
1823 585 2060 641 obscura

476 671 812 740 humilitate,
829 672 1068 730 formosa
1091 685 1275 731 autem
1297 694 1444 733 nunc
1467 693 1588 733 sum
1607 677 1701 734 Dei
1720 677 2056 748 cognitione.

475 762 592 834 Ego
620 765 768 818 enim
797 781 920 822 sum
963 768 1149 840 regina
1184 769 1372 824 Austri
1406 785 1528 840 quse
1563 785 1727 840 surgo
1759 785 1826 823 ex
1857 767 2060 823 ﬁnibus

476 863 638 912 terrae
669 849 937 930 gentium,
968 869 1025 916 et
1074 862 1304 917 veniens
1359 859 1471 914 vidi
1517 861 1845 932 sapientiam
1899 857 2058 914 Salo-

465 947 660 1008 monis
693 953 786 1024 qui
847 971 977 1010 vcre
1018 955 1088 1010 ad
1142 971 1229 1010 me
1289 955 1584 1012 clamavit:
1636 953 1788 1023 γρηὶ,
1823 955 2057 1024 formosa

471 1048 770 1118 prapinqua
800 1064 939 1113 mea,
976 1049 1045 1102 ad
1071 1066 1150 1103 me
1185 1050 1232 1081 ⁷⁵
1255 1089 1270 1103 .
1303 1051 1417 1121 Ego
1453 1050 1603 1106 enim
1653 1067 1773 1104 sum
1826 1066 2058 1110 resurre-

471 1139 576 1192 ctio
607 1139 674 1203 ⁷⁷,
700 1147 756 1194 et
775 1155 876 1211 ego
905 1157 1024 1196 sum
1052 1139 1254 1195 ﬂuvius
1285 1141 1401 1206 Dei,
1431 1141 1524 1212 qui
1552 1151 1780 1216 propter
1809 1149 1861 1197 te
1882 1142 2060 1200 factus

471 1244 593 1284 sum
627 1241 773 1286 terra
825 1235 1044 1302 genitus
1087 1232 1264 1299 Geon,
1291 1245 1346 1290 et
1375 1235 1466 1305 qui
1508 1235 1788 1288 circumeo
1820 1245 1875 1289 et
1907 1249 2058 1289 com-

468 1323 758 1391 prehendo
819 1340 1038 1380 onmem
1098 1334 1303 1382 terram
1349 1328 1596 1399 gentium
1655 1326 1951 1398 Ethiopian:
2003 1336 2060 1382 et

466 1413 687 1487 .digypti
728 1419 882 1488 prius
915 1407 1237 1486 incredulae,
1279 1437 1428 1476 nunc
1483 1431 1668 1477 autem
1722 1421 1846 1476 tidci
1904 1421 2057 1488 ince-

465 1509 637 1579 ptrix,
653 1512 914 1582 quoniam
930 1511 1166 1586 IEgyptii
1191 1516 1434 1584 primum
1457 1515 1719 1571 viderunt
1741 1513 2054 1578 Dominum,

467 1611 527 1656 et
549 1604 806 1674 cognitus
826 1604 930 1663 fuit
955 1607 1228 1662 Dominus
1253 1607 1546 1680 tEgyptiis,
1582 1617 1637 1662 et
1677 1616 1926 1662 erectum
1972 1615 2059 1660 est

469 1694 646 1751 altare
679 1695 916 1753 Domino
946 1699 1001 1753 in
1023 1697 1259 1770 Egypto
1284 1700 1451 1755 ﬁxum
1491 1701 1548 1755 in
1598 1709 1750 1771 petra
1777 1680 2059 1764 Pctri,het

465 1787 726 1842 columna
754 1789 900 1844 sedit
922 1791 1156 1846 Domino
1175 1792 1345 1864 899
1365 1793 1432 1847 ad
1455 1794 1592 1848 ﬁnes
1617 1792 1834 1865 [Egypti
1872 1792 2058 1847 Domi-

467 1895 578 1935 nus
633 1882 687 1935 in
719 1881 999 1938 Bethleem
1052 1899 1221 1955 super
1273 1885 1478 1941 nubem
1538 1887 1738 1950 levem,
1793 1893 2057 1955 tanquam

466 1975 652 2045 pluvia
682 1977 926 2031 caelestis
957 1976 1012 2032 in
1055 1979 1265 2048 gremio
1311 1979 1524 2034 nebula:
1563 1977 1746 2034 Maria:
1795 1993 1907 2034 sua:
1939 1993 2058 2032 ma-

467 2069 576 2124 tris
615 2078 672 2124 et
696 2086 864 2125 cursu
890 2073 1045 2127 venit
1077 2073 1134 2127 in
1162 2071 1458 2145 {Egyptum
1496 2072 1714 2144 fugiens
1745 2071 2058 2127 voluntarie

466 2161 766 2218 sceleratas
819 2180 1018 2219 manus
1076 2163 1421 2237 iniquorum,l
1480 2175 1537 2221 et
1560 2165 1840 2220 concussit
1864 2179 2059 2218 manu-

462 2253 878 2331 facta/Egypti,
911 2266 968 2312 et
993 2257 1264 2328 confregit
1285 2257 1560 2328 sculptilia
1580 2256 1820 2330 IEgypti,
1853 2264 1910 2312 et
1933 2270 2056 2312 eam

463 2349 729 2405 excitavit
756 2351 1053 2422 jacentcm.
1092 2351 1364 2418 Quoniam
1397 2351 1666 2423 IEgyptus
1709 2350 1827 2406 suis
1880 2349 2058 2404 mani-

463 2439 575 2496 hus
596 2442 815 2511 excepit
845 2443 1020 2498 Deum
1061 2442 1131 2498 ad
1164 2444 1342 2512 ipsam
1401 2443 1721 2500 venientem
1773 2450 1832 2497 et
1885 2457 2054 2497 cursu

465 2529 943 2596 contendentem;
997 2540 1054 2586 et
1111 2529 1416 2586 occultavit
1467 2545 1500 2584 a
1559 2530 1695 2586 feris
1738 2528 2056 2600 agrestibus

463 2614 787 2676 Iudaeorum
836 2638 966 2677 eum
995 2623 1090 2693 qui
1123 2623 1308 2692 ipsum
1333 2622 1540 2693 eripuit
1568 2639 1600 2678 a
1641 2622 1898 2678 manibus
1939 2620 2056 2676 dae-

385 2793 403 2806 ‘
465 2725 696 2766 menum
731 2731 744 2766 :
781 2721 836 2768 et
863 2714 1108 2769 servavit
1141 2714 1294 2770 ulnis
1313 2715 1565 2786 amplexa
1597 2730 1724 2769 eum
1748 2713 1844 2784 qui
1875 2713 2054 2784 ipsum

465 2812 523 2858 et
551 2806 816 2860 mundum
844 2807 1105 2873 servavit,
1152 2817 1208 2862 et
1255 2807 1391 2863 texit
1418 2791 1559 2862 ﬁcum
1611 2807 1706 2878 qui
1767 2806 1942 2877 ipsam
1997 2813 2056 2861 et

463 2897 652 2953 omnia
695 2914 861 2953 manu
903 2900 1090 2970 regit:
1125 2909 1183 2955 et
1229 2899 1474 2971 hospitio
1519 2899 1739 2969 excepit
1759 2886 2058 2972 ‘Aigyptus

465 3006 594 3045 eum
621 2990 714 3061 qui
737 3006 916 3062 ,carne
949 2991 1262 3046 voluntarie
1294 2991 1349 3046 in
1379 2983 1443 3046 ea
1474 2989 1581 3046 fuit
1609 2991 1829 3062 hospes,
1864 2999 1922 3046 et
1953 3005 2055 3046 nos

464 3082 564 3154 qui
599 3082 654 3136 in
688 3083 806 3153 ipsa
831 3099 1057 3138 eramus
1092 3084 1346 3154 hospites
1376 3084 1430 3138 in
1479 3085 1650 3140 coalos
1696 3084 1942 3140 sustulit.
1985 3084 2056 3139 Et

2164 585 2305 641 duos
2340 587 2566 658 quidem
2614 585 2815 642 ﬂuvios
2857 586 3117 657 (Phison,
3168 583 3416 655 inquam,
3467 590 3525 638 et
3565 581 3746 654 Geon)

2161 678 2414 734 nominat
2443 679 2878 744 circumeuntes,
2908 684 2966 733 et
2993 684 3258 746 tanquam
3279 673 3743 731 custodientesac

2162 771 2696 826 circummunicntes
2725 770 3045 840 paradisum
3081 767 3294 824 Christi
3323 785 3338 822 :
3375 766 3604 822 tertium
3636 781 3741 822 au-

2161 874 2270 918 tem
2299 863 2550 930 ﬂuvium,
2583 880 2693 918 non
2726 863 3190 927 circumeuntem,
3216 859 3312 915 sed
3337 868 3598 930 tanquam
3615 875 3744 914 cum

2157 973 2343 1028 pugna
2379 965 2434 1012 et
2482 956 2629 1012 bello
2665 963 3073 1020 occurrentem,
3100 969 3170 1008 ex
3208 953 3446 1008 adverso
3482 951 3744 1024 Assyrio-

2161 1065 2282 1104 rum
2303 1049 2326 1102 ?
2347 1048 2557 1120 Assyrii
2579 1047 2804 1126 quidem
2819 1047 3260 1126 interpretantur
3304 1061 3409 1098 non
3433 1045 3744 1115 dirigentes;

2160 1142 2357 1214 Tygris
2381 1151 2590 1210 autem,
2613 1123 2749 1197 voce
2773 1139 2963 1196 Graeca
2987 1123 3216 1204 dicitur,
3244 1136 3386 1192 tatus
3403 1147 3460 1192 et
3475 1143 3740 1191 austeras.

2160 1235 2304 1307 Ergo
2327 1217 2578 1306 Assyriis.
2597 1234 2821 1306 quidem
2867 1233 3242 1304 dirigentibus
3265 1246 3426 1286 suam
3461 1230 3635 1284 vitam
3686 1230 3742 1284 in

2158 1331 2307 1386 viam
2336 1330 2489 1400 pacis
2517 1369 2532 1396 ,
2591 1328 2802 1386 resistit
2841 1327 3112 1382 adversus
3140 1341 3238 1382 eos
3283 1324 3495 1380 bellum
3543 1336 3745 1394 gerens

2158 1425 2480 1496 evangelica
2511 1421 2854 1496 praedicatio.
2891 1421 3111 1478 Scimus
3137 1419 3285 1476 enim
3319 1417 3578 1489 Assyrios
3618 1431 3743 1472 esse

2159 1515 2348 1571 hostes
2405 1525 2462 1571 et
2518 1513 2776 1570 inimicos
2824 1511 2922 1568 Dei
2967 1509 3211 1566 civitatis
3250 1507 3590 1573 Jerusalem,
3643 1505 3741 1576 qui

2157 1619 2216 1666 et
2241 1625 2363 1665 eam
2395 1617 2643 1679 quaest
2693 1607 2895 1662 domus
2940 1605 3039 1661 Dei
3093 1604 3244 1658 varie
3279 1601 3641 1671 diripuerunt
3685 1608 3743 1654 ct

2158 1713 2512 1762 exusserunt.
2532 1704 2813 1760 Adversus
2835 1717 2977 1774 quos
2998 1701 3198 1756 tertius
3223 1697 3595 1767 plenitudinis
3619 1696 3745 1751 Tri-

2159 1799 2351 1856 nitatis
2375 1797 2659 1872 (Spiritus,
2683 1797 2932 1867 inquam,
2955 1793 3204 1865 sanctus)
3223 1791 3377 1847 vadit
3395 1791 3446 1846 ei
3474 1789 3656 1845 hostis
3685 1799 3744 1843 et

2161 1891 2430 1946 infestus:
2457 1888 2674 1944 Flavius
2704 1895 2884 1943 autem
2913 1892 3138 1956 quartus
3179 1884 3277 1938 iste
3310 1889 3388 1936 est
3419 1881 3738 1951 Euphrates.

2160 1983 2221 2038 ln
2269 1981 2462 2037 multis
2500 1989 2685 2036 autem
2732 1987 2790 2034 et
2818 1977 3056 2033 diversis
3078 1973 3252 2040 locis,
3279 1969 3462 2033 .sacri
3499 1967 3738 2039 theologi

2159 2076 2628 2132 documentorum
2661 2069 3031 2127 Mosaicorum
3078 2067 3262 2122 solent
3305 2063 3590 2136 appellare
3623 2077 3739 2116 ma—

2157 2184 2329 2240 gnum
2362 2184 2432 2222 ex
2461 2167 2551 2222 his
2581 2146 2823 2236 quatuor
2855 2163 3041 2218 ﬂuviis
3077 2162 3256 2218 solum
3285 2158 3650 2228 Euphratem,
3679 2163 3739 2210 ut

2157 2259 2384 2331 quando
2418 2258 2567 2314 Deus
2593 2256 2727 2312 dicit
2752 2254 2943 2311 lsraeli
2976 2249 3276 2307 ":Ponam
3290 2247 3538 2304 terminos
3553 2253 3667 2298 tuos
3704 2263 3737 2300 a

2156 2353 2316 2424 ﬂuvio
2335 2349 2550 2422 ngypti
2581 2363 2748 2420 usque
2771 2347 2848 2424 ad.
2868 2346 3089 2420 ﬂuvium
3109 2357 3364 2414 magnum
3392 2339 3734 2410 Euphratem.

2155 2444 2337 2516 Atque
2352 2443 2666 2514 Euphrates
2679 2439 2908 2512 quidem
2929 2437 3119 2494 Graeca
3135 2430 3326 2506 lingua
3344 2431 3737 2503 interpretatur

2156 2535 2517 2608 καρποφοριὰ
2563 2532 2776 2588 αὐτῶνθ
2834 2531 2944 2586 hoc
2995 2539 3083 2586 est
3147 2543 3334 2582 eorum
3374 2523 3732 2596 fructificatio.

2156 2626 2475 2699 Euphratzei
2520 2633 2707 2682 autem
2781 2638 2978 2679 rursus
3029 2621 3294 2692 dicuntur
3341 2615 3736 2688 fructiﬁcantes.

2155 2715 2424 2775 Nonnulli
2482 2725 2672 2772 autem
2719 2729 2788 2769 ex
2849 2705 3736 2782 interpretibus‘interpretantur

2155 2809 2496 2882 Euphratem
2530 2807 2642 2862 vitii
2667 2805 3065 2876 dispersionem,
3099 2797 3389 2870 Euphrata
3407 2805 3596 2851 autem
3633 2801 3734 2846 ter-

2157 2921 2277 2958 ram
2293 2903 2520 2973 fructum
2534 2899 2808 2970 ferentem.
2829 2897 3132 2966 Propterea
3143 2907 3278 2964 ergo
3289 2903 3525 2959 magnus
3539 2886 3731 2956 ﬂuvius

2155 2995 2255 3051 Dei
2275 2993 2613 3064 Euphrates,
2639 3004 2840 3060 nempe
2859 2977 3138 3050 Christus,
3158 2982 3254 3049 qui
3277 2989 3364 3037 est
3385 2975 3736 3035 fructiﬁeatio

2153 3087 2662 3159 Euphrataaorum,
2709 3080 2765 3137 id
2831 3089 2918 3136 est
2963 3077 3214 3151 gentium
3261 3071 3566 3130 ferentium
3621 3068 3738 3124 fru-

465 3177 668 3232 nutriit
696 3175 964 3250 Egyptus
991 3194 1188 3248 panem
1220 3180 1503 3235 ccelcstem
1539 3178 1633 3250 qui
1668 3194 1862 3234 omnes
1893 3179 2051 3244 aluit,
2081 3185 2130 3248 ο
2159 3190 2312 3240 ctum
2345 3221 2360 3246 ,
2387 3185 2650 3235 natusest
2685 3175 2743 3230 in
2777 3173 3062 3246 Euphrata
3089 3168 3167 3242 (id
3199 3177 3306 3231 est,
3331 3162 3640 3234 Bethleem)
3673 3167 3740 3222 ut

465 3276 524 3322 et
556 3267 766 3338 potavit
801 3268 955 3324 Geon
993 3285 1135 3340 aqua
1174 3269 1388 3340 Αἴθῃ)ιί
1420 3269 1627 3324 fontem
1656 3269 1804 3335 vitae,
1837 3277 2054 3342 etape-

465 3357 582 3414 ruit
604 3356 872 3430 (Egyptus
895 3359 1100 3414 ostium
1120 3359 1198 3414 illi
1219 3359 1314 3430 qui
1335 3358 1498 3415 dicit:
1516 3359 1628 3432 Ego
1643 3373 1760 3414 sum
1772 3361 1963 3414 ostium
1983 3359 2052 3436 7',

465 3460 524 3506 et
570 3450 727 3506 dedit
778 3451 998 3506 initium
1057 3451 1341 3522 ingressus
1384 3452 1499 3533 Dep
1547 3451 1753 3517 Verbo,
1794 3450 1944 3522 quod
1985 3467 2056 3507 ex

464 3542 745 3624 principio
776 3551 1001 3599 carente
1039 3543 1315 3614 principio
1347 3543 1512 3598 simul
1541 3551 1662 3599 erat
1695 3543 1814 3598 sine
1845 3542 2054 3614 princi-

463 3636 560 3708 pio
581 3647 637 3692 et
665 3637 720 3692 in
751 3637 1022 3708 principio
1046 3645 1138 3704 ;ct
1175 3636 1391 3692 invenit
1419 3635 1678 3692 Christus
1717 3636 1773 3690 in
1821 3635 2056 3708 Aigypto

463 3730 556 3787 ubi
607 3740 767 3801 caput
821 3729 1039 3786 inclinet
1093 3729 1201 3786 ﬁde
1235 3748 1247 3784 :
1287 3729 1553 3802 quoniam
1597 3729 1652 3784 in
1683 3729 1910 3800 propria
1939 3746 2053 3786 non

463 3835 588 3894 erat
627 3825 679 3880 ei
709 3825 864 3881 locus
899 3825 1024 3881 ﬁdei
1054 3827 1110 3880 in
1132 3825 1420 3904 diversorio
1450 3823 1730 3880 derelicta:
1758 3823 2057 3903 Synagogaa

462 3917 778 3974 Iudaeorum
801 3933 816 3983 ;
839 3926 896 3972 et
920 3916 1067 3973 Deus
1096 3898 1327 3971 deorum
1351 3915 1622 3972 Dominus
1646 3895 2056 3973 locutusestex

461 4009 696 4084 Egypto
715 4052 730 4078 ,
760 4010 960 4066 Filium
989 4025 1150 4066 suum
1180 4008 1250 4066 ad
1269 4023 1370 4064 nos
1387 4007 1616 4064 mittens
1631 4018 1758 4064 ante
1774 4007 2056 4078 apostolos

463 4104 844 4176 apostolorum
871 4103 1045 4158 Deum
1070 4119 1087 4170 ;
1111 4113 1170 4157 et
1195 4101 1300 4156 fuit
1330 4100 1485 4157 Geon
1518 4109 1744 4157 sanctus
1770 4115 1869 4170 per
1920 4099 2056 4176 San-

464 4206 617 4252 ctum
642 4204 961 4252 sanctorum
987 4193 1384 4260 sanctiﬁcatus,
1410 4201 1468 4249 et
1497 4191 1566 4248 ad
1592 4175 2052 4248 illuminationem

463 4299 521 4344 et
552 4283 1048 4344 sanctiﬁcationem
1080 4286 1350 4358 praevenit
1399 4285 1672 4348 auriﬂuus
1709 4287 1890 4341 amnis
1933 4285 2056 4342 Jor—

461 4395 666 4438 ctanem
713 4381 808 4451 qui
856 4379 1074 4450 excepit
1096 4379 1376 4448 Christum
1435 4377 1492 4431 in
1547 4377 1666 4432 suis
1692 4375 1958 4443 ﬂuentis;
1999 4381 2056 4431 et

465 4472 685 4543 excepit
707 4487 900 4528 rursus
923 4470 1166 4527 secundo
1197 4471 1363 4527 etiam
1389 4469 1596 4538 sanctis
1623 4467 1867 4526 sanctior
1887 4466 2052 4540 Egy-

464 4577 616 4638 ptus,
645 4583 747 4637 pro
777 4565 944 4620 Maria
969 4563 1203 4619 Mosaica
1232 4561 1459 4630 Mariam
1488 4561 1802 4627 dominam;
1837 4567 1893 4616 et
1913 4538 2052 4614 ditat
2083 4538 2129 4594 ί)

463 4659 708 4715 secundo
729 4657 881 4725 Geon
915 4656 1141 4726 Joseph,
1169 4655 1264 4726 qui
1317 4655 1404 4708 vir
1446 4652 1673 4724 quidem
1732 4650 2048 4714 dicebatur,

464 4749 561 4805 sed
587 4765 698 4807 non
737 4755 858 4803 erat
887 4747 974 4802 vir
996 4745 1184 4802 Matris
1225 4761 1348 4816 qua:
1397 4752 1517 4799 erat
1565 4743 1716 4800 omni
1765 4757 1833 4797 ex
1895 4752 2053 4812 parte

463 4845 808 4914 incorrupta,
849 4840 1295 4912 quandoquidem
1329 4838 1444 4908 ipse
1477 4837 1584 4892 fuit
1613 4845 1799 4907 gratus
1819 4843 1876 4890 et
1897 4849 2054 4890 acce-

463 4945 593 5008 ptus
637 4951 823 4992 coram
874 4951 942 4989 eo
977 4933 1073 5004 qui
1133 4933 1375 5002 seipsum
1435 4929 1726 4985 exinaniit.
1780 4927 1888 4984 Sed
1937 4927 2054 4981 hzec

463 5031 687 5102 quidem
719 5037 852 5086 sunt
878 5027 1128 5084 encomia
1176 5022 1414 5096 Egypti,
1468 5038 1592 5092 qnte
1644 5020 1698 5075 in
1726 5020 1854 5098 alio
1906 5019 2051 5074 libro

463 5123 689 5194 proprio
723 5122 902 5177 fusius
922 5119 1267 5175 celebrantes
1295 5115 1731 5186 composuimus.

533 5235 694 5290 Nunc
717 5245 900 5290 autem
945 5233 1014 5288 de
1047 5240 1248 5288 caetero
1272 5246 1376 5287 nos
1411 5237 1630 5300 tempus
1651 5237 1812 5283 vocat
1833 5235 1894 5283 ut
1913 5229 2055 5284 alios

465 5337 690 5395 quoque
717 5321 916 5378 ﬂuvios
934 5321 1129 5392 paucis
1154 5319 1657 5389 transnavigemus,
1685 5315 2051 5371 consideran-

466 5426 554 5473 tes
569 5415 1038 5486 quemadmodum
1065 5414 1142 5470 illi
1165 5429 1391 5484 quoque
1411 5411 1476 5467 ad
1500 5411 1784 5467 Christum
1810 5409 2056 5466 habeant

467 5507 794 5564 relationem
826 5507 970 5563 etad
1003 5505 1320 5578 paradisum
1353 5503 1614 5560 Ecclesia:
1632 5502 1883 5572 gentium
1917 5517 1929 5550 :
1970 5497 2054 5553 sic

465 5601 618 5660 enim
648 5600 788 5656 dicit
816 5601 1120 5671 Scriptum
1142 5597 1546 5668 consequentia
1585 5613 1598 5649 :
1635 5595 1700 5649 Et
1729 5595 1922 5666 ﬂuvius
1945 5601 2051 5645 ter-

537 5802 583 5837 "
610 5802 766 5859 Cant.
802 5820 840 5866 ι,
865 5803 918 5858 4.
1027 5803 1073 5833 ⁷⁸
1097 5801 1258 5856 Cant.
1286 5817 1338 5864 v,
1367 5799 1416 5853 l.
1522 5799 1563 5829 ⁷⁷
1597 5797 1755 5852 Joan.
1784 5812 1857 5856 ιιι,
1882 5794 1970 5848 23.

463 5871 508 5910 ⁸⁸
536 5864 926 5946 Ιοιιιωιγίιὸ.
1005 5872 1049 5905 ⁸¹
1083 5873 1124 5928 ll
1157 5872 1284 5928 Cor.
1326 5886 1401 5936 ιιι,
1429 5871 1483 5925 6.
1560 5869 1606 5898 ⁸³
1639 5869 1798 5922 item.
1839 5882 1932 5932 vn,
1967 5864 2048 5918 ll.

2084 5791 2127 5823 ⁷⁸
2146 5789 2304 5847 Joan.
2345 5804 2398 5854 ιι,
2432 5786 2486 5843 9.

2155 3267 2646 3342 dispergatvitium
2671 3263 3008 3337 genti.um,et
3037 3257 3234 3314 reddat
3254 3265 3461 3332 terram
3491 3253 3730 3308 fructum

2155 3365 2430 3422 ferentem
2455 3358 2760 3416 Ecclesiam
2787 3370 2912 3426 quae
2935 3352 3092 3424 prius
3114 3358 3237 3406 erat
3269 3345 3603 3423 infrugifera
3639 3360 3652 3397 :
3681 3349 3737 3396 ut

2158 3465 2304 3514 terra
2338 3453 2433 3512 det
2462 3450 2628 3520 nobis
2651 3449 2897 3505 fructum
2927 3459 3112 3508 suum,
3142 3458 3269 3499 cum
3296 3441 3350 3496 in
3379 3454 3444 3494 ea
3488 3437 3563 3492 sit
3593 3436 3736 3491 inse-

2156 3549 2426 3624 parabilis
2459 3546 2744 3602 fructuum
2762 3538 3276 3609 datorEuphrates.
3297 3530 3578 3589 Convenit
3595 3527 3736 3583 enim

2155 3620 2332 3714 inagis
2405 3637 2713 3712 prudenter
2760 3629 3205 3690 animadvertere
3271 3620 3736 3696 quemadmodum

2155 3737 2364 3794 Phison
2398 3731 2622 3809 quidem
2659 3727 2868 3784 dicitur
2885 3723 3124 3782 circuire
3151 3729 3318 3775 totam
3343 3721 3519 3789 ipsam
3544 3725 3738 3770 terram

2155 3828 2373 3886 Evilath
2384 3867 2399 3892 ,
2413 3806 2510 3880 seu
2527 3819 2928 3894 parturientem
2947 3814 3128 3870 :Geon
3143 3818 3325 3865 autem
3339 3806 3598 3863 similiter
3613 3816 3742 3858 con-

2159 3921 2301 3977 tinet
2328 3915 2651 3976 custodiens
2674 3912 2769 3985 qui
2807 3911 2862 3966 in
2891 3924 2959 3964 eo
2984 3915 3116 3962 sunt
3146 3903 3380 3976 populos
3412 3905 3610 3956 eorum
3647 3895 3736 3967 qui

2155 4013 2313 4086 prius
2341 4017 2502 4068 erant
2527 4007 2852 4078 Ethiopum
2881 4017 2896 4054 :
2932 3999 3127 4072 Tygris
3143 4005 3328 4052 autem
3358 4009 3480 4050 eam
3507 3987 3740 4062 protegit

2155 4081 2214 4164 et
2245 4103 2494 4164 defendit
2525 4101 2799 4158 adversus
2829 4093 3114 4166 improbos
3145 4089 3424 4162 Assyrios.
3451 4085 3574 4142 Non
3599 4081 3736 4151 seri-

2153 4210 2313 4272 ptum
2335 4205 2424 4254 est
2442 4203 2642 4252 .autem
2671 4203 2933 4263 magnum
2966 4167 3332 4256 Euphratem,
3353 4195 3538 4250 neque
3564 4186 3736 4265 trans-

2157 4293 2262 4358 ire,
2323 4303 2507 4369 neque
2535 4284 2738 4341 vadere
2760 4324 2775 4348 ,
2809 4296 2994 4352 neque
3037 4277 3298 4341 circuire,
3344 4274 3440 4330 sed
3465 4289 3591 4328 esse
3625 4259 3734 4326 sta-

2155 4385 2328 4441 bilem
2362 4365 2420 4436 et
2452 4377 2821 4443 immobilem,
2866 4382 2929 4430 ut
2976 4373 3074 4444 qui
3103 4386 3327 4442 semper
3374 4367 3527 4424 dicat
3556 4383 3570 4420 :
3607 4365 3735 4420 Ecce

2155 4479 2421 4534 uobiscum
2447 4490 2567 4530 sum
2585 4471 2833 4550 omnibus
2868 4467 3049 4522 diebus
3086 4479 3252 4536 usque
3281 4467 3354 4518 ad
3401 4476 3735 4517 consumma-

2158 4575 2351 4628 tionem
2376 4567 2557 4625 swculi
2585 4566 2652 4619 ⁸ο.
2669 4565 2739 4619 Et
2769 4582 2782 4618 :
2824 4561 2943 4618 Non
2963 4559 3262 4631 relinquam
3286 4573 3374 4611 vos
3389 4556 3656 4624 orphanos
3671 4551 3734 4605 ⁸¹.

2157 4666 2458 4734 Propterea
2483 4674 2615 4731 ergo
2655 4671 2838 4726 neque
2876 4653 3045 4708 ullam
3077 4651 3363 4722 regionem
3397 4647 3606 4702 dicitur
3649 4644 3736 4699 hic

2157 4771 2394 4828 magnus
2435 4753 2640 4808 ﬂuvius
2675 4749 2907 4819 irrigare
2955 4760 3138 4816 neque
3171 4743 3378 4797 locum.
3427 4741 3554 4796 Non
3594 4738 3737 4793 enim

2157 4851 2344 4906 locum
2379 4845 2478 4902 sed
2510 4842 2778 4899 mundum
2813 4847 2990 4894 totum
3025 4845 3262 4907 quartus
3299 4833 3393 4890 hic
3417 4831 3614 4902 irrigat
3637 4829 3738 4884 ﬂu-

2159 4943 2304 4998 vius.
2317 4939 2585 5008 Quartum
2609 4942 2794 4992 autem
2820 4931 3050 4988 ﬂuvium
3070 4927 3314 4997 intellige
3343 4925 3737 4996 evangelicam.

2158 5045 2217 5092 et
2253 5032 2427 5088 totius
2466 5029 2620 5084 orbis
2669 5023 3144 5096 praedicationem,
3187 5027 3315 5090 post
3340 5016 3654 5073 naturalem
3689 5021 3739 5068 et

2158 5125 2450 5184 Mosaicatn
2475 5123 2650 5198 legem
2675 5114 3078 5188 propheticam.
3101 5109 3374 5178 Quoniam
3397 5116 3583 5163 autem
3603 5105 3738 5159 dura

2158 5229 2216 5275 et
2259 5225 2451 5274 coacta
2495 5196 2760 5268 videntur
2783 5224 2850 5264 ea
2879 5221 3002 5277 quae
3047 5217 3198 5259 nunc
3247 5201 3516 5257 dicuntur
3551 5198 3622 5254 de
3657 5196 3741 5251 his

2155 5312 2379 5375 ﬂuviis,
2432 5323 2545 5364 non
2577 5305 2755 5360 solum
2798 5299 3006 5360 Iudaeis
3049 5297 3170 5360 sed,
3201 5295 3372 5351 etiam
3434 5291 3628 5348 multis
3674 5304 3738 5344 ex

2150 5404 2397 5460 Ecclesia
2449 5397 2545 5470 qui
2589 5404 2720 5453 sunt
2756 5393 3029 5456 carnales,
3084 5400 3141 5445 et
3192 5405 3306 5444 non
3343 5395 3475 5444 sunt
3508 5399 3740 5455 capaces

2152 5503 2357 5551 utcum
2383 5492 2510 5548 divo
2532 5488 2704 5545 Paulo
2727 5485 3036 5555 intelligant
3057 5489 3116 5536 et
3143 5481 3333 5536 dicant
3369 5477 3521 5549 quod
3543 5476 3757 5545 Littera.

2152 5586 2339 5642 occidit
2372 5583 2420 5616 ⁸⁸
2464 5581 2571 5654 (lea:
2601 5579 2754 5635 enim
2797 5583 2871 5631 est
2925 5572 3222 5646 spiritualis
3260 5569 3354 5642 ⁸³),
3414 5585 3516 5642 age
3559 5576 3738 5626 osten-

2595 5787 2640 5820 "
2665 5783 2804 5842 Gen.
2835 5801 2927 5851 xv,
2960 5781 3051 5837 t8.
3146 5777 3192 5810 ⁸⁸
3215 5774 3408 5833 Matth.
3433 5787 3618 5839 xxvrn,
3651 5765 3719 5822 ’ΞΟ
