4098 6420
1051 312 1115 326 υ-σ-

388 359 500 427 981

1491 366 1576 429 ΙΝ
1605 369 2160 432 ΗΕΧΑΕΜΕΗΟΝ.
2190 399 2260 409 -
2283 373 2430 435 LIB.
2451 374 2620 435 VIII.

3573 373 3682 438 982
3697 393 3702 398 '

389 473 598 530 damus
651 485 724 528 ex
752 471 868 544 ipsa
919 471 1108 530 divina
1153 473 1447 546 Scriptura
1481 476 1831 547 spiritualem
1873 477 1986 532 Eu-
2011 481 2060 539 Α
2087 489 2202 552 post
2231 482 2409 536 diebus
2449 483 2520 535 ad
2562 481 2844 536 videndum
2883 483 3058 552 ipsum
3101 494 3152 535 et
3189 480 3581 547 adducendum,
3629 501 3678 538 et

384 566 676 636 phratem,
713 566 806 636 qui
829 565 984 636 prius
1011 568 1359 636 nominatur,
1390 567 1702 625 Christum.
1722 569 1990 625 Cernitur

380 673 532 729 ergo
561 656 711 713 Deus
737 658 794 712 in
817 657 938 730 lege
979 658 1179 731 jubere
1210 660 1406 718 Israeli
1475 670 1537 716 ut
1564 663 1748 718 tribus
1777 672 1993 735 tempo-

379 753 557 810 ribus
587 753 774 808 veniat
799 751 1034 824 singulis
1065 753 1248 819 annis,
1280 762 1336 808 et
1359 753 1558 810 adoret
1587 755 1990 828 Hierosolymis

372 843 582 900 omnis
609 845 698 898 vir
732 847 1016 901 masculus
1043 861 1111 901 ex
1158 847 1420 903 universa
1467 857 1615 905 terra
1667 851 1988 924 ubicunque

375 933 631 1000 habitet,
662 933 1009 991 horrendum
1042 934 1338 1005 imponens
1364 936 1674 1002 vinculum,
1705 946 1762 992 et
1787 937 1987 994 decre-

370 1035 518 1083 tum
565 1027 988 1098 pronuntians:
1032 1027 1410 1085 Exseerabilis
1465 1041 1552 1087 est
1595 1029 1776 1088 omnis
1818 1031 1986 1088 homo

371 1121 822 1194 Hierosolymis,
849 1121 940 1192 qui
965 1137 1072 1174 non
1097 1121 1227 1192 facit
1251 1125 1434 1178 omnia
1461 1140 1580 1195 qua:
1617 1127 1818 1197 scripta
1863 1132 1988 1180 sunt

371 1215 453 1267 in
481 1213 594 1284 lege
625 1213 785 1282 hujus
817 1211 937 1267 libri
967 1211 1124 1267 “.‘Si
1163 1228 1296 1285 ergo
1330 1214 1520 1284 posuit
1561 1216 1833 1272 terminos
1861 1223 1988 1272 tuos

373 1321 420 1360 a
457 1303 630 1358 ﬂuvio
661 1301 881 1375 Egypti
940 1317 1118 1374 usque
1157 1302 1224 1357 ad
1257 1302 1485 1358 ﬂuvium
1525 1320 1781 1376 magnum
1821 1321 1987 1375 quem

380 1407 456 1452 tu
515 1397 804 1453 existimas
855 1397 1198 1466 Euphratem
1253 1396 1619 1470 Babylonium
1651 1399 1990 1468 ,‘quomodo

383 1490 521 1546 ﬁeri
550 1497 736 1560 potest
776 1497 837 1544 ut
863 1497 948 1544 ter
973 1488 1033 1544 in
1053 1503 1202 1544 anno
1231 1490 1426 1544 venias
1461 1505 1529 1543 ex
1550 1489 1988 1560 Mesopotamia?

385 1579 467 1636 Et
504 1579 803 1638 dicendurm
837 1586 924 1635 est
948 1619 963 1646 ,
995 1580 1083 1634 vel
1139 1581 1289 1651 quod
1323 1591 1472 1638 totus
1515 1585 1614 1640 Dei
1659 1600 1862 1655 scapus
1900 1585 1994 1640 hic

385 1682 484 1729 est
531 1693 546 1728 :
593 1675 714 1744 lege
749 1673 925 1744 ligare
972 1681 1030 1728 et
1065 1675 1364 1732 ostendere
1411 1692 1536 1732 esse
1586 1678 1992 1734 exsecrandum

387 1766 656 1821 lsraelem
683 1765 782 1836 qui
809 1779 921 1819 non
948 1766 1118 1831 valet,
1151 1782 1256 1822 nec
1277 1777 1462 1838 potest
1495 1769 1679 1827 facere
1713 1781 1992 1842 praecepta

391 1858 704 1931 quaajussit
736 1857 920 1925 Deus;
961 1859 1049 1914 vel
1073 1862 1224 1930 quod
1272 1861 1560 1918 Christum
1617 1863 1990 1934 spiritualiter

392 1952 651 2008 nominat
677 1951 1026 2021 Euphratem
1053 1951 1342 2023 Scriptura
1361 1994 1378 2020 ,
1401 1953 1597 2010 dicens
1619 1954 1812 2012 lsraeli
1841 1972 1854 2010 :
1891 1955 1994 2010 Po-

399 2061 534 2101 nam
583 2044 832 2098 terminos
893 2053 1034 2110 tuos,
1088 2044 1193 2102 hoc
1238 2053 1326 2102 est
1374 2045 1676 2102 terminum
1721 2047 1992 2118 temporis

398 2137 594 2194 cultus
621 2135 847 2208 legitimi
873 2177 886 2202 ,
912 2153 1078 2208 usque
1099 2137 1170 2192 ad
1192 2137 1414 2210 {luvium
1437 2138 1676 2210 AZgypti,
1711 2156 1890 2211 usque
1921 2141 1991 2196 ad

396 2231 702 2290 adventum
719 2229 931 2286 Christi
967 2231 1060 2302 qui
1093 2240 1180 2288 est
1205 2248 1440 2303 magnus
1468 2232 1704 2304 frugifer
1738 2233 1994 2305 Euphra-

393 2333 525 2391 tes;
566 2333 619 2379 et
655 2325 840 2379 statim
875 2325 1150 2395 auferetur
1185 2324 1511 2394 sacriﬁcium
1545 2335 1595 2380 et
1619 2326 1875 2394 libamen,
1935 2335 1996 2383 ut

393 2419 536 2474 dicit
569 2418 765 2474 Daniel
797 2416 866 2486 ⁸⁸,
919 2425 970 2472 et
1029 2417 1292 2474 delebitur
1329 2421 1506 2474 unctio
1557 2420 1702 2476 ducis
1757 2422 1808 2476 et
1838 2421 1995 2494 judi-

399 2513 542 2565 cium
577 2527 594 2565 :
625 2508 769 2565 Finis
811 2512 962 2566 enim
991 2510 1118 2581 legis
1150 2519 1226 2566 est
1249 2511 1491 2567 Christus
1530 2512 1600 2567 3‘.
1629 2513 1739 2568 Lex
1766 2515 1917 2570 enim
1945 2523 1997 2570 et

407 2601 686 2674 Prophetat
717 2619 884 2674 usque
911 2603 981 2657 ad
1011 2603 1278 2658 Joannem
1305 2603 1611 2672 Baptistam
1641 2605 1708 2662 ".
1756 2607 2000 2663 Exacer-

406 2694 576 2750 batur
629 2694 790 2766 (scio)
837 2703 897 2752 et
937 2703 1233 2751 succenset
1280 2695 1399 2751 base
1443 2696 1680 2754 audiens
1723 2698 1954 2755 Iudaeus
1981 2739 1996 2762 .

403 2786 572 2843 falsas
621 2804 800 2858 nugas
863 2789 1152 2859 appellans
1213 2803 1278 2843 ea
1335 2789 1460 2860 quae
1523 2769 1670 2848 dicta
1725 2799 1876 2848 sunt.
1934 2790 2000 2847 Ei

397 2894 537 2951 ergo
607 2896 971 2938 occurramus
1014 2899 1117 2954 per
1163 2882 1314 2939 aliud
1373 2883 1742 2956 principium,
1796 2900 2001 2958 nempe

395 2968 581 3026 Geon.

477 3061 690 3118 Panum
717 3103 733 3128 ,
783 3063 1008 3134 inquit,
1062 3067 1318 3120 terminos
1363 3072 1480 3120 tuos
1523 3083 1557 3120 a
1607 3065 1771 3138 ﬂuvio
1809 3081 2004 3136 magno

2090 573 2351 645 profectus
2401 575 2600 629 invenit
2649 575 2822 645 ipsum
2873 582 3202 645 corruptum.
3259 573 3326 628 Et
3363 573 3562 644 factum
3601 583 3682 630 est

2089 669 2303 724 verbum
2321 667 2532 733 Domini
2563 668 2634 721 ad
2649 666 2944 736 Jeremiam
2974 666 3149 721 dicens
3170 683 3188 720 :
3209 664 3294 720 Sic
3314 677 3687 736 corrumpetut:

2091 763 2174 818 hic
2202 759 2428 832 populus
2462 761 2721 832 quomodo
2756 757 3149 831 subligaculum
3176 757 3325 812 lintei
3353 759 3400 791 ⁹⁰
3428 776 3444 824 ;
3501 758 3685 814 subli—

2089 855 2344 926 gaculum
2398 853 2557 908 lintei
2591 893 2608 917 ,
2674 852 2999 907 nominante
3055 852 3172 906 Deo
3199 850 3464 906 lsraelem
3513 865 3683 922 quem

2089 945 2334 1014 corrupit
2401 959 2466 998 ac
2494 943 2740 1015 perdidit
2769 959 3004 1013 magnus
3031 941 3237 998 ﬂuvius
3272 943 3592 1014 Euphrates
3623 943 3682 998 in

2087 1037 2395 1095 Jerusalem
2430 1053 2443 1090 :
2471 1053 2602 1094 eum
2619 1037 2768 1093 enim
2791 1036 3046 1092 funditus
3069 1034 3248 1091 diruit
3273 1051 3375 1106 per
3401 1037 3688 1092 Romanos

2089 1131 2276 1186 Titum
2301 1138 2360 1186 et
2383 1130 2806 1201 Vespasianum.
2837 1129 2936 1184 Est
2955 1130 3108 1185 enim
3137 1128 3690 1200 subligaculumnou

2089 1226 2268 1280 solum
2301 1235 2537 1290 naturae,
2567 1224 2737 1281 situm
2764 1225 2820 1280 in
2855 1223 3063 1278 lumbis
3104 1221 3318 1278 ventris
3347 1231 3406 1278 et
3429 1220 3690 1294 partibus

2089 1317 2788 1389 genitalibuszpropterea
2832 1316 3090 1372 Christus
3145 1330 3273 1371 cum
3320 1314 3567 1388 venisset
3618 1316 3689 1370 ad

2091 1425 2309 1466 ccenam
2343 1409 2484 1466 Novi
2510 1409 2855 1466 Testamenti
2883 1409 2950 1464 ad
2973 1417 3171 1480 gentes
3208 1409 3314 1465 sibi
3341 1408 3688 1480 coniungen-

2093 1498 2193 1554 das
2223 1499 2577 1570 cognatione,
2608 1506 2836 1567 accepto
2866 1497 3041 1554 linteo
3072 1512 3131 1558 se
3163 1495 3464 1554 suceinxit.
3493 1496 3689 1574 Restat

2093 1604 2236 1662 ergo,
2260 1589 2424 1646 nobis
2453 1597 2517 1644 ut
2552 1589 2916 1645 ostendamus
2941 1589 3044 1659 ipsi
3075 1588 3292 1656 Iudaeo,
3310 1597 3367 1644 et
3395 1587 3685 1653 Ecclesiae;

2095 1697 2218 1737 esse
2249 1681 2402 1738 Geon
2451 1682 2823 1754 spiritualem,
2863 1691 2925 1736 ut
2961 1681 3218 1753 utrisque
3254 1681 3694 1754 persuadeamus

2099 1786 2162 1830 ut
2195 1775 2510 1846 intelligant
2547 1773 2866 1845 Scripturas
2905 1790 3016 1829 non
3067 1775 3250 1833 solum
3290 1775 3693 1830 convenienter

2097 1868 2265 1939 900
2295 1868 2497 1928 litterae
2521 1859 2726 1940 (littera
2751 1869 2898 1924 enim
2920 1867 3173 1938 occidit).
3201 1867 3340 1924 Vide
3365 1865 3514 1924 enim
3540 1867 3694 1938 quod

2091 1961 2138 2016 si
2163 1961 2544 2032 intelligamus
2572 1959 2944 2032 corporaliter
2967 1968 3298 2030 prmsentem
3324 1959 3528 2024 litteras
3557 1975 3699 2015 con-

2093 2052 2537 2124 templationem,
2569 2067 2693 2123 quae
2714 2051 2854 2106 dicit
2891 2070 2902 2104 :
2945 2055 3152 2104 Panum
3179 2052 3433 2106 terminos
3466 2047 3693 2108 Israelis
3733 2091 3736 2094 .

2093 2162 2126 2198 a
2147 2142 2341 2212 ﬁnibus
2377 2142 2597 2216 Egypti
2623 2159 2790 2216 usque
2813 2129 2883 2200 ad
2905 2143 3128 2214 ﬂuvium
3158 2158 3414 2214 magnum
3437 2141 3698 2214 Euphra-

2095 2245 2220 2304 tem,
2268 2235 2622 2292 inveniamus
2642 2236 2814 2291 Deum
2833 2251 2955 2292 esse
2975 2234 3294 2300 mentitum,
3321 2235 3574 2290 utvisum
3609 2245 3708 2290 est

2095 2330 2384 2387 sceleratis
2409 2329 2730 2386 Manichaais
2746 2329 3072 2387 mendacem
3089 2343 3212 2385 esse
3235 2329 3410 2384 Deum
3422 2328 3518 2400 qui
3535 2329 3662 2384 locu
3675 2358 3694 2368 ο

2101 2436 2189 2484 tus
2215 2433 2299 2482 est
2318 2425 2494 2481 Vetus
2511 2424 2956 2480 Testamentum.
2984 2424 3149 2496 Ergo,
3168 2440 3238 2481 ne
3259 2439 3361 2480 nos
3394 2438 3617 2495 quoque
3639 2423 3708 2478 in.

2095 2531 2194 2574 eos
2225 2516 2540 2573 incidamus
2571 2517 2803 2588 laqueos
2824 2557 2840 2583 ,
2869 2515 3166 2572 credamus
3191 2513 3414 2572 Christo
3435 2515 3533 2586 qui
3556 2516 3700 2572 dixit

2097 2609 2250 2682 quod
2279 2607 2454 2666 Unum
2490 2609 2602 2664 iota
2633 2616 2728 2663 aut
2751 2624 2890 2663 unus
2917 2623 3053 2678 apea:
3079 2625 3184 2663 non
3216 2609 3460 2664 transibit
3475 2624 3541 2664 ea:
3563 2607 3696 2680 lege,

2099 2702 2263 2758 donec
2281 2704 2461 2758 omnia
2480 2701 2674 2772 ﬁant"
2697 2718 2710 2755 :
2737 2701 2806 2758 de
2823 2701 2945 2773 ipso
2959 2702 3109 2758 enim
3129 2703 3315 2758 omnia
3339 2703 3548 2773 scripta
3568 2711 3701 2759 sunt

2101 2795 2161 2851 in
2177 2795 2386 2853 Veteri.
2405 2795 2728 2852 Invenimus
2741 2793 2892 2851 enim
2911 2794 2968 2849 in
2987 2793 3268 2866 principio
3287 2793 3441 2850 tertii
3460 2795 3698 2866 Regum.

2103 2888 2639 2945 David‘moriturum
2671 2896 2967 2960 postquam
2990 2894 3283 2960 regnasset
3323 2886 3550 2959 triginta
3581 2895 3704 2942 tres

2105 2998 2284 3039 annos
2312 2982 2371 3038 in
2399 2981 2558 3049 Sion,
2605 2983 2665 3039 in
2700 2992 2893 3056 typum
2919 2981 3100 3040 aetatis
3135 2980 3348 3038 Christi
3392 2979 3702 3036 secundum

2107 3091 2332 3132 carnem
2357 3075 2638 3133 dicentem
2671 3093 2686 3131 :
2723 3075 2915 3131 Vocate
2953 3075 3081 3130 mihi
3129 3073 3336 3130 Sadoeh
3375 3073 3704 3128 sacerdotem

403 3155 712 3227 Euphrate.
745 3155 863 3212 Hoc
890 3167 979 3213 est
1013 3157 1114 3212 Dei
1155 3159 1336 3214 oratio
1383 3158 1589 3230 (quoad
1613 3155 1903 3229 terminos)
1933 3158 2003 3214 ad
2033 3187 2077 3248 ο
2107 3177 2158 3222 ει
2188 3167 2425 3224 Numam
2463 3167 2802 3241 prophetam,
2847 3177 2898 3224 et
2947 3167 3220 3223 Banaiam
3255 3166 3431 3236 ﬁlium
3453 3165 3704 3228 Joiadce:

403 3249 698 3306 lsraelem.
747 3249 866 3305 Non
901 3257 986 3306 est
1041 3262 1228 3306 autem
1279 3251 1428 3306 Deus
1471 3266 1641 3307 verus
1675 3249 2002 3318 mentiens;

403 3339 514 3396 Dei
533 3340 684 3396 enim
723 3341 948 3396 Verbum
982 3351 1162 3397 manet
1206 3345 1264 3397 in
1307 3351 1568 3398 mternum
1593 3384 1606 3410 ,
1649 3343 1794 3398 sicut
1829 3342 2007 3399 David

402 3448 636 3504 quoque
683 3433 852 3489 dicit:
895 3433 961 3489 In
1003 3443 1284 3502 aeternum,
1310 3435 1554 3500 Domine,
1596 3435 1822 3490 Verbum
1859 3445 2006 3491 tuum

403 3535 690 3598 permanet
720 3527 776 3581 in
811 3526 979 3592 calo;
1007 3529 1062 3582 in
1101 3529 1498 3599 generationem
1527 3539 1577 3581 et
1607 3529 2006 3600 generationem

403 3622 611 3678 veritas
635 3632 730 3678 tua
755 3622 821 3678 ⁸⁸.
855 3621 995 3679 Cum
1032 3639 1169 3694 ergo
1215 3623 1364 3678 Deus
1412 3622 1738 3693 promiserit
1788 3632 1846 3680 et
1892 3639 2007 3680 non

403 3715 744 3780 mentiatur,
773 3723 828 3770 et
859 3714 1072 3770 dixerit
1093 3731 1153 3770 se
1173 3730 1385 3786 ponere
1415 3714 1550 3771 lines
1579 3714 1801 3790 IEgypti
1830 3731 2007 3786 usque

400 3805 486 3862 ad
529 3807 896 3878 Euphratem,
951 3807 1233 3879 quomodo
1277 3801 1460 3878 neque
1501 3807 1658 3862 ﬂuvii
1703 3807 1878 3874 Geon,
1904 3824 2008 3865 nec

399 3914 608 3955 eorum
641 3892 738 3971 qui
765 3907 895 3956 sunt
919 3907 1097 3972 prope
1119 3899 1296 3964 Geon,
1314 3915 1498 3971 neque
1527 3915 1724 3956 rursus
1749 3901 2006 3972 Euphra-

403 3993 510 4058 tis,
540 4009 645 4048 nec
663 3993 832 4048 ullius
873 3992 1109 4053 consilii
1137 3992 1286 4064 quod
1322 3993 1394 4048 sit
1429 4007 1604 4064 prope
1633 3989 2000 4065 Euphratem.

401 4081 765 4139 dominatum
811 4083 1059 4140 obtinuit
1108 4081 1326 4140 Israel.
1379 4084 1660 4140 Reversus
1706 4093 1894 4142 autem
1946 4085 2004 4140 in

397 4176 852 4255 Chananazorum
885 4178 1260 4244 Palaestinam,
1304 4177 1832 4248 quamobrem‘non
1871 4195 2004 4251 pos-

403 4268 560 4326 sedit
579 4285 756 4340 usque
791 4270 860 4326 ad
886 4271 1278 4342 Euphratem?
1304 4271 1420 4342 Ego
1447 4287 1581 4328 vero
1599 4272 1652 4328 ei
1676 4271 1857 4328 dicam
1889 4289 1902 4326 :
1935 4271 2004 4328 Et

402 4362 696 4432 quomodo
725 4363 781 4420 in
813 4358 1036 4420 deserto
1066 4359 1306 4420 irritasti
1337 4365 1600 4433 Deum,et
1627 4365 1924 4437 possedisti
1949 4375 2007 4422 et

403 4445 640 4512 tenuisti
677 4472 710 4512 a
750 4457 867 4512 Dan
903 4473 1080 4528 usque
1118 4457 1189 4513 ad
1240 4459 1517 4515 Bersabee
1547 4460 1908 4516 Amerrhaeos
1947 4469 2006 4516 et

2109 3269 2160 3316 et
2178 3262 2404 3332 ingressi
2445 3268 2567 3317 sunt
2599 3278 2782 3317 coram
2821 3277 2964 3334 rege,
2999 3271 3048 3316 et
3093 3260 3228 3315 dixit
3277 3276 3370 3315 rea:
3410 3277 3430 3316 :
3470 3259 3706 3332 Accipite

2107 3370 2282 3409 servos
2321 3354 2524 3408 domini
2549 3355 2710 3410 vestri
2737 3353 3026 3420 uobiscum,
3050 3354 3309 3426 imponite
3323 3352 3502 3422 ﬁlium
3525 3369 3704 3408 meum

2107 3445 2450 3502 Salomonem
2481 3463 2641 3518 super
2663 3445 2868 3504 mulam
2903 3462 3101 3512 meum,
3138 3453 3189 3500 et
3217 3445 3464 3500 adducite
3486 3461 3606 3499 eum
3634 3459 3706 3499 aa

2109 3533 2274 3603 Geon,
2305 3543 2356 3589 et
2389 3537 2570 3606 ungite
2595 3551 2719 3590 eum
2741 3551 2916 3607 regem
2937 3537 2991 3590 in
3023 3534 3327 3592 Jerusalem
3350 3537 3420 3590 θ’.
3460 3535 3532 3590 Et
3554 3534 3706 3591 fece-

2107 3632 2241 3680 runt
2259 3624 2406 3680 sicut
2429 3625 2512 3681 eis
2537 3625 2706 3696 jussit
2737 3639 2856 3690 rex,
2891 3633 2952 3681 et
2983 3625 3152 3680 rediit
3176 3624 3438 3682 Salomon
3461 3639 3530 3680 ex
3551 3623 3707 3681 Geon

2107 3714 2178 3770 ad
2207 3723 2425 3786 patrem
2455 3731 2620 3770 suum
2641 3715 2816 3770 David
2841 3731 3100 3787 regnans.
3153 3714 3533 3783 Quamobrem
3561 3715 3706 3771 nihil

2109 3807 2446 3864 tuuc‘defuit
2467 3808 2660 3864 Davidi
2684 3808 2988 3880 quominus
3016 3809 3234 3866 diceret
3253 3807 3478 3880 quando
3503 3825 3705 3866 ascen-

2107 3900 2192 3956 dit
2225 3900 2375 3958 lilius
2407 3903 2528 3974 ejus
2552 3918 2621 3958 ex
2641 3901 2794 3958 Geon
2819 3903 2888 3958 ad
2919 3902 3127 3973 ipsum,
3153 3901 3236 3958 Ea:
3265 3902 3498 3974 ,Ἐφυρίο
3519 3905 3706 3958 vocavi

2105 3993 2282 4064 filium
2323 4011 2516 4050 meum.
2556 3994 2712 4052 Geon
2759 3995 2910 4051 enim
2939 3995 3215 4067 signiﬁcat
3253 3995 3546 4068 Egyptum
3579 4007 3708 4052 :est

2107 4088 2259 4144 enim
2291 4089 2396 4144 iste
2431 4104 2656 4160 quoque
2681 4088 2886 4146 ﬂuvius
2913 4087 3334 4162 Hierosolymis,
3370 4089 3469 4162 qui
3494 4089 3708 4145 dicitur

2109 4180 2279 4238 Siloe.
2307 4181 2415 4249 Qui
2435 4197 2569 4254 ergo
2593 4183 2862 4239 adversus
2876 4198 2943 4239 ea
2964 4199 3088 4254 qua:
3103 4181 3370 4238 dicuntur
3395 4182 3708 4239 reluctatur

2107 4271 2399 4342 Hebraeus,
2430 4274 2708 4331 refellitur
2741 4275 2812 4330 ad
2851 4291 3041 4330 rerum
3069 4275 3551 4347 consequentiam.
3584 4275 3705 4331 Non

2109 4359 2431 4448 invenimus
2473 4369 2625 4424 enim
2659 4368 2915 4448 alterum,
2937 4351 3124 4441 regem
3152 4376 3384 4425 unctum
3438 4368 3497 4424 in
3527 4367 3709 4433 Geon,

2107 4459 2219 4516 nisi
2267 4460 2449 4516 solum
2490 4459 2847 4517 Salomonem
2905 4447 3090 4516 lilium
3144 4460 3344 4518 David.
3403 4461 3708 4532 Propterea

401 4549 731 4606 Chetthaeos
759 4591 774 4617 ,
837 4559 896 4606 et
954 4551 1204 4622 reliquas
1251 4560 1444 4622 gentes
1493 4558 1659 4606 terra;
1691 4549 1956 4606 Chanaan
1981 4551 2004 4605 ’ἒ
2036 4537 2082 4595 ί)
2107 4551 2207 4619 Dei
2231 4568 2457 4624 quoque
2482 4553 2751 4630 templum
2780 4568 2893 4608 non
2916 4553 3157 4611 aedificat
3188 4553 3388 4622 David,
3411 4553 3562 4624 quod
3585 4554 3714 4624 qui-

405 4641 602 4696 Discat
645 4657 779 4712 ergo
829 4643 1101 4707 Ecclesia,
1138 4649 1196 4698 et
1237 4641 1484 4706 Iudaeus,
1543 4641 1692 4714 quod
1735 4642 1808 4698 ab
1855 4643 2008 4698 exitu

402 4721 631 4804 Egypti
687 4749 864 4804 usque
908 4733 978 4788 ad
1022 4731 1254 4788 ﬂuvium
1301 4749 1565 4805 maguum
1619 4729 2010 4804 Euphratem,

405 4840 614 4896 nempe
640 4825 948 4890 Christum,
981 4811 1128 4882 Deus
1147 4825 1442 4904 constituit
1475 4835 1538 4882 ut
1585 4834 1846 4882 tenerent
1891 4835 2009 4882 tera

408 4916 598 4973 minos
641 4917 828 4972 cultus
871 4917 1130 4988 legitimi.
1194 4917 1304 4973 lste
1333 4917 1483 4975 enim
1538 4916 1848 4988 spiritualis
1901 4917 2012 4972 Eu-

410 5008 642 5080 phrates
685 5009 783 5080 qui
819 5009 1056 5080 peremit
1098 5023 1228 5064 eum
1277 5009 1376 5080 qui
1417 5025 1518 5081 per
1571 5009 1898 5082 sanguinem
1946 5009 2009 5064 fit

409 5099 649 5168 cultum,
679 5109 736 5156 et
761 5101 1086 5158 libationem
1127 5119 1138 5154 :
1173 5101 1348 5168 hunc,
1379 5102 1630 5174 inquam,
1660 5101 2004 5174 Euphratem

411 5194 566 5249 Deus
589 5193 1054 5264 praesigniﬁcans,
1105 5193 1244 5249 dicit
1284 5193 1541 5250 Jeremiae
1599 5193 1695 5264 qui
1731 5203 1861 5249 ante
1917 5210 2006 5247 ca-

412 5285 726 5357 ptivitatem
746 5287 917 5343 Israel
933 5295 1056 5342 erat
1069 5288 1126 5342 in
1141 5287 1478 5342 Jerusalem:
1500 5287 1869 5358 Vade,pr0jice
1885 5290 2008 5340 sub-

436 5376 727 5449 ligaculu'n
757 5384 906 5429 tuum
925 5377 980 5429 in
1011 5375 1336 5444 Euphratem
1359 5371 1796 5444 ".‘Euphratem
1821 5377 2007 5423 autem

435 5469 569 5524 dicit
584 5467 726 5522 Deus
743 5468 922 5522 locum
938 5482 1076 5536 aqua
1093 5464 1473 5520 eireumﬂuum
1494 5477 1658 5534 prope
1679 5457 2010 5526 Jerusalem,

439 5559 856 5632 quiappellatur
879 5559 1054 5613 Phara
1085 5572 1180 5611 seu
1210 5557 1433 5627 frugifer
1455 5571 1476 5610 :
1502 5552 1738 5624 Cumque
1762 5551 1881 5607 illic
1911 5567 2008 5617 po-

436 5655 626 5709 suisset
647 5655 898 5721 pr0pheta
922 5650 1142 5704 linteum
1167 5648 1333 5702 lumbi
1361 5649 1462 5715 sui,
1491 5647 1633 5701 misit
1659 5661 1778 5701 eum
1804 5644 2010 5716 aliquot

489 5765 538 5797 ”
569 5767 731 5822 Deut.
775 5785 937 5832 xxvn,
961 5767 1053 5824 26.
1151 5769 1196 5802 ³⁸
1225 5771 1362 5825 Dan.
1397 5787 1469 5836 Ix,
1503 5771 1592 5826 27.

1693 5773 1742 5805 ⁸⁸
1765 5774 1924 5828 Rom.
1961 5792 2014 5839 κ,
2051 5777 2104 5830 4.

2110 4643 2238 4700 dem
2280 4643 2518 4700 decebat
2562 4662 2576 4697 :
2626 4651 2752 4698 erat
2785 4643 2936 4699 enim
2987 4644 3355 4716 justissimus.
3407 4644 3516 4704 Sed
3541 4634 3711 4701 'lilius

2108 4735 2307 4803 David,
2340 4737 2555 4793 scilicet
2593 4721 2708 4806 >qui
2735 4735 3148 4792 administravit
3169 4737 3386 4794 ratione
3413 4737 3715 4808 praeditum.

2108 4830 2379 4900 templum
2409 4828 2655 4894 hominis
2688 4827 3028 4883 dissolutum
3066 4845 3078 4880 :
3110 4843 3210 4899 per
3241 4843 3372 4884 eum
3403 4828 3501 4899 qui
3535 4827 3706 4883 etiam

2107 4922 2372 4986 Salomon
2441 4921 2758 4993 paciﬁcavit
2819 4920 3185 4980 circumcirca
3241 4937 3438 4979 omnes
3489 4930 3708 4994 gentes.

2116 5017 2419 5088 Propterea
2460 5017 2644 5087 regina
2683 5029 2908 5085 quoque
2949 5014 3154 5081 Austri,
3185 5029 3385 5085 nempe
3431 5014 3708 5079 Ecclesia,

2116 5112 2492 5181 posteriorum
2547 5123 2823 5162 annorum
2863 5105 3075 5170 saeculi,
3105 5121 3303 5162 eorum
3349 5105 3564 5162 scilicet
3609 5107 3707 5177 qui

2115 5202 2272 5272 prius
2299 5210 2462 5258 erant
2501 5200 2816 5271 1Ethiopes,
2856 5200 3088 5254 surrexit
3119 5215 3184 5253 ex
3213 5198 3429 5268 ﬁnibus,
3462 5199 3561 5256 sed
3593 5214 3706 5253 non

2114 5309 2183 5348 ex
2211 5293 2336 5349 loco
2367 5291 2558 5362 aliquo
2591 5310 2602 5344 :
2649 5301 2698 5346 et
2733 5293 2873 5346 venit
2906 5301 2963 5344 ut
3007 5290 3206 5346 videret
3247 5291 3572 5362 sapientiam
3606 5289 3704 5346 Illii

2115 5385 2309 5451 David,
2333 5401 2532 5454 nempe
2559 5385 2712 5451 Jesu,
2766 5384 3074 5456 spiritualis
3101 5381 3405 5439 Salomonis
3437 5383 3506 5447 ”,
3559 5397 3719 5453 quo-.

2113 5475 2262 5530 niam
2289 5489 2320 5530 a
2361 5473 2566 5544 templo
2599 5467 2914 5528 Salomonis
2947 5471 3100 5526 uncti
3137 5471 3193 5526 in
3222 5470 3398 5538 Geon,
3428 5485 3604 5542 usque
3634 5470 3711 5529 ad

2115 5565 2346 5622 ﬂuvium
2373 5581 2632 5637 magnum
2664 5563 3004 5636 Euphratem
3031 5563 3302 5620 dominati
3327 5572 3458 5619 sunt
3479 5561 3712 5624 termini

2115 5657 2350 5730 legitimi
2397 5657 2583 5714 cultus
2620 5657 2810 5728 templi
2858 5657 2954 5713 Dei
3002 5657 3122 5731 (qui
3149 5657 3404 5714 dissolvit
3438 5655 3704 5726 templum

2226 5774 2271 5805 '"
2303 5792 2321 5831 ι
2348 5792 2434 5831 uc.
2463 5793 2576 5840 vvt,
2615 5778 2696 5832 l6.
2773 5777 2819 5810 ⁸⁸
2847 5779 2988 5835 Psal.
3017 5794 3202 5845 csvm,
3243 5777 3328 5834 89.
3422 5774 3467 5807 "
3492 5773 3708 5833 Jcrcm.

421 5853 534 5906 ltlt,
559 5837 610 5894 4.
689 5840 737 5872 ’θ
764 5839 897 5895 ibid.
927 5840 1080 5897 ϐ-Ιο.
1157 5843 1199 5874 ⁹¹
1227 5841 1417 5897 Matth.
1454 5859 1508 5910 v,
1547 5843 1626 5898 l8.
1703 5844 1748 5876 θ’
1776 5844 1846 5900 Ill
1875 5845 1999 5919 Reg.

2103 5847 2290 5902 52-31.
2342 5849 2382 5877 ιη
2409 5847 2477 5902 lll
2507 5837 2642 5919 ηδε.
2676 5865 2728 5918 ς,
2767 5849 2816 5906 l.
