4098 6510
417 355 525 420 983

1623 364 1684 424 S.
1724 364 2126 426 ANASTASII
2170 363 2502 426 SINAITE

3597 358 3697 423 98!

414 466 999 540 lsraelis)etsacriticii
1030 453 1245 537 ratione
1266 474 1507 545 praediti,
1537 476 1684 545 quod
1711 475 2008 530 brutorum
2040 479 2084 545 ᾼ
2112 477 2513 546 interpretatur
2568 472 2882 529 mandatum
2924 472 3185 529 Attissimi
3222 488 3243 526 :
3285 470 3437 543 quod
3472 471 3701 542 quidem

414 565 682 621 exstinxit
710 562 1066 633 sacriﬂcium,
1119 582 1219 636 per
1264 566 1547 623 Christum
1570 569 1666 639 qui
1700 576 1787 623 est
1835 567 2008 623 carbo

414 656 513 727 qui
549 654 725 725 sopiri
750 669 863 709 non
904 664 1087 725 potest
1115 665 1168 710 et
1192 659 1489 730 exstingui.
1536 658 1673 713 Nam
1704 667 1761 714 et
1808 658 2009 714 Isaiam

416 747 716 813 accendit,
778 758 834 803 et
866 749 934 803 ad
979 765 1038 804 se
1093 749 1472 817 inﬂammavit,
1502 751 1785 822 proposito
1838 752 2011 823 regali

418 840 696 896 sacriﬁcio
731 841 1031 912 symbolice
1058 850 1190 897 tunc
1220 852 1443 914 quoque
1475 843 1527 897 ei
1562 860 1861 914 apparens.
1916 843 2011 899 Sic

419 932 697 989 comedite
737 948 936 989 carnes
962 934 1216 1006 corporis
1246 951 1416 991 sacrae
1467 936 1794 1007 Scriptura,
1836 952 1870 992 ο
1897 937 2010 993 fra-

419 1035 559 1091 tres,
593 1039 690 1081 eas
716 1026 1032 1083 esurientes
1058 1044 1072 1080 :
1099 1037 1156 1083 et
1181 1029 1513 1085 absconsum
1562 1029 1622 1084 in
1666 1044 1834 1095 carne
1864 1028 2015 1084 Scri-

418 1122 603 1186 pturae
634 1117 910 1187 spirituali
933 1119 1320 1191 mysteriorum
1347 1120 1674 1191 sanguinem
1696 1121 1777 1177 sic
1802 1121 2010 1188 bibite;

421 1209 626 1280 quiest
649 1211 801 1265 enim
835 1211 918 1267 sic
950 1213 1071 1283 ejus
1097 1213 1397 1285 particeps,
1442 1214 1614 1270 habet
1637 1215 1811 1270 vitam
1844 1222 2013 1269 aeter-

423 1317 578 1357 nam.
627 1301 899 1368 Quoniam
950 1315 1135 1360 autem
1170 1306 1570 1376 procedentem
1615 1307 2014 1378 proprietatem

422 1395 483 1450 in
509 1404 703 1451 sancto
732 1396 944 1467 Spiritu
984 1398 1283 1456 didicimus
1309 1416 1378 1456 ex
1397 1400 1737 1473 evangelicis
1757 1416 1881 1456 esse
1906 1410 2019 1456 tra-

424 1488 751 1557 ditionibus,
775 1490 996 1546 dicente
1019 1493 1253 1549 Domino
1283 1513 1297 1548 :
1325 1492 1560 1565 Spiritus
1588 1502 1805 1551 sanctus
1835 1495 1926 1564 qui
1954 1510 2018 1549 ex

422 1579 590 1635 Patre
622 1583 857 1653 procedit
883 1584 953 1650 “,
984 1584 1218 1641 fortasse
1252 1586 1526 1658 Spiritum
1567 1587 1845 1660 signiﬁcat
1872 1588 2016 1643 scri-

423 1681 553 1744 ptor
583 1675 776 1732 dicens
806 1695 820 1731 :
853 1676 1069 1734 Flavius
1095 1681 1364 1752 egreditur
1388 1698 1452 1736 ex
1482 1682 1651 1736 Edem
1684 1682 1755 1736 ad
1783 1683 2021 1753 irrigan-

424 1768 555 1821 dum
576 1769 890 1840 paradisum
919 1764 1202 1829 Ecclesiae.
1237 1773 1373 1828 Nam
1404 1772 1563 1839 illud,
1608 1772 1919 1845 Egreditur,
1947 1773 2023 1828 si-

2110 567 2222 623 dici
2269 567 2531 625 convenit
2565 566 2635 639 de
2664 565 2982 637 evangelica
3014 564 3433 636 praedicatione.
3487 563 3704 621 “arcus

2111 671 2297 716 autem
2323 660 2505 716 dictus
2533 669 2618 715 est
2667 660 2867 715 donum
2888 661 3030 723 vita,
3050 657 3429 713 Lucasautem
3458 657 3706 713 obedieru

2109 752 2362 808 Domino.
2393 753 2567 809 Porro
2589 759 2776 811 autem
2822 752 2942 823 ipsa
2985 766 3211 824 quoque
3237 756 3479 820 quatuor
3509 748 3710 803 ﬂuvio-

2112 863 2237 902 rum
2287 855 2697 916 consequenter
2749 847 3042 916 positura,
3088 855 3327 916 quatuor
3381 851 3715 899 sanctorum

2113 942 2580 1013 evangelistarum
2617 940 3020 997 immutabilem
3060 939 3333 1010 significat
3365 937 3617 993 ordinem
3650 944 3714 991 et

2112 1033 2447 1106 posituram.
2479 1032 2703 1090 Primus
2730 1048 2864 1104 ergo
2890 1031 3179 1089 Matthaeus
3204 1030 3301 1099 qui
3328 1028 3537 1084 dicitur
3580 1026 3717 1081 Phi.

2113 1144 2211 1182 son
2245 1143 2264 1181 :
2290 1125 2438 1197 quod
2460 1125 2686 1197 quidem
2714 1126 3115 1194 interpretatur
3135 1122 3244 1176 oris
3276 1120 3548 1175 atteratio.
3572 1119 3719 1173 Nam

2116 1237 2244 1279 cum
2278 1220 2568 1276 Matthaeus
2597 1215 2892 1287 scripserit
2911 1212 3272 1284 Evangelium
3313 1225 3570 1267 sermone
3598 1210 3720 1265 lle-

2116 1315 2330 1380 braico,
2354 1313 2459 1368 fuit
2481 1313 2753 1368 alteratus
2771 1318 2828 1365 et
2858 1305 3277 1377 interpretando
3307 1309 3721 1358 transmutatus

2119 1421 2303 1464 sermo
2332 1405 2448 1461 oris
2468 1405 2591 1475 ejus
2620 1418 2652 1456 a
2681 1400 2830 1455 Luca
2855 1407 2915 1454 et
2934 1397 3104 1453 Paulo
3132 1396 3187 1452 in
3220 1409 3414 1455 vocem
3441 1393 3713 1449 Grmcam.

2120 1499 2412 1558 Secundus
2440 1493 2815 1553 conducibilis
2846 1491 3065 1547 Marcus
3116 1488 3326 1544 ﬂuvius
3366 1486 3464 1558 qui
3507 1486 3724 1541 dicitur

2120 1594 2273 1652 Geon
2308 1612 2322 1647 :
2356 1588 2812 1665 quandoquidem
2845 1586 3064 1665 Marcus
3097 1599 3323 1653 quoque
3376 1596 3505 1637 eum
3536 1579 3724 1634 Evan-

2121 1688 2331 1760 gelium
2359 1684 2748 1742 annuntiasset
2791 1678 3086 1750 Egyptiis,
3141 1676 3259 1731 illic
3312 1690 3414 1745 per
3444 1671 3722 1742 Spiritum

2124 1779 2356 1835 ﬂuvium
2402 1793 2471 1832 ex
2517 1784 2713 1831 ventre
2752 1774 2875 1843 ejus
2928 1778 3144 1823 scatere
3198 1766 3336 1823 fecit
3374 1779 3535 1834 aquae
3576 1762 3724 1816 viva

424 1852 651 1927 gniﬁcat
691 1862 1101 1930 perennitatem
1131 1904 1145 1930 ,
1194 1872 1252 1918 et
1298 1864 1509 1919 nullam
1563 1879 1685 1919 esse
1744 1864 2012 1934 quietem.
2049 1848 2092 1905 Β
2119 1866 2558 1943 praedicationis.
2589 1864 2813 1921 Tertius
2843 1863 3044 1925 Lucas,
3078 1858 3175 1931 qui
3210 1864 3449 1912 vocatur
3492 1853 3717 1925 Tygris,

424 1950 585 2018 Quod
611 1953 837 2023 quidem
866 1955 1028 2010 nobis
1058 1971 1258 2012 rursus
1300 1956 1420 2027 ipse
1462 1957 1730 2012 Dominus
1759 1956 2018 2012 Christus

422 2045 682 2115 promisit
705 2047 899 2104 dicens
925 2066 939 2102 :
966 2047 1024 2104 Si
1048 2050 1226 2105 abiero
1259 2051 1329 2105 ad
1367 2050 1611 2117 Patrem,
1650 2050 1846 2122 rogabo
1872 2066 2014 2117 eum,

424 2148 480 2192 et
512 2139 1036 2197 aliumParacletum
1058 2145 1274 2198 mittam
1308 2143 1450 2199 vobis
1482 2141 1750 2214 Spiritum
1775 2143 2015 2197 veritatis

424 2239 485 2285 ut
517 2242 735 2288 maneat
780 2235 1045 2291 vobiscum
1073 2238 1131 2291 in
1159 2245 1420 2292 wternum
1458 2236 1528 2290 ".
1575 2236 1735 2303 Quod
1770 2237 1816 2291 si
1848 2236 2018 2291 etiam

424 2324 633 2393 quaeris
666 2335 911 2396 quatuor
960 2327 1122 2382 initia
1175 2327 1603 2383 illuminationis
1632 2328 1808 2383 sancti
1841 2327 2020 2398 Spiri-

426 2426 541 2481 tus,
576 2417 719 2474 scias
744 2433 873 2473 emn
920 2435 1045 2475 esse
1099 2420 1195 2493 qui
1244 2428 1332 2475 est
1365 2419 1589 2476 locutus
1629 2418 1687 2474 in
1725 2420 1890 2491 justis
1923 2421 2021 2492 qui

425 2510 660 2567 fuerunt
693 2521 825 2568 ante
858 2512 1063 2585 legem,
1092 2529 1161 2569 ex
1193 2514 1401 2584 quibus
1424 2494 1545 2570 erat
1571 2513 1664 2570 ille
1690 2530 1913 2586 quoque
1928 2514 2025 2587 qui

426 2604 693 2661 dicebat:
724 2605 956 2678 Spiritus
983 2608 1192 2663 divinus
1219 2611 1311 2679 qui
1354 2608 1601 2663 abundat
1645 2607 1894 2665 nobisin
1930 2594 2029 2666 na;

428 2697 608 2763 ribus,
665 2698 827 2755 ﬂatus
869 2709 1057 2756 autem
1101 2699 1517 2772 Omnipotentis
1566 2701 1663 2772 qui
1712 2717 1799 2757 me
1840 2701 2025 2757 docet.

431 2792 705 2873 Similiter
722 2793 1033 2867 secundum
1055 2809 1280 2865 quoque
1306 2794 1364 2849 in
1385 2793 1507 2866 lege
1532 2811 1546 2847 :
1593 2795 1821 2851 tertium
1839 2804 2028 2850 autem

430 2884 492 2938 in
522 2885 813 2955 prophetis
842 2906 854 2942 :
901 2886 1106 2943 deinde
1146 2885 1320 2943 etiam
1343 2895 1546 2958 quarto
1571 2887 1770 2945 ordine
1800 2887 1860 2943 in
1890 2903 2035 2959 qua-

431 2976 564 3036 tuor
587 2976 775 3035 ﬂuviis
802 2977 1294 3059 evangelistarum.
1324 2978 1464 3035 Nam
1493 2978 2035 3050 Mattbaeusquidem

2121 1963 2217 2035 qui
2236 1961 2465 2041 quidem
2486 1959 2890 2029 interpretatur
2905 1954 3090 2009 Latus.
3110 1950 3254 2018 Quid
3280 1948 3434 2006 enim
3458 1947 3514 2001 in
3536 1946 3724 2000 Evan—

2124 2038 2476 2130 geliislatius
2496 2062 2595 2110 aut
2609 2051 2783 2107 ditius
2814 2047 3116 2119 Evangelio
3150 2042 3461 2101 secundum
3481 2038 3725 2111 Lucam?

2121 2152 2259 2207 Nam
2288 2164 2418 2206 cum
2441 2148 2599 2203 Pauli
2629 2140 3139 2217 dogmatumfontis
3158 2138 3360 2205 fuisset
3379 2133 3720 2204 discipulus,

2124 2259 2291 2315 super
2312 2242 2555 2298 ﬂuvialia
2585 2239 2793 2295 ﬂuenta
2819 2252 2886 2294 ex
2903 2234 3059 2291 Pauli
3080 2232 3218 2288 rivis
3246 2229 3524 2287 scaturiit.
3550 2225 3727 2292 Quar-

2127 2344 2220 2392 tus
2247 2335 2491 2392 Joannes
2520 2331 2780 2395 dilectus,
2814 2344 2982 2393 supra
3027 2334 3206 2398 pectus
3242 2321 3580 2379 recumbens
3652 2316 3727 2383 “,

2129 2429 2227 2501 qui
2260 2442 2388 2484 cum
2422 2440 2589 2497 supra
2618 2423 2788 2479 Lucis
2826 2429 3023 2492 pectus
3049 2415 3398 2481 recubuerit,
3433 2412 3598 2477 nobis
3624 2426 3731 2467 an-

2130 2519 2416 2580 nuntiavit
2447 2536 2489 2574 a
2513 2516 2734 2594 superis
2771 2514 2974 2570 factam
3003 2511 3074 2567 ab
3103 2510 3227 2582 ipso
3264 2509 3432 2565 Patre
3453 2505 3731 2562 luminum

2124 2613 2569 2689 generationem,
2594 2610 2793 2681 quiest
2818 2607 2937 2678 ipse
2966 2606 3063 2661 lux
3094 2620 3225 2660 vera
3257 2601 3583 2658 illuminans
3612 2614 3733 2655 om-

2128 2723 2259 2765 nem
2287 2706 2593 2769 hominem,
2624 2710 2683 2759 et
2707 2702 2802 2757 lux
2830 2700 2886 2754 in
2909 2696 3160 2755 tenebris
3180 2697 3377 2752 lucens
3411 2694 3484 2758 '7,
3537 2700 3598 2747 et
3635 2691 3729 2747 lux

2130 2797 2350 2864 mundi,
2381 2797 2528 2855 sicut
2560 2795 2706 2852 dixit
2737 2792 2810 2848 ⁸⁸.
2840 2792 2953 2865 Ipsi
2984 2791 3058 2848 sit
3083 2789 3262 2863 gloria
3290 2796 3350 2845 et
3390 2784 3645 2858 potentia
3672 2783 3729 2839 in

2138 2890 2342 2951 saecula
2380 2890 2739 2947 surculorum.
2770 2885 2970 2943 Amen.

2334 3120 3720 3152 *Μ

1660 3325 2015 3417 LIBER
2096 3321 2543 3415 NONUS.

977 3531 1081 3573 ΒΕ»
1101 3528 1483 3574 Ροςτιςιιιιοιιι
1526 3526 1756 3570 ιιειιυιιί
1787 3520 2031 3568 CRELTF

2134 3519 2178 3576 ζ,
2213 3520 2295 3563 ET
2326 3516 2613 3563 MULIERB
2646 3508 2786 3559 VIBI
2816 3508 3199 3556 Αωυτιιιοις.

2066 3675 2140 3693 ι-η

494 3818 586 3874 'Et
614 3818 819 3888 accepit
838 3814 981 3871 Deus
1003 3815 1269 3870 hominem
1294 3828 1449 3885 quem
1480 3811 1625 3883 fecit,
1649 3819 1701 3865 et
1725 3810 1901 3882 posuit
1925 3824 2045 3881 eum
2072 3809 2117 3867 C
2151 3805 2297 3859 imus
2344 3801 2642 3877 audientes
2660 3797 2811 3870 quod
2841 3798 2990 3852 Deus
3020 3791 3263 3865 sumpsit
3284 3792 3595 3859 hominem,
3626 3799 3683 3847 et
3705 3806 3737 3846 τ

445 3918 503 3971 iu
537 3912 811 3986 paradiso.
853 3909 994 3977 Ante
1031 3922 1252 3963 omnem
1278 3903 1749 3962 examinationem
1779 3898 2042 3956 conside-

446 4006 686 4063 randum
709 4013 797 4060 est
821 4004 879 4059 in
902 4003 1026 4059 loco
1054 4000 1334 4073 opposito,
1366 4013 1471 4053 cur
1506 4011 1622 4054 non
1649 3994 1968 4066 indigenam
2011 4006 2043 4057 e

447 4098 712 4173 paradiso
736 4097 987 4170 genitum
1025 4104 1084 4152 et
1134 4110 1167 4151 e
1207 4090 1469 4166 paradiso
1517 4087 1763 4145 eﬂictum
1798 4086 1954 4142 intus
1989 4082 2046 4138 in

448 4180 708 4265 paradiso
723 4187 1015 4245 Deusfecit
1040 4187 1351 4249 hominem,
1365 4181 1464 4238 sed
1483 4181 1667 4253 ipSum
1689 4176 2047 4235 extrinsecus

448 4286 663 4344 nudum
688 4292 746 4340 et
780 4282 1210 4353 incompositum
1250 4274 1480 4332 aliunde
1507 4270 1794 4329 inducitin
1825 4267 2047 4340 paradi-

449 4395 607 4446 sum;
625 4379 776 4432 intus
788 4381 973 4431 autem
993 4389 1026 4428 e
1044 4369 1307 4443 paradiso
1335 4365 1643 4423 fabricatur
1663 4361 1961 4418 mulierem
1978 4374 2051 4421 ex

451 4473 665 4529 Adamo
690 4487 706 4536 ;
733 4484 932 4539 rursus
948 4476 1135 4522 autem
1160 4479 1287 4520 cum
1308 4461 1520 4517 bestias
1540 4457 1676 4514 foris
1697 4452 2049 4513 construxis—

451 4574 557 4629 set,
590 4572 783 4635 postea
810 4557 1121 4617 introducit
1142 4557 1211 4613 ad
1236 4554 1524 4610 hominem
1579 4552 1639 4606 in
1700 4546 2047 4621 paradisum.

451 4655 758 4729 Oportebat
795 4654 948 4710 enim
978 4651 1066 4706 vel
1114 4647 1406 4703 mulierem
1458 4660 1587 4700 cum
1634 4639 1863 4697 homine
1912 4636 2051 4693 foris

453 4755 687 4824 ﬁngere,
709 4750 795 4805 vel
820 4747 992 4804 etiam
1015 4747 1168 4802 intus
1199 4749 1532 4797 construere
1554 4738 1763 4799 virum,
1797 4732 1894 4787 ubi
1928 4745 2052 4786 mu-

453 4847 560 4902 lier
590 4843 696 4899 fuit
737 4848 1081 4898 constructa.
1110 4834 1402 4904 Quomodo
1433 4838 1623 4891 autem
1653 4829 1803 4884 Deus
1826 4838 2051 4896 quoque

454 4939 641 4993 ferens
662 4935 875 4990 bestias
896 4940 953 4988 et
970 4929 1252 4995 animalia,
1283 4941 1399 4982 non
1415 4940 1482 4979 ea
1505 4920 1738 4978 adduxit
1771 4918 1841 4973 ad
1862 4925 2050 4972 utros-

455 5043 566 5099 que
614 5042 741 5081 cum
770 5032 961 5081 essent
994 5020 1183 5085 simul,
1236 5017 1332 5074 sed
1369 5015 1438 5072 ad
1492 5014 1673 5071 solum
1716 5010 2003 5067 hominem
2029 5006 2056 5061 ἲ

457 5124 587 5178 Haec
605 5120 831 5176 Iudaeus
857 5119 1051 5189 legens
1075 5113 1310 5186 singulis
1334 5111 1559 5174 diebus,
1592 5112 1706 5163 rion
1732 5102 2049 5176 cognoscit;

2149 3900 2272 3955 loco
2298 3899 2356 3954 in
2384 3899 2573 3971 locum
2599 3910 2728 3953 eum
2760 3893 3008 3949 traduxit
3029 3892 3200 3954 Deus,
3246 3895 3306 3944 et
3339 3902 3471 3943 eum
3498 3883 3735 3957 posuit?

2151 3992 2208 4049 Si
2236 3999 2423 4047 autem
2453 3988 2597 4045 dicis
2638 3986 2799 4058 quod.
2823 3994 2979 4040 extra
3010 3980 3333 4054 paradisum
3367 3977 3573 4033 mulier
3599 3979 3738 4037 facta

2148 4093 2324 4140 estex
2348 4083 2546 4146 latere,
2573 4076 2858 4152 quomodo
2902 4090 3027 4137 eam
3076 4072 3246 4137 simul
3274 4071 3448 4128 infert
3479 4084 3609 4125 cum
3644 4067 3740 4122 ho-

2149 4164 2299 4233 mine
2331 4176 2389 4231 in
2412 4172 2713 4246 paradiso?
2734 4171 2846 4228 Sed
2872 4186 2945 4227 ne
2970 4168 3386 4249 dubitationem
3422 4163 3742 4234 operiamus

2151 4270 2521 4333 dubitatione,
2546 4257 2655 4338 qui
2673 4265 2934 4332 volumus
2954 4260 3203 4319 dilucide
3231 4266 3288 4315 et
3323 4257 3469 4313 citra
3490 4268 3743 4311 errorem

2150 4363 2370 4418 discere
2385 4356 2860 4432 quemadmodum
2881 4353 3100 4424 accepit
3118 4353 3268 4408 Deus
3278 4348 3568 4432 hominem
3581 4357 3746 4416 quem

2152 4453 2351 4521 ﬁnxit;
2402 4430 2707 4509 audiamus
2770 4449 3008 4506 Paulum
3045 4446 3325 4503 dicentem
3382 4430 3454 4498 de
3501 4440 3745 4500 Christo,

2151 4548 2300 4622 quod
2330 4565 2449 4604 cum
2468 4549 2525 4602 in
2553 4546 2726 4616 {arma
2756 4543 2851 4598 Dei
2868 4532 2999 4597 esset
3028 4536 3401 4605 “,bominem
3421 4548 3590 4605 quem
3620 4531 3751 4586 fecit

2152 4626 2342 4713 posuit
2379 4641 2437 4695 in
2464 4638 2724 4710 paradiso
2742 4634 3007 4691 Ecclesiae
3027 4673 3041 4697 ,
3083 4630 3153 4686 ad
3193 4626 3542 4699 operandum
3567 4623 3749 4694 ipsum

2156 4734 2287 4806 (hoc
2317 4741 2404 4789 est
2434 4714 2742 4795 hominem)
2767 4736 2825 4783 et
2848 4723 3308 4783 custodiendum.
3338 4719 3541 4788 Siquis
3566 4726 3750 4773 autem

2156 4824 2464 4882 hoc-verbo
2500 4821 2873 4878 conturbatur
2907 4858 2921 4879 ,
2958 4817 3111 4872 dicat
3142 4813 3305 4880 mihi,
3336 4826 3465 4867 cum
3511 4807 3753 4864 latitudo

2153 4919 2400 4998 paradisi
2427 4916 2500 4974 sit
2532 4912 2941 4986 magnitudinis
2966 4902 3582 4989 incomprehensibilis,
3616 4900 3753 4956 adeo

2155 4995 2222 5075 ut
2271 5007 2614 5067 abundantia
2665 5007 2788 5078 ejus
2849 5000 3198 5073 irrigationis
3249 4995 3458 5053 eﬂiciat
3510 5003 3756 5065 quatuor

2155 5103 2354 5159 ﬂuvios
2378 5099 2694 5156 universam
2715 5109 2890 5167 prope
2906 5101 3110 5157 terram
3136 5088 3457 5159 irrigantes,
3475 5080 3758 5155 quomodo

457 5209 723 5281 quoniam
754 5208 939 5263 adhuc
989 5205 1162 5263 habet
1209 5201 1533 5274 impositum
1576 5199 1763 5254 velum
1795 5186 2055 5255 animalis
2086 5177 2130 5232 Ῑ)
2160 5197 2275 5257 ille,
2309 5208 2435 5251 cum
2472 5192 2547 5248 sit
2577 5190 2751 5256 solus,
2792 5187 2999 5259 ligone,
3029 5192 3211 5238 rastro
3246 5179 3334 5236 vel
3375 5186 3562 5233 aratro
3600 5189 3759 5230 εχειι.

461 5300 849 5375 ignorationis.
896 5299 957 5355 Si
997 5300 1120 5354 haec
1146 5298 1298 5354 enim
1336 5294 1725 5365 intelligantur
1747 5288 2057 5346 secundum

2160 5288 2344 5344 cuerit
2370 5294 2536 5341 terra:
2563 5280 2949 5352 operationem
2976 5293 2991 5343 ;
3023 5271 3309 5345 quomodo
3342 5279 3529 5335 autem
3570 5274 3788 5355 custo-.

462 5397 729 5459 litteram,
752 5408 816 5448 ea
844 5391 1118 5463 inducunt
1141 5403 1365 5446 omnem
1390 5384 1800 5442 absurditatem
1822 5388 1881 5436 et
1909 5380 2061 5435 blas-
2163 5376 2376 5438 diebat,
2413 5389 2541 5433 cum
2573 5385 2759 5442 neque
2786 5376 2978 5425 essent
3007 5365 3185 5427 fures,
3214 5377 3400 5432 neque
3428 5358 3563 5424 viri,
3591 5356 3756 5415 ethe-
3786 5358 3797 5375 ‘

466 5487 769 5559 phemiam.
804 5485 944 5541 Nam
971 5485 1019 5540 si
1064 5485 1208 5540 Deus
1262 5480 1459 5552 implet
1490 5477 1697 5536 caelum
1744 5485 1804 5531 et
1854 5482 2058 5529 terram

480 5580 563 5643 (ut
592 5573 686 5644 qui
713 5587 818 5629 nec
847 5572 1023 5642 possit
1045 5567 1449 5628 circumscribi.
1485 5581 1586 5619 nec
1614 5560 1757 5632 capi,
1789 5576 1894 5616 nec
1925 5573 2047 5623 mu-

482 5666 608 5734 tari,
643 5679 749 5721 nec
775 5664 1007 5730 moveri,
1032 5675 1139 5718 nec
1172 5655 1755 5729 migrare),'quomodo
1782 5669 1889 5708 non
1922 5666 2052 5722 per.

2161 5471 2284 5527 stim
2306 5483 2501 5525 omnes
2529 5474 2586 5523 et
2637 5463 2861 5535 reptilia
2891 5463 3050 5534 jussa
3080 5465 3273 5515 essent
3313 5451 3481 5511 simul
3534 5465 3665 5508 cum
3694 5462 3761 5503 eo

2163 5560 2605 5637 vesciqomnibus
2631 5556 2913 5613 fructibus
2950 5553 3046 5626 qui
3081 5558 3394 5608 nascuntur
3420 5563 3453 5607 a
3489 5554 3666 5608 terra,
3701 5550 3761 5596 ut

2168 5672 2293 5728 qua:
2319 5655 2493 5711 aDeo
2535 5652 2696 5708 factae
2753 5649 2866 5706 sint
2900 5663 3028 5705 cum
3079 5643 3311 5701 homine
3355 5639 3662 5712 participes
3706 5640 3761 5688 et

461 5904 503 5938 IL
555 5861 599 5894 "
625 5859 784 5919 Joan.
820 5872 912 5922 xv,
941 5853 1034 5909 9.6.
1110 5853 1154 5885 ’³
1186 5850 1475 5915 learnxiv,
1520 5845 1604 5901 16.
1686 5846 1727 5874 θ’
1765 5844 1924 5902 Junii.
1957 5857 2028 5898 xu

2140 5842 2191 5896 ὅ.
2236 5842 2313 5931 ﬂ“
2339 5840 2496 5897 Jcan.
2533 5857 2569 5910 ι,
2610 5838 2664 5893 ὃ.
2742 5838 2785 5870 ³⁸
2817 5836 2973 5893 Joan.
3011 5851 3083 5901 lx,
3112 5834 3165 5891 5.
3244 5834 3288 5915 7‘"
3326 5830 3562 5903 Philipp.
3595 5845 3656 5899 ιι,
3692 5826 3741 5882 6.

1077 5958 1163 5966 Ηκ.
