4098 6426
309 344 428 410 985

1410 349 1495 410 IN
1531 350 2087 416 HEXAEMERON.
2121 380 2193 391 --
2224 356 2373 421 LIB.
2414 359 2519 420 IX.

3479 368 3585 431 986-

304 453 640 512 cohaaredes
686 454 995 522 fructuum,
1039 458 1185 514 sicut
1227 476 1258 515 a
1289 460 1454 523 nobis
1498 461 1743 519 breviter
1782 465 1896 535 jam
1927 470 1975 527 Α
2000 466 2139 522 alios
2162 468 2512 539 septuaginta
2538 470 2828 539 operarios
2853 471 2923 526 ad
2946 473 3286 542 operandum
3314 484 3372 531 et
3405 490 3588 532 custo'

301 559 478 606 antea
511 547 721 605 dictum
756 559 842 604 est
871 566 885 601 :
944 550 1045 606 sed
1084 568 1281 609 omnes
1305 554 1501 611 bestiae
1542 567 1600 610 et
1637 558 1895 613 volucres

301 640 757 711 subjiciehantur
784 639 1018 700 Adamo.
1044 643 1278 709 Quando
1306 661 1445 716 ergo
1465 646 1716 703 audieris
1745 650 1895 719 quod

301 731 463 786 Deus
501 731 668 785 infert
696 730 873 784 Adam
906 747 971 787 ex
1001 734 1243 803 quodam
1289 736 1413 792 loco
1442 738 1651 807 ignoto,
1702 748 1759 794 et
1798 740 1897 809 qui

300 839 420 880 nec
446 832 629 894 potest
659 823 926 893 explicari
955 842 1060 881 nec
1084 830 1482 903 comprehendi
1511 872 1526 897 ,
1557 832 1761 898 solum,
1794 849 1898 888 nu—

303 918 449 981 dum
478 926 536 972 et
566 918 992 989 incompositum
1020 960 1036 985 ,
1095 920 1153 975 in
1205 922 1566 992 paradisum;
1608 935 1665 980 et
1715 925 1900 981 induit

303 1026 442 1064 cum
473 1009 625 1064 intus
657 1012 890 1079 pellicca
918 1011 1106 1068 tunica
1143 1014 1396 1081 carnali;
1438 1023 1493 1069 et
1523 1016 1591 1070 ad
1627 1031 1755 1071 eum
1802 1017 1902 1071 ad-

305 1098 470 1155 ducit
502 1100 713 1154 bestias
740 1100 906 1165 intra,
937 1117 1064 1173 qum
1084 1112 1213 1158 ante
1234 1104 1359 1174 ejus
1385 1105 1699 1175 ingressum
1739 1116 1901 1163 erant

309 1192 455 1247 foris
490 1210 504 1246 :
533 1207 633 1261 per
661 1192 778 1247 haec
813 1196 999 1248 omnia
1043 1194 1185 1251 nihil
1226 1204 1313 1251 est
1352 1196 1504 1251 aliud
1551 1198 1899 1267 praedictum,

309 1284 427 1341 nisi
459 1285 607 1355 quod
626 1286 781 1340 Dens
813 1286 1083 1352 Verbum,
1119 1288 1218 1357 qui
1262 1288 1418 1358 prius
1463 1299 1586 1345 erat
1618 1290 1804 1347 nudus
1843 1301 1903 1346 et

313 1378 747 1448 incompositus,
778 1379 958 1435 Patris
989 1380 1277 1437 voluntate
1305 1391 1362 1437 et
1391 1384 1806 1453 cooperatione,
1833 1397 1899 1438 ex

314 1474 444 1529 loco
489 1474 683 1545 ignoto
729 1481 786 1529 et
829 1475 924 1545 qui
975 1475 1244 1545 explicari
1294 1492 1408 1531 non
1456 1486 1639 1547 potest
1677 1478 1902 1548 (nempe

311 1565 634 1621 Cherubico
696 1566 921 1635 throno)
989 1567 1279 1637 ingressus
1334 1577 1423 1624 est
1473 1569 1531 1623 in
1578 1569 1903 1638 paradisum

312 1658 603 1721 Ecclesiae,
647 1657 717 1713 ad
747 1657 1095 1726 operandum
1125 1657 1307 1729 ipsum
1335 1668 1392 1714 et
1413 1659 1845 1716 custodiendum
1886 1679 1903 1713 :

311 1759 373 1803 et
403 1765 572 1805 carne
597 1758 858 1819 suscepta
885 1751 1101 1820 accepit
1142 1752 1388 1807 tunicam
1413 1761 1619 1809 nostrae
1644 1753 1903 1817 essentia:

313 1841 541 1912 (nempe
570 1840 853 1897 hominem
880 1856 1048 1909 quem
1077 1841 1257 1912 ﬁnxit)
1283 1887 1298 1906 ,
1335 1852 1393 1899 et
1422 1845 1473 1899 ei
1497 1845 1690 1901 unitus
1720 1855 1806 1902 est
1835 1847 1892 1902 in

312 1930 621 2002 hypostasi.
646 1926 771 1982 Non
799 1930 941 1989 enim
967 1929 1182 2000 angelos
1207 1933 1573 2002 apprehendit,
1596 1932 1688 1991 sed
1716 1949 1897 1988 semen

312 2023 544 2079 Abralue
574 2027 915 2097 apprehendit
943 2028 1227 2097 ‘,quando
1258 2037 1486 2099 accepto
1512 2031 1696 2085 carnis
1724 2029 1899 2085 linteo

315 2119 573 2188 seipsum
612 2121 846 2177 accinxit
875 2112 1038 2186 ,‘non
1086 2124 1157 2177 ab
1191 2124 1303 2179 alio
1355 2124 1407 2177 ei
1456 2125 1741 2193 imposito.
1794 2124 1897 2180 Se-

310 2210 507 2278 ipsum
530 2210 676 2267 enim
705 2227 871 2269 carne
890 2212 1088 2271 induit
1124 2214 1334 2285 absque
1370 2216 1583 2270 semine
1626 2216 1894 2270 humano.

305 2302 390 2358 De
421 2319 537 2373 quo
587 2304 641 2359 in
670 2305 845 2360 vitam
885 2305 1140 2377 ingressu
1194 2316 1435 2363 testatur
1483 2309 1643 2378 901
1692 2309 1900 2364 Paulus

305 2411 517 2450 cursor
549 2397 811 2465 paradisi,
865 2397 1060 2455 dicens
1101 2399 1171 2454 de
1219 2400 1335 2454 Deo
1392 2400 1595 2463 Patre,
1636 2406 1691 2455 et
1757 2399 1899 2454 Filio

310 2489 413 2557 qui
442 2497 528 2542 est
561 2489 915 2546 introductus
947 2507 1048 2560 per
1076 2491 1333 2546 Patrem:
1364 2489 1590 2557 Quando
1615 2499 1790 2546 autem
1815 2494 1901 2545 in-

320 2580 617 2634 troduxerit
639 2583 1043 2653 primogenitum
1074 2584 1129 2637 in
1155 2584 1331 2637 urbem
1353 2593 1508 2639 terra:
1531 2584 1553 2615 ¹
1572 2624 1588 2649 ,
1620 2592 1677 2638 et
1701 2599 1906 2653 posue-

319 2673 403 2726 rit
427 2689 554 2729 cum
590 2674 641 2728 in
667 2674 941 2735 Ecclesia,
973 2692 1127 2745 quem
1161 2675 1280 2745 fecit
1308 2676 1569 2729 hwredem
1596 2677 1833 2729 omnium
1855 2676 1898 2740 ³,

317 2764 460 2819 dicit
495 2784 509 2819 :
539 2765 603 2821 Et
635 2767 938 2823 adorabunt
976 2782 1095 2821 eum
1123 2781 1303 2821 omnes
1353 2766 1518 2820 tribus
1556 2769 1791 2837 gentium
1829 2767 1853 2799 ⁸
1886 2783 1901 2833 ;

312 2863 373 2907 ct
405 2870 598 2912 omnes
630 2856 822 2913 leones
848 2858 1072 2927 (nempe
1099 2872 1254 2928 reges
1293 2861 1478 2924 terrae)
1508 2857 1734 2913 beatum
1773 2874 1901 2913 eum

311 2947 533 3015 dicent,
584 2959 645 3004 ut
703 2950 800 3019 qui
850 2949 1133 3019 acceperit
1170 2966 1201 3003 a
1239 2951 1401 3005 Patre
1447 2950 1657 3006 bestias
1685 2949 1907 3019 (nempe

312 3042 705 3098 inereditatem
730 3043 1004 3114 gentium)
1032 3052 1091 3097 et
1116 3044 1527 3113 possessionem
1552 3058 1733 3106 suam,
1765 3041 1906 3098 ﬁnes

1997 558 2264 613 diendum
2295 559 2447 614 hunc
2478 560 2826 630 paradisum,
2854 563 2922 617 ad
2965 563 3107 618 bene
3146 566 3508 634 operandum.
3536 577 3589 623 et

1997 649 2409 713 seminandum,
2449 656 2506 704 et
2552 650 2941 719 plantandum,
2978 652 3347 721 purgandum.
3379 662 3436 705 ct
3462 652 3591 706 irri-

1998 740 2264 811 gandum,
2311 740 2396 797 eis
2448 741 2719 796 mandans
2777 750 2835 797 et
2882 741 3077 796 dicens
3120 759 3134 794 :
3173 740 3353 796 Omnis
3402 743 3592 812 planta

1999 850 2160 905 quam
2198 849 2303 887 non
2349 834 2612 905 plantavit
2640 833 2807 888 Pater
2848 851 2995 888 meus
3024 831 3267 898 cazlestis,
3320 852 3437 888 eam
3467 852 3593 889 era-

1999 928 2240 990 dicate’,
2301 935 2358 983 et
2392 928 2626 983 verbum
2675 936 2923 982 nostrum
2974 937 3030 982 et
3070 926 3266 997 dogma
3324 928 3591 997 plantate.

1998 1017 2113 1073 Nec
2152 1018 2261 1074 hoc
2302 1019 2505 1083 solum,
2537 1018 2635 1074 sed
2678 1018 2845 1073 etiam
2882 1034 2981 1088 per
3011 1017 3191 1087 ipsum
3236 1018 3366 1072 licet
3403 1019 3591 1073 videre

2000 1106 2150 1163 hunc
2201 1109 2508 1164 secundum
2556 1109 2729 1163 Adam
2773 1116 2995 1178 (nempe
3046 1107 3355 1175 Christum)
3403 1118 3593 1178 aperte

2001 1208 2323 1270 operantem
2372 1200 2604 1255 arbores
2650 1200 2865 1254 ratione
2910 1196 3170 1267 prmditas
3197 1215 3213 1263 ;
3245 1207 3302 1252 et
3345 1214 3440 1252 eas
3466 1198 3592 1267 qui-

2001 1289 2129 1345 dem
2153 1306 2277 1361 quae
2294 1301 2427 1346 sunt
2446 1290 2764 1353 immundae,
2790 1290 3172 1344 mundantem.
3196 1288 3409 1357 Quibus
3424 1291 3595 1346 etiam

2003 1383 2227 1439 dicebat
2248 1402 2260 1437 :
2280 1384 2427 1450 Volo,
2456 1385 2717 1438 mundare
2740 1385 2814 1449 ¹⁰;
2848 1384 3024 1438 siccas
3050 1393 3235 1439 autem
3271 1386 3590 1439 humectan—

2003 1483 2117 1530 tem
2156 1496 2170 1529 :
2208 1491 2276 1530 ex
2298 1476 2503 1546 quibus
2522 1485 2646 1532 erat
2673 1476 2841 1530 etiam
2882 1475 2974 1529 illa
2999 1476 3166 1530 arbor
3230 1492 3353 1546 qua:
3381 1477 3593 1531 aridam

2004 1585 2161 1624 suam
2183 1569 2407 1624 habebat
2440 1586 2658 1625 manum
2682 1571 2723 1601 “
2751 1578 3009 1639 tanquam
3046 1584 3291 1635 ramum;
3322 1568 3390 1623 ad
3426 1585 3594 1638 quam

2004 1662 2335 1717 exclamavit
2388 1662 2571 1717 bonus
2633 1662 3002 1725 hortulanus,
3066 1661 3306 1715 Extende
3371 1677 3593 1714 manum

2007 1761 2157 1807 tuam
2199 1754 2243 1785 ¹¹
2291 1753 2359 1808 ad
2395 1753 2495 1808 Dei
2548 1752 2955 1823 operationem.
3005 1750 3096 1807 Sic
3125 1752 3294 1807 etiam
3332 1759 3594 1821 tanquam

2004 1846 2137 1909 vita,
2185 1845 2355 1901 etiam
2403 1853 2580 1900 morte
2618 1844 2847 1899 allectos
2893 1844 3047 1898 viros
3092 1842 3477 1908 mortiﬁcavit;
3525 1859 3595 1898 cx

1998 1939 2203 2009 quibus
2223 1946 2344 1993 erat
2362 1947 2579 1993 mortua
2601 1948 2657 1992 et
2677 1936 2830 1993 arida
2862 1937 3028 1991 arbor
3057 1935 3318 1999 Lazarus,
3340 1936 3596 2007 lacrymte

1998 2046 2141 2100 aqua
2184 2031 2429 2101 irrigata,
2466 2038 2522 2084 et
2554 2046 2676 2100 quae
2709 2030 2895 2087 statim
2930 2029 3263 2100 germinavit
3309 2045 3375 2083 ex
3420 2038 3593 2083 terra.

2000 2121 2518 2192 Supernaturaliter
2568 2130 2758 2176 autem
2804 2121 2911 2177 scit
2960 2137 3181 2192 quoque
3233 2121 3325 2176 hic
3357 2122 3594 2191 agricola

1997 2214 2158 2269 Jesus
2200 2214 2509 2279 inoculare,
2552 2210 2615 2269 ut
2669 2213 2767 2285 qui
2816 2214 2995 2269 instar
3044 2214 3325 2268 hortulani
3383 2213 3501 2268 luto
3536 2224 3597 2267 et

1998 2321 2143 2375 aqua
2184 2305 2478 2360 inoculans
2520 2320 2647 2361 eum
2698 2305 2795 2375 qui
2846 2314 2965 2361 erat
3002 2320 3182 2361 caecus
3225 2306 3294 2360 ab
3338 2314 3466 2359 ortu
3508 2304 3593 2375 (ut

2000 2399 2095 2468 qui
2142 2407 2287 2453 esset
2327 2399 2423 2453 lux
2462 2398 2531 2452 de
2576 2397 2836 2467 lumine),
2869 2398 2997 2453 eieci
3048 2397 3227 2451 oculis
3255 2397 3432 2451 visum
3469 2397 3595 2452 red-

2001 2490 2227 2545 diderit.
2274 2490 2433 2558 Quod
2472 2490 2516 2545 si
2553 2491 2721 2545 etiam
2762 2491 2941 2561 ipsum
2988 2491 3130 2545 velis
3161 2490 3350 2545 videre
3463 2487 3595 2541 irri-

2001 2591 2273 2654 gatorem,
2304 2583 2435 2637 audi
2475 2598 2605 2638 eum
2639 2582 2917 2638 dicentem
2952 2601 2966 2636 :
3001 2581 3058 2637 Si
3092 2584 3209 2653 quis
3245 2583 3380 2642 sitit.
3414 2588 3593 2635 vernat

2005 2676 2076 2729 ad
2119 2691 2220 2740 me,
2261 2683 2310 2728 et
2363 2675 2506 2729 bibat
2536 2675 2603 2729 ".
2659 2674 2754 2729 Sic
2804 2675 2952 2729 enim
2992 2679 3195 2729 sedens
3239 2673 3305 2727 ad
3341 2681 3595 2743 puteum,

2003 2766 2234 2837 pulchra
2258 2767 2353 2821 ilia
2379 2767 2511 2821 vitis
2537 2767 2759 2836 (nempe
2796 2765 3162 2836 Samaritana)
3194 2764 3444 2836 irrigata,
3472 2780 3596 2819 eam

2005 2856 2251 2913 reddidit
2312 2856 2574 2913 fertilem.
2607 2856 2767 2912 Unde
2825 2857 2994 2913 etiam
3044 2866 3305 2927 tanquam
3351 2856 3597 2909 fructum

2005 2966 2199 3006 amans
2217 2951 2457 3022 agricola
2491 2957 2549 3007 et
2569 2951 2716 3005 Deus
2737 2950 3095 3021 reprehendit
3119 2965 3245 3004 eum
3282 2948 3380 3018 qui
3420 2948 3597 3002 trien-

2008 3044 2107 3097 nio
2138 3042 2303 3098 ﬁcum
2338 3043 2489 3098 illam
2545 3043 2823 3113 irrigavit,
2857 3043 2927 3097 de
2982 3052 3184 3098 caetero
3220 3057 3341 3096 eam
3387 3040 3595 3112 jubens

316 3146 506 3190 terr-.e.
556 3137 634 3192 ita
677 3137 954 3208 intelligat
1002 3137 1252 3192 Ecclesia
1279 3136 1415 3191 illud
1445 3155 1459 3192 :
1508 3137 1720 3208 Accepit
1764 3136 1976 3219 Donec
2007 3137 2366 3212 exscindere;
2405 3136 2686 3208 quomodo
2711 3136 2878 3191 etiam
2904 3149 3029 3189 cum
3054 3150 3152 3203 per
3172 3150 3229 3189 se
3258 3133 3598 3202 increpassct

312 3229 601 3293 hominem,
638 3236 688 3281 et
713 3229 886 3297 posuit
918 3244 1037 3282 eum
1082 3237 1343 3298 tanquam
1387 3228 1675 3298 proprium
1702 3242 1905 3298 corpus

311 3320 373 3374 in
407 3336 571 3374 unam
600 3331 846 3376 sanctam
870 3320 1233 3391 liypostasim,
1268 3330 1329 3374 ut
1360 3320 1540 3375 ﬁdelis
1563 3320 1750 3389 p0puli
1775 3335 1909 3389 ope-

315 3424 540 3467 raretur
569 3413 1002 3482 plenitudinem,
1033 3422 1090 3467 et
1116 3413 1428 3468 custodiret
1458 3413 1774 3482 paradisum
1812 3429 1907 3467 ar-

313 3505 542 3568 borum,
575 3520 777 3575 nempe
817 3506 1067 3576 gentium
1112 3508 1298 3561 anima
1339 3505 1717 3576 praeditarum.
1749 3505 1906 3562 Unde

309 3598 491 3653 etiam
534 3604 794 3666 tanquam
826 3597 895 3651 ad
940 3597 1047 3651 hoc
1094 3597 1276 3665 ipsum
1316 3596 1531 3665 positus
1576 3612 1607 3651 a
1638 3596 1802 3651 Patre
1823 3596 1909 3651 di-

310 3691 483 3746 cebat
538 3707 551 3741 :
592 3688 757 3742 Pater
800 3705 943 3743 meus
988 3705 1154 3759 usque
1192 3688 1346 3742 modo
1393 3697 1666 3758 operatur,
1716 3697 1767 3742 et
1813 3704 1906 3759 ego

313 3800 514 3854 operor
544 3782 588 3845 ⁸,
623 3794 679 3836 et
700 3781 1046 3837 custodienti
1077 3781 1214 3836 mihi
1238 3790 1530 3851 paternum
1560 3782 1903 3848 mandatum,

312 3877 478 3931 dedit
511 3876 648 3930 mihi
700 3891 907 3946 agrum
937 3883 995 3929 et
1038 3874 1287 3938 hortum,
1330 3874 1389 3928 in
1430 3889 1596 3944 quem
1650 3889 1907 3944 egressus

311 3986 351 4024 a
398 3971 586 4031 Patre,
645 3968 931 4040 ingressus
970 3978 1057 4024 est
1092 3968 1277 4023 statim
1326 3967 1424 4037 qui
1456 3967 1698 4022 seminat
1722 3967 1790 4022 ad
1817 3982 1908 4022 se-

311 4062 647 4116 minandum
688 4081 702 4116 :
753 4070 813 4116 et
858 4061 1047 4115 statim
1095 4076 1256 4114 mane
1305 4059 1547 4114 conduxi
1611 4057 1907 4114 duodecim

310 4152 610 4223 Operarios
638 4151 959 4220 discipulos.
986 4152 1069 4206 eis
1100 4150 1368 4205 mandans
1396 4164 1461 4205 ac
1483 4149 1673 4205 dicens
1703 4167 1717 4203 :
1742 4149 1906 4204 Nemo

313 4259 384 4298 ea;
404 4243 547 4297 vobis
566 4243 776 4296 mittens
792 4258 1011 4296 manum
1034 4241 1103 4294 ad
1116 4249 1363 4295 aratrum
1388 4252 1436 4294 et
1465 4254 1742 4294 conversus
1767 4250 1907 4295 retro

312 4346 480 4406 aptus
512 4342 588 4388 est
615 4350 774 4404 regno
809 4333 1060 4387 calorum
1081 4333 1121 4386 ⁸.
1146 4333 1223 4387 De
1253 4341 1475 4397 catero,
1513 4331 1701 4386 Tollite
1714 4334 1909 4403 jugum

314 4446 499 4485 meum
538 4445 698 4498 super
744 4445 854 4490 vos,
892 4429 1086 4498 jugum
1145 4427 1286 4480 enim
1320 4442 1493 4480 meum
1545 4434 1623 4479 est
1662 4441 1822 4480 suave
1861 4426 1904 4490 ",

2012 3229 2179 3284 ﬁcum
2199 3245 2322 3299 quae
2348 3227 2478 3283 folia
2496 3227 2729 3293 ferebat,
2755 3242 2865 3282 non
2892 3234 3078 3281 autem
3117 3224 3385 3289 fructum,
3421 3223 3596 3294 ipsam

2009 3322 2330 3377 exsiccavit.

2078 3411 2187 3467 Sed
2221 3412 2338 3467 haec
2364 3409 2593 3481 quidem
2616 3409 2764 3466 dicta
2794 3409 2907 3464 sint
2935 3408 3006 3464 de
3048 3423 3116 3463 eo
3145 3405 3293 3477 quod
3336 3406 3597 3463 Christus

2006 3512 2268 3573 operatur
2293 3502 2637 3573 paradisum.
2684 3503 2765 3557 De
2791 3517 2860 3557 eo
2903 3510 3089 3557 autem
3138 3502 3288 3572 quod
3319 3503 3599 3558 custodiat

2006 3596 2167 3651 hunc"
2190 3597 2372 3666 ipsum
2414 3595 2637 3651 hortum
2690 3595 2904 3651 ratione
2928 3594 3240 3665 przeditum,
3278 3597 3410 3651 audi
3466 3613 3596 3652 eum

2007 3689 2282 3744 dicentem
2335 3705 2350 3743 :
2389 3686 2510 3743 Non
2562 3688 2868 3758 relinquam
2922 3704 3008 3743 eos
3049 3690 3316 3758 orphanos
3353 3689 3421 3743 “.
3472 3689 3543 3745 Et
3579 3708 3593 3743 :

2005 3781 2185 3836 Porta:
2208 3782 2367 3851 inferi
2397 3796 2500 3835 non
2556 3780 2915 3852 prmalebuut
2947 3781 3198 3836 adversus
3223 3781 3267 3813 ¹⁹
3296 3781 3449 3835 hunc
3493 3796 3595 3851 pa-

2007 3874 2251 3929 radisum
2304 3890 2320 3928 :
2368 3872 2482 3942 Ego
2503 3889 2622 3927 sum
2649 3874 2842 3927 ostium
2870 3874 3040 3929 caulae
3076 3874 3251 3927 ovium
3300 3874 3365 3935 η,
3399 3880 3448 3925 et
3479 3874 3601 3926 ani-

2010 3984 2153 4023 mam
2178 3982 2352 4021 meam
2374 3981 2515 4037 pono
2541 3982 2637 4036 pro
2684 3967 2813 4036 ipsis
2846 3966 2911 4022 ".
2949 3966 3016 4021 Et
3048 3984 3062 4020 :
3096 3965 3262 4020 Nemo
3304 3973 3473 4036 potest
3508 3982 3599 4019 eas

2009 4061 2246 4132 accipere
2273 4060 2339 4113 de
2366 4077 2533 4115 manu
2557 4077 2677 4114 mea
2708 4060 2773 4114 ’ἢ
2801 4058 3073 4126 Quoniam
3123 4074 3251 4129 quos
3301 4059 3443 4112 dedit
3472 4059 3599 4112 mihi

2008 4151 2193 4217 Pater,
2218 4152 2476 4207 custodivi
2507 4169 2615 4213 eos,
2654 4161 2704 4206 et
2740 4167 2894 4205 nemo
2922 4167 2986 4205 ea:
3011 4153 3076 4205 iis
3120 4151 3297 4220 periit,
3324 4151 3424 4203 nisi
3452 4149 3598 4217 ﬁlius

2008 4242 2316 4313 perditionis
2344 4244 2409 4297 ¹⁹.
2460 4242 2585 4301 Herc
2610 4249 2686 4296 est
2719 4244 2857 4296 enim
2885 4241 3133 4296 voluntas
3183 4240 3364 4295 Patris
3398 4241 3489 4305 qui
3519 4257 3601 4294 me

2010 4336 2154 4389 misit
2174 4344 2232 4388 ut
2254 4335 2523 4405 quidquid
2546 4335 2687 4389 dedit
2724 4335 2855 4389 mihi
2879 4334 3066 4399 Pater,
3095 4350 3199 4388 non
3258 4334 3477 4404 perdam
3537 4348 3602 4387 ea:

2010 4428 2125 4497 ipso
2150 4427 2218 4479 ’°.
2266 4426 2347 4481 Ad
2388 4426 2496 4480 hoc
2517 4427 2664 4481 enim
2690 4440 2779 4480 me
2809 4425 3101 4481 collocavit
3120 4442 3185 4480 ac
3205 4425 3514 4487 constituit,
3539 4434 3603 4480 ut

314 4536 523 4591 nempe
553 4535 721 4585 crux;
752 4529 809 4574 et
840 4519 934 4588 qui
963 4518 1223 4582 seminat,
1249 4516 1559 4572 mercedem
1585 4515 1809 4585 accipit,
1842 4523 1902 4570 et
1930 4510 1975 4566 Ι)
2005 4533 2204 4588 operer
2217 4525 2274 4572 et
2295 4516 2603 4572 custodiam
2622 4516 3069 4587 ejusparadisum
3091 4516 3251 4571 aDeo
3275 4517 3600 4586 plantatum.

315 4614 529 4684 colligit
550 4613 814 4675 fructum,
834 4620 898 4665 ut
921 4611 1141 4666 lactetur
1178 4610 1272 4680 qui
1288 4609 1525 4665 seminat
1544 4609 1710 4663 simul
1729 4617 1787 4663 et
1806 4608 1904 4679 qui

318 4706 502 4763 metit.
549 4706 660 4760 llos
688 4704 983 4759 duodecim
1021 4702 1260 4757 conduxi
1288 4703 1424 4769 mihi
1449 4716 1668 4757 summo
1717 4716 1901 4756 mane.

319 4799 432 4855 Sed
462 4808 753 4868 postquam
775 4796 889 4851 vidi
912 4796 1231 4865 paradisum
1261 4811 1539 4865 magnum,
1570 4804 1627 4849 et
1654 4794 1908 4863 regiones

320 4891 531 4946 multas
572 4898 628 4944 et
678 4888 831 4943 albas
877 4896 934 4942 et
979 4894 1151 4956 puras
1176 4887 1367 4953 corde,
1410 4895 1469 4941 et
1498 4886 1784 4957 proposito
1814 4900 1910 4956 pa-

322 4993 475 5038 ratas
515 4982 583 5037 ad
625 4996 863 5039 messem
898 4979 1049 5044 ﬁdei,
1092 4988 1149 5034 et
1201 4979 1269 5034 ad
1321 4978 1649 5034 insitionem
1670 4995 1736 5034 ex
1786 4978 1913 5033 inli-

322 5075 554 5131 delitate
577 5074 645 5128 ad
682 5074 777 5128 Dei
805 5072 1210 5143 cognitionem;
1241 5086 1423 5141 neque
1444 5071 1551 5126 hoc
1580 5071 1784 5136 solum,
1810 5069 1908 5129 sed

321 5168 497 5222 etiam
534 5167 767 5222 arbores
802 5165 1070 5236 pulchras
1099 5163 1169 5218 ad
1200 5163 1501 5218 videndum
1532 5174 1589 5218 et
1636 5163 1812 5219 bonas
1840 5163 1910 5217 ad

324 5259 754 5324 comedendum,
793 5266 853 5313 et
892 5257 1170 5313 habentes
1214 5256 1427 5311 fructus
1463 5267 1733 5323 maturos,
1763 5257 1910 5312 dixi:

325 5351 511 5406 Μειδία
549 5352 760 5422 quidem
792 5350 985 5416 multa,
1019 5350 1250 5421 operarii
1284 5365 1406 5404 vero
1440 5351 1597 5421 pauci
1619 5347 1662 5404 ⁸.
1707 5348 1916 5416 Quam-

325 5441 522 5499 obrem
554 5457 680 5498 cum
710 5442 891 5497 etiam.
921 5442 1195 5526 populum.
1228 5439 1621 5508 ostendissem,
1676 5439 1916 5497 conduxi

404 5600 422 5632 ί
452 5598 620 5654 Hebr.
648 5599 806 5658 me.
897 5599 917 5629 ³
959 5562 1183 5654 me.
1260 5597 1280 5629 ³
1322 5595 1460 5651 ibid.
1501 5596 1557 5650 2.

324 5686 407 5734 ιι.
444 5670 515 5724 50
610 5670 631 5700 ⁸
668 5668 860 5724 Matth.
897 5684 971 5735 ιι,
1011 5668 1104 5722 '57.
1181 5667 1202 5699 ⁹
1247 5667 1439 5721 Matth.
1482 5683 1570 5727 xv.
1616 5669 1701 5721 l3.

331 5811 379 5845 “
401 5809 565 5868 Joan.
593 5826 666 5877 vr,
706 5810 793 5866 59.

1669 5595 1690 5626 "
1730 5597 1873 5653 Psal.
1917 5613 2060 5659 uxr,
2102 5598 2189 5652 il.

1807 5668 1847 5699 ¹⁰
1887 5668 2080 5723 Matth.
2121 5685 2234 5736 Vill,
2276 5669 2329 5722 5.
2409 5668 2449 5699 ”
2494 5666 2631 5723 Luc.
2670 5684 2744 5727 vt.

328 5756 430 5803 vn,
467 5739 557 5794 57.
637 5739 683 5771 ³⁵
710 5739 870 5795 Joan.
894 5754 1005 5806 xw,
1040 5737 1126 5793 l8.
1207 5738 1248 5770 ³⁸
1279 5737 1470 5793 Matth.
1492 5754 1598 5802 rm,
1630 5738 1713 5791 l8.
1794 5739 1835 5769 ¹⁶
1867 5739 1903 5795 ιι

2012 5782 2024 5793 .
2059 5756 2112 5802 x,
2140 5740 2191 5794 7.
2272 5740 2313 5771 "
2355 5737 2491 5793 ibid.
2546 5739 2633 5796 18.

2081 4610 2151 4664 Et
2169 4611 2416 4680 praecepit
2438 4609 2696 4665 Dominus
2722 4609 2863 4663 Deus
2881 4608 3088 4664 Adamo
3115 4609 3292 4661 dicens
3316 4625 3335 4663 :
3359 4608 3443 4662 Ea:
3457 4611 3605 4664 omni

2016 4703 2159 4775 ligno
2177 4703 2315 4773 quod
2338 4711 2413 4757 est
2438 4705 2495 4757 in
2539 4702 2813 4773 paradiso,
2841 4701 3092 4755 vescendo
3110 4702 3380 4755 vescimrni
3411 4718 3428 4755 :
3459 4720 3491 4755 a
3541 4701 3607 4754 li-

2015 4814 2119 4867 gno
2152 4806 2330 4851 autem
2361 4795 2701 4866 cognoscendi
2758 4794 2954 4849 bonum
2988 4803 3039 4847 et
3062 4793 3286 4860 malum,
3340 4811 3406 4847 ne
3454 4810 3518 4847 ea:
3543 4811 3605 4847 eo

2015 4888 2333 4949 vescamini;
2358 4903 2458 4957 quo
2485 4895 2660 4940 autem
2678 4886 2762 4938 die
2790 4887 3080 4948 vescimini,
3105 4901 3169 4939 ea:
3207 4901 3265 4938 eo
3306 4895 3472 4938 morte
3488 4902 3607 4939 mo-

2016 4980 2248 5033 riemini.
2277 4979 2397 5034 Non
2443 4979 2664 5043 obvius,
2694 4993 2801 5033 nec
2841 4978 3210 5047 conspicuus,
3244 4977 3341 5032 sed
3395 4993 3501 5032 nec
3535 4980 3605 5035 ad

2015 5071 2468 5140 consequendum
2509 5070 2688 5126 facilis
2715 5070 2821 5125 fuit
2867 5085 3066 5125 sensus
3099 5069 3502 5139 interpretibus
3538 5068 3607 5123 iis

2010 5164 2104 5234 qui
2126 5163 2198 5218 ad
2223 5164 2335 5219 hoc
2370 5178 2512 5234 opus
2565 5164 2806 5234 aggressi
2856 5172 3019 5229 sunt;
3084 5163 3442 5232 quamobrem
3503 5161 3606 5218 fuit

2012 5257 2181 5313 etiam
2204 5257 2355 5312 omni
2378 5272 2446 5312 ex
2470 5266 2629 5327 parte
2648 5256 2973 5327 discrepans
2999 5256 3053 5311 in
3079 5256 3245 5311 dictis
3279 5255 3604 5326 propositis.

2014 5350 2121 5405 Alii
2180 5349 2331 5405 enim
2377 5350 2597 5405 visione
2639 5348 3135 5420 apprehenderunt
3181 5349 3423 5419 plantam
3476 5357 3610 5402 tunc

2014 5442 2380 5508 esculentam,
2413 5444 2573 5515 cujus
2590 5442 2829 5513 generis,
2858 5440 3137 5513 inquiunt,
3172 5440 3336 5497 ﬁcum
3365 5441 3609 5496 exsicca-

2844 5597 2865 5629 ⁶
2902 5596 3038 5652 Luc.
3082 5613 3157 5659 Ix,
3191 5596 3278 5652 63.
3355 5599 3376 5630 ⁷
3406 5591 3610 5652 Matth.

2795 5665 2849 5721 8.
2928 5666 2970 5698 “
3027 5667 3162 5721 ibid.
3206 5668 3293 5722 10.
3373 5667 3417 5699 ⁸³
3444 5667 3606 5723 Joan.

2717 5738 2759 5772 ⁸⁸
2789 5736 2927 5794 ibid.
2954 5730 3046 5791 28.
3065 5739 3109 5771 ¹⁹
3134 5738 3294 5795 Joan.
3347 5752 3480 5808 xvn,
3512 5736 3598 5792 l2.

2296 5599 2317 5630 ⁸
2354 5597 2509 5654 Joan.
2551 5614 2605 5661 v,
2649 5598 2735 5653 l7.
