4098 6506
406 298 441 325 κ

400 424 431 443 κ
458 367 560 433 98⁸7

1647 370 1709 429 S.
1749 363 2150 430 ANASTASII
2191 362 2522 426 SINAITIE

3629 360 3738 427 988

457 480 537 537 vit
558 477 835 535 Christus.
867 479 973 535 Alii
997 488 1183 536 autem
1201 480 1778 552 pronuntiaruntesse
1811 477 2040 549 quidem
2068 479 2114 536 Α
2144 476 2320 548 ticeps
2344 476 2480 547 ligni
2501 477 2669 545 vitae;
2698 478 2818 548 ipse
2840 477 2988 533 enim
3016 486 3123 534 est.
3178 478 3249 533 Et
3277 483 3577 549 propterea
3610 494 3741 535 ser-

454 572 745 644 ejusmodi
779 581 840 627 ut
872 574 1212 644 percipiatur
1266 575 1653 645 intelligentia,
1702 571 1799 628 sed
1855 581 2040 627 tamen

454 666 698 735 plantam
749 665 1102 735 cognitionis.
1176 667 1284 721 Alii
1332 674 1516 722 autem
1575 665 1837 720 dixerunt
1896 663 2043 719 hanc

457 758 697 827 plantam
735 772 859 812 esse
890 756 1184 813 informem
1208 756 1757 829 contemplationem.
1779 754 1888 811 Alii
1913 771 2043 810 rur-

454 860 552 899 sus
581 843 924 915 ﬁgurativam
951 861 1049 901 seu
1108 846 1347 918 typicam
1379 845 1753 902 narrationem
1782 860 1906 916 quae
1929 861 2045 901 non

457 943 642 1008 potest
668 937 997 992 consistere.
1027 937 1405 1004 Neﬁandorum
1430 947 1617 994 autem
1641 937 1878 1019 eﬂector
1899 937 2046 993 sicut

458 1025 828 1080 obscenorum
873 1032 1222 1096 perpetrator
1253 1024 1543 1097 Origenes,
1570 1026 2047 1083 existimaviteam

457 1133 580 1174 esse
634 1118 946 1173 mulierem.
1013 1117 1120 1174 Sed
1172 1119 1242 1175 de
1301 1119 1453 1192 ligno
1520 1119 1747 1190 quidem
1796 1120 2048 1176 dicemus

459 1225 665 1285 postea.

527 1307 960 1365 Considerandze
988 1315 1119 1362 sunt
1152 1317 1337 1364 autem
1395 1326 1518 1380 quae
1559 1311 2050 1383 nobisemerguut

458 1401 792 1469 quaestiones
821 1400 876 1454 in
925 1399 994 1453 iis
1026 1416 1150 1470 qua:
1188 1410 1321 1457 sunt
1355 1402 1663 1471 proposita.
1718 1403 1798 1457 Ex
1845 1404 2051 1473 quibus

458 1507 564 1545 una
618 1500 705 1546 est
751 1500 807 1547 ct
856 1493 1054 1562 prima,
1104 1493 1389 1563 quomodo
1413 1494 1624 1549 Adamo
1653 1504 1710 1550 et
1745 1496 1902 1551 uxori
1937 1512 2051 1552 non

459 1584 716 1638 datDeus
740 1585 845 1639 hoc
872 1592 1235 1655 praeceptum,
1282 1585 1380 1641 sed
1414 1586 1517 1641 soli
1551 1588 1763 1643 Adamo
1806 1606 1819 1643 :
1849 1589 2052 1646 deinde

457 1674 703 1730 Adamus
735 1691 801 1730 eo
832 1675 1084 1747 impertit
1107 1693 1359 1735 uxorem.
1400 1679 1613 1735 Deinde
1643 1695 1745 1735 cur
1774 1697 1887 1736 non
1936 1697 2053 1736 ma-

458 1766 540 1836 gis
565 1783 629 1821 ex
663 1767 814 1838 ligno
856 1768 981 1823 vita:
1012 1771 1297 1841 (tanquam
1324 1772 1664 1842 pretiosiori)
1694 1774 1890 1844 jubeat
1939 1790 2051 1830 non

459 1859 774 1923 comedere,
806 1861 900 1915 sed
937 1877 1005 1919 ex
1032 1877 1100 1917 eo
1131 1863 1277 1934 quod
1309 1872 1396 1919 est
1436 1865 1640 1922 minus.
1669 1867 1770 1922 Est
1788 1868 1939 1922 enim
1961 1867 2054 1923 ille

460 1951 622 2006 cibus
662 1952 824 2023 longe
855 1955 1208 2024 praestantior
1267 1972 1434 2028 quam
1481 1958 1643 2015 cibus
1683 1960 2054 2031 cognoscendi

462 2044 671 2099 bonum
705 2054 762 2101 et
793 2046 1022 2112 malum,
1059 2058 1121 2102 ut
1150 2048 1245 2119 qui
1274 2064 1404 2105 eum
1438 2050 1623 2105 reddit
1657 2051 2054 2117 immortalem,

462 2144 519 2190 et
548 2136 617 2192 ab
641 2136 869 2193 interitu
911 2154 976 2194 ac
1016 2139 1187 2195 exitio
1222 2141 1466 2196 alienum
1515 2141 1687 2198 eﬂicit
1730 2160 1796 2200 ac
1858 2160 2057 2214 panem

464 2228 699 2300 angelis.
725 2228 1092 2302 Ostenditque
1118 2232 1266 2289 Deus
1304 2233 1642 2291 ineffabilem
1686 2236 2060 2294 differentiam

464 2320 599 2390 ligni
626 2321 981 2392 cognitionis,
1034 2324 1338 2395 prohibens
1384 2335 1577 2397 postea
1606 2343 1678 2384 ne
1715 2329 1889 2385 Adam
1937 2329 2061 2402 ejus
2094 2362 2095 2365 η

462 2419 614 2467 esset
648 2413 928 2484 particeps
961 2430 1062 2485 per
1091 2417 1399 2488 custodiam
1424 2416 1898 2476 Cherubinorum.
1920 2421 2062 2477 Ter-

467 2506 543 2560 tia
572 2521 693 2571 cur,
718 2522 846 2562 cum
882 2508 1029 2563 Deus
1072 2510 1213 2565 nihil
1271 2511 1530 2582 iussisset
1562 2511 1776 2569 Adamo
1815 2513 1885 2571 de
1910 2514 2063 2586 ligno

2144 584 2283 640 pens
2315 584 2666 640 nequaquam
2695 571 2937 627 consulit
2969 571 3234 629 Ecclesia:
3268 580 3339 643 ut
3367 573 3496 643 ejus
3518 573 3746 642 sitpar-

2146 662 2359 734 ticeps;
2394 663 2605 718 audivit
2627 648 2777 720 enim
2829 679 2959 719 eum
3011 664 3341 720 dicentem:
3384 663 3489 730 Qui
3511 665 3748 719 comedit

2145 754 2497 831 hunc'meum
2525 772 2742 826 panem,
2782 757 2919 811 vivet
2965 758 3021 809 in
3047 766 3304 812 (sternam
3343 758 3411 811 ”.
3467 756 3576 811 &d
3613 772 3750 828 quae

2147 856 2279 902 sunt
2310 847 2533 917 quidem
2565 848 2861 919 serpentis,
2904 857 2960 903 et
3017 863 3141 918 quae
3166 849 3235 903 ad
3260 856 3598 918 serpentem,
3653 847 3753 901 di-

2148 938 2389 1012 cendum
2446 946 2533 995 est
2564 939 2621 994 in
2652 939 2721 996 iis
2746 955 2871 1010 quae
2892 949 3204 1010 sequuntur
3230 959 3244 994 :
3278 949 3627 997 revertamur
3644 955 3754 994 au-

2150 1040 2262 1087 tem
2289 1031 2358 1087 ad
2387 1032 2637 1087 divinum
2665 1033 2987 1088 mandatum
3013 1043 3075 1088 ut
3093 1033 3390 1103 implentes
3416 1032 3748 1087 mandatum

2148 1126 2269 1196 ejus
2289 1124 2384 1193 qui
2409 1125 2465 1180 in
2489 1125 2650 1181 nobis
2676 1126 2959 1182 mandavit
2988 1135 3048 1185 ut
3070 1127 3490 1198 specularemur
3522 1142 3591 1182 ea
3619 1143 3751 1197 qua:

2151 1227 2405 1288 spectant
2448 1219 2517 1275 ad
2546 1221 2885 1275 creationem
2936 1236 3032 1276 sex
3068 1221 3311 1288 dierum,
3354 1220 3535 1276 labori
3576 1220 3750 1277 tinem

2153 1307 2524 1378 imponamus.
2546 1310 2685 1365 Nam
2714 1311 2943 1381 pulchre
2974 1310 3271 1367 admodum
3313 1312 3538 1383 quando
3564 1312 3751 1367 intro—

2153 1398 2312 1457 duxit
2360 1402 2647 1459 hominem
2693 1405 3126 1477 primogenitum
3182 1405 3241 1460 in
3282 1405 3602 1477 paradisum
3655 1421 3753 1460 ra-

2154 1495 2309 1551 tione
2342 1495 2656 1566 przeditum,
2675 1513 2803 1553 eum
2834 1497 3043 1553 et‘l‘ecit
3065 1512 3270 1569 regem,
3312 1506 3370 1552 et
3398 1497 3585 1553 omnia
3616 1496 3756 1552 sub—

2149 1588 2285 1659 jecit
2309 1588 2412 1645 sub
2432 1589 2672 1658 pedibus
2691 1591 2835 1661 ejus,
2867 1590 2964 1645 dat
2992 1591 3044 1645 ei
3068 1590 3217 1645 Deus
3268 1590 3445 1661 legem
3476 1589 3749 1651 mandati,

2155 1688 2419 1749 tanquam
2456 1679 2573 1735 haec
2606 1681 2752 1751 apud
2790 1681 3063 1737 Adamum
3088 1680 3394 1745 disserens,
3421 1690 3481 1737 et
3508 1682 3705 1736 dicens
3735 1724 3748 1735 .

2157 1769 2325 1837 Audi,
2364 1771 2567 1842 inquit,
2592 1788 2626 1827 ο
2652 1772 2893 1843 primum
2936 1788 3077 1844 opus
3110 1781 3168 1828 et
3214 1773 3460 1843 primum
3512 1771 3755 1827 formam

2158 1870 2416 1918 creatura
2448 1879 2697 1920 mearum
2727 1880 2993 1921 manuum
3020 1865 3463 1936 impollutarum,
3505 1872 3565 1919 et
3591 1863 3719 1918 simi

2156 1955 2335 2011 litudo
2367 1970 2504 2012 mete
2546 1957 2882 2029 incorruptae
2917 1958 3173 2030 imaginis
3203 1957 3514 2029 unigenita,
3545 1963 3602 2012 et
3629 1957 3757 2027 pul-

2159 2047 2436 2103 cherrima
2464 2065 2479 2114 ;
2510 2049 2654 2104 scias
2675 2049 2822 2120 quod
2844 2064 2948 2120 ego
2971 2059 3024 2106 te
3056 2048 3238 2106 solum
3257 2063 3328 2103 ex
3350 2049 3613 2104 universa
3628 2062 3756 2116 quae

2160 2139 2265 2194 sub
2296 2149 2582 2210 aspectum
2610 2140 2761 2196 cadit
2811 2150 2869 2196 et
2898 2157 3008 2196 non
3033 2140 3181 2197 cadit
3233 2150 3494 2219 creatura
3525 2146 3581 2195 te
3633 2142 3755 2193 for-

2161 2234 2310 2289 mavi
2342 2234 2411 2290 ad
2439 2251 2620 2290 meam
2645 2236 2964 2306 imaginem.
2992 2236 3260 2292 Dominor
3290 2233 3633 2300 coelestibus,
3655 2233 3754 2288 sed

2161 2342 2265 2399 ego
2299 2336 2352 2382 te
2383 2342 2606 2397 quoque
2628 2326 2896 2383 constitui
2928 2327 3218 2384 dominum
3240 2327 3610 2384 terrestrium.
3639 2328 3757 2398 Ego

2163 2428 2219 2477 te
2244 2418 2550 2475 fabricatus
2598 2434 2721 2475 sum
2762 2420 3045 2476 hominem
3074 2436 3143 2476 ex
3206 2428 3376 2477 terra.
3401 2420 3485 2475 Tu
3530 2434 3757 2490 quoque

2164 2511 2439 2568 fabricare
2461 2510 2744 2567 hominem
2774 2527 2843 2567 ex
2896 2510 3151 2568 matrice.
3182 2510 3372 2567 Habeo
3407 2510 3598 2567 sedem
3648 2526 3759 2566 cce-

465 2602 626 2668 vitae,
690 2617 920 2670 serpens
946 2618 1059 2659 non
1106 2604 1293 2674 potius
1317 2607 1663 2663 consuluerit
1686 2616 1748 2664 ut
1775 2618 1924 2666 esset
1942 2610 2066 2682 ejus
2164 2603 2281 2659 lum
2322 2604 2473 2675 quod
2505 2612 2592 2661 est
2610 2618 2779 2675 super
2800 2590 3012 2675 aquas:
3045 2604 3145 2660 tibi
3187 2613 3373 2660 autem
3391 2604 3521 2660 dedi
3546 2603 3755 2665 sedem.

467 2691 770 2763 particeps.
803 2693 1013 2749 Deinde
1047 2709 1147 2750 cur
1179 2711 1293 2759 non
1326 2706 1420 2756 est
1440 2712 1734 2769 aggressus
1759 2700 1944 2756 virum
1969 2700 2065 2757 sed
2164 2704 2371 2751 terram
2402 2712 2527 2767 quae
2567 2704 2653 2762 est
2700 2713 2869 2769 super
2912 2712 3104 2766 aquas.
3148 2696 3368 2767 [mpero
3426 2696 3663 2767 angelis,
3700 2704 3760 2749 ut

469 2786 782 2851 mulierem,
820 2794 878 2842 et
901 2786 997 2841 ubi
1022 2787 1191 2859 etiam
1225 2788 1438 2845 invenit
1484 2789 1744 2860 privatim
1786 2801 2064 2865 agentem.
2167 2787 2409 2859 imperas
2440 2786 2786 2843 hominibus.
2822 2787 3105 2843 Assisllml
3132 2787 3272 2842 mihi
3327 2786 3518 2842 omnia
3548 2784 3759 2851 ῦὶιεηι-

468 2878 697 2945 Quin’ta,
728 2876 1006 2933 undenam
1037 2878 1319 2952 cognovit,
1352 2895 1481 2942 cum
1534 2881 1821 2953 ignoraret
1857 2900 2068 2954 praece-
2168 2880 2304 2943 bim,
2342 2887 2400 2935 et
2433 2879 2530 2934 tibi
2562 2879 2727 2951 902
2762 2880 3029 2936 assistunt
3052 2879 3239 2936 omnia
3269 2879 3387 2951 agri
3434 2878 3752 2934 animantia.

470 2976 626 3041 ptum
656 2971 740 3026 eis
766 2970 978 3027 datum.
1011 2971 1177 3027 Sexta
1234 2988 1447 3040 rursus,
1478 2989 1581 3030 cur
1633 2975 1740 3032 soli
1767 2976 1936 3048 jussit
1967 2978 2072 3041 ho-
2171 2970 2419 3042 Subjicio
2454 2985 2520 3049 ea
2552 2984 2677 3040 quae
2724 2984 2889 3025 senas
2919 2960 3129 3025 habe!“
3160 2968 3310 3033 alas;
3355 2966 3629 3037 ευδὶίθῖοε
3664 2983 3762 3018 τίδ’

472 3063 611 3118 mini
644 3072 706 3118 ut
740 3071 892 3131 esset
927 3064 1209 3135 particeps
1239 3065 1489 3143 omnium
1524 3066 1841 3138 lignorum;
1872 3069 2068 3140 utique
2169 3063 2355 3120 lucres
2376 3079 2498 3135 qua:
2524 3063 2728 3119 multas
2747 3061 2955 3117 habent
2985 3076 3217 3132 pennas.
3278 3061 3500 3131 [mpero
3528 3060 3598 3115 iis
3649 3075 3761 3129 qua

473 3165 661 3212 autem
712 3157 851 3213 dicit
894 3165 957 3212 ut
1013 3158 1331 3215 abstineant
1363 3175 1395 3215 a
1428 3150 1581 3231 ligno
1626 3161 1980 3233 cognitionis,
2013 3175 2069 3219 et
2096 3175 2140 3234 α
2171 3156 2377 3215 multos
2408 3153 3185 3225 habentoculos;rimperabis
3210 3152 3563 3208 daemonibus
3590 3152 3760 3206 multa

474 3256 707 3306 mortem
732 3300 735 3305 ,
761 3249 1032 3305 ambobus
1063 3249 1378 3306 denuntiat.
1436 3250 1706 3322 Septima,
1731 3255 1777 3309 si
1803 3253 2073 3312 formatus

474 3349 731 3397 esttotus
763 3341 1016 3398 interitui
1079 3357 1189 3396 non
1218 3342 1516 3410 obnoxius,
1569 3346 1849 3415 quomodo
1900 3348 2075 3404 sensit

475 3434 720 3490 fructum
744 3434 879 3506 ligni
905 3434 1135 3491 tendere
1163 3434 1231 3490 ad
1260 3438 1701 3507 corruptionem.
1723 3437 2074 3505 Octava,cur

476 3543 587 3583 non
610 3527 778 3583 etiam
807 3543 1159 3584 communem
1185 3528 1511 3585 hominibus
1540 3539 1598 3586 et
1625 3512 1825 3587 bestiis
1882 3534 2073 3603 posuit

477 3622 631 3678 hunc
685 3636 908 3701 quoque
950 3622 1136 3677 cibum
1178 3623 1542 3695 pulchrorum
1573 3624 1875 3695 lignorum,
1931 3626 2077 3687 sicut

475 3714 645 3769 etiam
675 3713 916 3784 priorem
949 3715 1098 3770 intus
1126 3716 1183 3771 in
1206 3716 1488 3789 paradiso,
1522 3732 1648 3775 cum
1670 3732 1766 3774 eas
1804 3719 2075 3793 adduxis-

478 3814 566 3859 set
587 3806 654 3859 ad
691 3804 987 3872 Adamum.
1024 3805 1202 3870 Nona,
1235 3806 1520 3877 quomodo
1546 3823 1655 3863 non
1683 3814 1770 3865 est
1820 3816 2077 3865 mortuus

478 3896 602 3966 ipso
628 3896 719 3952 die
740 3913 852 3966 quo
872 3898 1135 3965 comedit,
1165 3900 1567 3955 convenienter
1591 3901 1886 3956 sententiae
1906 3916 2074 3971 quam

478 3992 531 4045 ei
584 3991 966 4062 pronuntiavit
1006 3992 1174 4046 Deus.
1218 3991 1479 4067 Decima,
1530 4007 1773 4062 quanam
1810 3992 1879 4049 de
1912 4009 2079 4050 causa

479 4100 609 4139 cum
635 4084 941 4140 nominavit
967 4083 1162 4140 Adam.
1191 4084 1374 4155 Atque
1398 4085 1518 4140 haec
1539 4084 1767 4156 quidem
1813 4086 2003 4142 omnia
2038 4085 2079 4141 ii

480 4174 578 4243 qui
612 4174 831 4238 volunt,
855 4181 1181 4230 scrutentur
1207 4181 1268 4228 ut
1291 4174 1487 4229 volunt
1518 4184 1578 4243 et
1610 4184 1867 4245 possunt,
1901 4176 2082 4232 diser-

486 4268 668 4339 tisque
701 4266 889 4323 verbis
917 4267 1186 4337 suaviquc
1220 4266 1447 4323 dicendi
1482 4269 1700 4325 ratione
1727 4270 1787 4324 et
1832 4269 2081 4326 rhetori-

485 4360 568 4413 cis
588 4358 843 4428 str0phis
860 4358 1051 4413 dicant
1077 4367 1133 4413 et
1149 4358 1484 4430 intelligant.
1504 4360 1617 4431 Ego
1644 4368 1831 4416 autem
1855 4361 2081 4432 quando

486 4453 659 4507 Deum
692 4453 923 4522 mystice
956 4450 1151 4506 videro
1179 4459 1237 4505 et
1276 4450 1508 4507 audiero
1571 4452 1674 4508 soli
1706 4453 1918 4509 Adamo
1948 4453 2080 4510 dare

2173 3249 2516 3306 videntibus.
2545 3247 2815 3303 Dominor
2850 3245 3264 3312 subterraneis;
3304 3253 3362 3299 tu
3390 3259 3620 3325 quo/que
3666 3243 3763 3298 do-

2174 3344 2388 3399 minare
2422 3341 2673 3412 piscibus
2701 3339 2799 3411 q‘ui
2825 3346 2957 3395 sunt
2993 3338 3048 3393 in
3076 3334 3469 3394 subterraneis
3494 3337 3640 3391 locis
3666 3352 3769 3390 mae

2175 3435 2275 3498 ris,
2306 3443 2365 3490 et
2390 3434 2556 3488 timor
2585 3440 2641 3488 ct
2667 3440 2875 3488 tremor
2901 3439 3083 3486 vester
3104 3430 3177 3486 sit
3216 3445 3385 3499 super
3413 3428 3602 3484 omnia
3628 3438 3765 3490 cete;

2175 3537 2234 3585 et
2265 3527 2507 3599 reptilia,
2542 3534 2599 3582 et
2642 3525 2853 3581 bestias
2901 3531 3083 3579 terrae.
3136 3521 3335 3579 Omnia
3374 3521 3475 3577 tibi
3507 3530 3767 3592 tanquam

2177 3622 2235 3677 in
2260 3606 2383 3677 mea
2412 3619 2652 3691 imagine
2675 3618 2908 3690 subieci.
2938 3616 3135 3673 Omnia
3157 3616 3401 3672 tibidedi
3424 3615 3530 3671 sub
3552 3629 3767 3677 manus,

2178 3712 2442 3777 animata,
2473 3709 2747 3788 inanima,
2781 3709 3033 3787 arbores,
3055 3706 3444 3779 germinantia,
3474 3706 3767 3768 naturalia,

2177 3807 2464 3872 volucres,
2491 3811 2551 3860 et
2593 3819 2718 3874 quae
2750 3802 3120 3858 seminantur.
3150 3798 3426 3857 Omnibus
3448 3799 3766 3855 dominare:

2179 3899 2442 3956 omnibus
2459 3898 2667 3960 fruere,
2691 3902 2749 3950 et
2771 3910 2858 3950 me
2876 3892 3137 3955 maxime.
3159 3891 3256 3963 qui
3273 3906 3396 3947 sum
3419 3891 3633 3962 lignum
3650 3890 3770 3945 vitae

2178 3995 2327 4051 Deus
2359 4001 2526 4058 tuus;
2553 3998 2670 4058 toto
2693 3988 2879 4045 animo
2908 3994 3284 4058 prompteque
3309 3982 3663 4040 et'alacriter
3706 3982 3774 4036 iis

2179 4085 2439 4156 expleare
2456 4082 2693 4138 deliciis.
2714 4079 2829 4136 Nec
2843 4079 2935 4134 his
2952 4076 3212 4144 solis,sed
3229 4076 3400 4132 etiam
3417 4075 3491 4131 iis
3504 4091 3630 4145 qua
3648 4080 3773 4130 sunt

2181 4190 2250 4230 ex
2277 4172 2428 4230 omni
2457 4171 2611 4243 ligno
2632 4178 2690 4225 et
2715 4168 2896 4225 fructu
2930 4168 3029 4239 qui
3066 4173 3153 4222 est
3189 4166 3248 4221 in
3268 4164 3553 4236 paradiso,
3615 4163 3770 4218 vide-

2182 4262 2316 4319 licet
2347 4259 2609 4316 omuihus
2630 4258 2867 4324 deliciis,
2897 4273 3021 4329 quae
3075 4254 3247 4313 vobis
3282 4254 3678 4326 proponuntur
3710 4269 3772 4308 ex

2182 4355 2390 4410 virtute
2408 4351 2676 4423 angelica,
2696 4349 2958 4415 comede;
2994 4348 3347 4405 solummodo
3383 4347 3523 4403 illud
3568 4347 3773 4417 lignum

2186 4446 2556 4519 cognoscendi
2597 4446 2807 4501 bonum
2849 4453 2909 4498 et
2956 4442 3188 4507 malum,
3234 4440 3469 4511 etquod
3495 4448 3583 4495 est
3612 4453 3778 4510 prope

486 4543 810 4619 mandatum
842 4552 899 4597 et
927 4554 1224 4615 praecepta,
1253 4546 1410 4599 nullo
1440 4556 1717 4617 prtesente
1749 4555 1848 4602 aut
1900 4546 2081 4603 inter-
2113 4525 2157 4582 ι)
2186 4539 2499 4612 plantatum
2531 4537 2690 4609 (vitia
2718 4536 2868 4593 enim
2898 4534 3187 4590 adhaerent
3210 4533 3542 4595 virtutibus)
3558 4547 3630 4587 ne
3653 4547 3782 4587 con-

487 4638 727 4693 cedente
752 4655 767 4699 ;
805 4636 1008 4691 deinde
1041 4637 1527 4715 posteaAdamum
1548 4636 1631 4693 eis
1660 4637 1953 4693 mulierem
1978 4637 2083 4691 im-

490 4731 703 4803 pertire
742 4747 755 4782 :
787 4730 1044 4801 protinus
1078 4731 1327 4800 intelligo
1350 4738 1692 4800 praeceptum
1726 4728 2084 4785 illiusAdami

488 4833 871 4895 incorruptam
908 4839 1065 4879 suam
1094 4839 1321 4878 uxorem
1356 4823 1580 4892 (nempe
1602 4821 1932 4892 Ecclesiam)
1985 4837 2085 4876 vo-

489 4917 670 4975 cautis
697 4927 751 4974 et
775 4918 1010 4973 dicentis
1055 4936 1067 4971 :
1102 4916 1266 4973 Verba
1299 4932 1420 4983 qua:
1445 4916 1635 4985 loquor
1672 4932 1778 4969 non
1801 4934 1834 4970 a
1867 4916 2086 4984 meipso

491 5014 700 5086 lotjuor,
735 5014 827 5067 sed
862 5012 1180 5085 mandatum
1205 5011 1385 5081 accepi
1417 5029 1451 5065 a
1478 5008 1643 5063 Patre
1673 5025 1791 5062 meo
1821 5009 1947 5080 quid
2002 5008 2089 5062 di-

491 5125 612 5162 cam
641 5114 690 5161 et
734 5107 861 5177 quid
914 5104 1108 5175 loquar
1139 5104 1203 5158 ²¹.
1239 5103 1360 5175 llaq
1406 5103 1623 5157 ratione
1652 5101 1862 5157 dicitur
1912 5101 2086 5157 etiam

492 5200 753 5255 Christus
777 5199 959 5270 magni
990 5197 1199 5252 consilii
1224 5194 1448 5267 angelus
1482 5196 1562 5260 ",
1620 5194 1882 5265 quoniam
1935 5193 2083 5249 anti-

462 5248 477 5309 θ

495 5306 669 5360 quum
687 5306 879 5345 verum
912 5289 1208 5346 consilium
1240 5288 1404 5344 simul
1435 5302 1562 5342 cum
1590 5287 1754 5351 Patre
1774 5286 1930 5355 prius
1951 5300 2087 5349 con-
2116 5343 2123 5346 ,

2191 4631 2405 4703 tigeris,
2434 4647 2508 4687 ne
2544 4627 2955 4693 attrectaveris,
2997 4642 3068 4681 ne
3119 4623 3693 4697 appropinquaveris,
3715 4638 3781 4676 ne

2192 4724 2252 4780 in
2279 4740 2477 4780 manus
2503 4721 2830 4793 sumpseris,
2871 4735 2942 4775 ne
2960 4717 3265 4791 gestaveris
3295 4734 3309 4771 :
3341 4715 3668 4786 Quocunque
3685 4732 3784 4769 au-

2195 4825 2301 4872 tem
2324 4817 2408 4871 die
2430 4832 2582 4875 exeo
2604 4812 2963 4876 βακκάρι-ἰτὼ,
2991 4817 3161 4865 morte
3193 4797 3516 4863 moriemini.
3576 4807 3635 4862 Si
3665 4816 3785 4863 ten-

2197 4909 2449 4968 taveritis
2482 4908 2601 4964 ﬁeri
2634 4907 2745 4963 mei
2781 4904 2994 4961 similes
3040 4909 3441 4973 cognoscentes
3497 4901 3707 4956 bonum
3730 4909 3786 4954 et

2197 5003 2427 5065 malum,
2451 5009 2508 5055 et
2531 5010 2643 5055 tam
2672 5013 2738 5053 ea
2772 5010 2897 5066 quae
2925 5003 3055 5050 sunt
3077 4993 3294 5049 occulta
3320 5006 3489 5061 quam
3506 5005 3639 5061 quae
3672 5005 3785 5045 ma-

2194 5094 2420 5161 nifesta,
2450 5092 2640 5148 statim
2663 5098 2841 5145 morte
2871 5086 3213 5143 moriemini.
3648 5142 3667 5148 ν

2176 5218 2182 5223 -
2268 5187 2493 5243 Ποσθει
2517 5183 2666 5255 quod
2698 5183 2845 5237 Deus
2877 5179 3147 5250 praecepit
3173 5176 3391 5233 homini
3434 5192 3555 5232 non
3604 5186 3786 5230 come-

2196 5280 2375 5336 dere:
2408 5279 2515 5333 hoc
2565 5286 2671 5342 est,
2724 5291 2796 5330 ne
2828 5281 3015 5328 mente
3045 5268 3272 5341 quidem
3307 5270 3628 5340 concipere.
3677 5256 3787 5318 Hoc

499 5353 745 5446 saltavit,
785 5383 933 5453 quod
967 5382 1386 5453 praedestinavit
1410 5381 1558 5436 Deus
1608 5388 1738 5435 ante
1775 5353 1997 5443 saaeula
2028 5384 2092 5432 ut
2191 5371 2451 5442 estquod
2483 5369 2692 5425 dicitur
2718 5367 2930 5437 lignum
2978 5360 3317 5454 cognitionis
3364 5360 3506 5454 boni
3530 5366 3589 5454 et
3614 5353 3741 5454 πημαιί

499 5476 568 5530 ad
602 5448 850 5530 nostrain
874 5448 1091 5533 veniret
1124 5474 1380 5547 gloriam,
1426 5482 1484 5529 et
1534 5471 1893 5528 annuntiaret
1942 5469 2094 5541 gregi
2194 5464 2286 5520 hic
2334 5472 2420 5519 est
2456 5461 2553 5532 qui
2582 5458 2790 5516 dicitur
2807 5453 3269 5520 fructuslaetifer,
3324 5448 3787 5547 superbia-ederri

502 5584 604 5623 suo
634 5576 893 5638 tanquam
912 5550 1067 5624 uxori
1097 5542 1154 5625 et
1174 5568 1330 5624 verbi
1354 5582 1545 5623 semen
1569 5567 1639 5620 ab
1673 5581 1741 5622 eo
1774 5564 2093 5634 accipienti.
2194 5568 2253 5615 et
2270 5557 2593 5613 existimare
2621 5552 2867 5623 seipsum
2893 5551 3091 5615 Deum,
3132 5554 3565 5638 cognoscentem
3586 5542 3789 5638 bonum

504 5673 563 5716 et
595 5632 1045 5732 ﬁliuniparicnli.
1080 5660 1239 5717 Unde
1257 5675 1367 5715 non
1397 5658 1557 5730 jubet
1581 5657 1631 5712 ei
1660 5663 1720 5712 ut
1744 5671 1855 5710 non
1881 5632 2100 5726 sitpar-
2196 5659 2253 5707 ct
2282 5640 2487 5705 mal'um
2522 5665 2537 5703 :
2567 5662 2692 5703 cum
2724 5659 2906 5715 neque
2934 5640 3165 5713 angelus
3206 5654 3390 5711 neque
3426 5632 3667 5698 daemon,
3693 5632 3784 5685 sed

582 5837 808 5896 "Joan.
838 5854 931 5905 xu,
967 5837 1052 5894 49.
1122 5799 1178 5871 “—
1216 5838 1319 5894 lsa.
1359 5854 1429 5903 rx,
1481 5796 1567 5892 6.-
1615 5834 1841 5891 "Joan.
1872 5832 2067 5891 v1.59.
