4098 6502
285 415 437 482 989

1391 423 1476 486 IN
1513 423 2066 494 HEXAEMERON.
2097 450 2163 462 η·-
2193 429 2342 491 LIB.
2385 430 2492 492 IX.

3494 437 3602 502 990

286 527 485 584 solus
523 526 674 582 Deus
719 526 856 584 sciat
883 538 1125 586 mentem
1175 532 1487 601 hominum,
1519 543 1581 589 ut
1607 533 1744 590 dicit
1783 537 1907 592 Job.
1940 541 1983 596 A
2011 558 2213 610 eorum,
2233 553 2284 598 et
2302 553 2632 600 sarmentum
2651 559 2832 600 eorum
2857 563 2921 601 ex
2943 547 3258 612 Gomarrha,
3286 563 3388 603 uva
3417 563 3599 604 eorum

283 615 452 688 Ipse
482 619 628 674 enim
658 623 946 691 cognoscit
963 627 1178 682 occulta
1210 628 1416 691 cordis,
1457 629 1550 699 qui
1581 630 1749 686 corda
1780 646 1914 686 exa-

283 726 368 765 ιιι
381 713 503 768 inat
524 719 581 768 et
605 728 770 768 renes
794 715 962 772 Deus.
997 717 1112 774 Hoc
1132 735 1264 790 ergo
1285 722 1580 791 praemunit
1605 723 1910 789 hominem,

281 805 564 874 perinde
613 819 678 860 ac
707 805 754 862 si
793 807 846 862 ei
890 808 1102 866 diceret
1149 829 1161 864 :
1201 810 1439 868 Attende
1473 813 1573 868 tibi
1601 822 1660 869 et
1682 829 1817 869 cave
1843 831 1914 870 ne

284 902 574 964 potestas
609 904 666 950 et
718 911 914 967 magna
947 900 1251 956 auctoritas
1300 917 1464 971 quam
1505 919 1607 974 ego
1647 903 1745 958 tibi
1783 903 1912 959 dedi

293 1002 458 1043 cum
491 996 544 1042 te
575 1004 759 1060 regem
781 991 1046 1046 constitui
1081 1001 1139 1048 et
1170 993 1456 1050 dominum
1517 998 1686 1052 totius
1720 997 1914 1052 mundi

297 1079 426 1149 qui
444 1081 730 1146 .ccrnitur,
758 1091 810 1138 te
839 1084 1072 1140 extollat
1094 1085 1150 1140 in
1186 1087 1528 1156 superbiam,
1555 1097 1614 1143 et
1661 1089 1916 1158 experia-

303 1175 409 1228 ris
435 1189 559 1231 esse
589 1175 841 1244 rapinam
867 1177 1186 1234 existimare
1205 1189 1261 1236 te
1290 1195 1414 1236 esse
1442 1181 1577 1235 mihi
1628 1181 1746 1252 (qui
1793 1197 1914 1237 sum

307 1265 498 1337 Deus)
529 1267 818 1337 aequalem,
874 1279 1298 1339 cognoscentem
1350 1272 1558 1327 bonum
1598 1281 1656 1328 et
1684 1275 1912 1328 malum.

305 1358 723 1414 Animadverte
747 1361 896 1429 quod
923 1371 1051 1416 ante
1079 1371 1132 1417 te
1183 1363 1289 1418 feci
1316 1365 1613 1434 quemdam
1640 1365 1831 1429 alium,
1857 1373 1916 1420 et

323 1451 602 1507 consului
625 1453 932 1522 principem
955 1454 1266 1523 plantarum
1294 1457 1506 1512 ratione
1530 1457 1910 1527 praeditarum,

329 1549 397 1596 et
429 1543 672 1612 paradisi
690 1543 1054 1614 intelligentis
1083 1547 1319 1618 angelici
1351 1565 1365 1602 :
1399 1549 1494 1618 qui
1521 1563 1647 1603 cum
1678 1563 1790 1603 non
1828 1557 1917 1603 tu-

323 1633 490 1690 lisset
506 1645 629 1690 eam
645 1636 850 1690 molem
879 1638 1193 1704 potestatis,
1226 1655 1520 1710 aggressus
1544 1649 1630 1695 est
1654 1640 1748 1696 ille
1771 1655 1914 1708 quo-

319 1741 436 1796 que
465 1727 780 1793 comedere,
797 1730 1110 1800 etcomedit
1138 1729 1349 1802 lignum
1380 1732 1682 1788 mortiferae
1708 1733 1913 1788 volun-

322 1815 480 1880 tatis,
506 1816 700 1872 volens
723 1832 845 1872 esse
876 1805 1042 1885 Deus,
1093 1819 1228 1876 boni
1279 1823 1336 1875 et
1389 1821 1519 1876 mali
1571 1837 1912 1894 cognoscens

325 1910 640 1984 scientiam,
684 1920 743 1967 et
799 1911 990 1968 dicens
1033 1913 1262 1985 :-Super.
1295 1916 1458 1970 nubes
1491 1933 1688 1987 ponam
1737 1917 1911 1970 sedem

327 2013 595 2065 meam,ct
609 2019 700 2058 ero
729 2004 922 2058 similis
948 2004 1220 2062 Altissimo
1237 2007 1314 2074 δ”,
1340 2017 1398 2064 et
1431 1998 1776 2080 cognoscens
1806 2009 1911 2064 bo-

327 2107 463 2148 num
491 2101 547 2148 et
569 2095 770 2150 malum
803 2104 864 2150 ut
891 2095 1030 2166 ipse,
1064 2114 1267 2170 nempe
1306 2101 1605 2170 praesciens
1630 2101 1755 2172 quis
1805 2101 1912 2156 hoc

322 2186 415 2240 vel
461 2187 601 2241 illud
633 2187 704 2242 sit
739 2189 1014 2256 facturus,
1049 2200 1108 2247 et
1145 2194 1329 2249 sciens
1353 2209 1420 2250 ea
1466 2210 1590 2265 quae
1625 2204 1756 2251 sunt
1812 2209 1921 2252 oc-.

319 2276 474 2332 culta
497 2287 556 2334 et
573 2278 862 2344 manifesta
887 2282 1200 2355 hominum;
1221 2293 1277 2340 et
1297 2295 1551 2341 mortuus
1572 2295 1659 2342 est
1669 2295 1909 2342 mortem

314 2377 583 2426 aeternam
613 2381 672 2428 et
711 2389 822 2429 non
855 2375 1228 2444 desinentem,
1277 2385 1334 2433 et
1389 2379 1603 2450 ejectus
1635 2393 1721 2435 est
1752 2389 1909 2435 extra

317 2477 476 2518 suam
503 2474 860 2534 potestatem,
885 2475 1037 2524 etne
1059 2469 1452 2526 auctoritatem
1473 2473 1700 2542 quidem
1737 2472 1908 2528 habet

321 2555 383 2609 in
407 2571 630 2625 porcos,
656 2565 714 2612 et
740 2573 885 2614 nunc
910 2568 997 2615 est
1045 2561 1210 2615 simul
1264 2563 1444 2617 malus
1487 2573 1546 2618 et
1573 2563 1819 2629 invidus,
1851 2573 1908 2619 et

327 2654 440 2702 tuae
466 2647 656 2716 gloriae
677 2648 956 2704 invisurus
985 2658 1093 2716 est,
1119 2667 1153 2706 o
1173 2651 1371 2718 Adam,
1407 2661 1466 2707 et
1488 2661 1597 2708 tum
1622 2654 1906 2724 potestati,

322 2743 383 2789 et
425 2743 554 2792 ture
591 2737 992 2811 pulchritudini
1053 2757 1177 2812 quae
1225 2751 1311 2798 est
1349 2743 1419 2798 ad
1446 2745 1747 2816 imaginem
1783 2745 1906 2800 Dei.

317 2825 424 2882 Est
457 2829 524 2883 ad
553 2843 649 2884 vos
671 2841 964 2899 venturus,
994 2841 1080 2887 est
1106 2834 1164 2887 in
1187 2849 1288 2890 vos
1318 2821 1654 2906 irrepturus,
1703 2836 1908 2894 deinde

313 2935 418 2976 vos
441 2922 802 2994 decepturus,
833 2935 895 2981 ut
917 2927 1191 2997 per’illam
1223 2929 1428 2984 viauia
1458 2945 1568 3000 qua
1599 2931 1716 3000 ipse
1761 2931 1910 2986 ceci-

313 3011 421 3102 dit,
449 3029 547 3068 vos
571 3031 763 3076 errare
795 3015 965 3072 faciat
990 3027 1046 3073 et
1086 3019 1269 3088 privet
1305 3020 1483 3090 gloria
1531 3031 1590 3076 et
1617 3021 1831 3078 honore
1852 3033 1910 3078 et

310 3111 591 3174 potestate
615 3123 782 3177 quam
810 3109 969 3176 vobis
991 3109 1141 3178 dedi,
1164 3127 1251 3187 ne;
1269 3111 1507 3167 veniatis
1531 3111 1589 3166 in
1630 3112 1818 3168 locum
1841 3128 1909 3168 ex

2016 650 2118 689 uva
2151 634 2309 704 fellis,
2345 637 2525 690 bon-us
2560 637 2934 692 amaritudinis
2969 639 3038 692 ".
3065 639 3334 693 Similiter
3376 655 3522 708 quoq
3549 655 3597 693 ie

2015 727 2164 804 Deus
2189 729 2258 785 de
2291 730 2424 800 ipsis
2449 730 2588 786 dicit
2613 746 2714 802 per
2737 731 2933 786 lsaiam
2963 749 2976 785 :
3006 730 3325 802 Exspeclavi
3365 738 3423 784 ut
3446 732 3596 785 vinea

2018 839 2136 877 mea
2162 822 2359 892 faceret
2385 841 2566 890 uvam,
2595 825 2716 895 fecit
2735 833 2910 878 autem
2935 825 3122 895 spinas
3146 823 3214 876 ’⁷.
3253 821 3409 878 Unde
3431 825 3598 876 etiam

2017 916 2072 971 in
2113 916 2273 972 libris
2321 917 2640 987 Regnorum
2679 917 2827 972 Deus
2868 915 3122 972 lsraelem
3157 915 3408 970 nominat
3449 914 3598 984 ligna

2015 1011 2188 1075 silvae,
2220 1027 2342 1081 qua;
2363 1026 2529 1080 supra
2563 1026 2621 1066 se
2669 1010 3082 1066 constituerunt
3129 1023 3314 1079 regem
3367 1006 3600 1077 spinife-

2017 1117 2138 1156 rum
2167 1102 2460 1156 rhamnum
2491 1143 2506 1166 ,
2554 1101 2662 1157 hoc
2699 1109 2808 1164 est,
2859 1099 3142 1156 diabolum
3175 1099 3269 1170 Qui
3311 1097 3599 1154 existima-

2013 1193 2094 1248 vit
2117 1208 2175 1248 se
2199 1208 2322 1248 esse
2363 1193 2538 1248 Deum
2566 1201 2990 1264 cognoscentem
3019 1193 3226 1246 bonum
3258 1197 3315 1245 et
3366 1189 3596 1244 malum.

2017 1287 2192 1342 Porro
2221 1293 2407 1340 autem
2443 1285 2606 1340 ficum
2638 1300 2858 1354 quoque
2881 1299 3048 1354 quam
3081 1281 3338 1338 Christus
3365 1279 3596 1334 arefecit

2014 1393 2086 1433 ne
2105 1379 2342 1447 amplius
2359 1377 2597 1431 fructum
2628 1376 2788 1442 ferat,
2817 1376 3011 1431 dicens
3029 1373 3302 1444 quispiam
3321 1386 3445 1446 esse
3473 1370 3596 1425 ido-

2015 1467 2311 1531 lolatriam,
2332 1483 2454 1521 non
2485 1466 2829 1536 peccaverit;
2861 1466 3020 1536 cujus
3043 1463 3146 1518 fuit
3182 1474 3346 1534 typus
3371 1461 3598 1531 sangui-

2014 1563 2104 1618 nis
2133 1561 2338 1616 ablatio
2386 1559 2638 1615 mulieris
2668 1557 2954 1629 sanguinis
2993 1555 3264 1626 profluvio
3294 1552 3601 1608 laborantis

2017 1655 2250 1726 (nempe
2295 1650 2468 1722 Evae),
2499 1650 2648 1722 quod
2695 1649 2962 1720 repressit
2999 1647 3268 1702 Dominus
3314 1646 3600 1701 exsiccans

2015 1744 2336 1814 sanguinem
2368 1739 2788 1796 sacrificiorum.
2822 1738 2886 1800 Si
2900 1753 3032 1809 ergo
3059 1737 3208 1808 juste
3248 1735 3471 1805 lateque
3514 1733 3599 1788 di-

2015 1837 2282 1892 discimus
2305 1834 2515 1905 lignum
2538 1831 2803 1902 appellari
2824 1829 3186 1900 impietatem,
3214 1827 3346 1898 quid
3377 1825 3602 1884 miraris

2015 1927 2151 1984 side
2181 1939 2246 1980 ea
2269 1925 2416 1980 Deus
2435 1923 2572 1979 dicit
2603 1921 2817 2003 homini
2853 1940 2864 1975 :
2897 1921 2982 1976 Ea:
3019 1922 3162 1975 omni
3193 1919 3334 1991 ligno
3356 1918 3496 1990 quod
3525 1925 3600 1972 est

2011 2021 2070 2075 in
2118 2017 2370 2090 paradiso
2421 2015 2692 2079 comedes;
2744 2013 2850 2067 hoc
2889 2020 3018 2067 est:
3064 2011 3273 2066 Fruere
3313 2019 3370 2064 et
3399 2009 3602 2064 satiare

2012 2109 2162 2166 omni
2197 2106 2682 2176 contemplatione,
2709 2103 2858 2158 omni
2889 2101 3226 2174 cognitione,
3253 2097 3403 2154 omni
3422 2097 3600 2152 sancti

2015 2200 2256 2272 Spiritus
2311 2197 2712 2262 illustratione,
2759 2189 2910 2249 omni
2963 2191 3232 2263 sapientia
3283 2189 3601 2248 divinarum

2013 2287 2448 2364 Scripturarum.
2474 2290 2624 2346 omni
2657 2289 2806 2361 ligno
2842 2285 3078 2360 pulchro
3111 2287 3180 2345 ad
3222 2283 3517 2343 videndum
3545 2294 3602 2340 et

2011 2385 2158 2440 bono
2189 2383 2257 2438 ad
2308 2379 2733 2444 comedendum,
2780 2379 3161 2448 angelicoque,
3198 2387 3258 2434 et
3301 2375 3602 2446 Scriptura!

2011 2465 2360 2546 prophetico,
2395 2471 2736 2544 e’vangelico,
2759 2478 2817 2526 et
2845 2469 2912 2532 ad
2939 2469 3245 2525 doctrinam
3285 2480 3601 2522 accommo-

2011 2570 2142 2626 dato
2163 2582 2440 2624 sermone.
2469 2566 2716 2634 Decerpe
2739 2579 2804 2617 ex
2827 2563 2978 2618 omni
3000 2563 3150 2634 ligno
3183 2559 3450 2630 frugifero
3476 2574 3606 2613 san-

2011 2669 2124 2725 cto,
2149 2668 2206 2714 et
2241 2657 2319 2714 sis
2355 2656 2636 2728 particeps
2675 2653 2985 2719 cliaritatis,
3028 2663 3084 2708 et
3133 2647 3598 2714 mansuetudinis,

2009 2760 2066 2807 et
2103 2750 2256 2815 ﬁdei,
2293 2748 2434 2819 spei,
2463 2757 2521 2803 et
2559 2745 2947 2802 fortitudinis:
2992 2743 3254 2814 quoniam
3289 2749 3419 2796 sunt
3449 2739 3600 2795 beati

2011 2841 2106 2912 qui
2147 2841 2250 2894 hos
2275 2838 2433 2894 cibos
2455 2837 2713 2892 esuriant
2749 2843 2806 2890 et
2857 2833 3078 2898 sitiunt,
3119 2831 3518 2888 convenienter
3547 2830 3600 2886 ei

2011 2931 2106 3002 qui
2138 2930 2276 2986 dicit
2303 2947 2316 2983 :
2353 2928 2603 2983 Meuses‘t
2629 2926 2772 2980 cibus
2811 2933 2866 2979 ut
2895 2925 3090 2996 faciam
3127 2922 3454 2978 voluntatem
3487 2921 3604 2996 ejus

2011 3024 2102 3094 qui
2133 3037 2215 3076 me
2241 3021 2384 3076 misit
2405 3021 2474 3073 ⁸⁸.
2503 3019 2660 3074 Unde
2689 3031 2888 3073 rursus
2915 3015 3138 3070 dicebat
3167 3033 3180 3069 :
3227 3013 3403 3068 Habeo
3433 3012 3603 3067 cibum

2013 3115 2084 3168 ad
2111 3111 2488 3170 comedendum
2523 3126 2680 3182 quem
2709 3127 2798 3165 vos
2816 3111 3024 3166 nescitis
3063 3111 3132 3162 ”.

311 3211 430 3283 quo
457 3197 549 3252 ille
566 3197 789 3254 cecidit.
817 3200 886 3256 Et
922 3211 983 3256 ut
1013 3202 1184 3257 semel
1213 3203 1415 3270 dicam,
1467 3220 1632 3260 omne
1695 3211 1907 3275 praece-
1937 3221 1980 3280 ο
2015 3241 2025 3250 -
2083 3204 2191 3260 Sed
2213 3212 2430 3276 gustate
2459 3219 2558 3259 vos
2582 3219 2826 3273 quoque,
2857 3212 2914 3258 et
2943 3203 3142 3258 scitote
3167 3199 3317 3270 quod
3342 3197 3604 3253 Christus

310 3294 474 3358 ptum
499 3289 662 3354 etlex
683 3306 848 3360 quam
874 3291 1029 3348 dedit
1051 3294 1198 3350 Deus
1213 3295 1597 3366 protoplastis,
1622 3295 1763 3350 nihil
1787 3307 1911 3352 erat

310 3379 474 3434 aliud
502 3381 614 3436 nisi
641 3385 970 3452 protestatio
988 3387 1340 3442 custodiendi
1357 3369 1622 3458 pietatem
1643 3387 1912 3446 adversus

311 3472 523 3544 ipsum,
549 3483 608 3530 et
637 3493 706 3532 ne
729 3478 944 3548 seipsos
964 3479 1019 3534 in
1043 3479 1181 3536 deos
1205 3481 1478 3538 referrent
1505 3501 1520 3538 :
1549 3491 1608 3537 et
1627 3481 1914 3538 existima-

317 3574 453 3622 rent
475 3583 684 3624 se-esse
717 3570 831 3628 Deo
882 3571 1116 3645 similes,
1155 3584 1554 3645 cognoscentes
1599 3576 1921 3631 honumct-

315 3658 558 3740 malum,
581 3667 640 3714 et
669 3661 946 3720 o‘ccultum
967 3671 1024 3718 et
1063 3663 1447 3738 manifestum,
1480 3667 1604 3723 ‘Hoc
1635 3677 1822 3724 autem
1853 3669 1914 3723 in

311 3749 390 3804 iis
414 3765 540 3820 quae
573 3744 837 3824 deinceps
859 3742 1282 3825 consequuntur
1313 3759 1674 3816 ostendemus
1731 3745 1914 3816 mani-

307 3841 538 3908 festius,
570 3843 736 3898 etiam
765 3845 998 3924 exipsis
1027 3847 1125 3904 Dei
1156 3849 1344 3904 verbis
1371 3850 1438 3905 ad
1469 3851 1764 3907 Adamnm.
1797 3853 1912 3908 Ne-

309 3952 430 4008 que
453 3936 556 3992 tibi
580 3937 839 3994 videatur
860 3955 972 3996 non
1002 3942 1294 4012 probabile
1314 3952 1412 3999 aut
1428 3930 1738 4002 violentum
1761 3947 1912 4017 quod
1931 3954 1940 3961 ‘

309 4027 612 4120 Scriptura
642 4031 794 4088 dicat
809 4033 1023 4104 lignum
1041 4033 1414 4092 idololatriam
1437 4049 1494 4093 et
1514 4037 1910 4105 defectionem,

311 4134 387 4174 ex
411 4135 520 4191 qua
549 4121 735 4191 statim
761 4123 829 4195 ab
862 4124 1024 4180 initio
1061 4127 1305 4198 gustavit
1327 4136 1384 4182 ct
1419 4128 1686 4192 comedit,
1719 4137 1775 4184 et
1809 4145 1915 4184 nu-

312 4214 450 4270 data
471 4217 568 4270 cst
612 4223 669 4271 et
697 4216 873 4288 ejecta
901 4218 997 4274 Dei
1031 4234 1172 4274 uxor
1199 4219 1420 4290 (nempe
1454 4204 1745 4290 Ecclesia),
1781 4215 1928 4291 pro-‘

311 4313 514 4376 pterea
543 4307 690 4376 quod
729 4308 834 4363 hoc
890 4309 1201 4378 proximum
1247 4319 1298 4366 et
1328 4311 1628 4366 maximum
1653 4312 1710 4369 in
1738 4314 1913 4369 Deum

315 4397 549 4452 admisit
568 4410 888 4469 peccatum,
918 4401 1066 4472 quod
1096 4401 1642 4474 adsculpserit'ligna
1673 4405 1918 4463 homini-

313 4489 431 4544 bus
457 4489 663 4544 similia
685 4489 741 4544 in
765 4491 933 4556 idola,
960 4499 1019 4546 et
1049 4507 1114 4547 ea
1140 4491 1476 4548 adoraverit.
1507 4493 1568 4549 In
1602 4495 1794 4550 multis
1813 4511 1914 4550 au-

2014 3303 2100 3351 est
2125 3297 2219 3366 qui
2243 3294 2398 3350 dedit
2413 3295 2528 3364 ipse
2549 3295 2735 3352 omnia
2763 3295 2910 3352 bona
2935 3293 3189 3356 fruenda.
3224 3291 3418 3352 dicens
3453 3309 3467 3344 :
3503 3287 3604 3346 Co~

2016 3391 2207 3446 medite
2235 3406 2302 3446 ex
2337 3390 2598 3445 omnibus
2620 3390 3003 3462 intelligentiis
3027 3399 3084 3444 et
3103 3387 3296 3459 gratiis
3319 3397 3429 3453 ;‘ex
3458 3385 3605 3440 malo

2015 3488 2201 3536 autem
2234 3480 2382 3550 ligno
2405 3477 2619 3549 peccati
2653 3479 2871 3548 (nempe
2897 3473 3265 3548 cognoscendi
3293 3473 3499 3527 bonum
3545 3477 3604 3524 et

2017 3569 2246 3643 malum)
2273 3586 2341 3626 ne
2379 3569 2711 3634 comedetis,
2736 3585 2807 3624 ne
2832 3567 3151 3624 moriemini
3167 3573 3346 3621 morte
3379 3564 3597 3619 animae.

2017 3663 2110 3720 Sic
2139 3673 2225 3720 est
2261 3661 2557 3734 legendum
2600 3669 2659 3717 et
2711 3659 3135 3732 intelligendum
3165 3657 3236 3714 de
3263 3657 3352 3712 his
3381 3655 3605 3711 duobus

2013 3743 2200 3826 lignis.
2226 3753 2330 3823 Qui
2359 3762 2544 3809 autem
2573 3752 2723 3809 omni
2771 3751 2937 3807 modo
2986 3748 3353 3804 adversantur
3384 3747 3602 3803 theolo-

2013 3849 2153 3920 gicis
2171 3845 2564 3918 Gregoriorum
2599 3845 2853 3909 vocibus,
2875 3853 2933 3898 et
2960 3841 3082 3897 haec
3103 3856 3226 3896 esse
3258 3841 3455 3920 dicunt
3473 3837 3606 3894 sen-

2015 3941 2139 3998 silia
2160 3947 2218 3997 et
2241 3940 2525 3996 esculenta
2545 3979 2560 4004 ,
2585 3937 2816 3995 omnino
2844 3934 3164 3992 necessario
3195 3933 3415 4006 (rursus
3449 3928 3616 3998 dico)

2014 4033 2228 4090 faciunt
2249 4047 2443 4091 omnes
2463 4030 2692 4096 bestias,
2741 4037 2800 4086 et
2828 4027 3070 4098 reptilia,
3131 4035 3189 4081 et
3242 4037 3482 4088 muscas,
3539 4017 3594 4062 ει

2016 4143 2202 4192 canes,
2221 4119 2289 4182 'et
2313 4140 2506 4182 omnes
2535 4125 2798 4180 volucres
2817 4139 2940 4179 esse
2961 4121 3262 4192 participes
3285 4117 3419 4188 ligni
3451 4117 3596 4182 vitae,

2013 4225 2079 4274 ut
2115 4219 2416 4289 quaajuSsaa
2445 4217 2558 4272 sint
2585 4217 2644 4272 in
2675 4215 2851 4287 priori
2885 4215 3012 4270 cibo
3063 4213 3229 4269 simul
3273 4210 3425 4268 vesci
3473 4225 3601 4264 cum

2014 4310 2241 4370 homine
2263 4325 2332 4366 ex
2347 4309 2498 4364 omni
2520 4309 2741 4380 lignoet
2757 4307 2943 4362 fructu
2959 4305 3054 4376 qui
3075 4313 3162 4360 est
3181 4319 3348 4374 super
3371 4311 3598 4357 terram.

2017 4404 2124 4460 Sed
2147 4419 2259 4458 non
2292 4411 2397 4467 est,
2427 4417 2542 4456 non
2589 4409 2675 4456 est
2729 4400 2827 4454 ita.
2879 4397 3016 4453 Vide
3055 4398 3203 4453 enim
3233 4395 3385 4468 quod
3432 4396 3489 4450 in
3517 4394 3608 4450 his

2015 4495 2234 4550 duobus
2262 4493 2515 4563 (Adamo,
2537 4492 2784 4562 inquam,
2807 4499 2863 4547 et
2892 4489 3024 4560 Eva)
3055 4489 3244 4560 posuit
3265 4487 3610 4559 aanigmatice

316 4590 439 4637 tem
469 4588 527 4636 et
556 4581 794 4638 diversis
821 4583 960 4638 locis
981 4582 1283 4654 Scriptura:
1311 4583 1644 4651 invenies-pa
1673 4587 1788 4642 Deo
1815 4587 1914 4643 de-
1942 4595 1989 4652 D
2016 4586 2310 4658 quamdam
2338 4585 2452 4640 cibi
2481 4584 2854 4640 dilIerentiam
2878 4598 3004 4638 cum
3027 4581 3452 4652 participatione
3478 4581 3608 4650 qui-

315 4672 622 4730 fectionem
655 4673 922 4744 appellari
972 4673 1221 4728 fructum
1244 4674 1400 4745 ligni.
1433 4675 1805 4742 Quamobrem
1853 4675 1912 4732 in

315 4757 587 4838 parabole
616 4781 840 4836 quoque
867 4767 1106 4838 prodigi,
1133 4767 1230 4838 qui
1259 4776 1343 4824 est
1367 4769 1608 4838 populus
1635 4771 1912 4841 eligenti-

316 4859 450 4939 bus,
489 4859 584 4930 qui
621 4860 820 4930 procul
854 4875 888 4938 a
943 4849 1358 4927 Deoﬂrecessit,
1406 4863 1717 4918 nominavit
1763 4865 1912 4921 Deus

314 4960 612 5020 peccatum
643 4951 894 5021 siliquas,
913 4951 1262 5022 qui‘quidem
1287 4963 1374 5009 est
1391 4955 1554 5010 cibus
1586 4972 1908 5026 porcorum.

315 5057 525 5112 nempe
558 5041 971 5096 immundorum
1005 5040 1341 5106 daemonum.
1377 5042 1552 5110 Quem
1579 5045 1815 5115 quidem
1833 5047 1912 5102 ci—

320 5133 458 5187 bum
489 5131 788 5202 aliquando
823 5131 1125 5187 comedens
1169 5133 1409 5203 populus
1438 5135 1726 5205 prodigus,
1759 5135 1911 5192 desi-

319 5225 556 5280 derabat
590 5224 862 5288 saturari,
887 5225 994 5280 hoc
1019 5233 1124 5290 est,
1157 5241 1394 5282 cessare.
1425 5228 1562 5284 Nam
1603 5230 1699 5300 qui
1740 5231 1912 5288 satia-

323 5327 440 5382 tur,
492 5318 691 5373 exinde
752 5318 971 5374 desistit
1027 5320 1342 5375 comedere.
1392 5319 1460 5376 Et
1501 5338 1654 5378 nemo
1679 5323 1843 5378 dabat
1865 5325 1910 5356 ³³

325 5408 486 5473 mihi,
514 5409 691 5465 donec
724 5410 942 5466 veniret
987 5411 1154 5466 Panis
1177 5411 1422 5467 cmlestis
1451 5412 1547 5483 qui
1569 5427 1657 5468 me
1681 5413 1915 5469 abduxit

321 5517 354 5558 a
382 5502 534 5574 ligno
583 5503 940 5574 siliquarum.
979 5505 1156 5561 Porro
1183 5513 1369 5560 autem
1400 5505 1579 5562 Moses
1607 5513 1829 5578 quoque
1855 5507 1912 5562 in

321 5594 573 5650 secundo
591 5597 830 5661 cantico,
847 5597 1166 5656 Iudaeorum
1185 5605 1380 5654 taxans
1394 5599 1910 5664 idololatriam,eam

323 5685 566 5755 appellat
591 5687 832 5762 plantam
873 5705 1041 5745 :nam
1078 5707 1143 5744 ex
1187 5693 1338 5746 uinea
1355 5689 1709 5748 Sodomorum
1759 5693 1909 5748 vinea

398 5797 576 5876 f‘nlsa.
611 5803 830 5876 x1v,l4.
909 5806 955 5838 ’⁸
993 5805 1125 5863 Luc.
1164 5824 1252 5874 xv,
1286 5809 1370 5866 l6.
1449 5811 1496 5842 "
1542 5809 1704 5866 Deut.
1759 5825 1920 5876 xxxii,
1955 5808 2046 5864 52.
2125 5809 2170 5841 ⁸⁷
2201 5808 2306 5862 lsa.
2364 5823 2416 5875 v,
2455 5807 2508 5862 4.

323 5855 370 5887 ³⁸
395 5866 418 5924 Ι
443 5867 572 5925 Cor.
606 5887 664 5940 ii,
701 5855 783 5929 l0.

2014 4675 2140 4738 dem
2190 4677 2459 4744 omnium,
2497 4681 2605 4736 hoc
2629 4690 2716 4736 est
2755 4661 3130 4750 cognitionem
3187 4677 3497 4732 caelestium
3551 4681 3609 4730 et

2015 4773 2365 4829 terrestrium
2393 4781 2452 4828 et
2475 4771 2970 4826 subterraneorum
2995 4769 3098 4823 soli
3118 4767 3331 4822 homini
3361 4765 3603 4828 dederit,

2013 4863 2109 4933 qui
2143 4871 2229 4918 est
2249 4861 2525 4918 Christus.
2551 4860 2673 4929 ipse
2695 4868 2781 4914 est
2805 4859 2953 4912 enim
2977 4859 3071 4928 qui
3096 4855 3603 4928 cognoscitomnia,

2015 4955 2179 5008 etiam
2203 4933 2468 5024 profunda
2511 4949 2611 5005 Dei
2643 4951 2721 5015 ³ος
2755 4948 3150 5004 abstinentiam
3179 4956 3365 5001 autem
3395 4961 3428 5001 a
3477 4961 3606 5015 pec-

2019 5052 2163 5108 cato,
2197 5057 2396 5112 nempe
2425 5041 2682 5110 Maligno,
2737 5038 2838 5094 soli
2870 5037 3083 5094 homini
3117 5045 3174 5091 et
3207 5036 3355 5099 Evae,
3405 5049 3605 5105 nempe

2019 5136 2302 5194 Ecclesia.
2340 5135 2411 5189 Et
2438 5133 2571 5188 hinc
2621 5131 2980 5202 perspicuum
3027 5129 3176 5200 quod
3203 5144 3324 5183 non
3343 5128 3414 5184 de
3445 5143 3608 5184 escu-

2018 5231 2172 5286 lento
2201 5229 2353 5300 ligno
2384 5226 2524 5282 dicit
2549 5224 2860 5295 Scriptura,
2905 5239 3032 5278 cum
3076 5221 3370 5292 prohibuit-
3395 5220 3604 5275 homini

2019 5321 2396 5397 cognitionem
2419 5317 2552 5373 boni
2571 5327 2628 5372 et
2651 5315 2778 5372 mali
2803 5333 2819 5382 ;
2850 5329 2982 5370 nam
3009 5322 3140 5392 ante
3166 5329 3294 5370 eum
3319 5327 3477 5368 esum
3510 5327 3610 5367 co-

2017 5407 2321 5488 gnoscebat
2337 5413 2539 5470 mulier
2560 5413 2850 5478 bonumet
2869 5410 3097 5468 malum.
3131 5407 3276 5474 Audi
3306 5407 3458 5476 enim
3485 5401 3609 5462 eam

2018 5510 2073 5565 in
2103 5507 2399 5564 collatione
2430 5521 2559 5562 cum
2587 5511 2870 5576 serpente,
2888 5503 3213 5559 efferentem
3243 5500 3444 5573 dogma
3474 5515 3608 5556 con-

2014 5601 2273 5667 trarium,
2305 5609 2364 5656 et
2405 5598 2459 5654 ei
2487 5597 2769 5652 dicentem
2799 5605 2858 5652 et
2911 5595 3292 5666 proferentem
3351 5592 3604 5666 divinum

2019 5691 2366 5757 mandatum,
2385 5698 2442 5745 et
2472 5690 2654 5750 minas
2683 5689 2878 5746 mortis
2907 5688 3208 5744 intentatas
3233 5687 3279 5743 si
3309 5685 3443 5758 ligni
3459 5691 3610 5743 esset

2615 5807 2661 5839 ³⁸
2699 5805 2860 5862 Joan.
2925 5803 3003 5873 iv,
3033 5803 3122 5860 54.
3239 5803 3285 5836 ²⁹
3339 5800 3473 5858 ibid.
3513 5797 3604 5855 51‘.
