4098 6510
416 453 435 463 -
471 394 570 461 991

1646 405 1710 464 S.
1749 399 2161 464 ANASTASII
2205 399 2542 459 SINAITE

3657 397 3801 464 992

469 515 764 585 particeps.
798 515 904 571 Sed
928 533 1110 589 neque
1134 519 1267 576 caeci
1296 525 1455 577 erant
1479 528 1609 576 ante
1637 518 2056 591 cognitionem;
2090 522 2138 581 Α
2164 531 2371 587 porum
2417 527 2610 587 stupra
2676 528 2732 573 et
2788 518 3105 574 adulteria?
3171 518 3304 586 Quis
3350 526 3540 574 autem
3597 517 3811 573 totius

469 604 605 659 dicit
649 607 796 661 enim
847 627 860 662 :
896 610 966 664 Et
994 612 1122 665 vidit
1169 611 1363 667 mulier
1411 613 1551 685 quod
1593 621 1725 667 esset
1762 612 2063 683 pulchrum,

468 705 596 753 ante
627 715 800 754 esum.
840 701 896 756 Si
924 712 1110 769 autem
1137 705 1296 760 cibus
1323 713 1443 761 erat
1464 705 1686 769 sensilis
1718 714 1775 761 et
1800 703 2061 768 carnalis,

471 792 695 845 omnino
728 794 931 847 mortui
959 805 1145 850 essent
1170 786 1342 852 etiam
1373 797 1688 863 carnaliter,
1720 796 1947 868 quando
1972 785 2068 851 co-

471 890 784 940 mederunt.
812 885 917 942 Sed
960 904 1085 943 cum
1113 898 1298 945 mente
1333 897 1391 945 et
1428 890 1793 961 intelligentia
1830 904 2065 960 peccas-

476 984 616 1041 sent,
641 977 935 1033 subierunt
954 982 1119 1036 etiam
1149 982 1349 1037 animae
1373 991 1609 1037 mortem
1632 983 2061 1055 intelligentem.

475 1064 570 1118 llic
596 1056 791 1121 autem‘
813 1067 1103 1125 hominem
1154 1072 1405 1127 nominat
1436 1072 1710 1129 Adamum
1740 1089 1755 1126 :
1784 1072 2065 1145 quomodo

472 1158 643 1211 etiam
668 1158 764 1213 Dei
791 1160 1029 1215 Verbum
1053 1163 1437 1220 incarnatione
1491 1166 1854 1236 terrigenam.
1886 1163 2064 1220 Adam

470 1248 620 1302 enim
654 1251 1050 1320 interpretatur
1078 1263 1223 1309 terra
1254 1263 1310 1310 et
1339 1256 1516 1327 ignis,
1550 1257 1697 1312 sicut
1742 1256 1856 1312 dixi
1905 1258 2060 1313 alibi.

472 1340 544 1394 Et
579 1340 712 1395 dixit
742 1342 1000 1398 Dominus
1033 1345 1172 1401 Deus
1211 1364 1229 1402 :
1263 1347 1385 1402 Non
1439 1356 1515 1403 est
1558 1351 1752 1405 bonum
1798 1352 2064 1409 hominem

472 1449 580 1486 esse
610 1434 782 1489 solum
804 1453 822 1491 .·
844 1436 1102 1505 faciamus
1161 1441 1210 1494 ei
1230 1441 1548 1512 adjutricem
1571 1445 1706 1497 sicut
1750 1444 1863 1514 ipse
1892 1452 1969 1497 est
1994 1445 2061 1499 ".

470 1523 607 1578 Cum
632 1527 741 1581 huc
766 1528 1010 1585 venisset
1037 1530 1243 1599 Manes,
1274 1536 1577 1592 sceleratus
1601 1521 2065 1594 duxlilanicha’o-

472 1631 616 1681 rum,
651 1618 968 1692 intelligens
989 1622 1194 1680 litterae
1208 1636 1527 1683 contextum
1550 1631 1942 1701 corporaliter,
1971 1646 2066 1686 oc-

470 1708 620 1763 cisus
654 1719 740 1765 est
767 1726 801 1766 a
839 1711 1027 1769 littera
1060 1716 1460 1774 convenienter
1500 1719 1658 1775 Pauli
1703 1721 1849 1786 voci,
1888 1721 2065 1778 Deum

470 1800 755 1868 appellans
777 1803 1118 1861 mendacem.
1143 1806 1413 1865 Similiter
1434 1810 1601 1867 etiam
1625 1812 2062 1884 Aquilaimpius,

475 1888 624 1944 idem
654 1892 802 1962 quod
838 1904 1032 1964 gentes
1089 1899 1357 1966 sentiens,
1396 1902 1570 1958 Deum
1627 1906 1822 1961 volens
1875 1922 2069 1977 repre-

475 1985 742 2052 hendere,
778 2003 877 2059 pro
911 2004 978 2045 eo
1005 1993 1155 2061 quod
1179 1992 1369 2050 dicere
1401 1990 1698 2066 oportebat
1729 2015 1742 2052 :
1776 1997 2066 2056 Faciamus

473 2078 524 2131 ei
549 2078 866 2148 adjutricem
892 2084 1180 2140 secundum
1228 2089 1422 2158 ipsum,
1454 2089 1596 2146 dixit
1629 2108 1642 2145 :
1673 2090 1956 2147 Faciamus
2021 2095 2069 2148 ei

472 2170 808 2241 adjutoriiim
834 2186 900 2229 ea;
933 2177 1156 2234 adverso
1206 2181 1357 2252 ejus;
1388 2183 1496 2240 hoc
1545 2192 1631 2241 est
1677 2186 2065 2244 adversarium

473 2274 533 2317 et
556 2263 794 2321 hostem.
819 2268 965 2335 Quid
1004 2287 1136 2342 ergo
1159 2273 1191 2327 ?-
1210 2273 1300 2329 dic
1323 2276 1482 2341 mihi,
1510 2278 1776 2346 oJudzee,
1810 2289 1895 2336 est
1923 2281 2070 2338 Deus

478 2372 664 2422 verus,
704 2360 1024 2417 mentiens?
1049 2364 1313 2420 Divinum
1334 2382 1398 2423 os
1419 2369 1638 2425 Domini
1668 2372 2072 2443 omnipotentis

475 2450 740 2517 Sabaoth,
777 2454 833 2509 in
859 2456 1043 2513 medio
1070 2461 1435 2518 tenebrarum
1464 2471 1522 2519 et
1545 2463 1709 2536 903
1738 2467 1994 2539 caliginis
2011 2482 2070 2525 et

477 2541 623 2612 ignis
654 2555 712 2599 et
761 2548 1019 2615 procella:
1064 2559 1121 2605 et
1169 2552 1429 2608 tubarum
1475 2561 1533 2610 et
1562 2558 1910 2627 angelorum,
1949 2560 2072 2617 haec

476 2634 647 2689 verba
670 2636 802 2692 Mosi
832 2646 919 2693 est
946 2639 1221 2707 locutum,
1257 2652 1314 2699 et
1347 2644 1445 2723 Dei
1482 2645 1693 2718 digitus
1720 2649 1774 2704 in
1837 2649 2071 2710 Tabulis

479 2727 597 2783 haec
619 2729 860 2799 scripsit,
874 2731 1065 2789 dicens
1089 2751 1102 2787 :
1122 2735 1241 2789 Non
1257 2738 1452 2793 bonum
1471 2749 1547 2793 est
1569 2743 1837 2797 hominem
1859 2760 1971 2799 esse
1986 2762 2074 2800 so-

480 2821 615 2890 lum,
648 2824 906 2892 faciamus
922 2830 969 2883 ei
986 2830 1306 2902 adjutricem
1325 2834 1648 2907 sicutipsum
1670 2854 1688 2891 :
1707 2847 1766 2894 et
1779 2848 1865 2895 est
1880 2857 2074 2899 rursus

482 2913 669 2985 lingua
695 2916 793 2973 Dei
821 2929 878 2974 et
903 2933 966 2976 os
988 2929 1047 2977 et
1066 2939 1263 2979 manus
1280 2925 1416 2983 falsa
1438 2928 1674 2998 loquens
1694 2940 1754 2985 et
1775 2932 2074 3001 scribens?

553 3007 813 3066 Facessat
840 3011 958 3070 hac
987 3015 1327 3074 absurditas.
1358 3021 1611 3076 Verbum
1651 3023 1800 3078 enim
1831 3026 1929 3081 Dei
1958 3042 2075 3082 ma-

482 3107 581 3154 net
605 3116 801 3157 verum
857 3104 914 3159 in
949 3109 1235 3176 saeculum,
1272 3121 1329 3166 et
1359 3111 1415 3167 in
1448 3114 1709 3169 saeculum
1742 3117 1952 3171 saeculi.
2003 3118 2074 3173 Et

483 3195 765 3291 quomodo
804 3198 1073 3291 nonfuit
1113 3201 1207 3256 illa
1263 3203 1467 3259 mulier
1514 3205 1759 3277 adjutrix
1813 3208 2026 3264 Adamo
2056 3228 2072 3277 ;
2102 3234 2146 3291 (ς

485 3283 584 3339 sed
630 3287 815 3355 potius
859 3288 1117 3358 inimica,
1153 3301 1322 3364 atque
1373 3296 1519 3353 adeo
1561 3297 1714 3355 fossa
1762 3300 2078 3359 etinsidia-

488 3380 616 3442 trix,
640 3382 1089 3452 etintcrl‘ectrix,
1128 3397 1187 3444 et
1210 3392 1656 3463 exterminatrix,
1705 3404 1763 3451 et
1815 3396 2077 3454 innume-

490 3471 749 3529 rabilium
778 3476 1053 3533 malorum
1079 3479 1187 3550 ipsi
1223 3491 1282 3537 et
1303 3485 1404 3539 toti
1427 3487 1638 3542 mundo
1690 3490 2082 3546 consiliatrix?

486 3564 545 3619 Si
577 3577 763 3624 autem
814 3570 1019 3626 mulier
1068 3574 1138 3629 ad
1185 3575 1294 3632 hoc
1322 3577 1506 3648 ipsum
1562 3580 1706 3636 facta
1750 3590 1839 3638 est
1883 3599 1914 3638 a
1964 3585 2082 3641 Deo

488 3664 553 3710 ut
579 3656 652 3712 sit
674 3658 889 3715 homini
918 3662 1166 3734 adjutrix
1185 3706 1200 3730 ,
1248 3674 1306 3722 et
1359 3684 1649 3740 nunquam
1676 3674 1927 3742 potuerit
1953 3690 2078 3729 mu-

487 3749 597 3805 lier
615 3765 737 3807 esse
762 3752 883 3807 viro
902 3754 1163 3825 inimica;
1191 3758 1288 3814 sed
1312 3761 1498 3821 munis
1515 3763 1718 3819 mulier
1739 3744 2087 3839 divino-prie.

487 3864 505 3895 λ
518 3844 698 3914 cripto
716 3844 998 3903 invenitur
1017 3849 1192 3905 virum
1202 3865 1368 3908 suum
1382 3853 1685 3912 defendere
1696 3873 1761 3913 ac
1770 3868 2086 3932 protegere:

488 3938 942 4009 quandoquidem
965 3952 1076 3999 stat
1096 3947 1535 4019 unumquodque
1566 3949 1623 4005 in
1641 3965 1709 4007 eo
1732 3952 1803 4008 ad
1823 3955 1974 4023 quod
2000 3956 2083 4011 fa»-

492 4038 644 4086 ctum
677 4041 764 4088 est
799 4049 829 4088 a
856 4034 971 4089 Deo
1003 4036 1119 4107 (lux
1148 4038 1298 4093 enim
1325 4040 1624 4109 illuminat,
1655 4054 1715 4099 et
1736 4060 1847 4099 non
1879 4054 2084 4115 cessat,

493 4125 652 4193 panis
672 4127 869 4191 nutrit,
896 4129 977 4197 sol
996 4131 1176 4187 currit
1191 4141 1249 4188 et
1268 4132 1398 4187 luna
1418 4149 1433 4199 ;
1459 4148 1587 4189 cum
1601 4134 1722 4205 ipso
1740 4136 1944 4206 plantas
1965 4138 2089 4211 ger-

495 4218 731 4285 minant,
751 4221 1010 4276 animalia
1021 4223 1268 4294 pariunt,
1288 4225 1469 4295 pisces
1484 4234 1702 4294 natant,
1722 4243 1853 4285 aves
1872 4232 2086 4299 volant,

496 4318 572 4373 et,
588 4313 1049 4379 utsemeldicam,
1071 4330 1244 4385 usque
1262 4317 1330 4371 ad
1355 4321 1894 4376 consummatitme'm
1916 4338 2090 4380 sacu-

498 4404 560 4467 li,
587 4418 931 4474 unaquaeque
957 4415 1214 4462 creatura
1245 4408 1301 4462 in
1328 4424 1395 4463 eo
1420 4418 1529 4465 stat
1556 4411 1799 4482 adquod
1832 4413 1977 4469 facta
1999 4424 2087 4471 est

500 4512 530 4548 a
553 4495 699 4562 Deo;
729 4495 786 4552 in
810 4513 1165 4570 unaquaque,
1222 4501 1471 4572 inquam,
1502 4514 1699 4560 natura
1759 4506 2005 4563 inanima
2033 4518 2091 4565 et

2169 609 2364 664 mundi
2412 609 2625 664 diluvio
2670 610 2804 666 fecit
2854 611 3166 678 interitum,
3226 613 3339 669 nisi
3402 610 3811 682 pulchritudo

2168 702 2467 756 mulierum
2526 701 2749 758 illarum
2790 703 3033 758 ﬁliarum
3082 704 3395 768 hominum,
3465 700 3637 774 quas
3668 701 3803 756 lilii

2168 794 2302 848 Seth
2348 804 2685 864 acceperunt
2740 795 2796 851 in
2847 796 3089 851 uxores?
3127 796 3227 852 Sin
3272 802 3463 852 autem
3515 794 3811 865 adjutrix

2165 887 2378 943 Adamo
2414 888 2521 942 fuit
2553 889 2775 954 mulier,
2837 889 3120 959 quomodo
3173 905 3368 944 omnes
3413 903 3538 944 eam
3572 888 3807 957 (ιερὶοο

2167 994 2355 1035 ramus
2392 979 2542 1049 quod
2573 980 2747 1035 fuerit
2778 981 3129 1036 consiliatrix
3179 981 3377 1036 mortis
3409 989 3469 1034 et
3503 979 3809 1034 interitus

2165 1079 2222 1125 et
2262 1073 2572 1127 communis
2618 1074 2815 1128 exitii?
2843 1074 2968 1129 Haec
3008 1074 3195 1144 potius
3232 1083 3315 1139 tu,
3348 1071 3621 1135 oludaec,
3673 1068 3807 1140 qui

2167 1162 2485 1233 Scripturas
2512 1176 2687 1230 tenes,
2722 1182 2825 1220 nos
2850 1166 3038 1220 doces.
3066 1166 3185 1222 Una
3208 1165 3358 1220 enim
3391 1164 3617 1226 mulier,
3655 1172 3798 1226 tua,

2166 1255 2412 1326 inquam,
2462 1273 2640 1322 soror,
2688 1259 2796 1312 tilia
2844 1258 3015 1314 Jacob
3060 1258 3235 1328 patris
3287 1257 3391 1321 tui,
3443 1271 3570 1326 quae
3615 1254 3801 1310 dice-

2166 1348 2333 1404 batur
2374 1350 2533 1415 Dina,
2570 1359 2810 1406 scortata
2857 1359 2945 1406 est
2992 1353 3050 1405 in
3096 1352 3359 1416 Sichem;
3406 1348 3612 1404 deinde
3646 1363 3797 1418 υτον

2166 1448 2290 1510 pter
2343 1440 2794 1507 fornicationem,
2858 1443 3175 1497 universam
3232 1441 3514 1496 civitatem
3580 1439 3789 1509 inique

2168 1536 2572 1590 interemerunt
2632 1534 2837 1590 fratres
2869 1537 3012 1607 ejus,
3034 1536 3243 1607 j'ustum
3294 1542 3352 1589 et
3390 1534 3667 1604 iniustum
3693 1531 3790 1586 si-

2170 1625 2283 1679 mul
2336 1626 2660 1682 occidentes
2705 1627 2774 1681 ³³.
2812 1628 3047 1697 Propter
3087 1642 3254 1697 quam
3296 1626 3498 1696 puella:
3527 1624 3784 1679 fornica-

2168 1716 2381 1772 tionem
2433 1728 2491 1773 et
2519 1719 2749 1782 aedem,
2788 1719 2859 1774 ad
2884 1702 3324 1790 quadringentos
3348 1732 3527 1772 annos
3553 1716 3779 1772 consti-

2171 1812 2276 1865 tuit
2297 1810 2445 1866 Deus
2471 1819 2549 1867 tot
2581 1812 2752 1866 millia
2782 1812 2837 1866 in
2861 1812 3190 1867 servitutem
3222 1811 3397 1886 redigi
3428 1810 3485 1864 in
3509 1808 3777 1880 Egypto.

2174 1905 2245 1960 Et
2273 1896 2525 1975 quamam
2555 1906 2759 1962 mulier
2788 1905 3064 1977 adjutrix?
3097 1905 3449 1960 Adulterium
3492 1902 3780 1958 commisit

2174 1997 2482 2054 Bethsabee
2510 1998 2567 2053 in
2588 2013 2656 2054 eo
2683 2014 2850 2069 quem
2881 2007 2943 2053 tu
2975 2010 3129 2053 tuum
3153 1996 3438 2052 Christum
3459 1994 3779 2060 existimas,

2176 2089 2373 2155 David,
2406 2091 2655 2160 inquam,
2696 2100 2755 2146 et
2797 2090 3007 2146 caedem
3033 2088 3375 2161 perpetravit
3408 2102 3512 2142 suo
3546 2084 3774 2157 conjugi

2175 2180 2341 2237 Urim.
2371 2181 2608 2247 Deinde,
2630 2183 2850 2238 etiamsi
2874 2184 2979 2237 hoc
3006 2180 3243 2236 maxime
3264 2179 3638 2235 condonatum
3656 2178 3779 2232 'l'uit

2178 2267 2405 2335 Davidi,
2446 2270 2503 2325 in
2541 2271 2736 2327 decem
2772 2281 2961 2328 tamen
3011 2272 3133 2343 ejus
3164 2269 3432 2325 mulieres
3466 2269 3771 2323 admissum

2178 2363 2286 2418 fuit
2328 2364 2670 2422 adulterium
2717 2380 2749 2421 a
2803 2381 2907 2421 suo
2956 2365 3072 2421 tilio
3119 2364 3415 2430 Absalom;
3468 2371 3527 2416 et
3580 2361 3776 2416 Statuit

2178 2457 2326 2513 Deus
2353 2473 2454 2528 per
2480 2459 2699 2514 Nathan
2727 2459 3057 2529 prophetam
3085 2457 3233 2530 quod
3263 2473 3374 2512 non
3401 2454 3629 2511 deﬁciet
3658 2456 3777 2526 gla-

2179 2544 2308 2605 dius
2331 2550 2390 2606 in
2436 2549 2601 2605 domo
2632 2549 2805 2604 David
2838 2549 2893 2604 in
2936 2558 3209 2604 aeternum
3254 2550 3320 2602 ³³.
3366 2536 3483 2602 Hoc
3513 2553 3607 2601 est
3636 2560 3779 2615 opus

2180 2642 2537 2713 pulchrarum
2574 2643 2893 2698 mulierum.
2937 2642 3073 2709 Quis
3106 2650 3295 2697 autem
3337 2641 3487 2695 inter
3520 2640 3779 2694 homines

2179 2751 2209 2790 a
2271 2737 2385 2791 Deo
2437 2735 2740 2804 tantaluit
2793 2736 3034 2791 donatus
3083 2735 3357 2806 sapientia
3415 2743 3626 2804 quanta
3679 2731 3777 2787 Sa-

2179 2829 2405 2885 lomon?
2452 2830 2522 2886 Et
2570 2837 2687 2885 tota
2752 2830 2875 2901 ejus
2939 2829 3211 2899 sapientia
3262 2828 3368 2883 fuit
3420 2826 3685 2882 devorata
3741 2840 3779 2881 ε

2180 2923 2531 2979 mulieribus.
2574 2923 2710 2991 Quis
2760 2925 3001 2980 atl‘eetus-
3028 2923 3135 2978 fuit
3185 2923 3364 2995 gloria
3410 2924 3560 2981 sicut
3610 2921 3778 2976 ludas

2182 3016 2328 3072 ﬁlius
2364 3016 2558 3082 Iacob,
2585 3017 2726 3072 adeo
2751 3026 2813 3073 ut
2838 3033 2873 3072 a
2905 3018 3017 3071 Deo
3044 3018 3116 3072 sit
3139 3018 3509 3071 constitutum
3539 3023 3604 3069 ut
3634 3022 3777 3070 esset

2182 3125 2281 3165 rex
2304 3110 2663 3165 Judaeorum?
2720 3110 2788 3164 Et
2835 3110 3034 3164 mulier
3089 3108 3357 3174 Thamar,
3400 3124 3467 3164 eo
3498 3108 3769 3177 decepto,

2181 3201 2367 3257 etfacit
2400 3211 2463 3257 ut
2495 3211 2607 3257 tota
2646 3201 2769 3272 ejus
2798 3202 2981 3256 tribus
3015 3210 3164 3257 esset
3212 3211 3349 3256 nata
3370 3216 3438 3256 ex
3470 3200 3775 3255 adulterio.

2181 3293 2255 3348 Et
2270 3308 2521 3363 quasnam
2546 3303 2677 3349 sunt
2694 3310 2774 3349 ea
2799 3293 3140 3364 adjutrices?
3172 3293 3357 3363 Longa
3379 3292 3552 3348 fuerit
3577 3292 3779 3356 oratio,

2181 3394 2241 3441 et
2266 3385 2431 3440 nobis
2473 3385 2745 3442 defecerit
2786 3396 2844 3441 et
2882 3395 3101 3455 tempus
3153 3396 3210 3440 et
3240 3385 3437 3440 charta
3480 3391 3541 3440 et
3583 3384 3779 3439 modus

2182 3478 2448 3534 narrandi
2487 3486 2625 3549 quot
2657 3489 2714 3534 et
2733 3479 2921 3550 qualia
2946 3495 3044 3550 per
3074 3489 3294 3551 gentem
3320 3478 3620 3534 femineam
3642 3477 3785 3533 ﬁunt

2184 3571 2243 3627 in
2277 3571 2485 3627 mundo
2526 3571 2597 3627 ab
2643 3571 2804 3627 initio
2832 3580 2890 3627 et
2930 3587 3111 3642 usque
3142 3572 3213 3627 ad
3241 3571 3779 3643 consummationem

2184 3664 2372 3719 θεουιὶ
2408 3664 2465 3719 in
2506 3663 2841 3735 patriarchis
2871 3674 2930 3720 et
2962 3664 3275 3735 prOphetis,
3326 3672 3384 3720 et
3420 3666 3571 3720 inter
3599 3665 3781 3734 priva-

2187 3762 2274 3812 tos
2311 3766 2370 3812 et
2394 3764 2585 3827 reges,’
2616 3765 2674 3812 et
2712 3756 2858 3812 inter
2889 3756 3083 3833 fideles
3133 3757 3394 3812 similiter
3423 3756 3780 3827 et‘gentiles,

2186 3859 2243 3907 et
2265 3850 2594 3906 Chaldaicas
2616 3858 2673 3906 et
2693 3850 3004 3924 Egyptias,
3036 3860 3101 3909 et:
3119 3850 3391 3920 Trojanas
3420 3857 3476 3905 et
3505 3849 3779 3913 beroicas,

2186 3948 2245 3996 et
2271 3940 2548 3996 Romanas
2579 3950 2774 4012 gentes
2811 3950 2868 3996 et
2900 3940 3153 3996 hostiles.
3218 3939 3277 3995 Si
3316 3948 3504 3995 autem
3545 3938 3784 4010 adjutrix

2187 4042 2277 4089 est
2315 4033 2533 4098 tundier,
2565 4033 2847 4104 quomodo
2883 4032 3024 4088 dicit
3067 4031 3355 4102 Scriptura
3421 4030 3569 4102 quod
3606 4032 3787 4084 vinum

2190 4132 2241 4178 et
2278 4125 2523 4181 mulieres
2557 4132 2811 4195 separant
2846 4142 2880 4180 α
2928 4124 3039 4179 Deo
3070 4125 3153 4179 ιη
3191 4124 3367 4192 Quam
3411 4124 3570 4179 multi
3612 4123 3781 4188 enim,

2188 4217 2280 4274 dic
2311 4219 2470 4284 mihi,
2500 4220 2675 4274 Deum
2699 4226 2972 4290 negarunt
2997 4227 3226 4288 propter
3254 4217 3550 4273 mulierem
3568 4216 3594 4270 ?
3624 4214 3778 4272 Unde

2189 4310 2358 4366 etiam
2390 4310 2674 4374 Salomon,
2709 4319 2770 4364 ut
2796 4310 2888 4381 qui
2957 4310 3031 4364 sit
3086 4316 3348 4380 expertus
3410 4308 3556 4363 mala
3590 4306 3781 4362 mulie—

2190 4404 2337 4467 bria,
2379 4403 2520 4459 dixit
2563 4421 2577 4458 :
2613 4404 2699 4459 Ea:
2727 4404 2898 4467 decies
2947 4400 3093 4456 mille
3141 4403 3271 4456 viris
3324 4402 3561 4456 invenies
3618 4414 3776 4455 unum

2189 4494 2433 4566 ﬁdelem,
2475 4511 2539 4549 ea:
2570 4494 2876 4550 mulieribus
2901 4502 3080 4548 autem
3120 4510 3226 4548 non
3267 4495 3506 4548 invenies
3528 4492 3597 4549 ⁸⁸.
3660 4492 3785 4547 Haec

503 4591 789 4655 animata),
816 4595 1095 4666 quomodo
1128 4611 1260 4667 ergo
1292 4597 1511 4663 mulier,
1545 4614 1668 4668 quae
1699 4598 1847 4663 facta,
1867 4609 1954 4657 es;
2014 4603 2084 4657 ad
2116 4588 2167 4643 Ι)
2187 4598 2373 4645 autem
2396 4588 2655 4652 dicimus,
2683 4603 2796 4642 non
2819 4595 3151 4642 accusantes
3179 4596 3438 4641 naturam
3477 4602 3666 4657 neque“
3689 4585 3783 4642 Dei

499 4684 603 4737 viri
642 4684 930 4751 auxilium,
990 4702 1101 4742 non
1149 4687 1290 4743 facta
1340 4698 1426 4744 est
1472 4690 1754 4761 adjutrix?
1791 4690 2084 4759 Quomodo

502 4786 709 4839 autem,
738 4786 946 4833 etcum
982 4778 1201 4835 sitviro
1226 4780 1581 4848 imbecillior,
1609 4790 1795 4853 potest
1822 4786 1946 4856 ejus
1959 4802 2084 4843 esse

502 4870 783 4940 adjutrix?
809 4868 890 4925 Ad
917 4870 1211 4935 auxilium,
1246 4888 1439 4929 rursus
1462 4873 1611 4939 dico,
1661 4874 1767 4928 viri
1819 4877 2084 4946 carnalis,

503 4962 749 5019 decrevit
773 4963 920 5019 Deus
954 4964 1025 5018 ab
1071 4964 1232 5019 initio
1284 4980 1407 5021 esse
1439 4966 1727 5021 mulierem
1771 4968 2081 5023 secundum

503 5071 750 5120 carnem,
810 5072 1093 5126 nunquam
1120 5057 1306 5112 studio
1365 5057 1536 5113 fuerit
1581 5056 1802 5113 mulieri
1831 5068 1928 5114 aut
1956 5059 2088 5116 odio

504 5150 711 5205 habere
756 5157 814 5204 et
837 5149 906 5203 ad
958 5151 1095 5205 iram
1132 5150 1437 5215 concitare,
1475 5159 1574 5204 aut
1622 5150 1884 5206 deserere
1927 5168 2092 5208 suum

433 5223 446 5234 ’
484 5241 728 5313 πγὶι-ιιηη
772 5256 1056 5311 nunquam
1110 5250 1407 5312 conspecta
1439 5242 1608 5297 fuerit
1649 5242 1854 5297 mulier
1897 5246 2083 5315 gravis

510 5342 607 5388 aut
635 5335 923 5401 improba;
954 5350 1238 5405 nunquam
1287 5336 1611 5406 apparuerit
1656 5337 1859 5391 mulier
1887 5338 2093 5394 marito

514 5443 617 5483 suo
651 5428 925 5494 insidiari,
957 5437 1016 5485 et
1057 5428 1262 5485 eadem
1298 5430 1419 5501 ejus
1443 5428 1661 5484 moliri!
1705 5428 1775 5483 Et
1810 5429 2094 5498 quomodo

516 5528 708 5574 contra
727 5518 983 5574 videmus
997 5520 1291 5574 mulierem
1318 5532 1441 5575 esse
1462 5519 1582 5575 viro
1608 5534 1719 5574 non
1742 5518 2093 5589 adiutricem,

517 5610 613 5666 sed
638 5609 823 5680 potius
852 5610 1251 5665 tentationem?
1278 5609 1415 5678 Quis
1442 5610 1614 5675 enim,
1673 5625 1829 5681 rogo,
1887 5625 2094 5666 accen-

521 5704 595 5757 dit
630 5713 688 5759 et
711 5703 1015 5760 inﬂammat
1043 5706 1316 5761 ﬂammam
1342 5703 1735 5777 generationis,
1804 5702 1912 5758 nisi
1965 5719 2095 5759 cor-

591 5887 630 5922 ³⁸
672 5888 825 5949 Gen.
863 5905 922 5956 tl,
959 5891 1039 5945 l8.
1118 5893 1163 5925 ³¹
1206 5890 1341 5947 Gen.
1383 5908 1562 5959 xxxuv,
1592 5893 1816 5961 passim.

1899 5893 1941 5927 ³³
1982 5892 2026 5947 ll
2086 5892 2221 5961 Reg.
2258 5907 2331 5954 ru,
2388 5903 2483 5955 xu,
2525 5903 2638 5941 xm.

2186 4691 2497 4737 creaturam
2520 4682 2675 4751 (sunt
2697 4680 2845 4736 enim
2870 4681 3056 4759 omnia
3078 4681 3222 4735 bona
3250 4696 3375 4749 qum
3399 4679 3541 4735 ﬁunt
3568 4696 3599 4735 a
3624 4678 3782 4751 Deo),

2187 4771 2283 4827 sed
2319 4770 2456 4826 illud
2501 4771 2770 4825 auxilium
2819 4772 3136 4840 quaerentes
3156 4769 3225 4825 de
3248 4785 3361 4840 quo
3398 4769 3538 4825 dixit
3587 4771 3783 4826 Deus:

2186 4862 2305 4919 Non
2344 4871 2421 4917 est
2455 4862 2649 4917 bonum
2704 4863 2971 4917 hominem
3018 4878 3128 4916 esse
3174 4862 3372 4930 solum,
3425 4863 3691 4934 faciamus
3742 4863 3787 4916 ei

2189 4957 2503 5026 adjutricem
2526 4957 2662 5009 sicut
2690 4956 2884 5026 ipsum.
2915 4954 2972 5010 Si
3006 4971 3140 5026 ergo
3187 4971 3299 5010 non
3314 4963 3408 5010 est
3433 4956 3646 5011 bonum
3684 4956 3782 5010 ho-

2194 5050 2401 5105 minem
2434 5064 2556 5105 esse
2587 5048 2787 5115 solum,
2827 5049 3128 5118 quomodo,
3178 5063 3304 5103 cum
3335 5050 3410 5105 sit
3451 5050 3624 5116 Deus,
3665 5049 3790 5106 fecit

2196 5143 2421 5213 aliquod
2459 5158 2600 5214 opus
2629 5158 2744 5197 non
2774 5142 3031 5197 bonum?
3071 5141 3361 5208 Quomodo
3399 5153 3588 5198 autem
3628 5143 3789 5213 paulo

2195 5247 2322 5292 ante
2349 5250 2570 5306 quoque
2600 5234 2814 5289 dictum
2839 5243 2925 5289 est
2951 5252 2963 5289 :
2991 5234 3063 5288 Et
3084 5233 3213 5288 vidit
3240 5234 3381 5289 Deus
3412 5234 3597 5291 omnia
3651 5248 3790 5308 qua:-

2197 5345 2402 5401 cunque
2428 5329 2568 5400 fecit,
2596 5336 2645 5381 et
2666 5344 2784 5382 ecce
2807 5327 2963 5382 valde
2983 5327 3152 5382 bona?
3167 5328 3459 5394 Quomodo
3486 5343 3620 5400 ergo
3643 5329 3791 5384 solus

2205 5421 2374 5477 homo
2396 5437 2507 5476 non
2532 5420 2755 5476 bonus?
2796 5419 3086 5487 Quomodo
3128 5428 3314 5476 autem
3341 5436 3494 5475 nunc
3528 5419 3667 5475 dicit
3707 5436 3793 5475 so-

2205 5517 2320 5572 lum
2360 5531 2481 5572 esse
2508 5515 2830 5570 hominem?
2862 5514 3097 5581 Quando
3122 5514 3271 5569 enim
3318 5514 3421 5569 fuit
3466 5514 3789 5574 fabricatus,

2206 5607 2522 5662 audivimus
2549 5604 2892 5674 Scriptorem
2932 5603 3206 5660 dicentem
3240 5619 3254 5655 :
3289 5601 3425 5656 Deus
3463 5602 3584 5671 fecit
3623 5600 3793 5653 homi-

2210 5718 2351 5765 nem,
2405 5699 2474 5754 ad
2507 5697 2605 5753 Dei
2650 5698 2939 5768 imaginem
2985 5697 3104 5766 fecit
3164 5697 3358 5766 ipsum,
3400 5693 3697 5759 masculum
3744 5700 3789 5745 et

2718 5886 2762 5919 ”
2784 5884 2953 5940 Eccli.
2986 5899 3095 5952 xix,
3135 5883 3189 5936 Ξ.
3270 5882 3313 5913 ³⁵
3347 5880 3535 5937 Ecclc.
3576 5892 3671 5946 vn,
3703 5874 3788 5930 29.
