4098 6428
233 354 369 420 993

1326 347 1410 411 IN
1453 347 2001 412 HEXAEMERON.
2031 376 2101 386 -
2134 350 2282 414 LIB.
2301 355 2388 414 IX

3413 351 3518 417 994

222 488 508 542 Feminam
559 481 680 553 fecit
711 497 816 548 eos,
864 491 913 536 et
941 480 1206 536 benedixit
1237 480 1508 546 ambobus,
1538 488 1595 535 et
1625 479 1834 535 consti-
1862 490 1908 547 Α
2007 483 2300 552 Quomodo
2347 495 2532 542 autem
2578 486 2632 542 ei
2680 486 2743 541 ﬁt
2793 484 3072 558 adiutrix,
3119 487 3272 542 audi.
3322 487 3515 544 Statim

222 579 361 633 tuit
389 581 485 632 eos
524 574 804 645 principes
827 573 1076 629 omnium
1103 587 1226 644 quae
1264 580 1396 628 sunt
1421 586 1588 642 super
1613 587 1834 628 omnem

235 679 490 725 terram.

317 765 386 820 Et
419 775 614 816 rursus
633 766 826 832 postea
848 757 1002 813 dedit
1022 756 1105 818 eis
1126 764 1459 828 praeceptum
1480 756 1536 810 in
1555 740 1848 827 paradiso,

223 868 300 912 ut
338 863 677 912 vescerentur
723 867 787 906 ea:
815 853 960 905 omni
989 850 1130 921 ligno
1163 866 1182 904 :
1212 849 1363 920 ligno
1392 858 1598 914 autem,
1633 847 1832 918 inquit,

228 944 620 1018 cognoscendi
664 943 868 998 bonum
915 949 973 998 et
1016 942 1220 996 malum
1276 957 1348 996 ne
1392 941 1716 1005 Vescamini,
1765 953 1836 994 ne

236 1037 588 1095 moriamini.
634 1037 766 1090 Post
794 1035 912 1090 haec
946 1033 1132 1090 omnia
1174 1033 1310 1088 dicit
1335 1047 1448 1088 non
1482 1048 1604 1088 esse
1627 1032 1834 1087 bonum

243 1132 532 1186 hominem
551 1143 672 1184 esse
709 1127 886 1182 solum
915 1145 929 1180 :
963 1125 1244 1180 Faciamus
1279 1127 1326 1182 ei
1355 1125 1675 1196 adiutricem
1701 1125 1837 1178 sicut

241 1223 442 1292 ipsum.
484 1218 633 1274 Dicis
667 1216 802 1270 mihi
844 1205 1028 1272 animo
1060 1217 1165 1270 hoc
1189 1231 1314 1270 esse
1357 1215 1744 1285 repetitionem
1778 1220 1838 1270 et

240 1318 308 1370 in
355 1327 626 1368 summam
676 1309 1058 1365 collectionem
1105 1323 1299 1365 eorum
1335 1323 1458 1380 qua:
1497 1308 1654 1378 prius
1688 1307 1837 1362 dicta

241 1414 436 1471 sunt;
460 1413 517 1460 et
550 1401 744 1458 Adami
776 1409 834 1458 et
861 1401 988 1457 Evm
1009 1402 1104 1472 qui
1135 1401 1247 1473 iam
1282 1399 1414 1456 facti
1445 1408 1604 1455 erant
1633 1399 1702 1453 ad
1735 1399 1835 1454 Dei

248 1499 582 1568 imaginem,
625 1495 883 1550 subtilior
930 1492 1196 1550 narratio.
1259 1494 1548 1550 Terribilis
1607 1493 1834 1566 quidem

249 1604 443 1644 sermo
477 1605 491 1642 :
540 1587 641 1641 Pro
683 1585 889 1642 Christo
923 1585 1074 1640 enim
1099 1593 1156 1641 et
1180 1585 1427 1641 Ecclesia
1459 1585 1651 1656 fungar
1695 1584 1842 1656 lega-

244 1683 400 1736 tione
449 1679 499 1713 ³⁶
541 1687 598 1734 et
641 1679 810 1750 justo.
851 1677 1157 1748 Oportebat
1203 1678 1350 1732 enim
1401 1677 1666 1732 adnotare
1713 1692 1839 1732 cum

1933 580 2086 634 enim
2128 579 2434 650 subiunxit,
2466 579 2656 634 dicens
2685 597 2697 633 :
2728 579 2801 634 Et
2859 577 3020 648 ﬁnxit
3052 581 3222 633 adhuc
3255 597 3318 634 ea:
3369 591 3515 636 terra

1933 665 2192 725 Dominus
2223 671 2364 725 Deus
2396 687 2575 726 omnes
2610 672 2800 726 bestias
2828 673 2966 742 agri,
2995 678 3044 724 et
3071 687 3250 724 omnes
3280 671 3515 727 volucres

1935 761 2051 816 caeli
2066 778 2086 828 ;
2108 770 2156 816 et
2191 779 2280 816 eas
2309 762 2531 817 adduxit
2555 765 2625 818 ad
2646 765 2932 824 Adamum,
2958 772 3018 816 ut
3045 765 3238 817 videret
3266 764 3516 832 quidnam

1934 861 2145 908 vocaret
2176 871 2260 908 ea.
2301 855 2373 910 Et
2421 871 2576 910 omne
2603 855 2740 926 quod
2787 857 2986 910 vocavit
3030 857 3142 926 ipse
3175 855 3345 908 Adam
3396 859 3515 910 ani-

1937 963 2082 1001 mam
2134 948 2410 1013 uiuentem,
2463 949 2558 1002 hoc
2604 957 2682 1002 est
2725 964 2914 1001 nomen
2961 963 3167 1011 earum,
3225 955 3274 1000 et
3317 952 3518 1005 vocavit

1936 1037 2109 1093 Adam
2139 1039 2355 1092 nomina
2384 1041 2624 1093 omnibus
2633 1041 2912 1108 jumentis,
2949 1047 2999 1091 et
3027 1039 3265 1093 omnibus
3291 1039 3519 1094 volucri-

1939 1127 2032 1182 bus
2065 1129 2200 1194 caeli,
2225 1138 2274 1183 et
2301 1132 2539 1184 omnibus
2578 1131 2752 1185 bestiis
2786 1132 2923 1202 agri.
2951 1132 3069 1186 Non
3092 1133 3309 1203 exigua,
3343 1149 3520 1202 neque

1937 1219 2076 1274 levis
2115 1231 2202 1276 est
2245 1221 2299 1274 in
2352 1220 2420 1276 iis
2466 1237 2589 1292 quae
2638 1230 2769 1276 sunt
2826 1222 3110 1292 proposita
3151 1224 3520 1280 contradictio

1939 1309 2086 1380 apud
2149 1311 2502 1380 interpretes.
2555 1311 2689 1366 Nam
2736 1311 2828 1366 alii
2885 1313 3109 1381 quidem
3158 1313 3350 1368 eadem
3403 1329 3540 1370 esse.

1940 1398 2134 1456 dicunt
2178 1401 2295 1456 haec
2339 1411 2396 1457 et
2444 1402 2619 1472 prima
2665 1403 2986 1468 animantia,
3014 1413 3072 1458 et
3103 1403 3310 1459 bestias
3340 1412 3398 1458 et
3429 1421 3511 1460 vo-

1939 1493 2142 1550 lucres.
2178 1494 2284 1550 Alii
2313 1506 2528 1561 autem,
2567 1497 2962 1552 convenienter
3011 1499 3061 1552 ei
3111 1499 3206 1569 qui
3248 1481 3430 1554 dicit:
3468 1499 3522 1555 SI

1941 1603 2046 1659 qua
2083 1589 2138 1642 in
2179 1583 2387 1643 Christo
2433 1605 2568 1644 nova
2607 1599 2855 1644 creatura
2897 1590 2966 1656 ³⁷,
3013 1590 3208 1645 dicunt
3255 1607 3355 1660 per
3405 1592 3524 1646 haec

1940 1680 2165 1751 praedici
2192 1680 2435 1736 secunda
2461 1691 2518 1736 et
2541 1680 2668 1745 alia,
2696 1695 2892 1750 nempe
2914 1679 3164 1735 diversas
3189 1691 3378 1750 gentes
3399 1697 3524 1751 qua:

249 1787 456 1844 magna
495 1779 552 1826 et
591 1769 863 1841 profunda
915 1769 1247 1836 attentione,
1292 1769 1441 1840 quod
1489 1785 1602 1824 non
1633 1769 1702 1824 de
1733 1784 1842 1824 una
1873 1833 1914 1844 ,δ
1943 1775 2001 1826 in
2029 1769 2273 1826 Ecclesia
2317 1777 2658 1842 congregatae
2687 1775 2820 1824 sunt
2851 1769 2918 1824 ad
2959 1769 3154 1825 Deum.
3187 1769 3246 1823 in
3284 1770 3388 1825 hac
3421 1785 3524 1824 au-

248 1865 442 1933 aliqua
485 1875 718 1933 persona
762 1859 898 1916 dicit
929 1859 1076 1914 Deus
1109 1877 1122 1912 :
1151 1857 1270 1914 Non
1299 1859 1490 1914 bonum
1526 1875 1637 1914 esse
1663 1859 1837 1922 homi-

256 1973 382 2012 nem
421 1970 530 2009 esse
577 1952 789 2018 solum;
831 1951 929 2008 sed
970 1951 1212 2006 uniendo
1241 1959 1298 2006 et
1321 1950 1840 2022 comprehendendo

257 2047 329 2103 de
363 2047 616 2102 universa
663 2052 861 2099 natura
885 2043 1196 2098 hominum.
1231 2041 1352 2098 Non
1391 2043 1537 2098 enim
1569 2041 1708 2098 dixit
1735 2041 1840 2114 hy-

255 2137 594 2210 postaticum
646 2142 744 2190 aut
789 2134 1082 2205 personale
1135 2135 1410 2206 singulare
1459 2151 1685 2200 nomen,
1739 2135 1834 2191 sed

255 2242 436 2288 totum
473 2245 642 2302 genus
679 2229 984 2282 humanum
1016 2226 1308 2298 signiﬁcat,
1343 2227 1536 2284 dicens
1568 2245 1582 2282 :
1614 2226 1735 2282 Non
1762 2233 1840 2282 est

249 2323 449 2376 bonum
485 2320 772 2383 hominem,
795 2333 907 2384 esse
943 2315 1139 2382 solum,
1173 2318 1432 2387 faciamus
1458 2317 1506 2372 ei
1537 2317 1841 2388 adjutorem

248 2417 392 2470 sicut
417 2415 594 2485 ipsum
615 2429 634 2467 :
658 2411 766 2466 hoc
790 2419 896 2476 est,
925 2417 1100 2465 totum
1139 2392 1371 2474 homini,
1413 2418 1588 2464 totum
1621 2409 1834 2480 generi,

260 2517 448 2568 totum
471 2515 682 2560 naturae
706 2503 981 2558 humanae.
1005 2501 1174 2572 quue
1198 2511 1284 2556 est
1307 2501 1436 2556 hinc
1463 2501 1836 2572 perspicuum.

263 2598 500 2665 Quando
535 2596 678 2651 enim
710 2594 930 2650 volebat
969 2593 1152 2648 facere
1203 2592 1496 2656 diluvium,
1545 2592 1839 2648 audiamus

263 2690 608 2760 Scripturam
653 2687 925 2742 dicentem
975 2704 988 2740 :
1039 2687 1108 2742 Et
1161 2686 1400 2755 paenituit
1451 2685 1621 2738 Deum
1663 2685 1842 2755 fecisse

252 2781 564 2847 hominem,
611 2781 716 2836 hoc
753 2791 858 2845 est,
895 2787 1070 2834 totum
1117 2793 1312 2850 genus.
1355 2779 1424 2833 Et
1465 2793 1698 2832 rursus:
1735 2775 1841 2830 De-

253 2868 376 2926 tebo
412 2871 676 2926 hominem
709 2886 864 2941 quem
905 2870 1023 2940 feci.
1070 2869 1139 2924 Et
1179 2884 1415 2923 rursus:
1458 2865 1728 2922 Inclinato
1764 2874 1844 2922 est

255 2960 488 3015 hominis
529 2959 779 3028 cogitatio
825 2958 896 3013 ad
929 2957 1098 3013 mala.
1128 2957 1417 3025 Quomodo
1459 2973 1593 3028 ergo
1635 2955 1843 3013 eaedem

253 3065 428 3107 voces
471 3059 602 3107 sunt
629 3052 699 3106 de
740 3059 856 3106 toto
887 3065 1089 3122 genere
1117 3051 1382 3114 humano,
1423 3049 1499 3104 ita
1548 3048 1716 3104 etiam
1749 3049 1844 3104 illa

252 3160 384 3215 qua:
401 3143 537 3198 dicit
557 3163 569 3198 :
587 3143 707 3198 Non
733 3134 926 3197 bonum
955 3150 1032 3196 est
1059 3142 1322 3196 hominem
1344 3158 1454 3196 esse
1470 3141 1672 3209 solum;
1695 3141 1844 3199 dicta

253 3245 346 3293 est
377 3237 432 3291 in
455 3237 778 3298 universum
802 3235 1082 3291 hominem
1103 3233 1412 3290 :Faciamus
1449 3235 1496 3288 ei
1531 3235 1849 3306 adjutricem

249 3333 393 3386 sicut
422 3332 618 3400 ipsum.
658 3331 871 3384 Rursus
913 3329 1183 3383 adhortor
1229 3327 1484 3384 Judmum
1511 3335 1570 3383 et
1594 3326 1846 3384 Graecum

255 3437 362 3476 seu
409 3423 673 3494 gentilem
717 3429 780 3475 nt
823 3429 1035 3492 quaerat
1080 3429 1138 3475 et
1184 3420 1468 3491 possideat
1501 3421 1652 3476 illam
1685 3421 1846 3491 adju-

257 3516 460 3570 tricem
509 3529 676 3585 quam
723 3514 872 3570 Deus
918 3513 1054 3571 fecit
1091 3513 1160 3568 ad
1205 3512 1486 3568 ferendam
1539 3529 1701 3584 opem
1745 3513 1848 3570 toti

257 3607 458 3678 generi
481 3606 772 3661 hominum
792 3623 806 3660 :
826 3605 1156 3678 adiutricem
1177 3621 1290 3662 non
1313 3606 1498 3662 carnis
1516 3613 1574 3662 et
1591 3606 1848 3676 volupta-

262 3699 358 3764 tis,
394 3714 510 3754 non
557 3698 784 3754 seminis
814 3706 871 3753 et
903 3697 1220 3769 sanguinis;
1259 3697 1586 3770 adiutricem
1625 3706 1684 3752 et
1709 3713 1846 3757 con-

255 3793 473 3863 iugem,
517 3798 575 3846 et
633 3805 756 3860 quae
803 3805 1154 3860 nequaquam
1207 3789 1314 3845 fuit
1358 3790 1694 3858 insidiatrix,
1751 3789 1850 3846 sed

258 3882 550 3947 salutaris,
602 3881 700 3936 sed
748 3881 1148 3948 conservatrix,
1211 3881 1310 3938 sed
1360 3881 1701 3949 illuminans,
1749 3881 1848 3937 sed

261 3974 556 4039 benevola,
583 3981 804 4044 peccata
834 3989 1093 4045 purgans,
1119 3990 1229 4028 non
1271 3973 1501 4040 faciens,
1529 3975 1586 4029 in
1620 3991 1868 4045 regnum.

258 4063 364 4120 Dei
398 4063 781 4126 introducens,
831 4079 940 4118 non
967 4079 1034 4119 ex
1077 4079 1146 4119 eo
1183 4065 1485 4134 expellens,
1521 4065 1850 4135 adiutricem

259 4170 397 4224 quae
438 4154 586 4224 parit
632 4153 776 4210 ﬁlios
815 4155 944 4209 vitae
994 4161 1052 4209 et
1112 4153 1363 4210 haeredes
1410 4155 1540 4210 vitae
1585 4164 1848 4225 antemna;

259 4245 597 4317 adiutricem
627 4261 752 4316 quae
783 4260 1012 4316 magnos
1049 4243 1216 4300 eﬁicit
1265 4247 1565 4314 apostolos,
1611 4255 1670 4302 et
1713 4245 1850 4302 facit

259 4337 597 4411 publicanos
637 4337 1003 4409 evangelistas
1032 4337 1337 4409 theologos,
1387 4337 1682 4409 redditque
1731 4354 1852 4395 me-

262 4431 504 4488 retrices
542 4429 855 4502 virginibus
897 4429 1278 4497 honestiores;
1332 4430 1662 4502 adiutricem
1729 4447 1852 4503 qua:

1873 3185 1916 3244 C

1949 1873 2060 1920 tem
2091 1861 2368 1918 sententia
2396 1871 2482 1917 est
2518 1861 2687 1917 etiam
2720 1861 2814 1916 ille
2843 1861 2898 1916 in
2933 1860 3209 1932 theologia
3231 1859 3528 1916 celeberri-

1946 1969 2070 2008 mus
2097 1953 2428 2008 Eustachius
2453 1952 2811 2008 concionator
2841 1959 2898 2006 et
2925 1961 3156 2023 martyr,
3191 1961 3247 2006 et
3277 1967 3528 2010 summus

1947 2044 2138 2100 doctor
2169 2043 2362 2116 synodi
2389 2042 2642 2108 Nicaenae,
2677 2043 2768 2098 cui
2797 2057 2966 2113 pareo
2997 2051 3052 2097 et
3095 2057 3258 2112 quem
3292 2058 3529 2112 sequor,

1946 2143 2008 2191 ut
2037 2152 2067 2191 a
2099 2137 2214 2191 Deo
2245 2135 2483 2190 amatum
2517 2147 2848 2192 curatorem.
2895 2133 3083 2190 Multis
3098 2135 3260 2210 enim
3307 2135 3488 2192 modis
3509 2175 3528 2202 ,

1945 2231 2027 2286 ait
2059 2229 2152 2286 ille
2191 2229 2376 2295 Pater,
2413 2228 2656 2284 discerni
2706 2237 2888 2299 potest
2917 2228 3116 2283 horum
3163 2228 3530 2286 animantium

1945 2331 2005 2378 et
2037 2323 2324 2378 volucrum
2360 2321 2673 2377 diﬁ‘erentia
2711 2331 2767 2376 et
2815 2321 3230 2376 dissimilitudo.
3275 2321 3530 2377 Primum

1944 2430 2046 2486 per
2076 2415 2201 2480 hoc,
2230 2415 2377 2484 qudd
2411 2413 2550 2468 dixit
2587 2433 2600 2468 :
2632 2413 2702 2468 Et
2721 2413 2878 2481 finxit
2905 2413 3160 2467 Dominus
3186 2413 3326 2467 Deus
3357 2415 3530 2468 adhuc

1946 2523 2010 2562 ea:
2034 2515 2198 2562 terra.
2222 2507 2342 2562 Non
2359 2507 2506 2562 enim
2530 2507 2842 2562 invenimus
2861 2506 2957 2561 Dei
2979 2507 3184 2576 plasma
3207 2507 3272 2560 ad
3299 2506 3530 2576 ﬁgmen-

1948 2607 2066 2652 tum
2097 2597 2204 2650 nisi
2237 2597 2538 2650 hominem.
2573 2595 2788 2650 Rursus
2808 2610 2908 2664 per
2940 2594 3046 2649 hoc
3075 2595 3223 2664 quod
3245 2595 3410 2666 90h.
3443 2595 3534 2650 di-

1947 2688 2294 2754 citzAdhuc,
2329 2687 2572 2744 ostendit
2607 2686 2916 2756 Scriptura,
2967 2687 3216 2757 quaedam
3272 2687 3363 2742 hic
3425 2689 3536 2746 alia

1947 2781 2167 2852 praedici
2217 2781 2514 2836 animantia
2554 2788 2611 2835 et
2634 2779 2890 2834 volucres
2935 2789 3136 2850 praeter
3165 2780 3372 2850 priora.
3413 2780 3544 2856 Nmt

1947 2873 2095 2929 enim
2141 2873 2405 2942 scriptum
2459 2881 2546 2927 est
2591 2870 2797 2942 primas
2837 2871 3092 2926 volucres
3141 2871 3355 2941 genitas
3407 2887 3534 2928 esse

1949 2981 2018 3021 ex
2064 2975 2233 3032 terra,
2287 2965 2384 3021 sed
2431 2980 2500 3020 ex
2550 2965 2728 3036 aquis.
2785 2963 2878 3018 Hae
2909 2973 3094 3019 autem
3139 2963 3338 3036 genita:
3402 2975 3538 3022 sunt

1949 3072 2018 3113 ex
2063 3064 2232 3120 terra,
2257 3055 2370 3110 imo
2391 3069 2524 3110 vero
2545 3069 2712 3123 manu
2735 3053 2958 3123 propria
2992 3052 3133 3108 ﬁctae
3156 3061 3287 3107 sunt
3319 3069 3350 3107 a
3383 3054 3498 3109 Deo
3517 3095 3536 3122 ,

1950 3156 2008 3202 et
2043 3161 2156 3202 non
2195 3147 2376 3218 jussu.
2413 3144 2680 3200 Similiter
2709 3151 2767 3198 et
2801 3159 2900 3213 per
2932 3144 3038 3198 hoc
3057 3145 3204 3214 quod
3239 3144 3378 3198 dicit
3420 3160 3542 3199 om-

1952 3253 2054 3294 nes
2077 3239 2356 3302 volucres,
2402 3245 2460 3292 et
2485 3251 2678 3292 omnes
2721 3235 2931 3290 bestias
2978 3251 3127 3292 nunc
3169 3252 3198 3290 a
3248 3236 3364 3291 Deo
3413 3251 3537 3292 esse

1953 3329 2131 3397 ﬁctas,
2176 3344 2288 3386 non
2345 3329 2439 3384 dat
2469 3329 2652 3412 locum
2681 3325 2900 3382 dicendi
2931 3327 3080 3397 quod
3124 3328 3280 3398 prius
3309 3327 3536 3398 quidem

1953 3421 2112 3476 factae
2137 3428 2286 3485 sunt,
2322 3435 2473 3475 nunc
2499 3428 2682 3474 autem
2721 3435 2869 3490 pars.
2899 3419 3055 3476 Unde
3087 3435 3190 3474 nec
3236 3421 3291 3474 in
3331 3420 3420 3474 his
3456 3419 3540 3476 eis

1953 3512 2256 3583 quidquam
2287 3511 2538 3582 prazcipit
2555 3512 2700 3566 Deus
2720 3510 2790 3566 de
2814 3526 2913 3566 esu
2936 3511 3231 3566 seminum.
3253 3511 3388 3566 Nam
3414 3527 3539 3582 qua

1955 3603 2348 3678 ingrediuntur
2407 3603 2722 3675 paradisum
2769 3603 2997 3658 herbam
3056 3619 3168 3658 non
3215 3604 3539 3668 comedunt,

1955 3695 2054 3752 sed
2095 3709 2260 3750 omne
2304 3693 2512 3764 lignum
2543 3692 2836 3764 pulchrum
2864 3693 2933 3746 ad
2981 3691 3302 3756 videndum,
3345 3701 3405 3746 et
3435 3691 3541 3749 bo~

1957 3801 2090 3842 num
2127 3785 2198 3840 ad
2239 3785 2638 3840 comedendum
2673 3803 2686 3837 :
2731 3792 2789 3838 et
2823 3783 3060 3838 maxime
3089 3799 3158 3838 ex
3196 3783 3346 3854 ligno
3388 3785 3541 3851 vitae,

1955 3895 2157 3950 nempe
2179 3877 2418 3944 Christo,
2435 3877 2528 3948 qui
2557 3878 2676 3932 haec
2699 3892 2918 3947 quoque
2947 3874 3191 3930 viviﬁcat
3213 3875 3538 3932 animantia.

1957 3973 2140 4040 Quare
2189 3970 2300 4026 dici
2367 3978 2550 4040 potest
2599 3969 2748 4040 quod
2797 3967 2882 4022 hae
2936 3967 3126 4022 bestiae
3166 3977 3296 4022 sunt
3346 3976 3540 4038 gentes

1957 4063 2370 4128 ecclesiasticae,
2425 4077 2550 4132 qua:
2601 4061 2659 4116 in
2717 4059 2966 4116 Ecclesia
3017 4075 3047 4114 a
3088 4061 3201 4114 Deo
3247 4069 3376 4114 sunt
3410 4076 3544 4114 con-

1958 4163 2226 4226 gregatae;
2253 4155 2340 4208 vel
2369 4153 2516 4224 quod
2542 4167 2810 4222 equorum
2845 4159 2900 4206 et
2921 4165 3082 4206 suum
3116 4157 3172 4204 et
3203 4151 3541 4205 camelorum

1958 4256 2016 4302 et
2061 4246 2247 4302 ovium
2307 4245 2584 4300 stabulum
2639 4243 2806 4298 hodie
2856 4251 2942 4298 est
2991 4241 3302 4312 paradisus.
3350 4241 3540 4312 Neque

1958 4338 2314 4394 contenderis
2342 4355 2355 4390 :
2381 4352 2506 4391 nam
2531 4345 2594 4390 ut
2613 4334 2848 4389 maxime
2867 4331 3188 4396 contendas,
3219 4349 3328 4386 non
3351 4343 3542 4387 osten-

1959 4430 2110 4486 deris
2153 4429 2302 4500 quod
2345 4443 2410 4483 ea
2453 4427 2710 4482 animalia
2757 4439 2976 4496 egressa
3019 4431 3148 4478 sunt
3187 4439 3218 4478 e
3251 4423 3540 4492 paradiso,

259 4521 516 4579 viviﬁcat
559 4529 830 4588 mortuos,
859 4530 917 4576 et
960 4523 1153 4578 orbem
1181 4533 1344 4578 terrae
1371 4522 1577 4578 excitat
1601 4539 1670 4578 ex
1703 4539 1853 4578 mor-
1883 4543 1926 4598 ι)
1959 4537 2028 4576 ex
2066 4537 2178 4591 quo
2221 4520 2312 4575 die
2338 4535 2401 4574 ea
2445 4517 2753 4574 introduxit
2777 4523 2834 4571 et
2855 4514 3210 4585 congregavit
3249 4513 3538 4568 Dominus.

264 4613 572 4670 tiﬁcatione
607 4613 964 4680 idololatriae;
1012 4613 1340 4684 adiutricem
1373 4613 1660 4679 invictam,
1690 4614 1852 4685 adiu-

263 4705 471 4760 tricem
512 4704 1025 4776 inexpugnabilem,
1075 4703 1405 4776 adiutricem
1453 4706 1720 4762 certando
1763 4706 1852 4760 in-

267 4794 646 4866 superabilem
687 4801 747 4851 et
799 4795 1112 4850 infractam.
1163 4793 1360 4850 Omnia
1422 4811 1612 4866 regna,
1661 4811 1855 4852 omnes

272 4887 593 4960 progenies,
625 4901 822 4942 omnes
843 4886 1044 4953 tribus,
1073 4893 1132 4942 et
1158 4901 1352 4942 omnes
1377 4887 1580 4958 linguae
1605 4887 1851 4957 gentium

270 4980 347 5034 ab
369 4993 433 5032 ea
463 4986 594 5032 sunt
617 4983 870 5032 servatae.
895 4975 1017 5044 Ipsa
1041 4973 1288 5044 iacentes
1311 4975 1508 5038 erexit,
1542 4973 1660 5043 ipsa
1690 4985 1824 5028 cura
1850 5002 1856 5008 δ

273 5074 358 5125 vit
389 5069 666 5134 inﬁrmos,
691 5069 809 5138 ipsa
839 5067 1112 5122 recreavit
1157 5075 1492 5122 creaturam.
1525 5063 1595 5120 Et
1625 5064 1750 5120 ideo
1788 5062 1858 5118 de

274 5163 396 5229 ipsa
422 5165 555 5218 dixit
583 5161 852 5218 Dominus
877 5160 1044 5224 Deus,
1069 5159 1136 5215 de
1154 5159 1426 5225 Ecclesia,
1455 5159 1676 5229 inquam
1703 5155 1861 5214 :Non

275 5268 358 5315 est
377 5257 572 5314 bonum
604 5257 869 5312 frontiue":
899 5271 1013 5310 esse
1031 5253 1226 5312 solum.
1264 5256 1327 5309 Et
1349 5263 1642 5325 propterea
1659 5253 1710 5310 ei
1733 5253 1859 5307 uni-

279 5363 372 5407 tus
405 5361 494 5408 est
539 5350 684 5406 Deus
715 5347 983 5413 Verbum.
1033 5357 1091 5404 ut
1121 5363 1230 5404 non
1286 5351 1359 5404 sit
1406 5344 1642 5419 amplius
1690 5347 1860 5403 homo

277 5446 461 5512 solus,
489 5443 587 5500 sed
612 5458 735 5499 cum
753 5441 870 5498 Deo
891 5451 1060 5502 totus.
1084 5456 1194 5496 non
1217 5441 1396 5496 solum
1419 5440 1476 5496 in
1501 5455 1607 5496 una
1638 5439 1859 5508 quidem

279 5537 596 5610 hypostasi,
629 5536 727 5592 sed
756 5535 922 5591 etiam
957 5533 1177 5606 quando
1209 5533 1261 5588 ei
1299 5547 1398 5604 per
1427 5532 1691 5588 virtutem
1739 5529 1864 5586 uni-

279 5639 396 5686 tur.
424 5627 720 5684 Faciamus
752 5627 800 5682 ei
836 5627 1160 5696 adiutricem
1190 5626 1332 5682 sicut
1362 5625 1564 5696 ipsum.

1953 4612 2023 4668 Et
2051 4612 2097 4667 si
2128 4611 2362 4666 haberes
2389 4611 2598 4672 oculos,
2629 4617 2686 4663 et
2705 4622 2816 4661 non
2842 4605 3162 4676 impositum
3184 4615 3330 4660 esset
3360 4605 3542 4659 velum

1953 4704 2276 4774 ignorantia:
2317 4717 2485 4772 super
2530 4700 2748 4763 faciem,
2799 4697 3042 4760 videres,
3077 4697 3126 4751 si
3173 4696 3364 4758 velles,
3410 4710 3546 4750 con-

1953 4806 2206 4866 gregatas
2232 4794 2332 4850 has
2358 4793 2564 4849 bestias
2589 4792 2703 4862 agri
2728 4788 3067 4844 unanimiter
3090 4788 3158 4842 ad
3195 4787 3542 4857 spiritualem

1955 4887 2228 4942 Adamum
2285 4899 2314 4938 a
2343 4883 2457 4938 Deo
2511 4898 2632 4937 esse
2670 4881 3034 4944 introductos,
3066 4894 3188 4949 quae
3242 4878 3374 4932 olim
3418 4877 3544 4947 qui-

1955 4977 2081 5032 dem
2108 4976 2212 5032 fuit
2232 4976 2425 5039 leaena,
2459 4972 2789 5038 Chaldaeam,
2820 4987 2942 5042 qure
2969 4971 3099 5026 olim
3135 4984 3268 5025 vero
3295 4968 3498 5038 pardus
3519 5007 3538 5035 ,

1954 5068 2348 5124 Macedoniam.
2377 5067 2486 5121 Has
2513 5066 2660 5122 enim
2685 5065 2782 5120 tibi
2805 5063 3010 5120 bestias
3035 5061 3328 5133 appellavit
3371 5061 3538 5116 etiam

1955 5160 2150 5217 Daniel
2187 5160 2254 5214 ⁸⁸.
2307 5158 2423 5214 Nec
2457 5159 2558 5212 bas
2582 5158 2786 5224 solum,
2839 5156 2933 5212 sed
2987 5157 3156 5211 etiam
3213 5153 3539 5219 elephantes

1955 5252 2266 5323 Ethiopes,
2299 5261 2357 5307 et
2389 5251 2660 5317 dracones
2689 5249 3009 5315 Thebaidis,
3035 5257 3092 5303 et
3119 5247 3338 5317 aspides
3368 5245 3530 5318 Egy-

1955 5345 2059 5416 pti,
2109 5354 2166 5400 et
2206 5345 2396 5400 leones
2424 5343 2738 5412 Babylonis,
2764 5351 2822 5396 et
2849 5341 3010 5412 lupos
3031 5339 3267 5406 Arabiae,
3307 5349 3365 5394 et
3391 5349 3542 5393 stru-

1957 5437 2316 5492 thiocamelos
2339 5443 2396 5492 et
2417 5449 2652 5506 onagros
2689 5433 2980 5506 Cyrenaeas
3012 5449 3026 5486 :
3063 5432 3146 5487 lia:
3177 5446 3368 5488 omnes
3412 5437 3539 5486 sunt

1957 5542 2106 5582 unus
2127 5541 2258 5597 grex
2287 5525 2587 5581 bestiarum
2610 5539 2733 5594 qua:
2761 5522 2990 5578 aluntur
3035 5519 3090 5574 in
3141 5520 3256 5590 ipsa
3292 5516 3536 5574 Ecclesia

1956 5618 2249 5692 adiutrice.
2271 5618 2348 5674 De
2378 5625 2580 5672 caetero
2611 5615 2818 5686 aspice,
2851 5615 3060 5682 Judtee,
3093 5611 3392 5678 etvide,et
3420 5608 3535 5666 noli

343 5773 395 5810 ³⁸
410 5775 458 5832 ll
485 5773 614 5832 Cor.
646 5791 703 5842 v,
727 5775 831 5842 20;
862 5775 1063 5847 Ephes.
1105 5791 1178 5844 v1,
1211 5777 1301 5833 20.
1378 5775 1419 5808 ⁸⁷
1459 5775 1504 5830 ll
1543 5773 1673 5830 Cor.
1699 5791 1755 5845 v,
1804 5775 1892 5830 l7.
1967 5775 2012 5809 ⁸⁸
2053 5775 2187 5830 Dan.
2230 5790 2323 5842 vn,
2359 5773 2583 5845 passim.
