4098 6432
647 315 756 382 995

1857 318 1920 377 s.
1961 310 2360 377 ANASTASII
2399 309 2722 372 SINAJTA:
3819 325 3902 392 ωε

646 434 920 500 perpetuo
962 428 1241 483 caecutire.
1293 427 1555 500 Ingresso:
1579 426 1756 481 bestiae
1787 425 1880 480 sub
1917 431 2112 477 tectum
2157 421 2224 485 ",
2258 431 2300 480 A
2329 416 2454 471 dem
2479 416 2748 488 scriptum
2776 423 2861 473 est
2887 433 2900 471 :
2933 415 3213 474 Faciamus
3239 421 3522 477 hominem
3547 426 3622 480 ad
3649 429 3901 505 imaginem

649 527 710 575 ut
737 519 873 575 dicit
907 519 1012 575 Job
1048 537 1059 572 :
1105 519 1365 590 lngressce
1399 529 1544 586 sunt,
1590 530 1637 574 et
1675 535 1775 573 non
1825 527 1949 571 sunt
1983 530 2221 586 egressae.

645 610 904 681 Agrestes
950 609 1099 664 enim
1131 609 1260 664 ferae
1294 625 1488 680 pacem
1527 617 1787 688 egerunt,
1818 608 1930 662 Deo
1962 606 2220 661 dicente:

647 701 963 755 Benedicent
1015 717 1098 754 me
1130 717 1308 758 omnes
1349 702 1524 755 bestia:
1569 701 1706 772 agri,
1753 701 1951 754 sirenes
2003 706 2050 752 et
2093 697 2225 766 ﬁlia:

642 793 1198 850 strutltiocamelorum
1259 793 1337 847 δοῖ
1387 792 1649 864 quoniam
1696 807 1830 846 meae
1879 799 2008 845 sunt
2030 805 2224 845 omnes

644 886 833 941 bestiae
853 893 999 957 ‘agrt,
1029 894 1084 951 et
1108 901 1300 941 omnes
1331 886 1584 942 volucres
1613 884 1738 940 οωΙὶ
1759 883 2010 953 ".Aperi
2057 898 2224 945 aures

645 987 784 1042 tuas,
826 986 885 1034 et
934 995 1004 1033 ne
1035 979 1110 1033 sis
1146 979 1348 1033 surdus
1391 977 1533 1033 sicut
1563 978 1731 1048 aSpis,
1757 994 1876 1048 qua:
1909 993 2020 1032 non
2049 992 2220 1032 exau-

640 1069 758 1124 diet
785 1083 977 1124 vocem
1019 1069 1354 1125 incantantis
1383 1070 1448 1124 “.
1481 1071 1688 1134 Bestia,
1721 1071 1828 1125 hoc
1862 1069 1960 1125 tibi
2000 1069 2218 1141 loquor.

641 1159 842 1222 Bestia,
875 1160 975 1214 tibi
999 1175 1164 1214 cano.
1195 1161 1396 1226 Bestia,
1427 1161 1552 1215 volo
1585 1169 1636 1215 te
1671 1161 1753 1234 (ut
1783 1161 1859 1216 sis
1891 1163 2032 1229 ovis)
2063 1176 2220 1216 man-

639 1251 940 1318 suefacere,
978 1262 1034 1308 et
1062 1253 1173 1307 Deo
1211 1269 1556 1308 consecrare.
1592 1255 1792 1309 Annon
1825 1264 1876 1308 te
1903 1253 2093 1324 pudet,
2131 1253 2222 1310 dic

637 1360 790 1417 rogo,
833 1345 977 1415 quod
1024 1346 1260 1414 leonem,
1297 1347 1626 1414 etlezenam,
1661 1355 1717 1402 et
1751 1363 1962 1412 ursum,
2009 1356 2066 1416 et
2089 1363 2218 1418 par-
2241 1365 2262 1423 ρ

633 1435 788 1501 dum,
839 1447 896 1491 ct
926 1437 1244 1503 draconem,
1277 1445 1334 1493 et
1377 1438 1646 1508 aspidem,
1679 1446 1736 1492 et
1785 1438 1976 1508 lupum
2001 1446 2058 1493 et
2088 1453 2222 1492 ona-

632 1541 791 1596 grum
827 1526 1134 1582 introduxit
1164 1529 1219 1582 in
1257 1530 1576 1598 paradisum
1604 1531 1888 1614 Ecclesiae,
1918 1540 1977 1586 ut
2003 1525 2254 1631 aleren-j

634 1624 741 1680 tur,
766 1626 822 1671 et
845 1616 1186 1683 fruerentur,
1216 1627 1274 1674 et
1320 1635 1380 1674 se
1415 1608 1705 1690 explerent
1729 1619 1947 1678 deliciis
1971 1636 2039 1675 ex
2067 1619 2218 1675 omni
2243 1608 2252 1631 ¹
2293 1673 2301 1680 .

630 1706 781 1778 ligno
802 1706 1055 1776 pulchro,
1081 1715 1138 1760 et
1162 1709 1504 1774 laetarentur,
1531 1719 1588 1765 et
1615 1694 1952 1766 satiarentiir
1974 1728 2042 1767 ex
2066 1712 2210 1783 ligno

2320 1698 2589 1766 radisum,
2615 1710 2672 1756 et
2695 1701 2970 1774 lignorum
2995 1703 3426 1774 plantationem.
3470 1707 3704 1776 Quando
3731 1719 3877 1768 autem

2331 517 2603 576 nostram;
2645 509 2752 563 hoc
2781 517 2888 574 est,
2918 523 2987 564 ex
3015 513 3292 567 communi
3327 529 3623 572 consensu
3647 521 3901 590 plenitudo

2327 599 2620 655 Trinitatis
2641 601 2778 656 dicit
2803 601 2938 656 illud
2964 602 3294 660 :Faciamus.
3333 607 3624 666 Similiter
3655 613 3743 670 hic
3763 617 3898 679 dicit:

2324 693 2444 749 Non
2481 693 2674 748 bonum
2719 703 2792 748 est
2864 697 3130 751 hominem
3166 715 3274 754 esse
3317 700 3536 768 solum,
3581 703 3834 773 faciamus
3867 723 3902 770 ei

2329 786 2648 856 adjutricem
2677 787 2810 842 sicut
2832 783 3004 859 ipsum
3025 805 3042 845 :
3060 789 3167 846 hoc
3186 800 3288 858 est,
3321 808 3355 847 a
3384 793 3504 849 Deo
3531 795 3758 856 factum.
3781 804 3900 870 Quo-

2327 881 2474 934 niam
2507 888 2693 934 autem
2726 879 2798 936 sit
2820 880 2936 936 haec
2965 896 2996 937 a
3031 882 3144 937 Deo
3169 883 3294 939 ﬁcta
3333 885 3618 956 adjutrix,
3643 892 3768 946 audi
3795 891 3814 948 Ξ
3847 898 3899 952 Et

2322 965 2482 1040 ﬁnxit
2532 965 2792 1021 Dominus
2831 967 2972 1023 Deus
3016 970 3186 1024 adhuc
3217 988 3280 1027 ea:
3322 981 3482 1030 terra
3527 993 3713 1034 omnes
3737 984 3897 1042 bestias

2324 1059 2464 1128 agri,
2504 1067 2553 1112 et
2579 1075 2757 1113 omnes
2786 1059 3020 1116 volucres
3052 1061 3187 1117 caeli.
3224 1063 3357 1120 Haec
3388 1074 3481 1120 est
3515 1071 3779 1140 adjutrix,
3808 1077 3896 1132 haec

2321 1159 2407 1204 est
2442 1165 2592 1222 grex,
2627 1151 2745 1207 haec
2778 1160 2864 1208 est
2900 1162 3088 1210 nostra
3125 1155 3376 1213 ferarum
3421 1163 3732 1222 animantia
3769 1169 3894 1240 adju-

2325 1240 2430 1294 trix
2461 1241 2908 1310 Ecclesia.Nam,
2945 1245 3089 1302 sicut
3117 1247 3257 1304 dixit
3285 1249 3448 1306 Deus
3479 1251 3793 1314 :Faciamus
3817 1263 3889 1315 lao-

2322 1332 2479 1386 minis
2507 1332 2842 1402 adjutricem,
2865 1336 3050 1392 statim
3075 1335 3242 1392 etiam
3271 1339 3570 1410 ejusmodi
3598 1345 3884 1416 adjutricem

2320 1438 2352 1477 a
2386 1423 2499 1479 Deo
2537 1423 2716 1480 [ictam
2739 1428 3052 1484 constituit.
3081 1430 3147 1486 Et
3169 1433 3402 1502 quando
3426 1450 3460 1488 e
3501 1443 3655 1495 terra
3679 1443 3885 1510 genitum

2321 1514 2546 1584 quidem
2568 1516 2702 1573 facit
2732 1518 3037 1587 hominem,
3072 1536 3104 1576 e
3129 1531 3276 1576 terra
3298 1525 3559 1594 genitus,
3588 1536 3647 1582 et
3677 1529 3880 1599 ejusdem

2321 1608 2482 1662 simul
2531 1609 2688 1682 cujus
2735 1611 2853 1680 ipse
2893 1621 2981 1667 est
3009 1613 3264 1670 essentia:
3300 1615 3629 1674 Ecclesium
3660 1617 3782 1675 dicit
3809 1638 3881 1691 pa-

629 1797 758 1853 vi”;
789 1816 802 1852 ε
851 1809 909 1854 ει
943 1800 1148 1854 stetisti
1195 1817 1322 1855 cum
1359 1802 1513 1870 feris,
1538 1819 1664 1858 cum
1711 1804 1786 1859 sis
1815 1804 1911 1858 Dei
1942 1805 2082 1869 ονίε,
2119 1782 2214 1876 φῖ
2249 1782 2288 1836 Β
2317 1797 2470 1844 creat
2492 1806 2556 1846 ac
2571 1791 2876 1848 fabricatur
2898 1810 3018 1850 eam
3041 1812 3163 1866 quae
3187 1795 3406 1852 dicitur
3423 1798 3563 1863 vita,
3583 1800 3876 1871 ﬁngitetiam

629 1889 784 1946 fuisti
829 1891 1131 1962 aliquando
1172 1911 1469 1966 germanus
1510 1897 1961 1970 primogenitus?
2015 1897 2213 1953 Bestiae

627 1991 762 2036 sunt
795 1983 1078 2054 subjecta),
1115 1993 1170 2040 et
1195 1986 1456 2058 ingressae
1479 1996 1610 2043 sunt
1633 1988 1690 2042 in
1717 1988 2021 2055 stabulum,
2053 1999 2109 2044 et
2130 1999 2210 2056 tu,

627 2071 722 2140 qui
764 2071 1007 2128 debebas
1049 2089 1178 2131 esse
1224 2085 1413 2146 pastor
1449 2076 1776 2145 bestiarum,
1821 2079 2044 2134 evasisti
2097 2078 2214 2136 fera

625 2164 916 2234 agrestior.
961 2166 1092 2222 Vide
1141 2167 1292 2222 enim
1347 2169 1854 2242 quodsigniﬁcans
1897 2171 2044 2228 Deus
2089 2187 2212 2228 esse

624 2265 818 2324 gentes
865 2273 988 2328 quae
1028 2259 1276 2314 secundo
1311 2259 1436 2314 loco
1480 2261 1549 2316 ab
1581 2277 1648 2317 eo
1682 2261 1843 2318 factae
1867 2249 1998 2318 sunt
2027 2271 2083 2319 et
2111 2263 2210 2319 ad-

625 2343 807 2402 ductae
847 2356 978 2402 sunt
1004 2349 1074 2403 ab
1109 2349 1321 2404 Adamo
1368 2351 1422 2405 in
1466 2353 1803 2428 paradisum,
1839 2369 1935 2420 eas
1962 2355 2213 2410 nomina-

621 2439 704 2494 vit
753 2439 981 2506 bestias,
1019 2439 1212 2495 dicens
1244 2456 1344 2510 per
1387 2443 1717 2512 scriptorem
1748 2461 1761 2497 :
1801 2443 1871 2498 Et
1915 2444 2073 2514 ﬁnxit
2104 2445 2213 2499 Do-

625 2533 800 2586 minus
835 2531 978 2585 Deus
1014 2532 1186 2586 adhuc
1229 2549 1292 2588 ea:
1332 2543 1476 2588 terra
1514 2552 1693 2590 onmes
1735 2535 1930 2592 bestias
1983 2539 2122 2610 agri,
2160 2547 2210 2592 et

620 2639 800 2675 omnes
814 2622 1064 2676 ‘votucres
1088 2622 1222 2677 coeti.
1261 2621 1482 2680 Fierine
1509 2634 1694 2696 potest
1760 2636 1821 2683 ut
1859 2629 2088 2682 omnino
2116 2645 2211 2684 ve-

623 2713 738 2768 niat
768 2714 825 2768 in
865 2724 1106 2770 mentem
1141 2724 1202 2770 ut
1231 2710 1402 2784 Deus,
1439 2717 1536 2788 qui
1574 2717 1910 2774 Cherubinis
1959 2728 2014 2774 et
2042 2720 2206 2776 Scra-

622 2803 810 2874 phinis
851 2813 936 2860 est
963 2805 1488 2878 incontemplabilis,
1517 2820 1574 2864 et
1601 2808 2204 2880 incomprehensibilis,

621 2904 677 2951 et
705 2896 1312 2970 inappropinquabilis,
1367 2899 1457 2955 cui
1482 2915 1611 2954 cum
1662 2909 1811 2957 metu
1859 2911 1916 2958 et
1967 2911 2207 2960 tremore

620 3005 818 3046 omnes
849 2991 1224 3062 intelligentes
1240 2993 1477 3049 virtutes
1494 2993 1705 3067 cultum
1727 2995 2013 3064 exhibent,
2038 3012 2204 3067 quem

621 3095 782 3136 nemo
812 3081 1101 3136 hominum
1136 3083 1277 3137 vidit
1314 3083 1383 3150 ”,
1420 3066 1604 3154 neque
1653 3091 1838 3156 potest
1861 3066 2206 3158 vidererejus

619 3175 817 3230 faciem
871 3183 928 3230 et
961 3174 1174 3242 vivere,
1219 3175 1267 3232 is
1311 3176 1408 3246 qui
1456 3191 1624 3246 supra
1668 3177 1840 3232 caelos
1882 3186 1940 3234 et
1983 3192 2204 3233 omnem

619 3267 991 3338 principatum
1019 3276 1074 3324 et
1104 3276 1456 3338 potestatem,
1495 3277 1581 3323 est
1611 3267 1754 3340 ignis
1780 3282 2114 3324 consumens
2133 3269 2200 3336 ⁸⁸,

613 3371 843 3430 accepta
882 3361 1062 3416 forma
1105 3360 1414 3431 equisonis,
1447 3376 1645 3433 equos,
1695 3361 1790 3416 sed
1831 3372 1887 3418 et
1939 3363 2101 3434 lupos
2147 3371 2204 3419 et

617 3451 856 3506 camelos
895 3452 1156 3506 manibus
1194 3452 1420 3507 trahens
1449 3451 1626 3506 instar
1664 3451 1902 3506 ministri
1931 3450 2000 3506 ad
2029 3451 2204 3508 Adam

617 3547 878 3610 attrahat,
907 3553 968 3600 ut
994 3545 1180 3600 videat
1207 3545 1341 3616 quid
1373 3545 1447 3600 sit
1479 3560 1545 3600 ea
1575 3553 1878 3600 vocaturus
1915 3545 2052 3616 :qui
2079 3561 2202 3600 om-

615 3638 704 3692 nia
743 3637 867 3703 scit,
901 3645 962 3693 ut
989 3639 1154 3701 Deus,
1201 3646 1330 3694 ante
1367 3652 1565 3692 eorum
1603 3645 1810 3703 ortum,
1853 3644 1910 3692 et
1946 3646 2202 3693 numerat

614 3730 1028 3786 multitudinem
1073 3731 1358 3786 stellarum
1411 3731 1672 3785 omnibus
1715 3731 1800 3786 eis
1841 3729 2068 3786 nomina
2099 3746 2200 3786 vo-

613 3838 746 3879 cans
783 3813 848 3888 ‘3,
895 3832 952 3879 et
983 3823 1246 3879 omnibus
1289 3823 1566 3878 creaturis
1591 3823 1814 3893 propria
1847 3823 1941 3877 dat
1971 3824 2200 3880 nomina

613 3916 1010 3972 convenienter
1040 3932 1152 3971 suae
1197 3915 1511 3971 voluntati?
1547 3914 1656 3970 Sed
1696 3915 1816 3970 haec
1864 3915 2038 3972 Judaei
2085 3933 2200 3972 non

612 4007 946 4079 intelligunt,
978 4008 1074 4079 qui
1103 4016 1160 4064 et
1188 3995 1491 4078 Scripturae
1523 4007 1696 4062 solam
1727 4007 2024 4063 attendunt
2049 4009 2198 4064 litte-

612 4115 751 4164 ram,
780 4111 837 4156 et
865 4099 933 4154 ab
963 4101 1078 4170 ipsa
1115 4099 1450 4154 occiduntur
1497 4100 1566 4153 “.
1599 4099 1680 4154 'l‘u
1713 4108 1920 4166 autem,
1973 4116 2007 4155 ο
2051 4101 2196 4156 divi-

610 4192 838 4247 nissime
879 4201 936 4247 et
966 4208 994 4246 a
1025 4193 1139 4246 Deo
1178 4193 1436 4262 plantataa
1479 4191 1740 4247 Ecclesiae
1785 4193 2058 4263 paradise,
2112 4194 2198 4249 in-

611 4283 840 4355 gredere
882 4293 1088 4339 certam
1129 4291 1186 4338 ct
1227 4299 1338 4338 non
1367 4291 1646 4338 errantem
1677 4283 1820 4338 viam
1861 4301 1989 4340 cum
2022 4285 2195 4342 Paulo

612 4374 852 4445 paradisi
887 4383 1218 4444 spectatore,
1251 4375 1492 4446 paradisi
1519 4377 1660 4441 cive,
1692 4377 1924 4432 audiens
1949 4395 2074 4434 eum
2109 4379 2196 4433 di-

2317 1895 2620 1952 synonyma
2665 1890 2722 1938 et
2754 1884 2919 1940 simul
2959 1885 3262 1942 animantia
3318 1888 3616 1944 animalia.
3644 1891 3768 1947 Nam
3801 1894 3872 1964 qui

2313 1981 2400 2028 est
2433 1989 2464 2030 e
2493 1985 2638 2030 terra
2661 1977 2884 2047 genitus
2911 1985 2996 2033 est
3026 1978 3276 2050 ejusdem
3315 1980 3558 2050 generis
3598 1982 3748 2055 cujus
3779 2001 3872 2055 qua

2315 2075 2445 2122 sunt
2475 2068 2530 2122 in
2556 2076 2725 2134 terra,
2759 2079 2816 2125 et
2849 2070 2962 2126 vita
2987 2079 3070 2126 est
3106 2073 3335 2143 propria
3368 2074 3752 2131 animantium.
3789 2075 3869 2132 Sed

2313 2161 2481 2216 homo
2509 2163 2733 2232 quidem
2763 2163 2936 2218 Adam
2972 2165 3153 2221 factus
3177 2177 3264 2222 est
3297 2174 3438 2222 ante
3473 2169 3752 2224 mulierem
3775 2177 3868 2226 :est

2315 2251 2467 2306 enim
2510 2260 2638 2306 ante
2675 2253 2893 2318 saecula,
2935 2266 2990 2308 ct
3030 2254 3151 2311 sine
3179 2256 3497 2328 principio,
3532 2267 3590 2313 et
3617 2259 3864 2324 increatus,

2311 2353 2368 2398 et
2401 2343 2520 2399 sine
2546 2353 2793 2415 tempore
2822 2354 2958 2416 ante.
2977 2346 3308 2415 Ecclesiam,
3349 2347 3506 2404 Deus
3527 2349 3772 2406 Verbum.
3791 2352 3864 2407 ilic

2315 2440 2508 2490 autem
2542 2435 2698 2507 ﬁngit
2719 2436 3018 2492 animantia
3042 2447 3170 2494 ante
3189 2439 3367 2495 Evam
3395 2457 3525 2512 quae
3545 2441 3736 2497 dicitur
3754 2443 3860 2497 vita:

2317 2525 2472 2597 prius
2497 2527 2646 2583 enim
2688 2527 2914 2588 [uerunt
2941 2537 3134 2601 gentes
3173 2531 3468 2601 belluinae,
3501 2542 3558 2590 et
3587 2535 3662 2589 sic
3692 2535 3740 2589 in
3765 2533 3854 2589 ulti.

2314 2619 2421 2673 mis
2449 2621 2796 2690 temporibus
2839 2622 3144 2678 constituta
3189 2634 3274 2680 est
3316 2641 3520 2681 earum
3562 2626 3794 2690 Ecclesia,
3815 2625 3852 2679 in

2314 2727 2482 2782 quam
2535 2713 2769 2770 adduxit
2835 2729 2930 2770 eas
2973 2714 3119 2770 Deus
3168 2723 3225 2769 et
3267 2715 3446 2772 Pater
3486 2717 3557 2772 ad
3607 2715 3848 2773 secundum

2311 2803 2484 2858 Adam
2534 2803 2841 2871 Christum,
2891 2814 2954 2861 ut
2991 2805 3205 2862 videret
3254 2809 3404 2878 quid
3449 2825 3517 2864 ea
3558 2818 3768 2864 vocaret.
3798 2807 3849 2862 Et

2311 2895 2444 2952 audi
2485 2899 2606 2969 ejus
2634 2897 2835 2952 Filium
2878 2899 2984 2954 hoc
3031 2909 3220 2970 aperte
3249 2899 3544 2957 dicentem
3575 2919 3590 2956 :
3620 2901 3754 2957 Nemo
3775 2916 3844 2970 po-

2311 2997 2412 3044 test
2467 2991 2646 3044 uenire
2681 2991 2750 3046 ad
2785 3007 2892 3058 me,
2937 2992 3038 3045 nisi
3085 2991 3250 3046 Pater
3291 3009 3447 3048 meus
3472 2993 3689 3049 caelestis
3715 3001 3838 3046 trase-

2231 3125 2276 3184 α
2311 3081 2380 3136 rit
2423 3098 2542 3136 eum
2593 3083 2660 3135 ⁸⁸.
2714 3083 2857 3139 Ecce
2901 3084 3162 3140 audivisti
3205 3099 3410 3142 vocem
3469 3087 3825 3142 Dominicante

2308 3173 2599 3230 docentem
2629 3175 2910 3246 quomodo
2957 3175 3253 3232 adduxerit
3303 3177 3518 3233 bestias
3544 3177 3762 3249 gentium
3789 3171 3831 3227 ad

2307 3263 2511 3319 Filium
2539 3265 2634 3334 qui
2674 3273 2759 3320 est
2791 3265 3041 3336 ejusdem
3077 3266 3245 3322 simul
3275 3285 3409 3324 cum
3443 3285 3513 3324 eo
3537 3267 3775 3332 essentia,
3797 3263 3834 3318 in

2305 3357 2627 3428 paradisum
2685 3351 2976 3414 Ecclesiae:
3019 3357 3402 3426 Quamobrem
3465 3377 3654 3418 rursus
3699 3359 3835 3415 dicit:

2307 3451 2448 3518 Quos
2480 3453 2671 3508 dedisti
2705 3455 2853 3520 mihi,
2885 3453 3070 3520 Pater,
3107 3454 3188 3509 tui
3230 3466 3415 3522 erant,
3448 3468 3500 3512 et
3529 3459 3652 3512 mihi
3679 3471 3748 3509 eos
3769 3451 3834 3504 de-

2303 3545 2431 3600 disti
2473 3547 2540 3600 ⁸³.
2595 3545 2778 3602 Omnis
2822 3548 2963 3602 enim
3025 3549 3115 3618 qui
3182 3551 3393 3605 audivit
3423 3569 3455 3604 a
3492 3551 3648 3606 Patre
3687 3545 3746 3601 ad
3777 3555 3836 3597 me

2302 3637 2466 3700 venit,
2513 3645 2564 3691 et
2604 3655 2758 3692 omne
2794 3639 2934 3710 quod
2978 3639 3123 3694 dedit
3174 3643 3304 3696 mihi
3344 3641 3532 3707 Pater,
3579 3641 3644 3696 ad
3675 3655 3742 3694 me
3769 3651 3832 3690 re-

2303 3730 2434 3794 niet,
2475 3739 2526 3784 et
2559 3747 2679 3784 eum
2709 3733 2799 3802 qui
2847 3733 2989 3785 venit
3039 3732 3108 3785 ad
3167 3749 3250 3786 me
3293 3751 3404 3788 non
3441 3735 3590 3804 ejicio
3631 3733 3752 3802 foras
3781 3729 3832 3781 ".

2301 3821 2601 3878 Conﬁdant
2653 3840 2788 3894 ergo
2831 3823 3024 3879 bestia
3090 3825 3345 3896 gentium
3393 3843 3495 3897 per
3537 3827 3729 3883 Patrem
3771 3820 3832 3874 in-

2301 3929 2503 3984 gressa:
2555 3915 2622 3970 ad
2653 3915 2876 3980 Filium,
2905 3915 3198 3972 audientes
3225 3934 3359 3973 eum
3386 3920 3653 3975 dicentem
3682 3934 3694 3968 :
3723 3913 3828 3968 Eum

2301 4006 2392 4074 qui
2429 4009 2568 4060 venit
2621 4009 2691 4062 ad
2745 4023 2828 4061 me
2863 4024 2969 4061 non
3010 4008 3162 4078 ejicio
3207 4009 3380 4080 foras.
3415 4013 3482 4066 Et
3531 4009 3696 4066 omnia
3731 4007 3828 4058 sum

2301 4097 2440 4152 mihi
2467 4097 2670 4152 tradita
2695 4115 2723 4153 a
2747 4099 2907 4156 Patre
2930 4116 3074 4155 meo.
3101 4102 3266 4156 Pater
3290 4103 3442 4158 enim
3469 4102 3637 4172 diligit
3657 4096 3824 4159 Filium.

2299 4199 2356 4244 et
2379 4189 2535 4244 dedit
2559 4190 2608 4244 ei
2641 4197 2990 4260 potestatenf
2996 4193 3176 4248 omnis
3195 4204 3492 4258 creatum,
3513 4193 3686 4248 dicens
3703 4206 3714 4239 :
3731 4184 3824 4239 Pete

2299 4299 2332 4336 a
2358 4298 2438 4336 me
2465 4289 2721 4352 tanquam
2758 4283 3007 4350 Filius,et
3027 4285 3160 4340 dabo
3187 4286 3281 4340 tibi
3313 4286 3660 4342 hwreditatem
3681 4285 3824 4348 pater-

2299 4389 2426 4428 nam
2474 4381 2672 4445 gentes,
2722 4390 2922 4445 nempe
2962 4378 3191 4441 bestias,
3229 4376 3588 4433 hwreditatem
3627 4367 3822 4428 tuam.“

611 4473 827 4520 centeni
873 4465 1019 4536 quod
1083 4481 1276 4521 omnes
1325 4474 1593 4522 creatura:
1638 4483 1759 4536 qua:
1795 4477 1924 4522 sunt
1965 4467 2020 4524 in
2055 4471 2196 4525 coelo
2227 4465 2272 4520 D
2302 4466 2678 4534 possessionem
2696 4474 2844 4520 tuam
2875 4469 3126 4522 terminos
3145 4465 3652 4527 terrre".Audianl.
3677 4467 3822 4514 τιπ⁵¹¹⁸

611 4565 666 4613 ct
701 4557 754 4612 in
803 4565 949 4612 terra
979 4557 1301 4614 describunt
1333 4575 1397 4614 ac
1429 4559 1667 4630 ﬁgurant
1691 4559 1974 4616 Christum
2002 4569 2056 4616 et
2091 4563 2196 4618 Ec-

609 4653 834 4708 clesram
882 4652 948 4706 ⁸⁷.
985 4652 1282 4723 Propterea
1313 4669 1444 4724 ergo
1475 4669 1588 4708 non
1625 4653 1858 4709 adduxit
1898 4655 2077 4725 prima
2106 4657 2195 4728 ju-

2296 4559 2443 4623 dico,
2479 4558 2618 4624 hzec,
2654 4575 2734 4614 ese
2767 4575 2889 4630 quae
2915 4569 3046 4616 sunt
3071 4561 3243 4629 intus,
3278 4572 3336 4617 et
3383 4560 3604 4616 audiant
3640 4549 3818 4607 verbum

2296 4657 2573 4716 sanctum,
2615 4651 2804 4706 bestiae
2835 4652 3106 4722 gentium.
3143 4653 3264 4708 Non
3301 4653 3448 4710 enim
3479 4637 3818 4721 ejicienturfo-

607 4754 794 4799 menta
836 4744 1098 4799 animalia
1127 4761 1248 4815 quae
1281 4746 1439 4816 jussu
1473 4745 1616 4802 facta
1643 4757 1793 4820 sunt,
1824 4747 1891 4801 ad
1919 4748 2192 4804 Adamum
2293 4760 2404 4800 ras.
2453 4744 2510 4800 Si
2557 4754 2740 4799 autem
2787 4745 2905 4798 vult
2949 4745 3146 4800 audire
3191 4745 3418 4801 Judzeus
3468 4741 3675 4814 quinam
3721 4731 3818 4784 sum

607 4830 952 4906 spiritualem
1005 4835 1310 4902 Christum,
1358 4837 1504 4892 Deus
1551 4837 1607 4891 in
1635 4837 1951 4908 paradisum
1985 4857 1998 4894 :
2035 4850 2195 4896 erant

605 4929 750 4982 enim
801 4937 964 5000 typus
999 4943 1064 4982 ac
1109 4927 1280 4999 ﬁgura
1324 4929 1512 4999 populi
1556 4929 1892 4998 Judzeorum,
1944 4932 2040 4988 sed
2087 4949 2189 4990 nos

604 5020 911 5075 secundum
959 5019 1259 5090 populum,
1308 5035 1422 5074 non
1465 5020 1779 5088 desertum,
1828 5023 1922 5077 sed
1968 5022 2184 5078 unitum

605 5109 926 5166 volucribus
963 5109 1113 5176 coeli,
1147 5110 1255 5164 hoc
1289 5122 1396 5174 est,
1439 5109 1696 5166 ﬁdelibus
1720 5112 1815 5182 qui
1861 5123 1992 5169 sunt
2016 5129 2185 5186 gene-

605 5203 720 5256 rati‘
750 5220 817 5258 ex
855 5220 996 5274 aqua
1027 5214 1084 5258 et
1112 5203 1346 5274 Spiritu.

2296 4836 2461 4908 ejecti
2509 4846 2571 4892 ut
2599 4837 3029 4908 ingrederentur
3055 4837 3270 4903 bestiae,
3299 4835 3486 4891 audiet
3519 4826 3817 4913 hortulanum

2298 4906 2465 4998 hujus
2505 4906 2744 4997 paradisi
2779 4927 3058 4983 dicentem
3091 4945 3104 4981 :
3133 4923 3436 4998 Oportebat
3471 4923 3610 4978 feras
3648 4906 3812 4981 ingredi

2297 5018 2362 5073 ab
2399 5017 2612 5074 Oriente
2665 5025 2716 5070 et
2767 5016 3060 5083 Occidente,
3098 5027 3148 5073 et
3204 5017 3514 5072 recumbere.
3540 5025 3647 5064 cum
3684 4999 3846 5091 Αὗῖας

2294 5113 2474 5176 Ιιαηιο,
2521 5119 2571 5164 et
2599 5109 2775 5175 Isaac,
2803 5118 2852 5164 et
2886 5109 3049 5165 Iacob
3090 5113 3148 5166 in
3180 5128 3339 5184 regno
3373 5107 3502 5171 Dei;
3525 5101 3653 5172 ﬁlios
3675 5097 3810 5146 autem

2289 5202 2543 5266 thalami,
2579 5217 2777 5266 nempe
2801 5201 3046 5269 Iudaeos,
3097 5203 3242 5273 foras
3272 5201 3388 5274 ejici
3409 5201 3462 5254 in
3502 5189 3714 5247 tenebras
3737 5187 3805 5229 εστ-

675 5291 768 5345 Est
805 5301 991 5346 autem
1029 5307 1224 5347 revera
1255 5291 1528 5346 audienda
1554 5299 1612 5346 et
1657 5292 2190 5350 admiranda'sancti
2289 5296 2506 5349 teriores
2542 5295 2609 5346 ".
2642 5291 2841 5348 Vocabo
2874 5295 3011 5348 enim
3041 5293 3294 5366 paputum
3337 5302 3524 5348 meum,
3550 5294 3644 5334 non
3671 5279 3806 5366 Fort“

605 5382 845 5454 Spiritus
891 5383 1182 5454 sapientia.
1230 5383 1520 5452 Quomodo
1553 5385 1702 5440 enim
1748 5385 1806 5440 in
1843 5387 2078 5451 Adamo,
2113 5389 2189 5445 ita

2291 5371 2402 5441 tum
2447 5402 2622 5440 meum
2655 5385 2722 5449 ⁸³,
2765 5393 2815 5438 et
2857 5386 3271 5441 misericordiam
3321 5381 3632 5436 consecutam
3666 5360 3798 5449 Si“?

603 5479 769 5533 etiam
804 5477 858 5532 in
886 5477 974 5532 his
999 5477 1192 5532 bestiis
1219 5477 1355 5532 dicit
1375 5478 1738 5534 creationem.
1757 5478 1892 5534 Nam
1917 5480 2031 5536 illic
2060 5482 2187 5552 qui-
2288 5496 2504 5553 gogam,
2536 5497 2653 5534 eam
2680 5495 2798 5550 qua:
2815 5496 2918 5533 non
2945 5489 3020 5534 est
3053 5485 3326 5534 consecuta
3351 5458 3725 5529 misericordiam
3747 5441 3798 5493 ⁸⁸-

677 5589 722 5622 ³⁹
783 5588 889 5644 Job
937 5605 1138 5656 xum,
1183 5590 1237 5644 8.

602 5661 689 5718 42.
767 5659 812 5690 “
851 5658 1019 5714 Hebr.
1061 5675 1153 5722 ιιι,
1186 5659 1275 5714 29.

601 5734 645 5766 ⁸⁸³
682 5732 840 5788 Joan.
882 5744 1010 5790 xvn,
1085 5736 1150 5796 6.

618 5813 679 5867 ιι,
701 5805 790 5870 26ς
819 5800 1125 5866 ιῖυηιηιὲεἱ
1141 5851 1154 5864 .

1388 5659 1433 5692 ⁸⁸
1479 5661 1621 5716 Psal.
1664 5677 1838 5726 CXLVI,
1886 5663 1938 5717 4.

1339 5589 1398 5661 ⁸ο-
1423 5591 1531 5646 lsa.
1567 5607 1714 5656 xun,
1746 5571 1862 5645 eo.
1945 5593 1986 5626 “
2030 5595 2174 5650 Psal.
2210 5612 2357 5661 xux,
2401 5596 2490 5660 10,
2530 5597 2617 5650 ll.

2015 5664 2061 5696 "
2101 5665 2143 5720 ll
2196 5663 2324 5722 Cor.
2377 5684 2454 5728 nt,
2496 5667 2548 5720 6.
2626 5666 2668 5698 ’⁵⁷
2717 5665 2928 5720 Coloss.
2971 5682 3016 5729 ι,
3065 5667 3153 5724 210.
3205 5667 3302 5722 Q3.

1226 5730 1271 5762 ⁸ο
1305 5729 1462 5786 Joan.
1499 5747 1573 5798 vl,
1615 5731 1703 5788 57.
1781 5733 1825 5764 ⁵⁸
1867 5733 2008 5790 Psal.
2064 5752 2123 5802 ιι,
2195 5737 2250 5792 8.

3433 5587 3478 5619 ⁵³
3513 5584 3532 5638 1
3568 5579 3703 5635 Joan-
3736 5577 3792 5638 !‘."

3365 5661 3406 5760 δῖ
3436 5631 3585 5760 Ιὲἆηξ
3623 5631 3794 5760 ῃ)

2727 5595 2774 5627 ⁸⁸
2814 5596 2958 5650 Psal.
3006 5613 3132 5656 Lvlt,
3188 5597 3240 5652 5.
3274 5595 3324 5650 6.

2325 5737 2370 5769 ⁸²
2411 5725 2601 5793 Matth.
2649 5753 2764 5803 vin,
2810 5738 2897 5802 ll,
2956 5725 3038 5792 1'2.
3115 5738 3162 5770 ⁸³
3213 5735 3334 5792 Ose.
3382 5747 3418 5798 ι,
3461 5725 3510 5781 9.
