4098 6426
247 361 386 425 997

1356 355 1438 416 ΙΝ
1481 354 2034 448 BEXAEMERON.
2066 382 2136 392 ο-
2170 358 2320 419 LIB.
2357 359 2464 418 IX.

3466 364 3575 431 998

251 472 338 528 Et
405 469 675 543 quoniam
721 482 962 524 narrans
1007 466 1190 522 oratio
1248 466 1531 532 dercbus
1584 467 1783 522 alienis
1832 477 1889 522 et
1917 472 1959 526 Α
1991 467 2151 524 Unde
2199 471 2366 525 etiam
2424 472 2677 526 nominat
2728 471 2889 542 lupos
2919 473 3014 543 qui
3047 490 3198 546 gres.
3245 473 3582 535 insidiantur

251 561 733 628 admirabilibus,
781 567 869 616 cst
923 575 1200 630 persuasu
1253 557 1494 618 diﬂicilis
1539 574 1649 614 non
1701 559 1883 615 solum

249 656 496 721 Judaeo,
529 654 626 711 sed
652 654 821 710 etiam
855 653 1191 724 quibusdam
1236 667 1304 708 ex
1336 651 1619 718 ﬁdelibus,
1657 668 1886 709 necesse

249 761 358 808 est
405 760 472 807 ut
521 767 592 807 ex
617 751 744 806 aliis
766 750 966 806 bestiis
1011 749 1414 806 conﬁrmemus
1442 749 1593 820 quod
1625 749 1884 806 dicimus.

251 845 427 900 Audi
454 859 589 916 ergo
637 843 754 898 Noe
799 841 895 914 qui
933 849 1055 897 erat
1085 841 1319 906 inarca,
1375 841 1604 912 quando
1630 841 1888 912 loquitur

229 5325 259 5342 ὀ

255 936 577 1007 Scriptura
611 933 681 989 de
717 924 1106 1004 corporalibus
1136 934 1474 1010 animalibus
1497 944 1554 991 et
1586 935 1890 991 materiali-

259 1028 410 1094 bus,
449 1025 734 1099 quomodo
755 1027 903 1082 Deus
925 1027 1044 1086 illic
1074 1026 1332 1098 praecipit
1361 1027 1444 1082 illi
1471 1027 1640 1082 etiam
1673 1028 1887 1098 ingres-

270 1137 414 1176 sum
473 1119 786 1175 bestiarum
837 1126 896 1174 et
939 1113 1323 1192 iumentorum
1379 1128 1438 1174 et
1478 1121 1772 1174 volucrum
1829 1118 1888 1173 in

277 1224 476 1266 arcam
494 1210 564 1262 ⁵⁵.
592 1207 866 1264 Similiter
899 1224 1094 1262 rursus
1115 1218 1240 1279 post
1262 1209 1532 1267 diluvium
1555 1208 1692 1265 dicit
1719 1209 1888 1264 etiam

277 1315 487 1356 earum
539 1308 826 1372 egressum
878 1315 946 1354 ex
997 1315 1152 1365 arca,
1184 1301 1282 1371 qui
1311 1300 1419 1358 fuit
1464 1317 1592 1356 cum
1635 1301 1774 1366 Noe,
1831 1307 1890 1356 et

277 1393 574 1464 quomodo
611 1392 704 1448 hic
729 1408 953 1464 quoque
983 1393 1130 1454 Dcus
1157 1409 1282 1448 cum
1307 1392 1362 1446 in
1392 1394 1656 1464 paradiso
1693 1393 1891 1450 fecerit

279 1503 395 1558 per
421 1501 480 1543 se
505 1487 814 1558 ingressum
843 1486 1042 1540 barum
1063 1485 1391 1552 bestiarum,
1425 1494 1482 1569 et
1499 1486 1670 1542 fuerit
1694 1502 1888 1542 earum

277 1580 467 1637 veluti
517 1579 629 1635 dux
662 1589 720 1636 et
768 1579 1071 1644 bubulcus,
1108 1595 1222 1635 non
1261 1581 1502 1650 amplius
1549 1595 1646 1636 eas
1673 1579 1887 1646 eduxit,

280 1673 390 1730 sed
437 1672 592 1728 intus
627 1672 872 1742 reliquit.
907 1672 964 1728 Si
989 1683 1177 1728 autem
1210 1681 1520 1728 murmurat
1543 1681 1599 1728 et
1631 1671 1890 1728 irascitur

276 1764 520 1820 Judaeus
551 1763 672 1819 hac
716 1762 975 1830 audiens,
1020 1763 1662 1836 sustinebitparumper,
1695 1775 1753 1819 et
1791 1780 1891 1822 au-

282 1858 412 1912 diet
449 1843 884 1926 verbum'quod
931 1855 1178 1911 ostendit
1222 1857 1369 1928 quod
1411 1873 1592 1928 neque
1644 1855 1882 1922 mulier,

288 1962 478 2018 neque
515 1963 642 2018 qua:
665 1946 878 2002 dicitur
913 1947 1038 2004 Vita
1062 1947 1202 2003 exiit
1223 1965 1254 2004 e
1287 1948 1567 2020 paradiso,
1606 1949 1704 2005 sed
1735 1949 1887 2004 solus

285 2038 482 2108 homo,
512 2039 611 2111 qui
652 2037 1006 2096 extrinsecus
1059 2049 1146 2096 est
1197 2040 1503 2112 ingressus.
1539 2041 1664 2100 Vita
1699 2050 1886 2096 autem

288 2138 358 2184 ut
379 2131 436 2186 in
465 2130 724 2202 paradiso
758 2132 907 2196 ﬁcta,
942 2137 1004 2186 ut
1032 2147 1155 2202 qua:
1187 2139 1336 2188 esset
1369 2131 1654 2204 indigena,
1685 2143 1743 2189 et
1772 2149 1887 2189 non

281 2223 643 2278 extrinsecus
713 2222 863 2278 intro
929 2222 1198 2294 ingressa,
1254 2224 1460 2280 mansit
1508 2224 1564 2279 in
1627 2225 1722 2280 illo
1765 2225 1888 2282 loco

285 2325 556 2385 tanquam
602 2315 719 2370 vita
763 2313 1054 2370 viviﬁcans
1095 2331 1172 2370 ea-
1215 2331 1338 2386 quae
1376 2326 1508 2372 sunt
1537 2317 1607 2372 ad
1652 2333 1772 2372 eam
1807 2318 1890 2372 in-

289 2404 572 2462 troducta.
638 2404 784 2471 Quid
818 2420 974 2471 vero,
1019 2405 1224 2476 inquit,
1271 2422 1460 2463 annon
1509 2409 1780 2480 scriptum
1804 2418 1890 2466 est

295 2504 420 2564 post
437 2495 650 2552 exitum
669 2494 886 2569 Egypti
925 2511 957 2550 e
978 2497 1262 2566 paradiso,
1297 2499 1444 2569 quod
1475 2497 1649 2554 Adam
1683 2515 1889 2572 cogno-

299 2588 383 2642 vit
413 2587 591 2642 Evam
619 2603 841 2647 uxorem
874 2603 1033 2644 suam
1060 2589 1108 2620 "
1132 2589 1156 2643 ?
1183 2588 1327 2645 Siste
1359 2590 1610 2663 gradum,
1636 2607 1671 2646 ο
1697 2591 1886 2659 homo,

299 2686 361 2733 et
395 2693 466 2733 ne
503 2677 737 2743 labores,
772 2677 874 2734 sed
917 2679 1155 2744 sustine,
1199 2687 1258 2734 et
1287 2687 1422 2736 tunc
1454 2681 1583 2736 cuin
1613 2680 1790 2738 fueris
1832 2683 1890 2738 in

297 2770 441 2826 locis
462 2769 777 2826 emissionis
805 2771 1002 2826 Adami
1037 2787 1107 2827 ex
1137 2772 1396 2843 paradiso
1415 2812 1430 2838 ,
1451 2774 1497 2830 si
1528 2774 1662 2828 mihi
1694 2783 1889 2830 osten-

289 2865 447 2924 deris
488 2864 544 2938 (0
563 2865 777 2936 Judzee)
818 2865 970 2936 quod
997 2881 1282 2938 egressum
1316 2867 1571 2923 nominat
1607 2883 1891 2940 egressum

285 2955 624 3021 bestiarum,
677 2965 776 3010 aut
807 2971 1091 3027 egressum
1148 2956 1424 3022 mulieris,
1451 2957 1616 3028 905
1642 2958 1891 3014 nondum

280 3047 448 3102 venit
483 3045 694 3102 Christi
744 3047 1059 3116 adventus;
1085 3048 1184 3104 sed
1214 3065 1328 3103 non
1375 3049 1641 3106 ostendes
1666 3089 1682 3116 ,
1716 3067 1892 3122 quan-

1987 560 2210 618 Judteos
2233 564 2300 627 ",
2336 573 2384 618 et
2415 565 2684 635 genimina
2716 566 3021 635 viperarum
3048 567 3128 630 '°;
3159 574 3216 621 et
3253 569 3412 636 alios,
3457 573 3583 626 vul-

1988 670 2088 724 pes
2139 655 2205 710 ⁶¹.
2254 656 2326 711 Et
2361 673 2514 711 omne
2553 657 2696 729 quod
2743 659 2940 712 vocavit
2981 658 3176 724 Adam,
3221 661 3425 731 inquit,
3485 667 3582 720 hoc

1989 756 2066 802 est
2098 749 2148 803 ei
2197 765 2406 803 nomen.
2430 748 2548 805 Hoc
2578 759 2686 816 est,
2719 766 2828 805 non
2854 750 3053 806 leviter
3083 767 3185 806 nec
3223 760 3453 819 temere,
3483 755 3581 811 sed

1990 851 2364 910 congruenter
2414 843 2856 913 uniuscujusque
2905 853 3044 899 acta:
3092 844 3240 908 vitae,
3286 854 3343 900 et
3365 847 3584 903 meritis

1991 932 2388 989 convenientia
2413 935 2640 991 nomina
2665 937 2897 1006 imponit
2923 935 3204 992 Christus.
3231 936 3392 992 Omni
3449 953 3583 1009 ergo

1991 1033 2259 1098 creatura:
2284 1033 2340 1081 et
2385 1019 2556 1082 rebus
2601 1029 2804 1083 creatis
2833 1029 2982 1082 Deus
3031 1028 3298 1098 imposuit
3331 1031 3580 1084 nomina.

1991 1112 2092 1169 His
2136 1115 2270 1170 solis
2299 1117 2498 1172 bestiis
2541 1125 2600 1171 et
2625 1117 2870 1182 mulieri,
2917 1116 3089 1172 Adam
3133 1132 3359 1187 quoque
3404 1117 3586 1187 impo-

1993 1208 2104 1264 suit
2129 1209 2357 1264 nomina
2391 1229 2404 1264 :
2439 1210 2548 1266 hoc
2582 1217 2672 1265 est
2707 1209 2965 1266 Christus
3003 1210 3211 1280 pepulo
3249 1225 3351 1266 suo
3383 1218 3443 1265 et
3473 1211 3582 1265 Ec-

1993 1305 2196 1360 olesiae.

2064 1394 2122 1450 Si
2197 1404 2385 1450 autem
2461 1410 2656 1450 rursus
2725 1395 2932 1450 insanit
2988 1393 3241 1458 Judams,
3293 1401 3356 1447 ut
3435 1392 3586 1448 dicat

1993 1485 2200 1540 nobis:
2250 1485 2364 1542 Cur
2405 1501 2531 1541 cum
2577 1487 2724 1541 Deus
2778 1486 3048 1542 omnibus
3093 1486 3321 1556 propria
3363 1485 3585 1540 dederit

1993 1579 2242 1642 nomina,
2294 1595 2405 1633 non
2460 1578 2727 1648 imposuit
2773 1594 2878 1634 nec
2916 1577 3140 1634 mulieri
3190 1592 3294 1632 nec
3325 1577 3584 1632 animali-

1993 1669 2134 1724 bus?
2155 1670 2453 1740 oportebat
2491 1671 2642 1724 enim
2681 1671 2863 1741 ipsum
2893 1670 3026 1724 dare
3053 1669 3313 1725 omnibus
3357 1669 3584 1724 nomina

1993 1761 2240 1832 propria.
2287 1761 2384 1816 sed
2421 1777 2533 1816 non
2567 1761 2740 1816 Adam
2768 1779 2782 1815 :
2833 1775 2935 1831 ego
2963 1759 3141 1816 dicam
3171 1777 3186 1813 :
3219 1759 3425 1825 Quare,
3456 1775 3584 1814 cum

1993 1855 2142 1910 Deus
2177 1853 2348 1909 semel
2379 1863 2437 1909 et
2457 1853 2545 1908 bis
2575 1853 2922 1908 meminisset
2945 1867 3002 1906 se
3029 1851 3226 1906 fecisse
3256 1851 3544 1906 mulierem
3565 1892 3583 1917 ,

1989 1959 2105 2000 non
2130 1959 2255 1999 eam
2279 1943 2591 1999 nominavit
2610 1943 2920 2007 mulierem,
2935 1941 3032 1997 sed
3051 1942 3378 2012 adjutricem
3396 1942 3420 1996 ?
3437 1943 3586 2010 Quo-

1989 2037 2156 2092 modo
2181 2051 2338 2108 ergo,
2374 2051 2503 2091 cum
2529 2037 2812 2091 hominem
2860 2029 3204 2090 nominasset
3235 2033 3431 2101 Adam,
3475 2051 3586 2090 non

1991 2130 2088 2185 dat
2111 2129 2230 2200 ipse
2261 2145 2464 2185 nomen
2487 2129 2705 2184 mulieri
2729 2149 2742 2184 :
2770 2129 2866 2184 sed
2884 2130 3012 2201 jure
3034 2138 3090 2184 et
3121 2129 3322 2184 merito
3358 2130 3442 2184 vir
3462 2132 3586 2202 ejus

1989 2225 2152 2280 Jcsus
2176 2224 2296 2294 ipse
2322 2223 2578 2278 nominat
2622 2221 2791 2277 etiam
2851 2237 3008 2276 suam
3049 2237 3302 2287 uxorem,
3357 2231 3414 2277 et
3455 2239 3590 2278 suos

1992 2317 2158 2381 ﬁlios,
2203 2317 2351 2372 sicut
2393 2326 2553 2386 pater
2575 2323 2632 2370 et
2663 2315 2710 2370 is
2735 2315 2831 2386 qui
2859 2314 3051 2369 domui
3089 2315 3299 2385 praesit,
3319 2323 3375 2369 et
3408 2314 3588 2369 domi-

1989 2415 2158 2463 natur
2186 2423 2300 2464 suae
2333 2408 2492 2462 uxori
2525 2416 2582 2464 et
2607 2408 2724 2464 suis
2755 2407 2988 2464 liberis?
3008 2406 3383 2474 Quamobrem
3431 2408 3586 2465 dice-

1989 2501 2086 2557 bat
2106 2501 2274 2556 etiam
2304 2517 2415 2556 non
2453 2501 2619 2556 fallax
2654 2501 2956 2572 legislator.
2983 2501 3133 2572 quod
3169 2501 3285 2572 ipse
3311 2511 3397 2556 est
3419 2503 3586 2558 bonus

1992 2601 2178 2666 pastor
2199 2594 2267 2657 δ’,
2293 2603 2340 2646 et
2364 2610 2481 2648 oves
2504 2610 2680 2648 vocem
2712 2594 2827 2664 ejus
2847 2593 3098 2656 audiunt,
3129 2603 3176 2646 et
3201 2610 3290 2647 eas
3307 2604 3458 2648 vocat
3493 2611 3588 2648 no—

1992 2687 2243 2740 minatim
2269 2685 2345 2738 “z
2377 2685 2483 2741 hoc
2511 2693 2619 2750 est,
2647 2685 2978 2748 nominavit,
3023 2693 3156 2740 tunc
3183 2685 3409 2754 quando
3439 2684 3588 2741 Deus

1992 2791 2088 2833 eas
2107 2775 2423 2832 adduxitad
2456 2775 2752 2839 Adamum,
2781 2784 2842 2829 ut
2862 2775 3183 2846 sciretquid
3214 2790 3310 2830 eas
3337 2786 3585 2830 vocaret.

1995 2866 2105 2923 Sed
2165 2868 2390 2939 quando
2437 2867 2918 2938 congregabantur
2957 2867 3203 2938 quidem,
3257 2867 3590 2923 dicebantur

1994 2959 2224 3015 bestiae:
2251 2957 2478 3030 quando
2507 2967 2694 3012 autem
2735 2957 3070 3012 introductae
3099 2964 3232 3012 sunt
3260 2957 3319 3012 in
3359 2958 3586 3028 paradi—

1995 3066 2118 3106 sum
2139 3059 2197 3106 et
2229 3050 2283 3105 in
2312 3050 2594 3106 stabulum
2625 3049 2758 3105 boni
2786 3049 3047 3120 pastoris,
3104 3049 3318 3104 eﬁectte
3360 3049 3588 3105 confor-

283 3140 501 3195 tumvis
537 3139 920 3196 contenderis.
969 3139 1082 3196 Sed
1134 3141 1231 3212 qui
1277 3142 1626 3202 extrinsecus
1664 3143 1890 3214 quidem
1918 3167 1963 3226 c
1995 3158 2113 3198 mes
2143 3158 2285 3214 agno
2312 3141 2556 3207 Christo,
2583 3142 2772 3198 statim
2801 3156 2936 3196 oves
2962 3141 3260 3196 nominatae
3287 3150 3418 3196 sunt
3465 3157 3589 3196 om-

275 3242 375 3288 est
403 3233 690 3306 ingressus
718 3243 778 3289 et
806 3231 934 3298 fuit,
969 3233 1140 3289 homo
1185 3233 1320 3290 illuc
1347 3233 1487 3289 abiit
1530 3235 1683 3292 unde
1712 3237 1884 3292 venit.

278 3327 426 3396 Ejus
460 3333 648 3380 autem
681 3340 850 3391 .uxor,
889 3341 1091 3396 nempe
1144 3324 1278 3392 vita,
1325 3328 1530 3382 mansit
1576 3327 1728 3384 intus
1759 3344 1887 3384 cum

275 3417 629 3474 animalibus
657 3459 674 3484 ,
705 3418 772 3473 ad
805 3435 900 3474 eas
925 3417 1288 3488 viviﬁcandas
1317 3419 1375 3474 in
1397 3419 1552 3490 ligno
1583 3421 1731 3487 vitae,
1765 3437 1889 3492 quae

277 3509 593 3580 aliquando
616 3509 970 3576 dicebautur,
1012 3509 1242 3574 bestias,
1288 3516 1348 3564 et
1378 3511 1654 3568 volucres.
1703 3512 1890 3568 Discat

275 3617 426 3673 ergo
477 3602 656 3658 ﬁdelis
709 3602 859 3673 quod
909 3603 1056 3675 ligna
1131 3602 1365 3674 pulchra
1410 3613 1468 3659 et
1501 3604 1646 3660 bona
1687 3613 1746 3660 et
1776 3605 1888 3660 fer-

279 3694 416 3749 tilia
465 3709 588 3765 quae
625 3710 657 3749 a
719 3695 835 3750 Deo
885 3693 1134 3750 secundo
1158 3695 1284 3750 loco
1331 3705 1462 3751 sunt
1503 3697 1795 3768 producta,
1831 3704 1890 3752 et

275 3786 556 3842 secundae
582 3787 776 3842 bestiae
804 3795 862 3842 et
904 3787 1164 3843 volucres
1187 3803 1328 3858 quas
1357 3787 1474 3858 ipse
1508 3789 1658 3845 Deus
1685 3788 1884 3856 ﬁnxit;

275 3887 349 3934 et
381 3879 578 3935 rursus
619 3879 758 3936 illud
805 3879 1029 3934 linteum
1067 3879 1218 3950 quod
1265 3879 1464 3936 Petrus
1513 3880 1656 3935 vidit
1701 3881 1758 3935 in
1805 3880 1890 3936 vi-

280 3973 474 4039 sione,
507 3972 724 4030 habens
753 3988 951 4029 omnes
978 3973 1185 4029 bestias
1214 3981 1272 4028 et
1293 3973 1684 4046 quadrupedes
1707 3985 1764 4030 et
1791 3990 1890 4030 vo-

283 4073 482 4122 lucres
509 4063 704 4131 cedi",
723 4080 778 4124 et
797 4070 916 4138 ipsa
961 4068 1166 4124 mulier
1193 4084 1358 4139 quam
1385 4083 1652 4123 vocamus
1684 4068 1885 4134 Vitam,

282 4157 544 4230 adjutrix
579 4158 867 4224 hominis,
915 4159 1060 4216 nihil
1093 4160 1243 4216 aliud
1298 4160 1578 4232 signiﬁcat
1630 4160 1740 4215 nisi
1787 4176 1888 4230 pa-

287 4250 545 4306 radisum
572 4251 856 4317 Ecclesiae,
903 4252 960 4307 in
986 4267 1152 4323 quem
1183 4253 1492 4309 introduxit
1528 4254 1674 4308 Deus
1697 4261 1888 4324 gentes

283 4344 596 4410 belluinas,
642 4353 699 4400 et
731 4361 828 4401 eas
865 4346 1099 4403 adduxit
1131 4346 1201 4402 ad
1257 4345 1542 4402 Christum
1575 4345 1886 4401 secundum

280 4441 592 4506 Adamum,
623 4450 687 4496 ut
713 4441 930 4496 videret
953 4441 1088 4512 quid
1110 4449 1338 4516 vocaret
1363 4457 1481 4506 eas,
1510 4455 1889 4512 unumquem-

283 4550 405 4604 que
431 4534 838 4590 convenienter
863 4516 983 4590 suis
1015 4534 1236 4590 meritis
1263 4542 1320 4589 et
1341 4533 1469 4588 vitae
1497 4530 1663 4604 quam
1691 4533 1888 4604 egerit.

286 4627 362 4682 Et
399 4625 526 4682 ideo
549 4626 770 4681 vocavit
807 4625 1036 4697 quidem
1061 4641 1216 4688 oves.
1243 4641 1342 4682 eas
1369 4641 1493 4697 quae
1517 4633 1738 4680 statutae
1763 4633 1894 4680 sunt

286 4733 324 4772 a
369 4717 618 4783 dextris;
667 4717 857 4774 haedos
920 4732 1084 4784 vero,
1148 4717 1248 4789 qui
1316 4733 1348 4772 a
1391 4717 1668 4784 sinistris;
1721 4732 1894 4788 agnos

287 4815 507 4873 autem,
544 4817 607 4862 ut
650 4809 746 4880 qui
774 4807 1059 4864 Christum
1095 4819 1445 4880 sequuntur;
1479 4809 1650 4864 boves
1679 4817 1888 4874 autem,

291 4909 363 4955 ut
388 4900 484 4970 qui
518 4901 745 4956 trahunt
787 4911 1038 4957 aratrum
1083 4903 1307 4968 crucis;
1349 4915 1524 4972 equos
1571 4912 1780 4965 autem,
1828 4910 1892 4958 ut

289 4993 395 5064 qui
447 4994 790 5049 conturbant
841 5011 1042 5066 aquam
1087 4995 1279 5050 falsam
1336 4981 1778 5061 incredulitatis;
1833 5003 1891 5050 et

293 5086 463 5152 alios,
511 5087 750 5157 aquilas,
785 5095 848 5142 ut
899 5087 995 5157 qui
1047 5088 1392 5143 extollentur
1436 5085 1505 5142 ad
1551 5086 1888 5157 theologiam

293 5191 400 5231 seu
448 5175 764 5232 Divinitatis
804 5177 1328 5248 contemplationem
1355 5195 1370 5243 ;
1401 5185 1458 5231 et
1491 5176 1650 5242 alios,
1679 5177 1891 5232 colum-

295 5268 423 5330 bas,
458 5276 688 5338 propter
711 5267 1178 5340 signiﬁcationem
1210 5269 1384 5340 ipsius
1403 5269 1594 5340 gratiae
1623 5268 1891 5340 Spiritus.

299 5353 466 5422 Quod
509 5355 558 5412 si
607 5356 780 5412 etiam
830 5357 918 5414 vis
968 5357 1160 5415 videre
1203 5358 1351 5415 feras
1395 5369 1642 5430 agrestes
1693 5361 1748 5414 in
1787 5360 1896 5416 hoc

297 5443 584 5516 paradiso,
621 5446 752 5502 audi
776 5463 907 5503 eum
942 5448 1220 5505 dicentem
1255 5467 1269 5503 :
1306 5449 1444 5505 Ecce
1476 5449 1596 5504 dedi
1631 5449 1774 5506 vobis
1803 5467 1896 5522 po-

299 5544 549 5592 testatem
605 5537 854 5593 calcandi
895 5556 1057 5612 super
1113 5549 1384 5613 serpentes
1437 5547 1486 5594 et
1543 5543 1776 5613 scorpios
1826 5541 1895 5594 ⁵⁸.

391 5687 441 5722 ³⁸
482 5693 624 5752 Gen.
686 5711 783 5760 vn,
838 5697 1066 5798 passim.
1138 5697 1188 5729 ⁸⁸
1223 5695 1360 5752 Gen.
1409 5713 1481 5758 Iv,
1517 5695 1570 5750 i.

313 5767 362 5800 ιο
398 5765 421 5800 Ῑ
447 5779 517 5800 nn
579 5782 636 5800 ιη
709 5768 740 5800 Ἷ
867 5768 882 5798 1
925 5766 945 5800 Ι
970 5783 1038 5800 nn
1103 5783 1194 5800 ιοιη
1263 5765 1333 5800 κο
1433 5768 1476 5798 ει*
1511 5767 1566 5800 In

398 5765 537 5820 Luc.
579 5782 658 5828 ιιι,
709 5768 761 5821 7.

321 5767 367 5854 ξς
398 5765 537 5854 huc:
579 5768 806 5854 lilii.“
839 5765 882 5798 ⁸⁸
923 5766 1056 5822 Luc.
1101 5783 1216 5832 xm,
1261 5765 1352 5822 32.
1433 5768 1476 5798 ⁸*
1501 5767 1661 5823 Joan.
1695 5783 1748 5833 x,
1784 5768 1870 5822 Η.

399 5835 546 5894 Psal.
583 5852 744 5904 cun,
775 5838 827 5892 9.

1649 5695 1696 5728 ⁸⁷
1743 5695 1866 5778 Act.
1906 5695 2124 5778 δίελθ’..

1949 5767 1996 5800 ⁸³
2048 5765 2186 5822 ibid.
2212 5765 2266 5821 3.
2346 5765 2391 5798 “
2424 5765 2568 5820 Psal.
2627 5781 2851 5832 Lxxvm,
2879 5765 2933 5832 8,
2959 5766 3011 5822 9.
3091 5767 3136 5798 “
3167 5766 3310 5821 Psal.
3356 5781 3498 5830 ωαχ,
3532 5765 3590 5820 ‘2.

1995 3249 2118 3291 nes.
2153 3235 2259 3302 Qui
2289 3245 2474 3290 autem
2533 3250 2646 3288 non
2673 3235 2753 3288 sic
2789 3231 3070 3303 intelliget
3091 3247 3158 3286 ea
3208 3247 3332 3302 quas
3377 3234 3586 3303 scripta

1997 3336 2128 3386 sunt
2147 3329 2216 3384 de
2244 3327 2528 3399 paradiso,
2559 3335 2616 3382 et
2637 3327 2708 3382 de
2744 3325 2942 3381 bestiis
2970 3325 3024 3379 in
3051 3341 3177 3380 eum
3221 3325 3584 3387 introductis,

1995 3421 2316 3476 necessario
2349 3419 2578 3475 omnino
2607 3419 2868 3490 intelligit
2912 3418 3185 3474 Adamum
3241 3419 3470 3490 quidem
3500 3421 3590 3474 in-

1995 3524 2114 3570 star
2133 3513 2343 3568 domini
2384 3520 2442 3570 et
2485 3512 2634 3584 regis
2692 3513 2844 3568 intus
2886 3513 3118 3568 sedere:
3170 3513 3345 3568 Deum
3399 3521 3587 3568 autem

1995 3605 2436 3677 omnipotentem
2460 3605 2510 3660 ei
2542 3604 2820 3660 serviliter
2845 3605 3183 3670 ministrare,
3215 3615 3272 3660 et
3291 3605 3497 3660 bestias
3519 3606 3587 3661 ad

1995 3697 2295 3754 Dominum
2327 3695 2628 3752 adducere.
2655 3695 2815 3762 Quod
2864 3696 3090 3766 quidem
3149 3705 3235 3752 est
3271 3697 3502 3768 impium
3533 3708 3592 3755 et

1995 3790 2224 3860 plenum
2247 3787 2402 3843 omni
2441 3787 2810 3843 absurditate.
2856 3788 3070 3842 Adamo
3127 3797 3316 3843 autem
3359 3806 3464 3844 non
3513 3801 3590 3844 est

1995 3879 2240 3932 inventus
2261 3877 2539 3943 eisimilis,
2590 3886 2647 3932 et
2703 3877 2987 3948 quomodo
3033 3877 3166 3932 dum
3203 3879 3370 3935 homo
3415 3883 3590 3937 estin

1995 3968 2289 4038 periculis,
2321 3976 2378 4030 et
2408 3969 2605 4025 incidit
2629 3969 2686 4022 in
2733 3969 2970 4025 fortuna:
3015 3985 3178 4026 casus
3208 3980 3263 4026 et
3301 3972 3590 4028 calamita-

1999 4069 2102 4124 tes,
2130 4067 2188 4114 et
2214 4060 2528 4131 adjutorem
2557 4059 2776 4130 quaerit,
2809 4067 2867 4115 et
2905 4061 3110 4116 clamat
3157 4063 3225 4116 ad
3262 4063 3434 4118 Deum
3465 4064 3588 4118 :Da

1997 4150 2145 4206 nobis
2168 4151 2432 4206 auxilium
2453 4168 2519 4206 ex
2557 4151 2853 4223 afflictione,
2879 4154 3134 4222 quoniam
3170 4171 3430 4226 pauperes
3458 4155 3589 4225 facti

1993 4257 2180 4295 sumus
2211 4239 2400 4306 ualde;
2427 4240 2626 4309 adjuva
2650 4257 2765 4305 nos,
2791 4239 2934 4295 Deus
2973 4251 3407 4296 servatornoster
3427 4244 3494 4297 ⁸⁸.
3521 4243 3589 4298 In

1996 4333 2331 4404 adjutorium
2361 4347 2538 4386 meum
2579 4330 2812 4396 intende,
2845 4331 3094 4398 Domine,
3129 4333 3201 4386 ad
3222 4332 3590 4404 adjuvandum

1995 4444 2078 4481 me
2093 4428 2286 4498 festina
2313 4427 2380 4480 ".
2426 4425 2520 4480 Et:
2555 4425 2720 4495 Eripe
2766 4441 2850 4480 me
2876 4426 2940 4479 ab
2969 4426 3198 4482 inimicis
3235 4428 3364 4480 meis
3395 4427 3464 4492 “,
3493 4426 3592 4481 ad-

1993 4519 2258 4574 versariis
2286 4517 2660 4588 potestatibus
2695 4533 2822 4588 quae
2849 4533 2937 4572 me
2965 4517 3356 4574 demerscruut
3379 4519 3433 4573 in
3463 4520 3588 4574 ido-

1994 4615 2272 4670 lolatrian]
2322 4623 2380 4669 et
2413 4614 2778 4684 impietatem.
2853 4603 2990 4669 Cum
3023 4614 3141 4672 hac
3175 4623 3232 4669 et
3281 4631 3404 4685 qum
3459 4626 3591 4672 sunt

1994 4706 2338 4778 hujusmodi,
2359 4707 2526 4762 homo
2548 4707 2714 4778 longo
2743 4714 2990 4777 tempore
3017 4708 3284 4762 clamaret
3296 4709 3362 4762 ad
3388 4709 3588 4774 Deum,

1995 4813 2054 4856 et
2085 4809 2362 4872 quaereret
2394 4801 2704 4872 adjutorem
2727 4817 2742 4868 ;
2767 4808 2825 4854 et
2857 4799 3018 4855 multi
3051 4800 3438 4856 existimantes
3458 4816 3587 4854 cum

2001 4893 2267 4964 adjuvare
2338 4891 2748 4962 processissent
2802 4891 2858 4945 in
2917 4890 3197 4955 medium,
3237 4888 3588 4958 patriarchae,

1998 4985 2225 5054 inquam
2253 5025 2270 5050 ,
2306 4983 2566 5039 doctores
2596 5021 2611 5049 ,
2657 4983 2944 5054 sophistae,
2970 4999 3158 5055 reges,
3209 4983 3408 5048 Moses,
3457 4997 3590 5052 pro-

1997 5077 2206 5148 phetm,
2253 5075 2408 5146 iique
2464 5083 2522 5130 et
2563 5076 2754 5146 plures
2800 5076 2895 5130 alii
2921 5091 3048 5130 cum
3101 5075 3325 5129 homine
3384 5074 3592 5130 versati

1998 5175 2223 5224 essent:
2249 5183 2362 5222 non
2387 5167 2649 5222 inventus
2678 5175 2764 5222 est
2793 5167 3016 5238 adjutor
3047 5167 3097 5222 ei
3124 5167 3321 5222 similis
3354 5165 3409 5220 in
3437 5165 3595 5220 simi-

1999 5261 2301 5316 litudinem
2324 5260 2571 5316 hominis
2608 5260 2784 5315 factus
2839 5261 3038 5317 homo:
3094 5261 3202 5317 hoc
3223 5270 3328 5326 est,
3358 5261 3506 5315 Deus
3535 5270 3595 5316 ct

1998 5352 2188 5418 homo,
2221 5353 2378 5408 solus
2415 5351 2700 5407 hominem
2751 5367 2964 5418 amans,
2996 5353 3241 5424 adjutor,
3283 5353 3432 5409 Deus
3480 5354 3596 5409 for-

1997 5447 2094 5512 tis,
2142 5453 2476 5518 potestatem
2527 5443 2763 5509 habens,
2814 5445 3080 5516 princeps
3129 5445 3306 5517 pacis.
3354 5445 3594 5516 Oportet

1997 5540 2149 5596 enim
2175 5539 2494 5612 adjutorem
2545 5550 2669 5592 esse
2693 5537 3007 5604 fortiorem,
3063 5537 3293 5600 minime
3337 5549 3594 5610 egentem

2459 5694 2508 5728 ”
2553 5693 2690 5750 Luc.
2746 5711 2801 5757 x,
2842 5670 2965 5749 l9.“
3008 5695 3054 5727 ”
3101 5693 3294 5749 Matth.
3353 5711 3449 5758 vn,
3505 5695 3592 5746 15.
