4098 6456
1370 313 1459 320 νη--

511 362 616 426 999

1714 357 1776 419 S.
1818 358 2216 421 ANASTASII
2256 358 2584 439 SINAIT/E

3644 368 3792 442 1000

510 465 727 525 auxilii.
762 465 900 522 Nam
944 465 1041 538 qui
1076 477 1162 524 est
1187 466 1432 540 adiutor,
1468 478 1554 524 est
1603 470 1822 542 adiutor
1861 472 1916 526 in
1950 472 2096 541 peri-
2123 480 2169 537 Α
2198 484 2321 532 acta
2364 481 2700 548 poenitentia
2757 488 3066 543 transmisit
3107 487 3175 543 ad
3226 487 3409 558 ignem
3464 492 3791 546 aeternum?

510 565 653 620 culis
685 573 741 619 et
792 563 964 620 rebus
1015 564 1284 629 adversis,
1325 574 1387 619 ut
1431 566 1528 635 qui
1575 567 1688 620 vim
1733 567 1985 637 repellat.
2024 568 2093 622 Et

509 656 637 711 ideo
671 655 856 711 dictus
913 665 1000 711 est
1024 656 1236 720 Graece,
1289 656 1502 729 βοηθὸς,
1533 673 1565 712 a
1621 658 1676 713 vi
1730 659 2087 729 repellenda:

509 747 657 818 quod
689 747 917 819 quidem
956 747 1163 802 dicitur
1210 747 1279 801 de
1331 748 1448 803 sola
1502 748 1768 803 Ecclesia.
1803 747 1859 803 Si
1901 756 2091 805 autem

509 855 728 894 omnem
786 855 1006 894 carnem
1041 849 1099 894 et
1133 839 1414 894 carnalem
1471 840 1761 895 mulierem
1807 841 2092 897 existimas

507 929 787 984 nominari
802 929 1132 1000 adiutricem
1156 929 1436 984 hominis:
1470 930 1750 999 quomodo
1796 946 1908 985 non
1933 931 2090 985 inve-

507 1022 693 1075 nimus
720 1032 844 1090 post
868 1022 1011 1075 hanc
1033 1021 1364 1091 adiutricem
1394 1037 1517 1091 quae
1539 1020 1684 1076 facta
1722 1032 1810 1077 est
1839 1023 1895 1077 in
1923 1038 2089 1093 para-

504 1112 649 1175 diso,
674 1112 838 1166 aliam
862 1127 1248 1181 quamcunque
1273 1113 1567 1166 mulierem
1594 1114 1793 1179 sancti,
1832 1123 1928 1169 aut
1953 1131 2087 1170 san-

504 1213 673 1268 ctam,
712 1212 808 1256 aut
833 1203 1261 1273 prophetissam,
1294 1214 1392 1259 aut
1421 1205 1754 1274 patriarcha
1771 1206 2084 1277 coniugem,

504 1297 832 1366 appellatam
861 1296 1188 1366 adiutricem
1218 1298 1324 1351 viri
1355 1297 1410 1350 in
1451 1307 1568 1352 tota
1622 1298 1810 1352 divina
1835 1298 2088 1370 Scriptu-

503 1390 593 1443 ra?
643 1389 946 1457 Diligenter
1005 1388 1155 1442 enim
1205 1389 1314 1443 hoc
1341 1389 1575 1445 scrutati
1610 1405 1807 1445 sumus
1835 1400 1929 1456 ,et
1975 1405 2087 1446 non

502 1478 840 1533 invenimus.
878 1478 1011 1532 Nam
1036 1478 1082 1533 si
1107 1494 1406 1534 commune
1431 1494 1659 1544 nomen,
1691 1490 1766 1543 et,
1794 1488 1855 1534 ut
1885 1481 2085 1547 dicam,

501 1571 819 1626 universale
857 1580 1004 1625 esset
1031 1572 1087 1625 in
1116 1572 1377 1626 muliebri
1412 1587 1619 1642 genere
1648 1572 1806 1635 illud,
1843 1572 2084 1642 adjutor,

500 1665 621 1719 ﬁeri
652 1679 761 1718 non
805 1672 993 1734 posset
1043 1673 1105 1719 ut
1143 1680 1258 1719 non
1298 1665 1466 1719 situm
1497 1674 1646 1720 esset
1687 1666 1745 1720 in
1799 1665 2088 1734 Scriptura

498 1756 708 1819 divina,
739 1756 822 1809 vel
851 1771 975 1809 cum
1027 1756 1247 1825 accepit
1281 1755 1386 1809 sibi
1420 1755 1772 1826 adiutricem,
1807 1764 1903 1810 aut
1929 1755 2084 1820 Seth,

496 1857 593 1903 aut
619 1848 877 1909 Lamecb.
905 1856 1001 1902 aut
1041 1847 1177 1912 Noe,
1233 1856 1331 1902 aut
1367 1847 1669 1912 Abraham,
1729 1856 1825 1902 aut
1883 1847 2087 1917 aliquis

495 1941 661 1995 alius.
689 1942 795 1996 Sed
820 1941 874 1994 in
907 1940 1172 1995 omnibus
1199 1940 1294 2009 qui
1317 1940 1599 2012 coniuncti
1646 1948 1778 1995 sunt
1804 1955 1931 1996 cum
1960 1956 2085 1995 mu-

494 2030 751 2096 lieribus,
785 2030 861 2084 ita
886 2030 1132 2100 positum
1160 2030 1436 2084 invenies.
1476 2030 1574 2085 ille
1603 2030 1753 2085 illam
1793 2029 2007 2100 accepit
2028 2029 2087 2084 in

495 2134 749 2185 uxorem,
768 2134 879 2172 non
910 2120 964 2172 in
986 2118 1339 2190 adiutricem.
1375 2118 1600 2189 Absque
1622 2120 1733 2174 ulla
1758 2128 2088 2175 controver-

494 2210 576 2264 sia
604 2209 690 2263 vir
715 2211 900 2280 potius
929 2219 1015 2265 est
1057 2210 1280 2281 adiutor
1324 2212 1574 2282 cuiusvis
1604 2212 1882 2279 mulieris,
1907 2221 1970 2267 ut
1988 2213 2084 2283 qui

493 2305 572 2360 sit
604 2304 725 2374 eius
756 2313 943 2373 caput,
979 2313 1209 2358 curator
1269 2312 1327 2359 et
1352 2304 1633 2360 defensor.
1669 2304 1725 2360 Si
1768 2314 1952 2361 autem
2000 2305 2085 2361 fe-

493 2395 644 2449 mina
665 2403 751 2449 cst
771 2394 1020 2464 adiutrix
1054 2394 1312 2459 masculi,
1334 2410 1433 2449 cur
1462 2410 1576 2449 non
1605 2395 1781 2466 magis
1815 2395 2084 2451 mulieres

494 2486 551 2541 in
582 2486 749 2541 bellis
785 2494 935 2540 stant
966 2486 1021 2539 in
1058 2486 1201 2550 acie,
1239 2486 1336 2541 sed
1384 2487 1493 2540 viri
1530 2494 1782 2557 pugnant
1814 2502 1916 2556 pro
1959 2503 2083 2543 mu-

493 2577 728 2633 lieribus
775 2587 874 2631 :et
913 2593 1011 2647 per
1066 2579 1240 2631 maria
1295 2586 1531 2632 currunt
1581 2578 1711 2643 viri,
1763 2588 1820 2632 et
1875 2579 2083 2634 terram

495 2672 709 2735 colunt,
764 2679 821 2725 et
882 2672 1131 2725 omnium
1200 2686 1389 2725 curam
1439 2679 1680 2741 gerunt,
1738 2680 1796 2725 ct
1846 2671 2085 2727 feminas

495 2772 833 2834 protegunt:
871 2763 1083 2817 nullam
1135 2778 1249 2817 non
1293 2763 1607 2817 machinam
1642 2762 1978 2819 adhibentes
2027 2772 2119 2819 et.

497 2860 675 2907 artem
726 2864 787 2907 ut
826 2852 942 2906 suis
972 2852 1244 2906 uxoribus
1278 2868 1438 2922 opem
1490 2852 1722 2908 ferant?
1757 2852 1854 2908 Sin
1893 2862 2083 2908 autem

498 2952 764 3014 tanquam
814 2960 1041 2999 crassus
1086 2953 1143 2998 et
1191 2955 1406 2999 amator
1443 2944 1631 2999 carnis
1683 2944 1824 3001 dicis
1873 2945 2083 3001 coitum

496 3036 754 3099 masculi,
783 3036 1176 3109 adiumentum
1204 3053 1217 3088 :
1253 3052 1343 3097 res
1394 3051 1526 3106 ergo
1553 3036 1634 3090 sic
1663 3036 1908 3091 debebat
1945 3052 2082 3109 pro-

496 3127 721 3193 cedere,
752 3137 810 3183 et
863 3144 974 3183 non
1021 3128 1198 3199 magis
1229 3128 1375 3182 utin
1423 3127 1627 3183 cubilis
1684 3130 2081 3199 congressibus

497 3223 760 3277 tollerent
803 3237 1007 3278 uxores
1032 3222 1246 3293 gladios
1277 3222 1394 3277 suis
1417 3221 1772 3293 coniugibus,
1807 3232 1869 3278 ut
1894 3223 2082 3279 cubile

495 3327 756 3390 pararent
785 3318 930 3375 aliis.

566 3432 675 3489 Sed
723 3440 780 3487 et
811 3432 988 3496 canis,
1026 3437 1083 3487 et
1107 3446 1259 3495 ursa,
1285 3439 1342 3485 et
1367 3429 1565 3496 leaena,
1603 3439 1662 3486 et
1706 3430 1978 3504 hirundo,
2025 3441 2083 3489 et

494 3547 688 3589 omnes
738 3531 961 3585 feminae
1009 3529 1356 3595 animalium,
1399 3528 1674 3583 deberent
1706 3529 1897 3583 vocari
1926 3529 2085 3600 adiu-

495 3628 664 3681 trices
686 3639 913 3680 suorum
949 3623 1349 3678 masculorum.
1382 3621 1489 3677 Sed
1516 3636 1628 3675 non
1655 3628 1742 3676 est
1771 3620 1875 3676 ita:
1909 3637 2085 3690 quan-

495 3719 795 3788 doquidem
844 3715 1105 3771 feminam
1139 3714 1582 3784 uniuscuiusque
1606 3712 1828 3783 generis
1853 3727 1953 3768 seu
1981 3728 2085 3768 νο-

492 3812 690 3877 lucris,
732 3827 831 3864 seu
874 3809 1026 3870 ferae,
1062 3823 1161 3862 seu
1222 3807 1463 3878 reptilis,
1508 3815 1738 3862 vocaret
1793 3805 2084 3877 Scriptura

493 3904 823 3974 adiutricem
848 3899 1118 3965 masculi;
1163 3898 1261 3953 sed
1311 3914 1664 3969 nequaquam
1696 3899 1804 3954 hoc
1845 3899 1955 3954 dici
1987 3914 2086 3953 au-

494 3996 738 4050 divimus
757 3996 812 4048 in
834 3992 1121 4058 iumentis,
1144 3998 1243 4045 aut
1266 3991 1480 4057 bestiis,
1506 4000 1603 4045 aut
1622 3991 1968 4056 natatilibus,
1988 3999 2085 4046 aut

495 4086 852 4139 volucribus:
886 4082 977 4136 sed
1010 4082 1065 4135 in
1098 4081 1219 4135 solo
1245 4079 1478 4134 Adamo.
1508 4081 1646 4135 Nam
1682 4081 1726 4135 si
1761 4082 1880 4135 dari
1914 4094 2084 4151 opor-

498 4187 578 4231 tet
638 4177 1020 4246 adiumentum
1050 4187 1113 4226 ea
1146 4170 1449 4225 animantia
1499 4186 1623 4240 quae
1658 4179 1787 4224 sunt
1832 4171 2085 4239 subiecta

497 4268 686 4325 manui
730 4264 995 4325 hominis,
1040 4271 1097 4316 et
1148 4260 1205 4315 in
1228 4276 1351 4330 quae
1391 4275 1621 4330 regnum
1645 4260 1883 4324 obtinet,
1910 4258 2086 4330 magis

496 4371 663 4432 egent
687 4359 1031 4428 adiumento.
1050 4355 1153 4409 llic
1179 4359 1365 4407 autem
1391 4352 1682 4407 audiamus
1712 4352 2082 4417 contrarium,

498 4453 648 4525 quod
686 4448 898 4505 homini
925 4447 1021 4518 qui
1074 4453 1159 4500 est
1187 4445 1449 4516 princeps
1495 4454 1552 4500 et
1577 4445 1838 4500 dominus
1865 4485 1880 4511 ,
1913 4458 1971 4501 et
1995 4446 2084 4501 cui

2195 565 2347 622 Bona
2372 578 2561 625 autem
2584 572 2902 630 etclemens
2936 576 3180 649 adiutrix
3202 577 3320 647 ipsa
3360 576 3567 632 Christi
3592 578 3791 633 Eccle-

2192 660 2298 726 sia,
2330 663 2592 732 praebens
2622 667 3015 735 peccatoribus
3043 669 3227 725 locum
3255 679 3314 724 et
3356 678 3577 739 tempus
3602 670 3789 739 paeni-

2194 753 2406 821 tentiae,
2434 764 2492 810 et
2522 756 2770 814 latrones
2815 769 2875 815 et
2914 775 3122 832 magos,
3154 770 3211 816 et
3257 760 3356 816 Dei
3388 767 3691 831 negatores
3728 771 3787 816 et

2193 848 2521 906 idololatras
2564 860 2750 922 potest
2804 854 3024 910 efﬁcere
3065 855 3214 911 cives
3246 854 3372 911 caeli
3423 865 3480 909 et
3526 854 3789 910 baeredes

2191 942 2435 1011 paradisi
2459 959 2526 999 ac
2572 944 2727 1015 regni
2787 947 3079 1002 caelorum.
3112 944 3404 1012 Quomodo
3434 956 3621 1002 autem
3660 946 3786 1016 ipsa

2190 1031 2338 1089 facta
2386 1043 2472 1090 est
2528 1044 2586 1090 et
2628 1037 2931 1091 constituta
2974 1051 3040 1092 ac
3084 1037 3373 1093 nominata
3428 1035 3678 1107 adiutrix
3723 1046 3786 1092 et

2193 1126 2465 1181 servatrix
2490 1127 2705 1195 mundi,
2735 1129 2929 1184 audiat
2946 1128 3115 1184 surda
3143 1129 3428 1201 Synagoga
3453 1144 3616 1184 suum
3650 1145 3786 1200 pro.

2190 1218 2414 1288 phetam
2438 1218 2642 1275 Mosem
2693 1219 3012 1276 dicentem:
3052 1218 3120 1274 Et
3145 1221 3285 1275 misit
3345 1221 3604 1276 Dominus
3635 1221 3783 1276 Deus

2189 1309 2444 1361 exstasim
2473 1309 2528 1361 in
2548 1309 2838 1376 Adamum,
2872 1317 2921 1363 et
2951 1310 3130 1379 sopiit,
3180 1319 3231 1364 et
3278 1313 3477 1382 accepit
3517 1328 3682 1367 unam
3716 1327 3782 1367 ea:

2187 1400 2344 1453 costis
2370 1401 2508 1471 ejus,
2532 1411 2581 1455 et
2628 1401 2850 1472 replevit
2873 1418 3089 1456 carnem
3111 1392 3206 1473 pro
3230 1404 3347 1474 ipsa
3373 1419 3393 1467 ;
3420 1412 3471 1457 et
3493 1404 3781 1472 aediﬁcavit

2187 1491 2447 1548 Dominus
2479 1493 2639 1561 Dens;
2680 1503 2881 1550 costam
2920 1510 3082 1566 quam
3107 1497 3305 1566 accepit
3354 1511 3421 1549 ea:
3460 1496 3667 1550 Adamo
3722 1496 3779 1551 in

2189 1585 2485 1653 mulierem,
2522 1595 2573 1640 et
2611 1586 2832 1641 adduxit
2855 1603 2974 1640 eam
2999 1586 3068 1640 ad
3095 1587 3405 1661 Adamum,
3436 1585 3776 1640 Profundam

2190 1677 2284 1733 hic
2313 1678 2478 1733 video
2511 1678 2813 1733 dictionem
2839 1687 2894 1734 et
2929 1677 3307 1749 contemplatu
3326 1676 3776 1741 diliicilem,cum

2189 1770 2305 1824 sint
2349 1771 2522 1825 multa
2553 1771 2722 1827 dubia
2758 1771 2815 1826 in
2840 1771 2909 1826 iis
2939 1787 3063 1842 quae
3094 1781 3227 1826 sunt
3284 1770 3592 1841 proposita.
3638 1769 3777 1825 Illud

2187 1868 2316 1918 ante
2337 1862 2444 1917 alia
2472 1862 2681 1919 infideli
2701 1872 2758 1919 et
2774 1864 2985 1919 carnali
3000 1864 3191 1919 Judan
3212 1864 3399 1934 exigat
3424 1864 3700 1928 Ecclesia,
3719 1872 3780 1919 ut

2187 1952 2340 2009 dicat
2369 1956 2674 2024 quomodo.
2712 1972 2841 2012 cum
2871 1957 3021 2012 Deus
3070 1964 3245 2013 staret
3269 1958 3429 2028 iuxta
3478 1956 3775 2022 Adamum,

2186 2056 2245 2103 et
2296 2048 2471 2103 veluti
2505 2048 2744 2119 quadam
2799 2048 3007 2104 medici
3051 2057 3190 2115 arte,
3239 2056 3303 2104 ut
3355 2058 3417 2105 tu
3466 2048 3774 2113 existimas,

2186 2146 2405 2193 secaret
2437 2139 2559 2211 eius
2585 2148 2816 2203 costam,
2857 2137 3341 2211 dicitScriptura:
3393 2136 3634 2210 Repleoit
3657 2156 3775 2193 car-

2186 2244 2306 2282 nem
2328 2245 2427 2301 pro
2446 2245 2530 2297 ea,
2553 2236 2604 2283 et
2627 2230 2853 2283 adduxit
2874 2246 2993 2284 eam
3013 2230 3085 2284 ad
3113 2230 3383 2286 Adamum
3396 2248 3415 2296 ;
3437 2244 3565 2285 cum
3595 2244 3776 2301 neque

2185 2320 2334 2376 Deus
2362 2325 2728 2387 recessisset,
2761 2338 2945 2393 neque
2976 2323 3178 2379 mulier
3225 2338 3348 2393 qua:
3374 2322 3521 2378 facta
3549 2330 3673 2379 erat
3708 2337 3779 2378 ex

2184 2410 2419 2476 Adamo,
2449 2412 2547 2467 sed
2569 2412 2736 2466 ambo
2760 2413 2926 2469 simul
2960 2419 3155 2468 essent
3174 2456 3189 2480 ,
3223 2412 3374 2487 unde
3399 2412 3636 2468 adduxit
3657 2428 3776 2468 eam

2185 2505 2334 2560 Deus
2358 2505 2426 2559 ad
2453 2505 2763 2561 Adamum?
2783 2504 3092 2576 Oportebat
3125 2505 3277 2561 enim
3308 2502 3533 2561 dicere:
3586 2504 3779 2574 AEdiﬁ-

2185 2598 2325 2651 cavit
2347 2596 2610 2652 Dominus
2634 2597 2774 2652 Deus
2797 2606 2997 2653 costam
3024 2599 3081 2652 in
3111 2595 3409 2662 mulierem,
3446 2604 3498 2651 et
3550 2599 3776 2654 ostendit
3840 2627 3846 2632 -

2186 2703 2305 2742 eam
2327 2688 2553 2743 Adamn.
2574 2689 2719 2744 lllud
2736 2689 2908 2755 enim,
2943 2689 3166 2744 adduxit
3189 2689 3610 2761 eam,signillcat
3632 2690 3773 2760 quod

2184 2789 2479 2851 postquam
2510 2783 2630 2852 ipsa
2682 2782 2830 2838 facta
2874 2791 2982 2849 est,
3013 2782 3202 2852 aliquo
3229 2781 3448 2852 aufugit
3496 2790 3557 2836 et
3580 2776 3772 2851 procul

2185 2882 2445 2944 scparata
2482 2874 2589 2929 fuit
2618 2891 2649 2930 a
2704 2890 2809 2931 suo
2839 2875 2986 2941 viro,
3020 2874 3222 2930 deinde
3277 2873 3427 2929 Deus
3487 2888 3615 2929 eam
3646 2890 3771 2929 com

2183 2979 2406 3021 versam
2432 2965 2659 3021 reduxit
2683 2966 2753 3021 ad
2778 2965 3050 3020 Adamum
3073 2962 3242 3036 906
3262 2965 3575 3049 spiritalem
3602 2972 3663 3020 et
3695 2976 3777 3021 se.

2183 3066 2462 3126 natorem,
2489 3058 2841 3129 corporalem
2873 3068 2931 3113 et
2959 3058 3082 3129 eius
3111 3058 3404 3128 coniugem
3446 3056 3772 3111 Ecclesiam.

2108 3174 2151 3232 α
2184 3151 2661 3217 Quomodoenim
2696 3150 2864 3221 paulo
2919 3160 3051 3205 ante
3096 3149 3238 3204 dixit
3267 3148 3562 3219 Scriptura
3601 3165 3769 3220 equo-

2184 3257 2312 3297 rum
2333 3250 2393 3298 et
2444 3241 2755 3297 bestiarum
2792 3250 2850 3297 et
2868 3242 3255 3313 iumentorum
3282 3239 3577 3296 ductorem
3602 3241 3775 3295 Deum

2186 3333 2561 3389 adducentem
2585 3334 2655 3388 ad
2682 3333 2958 3390 Adamum
2990 3342 3047 3388 et
3068 3333 3283 3388 bestias
3301 3341 3358 3387 et
3389 3333 3676 3398 volucres,
3703 3333 3774 3388 ita

2183 3440 2340 3481 nunc
2368 3442 2498 3481 eum
2530 3425 2703 3481 refert
2732 3440 2946 3496 sponsae
2974 3424 3342 3480 deductorem
3402 3423 3771 3478 adducentem

2185 3532 2446 3588 sponsam
2493 3517 2565 3572 ad
2616 3532 2884 3588 sponsum
2927 3515 3237 3572 Christum.
3275 3512 3384 3570 Sed
3426 3522 3771 3568 revertamur

2185 3606 2257 3661 ad
2288 3606 2513 3661 initium
2572 3605 2868 3670 orationis,
2898 3592 3213 3675 quaerentes
3248 3620 3316 3659 ex
3347 3618 3415 3658 eo
3437 3604 3656 3659 discere
3681 3603 3771 3674 qui

2180 3699 2343 3771 iubet
2389 3705 2449 3753 et
2494 3696 2661 3752 dicit:
2686 3696 2919 3763 Quaerite
2955 3704 3006 3751 et
3045 3698 3322 3751 invenietis
3355 3696 3424 3750 ⁸⁷.
3459 3696 3768 3763 Quomodo,

2186 3806 2314 3847 cum
2349 3799 2637 3846 narrasset
2689 3791 2854 3846 nobis
2881 3790 3167 3861 Scriptura
3200 3804 3552 3845 communem
3587 3797 3645 3845 et
3692 3789 3767 3845 in-

2187 3881 2477 3937 dividuam
2550 3891 2610 3937 et
2670 3883 3053 3950 incorruptam
3115 3879 3362 3934 hominis
3405 3887 3464 3933 et
3521 3878 3769 3936 mulieris

2186 3970 2782 4042 creationem,quando
2801 3970 2970 4025 dixit:
3004 3969 3076 4024 Et
3103 3970 3223 4041 fecit
3254 3969 3391 4024 Deus
3409 3969 3771 4036 (continemur!

2186 4067 2477 4136 imaginem
2520 4064 2622 4120 Dei
2650 4065 2770 4135 fecit
2822 4065 3019 4135 ipsum,
3054 4061 3353 4117 masculum
3403 4069 3455 4116 et
3520 4065 3770 4133 feminam

2188 4159 2306 4230 fecit
2340 4162 2480 4231 ipsos
2501 4175 2519 4224 ;
2544 4166 2738 4228 postea
2758 4164 2946 4210 narrat
2962 4155 3221 4226 privatim
3246 4170 3311 4209 ac
3336 4154 3618 4225 sigillatim
3637 4155 3769 4209 duas

2187 4261 2474 4324 separatas
2498 4252 2891 4322 generationes
2925 4249 3153 4321 penitus
3198 4247 3449 4303 diversas
3498 4263 3565 4303 ac
3608 4247 3769 4303 dissi-

2187 4343 2371 4408 miles,
2393 4350 2450 4398 et
2478 4358 2603 4413 quae
2636 4343 2783 4397 inter
2826 4356 2885 4397 se
2931 4341 3144 4395 nullam
3195 4339 3405 4394 habent
3456 4339 3771 4395 similitudi-

2190 4449 2531 4505 nem,neque
2550 4433 2699 4504 quod
2732 4433 2935 4503 attinet
2967 4433 3032 4487 ad
3056 4431 3495 4502 modum,neque
3524 4432 3675 4503 quod
3703 4426 3769 4486 ad

499 4522 635 4601 sunt
701 4542 893 4599 omnia
952 4540 1202 4610 subiecta
1255 4539 1360 4593 sub
1394 4538 1634 4608 pedibus
1663 4539 1818 4609 eius;
1858 4554 1971 4593 non
2000 4547 2086 4594 est
2117 4522 2161 4577 Ι)
2190 4529 2396 4584 locum.
2431 4526 2705 4582 Adamum
2747 4525 3026 4596 siquidem
3075 4525 3210 4580 fecit
3240 4534 3397 4580 extra
3458 4524 3773 4595 paradisum

501 4640 765 4692 inventus
802 4635 1025 4705 adiutor
1069 4630 1399 4703 spiritualis,
1449 4630 1675 4700 adiutor
1700 4630 1848 4701 apud
1887 4631 2086 4698 Deum,

501 4733 724 4801 adiutor
750 4730 968 4803 animae,
992 4734 1142 4781 recte
1166 4739 1359 4779 curam
1386 4738 1591 4793 gerens
1625 4722 1776 4778 illius
1810 4723 2089 4779 hominis:

501 4826 675 4884 illius,
710 4818 1079 4890 inquam,qui
1133 4815 1338 4871 cecidit
1369 4815 1423 4868 in
1487 4814 1757 4880 latrones,
1811 4825 1868 4871 et
1902 4831 1933 4870 a
1980 4817 2094 4870 Deo

500 4917 738 4987 aufugit,
760 4923 817 4970 et
840 4913 947 4967 fuit
980 4911 1332 4974 vulneratus,
1361 4914 1419 4961 et
1449 4906 1627 4961 evasit
1660 4907 1949 4979 prodigus.
1986 4907 2094 4974 Qui

499 5020 690 5068 autem
725 5017 989 5076 tanquam
1044 5003 1340 5058 haereticus
1361 5008 1419 5055 et
1458 4998 1683 5054 invidus
1709 4999 1977 5054 adversus
2023 5016 2089 5056 ea

501 5118 628 5175 quae
683 5101 951 5155 dicuntur
988 5094 1349 5155 contradicit,
1411 5091 1509 5146 sed
1571 5101 1766 5146 contra
1815 5092 2085 5162 Spiritum

504 5202 759 5250 sanctqu
784 5200 842 5245 et
867 5189 1153 5246 Christum
1184 5187 1281 5256 qui
1308 5200 1406 5255 per
1435 5200 1498 5239 os
1531 5183 1712 5245 Pauli,
1739 5199 2088 5255 quaecunque

505 5288 772 5342 dicuntur
789 5284 858 5337 de
895 5282 1107 5337 Adamo
1137 5288 1194 5335 et
1230 5280 1364 5342 Eva,
1398 5276 1574 5332 refert
1620 5273 1688 5329 ad
1721 5274 2007 5331 Christum
2031 5285 2089 5331 et

506 5377 833 5435 Ecclesiam.
870 5374 1137 5429 Siautem
1169 5371 1306 5426 dicit
1334 5369 1582 5433 Judaeus,
1601 5367 1911 5438 legitimum
1955 5383 2098 5437 quo-

509 5482 620 5539 que
646 5465 857 5521 cultum
893 5478 1014 5519 esse
1047 5461 1358 5531 adiutorem
1407 5457 1692 5512 hominis:
1758 5456 2094 5527 cuiusmodi,

512 5572 721 5629 quaso,
750 5563 836 5611 est
873 5554 924 5610 is
970 5553 1212 5624 adiutor,
1241 5549 1334 5621 qui
1370 5560 1592 5603 omnem
1651 5554 1970 5616 peccantem
1996 5545 2100 5599 ho-

509 5653 717 5709 minem
743 5648 926 5704 statim
955 5646 1197 5718 puniens
1229 5645 1370 5699 citra
1405 5638 1899 5704 condonationem,
1946 5638 2099 5694 nulla

586 5832 632 5870 ⁸⁷
690 5831 885 5888 Matth.
923 5847 1018 5899 vn,
1042 5830 1095 5886 7.

2189 4623 2246 4678 in
2282 4620 2525 4692 quodam
2550 4620 2676 4675 loco
2700 4618 3083 4683 inenarrabili,
3111 4628 3170 4673 et
3198 4616 3697 4688 ininterpretabili,
3723 4625 3779 4673 et

2189 4712 2777 4784 incomprehensibili,
2834 4710 2983 4766 sicut
3013 4711 3181 4766 etiam
3243 4709 3377 4764 alibi
3410 4710 3547 4775 dixi,
3575 4709 3777 4765 deinde

2191 4822 2498 4873 eum,cum
2558 4813 2708 4862 esset
2753 4812 2935 4871 extra,
2986 4803 3298 4859 introduxit
3340 4803 3396 4857 in
3421 4803 3776 4873 paradisum:

2191 4902 2489 4957 mulierem
2517 4910 2702 4954 autem
2726 4899 2881 4954 intus
2910 4897 3044 4952 fecit
3087 4896 3145 4951 in
3203 4896 3487 4967 paradiso.
3515 4896 3779 4963 Quando-

2195 4993 2425 5064 quidem
2478 4990 2739 5049 Christus
2785 5002 3011 5059 quoque
3048 4988 3391 5043 intrinsecus
3439 5003 3470 5041 a
3501 4988 3665 5042 Patre
3714 4999 3780 5041 ex

2195 5088 2321 5142 loco
2377 5086 2568 5157 ignoto
2625 5092 2684 5138 et
2728 5080 3197 5151 ininterpretabili
3230 5081 3380 5152 (cum
3429 5088 3579 5136 esset
3634 5081 3779 5135 Deus

2196 5176 2468 5246 Verbum)
2522 5174 2593 5231 ad
2622 5190 2727 5230 nos
2751 5182 2840 5230 est
2885 5173 3192 5244 ingressus.
3225 5170 3437 5228 Deinde
3477 5172 3775 5228 Ecclesiam

2198 5287 2324 5342 qua:
2355 5270 2585 5332 dicitur,
2635 5269 2964 5339 adiutricem
3000 5266 3133 5321 fecit
3173 5280 3241 5321 ex
3298 5267 3527 5336 propria
3571 5266 3627 5319 in
3663 5265 3778 5334 ipso

2196 5372 2372 5420 costa.
2398 5363 2469 5418 Et
2500 5363 2627 5417 ideo
2650 5361 2860 5416 divisas
2893 5366 2950 5415 et
2983 5359 3288 5415 dissimiles
3333 5358 3534 5415 Adami
3562 5368 3621 5414 et
3657 5358 3777 5413 Evze

2199 5455 2596 5527 generationes
2622 5454 2787 5509 nobis
2832 5452 3004 5508 refert
3035 5467 3194 5507 sacra
3226 5453 3537 5523 Scriptura,
3595 5458 3659 5506 ut
3684 5446 3775 5518 qui

2198 5548 2355 5602 illum
2388 5547 2617 5618 quidem
2652 5561 2719 5601 ex
2751 5554 2896 5600 terra
2925 5544 3167 5598 inanima
3216 5544 3371 5614 prius
3403 5543 3623 5599 ﬁnxerit
3661 5542 3778 5597 ina-

2200 5640 2448 5706 nimum;
2485 5646 2542 5695 et
2588 5637 2790 5694 deinde
2815 5636 3061 5692 Verbum
3110 5651 3271 5690 suum
3308 5646 3365 5691 et
3402 5634 3603 5700 Deum,
3656 5646 3774 5688 cum
