4098 6502
19 1700 31 1753 ι

20 1805 34 1845 1

19 1994 34 2043 υ

19 2066 32 2135 i

19 2156 35 2225 ἡ

19 2246 33 2311 i

20 2458 34 2499 i

19 2548 35 2589 I

19 2734 30 2789 I
207 2787 210 2789 λ

19 2826 25 2871 ι

19 2920 23 2961 Ι
178 2919 192 2954 »⁷

20 3302 21 3335 ι
157 3315 160 3318 .

368 327 505 394 1031
1434 323 1515 384 IN
1554 317 1979 383 HEXAEMER

2079 313 2103 375 ’.
2136 338 2205 348 -
2232 314 2379 372 LIB.
2424 312 2505 370 IX
3485 299 3617 361 103?.

360 452 511 497 esset
537 435 797 492 inanimis
825 434 1025 506 (neque
1080 433 1226 488 enim
1253 446 1320 484 cx
1345 446 1403 484 se
1426 439 1510 484 cst
1537 426 1765 496 animal)
1815 424 1939 480 aui—
1970 428 2015 483 Α
2046 421 2371 493 (Synagoga,
2398 420 2643 489 inquam,
2674 415 3014 483 inda-orum)
3045 423 3300 467 manente
3344 428 3451 465 non
3483 416 3617 465 sub-

363 538 595 595 matum,
623 543 749 583 cum
784 505 890 582 non
921 535 1070 581 esset
1106 525 1331 585 animal,
1388 522 1695 576 animatum
1733 516 1939 586 produ-
2037 513 2204 584 jecta.
2238 513 2314 567 Ea
2345 513 2414 566 de
2444 526 2609 566 causa
2639 508 2774 562 dicit
2798 507 2947 575 quod
2976 506 3192 575 accepit
3220 520 3383 558 unam
3410 521 3475 559 ex
3501 505 3622 573 ejus

364 621 512 679 xerit
536 638 550 673 :
572 594 630 674 ct
662 617 864 673 deinde
895 616 1174 677 animarit,
1202 605 1443 676 ﬁnxerit,
1499 621 1555 665 et
1595 608 1897 664 viviﬁcarit
1928 625 1939 659 :
2043 604 2252 659 costis:
2282 619 2390 658 una
2425 602 2574 657 enim
2615 600 2940 660 assumitur,
2974 596 3081 651 alia
3110 611 3241 649 vero
3298 594 3621 649 dimittitur.

368 711 516 766 hanc
546 722 681 763 vero
716 722 783 761 ex
816 705 1055 760 animata
1098 704 1421 766 animatam,
1472 709 1531 756 et
1578 715 1649 754 ex
1699 697 1945 768 perfecta
2045 694 2190 749 Duas
2225 708 2357 764 ergo
2383 702 2568 748 costas
2596 689 2860 751 diximus,
2897 688 3037 742 duas
3074 685 3386 743 Ecclesias:
3426 701 3627 755 nempe

368 800 696 873 perfectam,
733 804 792 853 et
816 813 882 851 ex
931 796 1054 851 viva
1108 794 1389 849 viventem
1426 793 1595 846 vitam
1644 789 1948 846 fabricatus
2041 802 2163 842 eam
2195 801 2320 856 quae
2344 790 2430 839 est
2462 800 2529 839 ex
2545 781 2804 855 gentibus
2823 789 2879 835 et
2906 795 3028 835 eam
3056 795 3179 849 qum
3207 789 3372 833 estex
3396 778 3627 841 .ludaeis,

369 893 441 947 sit
488 901 547 945 et
589 890 918 959 appellarit,
964 889 1071 943 hoc
1119 895 1227 950 est,
1276 885 1329 940 ei
1359 884 1634 955 placuerit
1667 892 1728 938 ut
1780 883 1947 936 hemo
2044 876 2490 949 quandoquidem
2521 882 2881 945 propteream
2911 880 3120 927 costam
3147 885 3269 942 quae
3295 880 3515 941 sumpta
3543 883 3631 927 est

369 991 560 1037 mente
590 992 647 1035 et
672 981 858 1035 anima
905 979 1170 1049 praeditus
1227 976 1386 1032 ﬁeret
1423 975 1686 1029 Verbum.
1748 973 1949 1029 Factus
2047 979 2106 1024 et
2136 966 2402 1023 mdiﬁcata
2430 968 2486 1022 in
2516 966 2831 1029 mulierem,
2879 964 3088 1019 dictum
3119 971 3205 1018 est
3248 963 3318 1017 de
3353 962 3582 1018 Christo
3614 981 3630 1016 :

367 1076 519 1131 enim
551 1075 717 1129 homo
767 1073 1070 1129 animatus.
1093 1069 1395 1126 Ecclesiam
1452 1083 1518 1122 ex
1549 1083 1608 1121 se
1633 1064 1945 1130 aediﬁcavit,

374 1167 675 1223 auimatam
704 1144 916 1235 Spiritu
945 1172 1159 1218 sancto.

447 1258 506 1314 Si
575 1264 759 1319 autem
797 1269 923 1323 quae
979 1253 1105 1308 dico
1168 1251 1389 1315 irridet,
1447 1263 1680 1319 corpora
1735 1247 1958 1316 sapiens

374 1349 627 1412 Judaaus,
666 1348 784 1415 ipse
829 1345 992 1400 nobis
1024 1344 1175 1399 dicat
1203 1343 1484 1412 quomodo
1515 1342 1661 1395 Deus
1696 1339 1955 1408 omnipo-

379 1449 527 1503 tens,
555 1438 651 1507 qui
675 1450 869 1491 omnes
894 1433 1408 1489 cmlestesvirtutes
1434 1431 1488 1485 in
1518 1436 1801 1484 momento
1821 1435 1957 1480 tem-

378 1530 532 1602 poris
565 1528 731 1583 simul
781 1528 857 1580 ita
899 1533 961 1579 ut
980 1513 1092 1594 'per
1139 1538 1203 1579 se
1239 1522 1430 1579 essent
1489 1520 1722 1598 creavit,
1778 1508 1957 1573 solum

379 1623 664 1678 hominem
718 1627 776 1673 et
831 1618 1128 1673 humanam
1161 1616 1574 1671 multitudinem
1628 1624 1737 1668 non
1793 1611 1958 1666 simul

380 1712 564 1785 tinxit,
614 1716 811 1779 neque‘
846 1707 993 1779 ipsos
1042 1706 1211 1769 duos,
1269 1705 1562 1769 Adamum,
1601 1703 1846 1772 inquam,
1902 1707 1961 1754 et

2058 1061 2341 1132 Relinque:
2364 1068 2570 1128 patrem
2594 1076 2751 1114 suum
2776 1057 3084 1114 secundum
3130 1072 3381 1119 carnem,
3438 1072 3636 1125 nempe

2050 1153 2318 1224 populum
2368 1151 2681 1214 Judaicum,
2725 1158 2775 1201 et
2819 1159 3047 1203 matrem
3096 1165 3252 1202 suam
3273 1164 3397 1217 qua:
3456 1146 3635 1217 ipsum

2055 1245 2274 1315 peperit
2303 1244 2647 1314 SynagOgam
2673 1260 2687 1294 :
2716 1252 2762 1294 et
2813 1240 3104 1293 adhwrebit
3133 1240 3290 1293 uxori
3322 1255 3451 1302 sure,
3515 1254 3639 1308 qua:

2055 1342 2374 1390 exeonata
2422 1346 2509 1388 est
2554 1330 3036 1403 costac,Ecclesiaa
3089 1331 3308 1386 scilicet
3353 1331 3637 1402 gentium:

2058 1436 2109 1480 et
2144 1436 2298 1481 erunt
2336 1427 2439 1479 duo
2472 1427 2527 1479 in
2551 1442 2767 1492 carnem
2798 1440 2963 1481 unam
3006 1423 3073 1477 ⁷ο.
3112 1421 3371 1478 Christus
3403 1424 3552 1477 enim
3584 1432 3641 1479 et

2058 1517 2309 1573 Ecclesia
2340 1533 2449 1572 una
2497 1528 2584 1574 est
2633 1517 2931 1573 consensio
2980 1496 3051 1572 et‘
3091 1504 3480 1572 consonantia.
3522 1512 3633 1568 Nos

2060 1609 2207 1664 enim
2235 1624 2429 1667 sumus
2446 1625 2649 1680 corpus
2664 1610 2969 1676 Christi,et
2994 1609 3241 1664 membra
3262 1625 3331 1664 ex
3354 1608 3641 1672 membris,

2061 1710 2119 1757 et
2149 1718 2345 1758 carnes
2393 1711 2451 1758 et
2495 1717 2640 1759 ossa.
2674 1703 2791 1758 Dici
2823 1711 3054 1774 possunt
3084 1702 3251 1759 etiam
3309 1701 3433 1758 due
3477 1710 3645 1757 costae

380 1801 594 1856 Evam?
635 1799 790 1856 Unde
819 1798 986 1854 etiam
1018 1812 1146 1852 cum
1174 1810 1369 1851 omnes
1400 1795 1624 1850 fecisset
1673 1791 1880 1847 bestias
1905 1798 1962 1845 et
1994 1791 2036 1812 ν
2062 1794 2270 1852 Christi
2305 1796 2536 1851 secundi
2593 1795 2813 1861 Adami,
2843 1796 2963 1867 ejus
2985 1795 3252 1851 divinitas
3281 1804 3340 1851 et
3387 1796 3647 1851 humani-

379 1890 690 1965 animantia
711 1897 768 1943 et
808 1887 1063 1942 volucres
1084 1894 1142 1942 et
1191 1884 1374 1955 pisces
1404 1882 1713 1938 secundum
1763 1894 1961 1952 genus,

384 1995 446 2039 ut
472 1988 805 2053 generarent
860 1979 1146 2034 masculus
1193 1986 1250 2033 et
1299 1976 1503 2031 femina
1559 1990 1659 2045 per
1708 1984 1965 2028 mutuum

386 2077 535 2131 inter
575 2089 633 2128 se
660 2087 1026 2142 congressum
1059 2071 1114 2126 e't
1141 2071 1372 2133 coitum,
1399 2083 1747 2138 nequaquam
1775 2068 1831 2122 in
1858 2066 1968 2122 illis

386 2167 649 2229 omnibus
696 2164 1002 2218 nominavit
1032 2161 1321 2231 Scriptura
1347 2161 1655 2217 maSculum
1700 2169 1757 2215 et
1792 2159 1958 2215 femi-

390 2274 545 2335 nam,
573 2257 676 2311 nisi
703 2256 757 2309 in
783 2257 902 2309 solo
934 2255 1161 2309 homine
1196 2263 1255 2308 et
1285 2254 1419 2315 Eva,
1473 2252 1707 2308 dicens:
1756 2248 1968 2307 Mascu—

387 2353 504 2408 lum
553 2361 605 2406 et
634 2352 887 2421 feminam
931 2350 1050 2418 fecit
1085 2364 1193 2423 eos.
1229 2338 1386 2414 Quod
1411 2346 1638 2416 quidem
1679 2359 1781 2399 nos
1808 2343 1972 2399 docet

382 2444 719 2513 admirabile
792 2443 1149 2511 mysterium;
1209 2426 1335 2495 dico
1401 2448 1586 2493 autem
1646 2437 1970 2509 mysterium

384 2537 606 2599 Christi
634 2545 693 2591 et
722 2536 1003 2590 Ecclesiae.
1055 2533 1386 2589 Dicitenim
1424 2549 1435 2586 :
1478 2530 1545 2586 Et
1572 2532 1793 2585 immisit
1833 2529 1971 2582 Deus

396 2631 655 2684 mtasim
680 2631 736 2683 in
758 2631 974 2684 Adamo.
1006 2630 1126 2683 Non
1153 2628 1314 2692 dixit,
1370 2629 1532 2693 misit,
1582 2626 1701 2690 sed,
1724 2627 1973 2691 immisit;

401 2722 515 2776 hoc
538 2731 653 2776 est:
679 2721 792 2775 Non
822 2722 888 2774 ad
935 2721 1043 2775 hoc
1094 2720 1245 2789 quod
1301 2719 1546 2775 habebat
1573 2717 1970 2785 essentialitpr.

402 2814 630 2868 immisit
660 2813 800 2866 Deus
846 2823 901 2866 et
932 2814 1114 2876 Pater,
1148 2812 1244 2866 sed
1272 2812 1340 2865 ad
1376 2811 1431 2865 id
1482 2810 1631 2881 quod
1681 2825 1782 2880 per
1820 2803 1975 2863 addi-

396 2904 607 2960 tionem
636 2920 709 2958 ει·
729 2904 1143 2974 dispensatione
1160 2903 1354 2958 habuit
1375 2917 1474 2974 per
1495 2917 1741 2958 carnem.
1773 2901 1977 2959 Exces-

393 2997 472 3052 sit
503 2996 651 3050 enim
682 2995 859 3069 factus
882 2996 1028 3065 quod
1062 3011 1173 3050 non
1212 3003 1354 3060 erat,
1410 3011 1642 3051 manens
1697 2993 1975 3050 autemid

2065 1900 2167 1958 tas,
2209 1892 2383 1946 altera
2415 1891 2891 1962 quideminempe
2922 1890 3071 1961 caro)
3103 1891 3350 1962 subjecta
3391 1900 3447 1948 et
3483 1906 3647 1960 supe-

2066 1989 2183 2038 rata
2212 1998 2243 2038 a
2272 1997 2469 2038 somno
2488 1981 2710 2057 mortis;
2741 1981 3009 2048 divinitas
3040 1980 3187 2037 vero'
3228 1997 3340 2035 non
3397 1982 3646 2051 subjecta

2066 2062 2122 2131 ei
2164 2084 2425 2146 superata
2457 2090 2488 2129 a
2540 2090 2739 2131 somno
2774 2073 2992 2138 mortis,
3035 2072 3135 2128 sed
3180 2072 3349 2129 altior
3396 2073 3645 2144 subjecta

2068 2156 2241 2222 altera
2269 2176 2421 2221 costa
2448 2165 2653 2221 carnis.
2686 2164 2861 2232 Quam
2913 2162 3138 2255 quidem
3170 2179 3301 2218 cum
3336 2164 3649 2234 accepisset

2068 2259 2235 2323 Deus,
2275 2258 2571 2314 aediﬁcavit
2601 2272 2722 2312 eam
2777 2258 2832 2311 in
2859 2257 3153 2312 mulierem
3200 2255 3538 2311 Ecclesiam:
3591 2266 3650 2310 et

2068 2365 2171 2421 pro
2201 2348 2269 2405 ea
2285 2349 2518 2420 replevit
2538 2338 2744 2407 Christi
2759 2363 3004 2404 carnem.
3021 2347 3156 2402 Nam
3175 2363 3298 2403 cum
3317 2362 3419 2402 nos
3446 2347 3652 2415 imper-

2070 2442 2255 2497 tiisset
2287 2442 2608 2506 divinitate,
2639 2438 2885 2496 vicissim
2907 2454 2938 2493 a
2966 2439 3130 2494 nobis
3162 2439 3377 2508 accepit
3403 2452 3647 2492 carnem.

2072 2535 2149 2590 De
2189 2549 2298 2605 qua
2326 2532 2738 2604 permutatione
2776 2531 2891 2587 Deo
2938 2529 3163 2607 dicebat
3197 2529 3393 2594 David,
3451 2528 3652 2584 advero

2075 2641 2170 2681 sus
2190 2625 2412 2683 Iudaeos
2445 2625 2760 2681 exclamans
2801 2632 2858 2678 et
2887 2622 3080 2677 dicens
3127 2641 3138 2677 :
3187 2620 3657 2692 Exprobraoerunt

2076 2717 2539 2771 commutationem
2633 2711 2830 2769 Christi
2877 2712 2954 2764 tui
2985 2713 3069 2777 ἐς
3127 2711 3237 2767 hoc
3293 2720 3400 2770 est.
3432 2726 3655 2768 carnem

2076 2806 2201 2862 Filii
2224 2792 2532 2861 aﬂ'ecerunt
2567 2796 2785 2875 'probro
2834 2812 2893 2859 et
2936 2802 3292 2859 contumelia.
3342 2802 3410 2857 Et
3444 2804 3661 2861 immisit

2079 2897 2220 2954 Deus
2245 2898 2495 2952 exstasim
2520 2898 2574 2950 in
2592 2896 2787 2957 Adam,
2811 2902 2860 2948 et
2880 2895 3060 2966 sapiit,
3093 2902 3142 2947 et
3166 2896 3362 2966 accepit
3406 2912 3571 2950 unam
3597 2911 3663 2951 ea:

2080 2991 2234 3047 costis
2252 2991 2387 3062 ejus.
2413 2990 2521 3044 Per
2547 2988 2656 3042 hoc
2680 2986 2945 3042 discimus
2979 2986 3128 3057 quod
3158 2986 3228 3054 in.
3246 2986 3453 3043 Christi
3481 2995 3664 3044 morte

394 3087 545 3159 quod
580 3095 703 3142 erat
740 3088 882 3143 Deus
900 3087 1168 3153 Yerbum':
1196 3087 1431 3144 excessit
1462 3101 1595 3142 cum
1621 3096 1765 3142 esset
1790 3086 1973 3141 nudus
2005 3098 2049 3157 α
2085 3092 2278 3138 exorta
2307 3090 2413 3136 est.
2445 3089 2504 3137 et
2558 3081 2616 3135 in
2675 3080 2856 3137 lucem
2884 3078 3161 3151 processit
3208 3080 3491 3148 Ecclesia,
3540 3097 3664 3152 qua:

393 3186 454 3234 et
480 3179 902 3255 incompositus,
926 3178 1105 3235 factus
1136 3179 1483 3249 compositura
1536 3178 1683 3234 Deus
1726 3179 1889 3234 simul
1923 3188 1981 3234 et

386 3268 587 3324 homo.
618 3270 695 3323 De
718 3280 827 3339 qua
843 3270 1049 3324 exstasi
1074 3285 1177 3325 seu
1217 3284 1451 3325 excessu
1508 3278 1567 3324 et
1593 3269 1981 3325 incarnatione

373 3360 543 3416 dixit
566 3360 623 3423 ,ei
655 3360 926 3430 propheta
979 3360 1272 3417 Habacuc:
1326 3359 1633 3415 Dissecaisti
1690 3361 1747 3414 in
1781 3363 1982 3416 exstasi

398 3454 581 3524 capita
614 3463 889 3525 potentum
923 3453 992 3518 ⁸⁸,
1023 3453 1131 3509 hoc
1188 3461 1295 3519 est,
1329 3454 1692 3510 adversarum
1741 3444 1986 3525 potesta-

399 3551 543 3601 tum.
569 3544 911 3600 Pro'exstasi
942 3553 1127 3600 autem
1154 3546 1299 3601 alius
1329 3545 1609 3616 interpres
1635 3546 1774 3602 dixit
1803 3555 1986 3618 torpo-

399 3652 553 3700 rem;
584 3635 752 3701 alius,
775 3644 1104 3703 veternum;
1132 3636 1276 3692 alius
1310 3653 1590 3692 somnum.
1631 3638 1847 3709 Torpor
1883 3648 1985 3693 au-‘

401 3734 541 3788 tem,
566 3733 833 3782 veternus
850 3735 908 3780 et
934 3743 1188 3790 somnus,
1215 3738 1349 3784 sunt
1381 3730 1510 3785 vitae
1540 3737 1598 3784 et
1635 3731 1835 3785 mortis
1856 3747 1988 3802 par-

402 3816 641 3887 ticipes;
674 3826 735 3872 ut
757 3817 803 3872 si
834 3817 1049 3875 diceret
1082 3837 1095 3873 :
1132 3821 1296 3874 Prius
1328 3819 1659 3877 immortalis
1692 3823 1748 3877 ét
1777 3822 1989 3878 insom-

401 3909 499 3967 nis
526 3910 670 3965 Deus
695 3910 940 3965 Verbum
973 3912 1028 3965 in
1057 3906 1285 3967 excessu
1311 3919 1367 3965 et
1391 3912 1543 3966 exitu
1579 3927 1611 3966 e
1640 3913 1795 3968 emiis
1821 3926 1987 3969 carne

402 4004 862 4072 suScepta,carne
879 4003 1047 4058 etiam
1066 4003 1307 4073 gustavit
1323 4018 1574 4058 somnum
1591 4004 1785 4077 mortis
1811 4005 1989 4060 factus

404 4092 1024 4163 h‘omo.Sapieutissime
1052 4104 1237 4149 autem
1264 4095 1475 4149 dictum
1506 4104 1592 4150 est
1622 4095 1772 4166 quod
1804 4097 1991 4171 Domi-

403 4198 518 4239 nus
545 4184 677 4237 Deus
702 4185 923 4238 immisit
950 4184 1007 4237 in
1035 4185 1214 4254 ipsam
1237 4184 1658 4259 hanc'exstasim
1682 4201 1777 4241 seu
1803 4201 1992 4243 exces-

403 4290 558 4338 sum,
589 4274 846 4343 etsopiit.
875 4274 1011 4328 Deus
1039 4274 1272 4329 enim'et
1304 4274 1469 4328 Pater
1488 4276 1701 4344 proprio
1721 4273 1856 4329 Filio
1888 4280 1993 4329 non

2084 3177 2307 3247 quidem
2355 3185 2440 3231 est
2487 3182 2661 3231 costa.
2713 3173 3085 3242 Quamobrem
3142 3172 3400 3231 Christus
3441 3190 3664 3245 quoque

2085 3278 2214 3341 post
2237 3276 2474 3324 mortem
2507 3277 2752 3338 punctus
2786 3267 2843 3322 in
2882 3280 2995 3321 uno
3044 3267 3242 3331 latere,
3305 3275 3564 3338 tanquam
3594 3283 3665 3323 ex

2085 3362 2427 3432 scaturigine
2460 3361 2649 3416 emisit
2680 3360 3005 3431 sanguinem
3037 3367 3095 3415 et
3126 3375 3362 3430 aquam;
3424 3362 3532 3418 hoc
3555 3372 3664 3429 est,

2085 3452 2412 3523 mysterium
2447 3458 2503 3506 et
2552 3454 3032 3522 regenerationem
3062 3453 3327 3509 Ecclesiae
3356 3469 3456 3524 per
3483 3446 3665 3524 ignem

2086 3552 2143 3599 et
2171 3559 2391 3615 aquam.
2425 3544 2494 3600 Et
2539 3543 2783 3599 nonfuit
2827 3545 3109 3601 sauciatus
3153 3546 3209 3600 in
3254 3546 3433 3601 altero
3457 3548 3663 3603 latere:

2087 3635 2221 3706 quid
2262 3636 2410 3690 enim
2461 3635 2567 3691 fuit
2617 3636 3011 3706 impedimento
3031 3637 3347 3693 Judzeorum
3401 3640 3663 3702 insaniae.

2040 3769 2045 3775 .
2088 3728 2388 3798 quominus
2421 3736 2711 3798 pateretur
2746 3727 3017 3784 Dominus
3067 3730 3121 3784 in
3146 3729 3442 3800 utrisque?
3475 3731 3581 3787 Sed
3605 3742 3668 3787 ut

2089 3819 2367 3902 discentes
2419 3820 2575 3899 quod.
2611 3829 2762 3876 costa
2787 3821 3102 3893 Judatorum
3173 3832 3294 3877 eam
3344 3838 3455 3879 non
3510 3825 3669 3879 novit

2093 3911 2362 3981 mulgere,
2412 3926 2476 3966 ea
2512 3910 2581 3965 de
2612 3927 2775 3966 causa
2808 3911 3062 3967 Christus
3089 3914 3410 3975 vulneratur
3444 3916 3499 3971 in
3534 3931 3665 3973 una.

2092 4003 2264 4061 Unam
2315 4013 2498 4059 autem
2527 4014 2734 4058 costam
2765 4004 2980 4074 accepit
3022 4006 3170 4060 Deus
3194 4005 3459 4063 Verbum.
3515 4009 3664 4077 Quo-

2090 4088 2239 4148 niam
2274 4102 2462 4173 autem
2492 4109 2560 4161 ex
2594 4093 2720 4150 sola‘
2742 4102 2919 4149 matre
2981 4094 3174 4166 (super
3220 4096 3501 4171 naturam)
3544 4115 3670 4157 car-

2091 4194 2219 4240 nem
2256 4186 2504 4256 suscepit
2546 4186 2754 4256 absque
2797 4186 2938 4253 viro,
2962 4188 3131 4243 etiam
3162 4190 3397 4259 replevit
3444 4207 3669 4250 carnem

2091 4294 2204 4334 non
2253 4279 2579 4349 seminatam
2625 4295 2727 4349 pro
2757 4279 2850 4334 illa
2883 4288 3037 4335 costa
3067 4297 3192 4351 quae
3223 4292 3445 4355 sumpta
3485 4296 3671 4344 estex

404 4365 678 4436 pepercit,
705 4364 807 4418 sed-
827 4380 922 4435 pro
947 4364 1094 4419 nobis
1113 4364 1351 4418 omnibus
1397 4365 1619 4419 tradidit
1646 4367 1817 4437 ipsum
1848 4366 1893 4399 ”
1923 4367 1991 4422 ad
2025 4445 2045 4447 Α
2097 4371 2306 4427 Adamo
2333 4371 2391 4425 in
2418 4386 2667 4428 uxorem.
2700 4372 3001 4443 Postquam
3051 4375 3231 4430 dixit:
3265 4377 3336 4432 Et
3381 4379 3672 4447 aedificavit

406 4463 670 4516 mortem,
727 4453 782 4507 in
813 4470 923 4523 qua
950 4454 1192 4509 exceSsit
1235 4453 1527 4533 impolluta
1561 4456 1683 4541 ejus
1725 4456 1910 4525 anima
1957 4472 1987 4512 a
2023 4445 2065 4500 υ
2093 4459 2352 4516 Dominus
2387 4459 2526 4517 Deus
2561 4470 2783 4526 costam,
2813 4461 3021 4521 faciens
3050 4465 3359 4535 perfectum
3403 4445 3672 4539 punctum

408 4545 771 4601 sanctissimo
796 4555 1029 4615 corpore
1082 4553 1369 4615 separata:
1429 4560 1557 4601 cum
1601 4546 1720 4616 ipse
1765 4554 1990 4618 qucque

408 4637 743 4693 excessisset
763 4653 794 4692 a
820 4638 1180 4717 corruptione
1230 4638 1288 4693 in
1342 4638 1841 4709 incorruptionem,
1876 4650 1931 4697 et
1960 4656 1991 4697 a

408 4735 594 4782 morte
623 4728 689 4782 ad
718 4728 1218 4801 immortalitatem,
1262 4729 1476 4785 habens
1515 4745 1649 4785 vere
1683 4732 1991 4788 admirabi-

410 4820 527 4877 lem
547 4826 606 4874 et
633 4820 981 4889 spirituaiem
1010 4820 1276 4875 exstasim
1309 4835 1405 4874 seu
1438 4836 1754 4877 excessum.
1774 4823 1857 4877 De
1882 4840 1993 4895 quo

407 4910 551 4965 dicit
580 4905 763 4965 Deus:
818 4910 891 4965 Et
915 4912 1135 4964 immisit
1164 4910 1421 4965 Dominus
1466 4902 1613 4965 De'us.
1647 4911 1897 4967 exstasim
1935 4915 1992 4967 in

407 4998 698 5064 Adamum,
726 5008 774 5051 et
800 5000 981 5070 sopiit,
1016 5007 1065 5053 et
1092 4988 1288 5070 accepit
1307 5015 1473 5053 unam
1492 5016 1556 5053 ea:
1577 5002 1730 5055 costis
1746 5002 1897 5071 ejus.
1926 5002 1995 5056 Et

410 5103 516 5155 cur
540 5089 792 5143 costam?
842 5089 1165 5161 Subjectum
1199 5090 1514 5145 membrum
1537 5132 1551 5156 ,
1583 5090 1886 5147 dormienti
1909 5101 1996 5148 est

410 5193 526 5232 una
563 5188 711 5236 costa
738 5190 945 5250 praeter
974 5188 1189 5238 caetera-
1213 5183 1463 5238 membra
1492 5201 1507 5238 :
1540 5198 1713 5253 super
1739 5184 1849 5239 alia
1894 5200 1997 5240 au-

410 5262 533 5326 tem
561 5273 812 5332 membra
842 5282 928 5329 est
955 5273 1215 5344 imposita
1244 5290 1507 5346 superne.
1530 5274 1843 5332 Ostendens
1866 5292 1998 5348 ergo

409 5365 563 5421 Deus
592 5367 738 5436 quod
768 5374 922 5422 costa
947 5382 1070 5438 quae
1101 5368 1209 5423 fuit
1228 5370 1528 5438 aliquando
1549 5371 1799 5441 subjecta
1820 5371 2000 5442 (nem-

409 5470 484 5526 pe
508 5455 778 5528 Ecclesia)
817 5459 1148 5530 subjicietur
1177 5458 1425 5527 Christo,
1467 5462 1644 5517 altera
1673 5464 1795 5533 ejus
1839 5472 1997 5518 tosta

565 5655 766 5739 liabac.
796 5674 873 5739 tu“,
904 5657 990 5711 15.
1068 5658 1114 5689 ⁶⁹
1138 5657 1295 5713 Rom.
1320 5675 1435 5725 vm,
1470 5659 1559 5715 32.
1592 5661 1660 5713 .'°
1681 5660 1821 5715 Gen.
1860 5677 1919 5727 ιι,
1941 5661 2041 5728 2i;
2062 5661 2254 5721 Matth.
2278 5680 2393 5735 xix,
2427 5668 2484 5730 5;
2525 5667 2719 5739 Ephcs.
2750 5682 2804 5730 v,
2836 5666 2925 5720 3|.

407 5726 450 5757 τ’
488 5728 533 5784 Π
564 5726 693 5783 Cor.
729 5742 806 5789 xl,
841 5728 898 5781 2.

695 5822 966 5884 Pyram.
1005 5825 1121 5886 Gn.
1161 5825 1495 5887 LXXXIX.

2092 4567 2324 4627 magnus
2352 4552 2628 4617 Clemens,
2657 4563 2716 4609 et
2757 4561 2891 4613 tunc
2914 4570 3114 4612 versus
3164 4557 3375 4615 faciens
3424 4561 3669 4629 initium,

2094 4643 2413 4714 subiunxit:
2447 4642 2621 4709 Quam
2644 4646 2842 4716 accepit
2875 4645 2939 4699 ab
2984 4646 3158 4705 Adam
3180 4650 3236 4702 in
3271 4649 3597 4717 mulierem:
3616 4663 3674 4709 et

2095 4735 2231 4790 mihi
2266 4736 2489 4790 videtur
2538 4737 2626 4820 pie
2650 4736 2946 4792 admodum
2994 4740 3298 4797 attendisse
3345 4743 3669 4802 dictionem.

2096 4826 2235 4882 Nam
2266 4825 2615 4881 Theodotion
2669 4843 2892 4897 quoque
2942 4827 3023 4884 sic
3054 4829 3313 4885 distinxit
3345 4832 3491 4887 idem
3541 4850 3671 4889 ver-

2098 4914 2253 4978 bum,
2280 4923 2341 4968 ut
2384 4914 2457 4968 sit
2495 4914 2548 4968 id
2601 4915 2749 4984 quod
2791 4915 3035 4991 dicitur:
3074 4915 3146 4971 Et
3182 4918 3464 4986 wdiﬁcavit
3493 4920 3676 4976 Domi-

2101 5021 2198 5059 nus
2231 5005 2394 5070 Deus,
2424 5014 2473 5059 et
2499 5007 2727 5071 ornavit,
2773 5015 3148 5078 venustamque
3180 5017 3231 5062 et
3282 5008 3512 5081 lepidam
3558 5016 3677 5085 effe-

2101 5100 2192 5163 cit,
2249 5106 2298 5152 et
2337 5098 2685 5167 sanctiﬁcavit
2745 5105 2942 5151 costam
2977 5101 3154 5155 carnis
3185 5117 3345 5171 quam
3385 5106 3580 5174 accepit
3610 5107 3676 5160 ab

2105 5189 2306 5244 Adamn
2337 5184 2445 5245 sibi
2475 5190 2531 5244 in
2557 5205 2806 5255 uxorem,
2834 5188 3031 5262 nempe
3058 5193 3384 5249 Ecclesiam.
3407 5195 3519 5251 Cur
3542 5198 3680 5253 dicit

2101 5282 2338 5338 Paulus:
2381 5282 2648 5355 Despondi
2671 5300 2760 5338 vos
2786 5285 2879 5338 uni
2905 5286 3018 5340 viro
3048 5287 3290 5341 exhibere
3316 5289 3575 5360 virginem
3610 5292 3675 5347 τ’.

2105 5373 2258 5429 Unde
2279 5383 2445 5429 etiam
2496 5374 2640 5431 Deus
2666 5375 2858 5430 unitus
2879 5385 2937 5432 et
2973 5378 3284 5449 desponsus
3327 5381 3459 5438 huic
3486 5392 3675 5445 costae,

2104 5465 2182 5520 ait
2205 5482 2304 5536 per
2335 5467 2663 5538 prophetam
2706 5468 2971 5525 adultera:
3032 5469 3364 5543 Synagogae:
3404 5473 3525 5528 Non
3554 5489 3679 5529 sum

3038 5668 3081 5699 '"
3122 5669 3266 5724 Psal.
3306 5686 3561 5736 uxxvm,
3589 5672 3675 5731 59.

3245 5835 3323 5895 32
