4098 6422
506 334 644 400 mis

1688 342 1765 403 ‘S.
1807 339 2205 402 ANASTASII
2244 341 2570 401 SINAlT/E

3596 344 3754 408 109ίά

502 444 741 513 amplius
764 443 846 497 vir
863 452 1012 510 tuus,
1039 455 1095 500 et
1130 453 1188 500 tu
1209 461 1317 500 non
1349 460 1410 501 es
1436 447 1674 516 amplius
1704 462 1841 501 uxor
1868 461 1987 500 mea
2004 445 2072 499 ⁷³.
2104 446 2150 505 Α
2178 445 2427 509 membra
2458 444 2710 516 corporis
2733 456 2862 501 sunt
2891 447 3047 502 unita
3090 450 3146 504 in
3190 463 3425 522 corpore
3455 450 3521 512 ⁷⁸.
3544 466 3753 521 possu-

500 528 656 595 Quod
688 530 733 584 si
773 531 857 585 vis
887 530 1053 586 etiam
1082 530 1299 587 discere
1329 532 1623 587 aediﬁcium
1665 533 1829 602 hujus
1854 543 2019 599 costa:
2042 545 2073 585 a

503 619 614 673 Deo
644 620 955 688 conjuncta:
984 636 1106 691 qua:
1135 620 1241 677 fuit
1265 621 1562 691 aliquando
1594 622 1814 675 deserta
1836 631 1893 675 et
1917 620 2075 687 dere-

497 710 651 773 licta,
683 710 812 765 audi
846 710 896 766 ei
931 712 1147 765 unitum
1192 714 1513 782 angularem
1558 711 1796 781 lapidem
1831 712 2071 782 (ﬁrmum

498 808 557 856 et
607 802 1034 857 illabefactabile
1092 802 1534 874 fundamentum)
1578 802 1856 857 Christum
1888 803 2076 857 dicen—

502 901 611 946 tem
633 910 648 947 :
674 893 844 964 Super
867 895 1001 947 hanc
1024 903 1229 965 petram
1249 894 1515 962 wdiﬁcabo
1555 894 1848 949 Ecclesium
1876 911 2071 973 meam,

501 994 549 1037 et
582 995 747 1056 porta:
780 987 976 1056 inferni
1025 1003 1130 1040 non
1182 986 1540 1056 prtevalebunt
1575 986 1822 1040 adversus
1856 1002 1975 1045 eam
2003 987 2070 1040 “‘.

488 1075 629 1128 ‘Fuit
660 1074 807 1130 enim
844 1074 1111 1142 wdiﬁcata
1164 1090 1322 1145 super
1359 1073 1764 1144 fundamentum
1793 1071 1922 1126 ﬁdei
1953 1088 2076 1143 pro—

501 1162 779 1233 phetarum
798 1169 847 1214 et
867 1161 1227 1232 apostolorum
1249 1163 1316 1226 ⁷⁸,
1351 1161 1446 1231 qui
1490 1169 1620 1218 sunt
1667 1151 1799 1237 boni
1830 1159 2072 1230 operarii

500 1255 893 1323 sapientissimi
924 1253 1294 1308 aediﬁcatoris.
1318 1253 1550 1319 Quando
1576 1259 1761 1307 autem
1814 1253 1933 1306 haec
1960 1267 2071 1307 una

499 1355 652 1401 costa
718 1343 963 1398 Ecclesia
1039 1344 1146 1397 fuit
1202 1341 1505 1397 aediﬁcata?
1567 1343 1665 1396 Est
1714 1342 2070 1413 perspicuum

495 1438 644 1507 quod
687 1433 910 1505 quando
933 1434 1106 1488 altera
1154 1441 1306 1487 costa
1336 1432 1443 1486 fuit
1471 1432 1755 1498 derelicta,
1777 1441 1834 1487 et
1889 1431 2073 1505 disso-

492 1529 668 1583 lutum
692 1527 798 1581 fuit
830 1527 1075 1581 scc’undo
1102 1527 1367 1596 templum
1387 1525 1700 1579 Iudaicum.
1757 1523 1915 1590 Quod
1945 1523 2072 1594 qui-

493 1612 618 1675 dem
657 1636 783 1675 cum
814 1625 964 1673 esset
995 1626 1255 1688 tanquam
1285 1634 1392 1672 una
1428 1626 1582 1672 costa
1615 1616 1807 1687 Adami
1836 1615 2069 1681 Christi,

492 1712 787 1766 manifeste
817 1710 868 1764 id
901 1708 1055 1779 prius
1077 1708 1430 1764 describebat
1451 1724 1654 1776 nomen
1679 1708 1847 1778 primi
1870 1723 2071 1779 paren-

2176 542 2300 590 m’us
2341 536 2529 592 dicere
2579 537 2649 593 de
2699 553 3033 609 unoquoque
3073 555 3303 597 eorum:
3353 542 3464 597 Hoc
3513 561 3654 598 nunc
3685 561 3751 599 ea

2176 626 2378 680 ossibus
2403 629 2552 690 meis,
2591 635 2640 681 et
2673 643 2798 682 caro
2826 644 2889 682 ea:
2932 646 3094 683 carne
3121 648 3261 708 meo.
3293 633 3521 699 Quando
3558 644 3748 690 autem

2178 732 2247 772 ex
2278 733 2444 773 causa
2499 719 2681 789 aliqua
2702 719 2875 774 «fuerit
2926 721 3131 777 ablatio
3168 733 3223 778 et
3255 725 3481 780 divisio-
3511 726 3751 799 alicujus

2174 810 2415 864 membri
2457 826 2489 865 a
2527 825 2779 880 corpore,
2813 826 2925 866 non
2958 813 3131 868 habet
3176 816 3413 885 amplius
3440 818 3622 872 locum
3666 818 3752 871 di-

2176 913 2337 953 cere:
2363 899 2472 952 Hoc
2494 916 2635 953 nunc
2666 917 2723 954 os
2753 917 2818 955 ea:
2843 902 3043 956 ossibus
3069 906 3216 968 meis,
3240 913 3293 957 et
3327 922 3454 959 caro
3494 922 3558 960 ea:
3590 924 3751 961 carne

2176 1006 2330 1044 mea:
2365 991 2458 1045 sed
2501 991 2607 1046 hoc
2632 991 2738 1046 fuit
2780 992 3080 1062 aliquando
3106 1009 3164 1049 os
3184 1011 3249 1048 ea:
3287 997 3485 1050 ossibus
3517 1000 3666 1061 meis,
3695 1010 3751 1054 et

2177 1096 2306 1136 caro
2339 1098 2407 1136 ex
2435 1098 2666 1152 corpore
2695 1099 2839 1138 meo.
2867 1085 3027 1140 Nunc
3057 1096 3243 1141 autem
3264 1103 3374 1142 non
3406 1097 3492 1143 est
3510 1090 3749 1160 amplius

2175 1189 2238 1227 os
2258 1189 2441 1229 meum
2467 1170 2811 1244 neque"caro
2834 1192 2981 1244 mea;
3011 1178 3108 1233 sed
3145 1179 3362 1235 diversa
3398 1190 3513 1246 est,
3546 1182 3745 1248 ablata,

2173 1266 2381 1332 excisa,
2431 1267 2741 1323 abalienata
2783 1277 2871 1324 est
2918 1269 2999 1324 ab
3038 1271 3259 1326 ossibus
3294 1273 3435 1326 meis
3476 1282 3536 1327 et
3582 1289 3748 1330 carne

2173 1367 2314 1407 mea.
3671 1358 3683 1369 ”

2246 1444 2349 1498 Hic
2379 1452 2565 1511 autem
2586 1447 2645 1502 in
2666 1447 3097 1504 bacadmirabili
3130 1451 3401 1529 stupenda
3429 1462 3582 1509 costa
3610 1454 3751 1510 Ada-

2173 1535 2250 1590 mi
2284 1537 2395 1609 qui
2415 1537 2644 1604 dicitur,
2673 1555 2706 1594 e
2739 1543 3018 1597 contrario
3037 1558 3129 1597 res
3156 1543 3439 1607 dicuntur.
3461 1546 3597 1600 Nam
3625 1556 3749 1603 ante

2174 1624 2509 1681 ablationem
2532 1636 2588 1683 et
2620 1627 2951 1684 divisionem
2994 1639 3162 1686 costa:
3186 1636 3307 1702 quae.i
3338 1643 3555 1704 sumpta
3578 1644 3667 1691 est
3695 1646 3748 1690 et

2176 1732 2397 1787 egressa
2424 1735 2496 1773 ex
2524 1735 2761 1791 corpore
2786 1723 2927 1793 ejus,
2960 1738 3073 1778 non
3110 1724 3354 1780 diximus
3401 1728 3576 1796 ipsam
3603 1745 3659 1782 os
3687 1744 3748 1782 ea:

494 1802 567 1856 tis
594 1819 608 1867 ;
641 1817 773 1856 nam
810 1800 855 1854 si
878 1800 946 1854 ad
977 1800 1253 1854 calculum
1289 1799 1588 1854 reducatur
1612 1810 1815 1854 nomen
1851 1799 2069 1865 Adami,
2106 1779 2146 1832 Β
2177 1779 2375 1868 οξείιηιδ
2406 1814 2549 1885 eius,
2582 1779 2765 1885 ηξφη
2794 1779 3018 1869 {amem
3046 1831 3115 1872 οι
3144 1831 3311 1873 came
3345 1779 3486 1889 ciuis,
3519 1818 3747 1886 Quando

492 1894 718 1949 conﬁcit
776 1907 1073 1947 numerum
1135 1891 1499 1962 quadraginta
1544 1900 1601 1947 et
1650 1907 1768 1957 sex,
1804 1892 2073 1961 templum

490 1986 644 2046 enim
694 1983 1011 2048 Iudaicum,
1061 1982 1211 2051 quod
1268 1981 1588 2036 allomanis
1639 1978 1740 2035 fuit
1800 1980 2071 2047 dirutum,

492 2077 829 2133 aediﬁcatum
857 2077 1041 2133 fuerat
1058 2076 1427 2149 quadraginta
1449 2058 1542 2130 sex
1569 2075 1751 2130 annis.

565 2169 935 2239 Etwdiﬁeavit
958 2169 1214 2232 Dominus
1238 2168 1376 2222 Deus
1398 2175 1597 2222 costam
1655 2185 1817 2238 quam
1874 2168 2074 2239 accepit

490 2261 592 2314 sibi
619 2260 683 2314 ab
712 2260 917 2315 Adamo
943 2262 997 2313 in
1014 2272 1257 2326 uxorem,
1290 2265 1339 2312 et
1365 2258 1515 2329 duxit
1544 2274 1661 2311 eam
1688 2258 1759 2312 ad
1783 2258 2070 2323 Adamum,

491 2351 752 2405 videlicet
773 2359 899 2421 post
924 2350 1345 2405 suscitationem
1375 2360 1484 2418 qua
1501 2349 1743 2418 seipsum
1762 2348 2070 2404 suscitavit.

494 2444 611 2498 Nan
640 2444 906 2513 scriptum
941 2450 1026 2498 est
1057 2443 1240 2498 enim:
1280 2441 1349 2496 Et
1374 2443 1619 2519 excitavit
1648 2441 1901 2495 Dominus
1930 2442 2071 2496 Deus

492 2536 776 2595 Adamum,
797 2544 845 2589 et
874 2536 1026 2611 duxit
1062 2534 1130 2588 ad
1161 2536 1333 2604 ipsum
1356 2534 1655 2587 mulierem.
1683 2532 1857 2588 Habet
1892 2532 2073 2588 ﬁdelis

490 2625 659 2680 etiam
693 2625 761 2678 de
806 2625 972 2694 hujus
1017 2623 1163 2694 (post
1189 2623 1400 2678 Christi
1445 2621 1935 2691 resurrectionem)
1972 2623 2075 2678 Ec-

490 2718 675 2771 clesiae
705 2715 771 2770 ad
814 2716 996 2784 ipsum
1058 2715 1323 2781 adventu,
1371 2715 1429 2768 in
1467 2714 1779 2784 Evangeliis
1827 2708 2072 2785 apertam

491 2806 1050 2860 demonstrationem.
1071 2804 1300 2871 Quando
1314 2804 1460 2859 enim
1484 2804 1728 2860 surrexit
1757 2820 1788 2860 a
1813 2806 2069 2871 mortuis,

494 2908 631 2952 tunc
654 2898 918 2968 praecepit
937 2896 1223 2966 apostolis,
1257 2896 1481 2953 dicens:
1510 2896 1712 2951 Euntes
1732 2898 1789 2952 in
1815 2897 2072 2957 mundum

488 2991 671 3043 docete
700 3005 884 3043 omnes
911 2997 1108 3060 gentes,
1122 2987 1458 3058 ‘baptizantes
1478 3004 1564 3042 eos
1582 2989 1637 3042 in
1655 2990 1868 3063 nomine
1887 2988 2071 3044 Patris

2173 1914 2609 1977 autemsumpta
2628 1915 2714 1963 est
2739 1918 2799 1964 et
2829 1915 2958 1963 nata
2986 1909 3055 1964 ex
3083 1923 3314 1980 corpore
3342 1913 3484 1981 ejus,
3516 1922 3575 1967 et
3608 1913 3748 1970 facta

2170 2008 2261 2055 est
2291 2008 2547 2070 tanquam
2577 2016 2781 2071 corpus
2807 2003 2951 2073 ejus,
2974 2002 3052 2057 ad
3087 2002 3266 2073 ipsum
3289 2010 3377 2059 est
3401 2003 3659 2071 adducta,
3694 2015 3750 2061 et

2173 2098 2307 2145 tunc
2331 2090 2465 2145 dicit
2499 2110 2510 2144 :
2538 2088 2650 2146 Hoc
2678 2109 2818 2147 nunc
2840 2109 2897 2147 os
2930 2108 2996 2146 ea:
3029 2093 3229 2147 ossibus
3258 2095 3409 2158 meis,
3442 2103 3493 2148 et
3529 2110 3750 2149 cumaea:

2175 2198 2336 2236 carne
2370 2199 2510 2248 mea,
2538 2182 2752 2239 scilicet
2776 2184 3030 2255 ejusdem
3052 2185 3290 2255 generis.
3318 2185 3595 2255 Unde’per
3618 2187 3745 2255 hoc,

2163 2273 2323 2343 quod
2352 2273 2489 2329 dicit
2542 2283 2598 2330 et
2625 2274 2780 2330 addit
2838 2275 2998 2339 illud,
3052 2273 3224 2339 Nunc,
3286 2276 3533 2330 oetendit
3566 2278 3750 2343 nobis,

2172 2366 2322 2436 quod
2344 2367 2503 2436 prius
2533 2383 2645 2421 non
2672 2375 2792 2422 erat
2845 2368 2963 2422 haec
2993 2375 3144 2423 costa
3179 2368 3518 2433 Judaeorum,
3575 2385 3751 2440 neque

2174 2472 2238 2513 os
2269 2473 2336 2513 ex
2364 2457 2585 2512 ossibus
2620 2459 2761 2529 ejus,
2799 2474 3132 2528 neque-caro
3148 2474 3218 2513 ex
3252 2474 3415 2518 carne
3441 2460 3582 2529 ejus,
3606 2461 3748 2527 veri,

2174 2547 2422 2616 inquam,
2446 2547 2662 2607 Adami.
2694 2548 2764 2603 Et
2797 2549 2843 2603 si
2867 2548 3097 2604 dixisset
3118 2548 3345 2618 quidem
3378 2567 3391 2602 :
3430 2549 3542 2603 Hoc
3581 2566 3639 2604 os
3690 2558 3754 2605 et;

2174 2639 2372 2702 ossibus
2422 2641 2569 2706 meis,
2604 2641 2788 2699 locum
2834 2639 3067 2695 haberet
3129 2640 3361 2695 Judaeus
3408 2639 3753 2712 intelligendi

2174 2730 2242 2786 ad
2268 2730 2510 2786 litteram
2564 2730 2620 2785 id
2671 2730 2819 2799 quod
2844 2730 3075 2786 dicitur.
3132 2730 3335 2785 Addito
3399 2739 3587 2786 autem
3635 2732 3750 2797 illo,

2172 2819 2346 2885 Nunc,
2368 2828 2565 2890 aperte
2592 2820 2756 2876 nobis
2782 2820 3023 2878 ostendit
3042 2820 3216 2891 quod,
3251 2837 3320 2876 ex
3358 2836 3471 2891 quo
3521 2824 3755 2879 excessit

2140 2963 2145 2972 .
2174 2912 2453 2968 secundus
2504 2912 2699 2978 Adam,
2736 2912 2990 2983 pulchro
3047 2921 3104 2968 et
3132 2913 3295 2968 beato
3324 2920 3384 2968 et
3419 2914 3750 2985 immutabili

2173 3018 2428 3069 excessu,
2453 3012 2510 3059 et
2532 3004 2757 3059 dormiit
2776 3002 2900 3075 (nos
2918 3020 3112 3063 omnes
3126 3004 3521 3077 viviﬁcantem)
3548 3004 3755 3061 tridua-

496 3090 548 3133 et
583 3079 706 3134 Filii
739 3087 789 3133 et
817 3078 1048 3151 Spiritus
1083 3079 1255 3134 sancti
1281 3078 1347 3133 ".
1382 3079 1594 3135 Euntes
1616 3080 1781 3152 907
1823 3068 2069 3152 colli-gite
2098 3108 2140 3166 ρ
2172 3107 2299 3147 nam
2326 3068 2482 3146 suam
2518 3068 2862 3159 ωοι-ιθιηξει
2892 3094 3110 3163 peperi;
3136 3092 3425 3163 pulchram
3459 3068 3614 3149 ειᾷθω
3647 3095 3751 3149 Ec-

492 3187 649 3227 meos
674 3172 816 3226 ﬁlios
881 3171 1204 3242 dispersos,
1258 3172 1509 3226 membra
1561 3173 1866 3244 dispersa;
1916 3173 2071 3227 unite

493 3277 647 3317 meas
684 3277 881 3319 carnes
911 3261 1163 3329 divisas;
1201 3261 1522 3332 conjungite
1562 3279 1682 3318 mea
1732 3278 1857 3318 ossa
1889 3260 2070 3319 disso‘-

496 3353 925 3419 luta;adducite
956 3352 1024 3407 ad
1076 3368 1161 3407 me
1192 3361 1403 3406 costam
1452 3368 1574 3422 quae
1601 3362 1688 3408 est
1723 3369 1753 3408 a
1792 3371 1879 3408 me
1914 3370 2073 3425 sepa-

494 3453 651 3512 rata;
702 3453 895 3502 vocate
957 3443 1025 3498 ad
1082 3460 1171 3498 me
1229 3459 1460 3498 uxorem
1517 3460 1695 3499 meam
1733 3486 1747 3511 ,
1813 3462 1935 3517 quae
1977 3446 2073 3502 ab-

494 3538 659 3603 ducta
703 3547 790 3592 est
821 3539 1065 3608 captiva;
1119 3536 1386 3591 aediﬁcato
1434 3553 1555 3591 eam
1582 3552 1776 3594 rursus
1810 3539 1867 3594 in
1894 3554 2071 3595 meam

494 3630 786 3701 conjugem
827 3629 1153 3685 Ecclesiam.
1208 3631 1540 3703 Conjungite
1582 3630 1744 3693 mihi,
1811 3632 1909 3701 qui
1946 3647 2070 3687 sum

496 3721 634 3793 lapis
664 3723 867 3776 excisus
890 3737 955 3776 ea:
992 3731 1169 3776 monte
1221 3731 1414 3778 sancto
1446 3724 1558 3776 sine
1587 3723 1825 3776 manibus
1850 3723 1919 3790 ",
1950 3723 2073 3781 illos

493 3814 707 3886 lapides
738 3814 808 3870 de
837 3814 1045 3885 quibus
1085 3815 1222 3869 dicit
1249 3816 1420 3870 Isaias
1453 3833 1466 3867 :
1499 3814 1685 3869 Sancti
1717 3814 1931 3885 lapides
1957 3815 2075 3870 vol-

495 3916 702 3961 wntur
754 3920 923 3975 super
974 3914 1216 3960 terram:
1265 3922 1366 3976 per
1425 3921 1566 3977 quos
1621 3905 1889 3961 aediﬁcata
1919 3902 2073 3962 costa

494 3996 703 4053 Christi
752 3997 1034 4061 Ecclesiae,
1072 4005 1129 4051 et
1160 3998 1476 4069 conjunctis
1506 3997 1773 4052 membris
1820 3998 2074 4071 cognatis

497 4088 679 4144 carnis
733 4102 868 4154 sua,
920 4095 980 4142 et
1035 4086 1247 4143 coactis
1285 4102 1351 4142 ac
1399 4086 1718 4142 constrictis
1769 4085 1930 4141 nobis
1975 4085 2072 4152 qui

502 4195 697 4237 summ
718 4179 841 4250 ejus
874 4192 1000 4234 ama
1027 4179 1253 4249 (unione
1279 4179 1347 4234 ad
1383 4179 1563 4250 ipsum
1607 4186 1663 4234 et
1702 4177 2075 4234 coalescentia

499 4271 676 4342 ﬁdei),
712 4270 911 4328 videns
941 4271 1086 4326 adeo
1106 4271 1339 4341 pulchre
1370 4287 1410 4327 θ
1440 4273 1552 4327 Deo
1571 4272 1899 4328 aediﬁcatam
1941 4284 2076 4327 eon-

496 4362 843 4432 eorporalem
872 4364 1239 4435 etconjugem
1283 4379 1441 4419 suam
1491 4371 1701 4420 costam
1747 4364 2073 4431 Ecclesiam,

2174 3184 2422 3250 clesiam,
2454 3191 2662 3242 costam
2705 3186 3177 3256 concorporalem,
3209 3193 3266 3241 et
3312 3184 3605 3243 aediﬁcavit
3632 3200 3748 3240 eam

2173 3275 2232 3332 in
2259 3292 2416 3332 suam
2440 3268 2690 3343 uxorem,
2732 3287 2792 3341 et
2826 3278 3059 3336 adduxit
3102 3292 3224 3343 eam
3258 3277 3407 3332 Deus
3451 3277 3522 3332 ab
3564 3291 3750 3345 errore

2173 3385 2499 3427 conversam
2548 3370 2621 3426 ad
2663 3370 2970 3438 Christum,
3004 3370 3182 3425 donec
3228 3369 3348 3424 btec
3384 3366 3584 3423 omnia
3610 3367 3750 3425 faeta

2173 3472 2324 3529 sunt,
2367 3462 2616 3519 nondum
2648 3470 2770 3517 erat
2814 3478 2871 3517 os
2909 3478 2974 3517 ea:
3014 3462 3214 3524 ossibus
3241 3463 3384 3533 ejus,
3426 3469 3475 3515 et
3505 3474 3645 3525 .caro
3685 3473 3749 3512 ex

2174 3570 2332 3610 carne
2367 3555 2505 3626 ejus.
2537 3554 2676 3609 Illud
2716 3568 2850 3625 ergo
2870 3594 2884 3621 ,
2922 3553 3098 3617 Nunc,
3130 3548 3349 3609 dicitur
3396 3559 3624 3622 propter
3652 3550 3746 3604 ad-

2172 3656 2422 3712 ventant,
2453 3645 2675 3716 quando
2711 3640 2836 3705 cum
2874 3633 3023 3701 esset
3048 3660 3220 3715 prope
3255 3644 3549 3710 Adamum,
3578 3644 3637 3697 ei
3664 3646 3750 3697 est

2172 3738 2583 3809 propinquitate
2620 3738 2940 3806 conjuncta,
2964 3744 3033 3792 et
3073 3737 3249 3802 unita,
3278 3743 3338 3790 et
3367 3734 3663 3805 desponsa,
3699 3741 3756 3789 et

2173 3828 2450 3897 copulata.
2483 3827 2553 3883 Et
2584 3827 2712 3882 ideo
2734 3827 2808 3882 ab
2833 3826 2956 3897 ipso
2988 3843 3003 3879 :
3043 3826 3155 3882 Hoc
3186 3842 3328 3881 nunc
3359 3841 3416 3879 os
3467 3824 3757 3878 deossibus

2174 3920 2323 3983 meis,
2347 3926 2397 3972 et
2422 3934 2548 3972 caro
2589 3918 2652 3972 de
2674 3934 2836 3979 carne
2867 3935 2986 3974 mea
3009 3933 3028 3972 :
3057 3932 3201 3984 mea,
3240 3913 3751 3987 inquam,~Christi,

2165 4021 2240 4071 ex
2271 4023 2381 4077 quo
2406 4006 2572 4062 etiam
2592 4015 2728 4071 nata
2744 4014 2848 4061 est.
2876 4006 2946 4060 Et
2974 4004 3102 4060 ideo
3147 4004 3303 4060 audit
3324 4003 3519 4070 etiam,
3569 4003 3653 4059 Ad
3677 4018 3755 4057 In-

2175 4114 2294 4151 rum
2330 4105 2480 4153 tuum
2516 4098 2782 4152 conversio
2806 4106 2919 4163 tua,
2948 4105 2998 4150 et
3021 4096 3132 4163 ipse
3174 4104 3443 4165 unquam
3492 4094 3754 4149 Dominus

2173 4188 2420 4244 omnium
2465 4187 2847 4242 dominabitur.
2899 4184 3007 4242 Sed
3036 4185 3095 4240 in
3128 4200 3226 4243 se:
3267 4184 3497 4255 quidem
3541 4172 3753 4239 dierum

2175 4279 2476 4346 creatione,
2502 4278 2759 4335 ultimum
2809 4286 2961 4333 creat
2988 4284 3055 4332 et-
3080 4276 3236 4347 ﬁngit
3262 4276 3584 4343 hominem;
3612 4275 3670 4329 in
3690 4289 3757 4331 ea

2177 4377 2362 4426 autem
2401 4385 2523 4440 quae.
2579 4370 2689 4426 fuit
2730 4377 2952 4441 postea,
2987 4383 3116 4424 eum
3160 4367 3404 4439 primum
3435 4366 3670 4432 inducit,
3703 4371 3762 4421 α

493 4451 721 4523 quando
741 4468 863 4508 eam
898 4453 969 4509 ad
998 4468 1062 4510 se
1101 4455 1259 4511 duxit
1303 4455 1452 4510 Deus
1480 4464 1539 4511 et
1578 4455 1762 4523 Pater,
1804 4455 1954 4510 dixit
1985 4471 2074 4511 se-
2110 4450 2154 4506 ι)
2182 4460 2383 4517 deinde
2410 4476 2498 4516 res
2530 4476 2653 4532 quae
2672 4460 2939 4519 Ecclesia;
2969 4452 3223 4514 referunt
3249 4456 3564 4529 imaginem.
3616 4454 3761 4510 Nam

491 4545 722 4600 candus
750 4544 925 4601 Adam
955 4555 1082 4617 post
1111 4550 1230 4620 ejus
1263 4563 1297 4603 a
1340 4547 1576 4603 mortuis
1613 4548 2072 4621 suscitationem-z

498 4635 612 4693 Hoc
637 4653 776 4692 nunc
804 4655 940 4694 cum
973 4640 1173 4696 ossibus
1201 4643 1351 4707 meis,
1406 4650 1457 4696 et
1495 4657 1620 4696 caro
1665 4644 1727 4695 ea":
1753 4658 1911 4702 carne
1935 4659 2074 4699 mea.

500 4728 566 4784 Ei
589 4745 724 4800 ergo
765 4732 860 4802 qui
893 4731 962 4788 ad
999 4733 1240 4789 litteram
1289 4735 1470 4790 solum
1515 4732 1964 4792 nudastattendit
1993 4736 2080 4791 di—

498 4821 716 4878 ctiones
738 4839 862 4893 quae
901 4825 1066 4880 dicta:
1096 4835 1248 4892 sunt,
1274 4825 1436 4882 valde
1459 4824 1834 4897 discrepantia
1866 4835 1924 4883 et
1946 4843 2082 4884 con-

498 4911 667 4968 traria
707 4920 837 4969 sunt
903 4914 1074 4971 verba
1110 4915 1303 4972 rebus.
1361 4915 1500 4972 Nam
1551 4908 1800 4986 quandiu
1852 4916 2078 4989 quidem

569 5114 777 5193 'ipsee
808 5132 873 5188 n,
909 5115 965 5171 2.
1042 5115 1087 5148 τι
1110 5115 1298 5171 Matth.
1342 5130 1456 5193 xvi,
1515 5114 1598 5170 18.
1663 5115 1726 5187 ,³⁸
1746 5115 1948 5185 Ερὶιεε.
1995 5128 2053 5180 η,

2173 5155 2184 5169 .
2262 5114 2307 5147 ’⁷⁸
2344 5114 2538 5173 Matth.
2577 5114 2889 5181 xime-1‘9.
2970 5115 3179 5170 "'Dan.
3211 5115 3390 5179 mat.

504 5198 561 5252 ν,
593 5183 690 5240 50.

2181 4542 2425 4625 primum
2480 4552 2705 4624 quidem
2758 4567 2989 4621 carnem
3044 4550 3297 4621 suscepit
3345 4548 3648 4614 Christus,
3704 4555 3762 4603 et

2181 4645 2385 4702 deinde
2416 4644 2563 4702 facta
2603 4655 2690 4701 est
2718 4644 2988 4710 Ecclesia,
3022 4643 3212 4715 inqua
3248 4642 3440 4698 bestia:
3498 4640 3761 4712 ingressa

2181 4745 2319 4795 sunt
2340 4737 2570 4794 ultimae.
2596 4737 2709 4808 Ipsi
2732 4736 2961 4795 Christo
2991 4736 3090 4806 qui
3113 4733 3458 4801 introduxit,
3481 4733 3558 4789 sit
3584 4734 3762 4805 gloria

2171 4828 2240 4884 .iu
2273 4829 2473 4889 saecula
2494 4829 2849 4889 saeculorum.
2881 4828 3060 4891 Amen
3759 4840 3791 4913 τι

3468 5113 3519 5149 ’⁷⁸
3557 5111 3756 5189 Epltes.
