4098 6422
508 362 641 424 li]?

1700 350 1757 407 s.
1806 347 2197 406 ANASTASII
2240 318 2564 405 suam

3622 345 3647 409 l
3660 349 3767 410 (id!

505 473 835 539 li_tiitli0]tt.‘ll|
881 475 933 519 ct
973 463 1346 519 adhaesionem
1413 462 1506 516 Dei
1567 460 1727 514 Verbi
1799 473 1920 526 qua:
1968 472 2085 525 .pcr
2115 464 2156 517 Α
2193 455 2320 509 ldoo
2345 456 2509 524 plane
2530 456 2794 524 quoniam
2826 454 2998 509 altera
3027 465 3112 510 est
3131 454 3347 510 Domini
3373 454 3577 522 anima,
3609 473 3769 515 nem-

506 562 846 637 bypostasim
877 560 935 613 fit
968 573 1090 612 cum
1126 566 1314 609 nostra
1349 564 1565 616 natura,
1600 567 1721 619 quae
1746 548 1967 619 quidem
1998 556 2080 599 est

504 656 742 727 genitrix
789 650 1047 708 Ecclesiae
1077 665 1090 701 :
1125 646 1385 716 quoniam
1423 642 1666 728 membra
1717 652 1909 694 sumus
1955 652 2079 691 cor-

505 750 657 819 poris
689 746 809 817 ejus
837 758 903 798 ex
939 756 1104 795 carne
1150 740 1288 809 ejus,
1315 746 1369 790 et
1394 734 1611 789 ossibus
1631 733 1750 803 ejus
1776 732 1844 795 υτ,
1877 744 2079 784 convc-

503 842 724 897 nieuter
752 837 869 892 voci
901 833 1077 890 Pauli.
1116 832 1236 897 Quo
1268 828 1326 883 lit
1353 837 1413 881 ut
1451 823 1861 896 quodammodo
1907 820 2080 876 Adam

503 933 650 987 situt
678 938 835 1001 pater
863 935 920 982 et
940 923 1175 978 maritus
1192 937 1304 977 suae
1324 919 1531 983 uxoris,
1566 916 1711 971 sicut
1733 915 1898 970 etiam
1923 912 2084 968 Citri-

503 1037 622 1080 stus
661 1019 936 1077 Ecclesiae.
970 1018 1131 1072 Pater
1161 1014 1406 1085 quidem,
1468 1018 1527 1063 ut
1578 1010 1751 1078 ipsam
1814 1019 2082 1077 generans

502 1132 601 1187 per
634 1127 831 1184 aquam
882 1117 939 1164 et
982 1106 1292 1176 Spiritum;
1351 1102 1586 1156 maritus
1610 1108 1821 1162 autem,
1875 1106 1938 1151 ut
1983 1097 2080 1167 qui

505 1207 667 1264 Verbi
702 1217 889 1261 semen
915 1202 970 1255 in
992 1213 1111 1259 eam
1143 1194 1385 1265 deiiciat.
1445 1193 1550 1247 Per
1588 1190 1735 1267 quod
1765 1190 1968 1243 multos
1991 1197 2077 1242 at-

500 1314 610 1369 que
647 1296 787 1352 adeo
816 1288 1248 1347 innumerabiles
1277 1286 1378 1339 lt’OS
1407 1282 1547 1337 ﬁlios
1587 1280 1772 1352 (ﬁlios,
1828 1278 2078 1347 inqd‘am,

501 1384 776 1461 gentium)
803 1384 853 1439 ei
888 1379 1124 1452 peperit,
1155 1387 1210 1431 ct
1238 1375 1494 1441 enutriit,
1526 1382 1582 1433 et
1612 1372 1787 1436 auxit,
1812 1378 1869 1425 et
1887 1369 2079 1424 multi-

501 1479 751 1551 plicavit.
789 1474 905 1530 Hoc
924 1475 1072 1529 enim
1095 1470 1258 1525 modo
1291 1469 1457 1524 etiam
1485 1466 1692 1522 Christi
1715 1463 1957 1535 adiutrix
1992 1463 2079 1517 di-

500 1575 648 1635 ritur
688 1568 953 1631 Ecclesia,
984 1580 1051 1621 eo
1083 1563 1230 1634 quod
1292 1562 1409 1632 ipsa
1439 1567 1563 1630 post
1580 1559 1715 1630 “ejus
1747 1555 2081 1626 assumptio-

502 1683 629 1722 ncm
660 1667 983 1736 generet.et
1002 1658 1217 1719 doceat,
1242 1664 1299 1710 et
1326 1652 1622 1716 tilumiuet,
1649 1646 1998 1720 etprzedicet,
2020 1659 2081 1703 et

501 1766 795 1815 convertat
824 1762 1016 1826 gentes
1046 1748 1113 1806 ad
1141 1749 1335 1803 Deum.
1782 1754 1787 1761 ·
1824 1754 1829 1755 ί
1895 1744 1903 1751 ’

2188 562 2256 615 pc
2283 547 2526 630 rationis
2560 549 2838 617 particeps
2881 556 2938 603 et
2958 548 3303 620 intelligens,
3340 557 3395 605 et
3424 549 3530 604 alia
3568 550 3764 609 Eccle-

2156 646 2159 649 '
2190 639 2306 717 sia},
2337 642 2534 710 nempe
2571 640 2814 712 Spiritus
2852 650 3094 697 sanctus.
3130 640 3290 708 Quod
3330 650 3517 697 autem
3570 642 3767 698 diver-

2188 750 2279 790 sas
2315 748 2510 789 carnes
2532 734 2773 789 habeant
2793 734 2896 788 viri
2921 743 2977 789 et
3004 734 3267 789 mulieres
3316 734 3445 789 audi
3475 735 3650 790 Deum
3680 735 3769 790 di-

2188 836 2407 882 centem
2435 844 2447 879 :
2480 825 2952 897 Non-permanebit
2982 827 3202 898 spiritus
3225 843 3370 882 meus
3392 828 3448 881 in
3472 828 3767 882 hominibus

2186 920 2321 986 istis,
2353 928 2630 990 prapterea
2662 918 2803 990 quod
2829 920 2935 973 sint
2960 920 3061 989 ipsi
3090 935 3277 973 carnes
3306 919 3374 984 ³⁸,
3401 928 3462 974 ut
3483 919 3580 989 qui
3605 921 3768 990 plane

2189 1012 2466 1067 insaniant
2493 1012 2547 1066 in
2568 1012 2822 1067 feminas.
2852 1011 2921 1067 Et
2965 1027 3160 1068 rursus
3182 1011 3319 1071 dicit
3346 1028 3359 1065 :
3391 1011 3677 1082 Effundam
3701 1027 3770 1065 ea:

2187 1108 2377 1178 spiritu
2398 1122 2515 1161 meo
2532 1103 2596 1160 in
2614 1122 2820 1160 omnem
2838 1122 3051 1159 carnem
3068 1102 3203 1171 ",‘et
3224 1103 3417 1159 uidebit
3439 1103 3611 1163 omnis
3639 1121 3768 1158 caro

2186 1199 2428 1271 salutare
2446 1198 2543 1253 Dei
2569 1201 2736 1253 nostri
2759 1197 2825 1253 ⁸⁸.
2859 1197 2999 1252 Audi
3036 1213 3170 1268 ergo
3201 1196 3434 1251 Paulum
3462 1196 3635 1252 civem
3662 1211 3767 1267 .pa-

2188 1290 2360 1345 radisi
2388 1290 2565 1359 (cujus
2598 1298 2683 1343 cst
2714 1298 2920 1345 :cterna
2948 1288 3235 1358 niemoria)
3280 1289 3579 1354 dicentem,
3609 1287 3770 1344 Chri-

2178 1395 2333 1440 stum
2351 1393 2407 1440 et
2427 1383 2734 1439 Ecclesiam
2755 1397 2875 1437 esse
2898 1384 2953 1436 in
2972 1398 3187 1436 carnem
3209 1399 3373 1436 unam
3397 1382 3442 1413 "’
3462 1399 3480 1436 :
3497 1392 3553 1436 et
3575 1382 3767 1437 Adami

2178 1484 2243 1530 ct
2270 1474 2733 1545 Evzeexemplum
2750 1471 2818 1529 ad
2846 1474 2992 1545 ipsos
3024 1474 3379 1530 referentem.
3409 1474 3626 1529 Dicitur
3664 1491 3766 1529 au-

2182 1576 2299 1623 tem
2333 1558 2499 1622 etiam
2546 1566 2710 1622 aliter
2760 1565 2807 1621 si
2868 1565 3165 1647 vis,‘Eva,
3223 1565 3336 1620 vita
3376 1565 3441 1619 ad
3472 1565 3765 1636 imaginem

2184 1662 2385 1716 animae
2405 1659 2759 1715 viviﬁcantis.
2790 1657 2918 1714 Haec
2938 1644 3070 1730 ergo
3096 1657 3209 1712 duo
3241 1660 3484 1729 (corpus,
3521 1644 3763 1729 inquam,

2187 1760 2244 1808 et
2278 1744 2489 1825 anima)
2504 1750 2643 1807 fiunt
2668 1762 2811 1808 unus
2841 1751 3032 1817 homo,
3077 1757 3135 1806 et
3164 1750 3245 1807 sic
3268 1749 3513 1821 perfecte
3575 1747 3765 1821 imple-

503 1888 509 1895 -
574 1851 793 1909 Etenim
825 1844 1087 1918 quoniam
1120 1842 1275 1913 prior
1323 1839 1615 1910 Syuagoga
1639 1835 1744 1890 fuit
1808 1833 2081 1899 adultera,

2192 1846 2279 1899 tur
2304 1843 2438 1899 illud
2468 1844 2674 1899 :Erunt
2695 1843 2797 1897 duo
2822 1843 2877 1896 in
2907 1858 3073 1909 unam
3098 1857 3348 1908 carnem,-
3386 1852 3473 1897 est
3502 1841 3650 1899 enim
3700 1838 3765 1897 ex

501 1956 558 2001 et
585 1945 763 2018 ipsius
790 1940 889 1997 lilii
930 1952 1072 2010 quos
1092 1936 1253 1991 Deus
1282 1932 1476 2005 genuit
1503 1937 1559 1986 et
1594 1930 1649 1983 in
1677 1929 1850 1983 altum
1883 1926 2083 1982 extulit

500 2048 630 2094 eum
683 2038 1069 2107 spreverunt:
1113 2034 1340 2099 propter
1389 2025 1537 2078 hunc
1588 2031 1793 2085 actum,
1857 2018 2084 2089 reliquit

501 2130 760 2187 Christus
782 2135 999 2198 patrem
1016 2136 1201 2184 suum,
1230 2131 1431 2187 nempe
1449 2114 1712 2185 populum
1739 2111 2079 2178 Judseorum,

501 2233 556 2277 ct
582 2232 815 2278 matrem
841 2231 1001 2273 suam
1026 2214 1390 2286 Synagogam,
1434 2217 1491 2262 et
1521 2206 1752 2261 adhaesit
1780 2203 1937 2259 uxori
1971 2218 2084 2259 suae

504 2331 671 2385 quam
694 2311 932 2385 sumpsit
954 2324 1031 2363 ex
1060 2304 1340 2377 gentibus,
1380 2309 1435 2356 et
1461 2299 1686 2355 fuerunt
1728 2297 1841 2352 duo
1875 2297 1931 2351 in
1959 2310 2083 2351 car-

506 2426 632 2463 nem
668 2420 835 2461 unam
866 2402 1039 2463 unius
1081 2396 1292 2468 populi.
1328 2393 1637 2466 Mysterium
1677 2392 1771 2445 hoc
1818 2405 2083 2461 magnum

505 2508 581 2553 est
610 2500 726 2571 (ego
754 2489 1127 2576 Paulus‘dico)
1170 2491 1225 2544 in
1254 2486 1461 2544 Christo
1490 2483 1807 2572 “Ecclesia
1827 2482 1873 2514 ⁸³
1909 2499 1925 2536 :
1968 2481 2087 2536 haec

506 2566 734 2645 fuerunt
761 2566 1107 2659 praeﬁgurata
1136 2588 1195 2637 et
1248 2581 1406 2651 prius
1435 2566 1733 2646 descripta.
1777 2571 2037 2640 Quaenam
2062 2573 2086 2625 ?

508 2680 587 2736 Ea
609 2676 819 2732 scilicet
847 2688 969 2744 quae
992 2673 1196 2741 scripta
1219 2678 1351 2723 sunt
1372 2667 1441 2722 de
1460 2662 1669 2722 Adaino
1695 2673 1751 2720 et
1775 2664 1888 2719 Eva
1920 2680 1934 2717 ε
1966 2663 2086 2734 ejus

509 2770 717 2825 scilicet
746 2765 917 2831 ﬁctio;
939 2765 992 2818 in
1014 2778 1141 2818 eam
1184 2759 1504 2829 insufﬂatio,
1544 2758 1805 2829 ~pesitura
1831 2756 1887 2810 in
1921 2769 2086 2825 para.

509 2865 633 2919 diso
669 2861 737 2918 ad
770 2857 1112 2931 operandam
1162 2864 1220 2909 et
1275 2851 1700 2909 custodiendum
1752 2854 2087 2919 pneceptum

509 2956 578 3010 de
603 2951 938 3009 animalibus
967 2949 1156 3005 datum
1181 2944 1412 3009 Adamo,
1445 2944 1726 3014 ingressus
1752 2940 1809 2994 in
1862 2936 2087 3009 paradi-

510 3064 655 3113 sum,
687 3058 936 3110 somnus,
968 3040 1223 3103 exstasis,
1255 3047 1408 3093 costa
1427 3033 1719 3099 aediﬁcata,
1741 3031 1865 3102 ejus
1912 3027 2090 3097 addu-

510 3144 644 3208 ctio,
680 3148 737 3195 ct
778 3147 933 3194 tanto
958 3134 1140 3206 magis
1164 3145 1310 3188 caro.
1343 3131 1576 3201 Propter
1606 3142 1730 3199 quae
1776 3125 1943 3210 etiam
1994 3121 2082 3179 di-

511 3245 662 3289 ctum
684 3240 769 3287 est
800 3250 811 3285 :
843 3229 1068 3299 Propter
1088 3228 1181 3279 hoc
1200 3223 1459 3293 relinquet
1489 3221 1640 3275 homo
1663 3225 1870 3291 patrem
1886 3224 1937 3287 et
1965 3232 2083 3270 ma-

513 3341 646 3381 trem
670 3333 719 3380 et
738 3321 1019 3378 adhaerebit
1046 3320 1199 3373 uxori
1225 3330 1354 3381 sure,
1374 3322 1423 3369 et
1453 3321 1608 3369 erunt
1652 3312 1755 3365 duo
1783 3313 1838 3364 in
1877 3324 2092 3363 carnem

512 3432 698 3473 unam.
723 3414 1031 3488 Mysterious
1060 3413 1153 3466 hoc
1177 3424 1432 3479 magnum
1462 3415 1669 3476 est,ego
1698 3412 1875 3458 autem
1902 3401 2018 3456 dico
2034 3401 2091 3454 in

514 3511 722 3565 Christo
754 3517 803 3562 et
850 3503 1108 3560 Ecclesia.
1160 3500 1297 3556 Nam
1331 3497 1377 3553 si
1418 3500 1702 3568 spectetur
1730 3494 1939 3556 littera,
1982 3506 2094 3552 non

514 3614 666 3667 sunt,
700 3602 785 3656 vir
812 3609 867 3654 et
893 3598 1091 3652 mulier
1114 3586 1414 3663 conjugati,
1448 3604 1555 3642 una
1582 3601 1711 3641 caro
1751 3593 1805 3639 ct
1838 3580 2095 3653 substan-

514 3699 609 3750 tia.
682 3693 778 3748 Est
846 3697 1030 3745 autem
1103 3685 1268 3741 etiam
1336 3683 1503 3751 longe
1562 3677 1894 3733 imbecillior
1963 3691 2094 3730 caro

517 3786 769 3843 mulieris
810 3798 979 3838 carne
1023 3776 1251 3834 viri.‘Et
1297 3771 1576 3845 quomodo
1632 3768 1781 3824 una?
1833 3766 1941 3823 Sed
1991 3781 2095 3822 nec

514 3879 699 3936 omnis
734 3878 822 3931 vir
849 3874 1132 3930 desiderat
1165 3879 1223 3923 ct
1258 3867 1494 3921 honorat
1519 3877 1675 3917 suam
1713 3875 1938 3916 uxorem
1971 3860 2096 3929 plus

515 3990 681 4043 quam
705 3978 915 4040 patrem
942 3978 1103 4020 suum
1134 3970 1191 4016 ct
1220 3962 1476 4014 matrem.
1509 3953 1666 4011 Unde
1692 3954 1859 4009 etiam
1882 3944 2017 4007 licet
2039 3952 2093 4005 in

515 4068 638 4122 dies
686 4062 878 4116 videre
946 4052 1383 4112 innumerabiles
1437 4050 1534 4120 qui
1593 4048 1916 4117 relinquunt
1966 4059 2096 4099 suas

519 4170 740 4221 uxores,
795 4162 851 4207 et
889 4145 1272 4205 transeuutad
1317 4144 1485 4206 alias;
1524 4140 1734 4212 patrem
1785 4130 2097 4195 autcm‘aiit

519 4257 752 4304 matrem
781 4258 893 4297 non
927 4241 1087 4295 facile
1115 4244 1297 4308 potest
1325 4246 1617 4304 quisquam
1640 4236 1842 4302 negare
1879 4238 1975 4283 aut
2002 4243 2097 4282 rc-

517 4343 790 4410 linquere.
830 4334 994 4404 Atqui
1045 4329 1312 4386 Dominus
1354 4326 1615 4382 Christus
1645 4333 1935 4395 postquam
1992 4320 2099 4375 fuit

521 4429 683 4483 nobis
718 4426 928 4487 duitas,
971 4434 1117 4477 unus
1166 4417 1278 4473 iuit
1305 4415 1611 4488 hypostasi;
1642 4428 1769 4469 cum
1815 4411 2097 4483 propriam

2182 1935 2422 2001 duobus,
2452 1933 2708 1991 Christus
2735 1952 2749 1989 :
2776 1935 2923 1991 Deus
2949 1934 3111 2015 simul
3136 1942 3193 1989 et
3221 1934 3409 1989 homo.

2255 2029 2377 2098 Ipse
2403 2028 2625 2098 quoque
2650 2026 2906 2082 advortes
2930 2026 3113 2099 quod,_
3136 2026 3196 2087 in
3222 2035 3377 2081 sexto
3410 2025 3500 2081 die
3528 2027 3763 2083 creatio-

2184 2121 2273 2177 nis
2309 2136 2404 2176 sex
2434 2120 2674 2187 dierum,
2706 2119 2825 2175 hac
2862 2128 2996 2175 tunc
3027 2118 3358 2195 dicebantur
3384 2120 3446 2173 et
3495 2117 3699 2174 ﬁebant
3733 2136 3763 2176 ι

2186 2204 2321 2278 Deo,
2353 2211 2616 2283 quoniam
2670 2226 2737 2267 eo
2775 2221 2933 2267 sexto
2962 2211 3052 2266 die
3088 2210 3275 2283 saeculi
3336 2209 3500 2265 tinem
3537 2226 3767 2281 accepe~

2185 2300 2316 2354 runt
2338 2282 2395 2355 in
2432 2298 2656 2354 Christo
2682 2308 2741 2355 et
2768 2298 3055 2367 Ecclesia;
3087 2282 3455 2365 nihilominus
3489 2302 3539 2354 in
3566 2309 3761 2370 quarto

2185 2389 2277 2446 die
2308 2390 2376 2445 de
2395 2391 2510 2446 sole
2541 2398 2597 2444 et
2619 2391 2747 2455 luna
2768 2390 3125 2456 disserentes,
3154 2390 3497 2449 ostendimus
3515 2390 3669 2457 illud,
3695 2374 3761 2447 Et

2187 2493 2342 2537 erunt
2364 2482 2467 2536 duo
2497 2483 2553 2537 in
2579 2499 2743 2537 carne
2765 2499 2897 2548 una,
2922 2482 3293 2552 intelligentes
3329 2481 3440 2537 duo
3475 2482 3765 2537 luminaria

2186 2576 2258 2631 de
2294 2575 2519 2651 Christo
2547 2584 2605 2631 et
2659 2572 2927 2631 Ecclesia.
2962 2570 3131 2651 _Nam‘
3151 2575 3230 2630 sol
3269 2575 3491 2646 quidem
3527 2556 3775 2631 creditus

2186 2675 2273 2723 est
2303 2652 2425 2723 esse
2480 2667 2691 2745 siccum
2753 2656 2809 2721 et
2858 2646 3141 2745 terrenum
3184 2675 3343 2721 terrae
3395 2667 3765 2732 elementum;

2188 2760 2319 2815 luna
2352 2767 2535 2815 autem
2567 2741 2796 2835 spiritus
2827 2758 2999 2824 venti,
3031 2741 3241 2829 inloco
3280 2758 3512 2828 spiritus
3548 2757 3773 2834 anima.

2188 2848 2359 2927 Unito
2385 2865 2520 2921 ergo
2545 2850 2678 2904 limo
2707 2857 2867 2904 terra:
2895 2858 2951 2905 et
2981 2849 3200 2920 spiritu,
3236 2849 3549 2909 eﬂiciuntur
3579 2850 3691 2904 duo
3714 2848 3771 2927 in

2189 2926 2363 2996 unum
2420 2930 2723 2995 hominem.
2765 2940 3018 2995 Fortasse
3080 2948 3264 2995 autem
3301 2940 3473 3011 magis
3508 2926 3772 3011 mySticus

2190 3049 2391 3090 sensus
2427 3034 2728 3089 creationis
2751 3033 2919 3087 habet
2957 3031 3063 3087 hoc
3091 3022 3274 3086 modo.
3370 3018 3371 3021 “
3710 3042 3719 3051 ‘

2266 3125 2720 3197 Quandoquidem
2764 3124 3018 3181 Christus
3042 3124 3317 3179 inhabitat
3342 3123 3399 3180 in
3422 3124 3607 3192 nobis,
3640 3118 3771 3200 con-

2198 3221 2485 3277 venienter
2511 3220 2564 3274 ei
2616 3217 2762 3289 quod
2793 3218 3061 3295 scriptum
3093 3225 3177 3273 est
3205 3234 3217 3269 :
3257 3215 3572 3272 Inhabitabo
3600 3219 3655 3273 in
3691 3220 3773 3290 ip-

2194 3315 2267 3369 sis
2308 3321 2356 3368 et
2383 3309 2800 3393 inambulabo.”
2825 3352 2840 3376 ,
2873 3326 2934 3365 ca
2966 3309 3034 3365 de
3055 3300 3218 3365 causa
3251 3325 3416 3372 omne
3481 3326 3577 3366 cor
3618 3326 3775 3366 mun-

2195 3406 2326 3462 dum
2368 3404 2585 3459 unitum
2612 3402 2726 3460 Deo
2747 3400 2948 3475 verbo,
2984 3402 3146 3456 ambo
3166 3410 3307 3479 sunt
3341 3400 3453 3455 duo
3497 3400 3554 3455 in
3610 3416 3772 3456 unam

2195 3511 2417 3553 carnem
2441 3508 2599 3548 :nam
2622 3491 2717 3563 qui
2742 3481 2856 3547 Deo
2884 3490 3149 3556 adhmre't,
3175 3499 3261 3546 est
3286 3505 3432 3545 unus
3458 3489 3769 3560 spiritus".

2195 3586 2314 3642 Non
2342 3585 2521 3640 solum
2560 3592 2744 3637 autem
2774 3581 2832 3653 in
2854 3581 3043 3648 rebus,
3085 3580 3181 3636 sed
3207 3579 3372 3634 etiam
3410 3579 3465 3635 in
3492 3579 3627 3651 ipsis
3656 3595 3777 3633 ver-

2196 3677 2285 3733 bis
2310 3677 2441 3731 licet
2462 3668 2655 3729 audire
2681 3672 2926 3729 divinam
2973 3670 3317 3741 Scripturam
3352 3671 3773 3742 conjungentem

2172 3781 2253 3829 .et
2285 3758 2459 3824 unum
2504 3764 2798 3823 facientem
2856 3764 3125 3821 Adamum
3166 3776 3223 3818 et
3264 3763 3472 3828 .Evam,
3515 3771 3771 3835 tanquam

2198 3877 2368 3917 unum
2396 3844 2698 3925 hominem,
2736 3859 2789 3913 in
2813 3865 3000 3930 typum
3027 3855 3230 3951 Christi
3263 3865 3319 3909 et
3337 3850 3599 3913 Ecclesia:
3640 3853 3774 3927 :Fa-

2197 3955 2419 4020 ciamus,
2453 3951 2635 4023 inquit
2663 3952 2837 4017 enim,
2862 3945 3126 4009 hominem
3156 3947 3226 4014 ad
3246 3947 3537 4018 imaginem
3558 3957 3606 4000 et
3629 3945 3771 4001 simi-

2200 4046 2477 4101 litudinem
2512 4053 2771 4099 nostram.
2837 4038 2980 4098 Ecce
3018 4046 3147 4097 cum
3176 4040 3233 4095 in
3272 4056 3380 4095 una
3420 4037 3760 4111 persona‘di-

2198 4138 2371 4194 xissct
2424 4138 2707 4199 hominem,
2767 4134 3073 4206 subjunxit,
3132 4133 3368 4193 dicens:
3406 4123 3763 4205 Iit-imperent

2199 4231 2419 4302 piscibus
2444 4230 2629 4283 maris.
2654 4226 2795 4282 Illud
2820 4224 3026 4293 autem,
3044 4225 3332 4297 Imperent,
3360 4235 3447 4278 ost
3474 4238 3581 4278 vox
3600 4218 3774 4299 dualis

2202 4339 2297 4378 seu
2330 4320 2576 4393 pluralis,
2616 4318 2826 4375 unitate
2852 4319 2906 4373 in
2930 4308 3191 4383 binario,
3220 4325 3277 4372 et
3306 4312 3526 4370 binario
3553 4315 3607 4367 in
3636 4312 3776 4373 uni-

2204 4422 2315 4469 tate
2347 4431 2442 4469 eos
2472 4414 2833 4491 conjungens.
2876 4411 2947 4466 Et
2978 4424 3172 4465 rursus
3202 4408 3340 4463 dicit
3375 4427 3386 4461 :
3413 4394 3487 4462 Et
3530 4406 3650 4476 fecit
3676 4403 3773 4458 Do-

510 4518 835 4589 .reiiqnissct
866 4512 1073 4568 tribum
1098 4526 1160 4565 ac
1175 4480 1594 4579 cognationem,
1613 4513 1669 4560 et
1701 4480 2005 4559 transiisset
2026 4502 2093 4555 ad
2128 4508 2172 4562 Ι)
2201 4509 2372 4562 minus
2395 4506 2531 4561 Deus
2551 4480 2846 4572 hominem;
2870 4502 2945 4569 ad
2978 4502 3264 4574 imaginem
3301 4502 3398 4554 Dei
3420 4501 3537 4568 fecit
3585 4480 3793 4572 ipsum:

518 4612 775 4667 Graecam
794 4618 890 4663 seu
936 4602 1215 4675 gentilem.
1256 4598 1313 4653 Si
1357 4605 1543 4653 autem
1577 4610 1688 4651 una
1730 4602 1817 4651 est
1854 4609 1984 4649 caro
2016 4594 2102 4647 vir

519 4695 830 4770 corporalis
899 4700 965 4748 et’
1014 4690 1251 4753 mulier,
1319 4686 1553 4741 omnino
1594 4692 1855 4754 oportet,
1913 4683 1958 4737 si
2016 4684 2102 4738 vir

520 4792 597 4847 sit
639 4786 916 4849 inﬁrmus,
957 4783 1227 4836 inﬁrmam
1260 4793 1515 4849 quoque
1544 4792 1664 4832 csse
1705 4776 2019 4841 mulierem,
2048 4784 2104 4830 et

520 4894 718 4937 rursus
735 4878 783 4933 si
800 4875 1002 4931 mulier
1032 4871 1307 4944 adﬁgatur
1323 4876 1707 4933 autsenescat,
1735 4866 1899 4922 simul
1939 4866 2104 4922 etiam

521 4986 745 5030 (mntem
792 4969 897 5024 viri
954 4960 1262 5029 tabescere,
1312 4970 1370 5018 et
1428 4960 1475 5017 si
1515 4961 1601 5014 vir
1640 4960 1892 5026 decedat,
1939 4960 2102 5015 simul

521 5076 743 5137 imoque
774 5063 913 5118 mori
952 5070 1199 5115 uxorem.
1255 5054 1529 5121 Quoniam
1564 5061 1749 5109 autem
1812 5068 1875 5109 ea
1908 5054 2106 5125 loquor

521 5174 646 5228 quae
667 5147 961 5211 taciuut'ad
983 5162 1205 5204 causam
1227 5145 1433 5203 Christi
1458 5144 1883 5210 defendendam,
1914 5154 1970 5202 et
1992 5160 2107 5201 sua:

520 5249 776 5322 conjugis
812 5245 1096 5310 Ecclesiae,
1140 5257 1291 5297 arma
1340 5244 1502 5296 sumo
1554 5239 1822 5295 adversus
1862 5240 2101 5295 Judzeos.

526 5345 683 5399 Dicat
711 5355 844 5409 ergo
880 5338 1016 5393 mihi
1044 5335 1269 5392 Iudaeus
1304 5352 1316 5388 :
1350 5332 1408 5389 Si
1455 5336 1623 5388 homo
1672 5342 1728 5388 et
1756 5333 1841 5386 vir
1872 5342 2002 5388 sunt
2051 5333 2106 5386 in

523 5444 738 5488 carnem
764 5446 947 5495 unam,
982 5426 1262 5499 quomodo
1279 5422 1388 5481 non
1408 5424 1548 5479 dixit
1574 5443 1591 5478 .'
1621 5424 1688 5479 Et
1726 5429 1780 5479 in
1798 5442 1963 5486 unam
1981 5427 2110 5495 ani-

527 5520 883 5592 maquuod
926 5519 1141 5591 quidem
1181 5525 1289 5578 trat
1318 5515 1442 5572 aliis
1467 5514 1643 5588 armis
1697 5516 2111 5578 nemssurasgu?

603 5709 864 5773 “haliae
936 5722 963 5767 θ

603 5709 864 5773 “trinae
936 5710 1074 5776 θην
1196 5709 1388 5768 ν’ίέέέέμ
1424 5708 1505 5773 5%
1614 5705 1795 5775 ‘WL
1835 5704 1975 5778 ῖ-’ςιίκ

528 5773 655 5840 δεῖ.
708 5795 757 5841 ι.
808 5786 871 5841 ,εκ
969 5784 998 5816 '
1095 5781 1214 5841 sint.
1259 5789 1316 5841 rt.
1364 5780 1447 5839 ιγ.
1567 5772 1579 5784 ’

613 5824 655 5840 re
715 5815 757 5850 η
808 5815 871 5845 si;

1058 5854 1063 5859 ,
1095 5781 1214 5844 32%..
1259 5789 1316 5851 γε,
1364 5780 1447 5839 tt.

970 5749 993 5776 ι

969 5784 998 5816 Ι

2070 5699 2233 5768 ἰτῦσ-
2295 5715 2344 5775 ’1.
2403 5699 2491 5768 Ῐῦο
2565 5704 2606 5745 ίῖ
2654 5705 2759 5767 La:

2202 4596 2434 4664 hoc’cSt,
2458 4610 2585 4653 cum
2619 4596 2715 4667 qui
2737 4604 2822 4651 est
2850 4610 2994 4650 unus
3019 4602 3076 4651 et
3105 4595 3256 4653 solus
3279 4584 3538 4662 tanquam
3558 4591 3614 4646 in
3647 4584 3781 4646 duo-'

2200 4692 2325 4748 bus'.
2356 4677 2525 4761 quue
2553 4697 2639 4745 est
2674 4678 3029 4760 perspicuum
3059 4703 3127 4743 ex
3161 4684 3232 4743 iis
3268 4701 3389 4757 quae
3433 4676 3716 4756 subjungit
3764 4699 3777 4711 ·

2202 4777 2499 4861 Ilascuium
2523 4791 2576 4838 et
2600 4784 2852 4855 feminam
2891 4781 3011 4852 fecit
3028 4796 3131 4836 eos.
3156 4780 3321 4857 Ecce,
3360 4762 3504 4833 diuos
3529 4776 3625 4848 qui
3660 4783 3784 4831 sunt

2204 4858 2454 4947 insunam
2481 4868 2722 4943 carnem,
2784 4890 2957 4940 unum
2992 4872 3126 4928 dicit
3149 4871 3451 4928 hominem.
3784 4852 3799 4876 ‘

2256 4956 2455 5023 'Pbrro
2481 4965 2762 5037 autemin
2783 4954 3059 5043 prfecepto
3091 4968 3322 5033 quoque
3340 4961 3409 5016 de
3431 4959 3706 5016 vescendo
3732 4966 3787 5011 et

2206 5050 2571 5129 abstinendo,
2624 5055 2775 5112 licet‘
2808 5042 3003 5131 audire
3060 5058 3235 5114 Deum
3298 5058 3443 5114 idem
3474 5057 3777 5115 dicentem,

2209 5163 2409 5219 nempe
2438 5146 2610 5225 unum
2656 5142 2944 5221 hominem
3001 5163 3129 5205 cum
3181 5148 3292 5207 sint
3322 5148 3434 5204 duo
3471 5168 3483 5203 :
3514 5148 3592 5204 De
3652 5147 3779 5202 omni

2212 5241 2352 5312 ligno
2374 5240 2512 5312 quod
2538 5247 2614 5295 εδτ
2640 5241 2695 5293 in
2736 5242 2986 5311 paradiso
3025 5242 3289 5306 comedes,
3326 5242 3659 5313 alloquendo
3687 5240 3779 5294 ho-

2211 5334 2450 5397 minem;
2474 5331 2537 5384 de
2567 5330 2707 5401 ligno
2733 5341 2905 5407 autcm
2935 5334 3275 5403 rogatosceudi
3304 5334 3499 5387 bonum
3526 5336 3576 5387 et
3592 5326 3785 5387 malum

2213 5434 2278 5479 ne
2308 5424 2614 5499 comedatis;
2634 5440 2735 5493 quo
2770 5433 2945 5478 autem
2975 5424 3057 5499 die
3076 5414 3139 5478 (ιζ’
3166 5442 3224 5481 eo
3254 5427 3609 5491 comederitis,
3630 5433 3787 5480 morte

2216 5498 2533 5571 moriemini.
2562 5498 2730 5586 Vides
2771 5512 2859 5566 hic
2890 5531 3111 5587 quoque
3144 5504 3337 5572 rorsus
3388 5517 3640 5591 diversis
3669 5530 3791 5584 [cr—

2823 5724 2902 5769 Ill,
2942 5709 3001 5771 ,6.
3081 5707 3124 5736 ⁸⁷
3168 5706 3370 5776 Epiros.
3402 5723 3453 5770 γ,
3482 5704 3572 5770 ἓξ),
