4098 6422
358 341 503 415 1009

1461 348 1542 409 IN
1581 348 2130 423 HEXAEMERON.
2166 376 2231 385 -
2258 351 2411 410 LIB.
2453 350 2528 409 Χ.

3476 342 3612 403 1010

352 471 526 512 conas
551 454 823 510 nominari
856 470 1023 521 unum
1061 455 1362 534 hominem,
1401 457 1509 513 hoc
1536 467 1641 523 est,
1672 460 2015 526 unitatemA
2041 468 2098 516 et
2137 459 2377 530 dispergi
2408 469 2659 528 possunt,
2687 457 3044 518 comeniunt,
3084 454 3287 521 inquit,
3313 454 3382 510 iis
3409 457 3503 522 qui
3536 472 3613 507 tt-

353 545 587 620 agnosci
617 545 672 600 in
704 545 943 613 binario,
980 532 1205 620 propter
1233 532 1440 604 natura:
1494 549 1936 604 similitudinem.

355 630 469 695 llic
497 624 749 704 docetur,
777 638 1080 711 dogmaque
1108 648 1163 694 et
1184 656 1380 711 magna
1411 656 1560 696 arma
1586 640 1941 712 validumque

359 738 636 799 tropreum
665 728 832 785 refert
869 729 1115 785 Ecclesia
1165 720 1429 786 adversus
1469 730 1688 787 Iudaeos
1715 731 1809 802 qui
1841 747 1942 786 nos

356 830 629 879 accusant
680 821 828 891 quod
876 806 1181 887 statuamus
1215 829 1327 878 tres
1367 824 1553 900 Deos,
1589 832 1646 880 et
1674 824 1944 879 Barbaros

357 917 466 988 qui
499 916 661 971 nobis
694 914 888 971 dicunt
915 933 929 969 :
961 915 1017 971 Si
1045 917 1191 972 Deus
1210 925 1293 971 est
1331 932 1399 971 ex
1427 917 1561 982 Deo,
1595 932 1662 971 ex
1704 918 1816 972 Deo
1843 932 1943 971 au-

359 1018 479 1064 tem
508 1017 594 1064 est
616 1007 788 1062 Filius
824 1025 837 1061 :
869 1008 1144 1076 quomodo
1185 1007 1303 1062 ﬁeri
1335 1017 1537 1078 potest,
1589 1015 1649 1061 ut
1697 1007 1808 1063 duo
1834 1008 1945 1063 sint

360 1116 516 1155 unus
544 1098 724 1155 Deus?
748 1097 962 1165 Quibus
994 1107 1141 1154 recte
1184 1108 1422 1169 apteque
1465 1106 1521 1154 et
1549 1098 1796 1168 apposite
1834 1097 1943 1152 dici

361 1201 553 1264 potest
588 1209 601 1244 :
640 1191 694 1247 Si
727 1182 836 1247 Eva
884 1206 951 1245 ex
1006 1190 1215 1245 Adamo
1250 1198 1353 1256 est,
1385 1191 1550 1245 homo
1578 1204 1647 1245 ex
1696 1189 1942 1254 homine,

362 1281 651 1352 quomodo
694 1280 828 1335 dicit
856 1280 999 1334 Deus
1051 1279 1194 1335 duos
1239 1295 1411 1335 unum
1443 1280 1760 1334 hominem?
1797 1279 1850 1335 Si
1882 1296 1949 1334 ex

364 1388 461 1429 me
484 1387 700 1443 quaeras
722 1371 999 1441 quomodo
1034 1371 1275 1425 Trinitas
1303 1373 1358 1426 in
1393 1373 1628 1436 unitate,
1667 1370 1759 1425 dic
1786 1371 1945 1437 mihi,

366 1464 650 1536 quomodo
676 1463 928 1518 binarius
954 1464 1009 1517 in
1049 1465 1261 1517 unitate
1290 1463 1700 1531 dieuntur_duo
1756 1472 1948 1533 proto-

364 1556 574 1626 plasti?
598 1556 741 1610 Dicit
764 1555 912 1609 enim
947 1574 959 1608 :
989 1553 1127 1608 Fecit
1162 1554 1297 1609 Deus
1323 1556 1605 1618 hominem,
1642 1555 1712 1610 ad
1759 1555 1951 1626 imagi-

367 1664 489 1701 nem
512 1647 606 1701 Dei
632 1646 751 1716 fecit
784 1647 981 1716 ipsum,
1011 1645 1117 1701 hoc
1144 1655 1249 1711 est,
1275 1663 1448 1702 unum
1472 1647 1753 1702 hominem
1792 1665 1803 1699 :
1835 1646 1951 1701 Ma-

362 1738 577 1793 sculum
612 1747 663 1792 et
708 1738 959 1808 feminam
990 1737 1107 1808 fecit
1166 1754 1272 1793 eos.
1309 1738 1451 1794 Ecce
1488 1754 1658 1793 unum
1704 1738 1844 1793 dixit
1868 1738 1952 1793 di-

2040 562 2177 609 vunt
2201 562 2402 625 praeter
2427 551 2730 623 hominem.
2786 586 2797 597 α

2066 690 2077 701 .
2115 644 2185 701 Et
2220 624 2373 699 erant
2405 640 2745 703 ambonudi,
2785 640 2958 694 Atiam
2998 644 3047 707 et
3084 652 3218 691 uxor
3255 637 3390 706 ejus,
3426 644 3474 688 et
3514 652 3614 688 non

2045 720 2434 790 erubescebant.
2453 732 2510 787 Si
2548 728 2675 787 ante
2692 730 3185 801 transgressionem
3214 727 3437 797 quidem
3464 729 3582 782 dice
3600 757 3617 767 -

2046 835 2201 881 retur
2230 826 2345 881 hinc
2378 825 2607 879 nudatio
2640 824 2694 878 in
2726 822 3100 894 protoplastis,
3134 821 3240 876 dici
3276 829 3462 888 posset
3494 834 3615 872 eam

2045 933 2168 975 esse
2196 917 2618 987 vituperabilem
2649 930 2754 970 nec
2787 912 3118 968 laudandam
3151 930 3163 965 :
3191 911 3455 981 quoniam
3488 924 3620 964 vero

2047 1011 2230 1067 statim
2261 1010 2330 1063 ab
2363 1009 2483 1079 ipso
2512 1016 2636 1062 ortu
2666 1016 2723 1063 et
2754 1005 3035 1060 creatione
3063 1003 3166 1058 luit
3191 1017 3318 1057 cum
3346 1000 3429 1056 eis
3457 1000 3619 1055 nudi-

2049 1110 2150 1168 tas,
2176 1110 2300 1157 ante
2316 1101 2512 1156 omnia
2541 1100 2786 1169 quidem,
2808 1098 2877 1153 ad
2900 1095 3152 1153 Judaeum
3182 1111 3267 1150 me
3295 1102 3623 1151 convertens

2046 1194 2207 1263 cupio
2248 1208 2443 1247 rursus
2475 1209 2543 1247 ex
2586 1192 2705 1261 ipso
2747 1190 2962 1245 discere
3008 1188 3290 1258 quomodo
3328 1185 3483 1241 nulla
3518 1183 3621 1238 alia

2048 1293 2246 1339 natura
2288 1300 2317 1339 a
2360 1284 2473 1338 Deo
2511 1283 2653 1337 facta
2680 1280 3024 1349 nuda,.optis
3052 1279 3245 1334 habuit
3284 1284 3620 1347 tegumenta,

2048 1378 2155 1434 nisi
2181 1376 2330 1432 solus
2353 1376 2549 1430 homo?
2573 1374 2707 1429 Nam
2730 1383 2788 1428 et
2808 1373 3006 1444 angeli,
3028 1380 3085 1426 et
3107 1372 3255 1436 ferae,
3279 1379 3334 1425 et
3350 1369 3621 1441 iumenta.

2050 1479 2109 1523 et
2142 1468 2416 1534 volucres,
2444 1474 2500 1522 et
2535 1463 2942 1536 quadrupedes,
2971 1471 3029 1517 et
3070 1462 3302 1516 maxime
3341 1459 3559 1529 reptilia
3595 1474 3622 1509 a

2051 1559 2164 1613 Deo
2201 1567 2392 1625 creata
2432 1566 2563 1612 sunt
2598 1555 2768 1619 nuda,
2800 1570 2982 1625 neque
3021 1554 3194 1609 ullum
3232 1568 3301 1608 ex
3343 1552 3410 1606 iis
3447 1567 3477 1606 a
3518 1551 3627 1607 Deo

2049 1650 2154 1705 fuit
2186 1650 2442 1705 indutum
2470 1649 2580 1704 nisi
2610 1648 2763 1703 solus
2795 1647 2980 1702 homo.
3014 1645 3073 1700 In
3105 1645 3243 1716 ipsis
3272 1658 3407 1715 ergo
3437 1652 3625 1712 prato-

2052 1741 2247 1812 plastis
2273 1740 2632 1796 nudationem
2662 1738 2950 1810 intelligis,
2975 1736 3143 1807 idque
3176 1734 3338 1791 simul
3362 1744 3421 1788 et
3452 1732 3628 1804 typit-e

366 1846 560 1887 versas
592 1845 876 1901 personas.
932 1830 1104 1901 Igitur
1141 1831 1420 1901 quomodo
1458 1831 1567 1887 Eva
1630 1848 1695 1886 ex
1743 1831 1954 1887 Adamo
1988 1824 2027 1878 Β
2055 1840 2111 1888 et
2148 1830 2552 1903 praeﬁgurative
2591 1847 2620 1885 a
2663 1831 2775 1885 Deo
2816 1829 3014 1884 factam
3055 1842 3177 1885 esse
3218 1826 3276 1880 in
3312 1824 3533 1901 Christo
3574 1831 3631 1879 ct

366 1935 686 1992 progressa,
714 1935 861 1975 unus
898 1920 1067 1974 homo
1108 1935 1233 1975 cum
1262 1922 1382 1991 ipso
1410 1937 1440 1977 a
1482 1921 1595 1976 Deo
1640 1930 1725 1976 est
1759 1922 1949 1991 appel-

371 2015 503 2079 lata,
538 2013 611 2067 ita
631 2013 799 2068 etiam
831 2013 1005 2068 Filius
1035 2028 1362 2084 progressus
1411 2029 1441 2067 a
1476 2014 1659 2079 Patre,
1693 2022 1749 2067 et
1789 2013 1952 2067 Pater

372 2112 460 2160 est
486 2118 627 2160 unus
654 2104 821 2159 Deus.
867 2104 976 2160 Sed
1015 2120 1197 2175 neque
1251 2113 1382 2161 sunt
1416 2104 1530 2159 duo
1580 2105 1688 2167 Dii,
1742 2118 1843 2159 nec
1868 2105 1954 2159 di-

376 2205 603 2251 cuntur.
627 2196 754 2251 llaec
771 2203 957 2250 autem
988 2196 1163 2252 fusius
1195 2212 1225 2251 a
1251 2196 1414 2251 nobis
1432 2196 1577 2250 dicta
1606 2206 1734 2251 sunt
1761 2197 1816 2250 in
1831 2209 1956 2250 ver-

373 2287 464 2342 bis
499 2287 617 2342 :Ad
642 2290 956 2360 imaginem,
1004 2288 1057 2342 in
1095 2289 1299 2359 quibus
1328 2288 1662 2343 adduximus
1717 2288 1954 2357 plurima

372 2378 581 2434 divinae
619 2378 924 2449 Scripturae
951 2380 1288 2443 testimonia,
1324 2381 1379 2434 in
1429 2379 1633 2450 quibus
1680 2381 1827 2436 Deus
1856 2396 1957 2435 no-

379 2471 558 2527 minat
582 2471 1013 2527 innumerabiles
1048 2472 1333 2528 hominum
1361 2488 1625 2543 personas
1657 2488 1826 2527 unum
1857 2473 1959 2530 ho-

385 2563 618 2630 minem,
646 2573 709 2619 ut
725 2580 845 2620 cum
874 2565 1011 2620 dicit
1044 2582 1057 2617 :
1091 2565 1277 2623 Delcbo
1309 2569 1570 2623 hominem
1592 2576 1744 2637 quem
1772 2568 1867 2638 feci
1888 2569 1966 2625 ’°.'

390 2655 452 2709 Si
493 2664 674 2710 autem
703 2656 1134 2712 innumerabiles
1161 2672 1415 2727 persona:
1454 2666 1663 2729 natura
1690 2657 1798 2712 dici
1835 2672 1961 2726 pos-

386 2753 521 2801 sunt
545 2762 685 2800 unus
702 2747 884 2813 homo,
919 2758 1211 2818 propterea
1243 2749 1389 2819 quod
1413 2756 1499 2803 est
1542 2748 1736 2804 eadem
1772 2762 1962 2803 essen-

385 2835 484 2897 tia,
518 2836 688 2889 multo
714 2837 884 2908 magis
938 2847 1047 2893 tres
1093 2836 1343 2907 persona:
1376 2837 1682 2892 divinitatis
1732 2843 1963 2907 possunt

382 2925 616 2996 intelligi
647 2936 703 2982 et
761 2929 1047 3003 praedicari
1070 2944 1215 2984 unus
1267 2930 1432 2993 Deus,
1483 2936 1777 2999 propterea
1814 2926 1962 2998 quod

377 3024 471 3071 est
498 3018 690 3074 eadem
721 3030 920 3075 natura
950 3028 1007 3075 et
1033 3021 1186 3075 nuilo
1208 3020 1471 3075 distincta
1500 3019 1843 3075 discrimine.
1884 3018 1963 3073 Ita

378 3109 551 3165 etiam
579 3110 746 3167 Israel
796 3112 853 3166 in
913 3113 1190 3168 sexcentis
1243 3113 1491 3167 millibus
1518 3125 1875 3181 personarum
1905 3108 1960 3163 in

383 3191 495 3255 una
526 3217 762 3272 persona
793 3206 1110 3259 nominatur
1136 3220 1278 3259 unus
1301 3203 1506 3269 Israel;
1550 3202 1623 3257 ita
1670 3202 1837 3256 etiam
1865 3202 1965 3255 As-

382 3294 589 3365 syrius,
620 3295 695 3349 ita
712 3296 877 3350 etiam
913 3295 1104 3358 Persa,
1142 3295 1231 3349 ita'
1270 3295 1435 3348 etiam
1469 3294 1662 3349 lsmael
1690 3294 1749 3347 in
1784 3291 1967 3347 infini-

384 3385 462 3440 tis
478 3386 722 3440 millibus
744 3403 1108 3457 personarum
1129 3387 1391 3441 dicuntur
1417 3400 1524 3440 una
1549 3399 1806 3455 persona,
1826 3397 1969 3455 quo-

383 3475 556 3530 modo
593 3491 739 3535 unus
777 3478 1097 3533 nominatur
1134 3476 1611 3547 homo,‘quamvis
1641 3476 1827 3530 multa:
1855 3477 1967 3530 sint

382 3566 717 3639 hypostases
745 3585 840 3626 seu
872 3584 1145 3640 persona},
1172 3570 1361 3635 Persa,
1399 3570 1650 3639 inquam,
1685 3567 1967 3639 Assyrius,

383 3660 606 3716 lsmael.
639 3662 1007 3728 Quamobrem
1066 3663 1203 3717 nulli
1237 3670 1323 3717 est
1347 3660 1763 3732 reprehensioni
1792 3659 1971 3715 afﬁnis

385 3754 532 3809 Iides
560 3753 1024 3820 Christianorum,
1054 3756 1477 3810 nominanstrcs
1498 3754 1643 3833 (quae
1671 3762 1800 3808 sunt
1821 3755 1970 3823 ejus-

383 3847 516 3902 dem
571 3847 735 3903 simul
752 3846 1025 3919 essentia)
1063 3846 1372 3901 divinitatis
1399 3845 1727 3917 hypostases
1749 3886 1762 3909 ,
1797 3861 1968 3899 unum

380 3947 448 3996 et
470 3940 647 3994 solum
690 3940 884 4005 Deum,
944 3955 1057 3995 non
1100 3948 1284 3994 autem
1327 3946 1441 3994 tres
1473 3938 1630 3994 deos.
1698 3937 1835 3994 Cum
1861 3938 1972 3992 huc

384 4045 570 4100 usque
596 4031 867 4086 orationis
885 4039 1088 4087 nostra;
1112 4046 1262 4087 arma
1289 4030 1677 4086 strinxerimus
1706 4034 1973 4086 adversus

383 4137 491 4179 eos
519 4122 614 4193 qui
638 4132 749 4178 tres
770 4124 905 4179 deos
935 4124 1151 4187 dicunt,
1186 4114 1479 4177 redeamus
1507 4123 1572 4177 ad
1606 4124 1806 4178 seriem
1848 4139 1974 4179 con-

384 4213 719 4283 sequentiae,
749 4214 1168 4269 considerantes
1196 4226 1446 4282 quanam
1503 4212 1576 4268 sit
1605 4212 1783 4267 virtus
1836 4229 1975 4282 prre-

385 4309 541 4379 cepti
569 4310 714 4380 quod
774 4312 857 4367 sic
913 4310 1201 4381 dicit:Ea:
1248 4310 1394 4364 omni
1436 4307 1587 4380 ‘ligno
1616 4311 1756 4380 quod
1796 4319 1872 4365 est
1920 4313 1975 4365 in

381 4403 645 4472 paradiso
682 4404 937 4460 comedes.

2053 1922 2319 1987 Ecclesia,
2341 1910 2401 1976 in
2425 1921 2620 1976 initiis.
2645 1921 2766 1975 Non
2795 1919 2941 1975 enim
2968 1916 3063 1988 qui
3092 1930 3311 1971 omnem
3334 1912 3629 1969 essentiam

2054 2020 2164 2068 tam
2197 2013 2411 2068 ratione
2443 2013 2731 2083 praeditam
2760 2027 2926 2095 quat'n
2959 2020 3241 2081 expertem
3276 2007 3509 2065 rationis
3549 2014 3633 2060 est

2054 2104 2352 2161 fabricatus
2372 2120 2469 2176 per
2489 2120 2547 2161 se
2569 2104 2841 2168 indutam,
2864 2119 2976 2159 non
2998 2110 3217 2173 poterat
3239 2099 3398 2157 facile
3418 2098 3632 2154 eﬂicere

2054 2196 2334 2252 hominem
2360 2212 2474 2252 non
2499 2205 2749 2269 egentem
2780 2192 3204 2267 integumentis?
3235 2191 3343 2248 Sed
3374 2189 3632 2261 quoniam

2056 2289 2202 2359 Deus
2227 2289 2471 2345 Verbum
2501 2289 2595 2359 qui
2624 2288 2835 2344 eratab
2864 2288 3026 2343 initio
3056 2285 3240 2341 nudus
3271 2292 3328 2339 et
3351 2283 3633 2351 incompo-

2058 2379 2168 2436 situ
2201 2396 2229 2438 a
2313 2379 2426 2436 Deo
2452 2389 2575 2437 erat
2604 2378 3020 2450 componendus
3050 2384 3106 2433 et
3133 2372 3450 2432 induendus
3475 2371 3636 2441 pelli-

2059 2459 2435 2532 ceam'nostrae
2457 2473 2641 2528 carnis
2665 2472 2930 2537 tunicam,
2953 2485 3084 2525 caro
3107 2468 3282 2524 factus
3303 2475 3361 2523 et
3383 2464 3638 2521 habitans

2062 2565 2119 2620 in
2162 2563 2355 2631 nobis,
2397 2564 2524 2619 ideo
2566 2563 2714 2618 Deus
2753 2561 2924 2617 Adam
2972 2560 3251 2615 hominem
3302 2554 3638 2629 (secundum

2063 2656 2255 2725 Adami
2282 2646 2657 2727 pretotypum)
2685 2652 2895 2709 nudum
2926 2652 3194 2715 condidit,
3218 2660 3274 2705 et
3300 2649 3421 2719 ejus
3444 2647 3638 2716 conju~

2062 2763 2186 2820 gem
2228 2748 2542 2812 mulierem,
2571 2745 2871 2817 imaginem
2893 2743 3153 2799 Ecclesize
3181 2746 3298 2812 ipso
3331 2753 3525 2794 rursus
3558 2736 3641 2791 in—

2064 2841 2228 2896 duim.
2260 2841 2396 2896 Nam
2427 2837 2740 2910 quicunque,
2771 2837 2971 2907 inquit,
2999 2837 3055 2889 in
3089 2833 3353 2890 Christum
3386 2830 3644 2898 baptizati

2066 2935 2209 2999 estis,
2238 2932 2504 2988 Christum
2533 2932 2779 2985 induistis
2800 2931 2866 2985 ".
2893 2926 2960 2985 Et
2988 2929 3111 2984 ideo
3141 2926 3275 2982 dicit
3306 2925 3589 2994 Scriptura
3630 2940 3640 2974 ε

2066 3024 2137 3080 Et
2167 3033 2323 3079 erant
2350 3025 2503 3079 ambo
2536 3024 2665 3079 nudi
2694 3023 2869 3079 Adam
2901 3029 2951 3075 et
2982 3021 3094 3092 ejus
3126 3035 3282 3084 uxor,
3305 3027 3354 3073 et
3386 3033 3491 3087 non
3520 3031 3644 3069 θαι-ι

2069 3105 2340 3172 bescebant
2360 3117 2425 3171 θ’.
2443 3116 2546 3172 Ubi
2563 3116 2712 3171 enim
2730 3113 2975 3169 nondum
2999 3112 3200 3167 factum
3223 3118 3307 3166 est
3332 3114 3617 3179 peccatum
3631 3146 3643 3163 .

2071 3205 2187 3261 illic
2227 3221 2336 3260 non
2379 3212 2634 3260 versatur
2673 3202 2852 3273 pudor
2900 3220 2917 3254 -.
2964 3199 3143 3271 pudor
3184 3198 3330 3253 enim
3375 3203 3460 3251 est
3500 3193 3649 3247 fctus

2066 3299 2310 3370 peccati;
2358 3305 2415 3353 et
2445 3297 2538 3353 ubi
2568 3304 2653 3351 est
2684 3311 2821 3367 pura
2851 3303 2908 3349 et
2934 3276 3138 3349 munda
3170 3301 3387 3354 natura,
3414 3295 3469 3343 et
3497 3283 3645 3341 nuda

2069 3391 2137 3446 ab
2177 3390 2325 3445 omni
2366 3398 2597 3460 peccato
2640 3386 2944 3443 adventitio
2986 3393 3042 3441 et
3081 3382 3407 3438 indumento
3442 3377 3649 3433 veteris

2070 3481 2333 3545 hominis,
2369 3480 2501 3534 illuc
2528 3464 2719 3534 nullus
2754 3476 3065 3549 ingreditur
3098 3473 3300 3544 pudor.
3334 3470 3482 3527 Facti
3520 3476 3653 3522 sunt

2068 3590 2200 3645 ergo
2218 3570 2540 3645 protoplasti
2560 3569 2697 3625 nudi
2721 3569 2789 3624 ab
2806 3567 2954 3622 omni
2972 3567 3117 3631 labe,
3138 3558 3653 3630 macula,.inquina-

2070 3676 2254 3723 mento
2270 3672 2327 3720 et
2344 3664 2596 3725 vulnere,
2623 3672 2680 3717 8i.
2707 3676 2771 3715 ea
2789 3660 2858 3716 d0
2875 3674 3041 3714 causa
3076 3672 3187 3713 non
3207 3651 3608 3712 erubescebant
3636 3672 3649 3705 ;

2069 3756 2316 3812 nondum
2350 3754 2499 3811 enim
2534 3753 2784 3808 sciebant
2816 3750 2951 3806 illud
2991 3756 3218 3820 propter
3250 3745 3398 3819 quod
3431 3755 3516 3801 est
3547 3759 3651 3815 pu-

2071 3848 2193 3904 dor.
2220 3846 2276 3903 Si
2299 3857 2484 3902 autem
2514 3847 2680 3901 etiam
2714 3845 2771 3899 in
2804 3845 2918 3899 Deo
2942 3843 3127 3897 Verbo
3156 3842 3240 3896 vis
3268 3838 3461 3895 audire
3492 3838 3647 3895 illud.

2073 3940 2286 4013 pudore
2321 3955 2434 3993 non
2464 3936 2835 3999 adiciendum,
2864 3934 2995 3991 audi
3022 3948 3172 3997 eum,
3200 3931 3442 4001 seipsum
3469 3927 3654 3985 nomi—

2072 4039 2319 4096 nantem,
2341 4030 2586 4100 iudicem
2613 4027 2945 4098 iniquitatis,
2969 4040 3168 4095 nempe
3196 4022 3652 4078 condemnantem

2073 4125 2323 4199 iniquam
2375 4122 2710 4178 mundanam
2765 4118 2978 4191 peccati
3033 4116 3429 4189 irruptionem,
3475 4129 3655 4182 neque

2072 4218 2248 4273 Deum
2289 4217 2576 4271 timentem
2626 4214 2795 4285 (Deus
2833 4212 2982 4267 enim
3043 4210 3172 4277 est),
3228 4222 3408 4278 neque
3459 4222 3657 4261 verens

2076 4311 2359 4383 hominem
2379 4350 2392 4371 ,
2421 4316 2483 4377 ut
2514 4308 2610 4377 qui
2645 4314 2797 4360 recte
2826 4303 3040 4374 judicet
3069 4310 3127 4356 et
3157 4301 3292 4356 citra
3328 4299 3494 4353 ullam
3530 4314 3655 4367 per-

2079 4419 2339 4461 sonarum
2378 4402 2787 4472 acceptionem.
2819 4398 2888 4454 Et
2921 4396 3048 4452 ideo
3079 4394 3340 4450 dicebant
3372 4391 3466 4463 qui
3500 4400 3661 4445 erant

469 4493 787 4551 Paradisum
832 4505 1054 4559 autem,
1088 4505 1151 4551 ut
1186 4495 1476 4561 existimo,
1525 4494 1779 4551 nominat
1816 4495 1971 4550 illum
2005 4504 2052 4563 ο
2080 4500 2136 4555 in
2164 4495 2427 4553 cathedra
2451 4492 2738 4567 Sadduczei
2772 4509 2785 4545 :
2814 4489 3089 4561 Magister,
3111 4487 3248 4559 quod
3274 4496 3408 4541 recte
3423 4484 3660 4556 judicas,

387 4586 577 4657 ipsum
606 4587 876 4642 Adamum
916 4596 1146 4658 propter
1169 4603 1289 4644 eam
1321 4603 1444 4658 quae
1471 4596 1557 4644 est
1594 4586 1665 4641 in
1699 4587 1820 4658 ipso
1866 4587 1977 4641 cir-

389 4677 698 4735 cuitionem
731 4695 830 4749 per
881 4680 979 4736 Dei
1036 4681 1555 4751 participationem;
1586 4680 1732 4752 ligna
1788 4686 1975 4735 autem

392 4771 657 4842 paradisi,
685 4788 809 4843 quae
835 4773 891 4828 in
925 4773 1045 4843 ipso
1079 4781 1209 4829 sunt
1248 4773 1515 4843 plantata,
1571 4772 1979 4845 intelligentias

390 4863 787 4935 percipiendas
823 4874 879 4920 et
903 4866 1100 4921 vitales
1157 4867 1413 4922 virtutes.
1467 4865 1563 4921 Eis
1591 4850 1769 4931 utere,
1795 4865 1978 4919 Verbo

390 4954 646 5026 iubente.
676 4956 782 5012 Sed
816 4967 875 5012 ut
898 4957 999 5012 tibi
1033 4957 1159 5013 data
1189 4968 1341 5023 sunt,
1372 4966 1428 5013 et
1451 4972 1551 5027 pro
1584 4965 1780 5012 natura
1812 4970 1979 5028 quam

397 5047 607 5102 habent
632 5048 800 5113 liena,
830 5057 891 5103 ut
919 5064 1041 5120 quae
1082 5050 1192 5105 sint
1214 5048 1429 5105 scilicet
1452 5048 1740 5104 insensilia
1792 5057 1850 5104 et
1877 5048 1982 5104 im-

395 5138 628 5194 mobilia
652 5140 718 5194 ad
749 5156 970 5196 omnem
1014 5138 1313 5197 belluinam
1361 5141 1755 5208 affectionem;
1793 5141 1863 5197 de
1890 5156 1978 5196 re-

397 5231 507 5286 bus
543 5236 727 5289 autem
760 5235 1056 5290 sensilibus
1082 5250 1205 5306 quae
1231 5235 1297 5290 ad
1328 5235 1435 5290 hoc
1473 5243 1528 5291 et
1552 5234 1689 5289 illud
1720 5234 1975 5289 dividan-

397 5332 495 5377 tur
523 5330 782 5394 tanquam
808 5325 873 5379 ad
907 5327 1110 5381 bonum
1134 5335 1189 5381 et
1211 5327 1438 5389 malum,
1464 5340 1587 5395 quas
1609 5325 1833 5396 quidem
1866 5324 1980 5379 dis-

400 5415 611 5470 tributa
643 5426 772 5472 s’uut
800 5419 1196 5483 animantibus,
1229 5418 1529 5489 Non909
1551 5417 1807 5472 comedes.
1841 5416 1977 5471 Nam

399 5507 572 5562 unius
605 5508 792 5565 formae
831 5511 1130 5566 dictionem
1190 5512 1420 5566 verbum
1457 5510 1506 5564 ei
1548 5510 1802 5579 largitur,
1861 5517 1980 5562 ten-

400 5598 627 5653 dentem
652 5600 718 5653 ad
745 5616 913 5654 unum
947 5601 1235 5655 Dominum
1275 5616 1427 5671 :qnze
1456 5610 1637 5654 autem
1666 5607 1795 5652 sunt
1826 5597 1975 5651 varia

488 5776 533 5807 ⁹⁰
565 5774 700 5831 Gen.
739 5794 789 5831 vi
836 5780 885 5834 7.

966 5780 1203 5833 "Galat.
1234 5778 1419 5843 "1,27.
1500 5779 1542 5805 θτ
1568 5774 1701 5829 ῦκιι.
1734 5790 1787 5838 ιι,
1812 5775 1900 5827 ‘23.

1981 5776 2175 5829 "Luc.
2205 5791 2293 5833 xx,
2324 5772 2406 5827 3i.

2081 4599 2132 4647 et
2184 4606 2466 4665 personam
2523 4605 2630 4643 non
2682 4587 2903 4657 accipis,
2938 4585 3022 4639 dic
3071 4584 3135 4637 de
3187 4598 3344 4637 censu
3370 4580 3435 4634 ".
3471 4579 3663 4647 Itaque

2082 4683 2304 4756 quando
2335 4690 2458 4738 erat
2486 4681 2712 4753 quidem
2744 4677 2929 4753 nudus
2957 4677 3127 4743 Deus,
3155 4690 3269 4730 non
3302 4666 3664 4729 suﬂ'undeba-

2083 4786 2176 4837 tur
2218 4775 2433 4847 pudore
2486 4792 2501 4829 :
2552 4771 2774 4843 quando
2815 4777 3001 4826 autem
3048 4758 3213 4823 carne
3256 4772 3512 4835 suscepta
3553 4777 3665 4817 non

2084 4867 2322 4937 amplius
2351 4872 2473 4920 erat
2497 4863 2702 4927 nudus,
2728 4859 3071 4918 adiciebatur
3092 4857 3338 4929 pudore;
3370 4863 3427 4910 et
3452 4850 3663 4924 pudore

2086 4964 2429 5027 contempto,
2456 4968 2677 5010 crucem
2720 4968 2822 5023 pro
2859 4951 3022 5007 nobis
3059 4946 3344 5005 sustinuit.
3372 4943 3442 5000 Et
3474 4943 3598 4998 ideo
3633 4958 3664 4999 a
3739 4942 3745 4949 ’

2084 5047 2290 5104 ,ιιιάιείε
2324 5046 2598 5118 pulsatus,
2627 5042 2811 5114 ﬂagris
2844 5052 3040 5107 caesus,
3071 5048 3127 5095 et
3166 5044 3474 5107 consputus
3512 5033 3665 5089 dice-

2084 5136 2181 5192 bat
2221 5156 2233 5191 :
2278 5128 2503 5208 Tergum
2545 5150 2718 5190 meum
2755 5122 2985 5187 dedi'ad
3018 5127 3256 5203 ﬂagella,
3288 5143 3450 5199 genas
3487 5134 3666 5181 autem

2087 5246 2231 5297 meas
2264 5231 2333 5282 ad
2366 5226 2586 5299 alapas,
2620 5226 2809 5297 faciem
2848 5231 3026 5278 autem
3068 5238 3245 5277 meum
3283 5236 3388 5273 non
3429 5220 3594 5274 averti
3634 5237 3667 5273 α

2089 5320 2596 5391 ριιάοιιθριιῑοηιηι
2616 5317 2678 5373 ³⁵.
2709 5317 2774 5372 Ει
2806 5330 2998 5370 rursus
3018 5313 3178 5368 idem
3208 5311 3370 5367 Jesus
3404 5324 3502 5394 per
3535 5324 3665 5380 pro-

2093 5413 2312 5483 phetam
2362 5411 2498 5465 dicit
2526 5409 2675 5464 Patri
2707 5401 2727 5462 ἐ
2759 5408 2832 5462 Tu
2858 5408 2958 5462 scis
2984 5405 3365 5476 improperium
3396 5418 3589 5456 meum.
3619 5408 3668 5452 rt

2088 5501 2342 5572 pudorem
2374 5492 2600 5563 "meum,
2652 5506 2700 5552 et
2757 5497 3099 5551 reuerentiam
3161 5510 3364 5556 meam,
3416 5489 3667 5563 quoniam

2085 5596 2254 5663 pudor
2281 5592 2451 5647 unum
2487 5593 2582 5643 ηιεὶ
2616 5590 2880 5661 cooperuit
2910 5606 2990 5643 me
3010 5589 3076 5642 ⁸³.
3104 5587 3159 5641 Si
3191 5592 3372 5640 autem
3407 5592 3666 5654 tanquam

2488 5773 2528 5801 “
2554 5773 2654 5825 Isa.
2686 5788 2735 5835 t.,
2761 5771 2811 5825 6.
2891 5771 2934 5802 9³
2961 5768 3111 5825 Psal.
3151 5783 3331 5822 mnu.
3357 5763 3406 5817 ⁸⁸³.
3438 5764 3486 5816 8.
