4098 6448
520 365 648 432 toll

1720 375 1783 436 S.
1821 371 2228 436 ANASTASII
2262 375 2597 439 SINAITJ!

3646 374 3795 442 1012

507 480 772 549 annalis,
795 479 865 537 de
895 481 1114 552 pudore
1141 485 1422 556 corporali
1456 484 1573 542 hac
1604 486 1871 559 intelligis
1901 486 2103 565 in-‘nu-
2131 484 2179 545 Δ
2206 486 2519 549 Salomonis
2560 490 2794 564 singulis
2834 441 2997 551 annis
3034 491 3228 568 venire
3268 504 3340 548 ex
3374 486 3634 557 That-sis,
3668 505 3797 563 qua:

507 568 735 627 datione
768 569 964 625 Adami
997 580 1056 627 et
1084 573 1231 639 Evae,
1258 574 1350 630 dic
1382 575 1545 642 mihi,
1574 591 1703 632 cum
1735 576 1925 633 nullus
1956 577 2102 633 alius

504 662 728 719 adesset
754 678 885 720 cum
911 665 1021 727 eis,
1047 668 1335 738 cuiusnam
1368 668 1772 743 erantopudore
1801 666 2098 736 adiciendi,

507 770 747 811 mamme
773 757 822 811 si
849 757 1181 814 nesciebant
1205 767 1333 814 ante
1358 761 1862 833 transgressionem
1889 770 2101 835 myste-

508 849 657 903 rium
702 849 949 919 partium
997 850 1208 906 liberos
1253 853 1696 922 procreantium,
1733 864 1792 909 et
1833 853 1983 927 quod
2028 855 2103 911 sit

505 940 811 996 discrimen
837 956 1034 997 eorum
1058 942 1429 1009 formationis,
1455 961 1640 1016 neque
1664 946 1813 1017 quod
1841 960 1920 1002 eae
1940 945 2102 1003 facta:

504 1042 640 1089 sunt
679 1032 749 1088 ad
799 1035 1009 1090 coitum
1068 1043 1126 1090 et
1165 1036 1471 1107 nuptialem
1517 1052 1904 1110 congressum,
1931 1047 1990 1094 et
2030 1038 2101 1093 ad

506 1125 618 1182 hoc
648 1142 682 1182 a
715 1124 829 1182 Deo
856 1127 990 1182 iacti
1025 1127 1140 1182 sint
1166 1129 1455 1185 masculus
1479 1139 1537 1186 et
1561 1130 1800 1187 femina?
1830 1129 1936 1199 Qui
1967 1146 2100 1203 ergo

503 1232 573 1275 ea
617 1218 868 1274 nondum
914 1219 1200 1287 sciebant,
1236 1236 1479 1292 quonam
1525 1232 1687 1280 erant
1728 1216 2101 1295 perfundendi

506 1310 758 1380 pudore?
800 1310 1175 1378 Quamobrem
1217 1314 1340 1370 sine
1382 1315 1760 1371 controversia
1807 1315 2101 1372 referenda

503 1412 591 1457 est
618 1403 842 1459 nuditas
869 1404 938 1459 ud
969 1404 1252 1463 Christum
1286 1419 1343 1485 et
1373 1408 1676 1464 E'eclesiam
1716 1428 1737 1463 :.
1759 1409 1934 1465 Erant
1961 1412 2100 1465 enim

505 1494 660 1549 ambo
687 1495 816 1550 nudi
842 1496 908 1551 αι
953 1499 1130 1565 initio,
1171 1500 1323 1556 Dens.
1359 1501 1586 1572 quidem
1616 1501 1886 1568 Verbum,
1916 1503 2101 1559 nudus

501 1586 572 1643 ab
594 1588 975 1658 humanitate,
1003 1591 1256 1649 Ecclesia
1292 1605 1481 1652 autem
1528 1596 1679 1653 nuda
1710 1612 1740 1652 a
1771 1596 2062 1657 divinitate
2081 1639 2097 1665 ,

499 1679 787 1739 Christum
827 1686 1078 1743 nondum
1121 1687 1338 1744 induta.

570 1775 845 1864 Caeterum
874 1794 989 1835 non
1019 1780 1395 1838 erubescebat
1418 1792 1715 1856 antequam
1743 1795 1890 1842 esset
1913 1792 2099 1842 trans-

500 1858 711 1939 gressa,
743 1872 950 1942 partim
989 1873 1242 1944 quidem,
1270 1883 1333 1930 ut
1370 1891 1532 1947 pura,
1558 1845 1617 1935 et
1647 1878 1760 1949 jam
1803 1885 1993 1949 parata
2032 1878 2101 1934 ad
2134 1845 2175 1901 Β

499 1957 984 2032 incorruptionem
1033 1965 1087 2037 (a
1133 1968 1335 2021 natura
1380 1967 1532 2021 enim
1581 1966 1755 2023 habet
1804 1967 1986 2038 pudor
2042 1976 2105 2023 ut

500 2053 777 2109 consistat
810 2057 870 2110 in
913 2056 1105 2128 ﬁguris
1147 2068 1207 2115 et
1240 2058 1575 2131 corporibus
1616 2061 1674 2115 in
1712 2076 1835 2133 qua:
1874 2061 2104 2119 omnino

498 2143 648 2201 cadit
690 2146 978 2218 corruptio
1021 2155 1080 2205 et
1123 2149 1423 2217 interitus,
1460 2159 1518 2206 et
1563 2158 1697 2206 sunt
1739 2144 2098 2224 materialia),

499 2239 707 2309 partim
742 2248 930 2296 autem
965 2249 1029 2297 ut
1057 2257 1182 2313 qua:
1210 2242 1363 2299 nuda
1392 2251 1449 2300 et
1472 2253 1665 2315 aperta
1694 2242 1857 2311 facie,
1882 2242 2101 2301 Domini

498 2322 714 2387 vultum
752 2334 1256 2405 cmitempiaretur.
1290 2334 1367 2392 De
1401 2351 1510 2407 qua
1544 2335 1813 2392 laudabili
1845 2334 2102 2391 nuditate

496 2420 638 2478 dicit
664 2422 832 2480 divus
860 2423 1071 2481 Paulus
1107 2443 1121 2479 :
1154 2423 1577 2496 Ingemisrimus,
1612 2424 1975 2480 habitadulum
2005 2442 2101 2481 no-

495 2526 670 2572 strum
710 2518 852 2589 quod
892 2534 958 2573 ea:
994 2518 1122 2574 caelo
1161 2519 1477 2592 superindui
1510 2521 1779 2591 cupientes
1799 2520 1870 2587 ’⁸,
1897 2536 2099 2593 nempe

497 2609 744 2666 futuram
797 2626 1097 2682 corporum
1140 2612 1665 2683 incorruptionem,
1704 2613 1967 2685 siquidem
2017 2612 2102 2670 in-

498 2703 632 2766 duti,
658 2720 762 2758 non
794 2706 926 2759 nudi
947 2706 1286 2763 inueniamur
1304 2704 1372 2760 ’⁷.
1395 2705 1520 2761 Non
1546 2705 1681 2761 nudi
1708 2720 1738 2760 a
1763 2704 1939 2787 gratia
1973 2719 2099 2761 sau-

498 2795 575 2851 cli
617 2793 895 2865 Spiritus,
934 2812 1103 2868 quam
1149 2797 1461 2853 nuditatem
1502 2806 1564 2853 ut
1602 2796 1805 2853 eiliciat
1843 2799 2096 2855 innatum

497 2894 585 2943 est
608 2888 817 2943 tunicae
841 2888 1113 2944 malarum
1144 2890 1454 2956 actionum,
1479 2906 1587 2961 qua
1619 2888 1849 2945 indutus
1872 2890 1980 2945 fuit
2005 2890 2096 2944 ille

505 2979 593 3050 qui
621 2980 838 3050 eiectus
877 2988 964 3035 est
1001 2995 1033 3036 e
1072 2981 1319 3051 nuptiis;
1348 2998 1515 3052 quam
1556 2998 1667 3036 non
1705 2981 1961 3037 ferebant
1998 2981 2095 3052 qui

504 3070 656 3140 prius
702 3081 864 3127 erant
906 3071 1050 3128 nudi
1086 3072 1418 3144 protopiasti
1470 3091 1483 3127 :
1532 3089 1713 3143 neque
1759 3088 1954 3129 rursus
2004 3074 2094 3130 ille

2202 591 2288 638 est
2313 580 2580 656 Hesperia
2610 584 2850 657 regionis
2881 584 3267 649 occidentalis,
3293 590 3351 638 et
3376 582 3525 640 ferre
3555 581 3629 638 ad
3659 597 3794 639 eum

2201 691 2400 731 aurum
2446 685 2505 732 et
2544 676 2821 749 ejusmodi
2864 677 3189 734 animantia.
3223 673 3347 734 Non
3391 683 3477 733 est
3520 690 3655 747 ergo
3707 675 3797 747 (ut

2200 777 2487 826 ostensum
2523 770 2631 841 est)
2664 785 2896 842 serpens
2931 767 3263 844 prudentior
3291 754 3565 825 omnibus
3593 766 3796 825 bestiis

2203 858 2386 919 terrae.
2411 862 2785 930 Quamobrem
2815 864 2904 920 vel
2938 864 3223 925 diabolum
3256 863 3395 920 dicit
3425 862 3744 934 ingressum
3779 878 3795 917 :

2199 955 2287 1011 vel
2330 956 2531 1027 ipsum,
2566 956 2778 1012 nudum
2825 956 3070 1028 appellat
3111 964 3429 1026 serpentem
3475 953 3795 1025 Scriptura.

2200 1047 2334 1106 Mihi
2374 1056 2561 1105 autem
2600 1050 2844 1114 videtur,
2875 1046 3055 1120 prius,
3087 1048 3289 1105 melius
3323 1047 3593 1105 secundo.
3627 1046 3797 1119 Sym-

2201 1141 2435 1198 machus
2471 1143 2621 1199 enim
2663 1152 2722 1198 et
2763 1141 2986 1212 Aquila,
3018 1156 3121 1213 pro
3165 1138 3502 1212 prudentior,
3533 1137 3799 1197 dixerunt

2200 1232 2451 1295 callidior
2475 1252 2495 1291 :
2525 1235 2674 1307 quod
2700 1235 2930 1308 quidem
2958 1234 3184 1307 proprie
3212 1232 3545 1304 intelligitur
3567 1240 3629 1288 et
3654 1227 3792 1288 dici-

2204 1338 2295 1384 tur
2325 1328 2394 1385 de
2427 1328 2623 1385 doloso
2657 1335 2854 1384 nostro
2887 1326 3229 1383 adversario.
3264 1325 3323 1382 Si
3361 1332 3548 1380 autem
3586 1323 3794 1395 quaeris

2202 1435 2303 1476 cur
2322 1435 2437 1475 non
2475 1419 2626 1476 nude
2665 1418 2784 1479 hac
2818 1419 2969 1476 Deus
3000 1426 3136 1476 tunc
3164 1424 3254 1473 est
3283 1415 3529 1481 locutus,
3558 1414 3656 1470 sed
3687 1431 3791 1485 pro

2202 1504 2423 1563 diabolo
2453 1507 2765 1563 nominavit
2815 1517 3159 1580 serpentem,
3209 1514 3404 1579 aperte
3446 1504 3602 1561 disce
3637 1505 3787 1576 quod

2201 1614 2329 1656 cum
2362 1600 2505 1656 mala
2536 1610 2594 1656 et
2618 1600 2921 1658 libidinosa
2956 1608 3120 1672 gente
3151 1600 3411 1671 loquens,
3441 1599 3627 1654 noluit
3655 1613 3787 1669 ape-

2202 1695 2315 1752 rire
2348 1694 2539 1751 lsraeli
2572 1709 2757 1766 neque
2787 1710 2914 1766 quae
2945 1694 3016 1749 ad
3051 1693 3276 1764 angelos
3317 1698 3573 1762 spectant
3607 1706 3787 1765 neque

2202 1803 2326 1858 quae
2364 1787 2435 1843 ad
2477 1786 2735 1844 Satanam
2776 1788 2875 1858 qui
2915 1786 3262 1845 conculcavit
3305 1785 3508 1850 Evam,
3551 1800 3624 1841 ne
3662 1798 3791 1840 eum

2203 1882 2454 1937 colerent
2490 1888 2548 1936 et
2586 1880 2888 1938 adorarent
2924 1887 3189 1951 tanquam
3232 1878 3346 1934 Deo
3384 1876 3699 1943 fortiorem,
3730 1884 3790 1932 ut

2202 1972 2297 2044 qui
2322 1972 2597 2043 potuisset
2619 1988 2724 2028 sua
2750 1971 3044 2043 prudentia
3068 1969 3440 2042 protopiast‘os
3475 1984 3509 2023 a
3552 1967 3668 2023 Deo
3715 1966 3784 2023 ad

2205 2080 2264 2121 se
2294 2063 2599 2121 attrahere.
2633 2062 2719 2119 Tu
2763 2071 2951 2120 autem
2973 2077 3101 2119 cum
3124 2059 3376 2116 audieris
3392 2058 3544 2131 quod
3562 2075 3779 2130 serpens

2201 2166 2320 2213 erat
2364 2158 2678 2230 prudentior
2719 2155 2967 2211 omnibus
3010 2153 3193 2211 bestiis
3239 2162 3422 2218 terra,
3455 2152 3602 2208 scias
3640 2148 3787 2223 quod

2199 2266 2368 2322 super
2396 2264 2617 2312 omnem
2645 2249 2945 2304 humanam
2979 2244 3337 2319 prudentiam
3370 2251 3459 2301 est
3484 2243 3649 2314 longe
3667 2241 3785 2298 for-

2199 2343 2311 2400 tior
2351 2341 2561 2398 diaboli
2602 2340 2906 2398 calliditas.
2944 2337 3324 2407 Quamobrem
3368 2334 3584 2391 dicebat
3620 2333 3793 2389 nobis

2197 2432 2468 2489 Dominus
2498 2449 2513 2485 :
2542 2432 2727 2489 Estote
2754 2431 3041 2502 prudentes
3069 2413 3208 2485 sicut
3237 2434 3512 2499 serpentes
3527 2425 3627 2478 ⁹⁸’.
3646 2423 3793 2479 Nam

2177 2527 2460 2598 quoniam
2486 2525 2648 2597 genti
2681 2539 2806 2597 quae
2838 2539 2953 2579 non
2985 2522 3148 2579 facile
3182 2527 3407 2593 poterat
3435 2516 3781 2590 persuaderi,

2197 2618 2255 2673 in
2298 2617 2509 2673 vertice
2559 2616 2712 2672 illius
2758 2615 2967 2671 montis
3024 2613 3178 2670 Sinai
3224 2613 3374 2668 Deus
3426 2626 3531 2682 per
3599 2609 3782 2665 Mosen

2196 2710 2376 2781 legem
2422 2708 2640 2765 ferebat
2667 2749 2683 2773 ,
2748 2724 2815 2764 ea
2856 2707 2925 2763 de
2968 2721 3138 2763 causa
3182 2719 3311 2760 cum
3356 2703 3478 2759 haec
3523 2702 3789 2757 scriberet

2196 2811 2410 2859 terrere
2448 2800 2647 2857 volens
2686 2799 3038 2856 incredulum
3080 2796 3362 2861 lsraelem,
3400 2795 3484 2850 eis
3526 2793 3791 2849 describit

2193 2894 2372 2966 legem
2403 2908 2529 2965 quae
2557 2891 2685 2948 data
2718 2901 2805 2948 est
2828 2891 3064 2957 Adamo,
3093 2899 3152 2947 et
3184 2886 3709 2960 transgressionem,
3737 2894 3788 2942 et

2194 3001 2423 3060 poenas,
2457 2992 2515 3042 et
2558 2984 2894 3048 sententias,
2928 2990 2987 3038 et
3026 2980 3488 3038 incondonabiles
3528 2976 3792 3037 extemi-

2195 3079 2489 3143 nationes,
2535 3084 2593 3132 et
2634 3074 2760 3131 illas
2805 3072 3119 3129 horrendas
3163 3071 3436 3127 adversus
3479 3077 3790 3139 serpentem

496 3163 700 3236 qutus,
731 3172 791 3219 et
825 3165 967 3219 uuiii
1005 3164 1185 3220 allinis
1223 3165 1677 3236 reprehensioni,
1709 3175 1766 3221 et
1803 3166 1928 3237 pius
1964 3165 2086 3224 Job.
2117 3188 2160 3246 ε
2193 3170 2632 3234 exsecrationes,
2669 3176 2729 3223 et
2765 3166 2989 3222 dolores
3037 3173 3095 3221 et
3139 3165 3383 3237 gemitus
3424 3160 3707 3227 mulieris,
3737 3166 3793 3215 et

498 3253 568 3313 Et
604 3255 733 3311 ideo
764 3255 991 3312 dicebat
1028 3274 1041 3311 :
1078 3257 1265 3312 Nudus
1301 3258 1372 3312 ab
1404 3257 1555 3313 omni
1592 3267 1821 3329 peccato
1854 3262 1995 3315 exivi
2030 3277 2095 3316 ea:

498 3356 682 3409 ventre
718 3351 908 3404 matris
942 3366 1094 3415 mem,
1127 3350 1193 3405 ab
1224 3366 1284 3405 eo
1314 3368 1522 3423 quoque
1554 3351 1726 3407 nudus
1760 3354 2002 3408 recedam
2024 3353 2093 3409 ".

499 3437 642 3493 Num
667 3447 854 3495 autem
882 3448 941 3496 et
958 3440 1229 3497 Dominus
1252 3449 1309 3497 et
1330 3457 1433 3498 nos
1459 3451 1584 3513 post
1607 3445 2093 3510 resurrectionem,

501 3529 559 3584 in
592 3545 657 3585 ea
692 3531 945 3600 corporis
982 3531 1235 3587 nuditate
1275 3532 1433 3587 nullo
1472 3532 1686 3603 pudore
1728 3534 2096 3605 perfundendi

500 3623 734 3689 erimus,
762 3624 882 3695 ipse
915 3636 1138 3695 quoque
1167 3624 1426 3681 advertes
1455 3634 1509 3681 et
1540 3625 1857 3684 adnotabis.

573 3714 801 3788 Serpens
830 3725 1013 3771 autem
1038 3725 1155 3770 erat
1180 3717 1494 3787 prudentior
1516 3717 1756 3772 omnibus
1782 3718 1958 3774 bestiis
1981 3734 2098 3791 qua:

500 3816 625 3864 sunt
665 3824 835 3878 supra
875 3818 1097 3862 terram.
1133 3805 1292 3874 Quod
1333 3815 1390 3864 et
1429 3816 1699 3878 quantum
1736 3809 1938 3865 attinet
1969 3804 2096 3880 qui-‘-

500 3897 627 3954 dem
662 3899 729 3953 ad
767 3897 1124 3968 prudentiam
1157 3913 1281 3967 quae
1309 3905 1397 3953 est
1425 3898 1480 3957 in
1505 3913 1641 3955 voce
1670 3905 1728 3953 et
1756 3907 1954 3955 natura
1984 3916 2095 3956 non

501 3991 719 4046 ratione
750 3990 1007 4061 praedita,
1037 3989 1212 4044 multa
1243 4004 1364 4044 esse
1393 3989 1654 4044 animalia
1684 3999 1941 4061 serpente
1968 4007 2101 4063 pru-

501 4078 782 4146 dentiora,
807 4098 970 4136 nemo
995 4082 1089 4153 qui
1118 4083 1262 4152 sapit
1285 4081 1708 4138 contradixerit.
1730 4083 1927 4154 Neque
1948 4084 2096 4140 enim

502 4177 730 4229 domum
765 4175 1031 4238 custodit,
1062 4189 1243 4244 neque
1277 4188 1504 4247 gregem
1540 4190 1785 4245 unquam
1818 4184 2009 4231 servat
2038 4187 2100 4235 ut

504 4267 692 4333 canis;
722 4282 832 4320 non
861 4265 1013 4322 iures
1037 4265 1227 4336 abigit,
1252 4282 1358 4327 nec
1385 4274 1556 4322 terret
1575 4266 1751 4336 feras;
1778 4283 1887 4322 non
1917 4277 2096 4335 curat,

500 4358 680 4414 veluti
713 4358 952 4428 quadam
988 4366 1109 4412 arte
1142 4357 1455 4422 medicinae,
1489 4358 1752 4426 vulnera;
1791 4375 1975 4430 neque
1997 4376 2100 4417 suo

505 4451 733 4508 domino
773 4451 1053 4521 privatus,
1087 4450 1259 4527 ejulat
1298 4459 1356 4509 et
1393 4450 1591 4518 deﬂet,
1620 4466 1744 4508 eum
1780 4452 2100 4524 requirens.

2199 3261 2435 3320 sudores
2472 3267 2530 3316 et
2560 3266 2727 3313 terra:
2762 3255 3231 3319 exsecrationem,
3258 3260 3316 3308 et
3347 3252 3471 3323 ejus
3509 3250 3700 3320 spinas
3738 3257 3792 3303 et

2199 3350 2460 3414 tribulos,
2488 3357 2546 3405 et
2568 3346 2769 3405 mortis
2798 3344 3157 3410 sententiam,
3183 3352 3241 3399 et
3270 3343 3327 3397 in
3354 3350 3564 3425 terram
3593 3356 3664 3396 ex
3687 3353 3793 3410 qua

2197 3446 2459 3509 sumptus
2490 3444 2580 3493 est
2608 3434 3017 3499 reversionem,
3044 3439 3104 3489 et
3131 3432 3424 3488 interitum
3456 3429 3703 3486 hominis
3728 3442 3792 3484 ac

2197 3529 2645 3589 dissolutionem.
2670 3526 2807 3594 Quae
2837 3524 3066 3597 quidem
3100 3524 3289 3581 omnia
3322 3523 3473 3595 passi
3502 3529 3636 3578 sunt
3663 3536 3790 3592 pro-

2198 3622 2462 3696 tOpIasti,
2500 3621 2768 3693 quoniam
2813 3618 3088 3675 scelerato
3133 3616 3384 3690 serpenti
3431 3616 3786 3679 obedientes,

2197 3716 2385 3773 conati
2420 3724 2553 3771 sunt
2582 3714 2799 3784 seipsos
2826 3710 2970 3768 .deos
2999 3710 3203 3776 facere,
3232 3709 3290 3765 in
3324 3715 3711 3780 contemptum
3736 3714 3789 3762 et

2197 3808 2570 3867 deiectionem
2617 3807 2687 3867 ab
2733 3820 2848 3861 uno
2892 3812 2949 3860 et
2994 3805 3115 3860 solo
3159 3818 3295 3859 vero
3343 3802 3490 3869 Deo;
3542 3800 3787 3870 rapinam

2198 3900 2457 3962 arbitrati
2481 3900 2599 3956 Deo
2619 3914 2745 3955 esse
2764 3897 3036 3970 aequales,
3061 3896 3173 3952 hoc
3196 3900 3308 3960 est,
3330 3895 3713 3950 ascensionem
3733 3901 3787 3947 et

2200 3992 2259 4048 in
2293 3992 2466 4049 altum
2505 3990 2828 4057 elationem,
2856 3998 2914 4045 et
2946 4002 3117 4058 super
3152 3985 3379 4056 angelos
3411 3982 3780 4039 extensionem

2200 4084 2245 4141 si
2288 4084 2368 4139 dii
2409 4083 2630 4140 ﬁerent.
2661 4082 2782 4138 Hoc
2818 4082 2968 4138 enim
3010 4078 3177 4135 tacite
3216 4074 3569 4149 signiﬁcabat
3603 4072 3768 4130 consi-

2199 4178 2337 4233 iium
2367 4176 2563 4231 dicens
2601 4193 2614 4229 :
2647 4172 2814 4233 Erilis
2847 4173 2981 4228 sicut
3009 4168 3084 4225 dii
3116 4175 3487 4242 cognoscentes
3519 4167 3701 4221 bonum
3729 4168 3777 4217 et

2201 4268 2427 4335 malum,
2463 4266 2679 4324 scilicet
2715 4266 2862 4321 ultra
2907 4272 3150 4321 mentem
3195 4260 3532 4333 angelicam,
3569 4258 3617 4315 si
3658 4254 3783 4312 iacti

2200 4369 2390 4418 essent
2442 4360 2544 4415 dii.
2596 4358 2727 4415 Haec
2781 4366 2970 4414 autem
3028 4355 3219 4411 omnia
3274 4341 3594 4425 exponebat
3647 4350 3794 4406 Deus

2201 4449 2433 4519 populo,
2461 4462 2560 4504 eos
2596 4447 2878 4518 repellens
2910 4455 2975 4503 et
3008 4443 3184 4501 veluti
3222 4443 3539 4514 reprimens
3578 4458 3610 4497 a
3646 4438 3791 4495 deie-

506 4542 698 4609 Neque
735 4558 929 4597 rursus
967 4541 1117 4611 quod
1155 4541 1419 4613 sphinges
1454 4550 1511 4597 et
1548 4543 1742 4609 simiae,
1770 4551 1957 4615 potest
1993 4561 2099 4600 un-
2132 4543 2176 4598 D
2205 4541 2391 4597 ctione
2437 4554 2545 4610 qua
2591 4539 2781 4597 statim
2832 4537 3165 4595 laborarunt
3211 4537 3267 4595 in
3314 4536 3523 4601 Horeb,
3558 4550 3690 4589 cum
3733 4530 3788 4587 bi

402 4634 406 4639 ’
505 4646 671 4707 quam
701 4648 935 4705 serpens
968 4634 1173 4689 imitari
1207 4644 1265 4691 et
1287 4633 1547 4707 edingere
1572 4632 1775 4709 ﬁguras
1798 4645 2100 4710 gestusque

504 4734 564 4783 et
586 4726 768 4783 studia
794 4723 1223 4781 hom‘inumJiis
1245 4726 1394 4782 enim
1420 4726 1802 4791 animantibus
1844 4729 2102 4795 humana;

506 4828 724 4876 natura!
768 4818 887 4875 fere
933 4818 1076 4874 nihil
1124 4819 1301 4887 deest,
1332 4819 1441 4875 nisi
1490 4819 1674 4875 solum
1726 4822 1928 4877 oratio.
1962 4822 2097 4878 Nam

507 4912 744 4968 naturali
773 4911 1013 4983 quodam
1046 4911 1244 4968 habitu
1273 4912 1487 4968 habent
1518 4921 1574 4968 et
1600 4924 1787 4969 rerum
1818 4922 1875 4969 et
1902 4914 2103 4986 ﬁgura-

511 5020 634 5060 rum
665 5018 803 5074 quas
829 5003 1022 5060 vident
1048 5004 1417 5065 imitationem
1446 5016 1503 5059 et
1527 5005 2005 5062 exercitationem.
2035 5006 2104 5070 Et

509 5097 637 5153 idco
676 5098 854 5153 simiae
895 5096 1084 5160 Graece
1127 5097 1418 5163 dicuntur,
1452 5096 1698 5169 πίθηκοι,
1731 5100 1815 5153 ὅτι
1842 5099 1947 5153 πὰν
1981 5098 2104 5169 ἠοιφ

510 5190 785 5251 γοῦονται,
812 5190 866 5245 id
899 5199 1005 5253 est,
1032 5191 1295 5261 quoniam
1323 5206 1519 5247 omnes.
1544 5206 1731 5249 mores
1759 5192 2099 5261 exprimunt.

509 5282 701 5351 Neque.
730 5282 1085 5338 abominetur
1115 5283 1341 5338 auditor
1368 5283 1536 5355 huius
1566 5282 1828 5339 animalis
1854 5284 2102 5367 appella-

515 5375 724 5430 tionem
771 5382 1030 5445 tanquam
1081 5374 1361 5446 indignam
1406 5376 1642 5437 auribus
1686 5376 2105 5433 ecclesiasticis.

514 5464 788 5523 Audimus
813 5466 963 5521 cnim
988 5481 1184 5521 eorum
1209 5481 1331 5538 quae
1361 5474 1492 5520 sunt
1514 5464 1606 5521 his
1634 5466 1874 5529 minora,
1902 5463 1956 5521 in
1989 5465 2110 5536 lege

516 5558 635 5616 iieri
676 5559 1017 5614 mentionem
1058 5559 1129 5615 ab
1170 5559 1290 5631 ipso
1328 5559 1624 5630 impolluto
1661 5576 1757 5615 ore
1792 5559 1910 5623 Dei.
1938 5558 2083 5628 Quin

516 5652 686 5707 etiam
746 5654 804 5705 in
855 5652 1022 5707 tertio
1072 5652 1219 5708 libro
1278 5654 1489 5723 Regum
1545 5652 1860 5708 invenimus
1913 5666 2108 5707 navem

2203 4647 2491 4690 sermones
2550 4631 2735 4687 adhuc
2788 4630 2923 4691 Mosi
2977 4630 3306 4687 dicerentur
3358 4629 3415 4686 in
3467 4637 3693 4695 monte,
3738 4632 3792 4681 et

2201 4725 2369 4783 etiam
2399 4725 2468 4780 ab
2496 4724 2624 4783 aliis
2651 4730 2844 4793 pOSlea
2870 4722 3082 4781 secutis
3109 4721 3463 4785 idololatriis,
3490 4736 3616 4790 quae
3643 4718 3797 4774 illinc

2203 4796 2547 4889 acceperunt
2598 4816 2823 4877 initium
2880 4813 3345 4886 transgressionis
3393 4813 3464 4870 ab
3516 4812 3613 4873 illo
3668 4808 3795 4869 mali

2206 4919 2434 4967 auctore
2474 4918 2766 4978 serpente,
2802 4915 2860 4962 et
2900 4922 2931 4967 a
2970 4905 3121 4977 ligno
3161 4903 3309 4974 quod
3350 4902 3562 4965 dicitur
3601 4900 3792 4956 inobe-

2207 5001 2454 5064 dientiae.
2489 4999 2560 5056 Et
2580 4999 2831 5061 fortasse
2865 5014 2931 5059 ea,
2967 4998 3036 5054 de
3066 5013 3236 5057 causa
3274 4997 3424 5053 Deus
3458 4995 3527 5050 ad
3562 5010 3661 5049 eos
3697 4991 3791 5047 adv

2207 5091 2519 5151 monendos
2556 5100 2613 5146 et
2645 5090 2716 5153 ad
2750 5088 3131 5152 revocandum
3161 5090 3248 5145 eis
3282 5088 3338 5145 in
3371 5087 3694 5145 memoriam
3730 5098 3788 5139 ea

2205 5204 2330 5259 quae
2359 5186 2500 5242 facta
2533 5192 2665 5240 sunt
2697 5185 2751 5240 in
2783 5183 3073 5255 paradiso,
3096 5182 3183 5242 eis
3209 5182 3431 5240 diversa
3456 5177 3788 5241 unanimiter

2204 5279 2464 5343 exhibuit
2486 5278 2738 5349 prodigia
2766 5292 2867 5349 per
2896 5284 3216 5346 serpentem
3244 5272 3412 5346 910
3443 5281 3501 5329 et
3531 5272 3738 5342 lignum
3769 5284 3783 5320 ε

2206 5387 2360 5434 nunc
2383 5370 2608 5441 quidem
2634 5368 2851 5441 virgam
2884 5368 3051 5431 Musis
3077 5374 3456 5422 transmutans
3483 5364 3540 5419 in
3568 5372 3785 5432 serpcno

2207 5474 2353 5530 tem,
2395 5461 2599 5519 deinde
2648 5471 2967 5533 serpentem
3019 5459 3076 5519 in
3128 5460 3341 5531 lignum
3388 5455 3781 5512 mortiﬁcans:

2206 5559 2363 5630 prius
2402 5555 2729 5617 describens
2765 5555 2915 5627 quod
2958 5569 3070 5610 non
3112 5557 3370 5624 oporteat
3406 5547 3633 5606 obedire
3670 5557 3789 5599 serv

2208 5650 2360 5719 penti
2394 5647 2462 5703 ad
2501 5646 2713 5719 lignum
2748 5646 3115 5710 adorandum,
3146 5644 3232 5699 vel
3268 5642 3416 5714 quod
3452 5658 3550 5713 per
3583 5641 3781 5708 lignum

590 5847 634 5880 ”
662 5847 715 5903 ll.
735 5847 857 5903 Cor.
884 5865 936 5913 vi,
960 5846 1011 5901 2.
1091 5849 1133 5880 ’⁷
1161 5846 1292 5902 ibid.
1321 5847 1371 5901 5.
1448 5845 1493 5880 θ’
1515 5846 1618 5902 Job
1648 5847 1793 5914 1,*21.
1871 5847 1941 5880 η·
1970 5844 2161 5901 Matth.
2188 5862 2243 5912 ι,
2272 5844 2359 5900 16.
