4098 6492
371 390 509 453 1013

1480 387 1563 447 IN
1602 377 2153 449 HEXEMERON.
2180 402 2250 425 μ
2281 379 2431 440 LIB.
2470 378 2547 439 Χ.

3482 358 3618 423 1011

363 496 558 554 crucis
583 493 783 566 perdet
807 500 864 549 et
887 497 1066 548 morte
1084 490 1295 547 aﬂciet
1321 486 1627 562 paradisini
1652 488 1790 561 ligni
1817 503 1947 543 con-
1977 490 2021 549 Α
2047 495 2170 542 ctus
2190 485 2297 542 t'iiit
2318 487 2600 558 particeps
2616 483 2734 546 dati
2758 498 2791 537 a
2812 481 3048 538 muliere
3077 497 3090 533 :
3115 475 3515 548 quodquidcm
3538 483 3625 530 est

365 587 642 645 sultorem
672 592 1012 654 serpentem.
1040 582 1274 652 Propter
1300 595 1465 652 quem
1493 596 1687 636 rursus
1715 590 1771 635 et
1796 579 1949 650 virga

363 679 668 743 Aaroniea,
697 691 765 732 ex
802 676 957 746 ligno
984 676 1225 730 animata
1257 674 1461 745 serpsit
1490 688 1737 744 serpens,
1760 682 1818 728 et
1845 671 1950 726 fal-

367 786 467 828 sas
494 769 739 840 magicas
772 768 829 823 in
862 768 1013 839 ligno
1042 766 1320 837 serpentis
1346 764 1701 835 operationcs
1727 770 1954 834 repente

368 860 747 930 consumpsit.
776 860 847 914 Et
876 860 930 913 in
962 858 1115 929 ligno
1142 872 1339 912 rursus
1371 871 1600 927 serpens
1629 869 1815 910 aaneus
1845 868 1954 907 non

369 954 599 1024 spirans
636 954 691 1007 in
723 951 948 1007 deserto
983 964 1293 1020 suspensus
1327 956 1448 1005 erat
1482 964 1512 1002 a
1547 947 1696 1002 Mose
1738 964 1752 998 :
1790 946 1956 999 tacite

372 1048 574 1104 dicens
610 1045 759 1115 quod
789 1044 896 1099 erit
928 1042 1223 1112 aliquando
1243 1050 1475 1112 tempus
1508 1041 1565 1094 in
1599 1055 1736 1110 quo,
1769 1038 1957 1107 subje-

371 1148 471 1194 cto
499 1136 726 1193 Christo
752 1133 1113 1206 insuperabili
1146 1132 1368 1198 incude,
1394 1146 1692 1202 percussus
1721 1128 1958 1199 improbi

370 1227 602 1286 consilii
643 1227 903 1298 princeps
942 1241 1175 1296 serpens
1213 1224 1393 1281 Pilato
1436 1234 1693 1294 tanquam
1733 1221 1959 1276 mallea—

374 1329 503 1376 tore
532 1319 795 1375 malleum
829 1317 1156 1383 incutiente,
1184 1326 1241 1372 et
1268 1317 1544 1370 ustulatus
1573 1323 1631 1370 et
1658 1313 1874 1368 solutus
1906 1316 1966 1367 ct

376 1418 564 1467 morte
622 1409 898 1472 adiectus,
952 1408 1009 1462 in
1066 1408 1217 1478 ligno
1275 1416 1532 1460 mortuus
1575 1394 1846 1474 'tanquam
1905 1403 1960 1457 in

378 1502 646 1558 columna
681 1498 908 1554 infamia
942 1507 1168 1553 notatus
1196 1497 1576 1568 proscribetur
1607 1493 1841 1558 mundo;
1869 1492 1965 1562 qui

384 1606 568 1662 usque
616 1589 687 1645 ad
732 1590 841 1645 hoc
893 1596 1115 1665 tempus
1159 1595 1280 1644 erat
1327 1586 1385 1642 in
1432 1583 1732 1642 solitudine
1786 1581 1968 1638 omnis

381 1681 519 1739 boni
560 1699 573 1733 :
606 1689 664 1735 et
694 1679 1078 1749 rcpcimentur
1109 1692 1330 1733 morsus
1363 1675 1553 1748 populi
1584 1675 1755 1730 morsi
1784 1689 1814 1728 a
1846 1687 1965 1729 ser-

383 1782 579 1844 perae.

459 1865 530 1919 Et
557 1864 690 1917 dicit
718 1877 933 1932 serpens
968 1861 1179 1917 mulieri
1211 1878 1229 1916 :
1265 1859 1405 1927 Quid
1437 1858 1575 1929 quod
1604 1856 1739 1912 dixit
1771 1856 1910 1911 Deus
1947 1896 1962 1922 ,

383 1954 508 2010 Non
537 1953 817 2008 comedetis
852 1968 915 2007 ea:
943 1954 1088 2007 omni
1118 1952 1263 2024 ligno
1317 1951 1455 2022 quod
1487 1957 1564 2003 est
1594 1950 1649 2003 in
1684 1946 1971 2021 paradiso?

389 2046 462 2103 Et
493 2045 627 2100 dixit
662 2043 852 2099 mulier
881 2047 1113 2115 serpenti
1147 2061 1166 2099 :
1198 2042 1283 2098 Ea:
1311 2044 1455 2097 omni
1487 2042 1628 2114 ligno
1655 2039 1793 2113 quod
1817 2046 1892 2093 est
1914 2038 1972 2091 in

392 2137 647 2209 paradiso
678 2136 1025 2200 comedimus,
1053 2135 1119 2188 de
1151 2135 1329 2204 fructu
1361 2143 1542 2188 autem
1574 2133 1704 2205 ligni
1731 2130 1870 2202 quod
1898 2138 1973 2183 est

394 2231 454 2284 in
479 2229 647 2287 medio
674 2227 915 2297 paradisi
940 2226 1074 2280 dixit
1096 2226 1259 2289 Deus,
1281 2225 1361 2280 Ne
1386 2241 1450 2280 ex
1474 2242 1534 2280 eo
1553 2224 1859 2286 comedetis,
1884 2238 1975 2275 ne-

392 2339 499 2394 que
516 2322 772 2392 tangatis,
794 2336 861 2374 ne
882 2322 1208 2375 moriamini.
1233 2319 1302 2376 Et
1325 2321 1461 2374 dixit
1481 2335 1697 2390 serpens
1722 2317 1934 2372 mulieri
1958 2332 1976 2369 :

393 2414 568 2472 ιονω
601 2430 708 2468 non
744 2412 1081 2479 moriemini,
1112 2413 1309 2467 sciebat
1346 2413 1487 2467 enim
1526 2412 1666 2466 Deus
1702 2410 1839 2481 quod
1876 2423 1977 2474 quo

396 2504 484 2557 die
505 2518 570 2559 ea:
594 2518 652 2559 so
679 2502 1027 2567 comederitis,
1056 2503 1365 2573 aperientur
1383 2502 1544 2555 vestri
1573 2499 1733 2564 oculi,
1757 2508 1805 2553 et
1833 2497 1979 2551 eritis

409 2600 670 2663 tanquam
690 2592 763 2647 dii
786 2600 1152 2663 cognoscentes
1176 2592 1370 2645 bonum
1395 2599 1445 2644 et
1466 2589 1688 2644 malum.
1710 2587 1864 2654 Quod
1891 2586 1982 2641 hic

414 2682 645 2752 quidem
685 2683 1078 2739 sententiarum
1119 2698 1184 2737 ac
1220 2681 1713 2752 intelligentiarum
1756 2680 1984 2750 pelagus

408 2782 471 2830 et
512 2774 804 2831 obscurum
847 2773 1214 2845 profundum,
1253 2789 1420 2844 supra
1461 2774 1648 2828 omnia
1691 2787 1812 2841 quae
1857 2778 1986 2826 sunt

407 2865 765 2928 transmissa,
798 2866 966 2921 nobis
996 2867 1069 2921 sit
1102 2865 1448 2936 propositum
1480 2880 1590 2920 non
1624 2873 1709 2919 est
1735 2875 1984 2919 nostrum

405 2956 598 3012 dicere
646 2974 660 3011 :
701 2957 984 3026 proposita
1025 2956 1173 3011 enim
1218 2955 1390 3011 dictio
1426 2957 1535 3010 hoc
1567 2970 1636 3010 ex
1670 2969 1729 3009 se
1767 2954 1983 3008 clamat.

406 3048 585 3115 Quam
609 3048 705 3118 qui
733 3049 998 3104 historice
1019 3058 1078 3103 et
1098 3065 1209 3102 non
1240 3048 1607 3118 spiritualiter
1630 3048 1817 3117 potius
1842 3045 1988 3100 acci-

2048 586 2301 649 apertum
2332 576 2604 635 indicium
2631 574 2888 648 perfecta!
2913 569 3313 628 imbecillitatis
3341 574 3400 623 et
3421 566 3627 622 mentis

2051 671 2278 740 ignavae.
2311 668 2450 724 Nam
2481 666 2702 723 mulieri
2737 663 2964 736 quidem
2995 668 3083 716 est
3111 655 3534 730 ignoscendum,
3564 664 3625 708 ut

2052 776 2174 832 quae
2196 760 2367 819 fuerit
2388 770 2651 831 superata
2676 770 2719 815 a‘
2737 764 2994 827 serpente
3024 752 3274 808 :Adamo
3300 754 3485 805 autem
3511 760 3626 802 non

2052 862 2137 908 est
2166 851 2584 923 ignoscendum,
2608 858 2669 906 ut
2691 849 2785 920 qui
2810 846 2979 903 fuerit
3002 850 3296 914 superatus
3317 856 3350 897 a
3370 838 3624 902 muliere,

2056 960 2183 1000 cum
2228 944 2347 1015 ipse
2400 943 2456 1001 in
2501 943 2725 1014 propria
2776 953 3008 1010 persona
3058 952 3090 993 τι
3136 935 3254 990 Deo
3308 931 3627 992 mandatum

2057 1034 2353 1102 acceperit.
2386 1033 2524 1089 Nam
2566 1032 2768 1087 mulier
2800 1045 2928 1085 cum
2962 1027 3031 1087 ab
3065 1025 3276 1081 Adamn
3311 1021 3628 1079 mandatum

2059 1124 2327 1189 audisset,
2380 1124 2456 1180 ita
2482 1123 2587 1179 fuit
2612 1124 2810 1179 atl‘ecta
2841 1130 2903 1176 ut
2929 1123 3335 1179 contemneret,
3360 1113 3450 1171 vel
3479 1110 3628 1181 quod

2059 1230 2171 1270 non
2207 1214 2369 1287 digna
2403 1223 2550 1271 esset
2579 1214 2770 1273 habita
2802 1227 2929 1268 cum
2961 1225 3071 1279 qua
3103 1209 3252 1264 Deus
3283 1207 3629 1274 loqueretur.

2060 1306 2147 1361 vel
2182 1315 2243 1361 ut
2272 1323 2394 1378 quae
2423 1306 2565 1362 forte
2597 1305 2881 1361 dubitaret
2908 1309 2966 1357 et
2995 1299 3339 1356 existimaret
3362 1296 3630 1351 Adamnan

2063 1393 2173 1450 hoc
2196 1410 2264 1449 ex
2293 1410 2351 1450 sc
2378 1396 2428 1450 ei
2460 1393 2776 1449 mandatum
2805 1390 3046 1447 dedisse.
3071 1389 3175 1445 Ubi
3208 1395 3393 1443 autem
3427 1382 3639 1439 invenit

2065 1500 2296 1555 serpens
2322 1501 2441 1540 eam
2472 1499 2720 1540 seorsum
2753 1491 3029 1553 agentem,
3060 1488 3121 1536 ut
3148 1488 3339 1549 posset
3365 1492 3487 1531 eam
3521 1476 3638 1544 pri—

2067 1577 2235 1633 vatim
2260 1577 2489 1647 alloqui,
2509 1591 2626 1630 eam
2652 1584 2749 1630 aut
2768 1574 2966 1631 videns
2988 1570 3367 1627 comedentem
3391 1582 3457 1620 ex
3481 1564 3642 1635 lignis

2069 1676 2166 1722 aut
2190 1684 2303 1723 non
2330 1667 2734 1733 comedentem,
2760 1665 2963 1723 obtulit
2985 1664 3172 1721 cibum
3196 1661 3353 1732 ligni.
3380 1660 3448 1713 Et
3471 1657 3643 1727 siqui-

2069 1762 2193 1817 dem
2224 1761 2630 1825 comedentem,
2655 1767 2740 1815 est
2759 1757 3117 1828 perspicuum
3146 1753 3293 1825 quod
3321 1768 3386 1807 ea
3417 1749 3641 1823 essetin

2069 1867 2302 1927 corpore
2346 1851 2402 1905 in
2444 1850 2592 1922 quod
2634 1849 2782 1906 cadit
2820 1848 3080 1907 interitus
3124 1865 3137 1900 :
3178 1842 3448 1916 quidquid
3493 1841 3641 1896 enim

2072 1944 2243 1999 intrat
2289 1944 2343 1997 in
2389 1959 2473 2009 os,
2507 1942 2661 1998 vadit
2704 1942 2764 1996 in
2813 1956 3114 1997 secessum.
3150 1937 3210 1995 Si
3248 1951 3382 2007 ergo
3428 1935 3479 1989 in
3524 1949 3642 1987 eam

2072 2032 2305 2089 cadebat
2330 2032 2611 2096 interitus,
2635 2041 2720 2086 est
2746 2029 3101 2101 pchpicuum
3131 2026 3280 2098 quod
3309 2033 3454 2081 esset
3479 2023 3646 2079 etiam

2074 2123 2343 2178 mortalis.
2380 2122 2438 2178 Si
2478 2130 2663 2178 autem
2697 2129 2818 2177 erat
2848 2119 3132 2184 mortalis,
3161 2132 3273 2177 non
3305 2123 3426 2171 erat
3457 2113 3650 2183 utique

2074 2214 2412 2279 exsecratio,
2444 2230 2624 2285 neque
2667 2213 2957 2271 sentcntiae
2993 2208 3372 2282 pronuntiatio
3407 2222 3516 2261 vox
3556 2204 3650 2259 illa

2075 2307 2171 2362 Dei
2201 2307 2392 2363 dicens
2424 2307 2634 2361 homini
2670 2324 2684 2360 :
2714 2305 2877 2361 Terra
2910 2323 2985 2369 es,
3016 2313 3063 2361 et
3097 2306 3150 2359 in
3185 2311 3387 2361 terram
3418 2306 3651 2354 reverte-

2079 2399 2152 2451 ris
2175 2397 2221 2429 ”
2251 2415 2263 2449 :
2302 2398 2447 2452 sicut
2475 2401 2641 2451 etiam
2674 2396 2842 2450 habet
2871 2409 3053 2453 rerum
3084 2393 3309 2449 veritas.
3341 2389 3437 2445 Sin
3467 2397 3651 2445 autem

2080 2504 2273 2543 rursus
2295 2504 2408 2543 non
2436 2488 2817 2545 comedentem
2845 2502 3076 2556 serpens
3106 2483 3321 2554 aspexit
3343 2481 3655 2541 mulierem,

2082 2581 2362 2651 quomodo
2399 2580 2647 2635 traduxit
2675 2579 2742 2633 ad
2780 2577 3179 2635 comedendum
3209 2591 3328 2631 eam
3359 2590 3481 2644 qua:
3513 2589 3659 2629 nun—

2083 2684 2244 2737 quam
2275 2667 2622 2722 comederat?

2155 2779 2291 2846 Quis
2321 2789 2502 2834 autem
2534 2779 2667 2834 huic
2694 2793 2915 2851 quoque
2947 2784 3182 2833 cruento
3216 2777 3509 2833 homicida
3542 2793 3663 2833 scr-

2087 2870 2239 2941 penti
2279 2871 2563 2934 indicavit,
2622 2869 2771 2940 quod
2823 2884 2945 2939 quae
2984 2869 3092 2925 lata
3128 2876 3217 2927 est
3253 2884 3283 2923 ιι
3323 2869 3437 2925 Deo
3477 2869 3535 2923 in
3571 2882 3667 2921 eos

2089 2962 2287 3016 mortis
2331 2961 2636 3025 sententia,
2674 2976 2787 3015 non
2826 2969 3062 3016 ventura
3108 2960 3182 3016 sit
3226 2958 3295 3014 ad
3343 2958 3540 3022 tinem,
3572 2958 3667 3029 qui

2092 3052 2230 3106 dixit
2267 3070 2280 3104 :
2320 3050 2432 3116 Quo
2463 3060 2639 3108 autem
2665 3052 2750 3106 die
2778 3051 3127 3115 comedet-itis,
3155 3060 3322 3107 morte
3352 3051 3668 3107 moriemini.

408 3141 609 3211 piunt,
641 3141 741 3197 sed
782 3146 1060 3196 venantur
1102 3139 1377 3194 dictiones
1424 3157 1438 3192 :
1479 3138 1669 3193 nescio
1716 3133 1992 3205 quomodo
2020 3162 2061 3219 ε
2091 3145 2207 3200 Nec
2259 3144 2366 3199 hoc
2412 3145 2622 3211 solum,
2659 3144 2755 3200 sed
2803 3144 2972 3202 etiam
3020 3158 3147 3198 cum
3189 3158 3259 3199 ρο
3301 3142 3453 3213 quod
3493 3153 3674 3199 ωοηε

408 3232 632 3289 solvent
667 3232 1011 3301 obiectiones
1044 3244 1168 3300 quas
1190 3231 1279 3285 eis
1307 3229 1446 3283 ﬁunt
1477 3229 1549 3283 ab
1587 3229 1816 3283 Irenaeo.
1848 3225 1991 3280 Dicit

408 3321 565 3383 enim
598 3322 890 3378 decertans
922 3322 1188 3379 adversus
1218 3320 1663 3376 haeresiarchiam
1694 3333 1992 3374 exsecran-

412 3410 616 3471 dorum
656 3409 985 3481 Ophitarum
1031 3429 1044 3466 :
1082 3410 1371 3477 Quomodo
1405 3410 1525 3466 ﬁeri
1560 3398 1745 3475 potest
1779 3420 1841 3466 ut
1874 3424 1993 3464 ser-

414 3518 560 3574 pens
593 3503 687 3571 qui
726 3504 906 3563 factus
937 3512 1027 3559 est
1060 3518 1093 3557 a
1122 3504 1257 3569 Deo,
1286 3514 1506 3567 natura,
1536 3518 1735 3572 expers
1769 3502 1997 3557 rationis

410 3602 481 3655 et
502 3594 718 3656 mentis.
744 3595 959 3653 ratione
975 3595 1240 3664 pmditus
1261 3602 1318 3650 et
1340 3594 1572 3664 loquens
1589 3594 1841 3649 dicatur?
1860 3594 1994 3649 Nam

414 3684 471 3743 si
510 3685 615 3743 sibi
654 3701 756 3743 suo
799 3686 944 3742 facto
978 3685 1349 3740 commodavit
1380 3686 1669 3749 rationem,
1701 3693 1758 3739 et
1786 3685 1996 3740 discre-

418 3773 668 3835 tionem,
699 3785 755 3831 et
798 3776 1215 3846 intelligentiam
1251 3785 1308 3830 et
1350 3776 1764 3845 responsionem
1802 3788 1997 3830 eorum

415 3882 549 3937 quae
576 3867 904 3922 dicebantur
925 3883 956 3922 a
985 3867 1237 3931 muliere,
1296 3883 1428 3938 ergo
1457 3877 1513 3922 et
1540 3867 1719 3923 cuivis
1753 3865 1999 3935 serpenti

416 3974 537 4014 non
567 3968 650 4013 est
675 3960 907 4014 vetitum
939 3960 1239 4029 quominus
1267 3960 1375 4014 hoc
1403 3958 1585 4014 faciat.
1614 3958 1670 4013 Si
1700 3966 1884 4013 autem
1910 3957 1999 4012 di-

415 4057 576 4113 cent,
604 4049 794 4107 divino
821 4051 1056 4106 consilio
1086 4060 1143 4105 et
1167 4050 1575 4120 dispensatione
1606 4063 1731 4103 cum
1758 4048 1996 4102 humana

416 4140 678 4198 oratione
708 4141 913 4210 alloqui
951 4142 1120 4196 Evam
1144 4183 1159 4207 ,
1214 4147 1466 4196 statuunt
1501 4140 1675 4194 Deum
1713 4147 1998 4193 auctorem

417 4231 662 4301 peccati.
697 4230 807 4286 Sed
847 4247 1032 4300 neque
1076 4231 1313 4301 maligno
1355 4231 1488 4285 licet
1528 4230 1794 4293 dasmom,
1825 4245 1893 4284 ex
1935 4244 2003 4283 eo

418 4322 577 4392 quod
612 4338 719 4377 non
756 4332 842 4378 est
874 4324 943 4379 ad
977 4324 1084 4378 hoc
1121 4331 1182 4378 ut
1217 4323 1319 4388 sit,
1346 4331 1563 4377 natura
1590 4338 1713 4392 quae
1738 4329 1889 4381 caret
1913 4338 2001 4376 ra-

424 4414 585 4473 tione
608 4414 795 4484 largiri
821 4420 1124 4479 rationem;
1152 4429 1277 4468 nam
1305 4428 1586 4483 nunquam
1614 4413 1913 4468 cessaverit
1935 4412 2001 4465 ad

2098 3228 2397 3300 carebunt,
2428 3252 2621 3295 eorum
2669 3236 2992 3307 aperientur
3022 3233 3178 3292 'oculi
3221 3235 3313 3306 qui
3359 3235 3516 3307 prius
3560 3250 3671 3291 non

2100 3336 2251 3382 recte
2276 3327 2562 3391 videbant,
2588 3343 2653 3383 ea
2689 3335 2871 3382 autem
2904 3343 3025 3397 quae
3054 3327 3261 3383 dicitur
3290 3327 3575 3396 apertione
3605 3326 3673 3381 ad

2099 3429 2332 3477 mortem
2358 3420 2632 3477 dederunt
2657 3422 2901 3476 aditum?
2932 3421 3070 3477 Cum
3103 3421 3546 3491 praecedentibus
3574 3437 3674 3477 au-

2101 3520 2211 3566 tem‘
2249 3511 2693 3569 dubitationibus
2734 3512 2851 3569 hmo
2889 3529 3111 3584 quoque
3149 3515 3497 3582 conjungam.
3526 3512 3673 3580 Quo-

2102 3604 2266 3659 modo
2308 3605 2541 3661 rationis
2571 3621 2769 3675 expers
2800 3613 2857 3659 ct
2886 3602 3000 3660 fera
3034 3604 3210 3660 bestia
3246 3605 3458 3661 audivit
3487 3621 3677 3661 vocem

2074 3695 2222 3758 'Dei,
2256 3696 2477 3765 quando
2516 3696 2565 3751 ei
2607 3696 2941 3751 horrendam
2983 3697 3181 3751 ct‘l'atus
3218 3704 3305 3752 est
3341 3696 3676 3751 exsecratio-

2105 3787 2265 3846 nem.’
2289 3800 2452 3855 quam
2494 3787 2773 3855 accipiens
2806 3785 3028 3841 videtur
3065 3786 3119 3839 in
3158 3801 3256 3841 sua
3295 3800 3532 3855 persona
3567 3784 3680 3840 Deo

2106 3876 2368 3939 astitissc,
2441 3876 2714 3947 siquidem
2775 3886 2924 3932 recte
2970 3875 3108 3931 dicit
3149 3892 3255 3935 vox
3302 3876 3611 3945 theologica
3662 3894 3676 3930 :

2104 3966 2273 4021 Deum
2331 3983 2481 4020 nemo
2510 3950 2662 4020 ividit
2714 3982 2949 4036 unquam
2973 3965 3069 4029 ’9',
3113 3979 3294 4033 neque
3342 3963 3440 4018 Dei
3488 3979 3679 4019 vocem

2107 4054 2258 4110 auris
2293 4055 2511 4125 excepit
2540 4054 2866 4125 corporalis,
2895 4061 2989 4108 aut
3018 4068 3260 4122 unquam
3295 4051 3538 4107 audivit?
3569 4051 3683 4106 Hoc

2108 4149 2256 4203 enim
2289 4162 2357 4202 ex
2383 4163 2519 4202 voce
2549 4146 2765 4201 Domini
2802 4146 2857 4200 in
2891 4145 3206 4217 Evangeliis
3236 4160 3430 4199 omnes
3462 4143 3682 4211 accepia

2110 4254 2252 4293 mus.
2278 4238 2491 4292 Rursus
2522 4252 2654 4308 ergo
2685 4237 2753 4291 ad
2782 4251 2870 4291 me
2894 4236 3045 4302 veni,
3078 4250 3111 4289 ο
3146 4234 3245 4299 illi,
3271 4234 3475 4305 jubens
3502 4235 3684 4288 valere

2110 4332 2351 4385 litteram
2379 4346 2502 4400 quae
2532 4329 2737 4385 occidit
2768 4346 2780 4383 :
2810 4336 2867 4384 et
2895 4344 3145 4398 quaenam
3179 4327 3262 4398 (re
3286 4327 3510 4398 quidem
3542 4325 3686 4395 ipsal

2113 4421 2280 4474 fuerit
2315 4419 2411 4475 Dei
2454 4418 2705 4488 operatio
2742 4418 2809 4472 de
2848 4426 3105 4487 serpente
3142 4418 3238 4488 qui
3277 4417 3502 4479 dicitur,
3529 4423 3587 4472 et
3620 4415 3689 4470 de

423 4504 680 4561 fraudem
721 4522 818 4576 per
845 4514 1133 4577 serpentes
1159 4517 1216 4561 et
1242 4506 1448 4560 bestias
1474 4514 1529 4560 et
1556 4505 1808 4559 volucres
1848 4505 2001 4572 loqui
2040 4508 2078 4564 D
2108 4511 2259 4580 ligno
2291 4520 2348 4565 et
2377 4510 2632 4573 muliere,
2664 4519 2721 4564 ct
2752 4508 3030 4578 quomodo
3063 4525 3120 4563 se
3152 4509 3355 4563 habeat
3387 4518 3609 4573 natura,
3635 4517 3693 4561 et

424 4612 559 4658 eum
594 4599 922 4665 hominibus
962 4610 1020 4655 et
1058 4614 1156 4654 eos
1197 4599 1476 4669 decipere.
1506 4598 1663 4655 Unde
1707 4611 1914 4661 autem,
1949 4606 2006 4652 et

424 4702 561 4744 cum
597 4698 746 4745 esset
780 4691 980 4755 bestia,
1012 4690 1223 4745 audivit
1259 4691 1578 4745 mandatum
1616 4691 1764 4760 quod
1801 4706 1833 4745 a
1871 4691 2006 4753 Deo,

427 4781 644 4837 homini
688 4790 745 4837 et
781 4784 907 4847 soli,
935 4783 1164 4854 mystice
1198 4782 1387 4837 datum
1426 4792 1512 4837 est
1560 4800 1573 4836 :
1616 4798 1744 4837 cum
1789 4798 1859 4836 nc
1902 4783 2010 4836 hoc

429 4871 659 4942 quidem
692 4873 807 4942 ipsa
837 4872 1123 4927 didicisset
1146 4872 1376 4927 mulier?
1400 4872 1513 4927 Cur
1539 4882 1721 4929 autem
1758 4887 1868 4926 non
1903 4887 2006 4941 po-

432 4963 551 5019 tius
571 4964 849 5020 hominem
876 4980 1038 5034 quam
1064 4966 1237 5034 ipsam
1263 4980 1554 5035 aggressus
1576 4973 1662 5018 est
1683 4964 1972 5018 mulierem
1986 4965 2011 5017 ?

431 5055 596 5122 Quod
639 5058 686 5111 si
724 5056 862 5111 mihi
900 5057 1109 5112 dixeris
1146 5056 1295 5126 quod
1336 5056 1403 5110 ad
1445 5070 1568 5110 eam
1612 5056 1911 5110 accesserit
1952 5063 2014 5109 ut

433 5164 564 5226 quae
602 5157 749 5205 esset
786 5150 1138 5214 imbecillior,
1199 5156 1389 5205 contra
1428 5147 1624 5202 fortior
1666 5163 1731 5202 ac
1774 5146 2014 5208 virilior,

436 5250 704 5309 tanquam
749 5241 988 5311 adiutrix
1022 5241 1265 5296 hominis
1308 5239 1567 5310 apparuit
1609 5239 1665 5293 in
1709 5248 2018 5309 transgres-

437 5338 600 5393 sione
636 5337 904 5393 mandati.
935 5338 1055 5408 lpsa
1090 5339 1237 5393 enim
1269 5343 1326 5392 et
1354 5338 1471 5391 sola
1508 5336 1719 5390 resistit
1748 5334 2014 5403 serpenti,

437 5437 498 5485 et.
529 5444 654 5483 cum
685 5429 919 5499 quadam
954 5430 1266 5500 obiectione
1300 5437 1356 5483 et
1385 5427 1743 5483 contentione
1779 5426 2020 5499 (callidi—

441 5527 558 5576 tate
591 5521 870 5593 superata)
903 5521 1144 5576 comedit
1167 5537 1233 5576 ex
1264 5521 1442 5591 ligno;
1473 5520 1645 5575 Adam
1680 5531 1861 5575 autem
1894 5537 2019 5577 cum

439 5612 588 5669 nihil
621 5613 850 5669 omnino
879 5613 1247 5684 depugnasset
1279 5623 1375 5668 aut
1408 5613 1866 5679 contradixisset,
1900 5614 2019 5667 fru-

519 5794 565 5826 ⁹⁹
587 5791 724 5848 Gen.
752 5811 823 5857 ιιι,
854 5794 932 5847 19.
1011 5796 1081 5828 ’θ’
1103 5796 1257 5851 Joan.
1283 5815 1318 5864 ι,
1350 5799 1430 5853 l8.
1510 5798 1735 5853 ‘llatth.
1764 5813 1871 5864 χιχ,
1902 5797 1979 5850 l:’..

2111 4600 2390 4672 quomodo
2423 4615 2513 4655 res
2545 4606 2699 4671 gesta
2731 4601 2803 4653 sit
2831 4600 2900 4653 ab
2937 4600 3116 4662 initio,
3147 4599 3571 4669 relinquendum
3609 4608 3693 4652 est

2111 4693 2214 4747 soli
2258 4693 2393 4758 Dco,
2422 4692 2515 4762 qui
2561 4707 2625 4746 ea
2674 4700 2730 4745 et
2778 4690 2909 4745 fecit
2951 4698 3006 4745 ct
3052 4691 3219 4755 dixit,
3255 4699 3313 4746 et
3352 4690 3526 4745 novit.
3562 4689 3693 4754 Qua:

2112 4794 2297 4842 autem
2328 4786 2502 4840 divini
2540 4787 2875 4854 interpretes
2908 4783 2976 4839 de
3011 4785 3100 4839 his
3132 4793 3262 4838 sunt
3294 4779 3692 4853 philosophati,

2112 4886 2169 4933 et
2218 4878 2499 4948 quomodo
2547 4877 2618 4933 de
2661 4876 2884 4932 Christo
2932 4885 2987 4930 et
3030 4875 3280 4931 Ecclesia
3328 4874 3590 4943 praeclare
3638 4884 3694 4927 et
3768 4901 3777 4909 ι

2115 4970 2522 5027 admirabiliter
2554 4970 2783 5025 fuerunt
2810 4968 3177 5040 praeﬁgurata,
3207 4966 3385 5021 dicam
3418 4965 3595 5019 fretus
3630 4964 3696 5018 iis
3782 5008 3786 5013 .

2118 5062 2212 5135 qui
2241 5063 2503 5118 dixerunt
2526 5082 2539 5117 :
2565 5062 2668 5128 Qui
2695 5070 2872 5116 autem
2893 5070 3058 5134 potest
3088 5074 3298 5131 capere,
3323 5057 3539 5128 capiat"
3559 5072 3574 5122 ;
3598 5064 3654 5109 ct
3679 5073 3693 5108 :

2121 5153 2225 5221 Qui
2254 5155 2407 5209 habet
2442 5154 2619 5208 sancti
2657 5153 2899 5223 Spiritus
2939 5168 3098 5207 aures
3136 5149 3412 5212 audiendi,
3446 5146 3629 5202 audiat
3652 5149 3694 5199 ’.

2120 5248 2232 5302 Res
2257 5246 2507 5316 quaedam
2529 5253 2703 5300 artem
2727 5260 2945 5300 omnem
2972 5257 3266 5314 superans.
3288 5249 3344 5297 et
3362 5241 3473 5295 Deo
3496 5253 3696 5309 propc—

2122 5338 2357 5399 modum,
2398 5336 3038 5406 similisinl‘ormisquc,
3070 5343 3126 5390 et
3168 5348 3277 5387 non
3321 5328 3701 5386 matcrialibus

2122 5430 2390 5485 membris
2418 5429 2718 5484 inetl‘abilis
2751 5427 3109 5498 pulchritudo
3134 5442 3254 5496 quae
3281 5424 3349 5479 ad
3378 5422 3473 5477 Dei
3508 5420 3700 5490 imagi-

2126 5536 2255 5576 nem
2282 5520 2428 5575 facta
2460 5520 2568 5575 fuit
2593 5526 2781 5574 nostra
2813 5519 2993 5572 anima
3022 5517 3234 5572 ratione
3261 5514 3487 5586 praedita
3516 5518 3570 5566 cl
3596 5513 3700 5565 im-

2127 5612 2399 5675 mortalis,
2426 5628 2455 5666 a
2480 5610 2927 5683 superessentiali
2957 5609 3220 5675 essentia,
3245 5607 3440 5663 clIccta
3465 5604 3705 5661 essentia

2062 5799 2080 5826 ²
2104 5795 2295 5851 Matth.
2323 5810 2437 5859 xui,
2465 5794 2515 5848 9.
