4098 6436
494 355 630 422 1915

1699 380 1759 439 s.
1798 337 2196 442 ANASTASII
2232 383 2558 450 SINAI'M.

3621 360 3779 462 toto

489 486 711 576 tax-nou
751 477 1012 576 essentia,
1037 490 1256 552 sumpta
1296 493 1433 538 erat.
1467 487 1682 545 Rursus
1718 499 1839 546 erat
1876 492 2071 546 simili-
2101 499 2144 554 Α
2176 514 2323 556 rans.
2355 501 2414 557 ld
2452 513 2686 561 testatur
2711 508 2851 567 Abel
2884 509 3027 565 dona
3058 510 3172 566 Deo
3204 506 3474 576 offerens;
3505 505 3770 566 Lamech

493 565 656 628 tudo,
700 576 757 620 et
804 568 1192 637 simulacrum,
1232 582 1289 628 et
1331 591 1399 629 ex
1445 578 1680 635 adverso
1729 583 2071 651 respondens

491 656 769 726 splendor.
803 660 1054 716 informis
1110 663 1382 732 idearum,
1436 671 1704 741 principis
1758 682 1815 728 et
1867 673 2071 731 formas

486 747 742 804 facientis
760 750 854 805 Dei
873 751 1248 810 divino-factas
1268 768 1519 838 munere.
1532 760 1656 817 Η.Ἒο
1674 778 1804 834 ergo
1818 772 1875 819 et
1892 765 2070 838 imago

489 848 543 894 et
573 839 881 896 similitudo
909 845 1028 913 ejus
1054 846 1149 914 qui
1176 857 1260 902 est
1285 864 1452 919 super
1475 851 1766 923 imaginem
1792 862 1848 910 et
1875 854 2070 912 simili-

491 928 773 994 tudinem,
806 940 865 985 et
901 936 1163 1004 apparuit
1199 946 1255 992 et
1289 937 1399 993 fuit
1435 943 1728 1012 appellata.
1760 944 1937 1013 Quam
1971 950 2069 1018 qui

487 1020 699 1077 dicitur
741 1038 1004 1094 serpens,
1039 1035 1099 1081 ut
1148 1029 1467 1102 intelligens
1512 1034 1911 1108 intelligentia,
1941 1056 2069 1096 cum

488 1115 719 1172 vidisset
764 1117 1168 1189 intelligentem
1221 1123 1429 1179 nudam
1477 1133 1735 1198 tanquam
1786 1132 2066 1203 reginam,

488 1218 621 1262 tunc
673 1208 983 1280 virginem,
1046 1228 1279 1282 puram,
1332 1215 1635 1285 intactam,
1692 1208 2067 1294 incorruptam

479 1301 855 1370 juvenculam,
886 1302 982 1358 Dei
1020 1320 1300 1375 sponsam,
1331 1324 1538 1365 corona
1560 1306 1883 1371 redimitam
1919 1320 2067 1382 (tan-

482 1407 647 1460 quam
682 1394 736 1447 in
767 1394 1007 1464 quodam
1042 1397 1306 1471 thalamo)
1339 1400 1530 1456 divino
1560 1418 1749 1459 amore
1786 1407 2065 1477 stipatam,

485 1486 539 1538 in
584 1486 819 1556 mystico
862 1503 1066 1545 arcano
1110 1498 1167 1546 et
1208 1493 1298 1547 cui
1348 1509 1459 1548 non
1506 1506 1592 1551 est
1634 1497 1722 1551 vir
1764 1499 2066 1567 admistus,

483 1579 720 1647 paradisi
767 1581 1027 1636 cubiculo
1075 1584 1409 1641 residentem
1458 1607 1472 1641 :
1521 1604 1647 1644 cum
1690 1598 1839 1644 esset
1880 1590 2069 1647 infelix

480 1673 905 1745 exterminatus,
933 1683 990 1729 et
1022 1674 1093 1730 ab
1125 1677 1325 1733 axibus
1361 1679 1680 1736 coelestibus
1718 1682 2065 1740 exturbatus.

479 1763 778 1836 Postquam
814 1767 893 1822 sic
921 1766 1064 1823 vidit
1096 1768 1329 1824 formam
1362 1782 1418 1828 et
1448 1762 1703 1828 naturam
1734 1783 1980 1830 nostram
2011 1785 2068 1832 et

2173 595 2340 666 (sicut
2369 596 2564 667 Adam)
2596 597 2664 654 de
2692 598 2914 656 Christo
2947 608 3206 672 tanquam
3239 602 3510 672 propheta
3542 602 3771 671 praedi-

2171 700 2338 753 cens;
2367 685 2524 754 Seth,
2555 690 2678 760 ejus
2707 689 2999 761 imaginem
3030 691 3126 761 qui
3159 692 3227 747 ad
3251 691 3545 763 imaginem
3568 690 3774 746 factus

2171 788 2311 845 erat,
2363 795 2667 847 renovans;
2700 781 2870 848 Euos,
2898 783 2994 853 qui
3040 785 3211 854 coepit
3258 784 3517 840 invocare
3545 799 3773 839 nomen

2170 867 2426 938 Domini;
2460 868 2671 939 Enoch,
2702 874 2796 943 qui
2831 876 3046 943 primus
3075 887 3333 945 tanquam
3372 875 3488 932 Deo
3525 877 3775 946 placem

2168 962 2326 1031 prius
2361 962 2656 1034 descripsit
2697 979 2762 1019 ac
2802 963 3058 1036 ﬁguravit
3096 966 3596 1031 resurrectionem.
3650 966 3776 1020 im»

2168 1054 2419 1108 mortalis
2465 1054 2699 1110 effectus
2744 1062 2802 1110 et
2842 1070 2874 1109 a
2920 1054 3034 1111 Deo
3080 1056 3414 1122 translatus;
3446 1057 3773 1112 Mathusala

2170 1142 2359 1197 Enoch
2392 1143 2571 1211 filius;
2606 1143 2844 1200 Lamech
2872 1145 2996 1215 ejus
3024 1160 3198 1216 nepos
3219 1187 3234 1211 ,
3267 1147 3365 1217 qui
3404 1148 3600 1219 genuit
3638 1147 3773 1204 Noe

2167 1230 2372 1289 Christi
2413 1233 2666 1306 ﬁguram,
2703 1244 2760 1290 et
2800 1234 2940 1291 dixit
2981 1254 2995 1289 :
3032 1236 3140 1292 Iste
3176 1255 3271 1293 nos
3310 1238 3466 1309 faciet
3487 1241 3774 1311 quiescere

2171 1328 2234 1382 ab
2265 1330 2505 1399 aperibus
2526 1338 2584 1383 'et
2612 1329 2971 1401 afﬂictionibus
3000 1332 3214 1395 nostris,
3242 1341 3293 1386 et
3329 1350 3362 1389 α
3402 1341 3548 1388 terra
3589 1349 3773 1405 mm

2170 1428 2468 1475 exsecratus
2511 1429 2587 1475 est
2630 1420 2886 1477 Dominus
2932 1421 3148 1489 Deus‘;
3182 1422 3322 1488 Noe,
3355 1439 3520 1493 quem
3567 1424 3772 1479 virum

2168 1527 2292 1567 esse
2319 1510 2623 1587 perfectum
2652 1519 2710 1569 et
2731 1513 2944 1583 justum
2970 1522 3206 1570 testatus
3229 1521 3316 1570 est
3338 1515 3632 1580 Dominus,
3662 1517 3772 1586 qui

2169 1605 2335 1660 etiam
2362 1620 2489 1660 eum
2521 1605 2781 1675 placavit,
2808 1620 2880 1661 ne
2904 1607 3078 1662 totum
3097 1608 3263 1665 simul
3295 1608 3551 1665 interiret
3575 1623 3773 1680 genus

2170 1697 2496 1751 humanum.
2524 1696 2595 1753 Ut
2621 1699 2786 1753 etiam
2818 1699 2953 1755 fecit
2980 1700 3267 1764 Dominus,
3295 1709 3556 1770 tanquam
3586 1700 3772 1755 homo

2171 1789 2391 1845 Patrem
2422 1789 2790 1845 reconcilians
2813 1804 2916 1861 pro
2939 1790 3279 1846 hominibus.

481 1857 692 1912 divinis
731 1858 990 1953 manibus
1030 1859 1341 1926 formatam,
1370 1875 1443 1953 et
1469 1861 1656 1917 divino
1695 1863 1906 1934 Spiritu
1945 1865 2067 1920 ani-
2098 1837 2141 1893 Β
2172 1837 2195 1845 -
3319 1891 3374 1937 ει
3395 1882 3616 1937 fructus
3634 1897 3772 1952 qua

482 1957 709 2014 matam,
733 1958 789 2004 et
812 1950 1084 2005 universa
1112 1965 1236 2020 qua;
1259 1962 1344 2007 est
1366 1952 1609 2010 sub’sole
1636 1963 1906 2033 creatura:
1929 1958 2070 2027 regi-

481 2055 608 2094 nam
642 2041 1000 2097 constitutam
1029 2059 1043 2096 :
1073 2056 1184 2096 non
1212 2042 1396 2100 ferens
1423 2044 1654 2102 honoris
1679 2048 1854 2103 nostri
1881 2048 2069 2104 altitu‘

482 2133 696 2198 dinem,
726 2129 1021 2189 simulatus
1052 2141 1139 2189 est
1169 2134 1495 2202 sceleratus,
1528 2138 1746 2203 invidit,
1777 2154 1984 2209 angore
2012 2147 2069 2194 et

481 2224 676 2279 dolore
719 2234 804 2281 est
840 2226 1094 2291 allectus,
1126 2227 1338 2298 stupuit
1375 2238 1433 2283 et
1474 2228 1781 2289 admiratus
1818 2240 1903 2285 est
1941 2231 2067 2301 pul-

481 2317 881 2384 chritudinem,
913 2320 1144 2390 gloriam
1167 2361 1181 2386 ,
1225 2328 1579 2391 potestatem,
1637 2322 1921 2389 virtutem,
1951 2322 2066 2378 for-

484 2424 661 2477 mam,
693 2410 807 2467 Deo
838 2412 1079 2474 similem
1110 2414 1379 2470 visionem
1420 2424 1478 2470 et
1509 2414 1787 2472 decorem.
1818 2416 2068 2488 Cumque

479 2502 671 2558 omnia
718 2505 1036 2574 speculatus
1080 2516 1235 2564 esset
1277 2523 1341 2563 ae
1387 2509 1711 2577 lustrasset,
1749 2510 1950 2582 utqui
1995 2511 2069 2566 sit

486 2595 650 2650 simul
697 2604 754 2650 et
794 2597 1071 2668 malignus
1117 2606 1173 2655 et
1225 2599 1477 2667 invidus,
1514 2600 1710 2656 fraude
1752 2616 1851 2657 sua
1894 2601 2069 2656 valuit

485 2686 773 2742 mulierem
807 2704 838 2742 a
867 2689 991 2744 viro
1021 2689 1307 2756 seducere,
1340 2706 1574 2762 eamque
1608 2708 1734 2749 cum
1765 2693 2068 2763 accepisset

484 2791 737 2832 seorsum
781 2788 1035 2849 agentem
1083 2796 1148 2837 ac
1195 2791 1538 2852 separatam,
1586 2783 1802 2855 decepit
1848 2802 1862 2838 :
1911 2800 2065 2855 spem

483 2883 681 2925 vanam
729 2880 788 2925 et
821 2870 1052 2927 inanem
1098 2872 1152 2927 ei
1196 2887 1532 2945 suggerens,
1572 2876 1717 2931 sicut
1755 2876 1867 2947 jam
1913 2879 2067 2947 prius

484 2959 622 3014 disi.
649 2958 991 3031 Suggerehat
1014 2962 1162 3018 enim
1192 2963 1311 3019 fore
1340 2974 1401 3019 ut
1430 2980 1531 3036 per
1558 2981 1714 3022 esum
1748 2969 1946 3023 mulier
1972 2969 2067 3024 lie-

484 3062 571 3107 ret
595 3052 720 3115 dea,
747 3063 809 3108 ut
836 3069 959 3124 quae
987 3056 1247 3112 evaderet
1272 3056 1386 3113 Deo
1411 3059 1608 3114 similis
1637 3071 1692 3115 ct
1722 3062 1925 3117 collum
1956 3079 2066 3118 non

482 3144 721 3214 amplius
760 3144 1008 3202 flecteret
1047 3148 1117 3202 ad
1159 3149 1333 3203 Deum
1376 3150 1715 3206 adorandum

482 3238 596 3291 Deo
634 3246 802 3301 esset,
831 3252 1173 3309 cognoscens
1214 3240 1400 3296 omnia
1445 3241 1588 3297 bona
1631 3254 1685 3299 et
1728 3245 1893 3312 mala,
1922 3248 2066 3304 sicut

481 3314 645 3384 Deus.

551 3419 665 3475 Hac
685 3436 781 3491 spe
807 3421 954 3476 inani
980 3424 1377 3492 phantasticam
1404 3428 1654 3483 mulieris
1680 3430 1875 3485 animae
1897 3431 2065 3488 facul-

478 3520 647 3568 tatem
669 3512 728 3567 in
753 3513 925 3568 altum
946 3515 1300 3573 extollensac
1319 3519 1680 3590 suspendens,
1706 3538 1825 3577 eam
1849 3522 2067 3595 decepit

481 3617 539 3662 et
567 3605 623 3661 in
658 3621 904 3662 errorem
948 3608 1183 3666 induxit.
1208 3608 1492 3669 Mulierem
1529 3623 1713 3670 autem
1751 3632 1902 3671 nunc
1939 3617 2095 3682 dico_

484 3699 653 3757 Evam
694 3718 711 3753 εκ
748 3711 1063 3771 serpentem
1096 3711 1282 3759 autem
1321 3720 1448 3760 eum
1480 3707 1575 3777 qui
1611 3707 1815 3763 dicitur
1844 3710 2065 3779 sapien-

484 3791 595 3845 tior
621 3792 884 3848 omnibus
911 3807 1034 3863 quae
1062 3795 1196 3851 fecit
1222 3796 1488 3853 Dominus
1514 3799 1680 3863 Deus,
1705 3816 1828 3870 qua:
1854 3811 1983 3855 sunt
2010 3802 2065 3856 in

483 3893 650 3949 terra,
676 3884 773 3939 sed
804 3901 916 3941 non
946 3887 1112 3942 etiam
1143 3905 1265 3958 quae
1292 3889 1348 3943 iu
1376 3890 1556 3946 cmlis.
1588 3891 1714 3948 Hiec
1742 3892 1876 3947 mihi
1908 3893 2066 3947 intel.

481 3978 720 4047 ligantur
753 3989 1129 4049 congruenter
1161 3980 1356 4037 litterae
1385 3982 1493 4037 veli
1526 3985 1822 4039 exterioris
1853 3994 1909 4040 et
1938 4001 2063 4039 cor-

477 4069 630 4138 poris
690 4069 1025 4141 Scriptura,
1070 4087 1141 4127 ue
1200 4074 1383 4143 porcis
1437 4083 1493 4129 et
1550 4076 1781 4132 canibus
1836 4080 2064 4149 (nempe

480 4160 804 4217 hominibus
830 4163 924 4231 qui
951 4161 1301 4218 delectantur
1321 4166 1844 4240 vituperationibus)
1871 4170 2071 4227 demus

476 4265 667 4305 ansam
705 4268 718 4304 :
756 4251 849 4320 qui
884 4251 1075 4305 dicunt
1110 4253 1225 4307 lucc
1259 4268 1371 4308 non
1406 4255 1524 4308 fieri
1560 4256 1628 4309 ad
1666 4257 1923 4313 litteram.
1958 4258 2064 4325 Qui

476 4349 665 4395 autem
706 4356 737 4395 a
780 4342 952 4396 Paulo
998 4352 1127 4397 sunt
1173 4342 1400 4408 eruditi,
1433 4347 1525 4415 qui
1574 4345 1640 4401 ad
1682 4347 1965 4403 Christum
2008 4362 2064 4406 et

480 4433 783 4487 Ecclesiam
843 4434 1059 4490 reducit
1107 4436 1293 4491 omnia
1348 4454 1469 4507 qua:
1521 4450 1652 4493 sunt
1701 4441 1756 4494 in
1810 4441 1964 4511 lege,
2008 4452 2065 4497 et

2170 1975 2375 2030 dicitur
2388 1974 2582 2029 Adami
2606 1973 2845 2029 humana
2864 1974 3135 2039 Ecclesia,
3153 1975 3474 2045 priusquam
3491 1983 3770 2043 corrupta

2168 2080 2314 2126 esset
2350 2079 2494 2124 terra
2515 2068 2583 2123 ah
2607 2068 2940 2135 idololatria,
2959 2069 3191 2123 libidine
3223 2083 3288 2123 ac
3321 2068 3560 2133 luxuria,
3584 2075 3647 2123 et
3674 2068 3770 2124 fu-

2168 2177 2298 2217 rore
2326 2161 2384 2217 in
2431 2161 2707 2217 feminas:
2749 2174 2945 2216 revera
2989 2175 3116 2216 cum
3147 2160 3270 2215 viro
3296 2175 3403 2215 suo
3449 2169 3574 2215 erat
3607 2159 3765 2215 nuda

2123 2264 2131 2283 '
2167 2253 2282 2310 Deo
2306 2272 2319 2307 :
2351 2268 2532 2323 neque
2560 2252 2724 2308 ambo
2752 2252 3176 2317 erubescebant,
3204 2251 3301 2307 sed
3331 2251 3505 2307 libere
3529 2266 3594 2306 ac
3622 2266 3763 2306 eon-

2169 2343 2404 2399 ﬁdenter
2435 2344 2491 2398 in
2527 2343 2700 2398 Deum
2725 2352 2848 2398 erat
2877 2341 3093 2407 allecta,
3131 2351 3193 2397 ut
3229 2356 3353 2412 quae
3382 2348 3607 2412 peccato
3636 2355 3756 2395 non

2168 2444 2315 2492 esset
2349 2435 2607 2491 obnoxia.
2643 2434 2718 2489 Ea
2750 2449 2884 2504 ergo
2912 2434 2993 2490 sic
3023 2433 3220 2489 aﬂ‘ecta
3259 2443 3317 2489 et
3358 2433 3577 2489 lattante
3622 2449 3759 2489 cum

2168 2529 2290 2584 viro
2323 2543 2446 2591 suo,
2481 2526 2836 2583 aemulatione
2880 2534 3065 2581 motus
3107 2526 3175 2581 ad
3206 2541 3327 2581 eam
3370 2526 3609 2582 accessit
3638 2540 3760 2581 ser-

2167 2635 2325 2690 pens.
2359 2618 2685 2689 Serpentem
2718 2627 2906 2674 autem
2954 2618 3212 2683 audiens,
3263 2633 3364 2687 per
3403 2619 3761 2687 corporalem

2168 2719 2514 2781 serpentem,
2570 2708 2814 2779 intellige
2861 2709 3160 2763 draconem
3207 2707 3363 2761 illum
3405 2706 3762 2762 desertorem

2167 2816 2333 2873 quem
2376 2801 2523 2857 Deus
2560 2802 2705 2871 apud
2736 2801 2938 2857 Jobum
2981 2800 3118 2855 dans
3148 2813 3413 2869 responsa
3454 2798 3536 2853 sic
3567 2798 3766 2852 nomi-

2168 2894 2339 2950 navit.
2373 2894 2481 2949 lste
2520 2901 2605 2949 est
2651 2892 2799 2948 enim
2829 2891 2923 2960 qui
2971 2891 3190 2961 decepit
3231 2888 3558 2945 Ecclesiam.
3603 2888 3768 2943 Dixit

2167 2989 2317 3045 enim
2345 3002 2574 3058 serpens
2603 2986 2824 3041 mulieri
2848 2985 3076 3041 omnino
3095 2999 3207 3039 non
3233 2983 3398 3048 bona,
3423 2997 3622 3053 nempe
3647 2981 3766 3038 E4:-

2168 3082 2371 3139 clesiae.
2400 3081 2457 3137 Si
2492 3091 2676 3135 autem
2711 3078 2779 3134 ad
2823 3078 3062 3133 litteram
3096 3077 3275 3132 solum
3318 3076 3476 3131 audis
3503 3090 3628 3145 qum
3660 3075 3765 3130 di-

1766 3173 1780 3208 ³
1826 3153 1921 3209 sed
1965 3170 2065 3225 Pi"
2092 3175 2135 3233 C
2170 3184 2373 3231 cuntur
2406 3174 2477 3229 de
2510 3182 2767 3243 serpente
2797 3180 2855 3226 et
2884 3170 3136 3237 muliere,
3165 3169 3457 3241 oportebat
3484 3177 3764 3239 utrosque

2173 3258 2338 3324 simul
2368 3266 2609 3339 aggredi,
2656 3275 2713 3321 et
2742 3266 2918 3321 multo
2955 3264 3130 3336 magis
3154 3263 3356 3318 virum.
3402 3260 3459 3316 Si
3489 3260 3761 3330 spiritua-

2174 3347 2300 3415 Iﬁer
2327 3368 2509 3414 autem
2555 3360 2733 3412 solum
2765 3356 3059 3427 intelligas,
3094 3370 3204 3409 non
3245 3351 3540 3423 oportebat
3570 3350 3759 3405 solum

2170 3449 2461 3522 attingere,
2519 3463 2717 3518 nempe
2759 3444 3062 3501 Christum.
3108 3443 3283 3498 Adam
3323 3444 3463 3496 enim
3506 3456 3615 3495 non
3651 3439 3759 3510 fuit

2170 3545 2439 3612 deceptus,
2476 3550 2539 3594 ut
2583 3539 2679 3609 qui
2711 3547 2859 3593 esset
2888 3545 3051 3608 typus
3084 3533 3313 3597 Christi,
3353 3530 3547 3586 mulier
3572 3537 3755 3584 autem

2170 3633 2270 3703 fuit
2310 3632 2524 3701 decepta
2558 3629 2601 3695 ⁸,
2643 3641 2841 3697 nempe
2889 3624 3176 3679 hominum
3216 3630 3437 3681 natura,
3481 3615 3754 3673 Ecclesia.

2170 3724 2266 3779 Est
2302 3731 2487 3778 autem
2516 3719 2891 3776 adnatandum
2917 3714 3064 3812 quod
3100 3712 3392 3812 mulierem
3419 3717 3750 3812 scparatam,

2168 3997 2413 4069 quandiu
2442 3993 2582 4050 vidit
2605 4009 2726 4049 eam
2755 4007 2784 4046 a
2809 3990 2932 4046 viro
2970 4002 3072 4044 suo
3096 4000 3208 4041 non
3233 3991 3565 4053 separatam.
3593 3979 3749 4069 Illinc

2168 4068 2351 4146 autem
2387 4088 2518 4144 licet
2557 4094 2746 4156 aperte
2789 4076 3213 4149 discerequod
3256 4074 3324 4131 ad
3365 4072 3567 4130 Christi
3608 4068 3739 4124 refe-

2169 4190 2367 4237 runtur
2394 4178 2699 4235 Ecclesiam
2737 4187 3081 4245 quaecunque
3119 4176 3251 4225 sunt
3282 4168 3449 4237 hujus
3477 4159 3745 4224 mulieris,

2178 4289 2287 4330 non
2336 4270 2646 4325 invenimus
2687 4267 2834 4321 enim
2890 4263 3117 4319 omnino
3151 4259 3420 4316 Adamum
3472 4269 3597 4309 cum
3635 4266 3741 4307 ser-

2166 4374 2331 4437 pente
2359 4378 2481 4418 esse
2515 4361 2873 4417 collocutum.
2907 4354 3063 4411 Unde
3103 4353 3272 4408 etiam
3316 4366 3348 4405 a
3386 4349 3501 4403 Deo
3534 4352 3750 4437 rogatus

2168 4435 2268 4513 cur
2298 4453 2624 4517 comederit,
2648 4466 2759 4505 non
2795 4448 2929 4503 dicit
2957 4466 2968 4498 :
2998 4444 3226 4515 Serpens
3255 4453 3339 4497 me
3365 4439 3589 4508 decepit,
3618 4435 3746 4491 sed:

477 4526 715 4581 maxime
740 4542 863 4595 qurc
892 4529 1097 4597 scripta
1124 4539 1252 4583 sunt
1275 4529 1344 4584 de
1369 4531 1578 4586 Adamo
1603 4542 1659 4587 et
1683 4531 1817 4597 Eva,
1844 4549 2065 4605 compa-
2096 4517 2140 4572 θ
2168 4548 2361 4603 Mulier
2384 4545 2510 4599 mihi
2531 4543 2694 4605 dedit,
2720 4550 2767 4593 et
2789 4538 3008 4593 comedi.
3028 4536 3223 4590 Mulier
3245 4541 3429 4588 autem
3452 4530 3589 4585 dicit
3608 4528 3748 4582 Deo:

480 4629 603 4671 rent
625 4617 935 4686 spiritualia
964 4634 1088 4674 cum
1115 4621 1532 4691 spiritualihus;
1561 4625 1647 4679 lex
1670 4626 1819 4679 enim
1845 4635 1931 4680 est
1955 4629 2066 4697 spi-

479 4710 698 4766 ritualis
715 4710 754 4764 ³.
785 4710 1143 4782 Perspicuum
1188 4725 1276 4770 est
1315 4726 1500 4772 autem
1543 4716 1692 4787 quod
1733 4719 1899 4773 etiam
1943 4735 2066 4790 quae

478 4812 607 4857 sunt
643 4803 699 4858 in
737 4802 888 4871 lege,
932 4806 1116 4861 omnia
1160 4808 1319 4878 prius
1351 4818 1483 4863 sunt
1512 4808 1791 4880 descripta
1823 4826 1887 4866 ac
1924 4827 2062 4882 prte—

478 4898 710 4966 ﬂgurata
766 4895 835 4952 de
890 4895 1136 4955 Christo.
1186 4900 1329 4972 Ergo
1368 4911 1423 4956 et
1453 4903 1761 4971 paradisus,
1797 4915 1855 4959 et
1894 4905 2061 4976 ligna;

477 4999 533 5044 et
562 4990 798 5055 fructus,
828 5003 883 5046 et
914 4991 1181 5057 Adamus,
1217 5005 1271 5049 et
1307 4996 1530 5059 mulier,
1554 4998 1698 5051 etad
1724 5012 1844 5052 eam
1868 5014 2062 5065 acces-

477 5098 593 5145 sus,
619 5090 676 5138 et
713 5082 783 5138 de
824 5085 940 5153 ipsa
980 5085 1236 5150 victoria,
1264 5099 1321 5142 et
1355 5102 1606 5158 serpens,
1633 5099 1690 5143 et
1731 5089 1909 5161 cibus,
1941 5102 2066 5162 post

478 5173 766 5229 historiam
799 5190 922 5246 qua:
950 5187 1033 5231 est
1061 5177 1127 5232 ad
1157 5178 1422 5242 litteram,
1450 5180 1519 5237 de
1546 5180 1769 5238 Christo
1795 5194 1851 5240 et
1877 5183 2064 5241 Eoo-le.

479 5266 560 5319 sia
593 5267 942 5339 praefigurata
970 5268 1280 5326 fueruntet
1307 5273 1633 5330 adumbrata
1666 5276 1724 5331 in
1753 5276 2062 5349 Scriptura.

480 5356 620 5411 Fiam
646 5358 890 5415 humana
916 5363 1142 5432 quidem
1172 5365 1472 5435 aliquando
1496 5379 1695 5424 natura
1723 5360 1936 5426 erat'ab
1966 5372 2072 5428 ini-

481 5451 559 5502 tio
580 5451 759 5505 veluti
777 5453 874 5507 Dei
897 5455 1055 5525 911
1081 5459 1305 5529 conjux,
1324 5476 1450 5514 cum
1476 5479 1781 5533 agnoscens
1802 5476 1860 5520 et
1881 5467 2077 5521 colens

482 5551 537 5595 et
575 5541 647 5596 ab
688 5559 756 5599 eo
800 5547 1205 5618 inseparabilis.
1249 5562 1505 5623 tauquam
1552 5558 1663 5612 Eva
1703 5574 1823 5627 quae
1863 5559 2070 5614 dicitur

484 5634 682 5688 mulier
705 5646 759 5688 et
788 5653 923 5690 uxor
952 5642 1299 5710 protopiasti.
1331 5645 1499 5698 Deum
1537 5646 1820 5701 individuo
1853 5649 2068 5704 deside-

553 5819 571 5845 ³
597 5817 754 5872 lieni.
784 5836 873 5884 m,
902 5822 984 5875 il.
1064 5821 1082 5851 ἰ
1107 5822 1245 5875 Gen.
1270 5841 1321 5888 γ,
1348 5825 1437 5877 29.
1515 5827 1534 5855 ⁵
1570 5827 1592 5879 Ι
1621 5827 1763 5882 Tim.
1805 5845 1864 5895 tt,
1908 5830 1989 5883 li.

2074 5830 2092 5858 ⁶
2131 5830 2288 5883 Rom.
2322 5842 2360 5893 1,

2171 4632 2400 4703 Serpens
2431 4647 2513 4685 me
2541 4630 2758 4700 decepit,
2791 4639 2839 4681 et
2875 4626 3093 4679 comedi.
3132 4624 3345 4679 Rursus
3370 4629 3556 4675 autem
3589 4619 3644 4671 in
3665 4632 3754 4671 cx-

2170 4726 2477 4781 secratiune
2514 4720 2806 4790 serpentis,
2833 4720 2902 4773 de
2946 4716 3172 4771 homine
3209 4730 3336 4771 eum
3384 4712 3527 4768 nihil
3568 4711 3743 4765 crimi-

2170 4828 2333 4871 natur
2358 4815 2523 4875 Deus,
2558 4811 2653 4868 sed
2697 4810 2766 4864 de
2798 4809 3053 4863 muliere.
3081 4806 3152 4860 Et
3197 4805 3324 4860 ideo
3367 4803 3504 4858 dicit
3529 4803 3578 4856 ei
3607 4819 3620 4855 ε
3650 4800 3741 4854 Po-

2172 4927 2297 4963 nam
2330 4907 2635 4962 inimicitias
2679 4906 2817 4957 inter
2862 4913 2912 4955 te
2959 4910 3007 4955 et
3054 4900 3348 4954 mulierem.
3390 4895 3459 4951 Et
3499 4909 3603 4948 cur
3645 4908 3753 4947 non

2169 5004 2335 5057 etiam
2366 5002 2511 5054 inter
2540 4999 2722 5052 virum
2757 4996 2936 5050 ?Nam
2963 4991 3112 5063 quod
3139 4992 3339 5047 attinet
3383 4989 3450 5043 ad
3491 4989 3750 5047 litteram,

2171 5094 2378 5148 amicos
2414 5105 2539 5145 esse
2576 5088 2696 5142 vult
2735 5087 2914 5141 virum
2939 5095 2997 5139 et
3028 5091 3365 5154 serpentem,
3392 5080 3587 5136 dicens
3615 5097 3627 5133 :
3654 5078 3755 5132 Pa-

2171 5201 2297 5239 nam
2323 5182 2632 5237 inimicitias
2662 5181 2801 5234 inter
2826 5189 2875 5231 te
2918 5187 2965 5230 et
2996 5176 3290 5239 mulierem,
3318 5185 3667 5242 quaecunque.
3690 5183 3745 5222 ea

2171 5280 2263 5342 sit,
2292 5276 2390 5330 sed
2429 5290 2539 5330 non
2585 5274 2731 5328 inter
2757 5273 2908 5326 viros
2939 5290 2950 5324 :
2983 5282 3039 5324 ut
3071 5269 3293 5338 quando
3324 5268 3503 5339 ipsum
3534 5275 3749 5335 quoque

2168 5370 2450 5426 Christum
2481 5367 2617 5423 dicit
2646 5382 2710 5421 ea:
2737 5367 2934 5421 semine
2967 5365 3135 5419 David
3158 5363 3444 5417 secundum
3472 5374 3686 5414 carnem
3712 5359 3751 5422 ⁸,

2167 5473 2223 5518 ct
2272 5461 2416 5532 quod
2451 5477 2628 5514 semen
2667 5459 2893 5513 Abt-alia:
2941 5455 3355 5527 apprehendit",
3381 5451 3600 5508 etiamsi
3644 5464 3750 5502 non

2167 5565 2315 5611 esset
2337 5572 2401 5609 ex
2430 5553 2639 5609 semine
2663 5552 2791 5616 viri,
2822 5552 2917 5606 scd
2949 5568 3014 5605 cx
3044 5565 3210 5604 carne
3238 5547 3492 5601 mulieris
3521 5546 3597 5616 (et
3618 5545 3753 5607 sola)

2167 5663 2389 5702 carnem
2440 5647 2775 5717 suscepisset
2829 5644 3181 5697 inelluhiliter
3225 5650 3278 5694 et
3333 5638 3750 5711 incomprehen-

2526 5827 2543 5859 τ
2582 5824 2750 5880 lit-Iw.
2782 5841 2838 5891 ιι,
2880 5827 2962 5881 ιϐ.
