4098 6428
378 359 524 462 ιοιῆ

1515 403 1595 467 IN
1635 381 2194 472 uuxsuuunoxf
2221 361 2286 448 4
2319 412 2465 474 LIB.
2508 416 2581 477 x.

3505 420 3640 488 1018

375 495 876 561 sibiliter.‘Efenim
906 519 1130 563 somnus
1161 503 1248 563 ille
1291 510 1482 565 Adami
1511 505 1566 566 et
1593 513 1824 570 exstasis
1854 529 1949 568 seu
1986 517 2036 574 Α
2065 517 2239 573 tulum
2282 521 2480 588 leonis,
2516 537 2617 594 pos
2643 520 2848 578 docens
2871 534 2927 579 et
2961 523 3164 580 tribum
3189 533 3245 582 et
3268 525 3451 582 locum
3495 532 3639 584 unde

374 613 638 654 excessus
663 597 931 667 ejusmodi
960 606 1017 652 ut
1045 599 1183 654 nihil
1205 599 1416 656 videret
1448 601 1500 655 in
1535 601 1781 672 fingenda
1806 611 1957 658 costa

373 701 449 744 ex
490 696 560 744 eo
602 697 842 758 sumpta,
893 689 1048 758 prius
1080 689 1222 746 forte
1255 691 1602 746 describebat
1644 694 1822 748 omnis
1852 693 1955 747 viri

374 778 802 850 ignorationem,
837 788 893 834 et
923 796 954 836 a
996 782 1110 838 Deo
1149 781 1330 838 Verbo
1369 792 1636 854 suscepta:
1666 784 1848 838 carnis
1875 783 1958 838 in-

373 874 1060 944 comprehensibilitatem.
1425 941 1433 948 .

450 965 519 1021 Et
552 967 685 1020 dixit
729 983 954 1036 serpens
999 968 1238 1022 mulieri.
1292 969 1550 1024 Protinus
1596 967 1954 1039 quaerendum

372 1065 460 1112 est
490 1057 544 1110 in
573 1057 687 1126 ipsa
711 1057 864 1111 arida
893 1058 1156 1122 dictione,
1184 1073 1422 1128 quanam
1448 1059 1516 1114 dc
1543 1075 1728 1123 causa,
1755 1069 1956 1129 printer

371 1149 558 1202 omnia
603 1148 902 1204 animantia
943 1157 1000 1203 ct
1042 1145 1674 1220 voluercs',_serpentem
1720 1150 1957 1220 appellat

373 1243 777 1304 adversarium,
841 1249 894 1295 et
951 1240 1213 1296 Ecclesia:
1259 1241 1676 1296 insidiatorem?
1725 1242 1795 1296 Et
1843 1241 1951 1296 dici

370 1341 559 1404 potest
599 1333 748 1402 quod
794 1333 980 1387 multae
1023 1333 1298 1402 serpentis
1344 1333 1712 1403 proprietates
1741 1333 1956 1387 assimi-

370 1425 563 1480 lantur
602 1424 807 1478 diaboli
841 1424 1358 1480 machinationibus.
1392 1425 1461 1480 Et
1499 1424 1735 1494 primum
1787 1425 1954 1479 totius

369 1517 496 1587 ejus
537 1517 784 1586 corporis
814 1516 1050 1587 dejectio
1081 1517 1136 1571 in
1172 1524 1392 1571 terram.
1428 1514 1619 1571 Omnis
1659 1516 1807 1570 enim
1853 1531 1954 1570 na-

369 1618 499 1664 tura
521 1609 885 1663 animatorum
910 1617 966 1664 et
990 1609 1360 1662 inanimoer
1386 1607 1550 1661 habet
1573 1604 1780 1675 aliquid
1804 1604 1953 1674 quod

367 1715 595 1754 sursum
641 1699 841 1766 fertur,
877 1699 944 1754 ad
990 1715 1224 1769 superna
1255 1707 1464 1754 motum
1511 1697 1720 1751 habens
1749 1702 1804 1750 et
1852 1710 1952 1748 au-

2058 618 2337 678 naseetur.
2383 610 2521 667 Cum
2553 613 3014 668 autem-venisset
3041 614 3108 668 ad
3144 616 3487 685 prophetiam
3535 619 3638 672 tri-

2056 699 2160 754 bus
2202 699 2337 766 Dan,
2374 700 2550 756 dicit:
2579 701 2802 758 Catulus
2845 703 3008 758 leonis
3051 703 3194 769 Dan,
3251 714 3300 759 et
3339 707 3541 760 exsiliet
3574 723 3640 762 ea:

2056 789 2236 860 Busan
2252 795 2264 823 '
2279 794 2315 847 ’.
2333 792 2503 848 Busan
2521 803 2704 850 autem
2722 795 2944 864 quidam
2971 797 3166 852 dicunt
3190 812 3310 852 csse
3332 797 3638 868 Scythopo—

2054 883 2171 949 lim,
2207 901 2328 954 quae
2356 895 2442 940 est
2475 887 2780 958 propinqua
2814 887 3047 944 Galiltere
3075 906 3088 942 :
3118 888 3262 943 unde
3289 890 3456 944 etiam
3476 889 3638 944 Chri-

2055 984 2173 1029 stus
2193 977 2464 1046 processit
2497 979 2796 1034 secundum
2821 995 3064 1036 carnem.
3093 980 3298 1039 Locum
3329 989 3510 1036 autem
3535 982 3631 1037 tibi

2055 1083 2202 1123 nunc
2230 1070 2471 1124 ostendit
2496 1071 2820 1126 Antichristi
2855 1073 3186 1139 necessario,
3219 1075 3495 1129 undenam
3534 1074 3634 1129 ha-

2055 1157 2181 1213 beat
2229 1160 2436 1214 exitum
2482 1170 2540 1216 et
2582 1173 2791 1218 motum
2821 1181 2834 1217 :
2864 1165 3313 1234 quandoquidem
3357 1175 3486 1220 ante
3517 1167 3636 1236 ejus

2055 1249 2348 1306 adventum
2371 1253 2491 1322 ejus
2512 1253 2766 1324 deceptio
2792 1256 2995 1310 multos
3019 1257 3272 1311 homines
3295 1257 3636 1326 prteveniens

2053 1340 2293 1410 decepit,
2328 1342 2578 1399 dicentes
2610 1344 2757 1414 quod
2805 1361 2874 1400 ex
2918 1345 3160 1416 quodam
3189 1363 3328 1416 pago
3359 1345 3635 1402 Leucbusi

2053 1442 2313 1488 nascetur
2343 1435 2736 1492 Antichristus.
2767 1437 2866 1492 Hic
2896 1447 3078 1492 autem
3107 1437 3210 1492 fuit
3249 1446 3401 1493 astus
3426 1447 3483 1494 et
3514 1455 3634 1493 ma-

2053 1521 2217 1578 china
2245 1523 2469 1590 diaboli,
2498 1534 2559 1580 ut
2585 1525 2838 1580 homines
2877 1525 3026 1580 hunc
3057 1542 3124 1581 ex
3160 1525 3394 1597 Egypto
3433 1542 3633 1597 exspe-

2053 1621 2266 1668 ctantes
2304 1613 2534 1668 credant
2561 1624 2616 1669 et
2659 1615 2936 1685 excipiant
2979 1616 3132 1672 illum
3161 1618 3256 1686 qui
3285 1617 3532 1674 nascitur
3565 1634 3635 1673 ex

2051 1701 2291 1768 Galiltca,
2339 1719 2464 1758 eum
2519 1713 2778 1774 tanquam
2829 1705 3108 1760 Christum
3167 1706 3481 1771 adorantes,
3535 1707 3633 1776 qui

365 1801 677 1863 gmentum,
716 1800 914 1864 przcter
958 1791 1134 1845 solum
1169 1798 1503 1860 serpentem.
1539 1789 1674 1843 Nam
1713 1787 1951 1857 idipsum
1989 1858 2025 1868 λ
2054 1796 2214 1864 plane
2243 1804 2329 1851 est
2353 1797 2549 1866 planus
2573 1805 2628 1851 et
2651 1795 3045 1852 Antichristus.
3083 1798 3273 1852 Restat
3295 1813 3429 1868 ergo
3451 1805 3634 1853 utnos

366 1884 521 1954 quod
565 1899 734 1954 super
768 1892 964 1938 terram
1001 1882 1270 1953 graditur,
1316 1881 1560 1936 ostendit
1599 1880 1745 1950 quod
1793 1895 1946 1934 suam

367 1977 745 2047 prudentiam,
798 1983 856 2029 et
911 1991 1008 2029 cor
1033 1990 1192 2029 suum
1235 1989 1336 2028 sua
1395 1983 1588 2042 sponte
1639 1971 1946 2034 conculcat,

367 2069 512 2124 nihil
541 2067 762 2138 penitus
791 2067 1069 2122 excelsum
1110 2074 1167 2120 et
1199 2066 1420 2121 caeleste
1462 2065 1704 2118 sentiens
1728 2072 1825 2117 aut
1858 2078 1951 2117 eo-

371 2163 570 2232 gitans.
599 2159 964 2227 Quamobrem
992 2175 1132 2231 saepe
1169 2173 1322 2212 suam
1355 2157 1506 2212 exuit
1534 2156 1762 2210 formam
1807 2155 1952 2210 sicut

368 2268 601 2322 serpens
645 2251 798 2306 exuit
841 2250 1254 2320 transformatus
1304 2249 1359 2302 in
1409 2246 1657 2318 angelum
1731 2245 1860 2300 lucis
1904 2247 1948 2310 ⁸,

365 2350 635 2411 tanquam
679 2350 900 2395 mutans
946 2355 976 2393 a
1023 2338 1200 2408 prisca
1241 2336 1556 2407 prudentia.
1602 2335 1741 2392 llinc
1780 2337 1949 2391 etiam

368 2447 648 2486 venenum
689 2430 1010 2487 leth'rferum
1045 2445 1144 2500 per
1181 2443 1244 2484 os
1283 2435 1338 2482 et
1369 2427 1551 2482 inania
1585 2428 1816 2483 consilia
1849 2427 1952 2481 im:-

373 2523 552 2593 _mittit
585 2524 642 2577 in
686 2523 941 2587 animam,
989 2531 1045 2576 et
1090 2522 1216 2576 vitae
1275 2529 1646 2576 extremorum
1693 2521 1952 2576 observat

378 2613 721 2676 calcaneum,
757 2623 811 2668 et
845 2613 912 2668 ad
947 2611 1318 2667 insidiandum
1347 2613 1400 2666 in
1430 2613 1640 2666 semitis
1664 2613 1947 2666 hominum

375 2719 600 2775 semper
627 2705 820 2760 insidet
851 2713 911 2760 ut
944 2705 1207 2775 impediat
1242 2713 1464 2760 nostros
1491 2704 1558 2758 ad
1596 2705 1765 2758 Deum
1794 2719 1950 2774 gres-

372 2812 491 2853 sus.
527 2797 597 2852 Et
637 2797 760 2852 ideo
792 2797 977 2853 ell‘ecit
1022 2797 1168 2852 Deus
1210 2806 1271 2850 ut
1302 2805 1599 2851 venaretur
1624 2804 1680 2850 et
1710 2795 1950 2865 perime-

368 2898 531 2945 retur
554 2890 864 2960 sapientum
898 2889 1361 2944 incantationibus
1383 2898 1439 2944 et
1471 2887 1746 2958 precibus.
1777 2887 1950 2942 Porro

367 2992 556 3038 autem
590 2982 737 3053 quod
793 2983 1015 3037 sibilant
1059 2990 1115 3036 et
1155 2991 1388 3037 evocant
1432 2997 1554 3051 qua:
1605 2981 1659 3035 in
1707 2997 1846 3050 aqua
1893 2989 1951 3036 et

365 3075 568 3145 spiritu
614 3075 914 3146 gignuntur
947 3073 1264 3139 animantia,
1313 3073 1574 3128 habentia
1603 3072 1850 3127 -formam
1893 3080 1950 3127 et

367 3160 600 3234 ﬁguram
631 3165 924 3235 serpentis,
949 3162 1018 3217 ad
1049 3163 1490 3235 conjunCtionem
1517 3172 1574 3219 et
1602 3163 1667 3218 ad
1699 3163 1945 3218 coitum:

363 3255 664 3318 admodum
705 3257 954 3326 apposite
983 3255 1089 3310 dici
1121 3264 1303 3326 potest
1330 3255 1398 3310 de
1422 3255 1658 3326 maligno
1687 3255 1946 3310 dracone.

362 3345 488 3402 Non
513 3355 695 3417 potest
731 3347 880 3403 enim
909 3363 1006 3402 eos
1034 3363 1136 3402 suo
1174 3356 1293 3402 satu
1332 3347 1624 3416 impertiri,
1659 3347 1833 3402 donec
1864 3347 1950 3416 ip-

362 3451 460 3492 sos
477 3437 546 3492 ab
572 3453 712 3508 aqua
740 3447 795 3494 et
823 3438 1022 3508 spiritu
1047 3447 1326 3508 separatos
1348 3439 1402 3492 in
1426 3438 1636 3492 aridam
1671 3437 1946 3500 eduxerit,

359 3545 478 3584 non
505 3529 691 3584 valens
724 3529 840 3599 ipse
869 3529 1107 3601 seipsum
1147 3538 1370 3600 aquavet
1395 3529 1594 3600 spiritu
1626 3528 1854 3600 tingere,
1889 3536 1949 3584 ut

362 3619 462 3690 qui
497 3619 568 3674 sit
593 3619 852 3674 inimicus
875 3629 932 3674 et
953 3619 1022 3674 ab
1043 3620 1125 3676 eis
1151 3621 1386 3674 alienus.
1419 3619 1477 3673 ln
1510 3619 1732 3673 hortum
1761 3627 1947 3673 autem

361 3725 466 3766 seu
497 3710 825 3781 pomarium,
857 3710 1012 3776 dicit,
1043 3721 1311 3782 quantum
1347 3711 1466 3780 capi
1498 3719 1700 3781 potest,
1737 3710 1947 3781 ingres-

361 3818 490 3858 sum
525 3818 648 3858 esse
689 3802 974 3857 inimicum
1005 3802 1337 3858 bellaturum
1367 3802 1631 3856 adversus
1655 3801 1944 3855 mulierem

359 3910 490 3965 quae
528 3895 755 3957 dicitur,
785 3894 940 3965 prius
985 3895 1326 3966 signiﬁcante
1363 3893 1643 3963 Scriptura
1699 3892 1846 3962 quod
1889 3892 1942 3946 in

358 3984 606 4040 hominis
635 3986 854 4040 hortum
881 3999 976 4040 seu
1005 3984 1316 4055 pomarium
1351 3984 1404 4038 in
1437 3983 1646 4038 ultimis
1680 3983 1943 4052 tempori-

358 4075 471 4130 bus
521 4075 838 4146 ingrediens
885 4075 1000 4145 ipse
1047 4077 1214 4131 draco
1263 4084 1509 4146 apostata
1537 4067 1652 4130 'seu
1701 4074 1946 4130 delector

357 4176 626 4238 tanquam
643 4167 1021 4223 Antichristus
1043 4175 1100 4223 et
1120 4166 1325 4221 Christi
1348 4167 1718 4252 adversarius,
1739 4182 1837 4238 per
1866 4166 1946 4222 ci-

358 4261 502 4315 bum
538 4276 734 4316 rursus
761 4261 1000 4330 decipiet
1027 4260 1326 4314 Ecclesium
1355 4259 1422 4314 ad
1454 4261 1559 4315 hoc
1593 4272 1654 4316 ut
1681 4259 1858 4330 ipsum
1887 4269 1944 4314 et

360 4366 476 4404 non
527 4350 698 4405 Deum
740 4350 934 4405 adoret
965 4358 1223 4418 tanquam
1271 4349 1463 4404 Deum.
1512 4350 1670 4417 Quod
1719 4350 1942 4428 quidem

355 4438 493 4493 fecit
519 4439 684 4492 etiam
718 4439 772 4492 in
799 4439 932 4504 Eva,
957 4448 1015 4491 ut
1041 4437 1300 4493 dixerunt
1323 4439 1416 4508 qui
1445 4439 1497 4494 in
1531 4439 1596 4494 iis
1627 4440 1794 4495 rebus
1813 4449 1944 4495 sunt

355 4529 672 4585 exercitati.
695 4529 874 4596 Quod,
901 4529 1179 4599 inquiunt,
1209 4543 1335 4583 ante
1364 4529 1547 4584 omnia
1574 4532 1814 4586 comedit
1843 4532 1944 4586 Eo-

357 4622 552 4682 clesia,
585 4621 638 4675 in
666 4636 736 4676 eo
763 4630 892 4676 ante
915 4619 1098 4674 omnia
1127 4621 1373 4690 peccavit
1402 4621 1648 4676 Ecclesia
1680 4622 1770 4676 cui
1793 4622 1944 4677 dice-

359 4715 529 4769 batur
584 4713 652 4766 dc
703 4721 959 4782 serpente
1005 4728 1020 4765 :
1069 4711 1190 4782 Ipse
1258 4712 1578 4766 observabit
1627 4709 1944 4768 calcaneum

357 4815 544 4868 tuum,
578 4811 634 4858 et
665 4813 723 4858 tu
777 4803 1104 4858 obscrvabis
1152 4805 1273 4874 ejus
1327 4814 1508 4873 caput.
1559 4803 1716 4871 Quod
1762 4814 1944 4860 autem

355 4898 604 4955 ealcanei
645 4896 968 4952 observator
997 4905 1054 4951 et
1096 4896 1338 4951 ealcanei
1375 4906 1698 4966 perseeutor
1730 4899 1801 4952 sit
1831 4901 1945 4953 An-

359 4987 674 5054 tichristus,
710 4989 828 5059 ipse
869 5005 972 5044 nos
1003 4988 1166 5042 docet
1191 4987 1368 5043 Moses
1395 4989 1447 5043 in
1480 4990 1586 5044 hoc
1615 4991 1735 5044 loco
1766 4989 1947 5045 Gene-

360 5081 464 5143 sis,
492 5078 732 5134 Leonem
761 5081 1045 5150 appellans
1065 5080 1348 5138 Christum
1383 5081 1436 5134 in
1467 5081 1946 5138 benedictionibus

359 5170 570 5224 Jacobi.
590 5169 781 5225 Catule
800 5170 983 5224 Leonis
998 5170 1162 5234 Iuda,
1182 5187 1244 5225 ex
1260 5175 1522 5242 germine,
1549 5171 1631 5240 ﬁli
1649 5175 1740 5235 mi,
1763 5191 1944 5226 ascen-

359 5259 486 5312 disti
515 5259 557 5325 ⁹,
595 5268 651 5313 et
682 5275 804 5328 quae
845 5260 1105 5330 deinceps
1137 5270 1466 5331 sequuntur.
1505 5262 1563 5315 lu
1600 5263 1944 5316 Deuterono—

361 5351 475 5404 mio
508 5358 692 5406 autem
730 5353 792 5417 ¹⁰,
830 5352 883 5406 in
923 5351 1407 5407 benedictionibus
1437 5351 1599 5407 Mosis
1635 5369 1772 5422 quas
1807 5371 1943 5423 prm-

360 5443 501 5497 dixit
524 5444 813 5499 duodecim
844 5437 1119 5508 tribubus,
1156 5454 1412 5514 tanquam
1442 5445 1644 5501 Christi
1682 5446 1940 5501 adversa-

362 5537 508 5590 rium
544 5521 898 5592 introd'ueens
933 5537 1332 5608 Antichristurp
1364 5537 1682 5606 prophetico
1719 5538 1940 5592 divinus

360 5629 561 5690 Moses,
594 5629 850 5684 similiter
871 5630 1036 5685 etiam
1070 5631 1246 5700 ipsum
1271 5630 1548 5684 Christum
1581 5629 1816 5701 appellat
1849 5649 1939 5685 ea-

433 5805 458 5836 ⁸
487 5805 528 5858 ιι
562 5805 687 5860 Cor.
723 5824 792 5873 χι,
835 5808 912 5862 Η.
985 5809 1008 5840 ν
1039 5810 1176 5865 Cea.
1226 5829 1364 5877 κως,
1401 5814 1452 5866 ε).

1534 5815 1573 5843 ⁸⁸
1626 5817 1782 5870 l‘Nlt.
1823 5831 2002 5880 χχχιιι,
2049 5816 2063 5868 Ι
2104 5830 2259 5882 seqq.

2053 1901 2119 1940 ex
2151 1886 2340 1941 Jacobi
2390 1903 2609 1956 quoque
2648 1888 3099 1958 praedictionibus
3143 1897 3512 1951 congruenter
3537 1905 3630 1945 os-

2058 1976 2365 2042 tendamus,
2393 1993 2462 2032 ex
2495 1979 2642 2032 tribu
2676 1979 2791 2032 Dan
2823 1979 3122 2048 procedere
3152 1978 3550 2034 Antichristum
3576 1988 3633 2033 et

2056 2078 2366 2140 serpentem
2419 2071 2763 2126 mordentem
2827 2072 3146 2126 calcaneum
3200 2071 3360 2140 equi,
3410 2071 3506 2141 qui
3557 2070 3632 2125 ita

2057 2163 2361 2231 appellatur
2388 2171 2446 2216 ut
2472 2162 2567 2231 qui
2594 2178 2742 2216 nunc
2785 2162 2839 2216 in
2882 2163 3136 2232 paradiso
3169 2163 3332 2217 nobis
3366 2163 3632 2234 proponi-

2059 2260 2166 2307 tur.
2216 2253 2533 2308 Patriarcha
2573 2255 2721 2307 enim
2771 2270 2898 2308 cum
2953 2253 3174 2310 Christo
3219 2253 3501 2308 disserens
3552 2251 3635 2307 sic

2056 2345 2190 2400 dicit
2236 2345 2304 2400 de
2350 2346 2462 2399 Dan
2499 2365 2512 2398 :
2546 2345 2665 2398 Dan
2701 2346 2964 2415 judicabit
2995 2345 3249 2417 populum
3297 2361 3448 2399 suum
3497 2345 3636 2398 sicut

2045 2452 2163 2503 _una
2187 2435 2350 2488 tribus
2377 2435 2427 2488 in
2460 2433 2654 2498 Israel,
2679 2443 2729 2487 et
2753 2434 2844 2502 ﬁet
2874 2435 2989 2488 Dan
3014 2451 3227 2506 serpens
3253 2436 3307 2488 in
3335 2436 3420 2488 via
3447 2435 3633 2489 sedens

2054 2528 2109 2581 in
2153 2527 2341 2580 semita
2386 2527 2629 2580 mordens
2673 2525 2981 2579 calcaneum
3025 2527 3164 2594 equi,
3197 2536 3246 2580 et
3289 2542 3440 2596 eques
3483 2527 3634 2580 cadct

2057 2629 2197 2671 retro
2250 2627 2553 2689 exspectans
2601 2617 2828 2671 salutem
2893 2617 3105 2670 Domini
3155 2619 3219 2670 ".
3271 2617 3412 2671 Ecce
3462 2616 3636 2670 habes

2057 2719 2242 2780 aperte
2273 2719 2584 2779 serpentem
2633 2717 2690 2762 et
2736 2709 3052 2764 calcaneum
3085 2709 3225 2763 sumi
3259 2709 3326 2762 de
3356 2707 3636 2762 Antichri-

2057 2810 2163 2860 sto,
2195 2808 2250 2855 et
2275 2800 2566 2854 ostendere
2615 2799 2716 2852 tibi
2745 2815 2929 2853 casum
2965 2813 3156 2853 eorum
3185 2798 3278 2868 qui
3312 2797 3636 2851 mordentur

2056 2892 2125 2946 ab
2159 2891 2277 2961 ipso
2310 2909 2322 2944 :
2359 2907 2456 2960 per
2485 2905 2649 2960 quem
2703 2889 2911 2958 primos
2950 2903 3169 2958 quoque
3211 2894 3485 2957 parentes,
3518 2886 3634 2940 Dan

2057 2983 2285 3038 deduxit
2315 2982 2382 3037 ad
2432 2981 2795 3050 impietatem.
2827 2981 2960 3035 Nam
2995 2979 3212 3035 etiamsi
3240 2979 3635 3034 convenienter

2055 3074 2158 3145 ipsi
2195 3073 2424 3130 dictioni
2471 3073 2587 3126 haec
2639 3072 2778 3125 facta
2829 3079 3037 3132 essent,
3088 3071 3142 3123 in
3195 3069 3452 3140 paradiso
3483 3070 3636 3123 visus

2054 3173 2202 3222 eSSet
2234 3167 2378 3222 Deus
2405 3165 2614 3220 Adamo
2646 3173 2703 3219 et
2730 3162 2949 3218 mulieri
2986 3163 3039 3216 in
3083 3161 3276 3232 figura,
3305 3169 3362 3216 et
3397 3175 3522 3214 cum
3553 3161 3637 3214 eis

2053 3258 2438 3321 disseruisset,
2483 3255 2579 3310 sed
2610 3263 2671 3310 ut
2713 3255 2806 3325 qui
2842 3269 2951 3308 non
2985 3261 3210 3323 possent
3237 3251 3415 3321 ipsum
3445 3250 3636 3304 videre

2050 3349 2350 3420 Opiﬁcem;
2383 3349 2514 3402 hinc
2548 3357 2775 3416 accepta
2807 3345 3096 3400 occasione
3119 3343 3391 3412 malignus
3419 3341 3634 3396 daemon

2051 3442 2272 3512 decepit
2301 3441 2590 3495 mulierem
2619 3438 2672 3492 ei
2703 3453 3004 3508 suggerens
3028 3437 3200 3490 Deum
3233 3450 3356 3489 esse
3385 3433 3634 3503 ejusdem

2051 3535 2268 3606 generis
2301 3542 2357 3588 et
2389 3531 2634 3603 ejusdem
2665 3531 2827 3585 simul
2851 3529 3103 3584 essentia:
3128 3528 3286 3596 cujus
3313 3527 3428 3596 ipsa
3461 3533 3631 3588 esset,

2051 3625 2448 3682 convenienter
2483 3623 2674 3677 formae
2719 3631 2776 3677 ct
2810 3621 2998 3692 ﬁgurae
3028 3632 3192 3690 quam
3240 3618 3356 3689 ipsa
3386 3617 3630 3672 videbat.

2119 3716 2188 3770 Et
2220 3714 2344 3768 ideo
2373 3712 2510 3768 dicit
2537 3711 2589 3766 ei
2618 3729 2632 3765 :
2664 3710 2825 3775 Quid,
2864 3709 3003 3780 quod
3046 3709 3181 3762 dixit
3208 3707 3353 3761 Deus
3383 3723 3400 3760 :
3427 3705 3506 3760 Ne
3547 3723 3636 3760 co-

2049 3807 2270 3862 medatis
2295 3821 2358 3860 ex
2380 3804 2524 3859 omni
2549 3803 2688 3874 ligno
2711 3801 2852 3874 quod
2879 3803 3029 3856 estin
3063 3800 3358 3872 paradiso?
3383 3798 3521 3853 Hinc
3543 3806 3630 3853 est

2047 3899 2402 3969 perspicuum
2433 3895 2579 3966 quod
2617 3905 2744 3949 aute
2775 3908 2994 3948 omnem
3038 3906 3218 3957 esum,
3257 3891 3374 3946 haec
3405 3903 3638 3959 serpens
3703 3931 3711 3938 .

2046 3989 2377 4059 loquebatur
2405 4001 2532 4040 cum
2565 3983 2815 4044 muliere.
2842 3983 2960 4037 Hoc
2988 3991 3093 4045 est,
3123 3996 3247 4035 cum
3273 3981 3462 4051 jejuna
3485 3985 3636 4034 esset

2047 4081 2291 4138 Ecclesia
2323 4079 2394 4134 ab
2435 4078 2584 4134 omni
2617 4085 2846 4148 peccato
2892 4085 2949 4131 et
2981 4073 3292 4130 idololatria
3323 4091 3338 4128 :
3369 4087 3494 4126 cum
3524 4087 3634 4142 qua

2049 4182 2309 4244 tanquam
2360 4187 2486 4228 cum
2529 4155 2761 4226 muliere
2813 4171 2995 4239 aliqua
3046 4169 3102 4222 in
3153 4166 3313 4222 initio
3357 4166 3636 4236 malignus

2047 4279 2278 4340 serpens
2305 4271 2361 4318 et
2389 4261 2557 4316 draco
2585 4260 2732 4315 delet
2747 4269 2834 4314 tor
2864 4259 3051 4314 dolose
3085 4258 3366 4312 disserens
3390 4264 3446 4310 et
3465 4255 3637 4310 collo-

2046 4373 2243 4428 quens,
2277 4365 2334 4410 et
2363 4354 2432 4409 ad
2475 4353 2706 4423 impium
2739 4352 2944 4406 multos
2979 4351 3114 4406 deos
3139 4347 3357 4404 colendi
3384 4361 3635 4402 errorem

2045 4452 2239 4506 volens
2262 4449 2546 4513 seducere,
2571 4447 2791 4503 dicebat
2814 4447 3043 4515 quinam
3069 4445 3180 4499 sint
3203 4443 3240 4497 ii
3265 4443 3358 4512 qui
3386 4441 3442 4495 in
3473 4440 3636 4494 initio

2049 4545 2230 4614 ipsum
2261 4542 2462 4595 malum
2495 4541 2797 4595 daemonem
2843 4538 3164 4598 adorarunt,
3199 4542 3255 4589 et
3282 4535 3456 4588 Deum
3503 4531 3635 4587 reli-

2045 4642 2306 4706 querunt.
2335 4632 2473 4699 Quid
2504 4631 2652 4701 quod
2683 4630 2822 4683 dixit
2848 4629 3002 4682 vobis
3042 4630 3186 4682 Deus
3218 4642 3288 4680 ne
3330 4625 3636 4680 comedatis

2041 4741 2110 4781 ex
2152 4724 2301 4778 omni
2334 4723 2480 4792 ligno
2513 4721 2658 4792 quod
2689 4728 2776 4776 est
2807 4720 2861 4774 in
2895 4717 3189 4788 paradiso?
3236 4717 3350 4770 Hoc
3398 4723 3484 4769 est
3511 4732 3526 4768 :
3555 4715 3634 4769 Ne

2044 4815 2286 4870 adoretis
2313 4829 2505 4869 omnes
2532 4823 2818 4868 creaturas
2846 4821 2900 4866 et
2930 4827 3039 4873 me,
3074 4809 3168 4864 sed
3203 4809 3253 4862 ei
3301 4807 3403 4862 soli
3441 4815 3630 4861 osten-

2045 4906 2189 4960 datis
2222 4905 2604 4960 adorationem
2635 4913 2693 4958 et
2729 4904 2960 4977 cultum.

2119 4996 2329 5051 Deinde
2373 5011 2498 5050 eum
2537 4995 2769 5049 dixisset
2815 4993 3014 5048 mulier
3065 5009 3078 5044 :
3127 4990 3201 5044 De
3243 4990 3388 5044 omni
3425 4987 3631 5056 quidem

2047 5086 2190 5153 liquo
2219 5086 2359 5156 quod
2386 5097 2460 5140 est
2493 5087 2544 5139 in
2581 5086 2837 5154 paradiso
2871 5085 3212 5146 comedimus,
3236 5083 3300 5135 de
3329 5083 3504 5152 [ructu
3532 5097 3632 5134 au-

2049 5191 2153 5234 tem
2190 5180 2318 5248 ligni
2357 5179 2486 5232 dixit
2526 5177 2658 5232 Deus
2687 5194 2750 5230 ne
2791 5176 3062 5236 comrdite,
3109 5191 3272 5244 neque
3305 5175 3476 5244 ipsum
3509 5181 3632 5225 tan-

2044 5272 2150 5340 gite
2177 5288 2240 5323 ne
2265 5270 2589 5330 moriemini,
2620 5268 2898 5338 quomodo
2932 5268 3202 5338 malignus
3233 5267 3324 5320 ille
3363 5277 3450 5320 est
3489 5281 3635 5319 rnor-

2046 5369 2193 5414 tuus.
2226 5359 2306 5413 Ad
2357 5358 2471 5412 lucc
2518 5357 2814 5426 respondet
2859 5356 3090 5425 callidus
3123 5371 3350 5426 serpens
3391 5355 3582 5410 dicens
3616 5371 3630 5385 °

2046 5449 2212 5520 912
2244 5449 2412 5504 Morte
2456 5465 2561 5502 non
2595 5445 2914 5508 moriemini,
2941 5447 3135 5500 sciebat
3181 5446 3328 5501 enim
3363 5445 3499 5499 Deus
3529 5462 3632 5512 quo

2047 5542 2131 5593 die
2154 5556 2216 5593 ex.
2246 5557 2304 5593 co
2329 5539 2677 5600 comcdcritis,
2707 5547 2760 5592 et
2797 5554 2884 5593 mc
2913 5537 3298 5600 udoraverilis,
3325 5541 3630 5607 aperientur

2047 5633 2204 5685 vestri
2237 5629 2374 5684 oculi
2399 5642 2495 5700 per
2530 5646 2636 5693 me,
2665 5639 2712 5682 et
2739 5631 2884 5682 eritis
2915 5638 3166 5697 tauquam
3203 5631 3276 5682 dii
3331 5631 3470 5684 sicut
3510 5643 3627 5680 sum

2340 5814 2374 5842 ’τ
2413 5812 2544 5866 ibid.
2584 5812 2672 5865 229..
2753 5813 2790 5840 "
2821 5814 2954 5866 (ξι-ιι.
2993 5827 3126 5874 \ttt,
3175 5813 3349 5867 lli-lci.
