4098 6424
549 333 692 402 1019

1759 343 1821 408 8.
1859 342 1961 406 AN
1963 345 2144 407 ASTA
2154 345 2258 406 SII
2297 345 2628 412 SINAITE

3663 343 3808 410 1020

543 464 682 523 ego,
727 459 1089 524 cognoscentes
1134 439 1341 509 bonum.
1384 462 1435 511 et
1477 457 1696 513 malum.
1751 458 1924 514 Audis
1954 477 1967 512 :
2003 457 2124 514 Non
2153 467 2197 520 Δ
2228 461 2554 533 increpavit,
2587 479 2698 519 non
2743 463 3120 535 exprobravit,
3148 477 3264 520 non
3297 461 3632 520 contumelia
3670 459 3813 539 εσθαι

544 543 688 600 dixit
717 543 970 601 diabolus
1001 563 1015 599 :
1045 538 1210 602 Eritis
1243 549 1379 602 sicut
1409 548 1568 615 Deus,
1604 550 1700 606 sed
1727 551 1862 606 sicut
1895 552 1991 617 dii,
2025 567 2124 608 eos

547 633 754 692 docens
791 644 849 692 et
882 636 1153 694 inducens
1197 637 1265 692 ad
1312 655 1560 699 errorem
1608 643 1790 699 cultus
1822 643 2126 700 multorum

547 727 799 782 deorum.
852 727 1009 784 Unde
1057 731 1221 785 etiam
1270 731 1350 786 eis
1389 732 1561 788 Deum
1610 743 1834 790 accusat
1880 735 2122 794 invidiae.

551 816 754 882 Vobis,
792 819 992 890 inquit,
1037 820 1279 888 invidet,
1317 837 1385 878 ne
1428 839 1528 878 vos
1567 839 1788 896 quoque
1810 825 2125 882 eﬂiciamini

549 905 691 962 sicut
718 907 856 978 ipse,
891 909 968 964 dii
1013 921 1406 981 cognoscentes
1436 915 1618 969 omnia
1647 933 1665 969 :~
1693 924 1750 970 et
1791 916 1916 974 ideo
1959 919 2128 990 jussit

551 998 708 1054 vobis
737 1015 807 1056 ne
834 1000 1137 1056 comedatis
1165 1001 1233 1056 de
1265 1003 1383 1073 ipso
1425 1004 1607 1060 fructu
1645 1021 1788 1073 meo,
1819 1023 2000 1079 neque
2037 1026 2126 1068 me

551 1091 806 1161 tangatis,
835 1107 1016 1161 neque
1058 1107 1143 1148 me
1173 1093 1438 1150 adoretis.
1467 1089 1532 1150 Ei
1568 1097 1717 1152 enim
1751 1100 1845 1170 qui
1883 1117 1970 1157 me
1994 1103 2128 1158 ado-

551 1189 656 1244 rat,
683 1180 752 1235 de
773 1182 1086 1250 cognitione
1118 1185 1388 1240 bonorum
1413 1198 1470 1241 et
1492 1190 1762 1246 malorum
1807 1193 1878 1248 do
1905 1196 2128 1264 sapien-

552 1273 682 1328 tiam
715 1273 1052 1338 inferiorem,
1087 1279 1460 1348 astrologiam,
1505 1281 1926 1348 divinationem,
1960 1302 2128 1344 vene.

550 1361 754 1428 licium,
797 1365 1202 1433 prredictioues,
1237 1371 1716 1441 prtecognitiones,
1749 1376 2127 1449 prodigiorum

545 1452 888 1520 ell'ectiones,
926 1457 1346 1526 incantationes,
1392 1462 1696 1520 bestiarum
1730 1467 2124 1539 obedientiam,

545 1546 834 1602 volucrum
884 1549 1283 1616 ministerium,
1334 1555 1716 1624 jumentorum
1772 1561 2130 1618 transforma-

546 1639 748 1704 tiones,
779 1654 966 1694 rerum
1015 1641 1334 1698 sublimium
1369 1649 1756 1716 scrutationes,
1793 1650 1934 1721 ignis
1979 1651 2129 1724 deje-

545 1729 804 1793 ctionem,
839 1726 1148 1800 pedestrem
1199 1750 1449 1806 gressum
1490 1753 1658 1809 super
1703 1755 1894 1811 aquas,
1942 1743 2125 1815 abyssi

2231 554 2328 618 cit,
2357 569 2468 610 non
2494 555 2694 626 repulit
2722 575 2736 610 :
2764 557 2859 614 sed
2884 573 3012 614 cum
3040 559 3110 614 ab
3131 573 3218 620 ea,
3245 557 3333 612 vel
3362 555 3544 627 potius
3570 569 3669 623 pro
3693 554 3814 624 ipsa

2231 646 2536 717 accepisset
2562 647 2806 705 fructum
2849 651 3006 721 ligni,
3035 663 3289 720 prompto
3318 656 3374 703 et
3415 646 3586 705 alacri
3623 645 3814 700 animo

2230 753 2358 794 cum
2375 738 2636 810 gustavit.
2655 737 2915 796 Fructum
2933 741 3069 812 ligni
3087 739 3331 810 intellige
3351 747 3588 794 mortem
3602 733 3813 792 Christi

2232 828 2289 884 in
2320 845 2486 886 cruce
2526 847 2540 884 :
2575 846 2738 900 quam
2771 847 2870 902 pro
2901 832 3169 896 Ecclesia,
3206 838 3464 901 tanquam
3492 842 3596 900 pro
3640 839 3818 882 uxore

2232 935 2331 974 sua
2362 921 2432 976 ab
2471 921 2589 992 ipsa
2623 921 2858 994 accepit,
2886 930 2944 978 et
2973 921 3159 988 triduo
3187 921 3446 994 gustavit,
3474 929 3537 975 ut
3569 933 3669 988 pro
3690 931 3817 974 om-

2231 1014 2396 1070 nibus
2424 1023 2672 1085 gustaret
2706 1025 2968 1082 mortem,
2994 1023 3364 1087 congruenter
3393 1013 3518 1068 voci
3555 1011 3715 1068 Pauli
3746 1009 3814 1066 “.

2231 1104 2406 1172 Quam
2437 1107 2661 1177 quidem
2704 1115 2938 1164 mortem
2967 1109 3239 1164 et‘cihum
3269 1108 3432 1164 tacite
3463 1102 3820 1175 signiﬁcabat

2231 1195 2367 1251 illud
2396 1205 2611 1252 acetum
2643 1206 2700 1254 et
2724 1197 2794 1252 fel
2821 1197 2969 1270 quod
3004 1198 3059 1253 in
3083 1199 3248 1253 horto
3280 1207 3334 1252 et
3365 1196 3516 1264 ligno
3540 1191 3817 1264 Colgotha

2231 1287 2472 1356 gustavit
2502 1288 2596 1359 qui
2643 1287 2701 1344 in
2732 1289 2990 1344 omnibus
3031 1287 3100 1343 ad
3147 1287 3572 1344 similitudinem
3617 1283 3815 1340 Adami

2231 1377 2410 1434 factus
2432 1388 2519 1434 est
2557 1388 2756 1450 praeter
2781 1381 2958 1436 solum
3001 1391 3311 1452 peccatum.
3342 1379 3400 1436 Si
3433 1378 3582 1434 enim
3627 1377 3814 1430 omnia

2232 1476 2420 1522 nostra
2441 1467 2509 1522 ad
2543 1468 2966 1525 similitudinem
3009 1469 3170 1525 Jesus
3199 1484 3297 1523 sua
3326 1477 3526 1538 sponte
3569 1464 3675 1520 sibi
3717 1479 3812 1520 ac-

2233 1557 2624 1625 commodavit,
2639 1569 2724 1614 est
2739 1560 2962 1614 omnino
2978 1560 3328 1630 perspicuum
3343 1557 3489 1630 quod
3509 1557 3810 1612 tentatione

2233 1665 2452 1721 quoque
2483 1666 2648 1721 quam
2675 1666 2706 1704 a
2729 1649 2951 1708 diabolo
2981 1651 3166 1706 statim
3198 1657 3323 1720 post
3348 1649 3684 1720 baptismum
3713 1661 3809 1701 vo-

2236 1741 2471 1798 luntarie
2515 1741 2782 1813 suscepit,
2807 1741 2875 1798 ad
2903 1741 3322 1798 similitudinem
3349 1740 3544 1797 Adami
3571 1747 3812 1796 tentatus

544 1822 1068 1890 considerationem,
1101 1837 1422 1897 serpentum
1459 1830 1966 1902 interemptionem,
2002 1811 2126 1892 t‘he-
2165 1811 2206 1866 Β
2231 1845 2316 1890 est
2338 1835 2758 1891 intentabiliter.
2781 1834 2920 1890 Vide
2946 1833 3094 1890 enim
3122 1833 3178 1888 in
3206 1834 3459 1902 utrisque
3486 1847 3676 1886 rerum
3702 1831 3806 1886 sibi

545 1923 834 1963 saurorum
863 1912 1278 1970 revelationem.
1312 1916 1410 1972 His
1437 1926 1492 1972 et
1515 1917 1786 1989 ejusmodi
1814 1922 1939 1978 aliis
1966 1924 2127 1980 mnu-

545 1999 906 2057 merabilibus
949 2004 1416 2073 promissionibus
1448 2025 1574 2064 cum
1622 2012 1888 2069 molestus
1932 2015 2128 2072 fuisset

546 2091 768 2145 mulieri
807 2094 949 2162 (quae
994 2095 1550 2170 dicebatur),nempe
1599 2114 1810 2160 natura;
1847 2106 2123 2174 humanae,

545 2181 850 2238 sceleratus
883 2199 1150 2254 serpens:
1177 2189 1428 2257 plurimis
1471 2193 1633 2248 annis
1675 2195 1726 2251 ei
1761 2199 2037 2266 persuasit
2071 2207 2128 2255 et

544 2270 830 2328 inclinavit
861 2283 922 2329 ut
955 2291 985 2330 a
1025 2273 1136 2332 Deo
1164 2279 1425 2337 deficeret
1453 2291 1508 2338 et
1532 2283 1712 2354 ipsum
1738 2287 1969 2344 coleret.
1995 2290 2128 2347 Ideo

543 2360 679 2417 dicit
706 2381 720 2417 :
748 2363 818 2418 Et
845 2367 972 2420 vidit
1005 2369 1197 2424 mulier
1228 2372 1369 2443 quod
1396 2373 1589 2430 bonum
1631 2385 1762 2432 esset
1807 2378 2012 2451 lignum
2057 2383 2129 2438 ad

547 2454 936 2511 comedendum.
965 2457 1145 2525 Quare
1175 2473 1394 2532 apertos
1423 2465 1616 2522 habuit
1645 2470 1855 2536 oculos,
1885 2481 1941 2526 et
1977 2487 2130 2530 ama-

539 2545 624 2600 vit
654 2546 839 2600 cibum
875 2565 970 2604 seu
1017 2562 1258 2622 gustum,
1290 2556 1437 2624 quod
1471 2557 1678 2614 bonum
1727 2571 1874 2617 esset
1914 2563 2126 2634 lignum

539 2637 611 2693 ad
636 2639 1036 2696 comedendum
1071 2662 1084 2697 :
1116 2647 1296 2702 omnis
1323 2649 1472 2704 enim
1500 2650 1663 2706 cibus
1695 2655 2046 2724 cognoscitur
2069 2663 2127 2712 et

542 2729 816 2798 probatur
868 2747 968 2800 per
1013 2745 1254 2804 gustum.
1307 2738 1676 2804 Quamobrem
1728 2743 1860 2798 hinc
1903 2759 2127 2814 quoque

548 2834 736 2874 rursus
759 2822 1086 2879 refelluntur
1107 2827 1200 2896 qui
1225 2829 1540 2886 existimant
1571 2833 1688 2889 haec
1720 2834 1827 2891 dici
1856 2837 2031 2892 solum
2057 2837 2127 2891 ad

546 2908 785 2965 litteram
815 2930 828 2965 :
859 2913 925 2966 Et
955 2913 1084 2969 vidit
1117 2917 1310 2972 mulier
1342 2923 1480 2983 quod
1518 2923 1711 2978 bonum
1750 2936 1881 2981 esset
1925 2927 2128 2996 lignum

550 3000 620 3053 ad
640 3004 1032 3069 comedendum,
1071 3016 1121 3061 et
1139 3009 1434 3079 jucundum
1461 3015 1626 3070 oculis
1655 3018 1725 3070 ad
1751 3020 2051 3087 videndum,
2079 3029 2130 3078 et

547 3091 824 3166 pulchrum
875 3097 946 3150 ad
986 3101 1449 3158 considerandum.
1485 3107 1620 3161 Nam
1653 3109 1798 3180 quod
1831 3111 1899 3166 ad
1931 3127 2130 3184 corpo-

544 3184 714 3240 ralem
748 3187 970 3255 quidem
1007 3191 1303 3249 dictionem
1337 3198 1537 3254 attinet
1564 3215 1686 3270 qure
1723 3211 1808 3258 est
1837 3205 1892 3259 in
1937 3221 2125 3276 prom-

543 3285 665 3346 ptu,
723 3279 901 3334 visum
949 3291 1033 3336 est
1081 3285 1410 3353 quibusdam
1463 3289 1650 3348 dicere
1697 3294 1844 3363 quod
1892 3295 2125 3356 formam

541 3366 838 3432 quamdam
867 3385 1030 3439 supra
1062 3375 1282 3430 modum
1313 3378 1654 3446 splendidam
1685 3391 1740 3438 et
1762 3393 1986 3455 stupore
2013 3388 2128 3458 ple-

545 3470 671 3510 nam
707 3460 923 3514 mulieri
960 3462 1225 3520 iudicavit
1265 3469 1536 3541 malignus
1578 3477 1798 3544 quando
1831 3495 1950 3534 eam
1993 3482 2128 3537 allo-

543 3548 840 3616 quohatur,
877 3555 1107 3622 seipsum
1159 3559 1552 3630 transﬁgurans
1595 3566 1647 3618 in
1693 3567 1940 3636 angelum
1974 3569 2126 3637 lucis,

545 3646 607 3692 ut
638 3639 770 3693 dicit
797 3640 1092 3711 Apostolus
1127 3648 1190 3711 ¹⁸,
1223 3651 1452 3718 perinde
1485 3669 1549 3707 ac
1575 3654 1618 3710 si
1657 3655 1869 3714 diceret
1897 3678 1910 3714 :
1937 3661 1994 3715 ln
2027 3663 2129 3719 hac

546 3725 720 3782 forma
753 3740 810 3783 et
841 3733 1011 3800 gloria
1042 3736 1196 3792 eritis
1226 3738 1370 3795 sicut
1401 3739 1501 3806 dii,
1531 3743 1576 3797 si
1626 3743 1840 3802 fructus
1870 3751 1977 3803 mei
2005 3751 2130 3807 fue-

545 3819 671 3874 ritis
700 3823 1017 3892 participes.
1050 3827 1118 3882 Et
1143 3828 1247 3884 hac
1271 3830 1340 3886 de
1368 3847 1554 3898 causa,
1585 3835 1784 3908 inquit,
1809 3840 2020 3896 dictum
2045 3851 2130 3899 est

544 3907 682 3963 iilud
729 3929 742 3964 :
792 3911 862 3968 Et
906 3917 1034 3969 vidit
1069 3919 1258 3972 mulier
1301 3921 1498 3993 lignum
1547 3907 1687 3998 quod
1720 3930 2017 3999 jucundum
2053 3943 2129 3988 est

545 4000 708 4056 oculis
741 4004 810 4056 ad
841 4007 1140 4072 videndum,
1175 4020 1224 4063 et
1249 4013 1526 4082 pulchrum
1555 4019 1627 4072 ad
1656 4023 2129 4092 considerandum;

543 4103 614 4142 an
649 4099 832 4144 autem
869 4093 984 4150 haec
1016 4097 1087 4151 ita
1121 4098 1380 4164 habeant,
1413 4099 1523 4159 non
1554 4106 1731 4162 habeo
1757 4111 1889 4180 quid
1927 4113 2128 4170 dicam.

551 4180 622 4236 Et
653 4185 909 4252 accipiens
938 4187 1001 4239 de
1033 4188 1207 4258 fructu
1236 4193 1410 4262 ipsum
1444 4197 1683 4262 comedit,
1712 4209 1763 4254 et
1797 4204 1939 4258 dedit
1967 4208 2130 4262 etiam

544 4273 662 4326 viro
706 4291 822 4335 suo,
853 4284 900 4329 et
940 4282 1184 4336 comedit.
1234 4283 1398 4354 Atqui
1446 4289 1691 4344 nondum
1728 4305 1846 4349 erat
1876 4297 1958 4350 vir
1985 4299 2126 4369 ejus,

547 4377 728 4434 neque
757 4367 872 4436 ipsa
900 4372 1018 4441 ejus
1041 4375 1258 4432 mulier.
1280 4377 1392 4433 Cur
1417 4391 1600 4436 autem
1628 4400 1738 4439 non
1771 4389 1932 4443 ambo
1963 4367 2126 4448 simul

2227 1939 2294 1982 ex
2341 1923 2574 1980 adverso
2620 1923 3022 1994 respondentes
3067 1921 3404 1978 imitationes
3445 1929 3502 1978 et
3537 1919 3808 1994 exempla,

2226 2013 2332 2070 hoc
2361 2023 2413 2069 te
2442 2022 2632 2083 aperte
2673 2013 2953 2079 decentia,
2987 2021 3044 2068 et
3077 2011 3226 2083 quod
3261 2011 3541 2081 quomodo
3571 2007 3805 2080 priorem

2224 2103 2493 2160 Adamum
2529 2120 2630 2174 per
2651 2103 2818 2158 Evam
2841 2104 3168 2158 adhortatus
3197 2109 3281 2158 est
3309 2101 3377 2156 ad
3403 2101 3802 2156 idololatriam:

2226 2196 2300 2252 ita
2325 2197 2492 2253 etiam
2525 2195 2768 2252 secundo
2793 2195 3003 2251 Adamo
3032 2208 3133 2264 per
3162 2209 3406 2258 carnem,
3439 2208 3657 2248 causam
3681 2192 3804 2263 qui-

2225 2285 2348 2342 dem
2382 2286 2628 2342 admovit
2672 2294 2728 2340 et
2773 2283 3160 2355 irruptionem,
3195 2281 3290 2338 sed
3322 2297 3552 2352 scopum
3582 2298 3687 2336 non
3720 2289 3804 2336 at-

2225 2381 2367 2452 tigit.
2400 2379 2480 2435 Ad
2511 2361 2640 2434 eum
2689 2385 2876 2432 autem
2910 2379 3005 2448 qui
3045 2375 3378 2433 contradicit
3421 2373 3799 2439 refellendum,

2224 2470 2426 2527 sullicit
2445 2485 2630 2526 rerum
2655 2471 2882 2536 veritas,
2909 2485 3034 2539 quae
3058 2469 3168 2524 hoc
3189 2469 3354 2523 modo
3383 2483 3440 2525 se
3459 2467 3644 2529 habet.
3667 2467 3805 2523 Cum

2223 2557 2462 2627 primum
2507 2557 2657 2611 enim
2705 2565 3000 2628 generatus
3041 2555 3148 2612 fuit
3201 2556 3410 2626 primus
3443 2555 3639 2621 Adam,
3711 2573 3807 2626 per

2225 2648 2474 2719 conjugis
2497 2647 2616 2718 ejus
2639 2656 2847 2702 costam
2881 2646 3100 2718 (nempe
3139 2645 3332 2716 Evam)
3362 2661 3488 2700 eum
3520 2661 3806 2718 aggressus

2225 2744 2311 2792 est
2342 2736 2530 2801 Satan,
2558 2744 2614 2792 et
2643 2751 2768 2791 cum
2799 2736 3041 2806 primum
3073 2732 3354 2790 secundus
3381 2735 3556 2790 Adam
3591 2741 3804 2806 (nempe

2227 2829 2506 2899 Christus)
2549 2843 2731 2882 veram
2780 2827 3026 2883 ostendit
3071 2825 3544 2897 regenerationem
3591 2827 3680 2882 sui
3711 2826 3804 2882 ba-

2229 2922 2506 2992 ptismatis
2539 2937 2638 2992 per
2661 2935 2818 2976 suam
2848 2919 3160 2991 conjugem,
3187 2934 3315 2974 eum
3349 2927 3562 2975 tentare
3591 2933 3804 2992 aggres-

2229 3029 2324 3070 sus
2349 3023 2434 3070 est
2463 3021 2720 3069 tentator.

2303 3107 2522 3163 Primus
2553 3107 2958 3174 Adamhabuit
2983 3107 3081 3165 Dei
3117 3105 3576 3172 insumationem;
3613 3118 3806 3160 secul-

2229 3199 2354 3264 dus,
2380 3199 2648 3270 Spiritum
2679 3215 2746 3255 ex
2775 3200 2936 3256 coelo.
2959 3199 3178 3255 Rursus
3207 3199 3260 3252 in
3285 3197 3470 3252 medio
3499 3197 3804 3268 plantarum

2224 3292 2328 3348 fuit
2377 3293 2614 3346 tentatio
2661 3292 2856 3347 Adami
2905 3293 2962 3347 in
3011 3291 3162 3347 fonte
3208 3289 3379 3346 Edem
3414 3295 3515 3343 :et
3565 3287 3802 3344 secunda

2225 3383 2482 3449 tentatio,
2535 3383 2591 3438 in
2639 3393 2828 3438 monte
2874 3382 3156 3439 Olivarum
3209 3381 3264 3438 in
3309 3379 3496 3436 medio
3543 3381 3802 3435 arborum

2225 3473 2448 3531 Christo
2497 3483 2582 3530 est
2623 3475 2871 3530 exhibita
2921 3473 3168 3545 surgenti
3216 3489 3283 3528 ex
3329 3471 3482 3527 fonte
3530 3470 3801 3527 Iordanis.

2225 3564 2446 3620 Primus
2488 3564 2656 3619 homo
2687 3571 2929 3620 tentatus
2961 3573 3046 3619 est
3080 3578 3206 3619 cum
3233 3571 3380 3618 esset
3413 3561 3472 3615 in
3501 3560 3686 3615 medio
3713 3561 3796 3614 be-

2228 3658 2458 3712 stiarum
2487 3673 2500 3710 :
2523 3656 2778 3711 similiter
2797 3657 2965 3710 etiam
2993 3655 3060 3710 de
3085 3655 3306 3711 Christo
3329 3653 3470 3711 dixit
3501 3653 3716 3708 Marcus
3739 3651 3797 3716 ",

2228 3749 2375 3821 quod
2401 3758 2522 3805 erat
2555 3765 2677 3805 cum
2715 3749 2909 3805 bestiis
2952 3749 3010 3804 in
3039 3747 3259 3804 deserto
3294 3757 3560 3804 tentatus.
3586 3747 3720 3804 Cum
3747 3747 3798 3801 in

2228 3843 2486 3916 paradiso
2503 3843 2778 3914 jejunaret
2806 3849 2862 3896 et
2889 3841 3027 3896 nihil
3052 3841 3234 3896 adhuc
3261 3838 3596 3896 comedisset
3624 3839 3796 3900 homo,

2235 3932 2492 3988 diabolus
2538 3948 2636 4003 per
2679 3931 2866 3988 cibum
2903 3931 3154 3986 exercuit
3189 3929 3550 3984 tentationem
3579 3946 3592 3982 :
3620 3927 3801 3984 simili-

2231 4033 2316 4080 ter
2343 4025 2508 4080 etiam
2541 4024 2607 4078 ad
2641 4022 2923 4080 Christum
2957 4037 3080 4077 cum
3104 4023 3410 4092 jejunasset
3453 4021 3797 4092 quadraginta

2232 4117 2372 4182 dies,
2419 4131 2520 4186 per
2549 4116 2736 4170 cibum
2780 4115 3015 4171 accessit
3047 4113 3321 4186 malignus
3363 4113 3558 4168 dicens
3586 4131 3599 4166 :
3629 4111 3716 4166 Dic
3741 4116 3794 4162 ut

2235 4207 2434 4278 lapides
2461 4207 2548 4261 isti
2577 4223 2738 4277 panes
2766 4205 2904 4274 ﬁant
2936 4207 2999 4260 ".
3027 4206 3146 4260 Illic
3173 4205 3311 4260 dixit
3343 4220 3574 4275 serpens
3603 4223 3615 4256 :
3648 4202 3797 4257 Eritis

2231 4303 2364 4357 sicut
2398 4301 2504 4367 dii,-
2533 4311 2588 4356 et
2615 4301 2748 4354 huic
2773 4299 2911 4354 dixit
2943 4299 3028 4356 :Si
3045 4297 3210 4354 Filius
3242 4296 3338 4350 Dei
3363 4313 3436 4362 es,
3470 4297 3586 4362 dic;
3613 4295 3724 4350 haec
3749 4301 3802 4346 et

2233 4393 2344 4448 illa.
2397 4393 2581 4448 Prima
2635 4391 2868 4447 tentatio
2919 4389 3024 4444 fuit
3076 4404 3172 4459 per
3221 4387 3710 4458 interrogationem
3752 4389 3800 4436 et

547 4455 930 4524 cm‘nedertmt,
964 4463 1060 4516 sed
1105 4466 1304 4522 mulier
1335 4470 1572 4538 primum
1602 4491 1614 4527 :
1645 4475 1844 4534 deinde
1876 4479 1961 4533 vir
2003 4497 2127 4537 cum
2165 4497 2207 4550 υ
2235 4485 2542 4542 contrarias
2570 4483 2912 4554 objectiones
2955 4497 2986 4536 a
3028 4480 3262 4535 muliere
3295 4487 3351 4534 et
3396 4487 3658 4548 serpente
3689 4494 3702 4529 :
3736 4475 3802 4528 si-

552 4545 619 4601 εἴ)
647 4563 710 4602 ea
741 4554 1064 4620 accepisset.
1099 4567 1155 4612 et
1198 4575 1305 4614 non
1339 4565 1688 4630 contradixit,
1725 4585 1904 4641 neque
1945 4575 2137 4630 exela-
2166 4545 2198 4550 —
2231 4579 2438 4634 militer
2463 4577 2628 4634 etiam
2661 4575 2879 4632 Domini
2913 4573 3144 4628 tentatio
3169 4579 3359 4628 secuta
3416 4579 3502 4626 est
3531 4567 3805 4625 contradi-

547 4641 738 4697 mavit.
771 4658 948 4714 neque
981 4651 1206 4706 omnino
1251 4653 1306 4708 in
1356 4670 1476 4710 eam
1526 4659 1848 4726 infremuit,
1898 4671 1959 4719 ut
2009 4682 2132 4736 quae

546 4747 658 4788 non
705 4735 1010 4794 obediisset
1038 4743 1294 4800 mandato
1326 4747 1461 4802 Dei?
1491 4748 1614 4806 Haec
1649 4769 1782 4824 ergo
1812 4755 1918 4812 hoc
1967 4735 2130 4814 modo

546 4839 608 4880 se
638 4825 866 4883 habent.

617 4916 888 4975 Convenit
929 4939 1062 4995 ergo
1089 4929 1362 5002 malignus
1398 4931 1610 4988 dzemon
1647 4935 1886 5005 primum
1937 4938 2128 4994 Eccle—

547 5008 685 5062 siam
719 5027 732 5064 :
761 5013 1008 5068 molestia
1039 5017 1242 5086 affecit,
1287 5023 1582 5090 persuasit,
1630 5023 1868 5094 decepit,
1915 5028 2130 5095 accepit

547 5109 604 5154 et
646 5105 1066 5172 comprehendit
1099 5108 1334 5166 fructum
1377 5115 1507 5168 mali
1539 5131 1686 5180 esus,
1719 5117 1974 5172 adoravit
2007 5135 2126 5174 ma-

547 5187 756 5259 lignum
807 5199 1064 5264 tanquam
1115 5199 1322 5268 Deum;
1357 5201 1558 5258 deinde
1603 5221 1729 5259 cum
1779 5207 2130 5276 comedisset,

551 5297 772 5340 reversa
802 5297 886 5343 est
931 5291 999 5344 ad
1046 5293 1246 5358 virum,
1283 5297 1495 5354 dimisit
1538 5311 1870 5371 serpentem.
1901 5301 2038 5359 Cum
2067 5319 2132 5359 ea

547 5389 681 5445 ergo
711 5388 858 5434 recte
889 5391 1037 5438 esset
1083 5401 1300 5443 reversa
1349 5391 1417 5446 ad
1461 5408 1587 5446 eum
1629 5410 1792 5463 quem
1827 5397 1968 5451 male
1997 5397 2098 5452 reli

546 5476 768 5534 querat,
805 5471 888 5524 vir
917 5489 1034 5528 eant
1078 5481 1294 5548 excepit
1345 5497 1508 5550 quam
1553 5483 1711 5539 valde
1742 5487 2042 5556 quaerebat,
2077 5499 2133 5542 et

547 5571 808 5628 tanquam
835 5565 1113 5638 prodigam
1139 5573 1507 5641 excepit.Non
1531 5585 1614 5630 est
1633 5588 1988 5648 conquestus,
2021 5597 2128 5635 non

627 5745 671 5776 ³³
696 5743 737 5796 ll
767 5744 894 5799 Cur.
929 5764 1000 5815 xl,
1035 5751 1113 5806 il.

1197 5755 1236 5786 "'
1268 5755 1432 5812 ll.-hr.
1467 5775 1524 5826 ιι,
1559 5761 1610 5816 τ).
1693 5762 1733 5792 ¹³
1765 5761 1930 5817 ilarc-
1969 5779 2002 5830 ιι
2042 5762 2121 5816 i5-

2204 5763 2244 5790 ”
2275 5760 2464 5816 Matth.
2496 5777 2568 5829 tv,
2607 5761 2658 5816 5.

2234 4671 2416 4727 ctorie
2447 4669 2594 4724 inter
2625 4669 2808 4740 ipsum
2841 4675 2896 4722 et
2930 4666 3228 4732 malignum
3253 4663 3581 4718 daemonem.
3621 4661 3674 4716 Si
3697 4660 3804 4761 haec

2229 4777 2360 4833 ergo
2403 4761 2590 4816 omnia
2634 4759 2872 4814 similem
2927 4758 3133 4812 habent
3163 4763 3352 4826 typum
3387 4761 3444 4808 et
3482 4754 3707 4854 figuram
3753 4754 3804 4802 in

2227 4854 2409 4924 primo
2442 4852 2650 4907 Adamo
2683 4859 2738 4906 et
2761 4851 2816 4932 in
2859 4849 3102 4905 Christo.
3139 4849 3207 4904 de
3235 4856 3437 4902 caetero
3469 4861 3540 4900 ne
3567 4844 3806 4934 dubites,

2234 4944 2332 4999 sed
2373 4953 2527 4999 certo
2562 4943 2704 4998 scias
2727 4927 2876 5013 quod
2914 4942 2967 4996 id
2993 4941 3138 5012 quod
3163 4939 3386 4994 Christo
3411 4947 3498 4993 est
3525 4927 3808 4992 obloculus

2207 5033 2448 5101 ,dicens,
2474 5042 2535 5088 ut
2561 5031 2765 5088 cadens
2792 5031 3046 5086 adoraret
3077 5031 3253 5100 ipsum
3289 5028 3590 5098 malignum
3625 5026 3810 5081 draco-

2235 5137 2364 5176 nem
2393 5121 2437 5152 "
2463 5141 2476 5175 :
2505 5120 2612 5178 hoc
2632 5128 2753 5176 erat
2779 5119 2924 5191 quod
2950 5119 3236 5174 mulierem
3261 5116 3565 5173 Ecclesiam
3593 5115 3646 5170 in
3668 5113 3810 5184 prin-

2235 5211 2397 5281 cipio
2416 5221 2501 5266 est
2529 5212 2788 5275 adortus,
2835 5218 2892 5266 et
2931 5210 3243 5281 persuasit,
3278 5218 3336 5263 et
3383 5205 3621 5274 decepit.
3661 5200 3809 5260 Unde

2231 5304 2398 5360 etiam
2417 5320 2540 5360 cum
2565 5304 2784 5374 probris
2799 5302 3078 5356 hominem
3109 5298 3663 5392 inseetareturDeus,
3676 5299 3809 5392 post-

2233 5409 2398 5464 quam
2433 5407 2562 5448 eum
2609 5391 2792 5446 induit
2835 5391 3020 5445 tunica
3069 5389 3318 5460 pellieea,
3355 5387 3422 5442 de
3453 5386 3579 5441 cibo
3616 5383 3665 5438 ei
3707 5383 3807 5436 cri-

2235 5500 2359 5538 men
2395 5499 2504 5540 non
2550 5482 2805 5542 intentat,
2839 5480 2933 5535 sed
2979 5479 3050 5534 de
3091 5479 3276 5532 divina
3311 5477 3524 5532 visione
3565 5483 3620 5530 et
3661 5469 3798 5526 dele-

2233 5589 2438 5641 «tione,
2465 5575 2696 5631 dicens:
2731 5574 2862 5628 Ecce
2903 5573 3073 5642 factus
3109 5579 3183 5625 est
3215 5570 3384 5626 Adam
3425 5571 3558 5624 sicut
3588 5579 3719 5620 unus
3741 5575 3799 5616 ex

2741 5760 2782 5791 ¹⁷
2813 5757 3002 5812 Matth.
3052 5773 3127 5824 ιν,
3159 5756 3215 5812 9.
