4098 6462
486 399 492 412 ’
517 399 650 461 1023

1693 405 1752 464 S.
1791 403 2186 465 ANASI‘ASII
2249 405 2574 468 SINAITA!

3620 395 3759 460 1024

506 511 579 568 do
627 515 808 564 autem
848 509 1055 564 malum
1087 509 1194 567 fuit
1233 524 1542 584 peractum,
1571 525 1625 569 et.
1661 530 1822 570 suum
1853 515 2086 571 fruendo
2117 529 2158 579 Α
2188 519 2748 590 contemplationibus
2768 533 2888 589 qua
2925 517 3082 573 dictae
3106 523 3254 586 sunt
3281 529 3376 586 per
3431 502 3754 570 universum

493 599 1146 675 .itnplevitdesiderium,
1171 613 1228 660 et
1258 605 1449 662 sedata
1489 615 1582 667 est
1623 607 1822 662 satiata
1879 606 2078 674 libido,

511 701 644 748 tunc
669 695 1020 752 annuntiavit
1063 699 1458 768 cogn'tionem.
1501 699 1666 764 Ecce,
1727 700 1926 772 inquit,
1977 717 2083 756 nu-

507 777 622 833 dati
645 795 838 836 sumus
880 796 948 836 ex
993 783 1182 852 planta
1237 787 1541 842 virtutibus
1592 797 1649 843 et
1693 789 2078 859 qualitatibus.

502 870 696 939 'Aperti
727 871 876 924 enim
901 882 1025 926 sunt
1051 873 1250 930 mentis
1284 892 1467 930 eorum
1525 877 1684 942 oculi,
1713 877 1770 932 et
1810 893 2084 949 cognove-

509 968 644 1014 runt
705 960 773 1015 ad
816 961 962 1031 quod
1024 965 1228 1020 malum
1275 967 1650 1028 devenerunt.
1711 979 1768 1024 et
1823 984 2073 1040 quaenam

509 1051 657 1122 passi
693 1051 808 1105 sint
835 1052 978 1106 inter
1007 1069 1065 1107 se
1094 1055 1378 1112 docentes.
1411 1057 1504 1113 Sic
1533 1059 1666 1113 mihi
1688 1059 1871 1128 placet
1909 1059 2076 1114 intel-

509 1139 678 1212 ligere
705 1147 888 1200 omnia
917 1162 1039 1216 quae
1062 1132 1264 1216 scripta
1295 1159 1424 1204 sunt
1447 1151 1515 1204 de
1553 1151 1814 1221 paradiso
1866 1159 1922 1206 et
1954 1167 2083 1222 pro-

509 1235 783 1303 toplastis.
835 1236 941 1291 Pro
975 1237 1180 1292 Christo
1215 1240 1363 1293 enim
1411 1241 1602 1311 fatigor
1632 1241 1893 1313 legatione
1933 1245 1980 1276 ¹⁸
2028 1253 2085 1299 et

507 1342 608 1397 pro
636 1343 754 1382 mea
782 1345 1041 1396 germana
1073 1341 1267 1394 matre,
1308 1333 1420 1388 Eva
1451 1333 1697 1390 Ecc'esia
1727 1335 1876 1398 vita),
1919 1351 2086 1406 quam

2189 611 2297 665 hoc
2321 626 2462 680 opus
2493 627 2588 667 sex
2615 610 2852 675 dierum,
2911 608 3090 664 ﬁdelis
3137 605 3374 678 populus
3425 603 3484 658 ﬁt
3511 608 3760 659 armatus

2185 712 2379 756 contra
2408 701 2785 758 adversarios:
2822 716 3004 771 neque
3027 699 3136 757 erit
3161 713 3298 768 opus
3353 695 3621 752 adversus
3660 709 3762 750 eos

2183 794 2594 866 potentioribus
2659 794 2881 865 tropaeis
2941 800 3037 848 aut
3088 793 3275 855 armis,
3321 807 3432 846 non
3481 787 3758 851 Mosaicis.

2184 901 2296 941 non
2320 887 2681 956 pr0pheticis,
2709 901 2822 940 non
2878 885 3176 942 Davidicis.
3234 883 3360 938 Haec
3409 883 3558 938 enim
3602 896 3762 934 arma

2187 985 2384 1032 nostra»
2425 977 2628 1034 militia
2675 978 2920 1032 carnalia
2965 976 3033 1041 “,
3068 991 3171 1030 nec
3215 972 3454 1044 fragilia,
3493 969 3588 1027 sed
3643 970 3762 1026 Dco

2184 1065 2432 1136 potentia
2469 1066 2537 1120 ad
2573 1065 3012 1120 destructionem
3058 1061 3601 1134 prepugnaculorum
3660 1058 3760 1111 ad-

2184 1157 2560 1212 versariorum
2605 1157 3012 1212 destruentium
3041 1170 3234 1210 eorum
3289 1151 3670 1236 cogitationes,
3702 1158 3761 1204 et

2187 1257 2406 1297 omnem
2450 1243 2801 1298 altitudinem
2849 1259 2972 1314 quae
3021 1243 3310 1304 extollitur
3354 1240 3624 1296 adversus
3657 1254 3757 1293 co-

2185 1334 2492 1406 gnitionem
2541 1343 2599 1390 et
2636 1333 2800 1389 ﬁdem
2849 1335 2978 1389 Jesu
3017 1333 3224 1389 Christi
3260 1331 3374 1386 reri
3415 1329 3515 1384 Dei
3540 1329 3755 1384 nostri:

504 1417 743 1472 defendo
775 1422 1040 1474 adversus
1065 1420 1284 1477 Judmos
1301 1435 1356 1477 et
1383 1423 1692 1490 ha-reticos,
1720 1425 1862 1480 ﬁdeli
1885 1426 2092 1496 populo
2188 1425 2278 1480 cui
2309 1425 2487 1496 gloria
2505 1434 2564 1480 et
2598 1425 2847 1496 potentia
2886 1427 3053 1480 simul
3097 1441 3222 1479 cum
3266 1423 3430 1478 Patre
3457 1429 3514 1476 et
3561 1430 3759 1477 sancto

505 1519 708 1579 tropaea
765 1511 1000 1581 erigens,
1018 1519 1075 1566 et
1107 1521 1381 1580 statuens,
1413 1523 1472 1570 et
1501 1515 1588 1571 his
1618 1516 2006 1588 intelligentiis
2029 1525 2088 1572 et

2191 1515 2424 1588 Spiritu,
2462 1517 2520 1572 in
2542 1517 2740 1572 sarcula
2782 1517 3132 1573 saeculorum.
3171 1517 3367 1570 Amen.

3559 1713 3736 1726 -..υ-ο

1566 1879 1929 1968 LIBER
2001 1878 2540 1969 UNDECIM
2566 1877 2740 1968 US.

1175 2089 1255 2131 ΒΕ
1299 2087 1378 2132 ns
1418 2087 1560 2142 QUB
1606 2087 1760 2161 »ρετ
1810 2085 2060 2130 PRIMUM

2175 2085 2430 2129 CCATUM
2469 2086 2707 2130 SECUTA
2747 2086 3074 2131 ιιυιιιιῠκτ.

569 2372 687 2426 Jam
721 2369 948 2440 quidem
983 2383 1014 2423 a
1058 2367 1223 2423 nobis
1275 2368 1442 2438 paulo
1475 2375 1605 2424 ante
1655 2376 1740 2423 est
1783 2375 2069 2423 ostensum
2103 2375 2143 2430 Β
2171 2371 2321 2440 nea),
2357 2328 2644 2442 cujusnam
2670 2372 2882 2442 pudore
2916 2371 3126 2438 allecti,
3164 2389 3232 2430 ex
3275 2373 3426 2430 loliis
3453 2374 3586 2432 ﬁcus
3609 2391 3741 2432 con.

479 2443 646 2534 quod
676 2471 805 2517 ante
825 2475 1008 2516 escam
1040 2469 1267 2530 apertos
1289 2460 1568 2514 habebant
1619 2461 1833 2515 oculos.
1879 2460 2073 2516 Dicere

493 2557 645 2611 enim
667 2553 814 2625 quod
838 2554 966 2608 vidit
1006 2551 1198 2607 mulier
1227 2554 1366 2624 quod
1388 2553 1590 2624 lignum
1621 2561 1752 2608 esset
1781 2553 1974 2608 bonum
2005 2553 2074 2607 ad

496 2649 892 2710 comedendum.
921 2647 1168 2702 ostendit
1191 2661 1310 2701 eam
1349 2657 1512 2702 acute
1541 2647 1752 2702 videre.
1799 2647 1914 2702 Nec
1969 2647 2075 2703 hoc

496 2740 700 2803 solum,
749 2739 844 2793 sed
879 2737 986 2792 hoc
1031 2751 1254 2806 quoque
1308 2736 1530 2800 dicere,
1575 2736 1724 2806 quod
1760 2736 2071 2807 jucundum

493 2841 582 2887 est
609 2831 675 2885 ad
700 2831 1024 2892 videndum,
1051 2839 1108 2886 et
1141 2829 1435 2900 pulchrum
1457 2829 1528 2884 ad
1557 2829 2068 2898 contemplandum,

495 2939 597 2992 per
631 2923 730 2977 has
752 2933 865 2977 tres
891 2921 1168 2976 dictiones
1185 2921 1350 2991 plane
1397 2921 1637 2978 dicimus
1695 2922 2070 2993 perspicacem

493 3015 696 3078 aciem,
737 3014 1128 3083 cariosamque
1162 3022 1219 3068 et
1243 3021 1452 3068 certam
1495 3015 1834 3069 evidentiam
1871 3015 2072 3072 lucida:

492 3105 784 3160 oculorum
842 3105 1099 3160 visionis.
1137 3104 1292 3160 Unde
1345 3107 1512 3160 etiam
1569 3105 2071 3178 Symmachus.pro

491 3195 823 3264 aperientur,
869 3197 1076 3264 posuit,
1123 3194 1252 3264 fient
1299 3195 1672 3266 intelligentes.
1715 3195 1988 3252 Similiter
2015 3209 2072 3255 et

492 3302 595 3356 pro
626 3287 801 3356 aperti
835 3295 961 3341 sunt
987 3285 1264 3340 ambarum
1316 3287 1476 3348 oculi.
1513 3287 1652 3342 dixit
1721 3289 2068 3360 intelligente:

493 3375 620 3445 facti
649 3385 794 3443 sunt,
820 3377 926 3432 hoc
947 3386 1052 3436 est.
1081 3376 1212 3432 facti
1245 3385 1377 3431 sunt
1401 3376 1706 3447 sapientes.
1733 3387 1790 3434 et
1810 3379 1878 3434 ad
1909 3381 2068 3452 agni-

492 3470 702 3524 tionem
729 3485 844 3525 sua‘.
873 3469 1143 3525 nuditatis
1163 3479 1440 3524 venerunt
1470 3471 1826 3528 oculianime
1847 3488 2064 3529 eorum.

491 3545 795 3634 Dequibns
824 3565 1100 3634 Propheta
1138 3564 1322 3634 regius
1370 3579 1594 3635 quoque
1641 3565 1754 3644 Deo
1785 3574 1914 3621 vota
1940 3567 2069 3622 fun-

491 3657 680 3722 debat,
713 3658 936 3712 dicens:
960 3655 1154 3710 Revela
1180 3655 1358 3710 oculos
1387 3672 1552 3722 meos,
1589 3659 1843 3728 quoniam
1887 3657 2068 3716 lumen

491 3745 767 3803 oculorum
783 3754 832 3800 et
850 3747 1024 3817 ipsum
1076 3761 1182 3806 non
1217 3753 1293 3800 est
1323 3761 1527 3798 mecum
1577 3747 1644 3810 ⁸⁷,
1678 3747 1768 3800 sed
1819 3745 2067 3801 illumina

489 3838 666 3894 oculos
721 3855 882 3903 meos,
916 3854 982 3892 ne
1034 3854 1272 3910 unquam
1327 3836 1658 3892 obdormiam
1703 3839 1760 3891 in
1797 3846 1966 3893 morte
1997 3837 2064 3892 ⁸⁸.

487 3931 709 3986 Peccati
749 3944 883 4000 ergo
916 3929 1256 4000 agnitionem
1283 3938 1343 3996 et
1375 3945 1706 3986 consensum
1742 3931 1808 3985 ad
1837 3945 2070 3986 conver-

487 4022 726 4084 sionem,
777 4020 1024 4090 intellige
1074 4029 1359 4090 aspectum
1413 4021 1728 4074 oculorum.
1777 4019 1875 4075 Est
1915 4020 2068 4075 enim

488 4114 787 4184 diligenter
840 4120 898 4168 et
941 4121 1202 4168 accurate
1264 4111 1645 4167 adnotandum
1714 4113 1885 4182 quod,
1939 4127 2066 4168 cum

487 4207 692 4260 mulier
731 4214 881 4261 esset
919 4221 1092 4276 prope
1125 4216 1465 4276 serpentem,
1494 4215 1550 4262 et
1585 4193 1840 4276 separata
1875 4219 1906 4260 a
1945 4205 2068 4262 viro

487 4299 606 4368 ipsa
627 4297 800 4368 prima
825 4299 1161 4354 comedisset
1187 4315 1253 4353 ex
1274 4299 1446 4369 ligno,
1472 4315 1583 4354 non
1616 4299 1802 4354 statim
1824 4298 2068 4368 respexit

487 4391 667 4446 donec
686 4405 954 4446 conversa
980 4389 1088 4446 fuit
1109 4391 1178 4446 ad
1207 4391 1408 4446 virum.
1439 4390 1577 4448 Cum
1611 4400 1798 4446 autem
1819 4389 2068 4460 accepis-

489 4493 574 4538 set
597 4492 654 4539 et
677 4483 1016 4540 comedisset
1038 4484 1350 4554 Spiritualis
1371 4484 1569 4548 Adam,
1591 4484 1698 4540 hoc
1735 4493 1843 4549 est,
1869 4497 2068 4554 passus

485 4582 636 4630 esset
655 4574 931 4639 Christus,
982 4583 1114 4630 tunc
1157 4590 1254 4644 per
1300 4575 1420 4644 ejus
1443 4576 1756 4645 passionem
1790 4589 1918 4630 cum
1943 4572 2065 4643 ipso

488 4666 733 4736 respexit
761 4667 983 4721 mulier.
1022 4665 1078 4722 Si
1125 4675 1312 4721 autem
1347 4682 1437 4721 res
1485 4681 1598 4720 non
1633 4666 1716 4721 sic
1769 4665 2062 4735 intelligis,

487 4757 784 4829 Oportebat
807 4758 1120 4823 mulierem,
1163 4773 1298 4812 cum
1323 4757 1500 4828 prima
1556 4755 1914 4822 comedisset,
1949 4755 2066 4827 pri-

487 4865 632 4903 mam
658 4849 958 4919 respicere.

559 4941 855 4996 Videamus
879 4941 990 5010 jam
1023 4957 1086 4997 ea
1135 4958 1259 5012 quae
1305 4942 1576 5011 deinceps
1615 4949 1946 5010 sequuntur.
1994 4938 2065 4995 Et

2175 2469 2409 2516 suerunt
2447 2463 2826 2534 subligacula?
2853 2464 2988 2520 Nam
3011 2467 3057 2520 si
3092 2465 3358 2522 volebant
3413 2477 3598 2539 tegere
3623 2483 3743 2524 cor-

2175 2553 2326 2623 poris
2357 2553 2690 2621 nuditatem,
2757 2558 2927 2613 multa
2990 2559 3096 2613 alia
3135 2560 3451 2628 plantarum
3501 2561 3628 2616 folia
3674 2563 3746 2618 ad

2173 2659 2301 2699 eum
2356 2661 2518 2700 usum
2573 2655 2704 2702 sunt
2756 2664 2853 2702 sua
2899 2657 3094 2705 natura
3139 2651 3645 2707 accommodatiora
3687 2660 3747 2708 et

2174 2736 2419 2800 utiliora,
2453 2739 2761 2808 cuiusmodi
2793 2739 3049 2796 videmus
3086 2741 3217 2796 folia
3255 2743 3564 2812 palmarum
3597 2743 3746 2800 Indi-

2173 2843 2388 2882 carum.
2421 2829 2541 2882 Non
2578 2839 2762 2884 tamen
2811 2831 3124 2894 renuimns,
3175 2847 3354 2902 neque
3404 2835 3747 2903 corporalem

2172 2921 2350 2990 ipsius
2405 2920 2608 2976 divinae
2673 2921 2974 2992 Scriptura:
3017 2922 3308 2979 historiam
3362 2925 3744 2982 dissolvimus.

2172 3011 2388 3066 Rursus
2415 3021 2600 3067 autem
2628 3014 2929 3083 quaerimus
2954 3014 3235 3082 quomodo
3259 3015 3378 3070 haec
3409 3032 3441 3072 e
3487 3015 3595 3073 ﬁcu
3621 3025 3744 3074 nata

2171 3102 2510 3173 subligacula
2537 3104 2604 3158 de
2631 3103 2850 3159 Christo
2878 3105 3194 3161 etEeclcsia
3223 3113 3353 3160 sunt
3377 3107 3744 3178 praeﬁgurata,

2171 3193 2442 3261 siquidem
2476 3194 2616 3249 facta
2649 3203 2779 3250 sunt
2804 3196 2990 3250 omnia
3016 3211 3114 3266 per
3165 3195 3348 3266 ipsum
3376 3205 3432 3252 et
3454 3197 3526 3253 ad
3565 3199 3744 3269 ipsum

2171 3286 2545 3355 respicientia.
2573 3286 2641 3340 Et
2658 3295 2976 3342 consuerunt
3002 3286 3132 3357 folia
3156 3287 3309 3356 ﬁcus,
3333 3297 3384 3343 et
3403 3289 3744 3359 feceruntsibi

2167 3376 2568 3449 subligacula,et
2585 3378 2868 3433 audierunt
2885 3394 3058 3434 vocem
3077 3377 3292 3433 Domini
3311 3378 3410 3434 Dei
3426 3379 3743 3436 ambulantis

2169 3470 2224 3522 in
2258 3468 2507 3540 paradiso
2531 3469 2585 3521 in
2609 3467 2849 3523 meridie.

2239 3561 2336 3616 Est
2362 3576 2680 3625 commune,
2713 3569 2772 3616 et
2793 3567 2990 3616 contra
3043 3560 3195 3631 quod
3231 3559 3374 3615 nihil
3400 3560 3513 3617 dici
3541 3570 3738 3630 potest,

2169 3652 2388 3723 dogma,
2412 3653 2701 3708 meridiem
2725 3652 2866 3708 sexti
2885 3653 3040 3708 illius
3069 3653 3180 3710 diei
3199 3653 3568 3710 hebdomadis
3591 3667 3739 3709 crea-

2172 3745 2360 3809 tionis,
2415 3743 2580 3799 tacite
2631 3743 2951 3815 signiﬁcare
2991 3760 3057 3801 ac
3113 3747 3440 3802 describere
3502 3745 3739 3801 medium

2168 3837 2306 3894 sexti
2349 3835 2460 3892 diei
2491 3837 2700 3902 saeculi,
2725 3853 2925 3908 nempe
2965 3837 3264 3908 quinquies
3306 3837 3664 3892 millesimum
3689 3845 3741 3893 et

2166 3928 2671 3998 quingentesimum
2693 3944 2924 3994 annum,
2944 3928 3006 3983 in
3033 3945 3144 3999 quo
3170 3929 3442 3985 Dominus
3473 3927 3622 3984 Deus
3643 3928 3738 3983 ho-

2167 4035 2260 4075 mo
2295 4020 2470 4076 factus
2497 4032 2603 4076 est.
2639 4021 2881 4092 Tempus
2925 4036 3058 4090 ergo
3087 4022 3236 4093 quod
3271 4029 3358 4077 est
3411 4029 3546 4076 ante
3582 4023 3741 4078 meri-

2167 4111 2316 4168 diem
2344 4112 2616 4184 signiﬁcat
2637 4112 2849 4167 cultum
2870 4112 3181 4184 legitimum
3207 4111 3534 4186 Synagogaa,
3561 4124 3621 4170 ut
3647 4112 3732 4183 qui

2167 4204 2368 4260 habeat
2401 4204 2535 4260 folia
2585 4203 2741 4269 ﬁcus,
2774 4220 2975 4275 nempe
3016 4219 3304 4262 sermones
3341 4205 3612 4276 quosdam
3653 4205 3730 4260 in-

2166 4295 2496 4367 frugil‘eros,
2551 4305 2610 4353 et
2651 4307 2926 4367 praecepta
2993 4297 3280 4354 moderate
3337 4297 3740 4368 quodammodo

2166 4392 2500 4462 prurientia,
2522 4402 2580 4448 et
2609 4379 2666 4448 in
2708 4393 3006 4464 superﬁcie
3043 4393 3458 4464 quodammodo
3497 4394 3743 4450 radentia

2167 4480 2390 4544 sordida
2409 4481 2698 4537 hominum
2730 4481 2996 4536 vulnera:
3027 4497 3156 4536 nam
3197 4479 3330 4538 folia
3358 4481 3498 4538 ﬁcus
3535 4481 3742 4553 placide

2166 4573 2574 4645 quodammodo
2619 4573 2822 4628 radunt
2847 4573 3043 4629 sordes
3086 4589 3506 4652 vasorumnper
3537 4573 3743 4629 medio,

2167 4681 2317 4722 orem
2357 4681 2480 4736 quae
2505 4673 2591 4721 est
2649 4665 2704 4719 in
2739 4664 2824 4720 eis
2856 4665 3240 4736 asperitatem.
3301 4660 3406 4721 Sed
3449 4673 3507 4721 et
3540 4673 3745 4722 natum

2165 4759 2474 4816 nuditatem
2495 4766 2553 4815 et
2580 4757 2978 4828 turpitudinem
3000 4767 3304 4830 contegunt
3330 4775 3432 4830 per
3460 4757 3746 4816 circumci-

2166 4851 2402 4906 sionem.
2437 4849 2787 4920 Quapropter
2809 4848 2980 4904 etiam
3015 4848 3164 4904 circa
3196 4849 3344 4904 illam
3372 4861 3584 4920 partem
3617 4864 3746 4920 .qnat

2167 4942 2414 5012 suscepit
2439 4940 2950 5006 circumcisionem,
2988 4951 3304 5010 posuerunt
3347 4940 3518 5012 primi
3562 4939 3734 4996 nostri

484 5039 838 5098 cognoverunt
884 5028 1024 5100 quod
1085 5038 1239 5084 erant
1298 5032 1446 5093 nudi,
1488 5038 1537 5082 et
1593 5037 1907 5083 consuerunt
1935 5027 2065 5100 folia
2097 5053 2140 5108 ι)
2168 5041 2431 5105 parentes
2491 5031 2841 5102 subligacnla
2899 5047 2967 5087 ex
3023 5030 3174 5087 loliis
3225 5031 3410 5086 licus:
3459 5032 3568 5088 hoc
3611 5032 3744 5086 forte

485 5120 638 5188 licus,
690 5129 739 5174 et
772 5121 1004 5190 fecerunt
1061 5120 1158 5176 sibi
1215 5120 1568 5192 subligacula.
1611 5121 1750 5176 Cum
1781 5120 1838 5175 in
1881 5121 2068 5192 priore

485 5213 792 5268 ntidatione
851 5213 1090 5270 dixisset
1153 5214 1392 5284 scriptor
1437 5229 1534 5269 eos
1578 5229 1689 5268 non
1749 5213 2064 5278 erubuisse,

489 5320 637 5358 nunc
663 5305 800 5360 dicit
825 5307 972 5375 quod
997 5308 1232 5362 alterum
1275 5307 1511 5364 alterius
1539 5305 1805 5386 pudebat,
1860 5321 2063 5362 conse-

488 5413 670 5466 quens
701 5399 850 5454 enim
878 5407 1000 5455 erat
1054 5401 1160 5456 hoc
1189 5401 1396 5456 dicere.
1426 5399 1564 5455 Cum
1602 5409 1788 5456 autem
1840 5399 1909 5454 ad
1956 5416 2065 5454 nu-

493 5488 717 5556 ptialem
775 5492 1023 5546 nondum
1073 5494 1314 5547 coissent
1367 5493 1842 5562 coniunctionem,
1883 5509 2064 5560 neque

493 5581 705 5636 scirent
737 5595 1147 5654 propterquam
1179 5601 1398 5640 causam
1424 5592 1610 5652 partes
1640 5585 2066 5654 genitalesupud

496 5689 592 5727 eos
621 5685 750 5728 sunt
789 5677 1006 5733 diversa
1051 5679 1220 5742 ﬁgura
1257 5682 1476 5748 (nempe
1533 5677 1776 5731 mascula
1825 5685 1876 5730 ut
1913 5675 2072 5729 lt‘llll-

574 5815 617 5842 ⁸⁷⁵
649 5811 842 5881 light-3.
879 5829 951 5871 γι,
984 5813 1070 5865 νξΟ.
1152 5814 1195 5846 ⁸⁵
1222 5813 1258 5864 ll
1289 5813 1412 5866 Cor.
1445 5829 1494 5876 γ,
1536 5813 1576 5865 ί.

1679 5813 1719 5842 ’⁷
1779 5811 1918 5865 Psal.
1952 5809 2223 5872 ¢:\.vm,38.
2303 5810 2346 5839 ’τ
2381 5807 2519 5862 Psztl.
2566 5823 2655 5868 xu.
2703 5807 2746 5860 ῑ.

2165 5127 2496 5182 ostendente
2537 5126 2792 5196 exemplo
2839 5124 2988 5195 quod
3033 5121 3100 5178 'in
3144 5138 3374 5194 vespera
3435 5124 3550 5180 diei
3599 5139 3738 5180 crea-

2167 5217 2340 5274 tionis
2363 5218 2554 5274 saeculi
2601 5217 2963 5287 cooperietur
2993 5216 3407 5286 quodammodo
3431 5227 3490 5272 et
3541 5216 3742 5272 delebi-

2165 5311 2258 5362 tur
2279 5307 2634 5363 circumcisio
2667 5321 2764 5376 per
2796 5307 2981 5360 velum
3010 5305 3258 5375 pellicere
3285 5307 3486 5361 tunicae
3515 5304 3736 5362 Christi.

2165 5399 2305 5460 Sunt
2325 5399 2472 5455 enim
2497 5399 2626 5454 folia
2665 5398 2878 5452 umbrze
2903 5397 3217 5452 eﬁicientia.
3247 5397 3358 5451 Lex
3385 5398 3534 5452 enim
3565 5393 3742 5452 habuit

2175 5491 2428 5545 umbram
2481 5498 2883 5560 praeceptorum
2942 5487 3150 5543 Christi
3175 5491 3240 5540 ³⁸.
3278 5488 3413 5542 Nam
3476 5487 3586 5570 sub
3609 5486 3740 5542 foliis

2180 5581 2466 5652 tegebatur
2500 5579 2715 5642 fructus
2747 5579 2954 5636 Christi
2995 5577 3047 5632 in
3075 5579 3366 5649 Scriptura
3413 5579 3738 5636 indecorum.

2179 5675 2272 5744 qui
2311 5675 2380 5727 ab
2407 5673 2619 5728 cisnon
2654 5673 2950 5726 videbatur
2991 5681 3219 5740 propter
3271 5674 3590 5740 (zpt‘l't'ttltlllt
3633 5689 3744 5725 tor-

2828 5808 2869 5835 "
2897 5806 3059 5859 llrhr.
3115 5821 3162 5863 \.
3203 5805 3247 5858 l.
