  <div class='ocr_page' id='page_1' title='image "/cluster/home/n/w/nwhite01/storage/ocr_20150623/89/coo.31924054869932/526.png"; bbox 0 0 4098 6426; ppageno 0'>
   <div class='ocr_carea' id='block_1_1' title="bbox 385 324 527 390">
    <p class='ocr_par' dir='ltr' id='par_1_1' title="bbox 385 324 527 390">
     <span class='ocr_line' id='line_1_1' title="bbox 385 324 527 390; baseline 0.035 -5"><span class='ocrx_word' id='word_1_1' title='bbox 385 324 527 390; x_wconf 64' lang='lat'><strong>1025</strong></span> 
     </span>
    </p>
   </div>
   <div class='ocr_carea' id='block_1_2' title="bbox 1452 325 2540 393">
    <p class='ocr_par' dir='ltr' id='par_1_2' title="bbox 1452 325 2540 393">
     <span class='ocr_line' id='line_1_2' title="bbox 1452 325 2540 393; baseline 0.006 -6"><span class='ocrx_word' id='word_1_2' title='bbox 1452 330 1536 389; x_wconf 81' lang='lat' dir='ltr'><strong>IN</strong></span> <span class='ocrx_word' id='word_1_3' title='bbox 1577 325 2124 391; x_wconf 70' lang='lat' dir='ltr'><strong>HEXAEMERON.</strong></span> <span class='ocrx_word' id='word_1_4' title='bbox 2153 355 2220 362; x_wconf 61' lang='grc'><strong>-“</strong></span> <span class='ocrx_word' id='word_1_5' title='bbox 2253 333 2396 393; x_wconf 75' lang='lat' dir='ltr'><strong>L‘iB.</strong></span> <span class='ocrx_word' id='word_1_6' title='bbox 2436 335 2540 393; x_wconf 76' lang='grc' dir='ltr'><strong>ΧΙ.</strong></span> 
     </span>
    </p>
   </div>
   <div class='ocr_carea' id='block_1_3' title="bbox 3507 340 3646 405">
    <p class='ocr_par' dir='ltr' id='par_1_3' title="bbox 3507 340 3646 405">
     <span class='ocr_line' id='line_1_3' title="bbox 3507 340 3646 405; baseline 0.014 -3"><span class='ocrx_word' id='word_1_7' title='bbox 3507 340 3646 405; x_wconf 73' lang='grc'><strong>1026</strong></span> 
     </span>
    </p>
   </div>
   <div class='ocr_carea' id='block_1_4' title="bbox 385 436 3648 526">
    <p class='ocr_par' dir='ltr' id='par_1_4' title="bbox 385 436 3648 526">
     <span class='ocr_line' id='line_1_4' title="bbox 385 436 3648 526; baseline 0.006 -36"><span class='ocrx_word' id='word_1_8' title='bbox 385 437 477 509; x_wconf 76' lang='lat' dir='ltr'><strong>dis</strong></span> <span class='ocrx_word' id='word_1_9' title='bbox 506 447 563 491; x_wconf 84' lang='lat' dir='ltr'><strong>et</strong></span> <span class='ocrx_word' id='word_1_10' title='bbox 588 436 767 492; x_wconf 81' lang='lat' dir='ltr'><strong>velum</strong></span> <span class='ocrx_word' id='word_1_11' title='bbox 802 437 1064 494; x_wconf 81' lang='lat' dir='ltr'><strong>foliorum</strong></span> <span class='ocrx_word' id='word_1_12' title='bbox 1093 436 1393 496; x_wconf 62' lang='lat' dir='ltr'><strong>verborum</strong></span> <span class='ocrx_word' id='word_1_13' title='bbox 1408 441 1770 495; x_wconf 75' lang='lat' dir='ltr'><strong>exteriorum.</strong></span> <span class='ocrx_word' id='word_1_14' title='bbox 1807 438 1964 497; x_wconf 86' lang='lat' dir='ltr'><strong>Unde</strong></span> <span class='ocrx_word' id='word_1_15' title='bbox 1996 445 2037 496; x_wconf 80' lang='grc' dir='ltr'><strong>Α</strong></span> <span class='ocrx_word' id='word_1_16' title='bbox 2070 441 2236 513; x_wconf 85' lang='lat' dir='ltr'><strong>hujus</strong></span> <span class='ocrx_word' id='word_1_17' title='bbox 2267 444 2559 511; x_wconf 74' lang='lat' dir='ltr'><strong>litterm,et</strong></span> <span class='ocrx_word' id='word_1_18' title='bbox 2587 444 2760 501; x_wconf 75' lang='lat' dir='ltr'><strong>veluti</strong></span> <span class='ocrx_word' id='word_1_19' title='bbox 2782 462 2981 517; x_wconf 83' lang='lat' dir='ltr'><strong>magno</strong></span> <span class='ocrx_word' id='word_1_20' title='bbox 3001 449 3241 518; x_wconf 86' lang='lat' dir='ltr'><strong>quodam</strong></span> <span class='ocrx_word' id='word_1_21' title='bbox 3267 451 3447 521; x_wconf 80' lang='lat' dir='ltr'><strong>lapide</strong></span> <span class='ocrx_word' id='word_1_22' title='bbox 3482 470 3648 526; x_wconf 90' lang='lat' dir='ltr'><strong>oper-</strong></span> 
     </span>
    </p>
   </div>
   <div class='ocr_carea' id='block_1_5' title="bbox 360 528 1963 602">
    <p class='ocr_par' dir='ltr' id='par_1_5' title="bbox 360 528 1963 602">
     <span class='ocr_line' id='line_1_5' title="bbox 360 528 1963 602; baseline 0.001 -17"><span class='ocrx_word' id='word_1_23' title='bbox 360 528 553 585; x_wconf 81' lang='lat' dir='ltr'><strong>.etiam</strong></span> <span class='ocrx_word' id='word_1_24' title='bbox 584 539 668 584; x_wconf 89' lang='lat' dir='ltr'><strong>est</strong></span> <span class='ocrx_word' id='word_1_25' title='bbox 697 531 1014 585; x_wconf 86' lang='lat' dir='ltr'><strong>contrarius</strong></span> <span class='ocrx_word' id='word_1_26' title='bbox 1042 532 1192 587; x_wconf 83' lang='lat' dir='ltr'><strong>foliis</strong></span> <span class='ocrx_word' id='word_1_27' title='bbox 1219 532 1307 587; x_wconf 70' lang='lat' dir='ltr'><strong>Sol</strong></span> <span class='ocrx_word' id='word_1_28' title='bbox 1325 532 1571 602; x_wconf 82' lang='lat' dir='ltr'><strong>justitiae,</strong></span> <span class='ocrx_word' id='word_1_29' title='bbox 1592 548 1655 587; x_wconf 87' lang='lat' dir='ltr'><strong>ea</strong></span> <span class='ocrx_word' id='word_1_30' title='bbox 1678 533 1963 588; x_wconf 84' lang='lat' dir='ltr'><strong>exsiccans</strong></span> 
     </span>
    </p>
   </div>
   <div class='ocr_carea' id='block_1_6' title="bbox 377 619 1960 694">
    <p class='ocr_par' dir='ltr' id='par_1_6' title="bbox 377 619 1960 694">
     <span class='ocr_line' id='line_1_6' title="bbox 377 619 1960 694; baseline 0.001 -19"><span class='ocrx_word' id='word_1_31' title='bbox 377 630 440 675; x_wconf 85' lang='lat' dir='ltr'><strong>et</strong></span> <span class='ocrx_word' id='word_1_32' title='bbox 478 619 810 687; x_wconf 85' lang='lat' dir='ltr'><strong>emundans,</strong></span> <span class='ocrx_word' id='word_1_33' title='bbox 847 632 904 677; x_wconf 91' lang='lat' dir='ltr'><strong>et</strong></span> <span class='ocrx_word' id='word_1_34' title='bbox 938 623 1175 678; x_wconf 82' lang='lat' dir='ltr'><strong>maxime</strong></span> <span class='ocrx_word' id='word_1_35' title='bbox 1204 624 1336 678; x_wconf 86' lang='lat' dir='ltr'><strong>folia</strong></span> <span class='ocrx_word' id='word_1_36' title='bbox 1370 624 1536 694; x_wconf 69' lang='lat' dir='ltr'><strong>hujus</strong></span> <span class='ocrx_word' id='word_1_37' title='bbox 1560 623 1716 678; x_wconf 83' lang='lat' dir='ltr'><strong>ﬁcus.</strong></span> <span class='ocrx_word' id='word_1_38' title='bbox 1745 625 1960 679; x_wconf 77' lang='lat' dir='ltr'><strong>Etenim</strong></span> 
     </span>
    </p>
   </div>
   <div class='ocr_carea' id='block_1_7' title="bbox 376 710 1962 785">
    <p class='ocr_par' dir='ltr' id='par_1_7' title="bbox 376 710 1962 785">
     <span class='ocr_line' id='line_1_7' title="bbox 376 710 1962 785; baseline 0.002 -20"><span class='ocrx_word' id='word_1_39' title='bbox 376 710 548 771; x_wconf 78' lang='lat' dir='ltr'><strong>ticum</strong></span> <span class='ocrx_word' id='word_1_40' title='bbox 583 728 726 782; x_wconf 80' lang='lat' dir='ltr'><strong>saepe</strong></span> <span class='ocrx_word' id='word_1_41' title='bbox 747 715 992 783; x_wconf 78' lang='lat' dir='ltr'><strong>appellat</strong></span> <span class='ocrx_word' id='word_1_42' title='bbox 1031 716 1297 771; x_wconf 81' lang='lat' dir='ltr'><strong>Dominus</strong></span> <span class='ocrx_word' id='word_1_43' title='bbox 1325 716 1711 785; x_wconf 78' lang='lat' dir='ltr'><strong>infrngiferum</strong></span> <span class='ocrx_word' id='word_1_44' title='bbox 1749 716 1962 769; x_wconf 89' lang='lat' dir='ltr'><strong>cultum</strong></span> 
     </span>
    </p>
   </div>
   <div class='ocr_carea' id='block_1_8' title="bbox 377 803 1964 879">
    <p class='ocr_par' dir='ltr' id='par_1_8' title="bbox 377 803 1964 879">
     <span class='ocr_line' id='line_1_8' title="bbox 377 803 1964 879; baseline 0.002 -22"><span class='ocrx_word' id='word_1_45' title='bbox 377 803 702 875; x_wconf 64' lang='lat' dir='ltr'><strong>Synagogte,</strong></span> <span class='ocrx_word' id='word_1_46' title='bbox 729 820 855 859; x_wconf 92' lang='lat' dir='ltr'><strong>cum</strong></span> <span class='ocrx_word' id='word_1_47' title='bbox 885 821 1007 860; x_wconf 87' lang='lat' dir='ltr'><strong>eam</strong></span> <span class='ocrx_word' id='word_1_48' title='bbox 1049 807 1275 876; x_wconf 86' lang='lat' dir='ltr'><strong>quidem</strong></span> <span class='ocrx_word' id='word_1_49' title='bbox 1305 807 1463 879; x_wconf 73' lang='grc' dir='ltr'><strong>9ιά</strong></span> <span class='ocrx_word' id='word_1_50' title='bbox 1506 808 1804 876; x_wconf 87' lang='lat' dir='ltr'><strong>aliquando</strong></span> <span class='ocrx_word' id='word_1_51' title='bbox 1835 807 1964 860; x_wconf 84' lang='lat' dir='ltr'><strong>visi-</strong></span> 
     </span>
    </p>
   </div>
   <div class='ocr_carea' id='block_1_9' title="bbox 377 897 1959 975">
    <p class='ocr_par' dir='ltr' id='par_1_9' title="bbox 377 897 1959 975">
     <span class='ocr_line' id='line_1_9' title="bbox 377 897 1959 975; baseline 0.004 -26"><span class='ocrx_word' id='word_1_52' title='bbox 377 903 555 950; x_wconf 83' lang='lat' dir='ltr'><strong>tasset</strong></span> <span class='ocrx_word' id='word_1_53' title='bbox 607 912 705 975; x_wconf 77' lang='lat' dir='ltr'><strong>per</strong></span> <span class='ocrx_word' id='word_1_54' title='bbox 734 897 1063 965; x_wconf 75' lang='lat' dir='ltr'><strong>triennium,</strong></span> <span class='ocrx_word' id='word_1_55' title='bbox 1106 910 1164 955; x_wconf 88' lang='lat' dir='ltr'><strong>et</strong></span> <span class='ocrx_word' id='word_1_56' title='bbox 1209 916 1331 955; x_wconf 87' lang='lat' dir='ltr'><strong>eam</strong></span> <span class='ocrx_word' id='word_1_57' title='bbox 1393 901 1698 969; x_wconf 76' lang='lat' dir='ltr'><strong>aspexisset</strong></span> <span class='ocrx_word' id='word_1_58' title='bbox 1746 902 1959 955; x_wconf 91' lang='lat' dir='ltr'><strong>nullum</strong></span> 
     </span>
    </p>
   </div>
   <div class='ocr_carea' id='block_1_10' title="bbox 352 987 1960 1063">
    <p class='ocr_par' dir='ltr' id='par_1_10' title="bbox 352 987 1960 1063">
     <span class='ocr_line' id='line_1_10' title="bbox 352 987 1960 1063; baseline 0.002 -22"><span class='ocrx_word' id='word_1_59' title='bbox 352 987 583 1048; x_wconf 63' lang='grc' dir='ltr'><strong>,τίσει-τε</strong></span> <span class='ocrx_word' id='word_1_60' title='bbox 614 988 880 1053; x_wconf 90' lang='lat' dir='ltr'><strong>fructum,</strong></span> <span class='ocrx_word' id='word_1_61' title='bbox 914 1000 972 1045; x_wconf 93' lang='lat' dir='ltr'><strong>et</strong></span> <span class='ocrx_word' id='word_1_62' title='bbox 995 992 1254 1060; x_wconf 81' lang='lat' dir='ltr'><strong>jussisset</strong></span> <span class='ocrx_word' id='word_1_63' title='bbox 1287 993 1546 1063; x_wconf 66' lang='lat' dir='ltr'><strong>agricolae</strong></span> <span class='ocrx_word' id='word_1_64' title='bbox 1609 1001 1668 1046; x_wconf 91' lang='lat' dir='ltr'><strong>ut</strong></span> <span class='ocrx_word' id='word_1_65' title='bbox 1705 1008 1827 1047; x_wconf 87' lang='lat' dir='ltr'><strong>eam</strong></span> <span class='ocrx_word' id='word_1_66' title='bbox 1858 1009 1960 1047; x_wconf 82' lang='lat' dir='ltr'><strong>ex-</strong></span> 
     </span>
    </p>
   </div>
   <div class='ocr_carea' id='block_1_11' title="bbox 371 1077 1959 1152">
    <p class='ocr_par' dir='ltr' id='par_1_11' title="bbox 371 1077 1959 1152">
     <span class='ocr_line' id='line_1_11' title="bbox 371 1077 1959 1152; baseline 0.005 -21"><span class='ocrx_word' id='word_1_67' title='bbox 371 1077 685 1143; x_wconf 81' lang='lat' dir='ltr'><strong>scinderet,</strong></span> <span class='ocrx_word' id='word_1_68' title='bbox 723 1095 794 1133; x_wconf 91' lang='lat' dir='ltr'><strong>ne</strong></span> <span class='ocrx_word' id='word_1_69' title='bbox 828 1090 1032 1135; x_wconf 89' lang='lat' dir='ltr'><strong>terram</strong></span> <span class='ocrx_word' id='word_1_70' title='bbox 1064 1096 1367 1152; x_wconf 77' lang='lat' dir='ltr'><strong>occuparet</strong></span> <span class='ocrx_word' id='word_1_71' title='bbox 1395 1086 1646 1140; x_wconf 85' lang='lat' dir='ltr'><strong>otiosam.</strong></span> <span class='ocrx_word' id='word_1_72' title='bbox 1688 1083 1824 1138; x_wconf 92' lang='lat' dir='ltr'><strong>Cum</strong></span> <span class='ocrx_word' id='word_1_73' title='bbox 1858 1100 1959 1139; x_wconf 90' lang='lat' dir='ltr'><strong>au-</strong></span> 
     </span>
    </p>
   </div>
   <div class='ocr_carea' id='block_1_12' title="bbox 378 1175 1960 1247">
    <p class='ocr_par' dir='ltr' id='par_1_12' title="bbox 378 1175 1960 1247">
     <span class='ocr_line' id='line_1_12' title="bbox 378 1175 1960 1247; baseline 0.007 -26"><span class='ocrx_word' id='word_1_74' title='bbox 378 1177 498 1222; x_wconf 78' lang='lat' dir='ltr'><strong>tem</strong></span> <span class='ocrx_word' id='word_1_75' title='bbox 549 1175 830 1238; x_wconf 83' lang='lat' dir='ltr'><strong>postremo</strong></span> <span class='ocrx_word' id='word_1_76' title='bbox 867 1187 1061 1228; x_wconf 87' lang='lat' dir='ltr'><strong>rursus</strong></span> <span class='ocrx_word' id='word_1_77' title='bbox 1088 1176 1334 1231; x_wconf 90' lang='lat' dir='ltr'><strong>venisset</strong></span> <span class='ocrx_word' id='word_1_78' title='bbox 1361 1178 1630 1247; x_wconf 75' lang='lat' dir='ltr'><strong>justitiam</strong></span> <span class='ocrx_word' id='word_1_79' title='bbox 1662 1178 1878 1243; x_wconf 90' lang='lat' dir='ltr'><strong>sitiens,</strong></span> <span class='ocrx_word' id='word_1_80' title='bbox 1904 1187 1960 1232; x_wconf 87' lang='lat' dir='ltr'><strong>et</strong></span> 
     </span>
    </p>
   </div>
   <div class='ocr_carea' id='block_1_13' title="bbox 371 1260 1956 1336">
    <p class='ocr_par' dir='ltr' id='par_1_13' title="bbox 371 1260 1956 1336">
     <span class='ocr_line' id='line_1_13' title="bbox 371 1260 1956 1336; baseline 0.008 -24"><span class='ocrx_word' id='word_1_81' title='bbox 371 1260 706 1315; x_wconf 78' lang='lat' dir='ltr'><strong>accessisset</strong></span> <span class='ocrx_word' id='word_1_82' title='bbox 755 1260 823 1314; x_wconf 88' lang='lat' dir='ltr'><strong>ad</strong></span> <span class='ocrx_word' id='word_1_83' title='bbox 875 1260 1038 1323; x_wconf 81' lang='lat' dir='ltr'><strong>ticum</strong></span> <span class='ocrx_word' id='word_1_84' title='bbox 1086 1265 1306 1336; x_wconf 88' lang='lat' dir='ltr'><strong>(nempe</strong></span> <span class='ocrx_word' id='word_1_85' title='bbox 1343 1267 1698 1334; x_wconf 85' lang='lat' dir='ltr'><strong>Jerusalem),</strong></span> <span class='ocrx_word' id='word_1_86' title='bbox 1747 1278 1804 1324; x_wconf 91' lang='lat' dir='ltr'><strong>et</strong></span> <span class='ocrx_word' id='word_1_87' title='bbox 1846 1286 1956 1324; x_wconf 91' lang='lat' dir='ltr'><strong>non</strong></span> 
     </span>
    </p>
   </div>
   <div class='ocr_carea' id='block_1_14' title="bbox 354 1351 1954 1431">
    <p class='ocr_par' dir='ltr' id='par_1_14' title="bbox 354 1351 1954 1431">
     <span class='ocr_line' id='line_1_14' title="bbox 354 1351 1954 1431; baseline 0.008 -27"><span class='ocrx_word' id='word_1_88' title='bbox 354 1351 678 1408; x_wconf 69' lang='lat' dir='ltr'><strong>invenisset</strong></span> <span class='ocrx_word' id='word_1_89' title='bbox 755 1355 865 1419; x_wconf 84' lang='lat' dir='ltr'><strong>nisi</strong></span> <span class='ocrx_word' id='word_1_90' title='bbox 904 1363 911 1370; x_wconf 86' lang='lat'><strong>’</strong></span> <span class='ocrx_word' id='word_1_91' title='bbox 948 1355 1100 1420; x_wconf 85' lang='lat' dir='ltr'><strong>folia.</strong></span> <span class='ocrx_word' id='word_1_92' title='bbox 1166 1376 1231 1413; x_wconf 86' lang='lat' dir='ltr'><strong>ex</strong></span> <span class='ocrx_word' id='word_1_93' title='bbox 1309 1361 1515 1431; x_wconf 86' lang='lat' dir='ltr'><strong>quibus</strong></span> <span class='ocrx_word' id='word_1_94' title='bbox 1575 1370 1734 1416; x_wconf 80' lang='lat' dir='ltr'><strong>erant</strong></span> <span class='ocrx_word' id='word_1_95' title='bbox 1788 1365 1954 1417; x_wconf 83' lang='lat' dir='ltr'><strong>etiam</strong></span> 
     </span>
    </p>
   </div>
   <div class='ocr_carea' id='block_1_15' title="bbox 374 1442 1956 1514">
    <p class='ocr_par' dir='ltr' id='par_1_15' title="bbox 374 1442 1956 1514">
     <span class='ocr_line' id='line_1_15' title="bbox 374 1442 1956 1514; baseline 0.008 -18"><span class='ocrx_word' id='word_1_96' title='bbox 374 1442 469 1497; x_wconf 89' lang='lat' dir='ltr'><strong>illa</strong></span> <span class='ocrx_word' id='word_1_97' title='bbox 505 1443 870 1514; x_wconf 87' lang='lat' dir='ltr'><strong>subligacula,</strong></span> <span class='ocrx_word' id='word_1_98' title='bbox 916 1462 1037 1502; x_wconf 87' lang='lat' dir='ltr'><strong>eam</strong></span> <span class='ocrx_word' id='word_1_99' title='bbox 1089 1452 1389 1507; x_wconf 82' lang='lat' dir='ltr'><strong>exsiccavit</strong></span> <span class='ocrx_word' id='word_1_100' title='bbox 1424 1453 1649 1510; x_wconf 86' lang='lat' dir='ltr'><strong>dicens:</strong></span> <span class='ocrx_word' id='word_1_101' title='bbox 1686 1454 1805 1509; x_wconf 86' lang='lat' dir='ltr'><strong>Non</strong></span> <span class='ocrx_word' id='word_1_102' title='bbox 1836 1471 1956 1508; x_wconf 78' lang='lat' dir='ltr'><strong>am-</strong></span> 
     </span>
    </p>
   </div>
   <div class='ocr_carea' id='block_1_16' title="bbox 371 1532 1952 1612">
    <p class='ocr_par' dir='ltr' id='par_1_16' title="bbox 371 1532 1952 1612">
     <span class='ocr_line' id='line_1_16' title="bbox 371 1532 1952 1612; baseline 0.008 -24"><span class='ocrx_word' id='word_1_103' title='bbox 371 1535 515 1607; x_wconf 74' lang='lat' dir='ltr'><strong>plius</strong></span> <span class='ocrx_word' id='word_1_104' title='bbox 553 1552 616 1591; x_wconf 75' lang='lat' dir='ltr'><strong>ea:</strong></span> <span class='ocrx_word' id='word_1_105' title='bbox 640 1544 689 1589; x_wconf 88' lang='lat' dir='ltr'><strong>te</strong></span> <span class='ocrx_word' id='word_1_106' title='bbox 717 1547 973 1593; x_wconf 80' lang='lat' dir='ltr'><strong>nascatur</strong></span> <span class='ocrx_word' id='word_1_107' title='bbox 1020 1544 1227 1610; x_wconf 77' lang='lat' dir='ltr'><strong>peccati</strong></span> <span class='ocrx_word' id='word_1_108' title='bbox 1264 1544 1466 1612; x_wconf 80' lang='lat' dir='ltr'><strong>fructus</strong></span> <span class='ocrx_word' id='word_1_109' title='bbox 1511 1546 1568 1598; x_wconf 85' lang='lat' dir='ltr'><strong>in</strong></span> <span class='ocrx_word' id='word_1_110' title='bbox 1597 1532 1853 1599; x_wconf 63' lang='lat' dir='ltr'><strong>internum</strong></span> <span class='ocrx_word' id='word_1_111' title='bbox 1886 1547 1952 1600; x_wconf 81' lang='lat'><strong>&#39;°.</strong></span> 
     </span>
    </p>
   </div>
   <div class='ocr_carea' id='block_1_17' title="bbox 369 1628 1954 1706">
    <p class='ocr_par' dir='ltr' id='par_1_17' title="bbox 369 1628 1954 1706">
     <span class='ocr_line' id='line_1_17' title="bbox 369 1628 1954 1706; baseline 0.007 -26"><span class='ocrx_word' id='word_1_112' title='bbox 369 1628 647 1692; x_wconf 83' lang='lat' dir='ltr'><strong>Quoniam</strong></span> <span class='ocrx_word' id='word_1_113' title='bbox 678 1638 865 1683; x_wconf 77' lang='lat' dir='ltr'><strong>autem</strong></span> <span class='ocrx_word' id='word_1_114' title='bbox 896 1630 1007 1685; x_wconf 85' lang='lat' dir='ltr'><strong>iota</strong></span> <span class='ocrx_word' id='word_1_115' title='bbox 1038 1648 1202 1687; x_wconf 85' lang='lat' dir='ltr'><strong>unum</strong></span> <span class='ocrx_word' id='word_1_116' title='bbox 1224 1643 1318 1687; x_wconf 86' lang='lat' dir='ltr'><strong>aut</strong></span> <span class='ocrx_word' id='word_1_117' title='bbox 1334 1634 1471 1706; x_wconf 72' lang='lat' dir='ltr'><strong>apex</strong></span> <span class='ocrx_word' id='word_1_118' title='bbox 1485 1654 1623 1690; x_wconf 78' lang='lat' dir='ltr'><strong>unus</strong></span> <span class='ocrx_word' id='word_1_119' title='bbox 1651 1654 1755 1691; x_wconf 84' lang='lat' dir='ltr'><strong>non</strong></span> <span class='ocrx_word' id='word_1_120' title='bbox 1772 1646 1954 1692; x_wconf 82' lang='lat' dir='ltr'><strong>trans-</strong></span> 
     </span>
    </p>
   </div>
   <div class='ocr_carea' id='block_1_18' title="bbox 356 1720 1951 1796">
    <p class='ocr_par' dir='ltr' id='par_1_18' title="bbox 356 1720 1951 1796">
     <span class='ocr_line' id='line_1_18' title="bbox 356 1720 1951 1796; baseline 0.004 -17"><span class='ocrx_word' id='word_1_121' title='bbox 356 1720 464 1779; x_wconf 77' lang='lat' dir='ltr'><strong>.ibit</strong></span> <span class='ocrx_word' id='word_1_122' title='bbox 497 1737 561 1775; x_wconf 78' lang='lat' dir='ltr'><strong>ea:</strong></span> <span class='ocrx_word' id='word_1_123' title='bbox 595 1721 706 1793; x_wconf 82' lang='lat' dir='ltr'><strong>lege</strong></span> <span class='ocrx_word' id='word_1_124' title='bbox 732 1723 896 1778; x_wconf 84' lang='lat' dir='ltr'><strong>donec</strong></span> <span class='ocrx_word' id='word_1_125' title='bbox 945 1727 1124 1781; x_wconf 80' lang='lat' dir='ltr'><strong>omnia</strong></span> <span class='ocrx_word' id='word_1_126' title='bbox 1151 1727 1289 1794; x_wconf 84' lang='lat' dir='ltr'><strong>ﬁant</strong></span> <span class='ocrx_word' id='word_1_127' title='bbox 1318 1729 1359 1761; x_wconf 88' lang='grc'><strong>³¹</strong></span> <span class='ocrx_word' id='word_1_128' title='bbox 1397 1729 1453 1783; x_wconf 89' lang='lat' dir='ltr'><strong>in</strong></span> <span class='ocrx_word' id='word_1_129' title='bbox 1491 1728 1736 1796; x_wconf 85' lang='lat' dir='ltr'><strong>Christo,</strong></span> <span class='ocrx_word' id='word_1_130' title='bbox 1766 1731 1951 1785; x_wconf 89' lang='lat' dir='ltr'><strong>consi-</strong></span> 
     </span>
    </p>
   </div>
   <div class='ocr_carea' id='block_1_19' title="bbox 2056 536 3647 607">
    <p class='ocr_par' dir='ltr' id='par_1_19' title="bbox 2056 536 3647 607">
     <span class='ocr_line' id='line_1_19' title="bbox 2056 536 3647 607; baseline 0.009 -19"><span class='ocrx_word' id='word_1_131' title='bbox 2056 536 2159 599; x_wconf 78' lang='lat' dir='ltr'><strong>tis,</strong></span> <span class='ocrx_word' id='word_1_132' title='bbox 2196 552 2393 607; x_wconf 84' lang='lat' dir='ltr'><strong>nempe</strong></span> <span class='ocrx_word' id='word_1_133' title='bbox 2436 538 2822 593; x_wconf 75' lang='lat' dir='ltr'><strong>obscuritate:</strong></span> <span class='ocrx_word' id='word_1_134' title='bbox 2849 540 2982 605; x_wconf 83' lang='lat' dir='ltr'><strong>Quis</strong></span> <span class='ocrx_word' id='word_1_135' title='bbox 3009 541 3171 596; x_wconf 86' lang='lat' dir='ltr'><strong>nobis</strong></span> <span class='ocrx_word' id='word_1_136' title='bbox 3220 544 3463 600; x_wconf 80' lang='lat' dir='ltr'><strong>revolvet</strong></span> <span class='ocrx_word' id='word_1_137' title='bbox 3513 547 3647 602; x_wconf 88' lang='lat' dir='ltr'><strong>cali-</strong></span> 
     </span>
    </p>
   </div>
   <div class='ocr_carea' id='block_1_20' title="bbox 2068 627 3645 707">
    <p class='ocr_par' dir='ltr' id='par_1_20' title="bbox 2068 627 3645 707">
     <span class='ocr_line' id='line_1_20' title="bbox 2068 627 3645 707; baseline 0.009 -29"><span class='ocrx_word' id='word_1_138' title='bbox 2068 627 2250 694; x_wconf 80' lang='lat' dir='ltr'><strong>ginem</strong></span> <span class='ocrx_word' id='word_1_139' title='bbox 2282 628 2503 690; x_wconf 68' lang='lat' dir='ltr'><strong>iitteras,</strong></span> <span class='ocrx_word' id='word_1_140' title='bbox 2535 639 2597 684; x_wconf 88' lang='lat' dir='ltr'><strong>ut</strong></span> <span class='ocrx_word' id='word_1_141' title='bbox 2619 632 2763 683; x_wconf 90' lang='lat' dir='ltr'><strong>intra</strong></span> <span class='ocrx_word' id='word_1_142' title='bbox 2788 630 2992 684; x_wconf 88' lang='lat' dir='ltr'><strong>nubem</strong></span> <span class='ocrx_word' id='word_1_143' title='bbox 3016 632 3276 687; x_wconf 85' lang='lat' dir='ltr'><strong>etdivina</strong></span> <span class='ocrx_word' id='word_1_144' title='bbox 3309 633 3429 689; x_wconf 68' lang='lat' dir='ltr'><strong>haec</strong></span> <span class='ocrx_word' id='word_1_145' title='bbox 3460 648 3645 707; x_wconf 80' lang='lat' dir='ltr'><strong>adyta,</strong></span> 
     </span>
    </p>
   </div>
   <div class='ocr_carea' id='block_1_21' title="bbox 2069 717 3647 784">
    <p class='ocr_par' dir='ltr' id='par_1_21' title="bbox 2069 717 3647 784">
     <span class='ocr_line' id='line_1_21' title="bbox 2069 717 3647 784; baseline 0.008 -14"><span class='ocrx_word' id='word_1_146' title='bbox 2069 717 2124 770; x_wconf 92' lang='lat' dir='ltr'><strong>in</strong></span> <span class='ocrx_word' id='word_1_147' title='bbox 2162 717 2360 773; x_wconf 86' lang='lat' dir='ltr'><strong>Sancta</strong></span> <span class='ocrx_word' id='word_1_148' title='bbox 2389 730 2707 776; x_wconf 88' lang='lat' dir='ltr'><strong>sanctorum</strong></span> <span class='ocrx_word' id='word_1_149' title='bbox 2752 723 3053 783; x_wconf 89' lang='lat' dir='ltr'><strong>intuentes,</strong></span> <span class='ocrx_word' id='word_1_150' title='bbox 3108 724 3398 779; x_wconf 86' lang='lat' dir='ltr'><strong>videamus</strong></span> <span class='ocrx_word' id='word_1_151' title='bbox 3428 730 3647 784; x_wconf 85' lang='lat' dir='ltr'><strong>occulta</strong></span> 
     </span>
    </p>
   </div>
   <div class='ocr_carea' id='block_1_22' title="bbox 2068 808 3649 884">
    <p class='ocr_par' dir='ltr' id='par_1_22' title="bbox 2068 808 3649 884">
     <span class='ocr_line' id='line_1_22' title="bbox 2068 808 3649 884; baseline 0.008 -23"><span class='ocrx_word' id='word_1_152' title='bbox 2068 808 2233 878; x_wconf 83' lang='lat' dir='ltr'><strong>hujus</strong></span> <span class='ocrx_word' id='word_1_153' title='bbox 2264 813 2508 881; x_wconf 82' lang='lat' dir='ltr'><strong>mysterii</strong></span> <span class='ocrx_word' id='word_1_154' title='bbox 2549 814 2723 883; x_wconf 85' lang='lat' dir='ltr'><strong>orgia,</strong></span> <span class='ocrx_word' id='word_1_155' title='bbox 2762 829 2883 883; x_wconf 64' lang='lat' dir='ltr'><strong>quas</strong></span> <span class='ocrx_word' id='word_1_156' title='bbox 2927 815 3152 884; x_wconf 89' lang='lat' dir='ltr'><strong>quidem</strong></span> <span class='ocrx_word' id='word_1_157' title='bbox 3205 817 3492 884; x_wconf 81' lang='lat' dir='ltr'><strong>perspicua</strong></span> <span class='ocrx_word' id='word_1_158' title='bbox 3551 835 3649 874; x_wconf 88' lang='lat' dir='ltr'><strong>or-</strong></span> 
     </span>
    </p>
   </div>
   <div class='ocr_carea' id='block_1_23' title="bbox 2070 899 3646 976">
    <p class='ocr_par' dir='ltr' id='par_1_23' title="bbox 2070 899 3646 976">
     <span class='ocr_line' id='line_1_23' title="bbox 2070 899 3646 976; baseline 0.008 -24"><span class='ocrx_word' id='word_1_159' title='bbox 2070 899 2322 956; x_wconf 74' lang='lat' dir='ltr'><strong>thodoxae</strong></span> <span class='ocrx_word' id='word_1_160' title='bbox 2345 902 2471 957; x_wconf 88' lang='lat' dir='ltr'><strong>ﬁdei</strong></span> <span class='ocrx_word' id='word_1_161' title='bbox 2508 905 2841 959; x_wconf 83' lang='lat' dir='ltr'><strong>rectitudine</strong></span> <span class='ocrx_word' id='word_1_162' title='bbox 2875 921 2987 959; x_wconf 91' lang='lat' dir='ltr'><strong>non</strong></span> <span class='ocrx_word' id='word_1_163' title='bbox 3029 907 3646 976; x_wconf 85' lang='lat' dir='ltr'><strong>c‘omprehenderimus,</strong></span> 
     </span>
    </p>
   </div>
   <div class='ocr_carea' id='block_1_24' title="bbox 2066 991 3647 1054">
    <p class='ocr_par' dir='ltr' id='par_1_24' title="bbox 2066 991 3647 1054">
     <span class='ocr_line' id='line_1_24' title="bbox 2066 991 3647 1054; baseline 0.007 -11"><span class='ocrx_word' id='word_1_164' title='bbox 2066 991 2112 1044; x_wconf 90' lang='lat' dir='ltr'><strong>si</strong></span> <span class='ocrx_word' id='word_1_165' title='bbox 2140 991 2402 1047; x_wconf 87' lang='lat' dir='ltr'><strong>historice</strong></span> <span class='ocrx_word' id='word_1_166' title='bbox 2428 994 2652 1049; x_wconf 89' lang='lat' dir='ltr'><strong>abducti</strong></span> <span class='ocrx_word' id='word_1_167' title='bbox 2689 997 2959 1050; x_wconf 82' lang='lat' dir='ltr'><strong>fuerimus</strong></span> <span class='ocrx_word' id='word_1_168' title='bbox 3004 1012 3033 1049; x_wconf 89' lang='lat' dir='ltr'><strong>a</strong></span> <span class='ocrx_word' id='word_1_169' title='bbox 3083 996 3347 1052; x_wconf 88' lang='lat' dir='ltr'><strong>dictionis</strong></span> <span class='ocrx_word' id='word_1_170' title='bbox 3377 1001 3647 1054; x_wconf 86' lang='lat' dir='ltr'><strong>crassitu-</strong></span> 
     </span>
    </p>
   </div>
   <div class='ocr_carea' id='block_1_25' title="bbox 2064 1079 3641 1158">
    <p class='ocr_par' dir='ltr' id='par_1_25' title="bbox 2064 1079 3641 1158">
     <span class='ocr_line' id='line_1_25' title="bbox 2064 1079 3641 1158; baseline 0.008 -25"><span class='ocrx_word' id='word_1_171' title='bbox 2064 1079 2215 1134; x_wconf 84' lang='lat' dir='ltr'><strong>dine.</strong></span> <span class='ocrx_word' id='word_1_172' title='bbox 2248 1082 2394 1137; x_wconf 86' lang='lat' dir='ltr'><strong>Deus</strong></span> <span class='ocrx_word' id='word_1_173' title='bbox 2418 1085 2568 1138; x_wconf 89' lang='lat' dir='ltr'><strong>enim</strong></span> <span class='ocrx_word' id='word_1_174' title='bbox 2605 1084 2698 1155; x_wconf 87' lang='lat' dir='ltr'><strong>qui</strong></span> <span class='ocrx_word' id='word_1_175' title='bbox 2736 1086 2928 1154; x_wconf 87' lang='lat' dir='ltr'><strong>implet</strong></span> <span class='ocrx_word' id='word_1_176' title='bbox 2960 1086 3161 1140; x_wconf 59' lang='lat' dir='ltr'><strong>caelum</strong></span> <span class='ocrx_word' id='word_1_177' title='bbox 3191 1097 3249 1141; x_wconf 92' lang='lat' dir='ltr'><strong>et</strong></span> <span class='ocrx_word' id='word_1_178' title='bbox 3279 1094 3505 1153; x_wconf 88' lang='lat' dir='ltr'><strong>terram,</strong></span> <span class='ocrx_word' id='word_1_179' title='bbox 3549 1093 3641 1158; x_wconf 86' lang='lat' dir='ltr'><strong>qui</strong></span> 
     </span>
    </p>
   </div>
   <div class='ocr_carea' id='block_1_26' title="bbox 2065 1168 3644 1244">
    <p class='ocr_par' dir='ltr' id='par_1_26' title="bbox 2065 1168 3644 1244">
     <span class='ocr_line' id='line_1_26' title="bbox 2065 1168 3644 1244; baseline 0.006 -22"><span class='ocrx_word' id='word_1_180' title='bbox 2065 1168 2231 1224; x_wconf 89' lang='lat' dir='ltr'><strong>dicit:</strong></span> <span class='ocrx_word' id='word_1_181' title='bbox 2273 1170 2392 1225; x_wconf 89' lang='lat' dir='ltr'><strong>Non</strong></span> <span class='ocrx_word' id='word_1_182' title='bbox 2422 1174 2622 1227; x_wconf 76' lang='lat' dir='ltr'><strong>uidebit</strong></span> <span class='ocrx_word' id='word_1_183' title='bbox 2650 1178 2804 1228; x_wconf 82' lang='lat' dir='ltr'><strong>homo</strong></span> <span class='ocrx_word' id='word_1_184' title='bbox 2858 1175 3049 1243; x_wconf 79' lang='lat' dir='ltr'><strong>faciem</strong></span> <span class='ocrx_word' id='word_1_185' title='bbox 3079 1190 3251 1227; x_wconf 86' lang='lat' dir='ltr'><strong>meam</strong></span> <span class='ocrx_word' id='word_1_186' title='bbox 3289 1184 3339 1228; x_wconf 86' lang='lat' dir='ltr'><strong>et</strong></span> <span class='ocrx_word' id='word_1_187' title='bbox 3369 1176 3503 1229; x_wconf 73' lang='lat' dir='ltr'><strong>vivet</strong></span> <span class='ocrx_word' id='word_1_188' title='bbox 3563 1178 3644 1244; x_wconf 77' lang='grc' dir='ltr'><strong>³³ς</strong></span> 
     </span>
    </p>
   </div>
   <div class='ocr_carea' id='block_1_27' title="bbox 2063 1261 3647 1333">
    <p class='ocr_par' dir='ltr' id='par_1_27' title="bbox 2063 1261 3647 1333">
     <span class='ocr_line' id='line_1_27' title="bbox 2063 1261 3647 1333; baseline 0.005 -20"><span class='ocrx_word' id='word_1_189' title='bbox 2063 1261 2344 1329; x_wconf 89' lang='lat' dir='ltr'><strong>quomodo</strong></span> <span class='ocrx_word' id='word_1_190' title='bbox 2370 1265 2647 1331; x_wconf 88' lang='lat' dir='ltr'><strong>personaii</strong></span> <span class='ocrx_word' id='word_1_191' title='bbox 2671 1264 2981 1333; x_wconf 68' lang='lat' dir='ltr'><strong>praesentia,</strong></span> <span class='ocrx_word' id='word_1_192' title='bbox 3019 1272 3076 1317; x_wconf 91' lang='lat' dir='ltr'><strong>et</strong></span> <span class='ocrx_word' id='word_1_193' title='bbox 3127 1263 3285 1318; x_wconf 91' lang='lat' dir='ltr'><strong>locali</strong></span> <span class='ocrx_word' id='word_1_194' title='bbox 3347 1265 3509 1319; x_wconf 92' lang='lat' dir='ltr'><strong>simul</strong></span> <span class='ocrx_word' id='word_1_195' title='bbox 3546 1282 3647 1321; x_wconf 83' lang='lat' dir='ltr'><strong>va-</strong></span> 
     </span>
    </p>
   </div>
   <div class='ocr_carea' id='block_1_28' title="bbox 2063 1351 3645 1418">
    <p class='ocr_par' dir='ltr' id='par_1_28' title="bbox 2063 1351 3645 1418">
     <span class='ocr_line' id='line_1_28' title="bbox 2063 1351 3645 1418; baseline 0.003 -13"><span class='ocrx_word' id='word_1_196' title='bbox 2063 1351 2202 1405; x_wconf 89' lang='lat' dir='ltr'><strong>dens</strong></span> <span class='ocrx_word' id='word_1_197' title='bbox 2238 1353 2496 1418; x_wconf 83' lang='lat' dir='ltr'><strong>transitu,</strong></span> <span class='ocrx_word' id='word_1_198' title='bbox 2527 1362 2585 1407; x_wconf 81' lang='lat' dir='ltr'><strong>et</strong></span> <span class='ocrx_word' id='word_1_199' title='bbox 2611 1353 2767 1408; x_wconf 87' lang='lat' dir='ltr'><strong>vocis</strong></span> <span class='ocrx_word' id='word_1_200' title='bbox 2789 1353 2962 1407; x_wconf 89' lang='lat' dir='ltr'><strong>edens</strong></span> <span class='ocrx_word' id='word_1_201' title='bbox 2988 1353 3257 1410; x_wconf 91' lang='lat' dir='ltr'><strong>sonitum.</strong></span> <span class='ocrx_word' id='word_1_202' title='bbox 3307 1353 3362 1408; x_wconf 92' lang='lat' dir='ltr'><strong>in</strong></span> <span class='ocrx_word' id='word_1_203' title='bbox 3411 1355 3645 1411; x_wconf 77' lang='lat' dir='ltr'><strong>meridie</strong></span> 
     </span>
    </p>
   </div>
   <div class='ocr_carea' id='block_1_29' title="bbox 2060 1443 3644 1511">
    <p class='ocr_par' dir='ltr' id='par_1_29' title="bbox 2060 1443 3644 1511">
     <span class='ocr_line' id='line_1_29' title="bbox 2060 1443 3644 1511; baseline 0.003 -14"><span class='ocrx_word' id='word_1_204' title='bbox 2060 1444 2299 1498; x_wconf 88' lang='lat' dir='ltr'><strong>accessit</strong></span> <span class='ocrx_word' id='word_1_205' title='bbox 2350 1443 2420 1498; x_wconf 89' lang='lat' dir='ltr'><strong>ad</strong></span> <span class='ocrx_word' id='word_1_206' title='bbox 2468 1444 3054 1511; x_wconf 72' lang='lat' dir='ltr'><strong>Adamum‘touanam</strong></span> <span class='ocrx_word' id='word_1_207' title='bbox 3112 1454 3298 1499; x_wconf 89' lang='lat' dir='ltr'><strong>autem</strong></span> <span class='ocrx_word' id='word_1_208' title='bbox 3351 1445 3420 1500; x_wconf 91' lang='lat' dir='ltr'><strong>de</strong></span> <span class='ocrx_word' id='word_1_209' title='bbox 3475 1461 3644 1503; x_wconf 73' lang='lat' dir='ltr'><strong>causa</strong></span> 
     </span>
    </p>
   </div>
   <div class='ocr_carea' id='block_1_30' title="bbox 2061 1535 3646 1606">
    <p class='ocr_par' dir='ltr' id='par_1_30' title="bbox 2061 1535 3646 1606">
     <span class='ocr_line' id='line_1_30' title="bbox 2061 1535 3646 1606; baseline 0.005 -18"><span class='ocrx_word' id='word_1_210' title='bbox 2061 1550 2190 1589; x_wconf 90' lang='lat' dir='ltr'><strong>eum</strong></span> <span class='ocrx_word' id='word_1_211' title='bbox 2209 1535 2409 1605; x_wconf 85' lang='lat' dir='ltr'><strong>puduit</strong></span> <span class='ocrx_word' id='word_1_212' title='bbox 2430 1536 2638 1590; x_wconf 90' lang='lat' dir='ltr'><strong>nudum</strong></span> <span class='ocrx_word' id='word_1_213' title='bbox 2668 1537 2913 1606; x_wconf 84' lang='lat' dir='ltr'><strong>conspici</strong></span> <span class='ocrx_word' id='word_1_214' title='bbox 2953 1537 3143 1604; x_wconf 80' lang='lat' dir='ltr'><strong>aDeo,</strong></span> <span class='ocrx_word' id='word_1_215' title='bbox 3175 1553 3302 1593; x_wconf 83' lang='lat' dir='ltr'><strong>cum</strong></span> <span class='ocrx_word' id='word_1_216' title='bbox 3334 1540 3519 1593; x_wconf 88' lang='lat' dir='ltr'><strong>statim</strong></span> <span class='ocrx_word' id='word_1_217' title='bbox 3569 1540 3646 1596; x_wconf 81' lang='lat' dir='ltr'><strong>ab</strong></span> 
     </span>
    </p>
   </div>
   <div class='ocr_carea' id='block_1_31' title="bbox 2063 1626 3646 1703">
    <p class='ocr_par' dir='ltr' id='par_1_31' title="bbox 2063 1626 3646 1703">
     <span class='ocr_line' id='line_1_31' title="bbox 2063 1626 3646 1703; baseline 0.005 -23"><span class='ocrx_word' id='word_1_218' title='bbox 2063 1626 2226 1681; x_wconf 75' lang='lat' dir='ltr'><strong>initio</strong></span> <span class='ocrx_word' id='word_1_219' title='bbox 2252 1628 2435 1701; x_wconf 89' lang='lat' dir='ltr'><strong>nudus</strong></span> <span class='ocrx_word' id='word_1_220' title='bbox 2455 1643 2487 1682; x_wconf 84' lang='lat' dir='ltr'><strong>a</strong></span> <span class='ocrx_word' id='word_1_221' title='bbox 2514 1629 2626 1683; x_wconf 93' lang='lat' dir='ltr'><strong>Deo</strong></span> <span class='ocrx_word' id='word_1_222' title='bbox 2652 1629 2850 1684; x_wconf 89' lang='lat' dir='ltr'><strong>fuisset</strong></span> <span class='ocrx_word' id='word_1_223' title='bbox 2880 1633 3060 1684; x_wconf 88' lang='lat' dir='ltr'><strong>factus</strong></span> <span class='ocrx_word' id='word_1_224' title='bbox 3095 1638 3153 1684; x_wconf 90' lang='lat' dir='ltr'><strong>et</strong></span> <span class='ocrx_word' id='word_1_225' title='bbox 3185 1633 3450 1700; x_wconf 85' lang='lat' dir='ltr'><strong>apertus?</strong></span> <span class='ocrx_word' id='word_1_226' title='bbox 3483 1632 3646 1703; x_wconf 84' lang='lat' dir='ltr'><strong>Igno-</strong></span> 
     </span>
    </p>
   </div>
   <div class='ocr_carea' id='block_1_32' title="bbox 2062 1718 3639 1789">
    <p class='ocr_par' dir='ltr' id='par_1_32' title="bbox 2062 1718 3639 1789">
     <span class='ocr_line' id='line_1_32' title="bbox 2062 1718 3639 1789; baseline 0.005 -18"><span class='ocrx_word' id='word_1_227' title='bbox 2062 1718 2294 1773; x_wconf 85' lang='lat' dir='ltr'><strong>rabatne</strong></span> <span class='ocrx_word' id='word_1_228' title='bbox 2311 1719 2477 1782; x_wconf 86' lang='lat' dir='ltr'><strong>Deus,</strong></span> <span class='ocrx_word' id='word_1_229' title='bbox 2505 1720 2598 1789; x_wconf 91' lang='lat' dir='ltr'><strong>qui</strong></span> <span class='ocrx_word' id='word_1_230' title='bbox 2621 1719 2830 1774; x_wconf 89' lang='lat' dir='ltr'><strong>sciebat</strong></span> <span class='ocrx_word' id='word_1_231' title='bbox 2852 1721 3034 1775; x_wconf 87' lang='lat' dir='ltr'><strong>omnia</strong></span> <span class='ocrx_word' id='word_1_232' title='bbox 3064 1733 3191 1776; x_wconf 89' lang='lat' dir='ltr'><strong>ante</strong></span> <span class='ocrx_word' id='word_1_233' title='bbox 3213 1731 3396 1776; x_wconf 89' lang='lat' dir='ltr'><strong>ortum</strong></span> <span class='ocrx_word' id='word_1_234' title='bbox 3423 1738 3639 1789; x_wconf 89' lang='lat' dir='ltr'><strong>eorum,</strong></span> 
     </span>
    </p>
   </div>
   <div class='ocr_carea' id='block_1_33' title="bbox 360 1794 3636 1887">
    <p class='ocr_par' dir='ltr' id='par_1_33' title="bbox 360 1794 3636 1887">
     <span class='ocr_line' id='line_1_33' title="bbox 360 1794 3636 1887; baseline 0.003 -16"><span class='ocrx_word' id='word_1_235' title='bbox 360 1811 506 1871; x_wconf 89' lang='lat' dir='ltr'><strong>.dera</strong></span> <span class='ocrx_word' id='word_1_236' title='bbox 534 1829 721 1871; x_wconf 86' lang='lat' dir='ltr'><strong>rerum</strong></span> <span class='ocrx_word' id='word_1_237' title='bbox 756 1819 1237 1887; x_wconf 84' lang='lat' dir='ltr'><strong>consequentiam.</strong></span> <span class='ocrx_word' id='word_1_238' title='bbox 1272 1794 1729 1876; x_wconf 13' lang='lat' dir='ltr'><strong>ComeditAdamv</strong></span> <span class='ocrx_word' id='word_1_239' title='bbox 1768 1823 1954 1879; x_wconf 89' lang='lat' dir='ltr'><strong>cibum</strong></span> <span class='ocrx_word' id='word_1_240' title='bbox 1986 1794 2030 1851; x_wconf 73' lang='grc' dir='ltr'><strong><em>Β</em></strong></span> <span class='ocrx_word' id='word_1_241' title='bbox 2060 1810 2240 1864; x_wconf 72' lang='lat' dir='ltr'><strong>locum</strong></span> <span class='ocrx_word' id='word_1_242' title='bbox 2280 1810 2333 1863; x_wconf 78' lang='grc' dir='ltr'><strong>ίη</strong></span> <span class='ocrx_word' id='word_1_243' title='bbox 2380 1825 2491 1879; x_wconf 63' lang='lat' dir='ltr'><strong>till0</strong></span> <span class='ocrx_word' id='word_1_244' title='bbox 2520 1811 2726 1866; x_wconf 61' lang='grc' dir='ltr'><strong>Ιέὶιθὶηιῐ</strong></span> <span class='ocrx_word' id='word_1_245' title='bbox 2775 1812 2972 1878; x_wconf 58' lang='lat' dir='ltr'><strong>Adam»</strong></span> <span class='ocrx_word' id='word_1_246' title='bbox 3017 1822 3076 1868; x_wconf 75' lang='grc' dir='ltr'><strong>ει</strong></span> <span class='ocrx_word' id='word_1_247' title='bbox 3105 1813 3233 1869; x_wconf 70' lang='lat' dir='ltr'><strong>ideo</strong></span> <span class='ocrx_word' id='word_1_248' title='bbox 3274 1816 3636 1872; x_wconf 62' lang='lat' dir='ltr'><strong>exclamaViH</strong></span> 
     </span>
    </p>
   </div>
   <div class='ocr_carea' id='block_1_34' title="bbox 370 1906 1957 1984">
    <p class='ocr_par' dir='ltr' id='par_1_34' title="bbox 370 1906 1957 1984">
     <span class='ocr_line' id='line_1_34' title="bbox 370 1906 1957 1984; baseline 0.008 -25"><span class='ocrx_word' id='word_1_249' title='bbox 370 1906 627 1962; x_wconf 77' lang='lat' dir='ltr'><strong>mulieris</strong></span> <span class='ocrx_word' id='word_1_250' title='bbox 668 1907 1033 1966; x_wconf 88' lang='lat' dir='ltr'><strong>insidiatricis</strong></span> <span class='ocrx_word' id='word_1_251' title='bbox 1068 1932 1083 1966; x_wconf 87' lang='lat'><strong>:</strong></span> <span class='ocrx_word' id='word_1_252' title='bbox 1118 1911 1324 1968; x_wconf 86' lang='lat' dir='ltr'><strong>deinde</strong></span> <span class='ocrx_word' id='word_1_253' title='bbox 1377 1914 1622 1984; x_wconf 74' lang='lat' dir='ltr'><strong>seipsum</strong></span> <span class='ocrx_word' id='word_1_254' title='bbox 1680 1917 1957 1973; x_wconf 78' lang='lat' dir='ltr'><strong>succinxit</strong></span> 
     </span>
    </p>
   </div>
   <div class='ocr_carea' id='block_1_35' title="bbox 372 1998 1956 2072">
    <p class='ocr_par' dir='ltr' id='par_1_35' title="bbox 372 1998 1956 2072">
     <span class='ocr_line' id='line_1_35' title="bbox 372 1998 1956 2072; baseline 0.007 -19"><span class='ocrx_word' id='word_1_255' title='bbox 372 1998 719 2068; x_wconf 79' lang='lat' dir='ltr'><strong>subligaculo</strong></span> <span class='ocrx_word' id='word_1_256' title='bbox 747 2013 1037 2072; x_wconf 84' lang='lat' dir='ltr'><strong>postquam</strong></span> <span class='ocrx_word' id='word_1_257' title='bbox 1079 2005 1448 2063; x_wconf 78' lang='lat' dir='ltr'><strong>comedisset:</strong></span> <span class='ocrx_word' id='word_1_258' title='bbox 1481 2007 1684 2063; x_wconf 78' lang='lat' dir='ltr'><strong>deinde</strong></span> <span class='ocrx_word' id='word_1_259' title='bbox 1711 2009 1956 2064; x_wconf 91' lang='lat' dir='ltr'><strong>comedit</strong></span> 
     </span>
    </p>
   </div>
   <div class='ocr_carea' id='block_1_36' title="bbox 374 2088 1955 2168">
    <p class='ocr_par' dir='ltr' id='par_1_36' title="bbox 374 2088 1955 2168">
     <span class='ocr_line' id='line_1_36' title="bbox 374 2088 1955 2168; baseline 0.009 -27"><span class='ocrx_word' id='word_1_260' title='bbox 374 2096 433 2141; x_wconf 89' lang='lat' dir='ltr'><strong>et</strong></span> <span class='ocrx_word' id='word_1_261' title='bbox 466 2088 626 2149; x_wconf 85' lang='lat' dir='ltr'><strong>latuit</strong></span> <span class='ocrx_word' id='word_1_262' title='bbox 653 2093 759 2145; x_wconf 90' lang='lat' dir='ltr'><strong>sub</strong></span> <span class='ocrx_word' id='word_1_263' title='bbox 780 2092 934 2161; x_wconf 76' lang='lat' dir='ltr'><strong>ligno</strong></span> <span class='ocrx_word' id='word_1_264' title='bbox 956 2093 1011 2147; x_wconf 77' lang='lat' dir='ltr'><strong>in</strong></span> <span class='ocrx_word' id='word_1_265' title='bbox 1038 2095 1318 2162; x_wconf 79' lang='lat' dir='ltr'><strong>paradiso,</strong></span> <span class='ocrx_word' id='word_1_266' title='bbox 1345 2105 1404 2151; x_wconf 90' lang='lat' dir='ltr'><strong>et</strong></span> <span class='ocrx_word' id='word_1_267' title='bbox 1434 2097 1544 2151; x_wconf 91' lang='lat' dir='ltr'><strong>fuit</strong></span> <span class='ocrx_word' id='word_1_268' title='bbox 1581 2101 1869 2168; x_wconf 76' lang='lat' dir='ltr'><strong>quaesitus,</strong></span> <span class='ocrx_word' id='word_1_269' title='bbox 1897 2110 1955 2159; x_wconf 88' lang='lat' dir='ltr'><strong>et</strong></span> 
     </span>
    </p>
   </div>
   <div class='ocr_carea' id='block_1_37' title="bbox 375 2186 1953 2264">
    <p class='ocr_par' dir='ltr' id='par_1_37' title="bbox 375 2186 1953 2264">
     <span class='ocr_line' id='line_1_37' title="bbox 375 2186 1953 2264; baseline 0.01 -31"><span class='ocrx_word' id='word_1_270' title='bbox 375 2187 572 2234; x_wconf 67' lang='lat' dir='ltr'><strong>caetera</strong></span> <span class='ocrx_word' id='word_1_271' title='bbox 608 2195 733 2250; x_wconf 68' lang='lat' dir='ltr'><strong>quae</strong></span> <span class='ocrx_word' id='word_1_272' title='bbox 773 2195 1107 2253; x_wconf 69' lang='lat' dir='ltr'><strong>sequuntur.</strong></span> <span class='ocrx_word' id='word_1_273' title='bbox 1167 2186 1259 2242; x_wconf 92' lang='lat' dir='ltr'><strong>Sic</strong></span> <span class='ocrx_word' id='word_1_274' title='bbox 1301 2189 1466 2244; x_wconf 87' lang='lat' dir='ltr'><strong>etiam</strong></span> <span class='ocrx_word' id='word_1_275' title='bbox 1495 2190 1754 2247; x_wconf 85' lang='lat' dir='ltr'><strong>Christus</strong></span> <span class='ocrx_word' id='word_1_276' title='bbox 1808 2209 1953 2264; x_wconf 62' lang='lat' dir='ltr'><strong>saepe</strong></span> 
     </span>
    </p>
   </div>
   <div class='ocr_carea' id='block_1_38' title="bbox 370 2271 1954 2353">
    <p class='ocr_par' dir='ltr' id='par_1_38' title="bbox 370 2271 1954 2353">
     <span class='ocr_line' id='line_1_38' title="bbox 370 2271 1954 2353; baseline 0.011 -30"><span class='ocrx_word' id='word_1_277' title='bbox 370 2271 616 2330; x_wconf 69' lang='lat' dir='ltr'><strong>comedit</strong></span> <span class='ocrx_word' id='word_1_278' title='bbox 644 2288 773 2330; x_wconf 87' lang='lat' dir='ltr'><strong>cum</strong></span> <span class='ocrx_word' id='word_1_279' title='bbox 807 2275 927 2332; x_wconf 90' lang='lat' dir='ltr'><strong>suis</strong></span> <span class='ocrx_word' id='word_1_280' title='bbox 974 2276 1263 2349; x_wconf 88' lang='lat' dir='ltr'><strong>discipulis</strong></span> <span class='ocrx_word' id='word_1_281' title='bbox 1299 2280 1531 2353; x_wconf 79' lang='lat' dir='ltr'><strong>legalem</strong></span> <span class='ocrx_word' id='word_1_282' title='bbox 1561 2283 1748 2338; x_wconf 87' lang='lat' dir='ltr'><strong>cibum</strong></span> <span class='ocrx_word' id='word_1_283' title='bbox 1813 2286 1954 2341; x_wconf 91' lang='lat' dir='ltr'><strong>insi-</strong></span> 
     </span>
    </p>
   </div>
   <div class='ocr_carea' id='block_1_39' title="bbox 365 2359 1954 2444">
    <p class='ocr_par' dir='ltr' id='par_1_39' title="bbox 365 2359 1954 2444">
     <span class='ocr_line' id='line_1_39' title="bbox 365 2359 1954 2444; baseline 0.011 -31"><span class='ocrx_word' id='word_1_284' title='bbox 365 2359 579 2418; x_wconf 79' lang='lat' dir='ltr'><strong>diantis</strong></span> <span class='ocrx_word' id='word_1_285' title='bbox 604 2363 927 2437; x_wconf 68' lang='lat' dir='ltr'><strong>Synagogte,</strong></span> <span class='ocrx_word' id='word_1_286' title='bbox 954 2380 1011 2423; x_wconf 90' lang='lat' dir='ltr'><strong>et</strong></span> <span class='ocrx_word' id='word_1_287' title='bbox 1052 2370 1219 2424; x_wconf 87' lang='lat' dir='ltr'><strong>etiam</strong></span> <span class='ocrx_word' id='word_1_288' title='bbox 1258 2374 1481 2442; x_wconf 90' lang='lat' dir='ltr'><strong>quando</strong></span> <span class='ocrx_word' id='word_1_289' title='bbox 1503 2389 1738 2444; x_wconf 84' lang='lat' dir='ltr'><strong>serpens</strong></span> <span class='ocrx_word' id='word_1_290' title='bbox 1781 2375 1954 2431; x_wconf 83' lang='lat' dir='ltr'><strong>Judas</strong></span> 
     </span>
    </p>
   </div>
   <div class='ocr_carea' id='block_1_40' title="bbox 372 2453 1953 2540">
    <p class='ocr_par' dir='ltr' id='par_1_40' title="bbox 372 2453 1953 2540">
     <span class='ocr_line' id='line_1_40' title="bbox 372 2453 1953 2540; baseline 0.011 -36"><span class='ocrx_word' id='word_1_291' title='bbox 372 2453 507 2519; x_wconf 81' lang='lat' dir='ltr'><strong>.ecit</strong></span> <span class='ocrx_word' id='word_1_292' title='bbox 526 2457 901 2524; x_wconf 87' lang='lat' dir='ltr'><strong>proditionem</strong></span> <span class='ocrx_word' id='word_1_293' title='bbox 951 2461 1262 2517; x_wconf 91' lang='lat' dir='ltr'><strong>collocutus</strong></span> <span class='ocrx_word' id='word_1_294' title='bbox 1311 2479 1438 2518; x_wconf 88' lang='lat' dir='ltr'><strong>cum</strong></span> <span class='ocrx_word' id='word_1_295' title='bbox 1481 2466 1736 2522; x_wconf 86' lang='lat' dir='ltr'><strong>adultera</strong></span> <span class='ocrx_word' id='word_1_296' title='bbox 1776 2467 1953 2540; x_wconf 77' lang='lat' dir='ltr'><strong>Syna-</strong></span> 
     </span>
    </p>
   </div>
   <div class='ocr_carea' id='block_1_41' title="bbox 376 2547 1953 2629">
    <p class='ocr_par' dir='ltr' id='par_1_41' title="bbox 376 2547 1953 2629">
     <span class='ocr_line' id='line_1_41' title="bbox 376 2547 1953 2629; baseline 0.011 -32"><span class='ocrx_word' id='word_1_297' title='bbox 376 2560 556 2614; x_wconf 82' lang='lat' dir='ltr'><strong>goga:</strong></span> <span class='ocrx_word' id='word_1_298' title='bbox 612 2547 809 2605; x_wconf 87' lang='lat' dir='ltr'><strong>deinde</strong></span> <span class='ocrx_word' id='word_1_299' title='bbox 856 2554 1163 2621; x_wconf 85' lang='lat' dir='ltr'><strong>postquam</strong></span> <span class='ocrx_word' id='word_1_300' title='bbox 1190 2555 1544 2621; x_wconf 87' lang='lat' dir='ltr'><strong>comedisset,</strong></span> <span class='ocrx_word' id='word_1_301' title='bbox 1604 2575 1836 2629; x_wconf 82' lang='lat' dir='ltr'><strong>surgens</strong></span> <span class='ocrx_word' id='word_1_302' title='bbox 1883 2576 1953 2615; x_wconf 77' lang='lat' dir='ltr'><strong>ex</strong></span> 
     </span>
    </p>
   </div>
   <div class='ocr_carea' id='block_1_42' title="bbox 377 2635 1952 2721">
    <p class='ocr_par' dir='ltr' id='par_1_42' title="bbox 377 2635 1952 2721">
     <span class='ocr_line' id='line_1_42' title="bbox 377 2635 1952 2721; baseline 0.012 -34"><span class='ocrx_word' id='word_1_303' title='bbox 377 2647 537 2690; x_wconf 67' lang='lat' dir='ltr'><strong>caena</strong></span> <span class='ocrx_word' id='word_1_304' title='bbox 585 2635 757 2691; x_wconf 85' lang='lat' dir='ltr'><strong>Adam</strong></span> <span class='ocrx_word' id='word_1_305' title='bbox 805 2641 1128 2710; x_wconf 84' lang='lat' dir='ltr'><strong>spiritualis,</strong></span> <span class='ocrx_word' id='word_1_306' title='bbox 1184 2646 1456 2703; x_wconf 80' lang='lat' dir='ltr'><strong>succinxit</strong></span> <span class='ocrx_word' id='word_1_307' title='bbox 1511 2664 1571 2703; x_wconf 88' lang='lat' dir='ltr'><strong>se</strong></span> <span class='ocrx_word' id='word_1_308' title='bbox 1605 2650 1952 2721; x_wconf 76' lang='lat' dir='ltr'><strong>subligaculo</strong></span> 
     </span>
    </p>
   </div>
   <div class='ocr_carea' id='block_1_43' title="bbox 375 2724 1951 2807">
    <p class='ocr_par' dir='ltr' id='par_1_43' title="bbox 375 2724 1951 2807">
     <span class='ocr_line' id='line_1_43' title="bbox 375 2724 1951 2807; baseline 0.013 -29"><span class='ocrx_word' id='word_1_309' title='bbox 375 2724 571 2780; x_wconf 88' lang='lat' dir='ltr'><strong>lintei:</strong></span> <span class='ocrx_word' id='word_1_310' title='bbox 606 2728 807 2786; x_wconf 90' lang='lat' dir='ltr'><strong>deinde</strong></span> <span class='ocrx_word' id='word_1_311' title='bbox 836 2746 935 2786; x_wconf 86' lang='lat' dir='ltr'><strong>sua</strong></span> <span class='ocrx_word' id='word_1_312' title='bbox 969 2743 1165 2802; x_wconf 88' lang='lat' dir='ltr'><strong>sponte</strong></span> <span class='ocrx_word' id='word_1_313' title='bbox 1191 2735 1332 2807; x_wconf 84' lang='lat' dir='ltr'><strong>fugit</strong></span> <span class='ocrx_word' id='word_1_314' title='bbox 1368 2737 1424 2791; x_wconf 91' lang='lat' dir='ltr'><strong>in</strong></span> <span class='ocrx_word' id='word_1_315' title='bbox 1459 2738 1705 2806; x_wconf 89' lang='lat' dir='ltr'><strong>hortum,</strong></span> <span class='ocrx_word' id='word_1_316' title='bbox 1753 2753 1811 2797; x_wconf 90' lang='lat' dir='ltr'><strong>et</strong></span> <span class='ocrx_word' id='word_1_317' title='bbox 1844 2743 1951 2798; x_wconf 91' lang='lat' dir='ltr'><strong>fuit</strong></span> 
     </span>
    </p>
   </div>
   <div class='ocr_carea' id='block_1_44' title="bbox 368 2816 1952 2900">
    <p class='ocr_par' dir='ltr' id='par_1_44' title="bbox 368 2816 1952 2900">
     <span class='ocr_line' id='line_1_44' title="bbox 368 2816 1952 2900; baseline 0.013 -33"><span class='ocrx_word' id='word_1_318' title='bbox 368 2816 654 2884; x_wconf 69' lang='lat' dir='ltr'><strong>guaesitus,</strong></span> <span class='ocrx_word' id='word_1_319' title='bbox 695 2828 1025 2893; x_wconf 82' lang='lat' dir='ltr'><strong>etegressus</strong></span> <span class='ocrx_word' id='word_1_320' title='bbox 1045 2833 1132 2879; x_wconf 91' lang='lat' dir='ltr'><strong>est</strong></span> <span class='ocrx_word' id='word_1_321' title='bbox 1155 2842 1223 2880; x_wconf 79' lang='lat' dir='ltr'><strong>ex</strong></span> <span class='ocrx_word' id='word_1_322' title='bbox 1249 2827 1432 2881; x_wconf 88' lang='lat' dir='ltr'><strong>horto.</strong></span> <span class='ocrx_word' id='word_1_323' title='bbox 1466 2828 1582 2900; x_wconf 82' lang='lat' dir='ltr'><strong>Ego</strong></span> <span class='ocrx_word' id='word_1_324' title='bbox 1627 2839 1812 2885; x_wconf 87' lang='lat' dir='ltr'><strong>autem</strong></span> <span class='ocrx_word' id='word_1_325' title='bbox 1848 2834 1952 2887; x_wconf 81' lang='lat' dir='ltr'><strong>mi-</strong></span> 
     </span>
    </p>
   </div>
   <div class='ocr_carea' id='block_1_45' title="bbox 367 2908 1952 2989">
    <p class='ocr_par' dir='ltr' id='par_1_45' title="bbox 367 2908 1952 2989">
     <span class='ocr_line' id='line_1_45' title="bbox 367 2908 1952 2989; baseline 0.01 -30"><span class='ocrx_word' id='word_1_326' title='bbox 367 2919 466 2960; x_wconf 86' lang='lat' dir='ltr'><strong>ror</strong></span> <span class='ocrx_word' id='word_1_327' title='bbox 506 2908 813 2964; x_wconf 70' lang='lat' dir='ltr'><strong>accitatem</strong></span> <span class='ocrx_word' id='word_1_328' title='bbox 852 2911 1223 2979; x_wconf 61' lang='lat' dir='ltr'><strong>Judteorum,</strong></span> <span class='ocrx_word' id='word_1_329' title='bbox 1253 2928 1546 2987; x_wconf 83' lang='lat' dir='ltr'><strong>prapterea</strong></span> <span class='ocrx_word' id='word_1_330' title='bbox 1585 2922 1739 2989; x_wconf 83' lang='lat' dir='ltr'><strong>quod</strong></span> <span class='ocrx_word' id='word_1_331' title='bbox 1804 2922 1952 2977; x_wconf 86' lang='lat' dir='ltr'><strong>Scri-</strong></span> 
     </span>
    </p>
   </div>
   <div class='ocr_carea' id='block_1_46' title="bbox 340 3002 1947 3075">
    <p class='ocr_par' dir='ltr' id='par_1_46' title="bbox 340 3002 1947 3075">
     <span class='ocr_line' id='line_1_46' title="bbox 340 3002 1947 3075; baseline 0.01 -23"><span class='ocrx_word' id='word_1_332' title='bbox 340 3002 531 3075; x_wconf 81' lang='lat' dir='ltr'><strong>ptura</strong></span> <span class='ocrx_word' id='word_1_333' title='bbox 580 3010 670 3056; x_wconf 90' lang='lat' dir='ltr'><strong>est</strong></span> <span class='ocrx_word' id='word_1_334' title='bbox 718 3002 861 3059; x_wconf 89' lang='lat' dir='ltr'><strong>adeo</strong></span> <span class='ocrx_word' id='word_1_335' title='bbox 909 3015 1100 3061; x_wconf 78' lang='lat' dir='ltr'><strong>exacta</strong></span> <span class='ocrx_word' id='word_1_336' title='bbox 1146 3015 1204 3062; x_wconf 92' lang='lat' dir='ltr'><strong>et</strong></span> <span class='ocrx_word' id='word_1_337' title='bbox 1255 3020 1538 3065; x_wconf 79' lang='lat' dir='ltr'><strong>accurata.</strong></span> <span class='ocrx_word' id='word_1_338' title='bbox 1603 3011 1823 3067; x_wconf 79' lang='lat' dir='ltr'><strong>Etenim</strong></span> <span class='ocrx_word' id='word_1_339' title='bbox 1877 3014 1947 3069; x_wconf 89' lang='lat' dir='ltr'><strong>de</strong></span> 
     </span>
    </p>
   </div>
   <div class='ocr_carea' id='block_1_47' title="bbox 356 3089 1946 3169">
    <p class='ocr_par' dir='ltr' id='par_1_47' title="bbox 356 3089 1946 3169">
     <span class='ocr_line' id='line_1_47' title="bbox 356 3089 1946 3169; baseline 0.009 -25"><span class='ocrx_word' id='word_1_340' title='bbox 356 3089 577 3146; x_wconf 77' lang='lat' dir='ltr'><strong>Adamo</strong></span> <span class='ocrx_word' id='word_1_341' title='bbox 603 3093 874 3164; x_wconf 89' lang='lat' dir='ltr'><strong>scriptum</strong></span> <span class='ocrx_word' id='word_1_342' title='bbox 899 3107 984 3153; x_wconf 90' lang='lat' dir='ltr'><strong>est</strong></span> <span class='ocrx_word' id='word_1_343' title='bbox 1007 3098 1154 3166; x_wconf 92' lang='lat' dir='ltr'><strong>quod</strong></span> <span class='ocrx_word' id='word_1_344' title='bbox 1192 3099 1436 3169; x_wconf 86' lang='lat' dir='ltr'><strong>seipsum</strong></span> <span class='ocrx_word' id='word_1_345' title='bbox 1468 3102 1750 3158; x_wconf 84' lang='lat' dir='ltr'><strong>accinxit:</strong></span> <span class='ocrx_word' id='word_1_346' title='bbox 1793 3104 1946 3160; x_wconf 90' lang='lat' dir='ltr'><strong>simi-</strong></span> 
     </span>
    </p>
   </div>
   <div class='ocr_carea' id='block_1_48' title="bbox 357 3182 1943 3251">
    <p class='ocr_par' dir='ltr' id='par_1_48' title="bbox 357 3182 1943 3251">
     <span class='ocr_line' id='line_1_48' title="bbox 357 3182 1943 3251; baseline 0.009 -14"><span class='ocrx_word' id='word_1_347' title='bbox 357 3182 493 3238; x_wconf 88' lang='lat' dir='ltr'><strong>liter</strong></span> <span class='ocrx_word' id='word_1_348' title='bbox 521 3185 694 3240; x_wconf 87' lang='lat' dir='ltr'><strong>etiam</strong></span> <span class='ocrx_word' id='word_1_349' title='bbox 724 3186 799 3241; x_wconf 84' lang='lat' dir='ltr'><strong>de</strong></span> <span class='ocrx_word' id='word_1_350' title='bbox 836 3186 1086 3245; x_wconf 88' lang='lat' dir='ltr'><strong>Christo.</strong></span> <span class='ocrx_word' id='word_1_351' title='bbox 1133 3190 1189 3246; x_wconf 84' lang='lat' dir='ltr'><strong>Si</strong></span> <span class='ocrx_word' id='word_1_352' title='bbox 1242 3204 1429 3247; x_wconf 89' lang='lat' dir='ltr'><strong>autem</strong></span> <span class='ocrx_word' id='word_1_353' title='bbox 1465 3192 1553 3249; x_wconf 84' lang='lat' dir='ltr'><strong>vis</strong></span> <span class='ocrx_word' id='word_1_354' title='bbox 1578 3195 1769 3251; x_wconf 87' lang='lat' dir='ltr'><strong>videre</strong></span> <span class='ocrx_word' id='word_1_355' title='bbox 1814 3212 1943 3251; x_wconf 90' lang='lat' dir='ltr'><strong>eum</strong></span> 
     </span>
    </p>
   </div>
   <div class='ocr_carea' id='block_1_49' title="bbox 358 3276 1941 3355">
    <p class='ocr_par' dir='ltr' id='par_1_49' title="bbox 358 3276 1941 3355">
     <span class='ocr_line' id='line_1_49' title="bbox 358 3276 1941 3355; baseline 0.009 -26"><span class='ocrx_word' id='word_1_356' title='bbox 358 3276 531 3344; x_wconf 79' lang='lat' dir='ltr'><strong>etiam</strong></span> <span class='ocrx_word' id='word_1_357' title='bbox 554 3277 611 3331; x_wconf 91' lang='lat' dir='ltr'><strong>in</strong></span> <span class='ocrx_word' id='word_1_358' title='bbox 653 3278 817 3334; x_wconf 80' lang='lat' dir='ltr'><strong>horto</strong></span> <span class='ocrx_word' id='word_1_359' title='bbox 842 3281 1340 3347; x_wconf 78' lang='lat' dir='ltr'><strong>nudum,erlinteo</strong></span> <span class='ocrx_word' id='word_1_360' title='bbox 1364 3287 1542 3341; x_wconf 90' lang='lat' dir='ltr'><strong>solum</strong></span> <span class='ocrx_word' id='word_1_361' title='bbox 1574 3290 1941 3355; x_wconf 90' lang='lat' dir='ltr'><strong>succinctum,</strong></span> 
     </span>
    </p>
   </div>
   <div class='ocr_carea' id='block_1_50' title="bbox 359 3366 1945 3449">
    <p class='ocr_par' dir='ltr' id='par_1_50' title="bbox 359 3366 1945 3449">
     <span class='ocr_line' id='line_1_50' title="bbox 359 3366 1945 3449; baseline 0.01 -28"><span class='ocrx_word' id='word_1_362' title='bbox 359 3366 494 3447; x_wconf 79' lang='lat' dir='ltr'><strong>vide</strong></span> <span class='ocrx_word' id='word_1_363' title='bbox 519 3382 647 3424; x_wconf 86' lang='lat' dir='ltr'><strong>eum</strong></span> <span class='ocrx_word' id='word_1_364' title='bbox 717 3370 775 3427; x_wconf 90' lang='lat' dir='ltr'><strong>in</strong></span> <span class='ocrx_word' id='word_1_365' title='bbox 818 3371 1114 3446; x_wconf 85' lang='lat' dir='ltr'><strong>Golgotha,</strong></span> <span class='ocrx_word' id='word_1_366' title='bbox 1168 3377 1518 3449; x_wconf 84' lang='lat' dir='ltr'><strong>subligaculo</strong></span> <span class='ocrx_word' id='word_1_367' title='bbox 1554 3389 1767 3435; x_wconf 87' lang='lat' dir='ltr'><strong>tantum</strong></span> <span class='ocrx_word' id='word_1_368' title='bbox 1818 3397 1945 3437; x_wconf 89' lang='lat' dir='ltr'><strong>suc-</strong></span> 
     </span>
    </p>
   </div>
   <div class='ocr_carea' id='block_1_51' title="bbox 359 3446 1940 3539">
    <p class='ocr_par' dir='ltr' id='par_1_51' title="bbox 359 3446 1940 3539">
     <span class='ocr_line' id='line_1_51' title="bbox 359 3446 1940 3539; baseline 0.009 -26"><span class='ocrx_word' id='word_1_369' title='bbox 359 3446 606 3513; x_wconf 71' lang='lat' dir='ltr'><strong>cinctum</strong></span> <span class='ocrx_word' id='word_1_370' title='bbox 628 3460 1051 3529; x_wconf 86' lang='lat' dir='ltr'><strong>pendentem-in</strong></span> <span class='ocrx_word' id='word_1_371' title='bbox 1086 3480 1275 3532; x_wconf 87' lang='lat' dir='ltr'><strong>cruce,</strong></span> <span class='ocrx_word' id='word_1_372' title='bbox 1310 3446 1476 3538; x_wconf 75' lang='lat' dir='ltr'><strong>supra</strong></span> <span class='ocrx_word' id='word_1_373' title='bbox 1500 3469 1633 3524; x_wconf 73' lang='lat' dir='ltr'><strong>Adte</strong></span> <span class='ocrx_word' id='word_1_374' title='bbox 1666 3473 1940 3539; x_wconf 88' lang='lat' dir='ltr'><strong>cranium,</strong></span> 
     </span>
    </p>
   </div>
   <div class='ocr_carea' id='block_1_52' title="bbox 356 3550 1941 3630">
    <p class='ocr_par' dir='ltr' id='par_1_52' title="bbox 356 3550 1941 3630">
     <span class='ocr_line' id='line_1_52' title="bbox 356 3550 1941 3630; baseline 0.01 -27"><span class='ocrx_word' id='word_1_375' title='bbox 356 3563 469 3619; x_wconf 86' lang='lat' dir='ltr'><strong>pro</strong></span> <span class='ocrx_word' id='word_1_376' title='bbox 520 3550 731 3605; x_wconf 80' lang='lat' dir='ltr'><strong>Adamo</strong></span> <span class='ocrx_word' id='word_1_377' title='bbox 765 3560 822 3607; x_wconf 89' lang='lat' dir='ltr'><strong>et</strong></span> <span class='ocrx_word' id='word_1_378' title='bbox 861 3553 979 3608; x_wconf 81' lang='lat' dir='ltr'><strong>Eva</strong></span> <span class='ocrx_word' id='word_1_379' title='bbox 1014 3557 1340 3625; x_wconf 88' lang='lat' dir='ltr'><strong>patientem,</strong></span> <span class='ocrx_word' id='word_1_380' title='bbox 1375 3560 1444 3615; x_wconf 90' lang='lat' dir='ltr'><strong>de</strong></span> <span class='ocrx_word' id='word_1_381' title='bbox 1478 3561 1684 3630; x_wconf 84' lang='lat' dir='ltr'><strong>quibus</strong></span> <span class='ocrx_word' id='word_1_382' title='bbox 1730 3563 1941 3620; x_wconf 81' lang='lat' dir='ltr'><strong>dictum</strong></span> 
     </span>
    </p>
   </div>
   <div class='ocr_carea' id='block_1_53' title="bbox 355 3642 1942 3711">
    <p class='ocr_par' dir='ltr' id='par_1_53' title="bbox 355 3642 1942 3711">
     <span class='ocr_line' id='line_1_53' title="bbox 355 3642 1942 3711; baseline 0.009 -15"><span class='ocrx_word' id='word_1_383' title='bbox 355 3649 479 3697; x_wconf 83' lang='lat' dir='ltr'><strong>est:</strong></span> <span class='ocrx_word' id='word_1_384' title='bbox 513 3642 580 3697; x_wconf 87' lang='lat' dir='ltr'><strong>Et</strong></span> <span class='ocrx_word' id='word_1_385' title='bbox 608 3645 889 3700; x_wconf 78' lang='lat' dir='ltr'><strong>audierunt</strong></span> <span class='ocrx_word' id='word_1_386' title='bbox 946 3664 1124 3703; x_wconf 80' lang='lat' dir='ltr'><strong>vocem</strong></span> <span class='ocrx_word' id='word_1_387' title='bbox 1155 3649 1368 3706; x_wconf 80' lang='lat' dir='ltr'><strong>Domini</strong></span> <span class='ocrx_word' id='word_1_388' title='bbox 1410 3651 1507 3706; x_wconf 85' lang='lat' dir='ltr'><strong>Dei</strong></span> <span class='ocrx_word' id='word_1_389' title='bbox 1549 3654 1942 3711; x_wconf 69' lang='lat' dir='ltr'><strong>deambulanti:</strong></span> 
     </span>
    </p>
   </div>
   <div class='ocr_carea' id='block_1_54' title="bbox 350 3736 1941 3820">
    <p class='ocr_par' dir='ltr' id='par_1_54' title="bbox 350 3736 1941 3820">
     <span class='ocr_line' id='line_1_54' title="bbox 350 3736 1941 3820; baseline 0.009 -32"><span class='ocrx_word' id='word_1_390' title='bbox 350 3736 420 3789; x_wconf 78' lang='lat' dir='ltr'><strong>in</strong></span> <span class='ocrx_word' id='word_1_391' title='bbox 443 3736 691 3809; x_wconf 69' lang='lat' dir='ltr'><strong>paradiso</strong></span> <span class='ocrx_word' id='word_1_392' title='bbox 722 3740 959 3803; x_wconf 78' lang='lat' dir='ltr'><strong>meridie,</strong></span> <span class='ocrx_word' id='word_1_393' title='bbox 979 3751 1028 3794; x_wconf 87' lang='lat' dir='ltr'><strong>et</strong></span> <span class='ocrx_word' id='word_1_394' title='bbox 1059 3741 1334 3796; x_wconf 79' lang='lat' dir='ltr'><strong>latuerunt</strong></span> <span class='ocrx_word' id='word_1_395' title='bbox 1363 3744 1537 3799; x_wconf 80' lang='lat' dir='ltr'><strong>Adam</strong></span> <span class='ocrx_word' id='word_1_396' title='bbox 1562 3754 1614 3800; x_wconf 88' lang='lat' dir='ltr'><strong>et</strong></span> <span class='ocrx_word' id='word_1_397' title='bbox 1641 3763 1777 3801; x_wconf 73' lang='lat' dir='ltr'><strong>uxor</strong></span> <span class='ocrx_word' id='word_1_398' title='bbox 1826 3750 1941 3820; x_wconf 81' lang='lat' dir='ltr'><strong>ejus</strong></span> 
     </span>
    </p>
   </div>
   <div class='ocr_carea' id='block_1_55' title="bbox 354 3826 1940 3907">
    <p class='ocr_par' dir='ltr' id='par_1_55' title="bbox 354 3826 1940 3907">
     <span class='ocr_line' id='line_1_55' title="bbox 354 3826 1940 3907; baseline 0.01 -28"><span class='ocrx_word' id='word_1_399' title='bbox 354 3842 394 3879; x_wconf 82' lang='lat' dir='ltr'><strong>a</strong></span> <span class='ocrx_word' id='word_1_400' title='bbox 419 3826 554 3895; x_wconf 78' lang='lat' dir='ltr'><strong>[acie</strong></span> <span class='ocrx_word' id='word_1_401' title='bbox 583 3826 795 3883; x_wconf 85' lang='lat' dir='ltr'><strong>Domini</strong></span> <span class='ocrx_word' id='word_1_402' title='bbox 843 3829 938 3883; x_wconf 89' lang='lat' dir='ltr'><strong>Dei</strong></span> <span class='ocrx_word' id='word_1_403' title='bbox 961 3833 1018 3884; x_wconf 87' lang='lat' dir='ltr'><strong>in</strong></span> <span class='ocrx_word' id='word_1_404' title='bbox 1049 3833 1217 3887; x_wconf 87' lang='lat' dir='ltr'><strong>medio</strong></span> <span class='ocrx_word' id='word_1_405' title='bbox 1245 3833 1375 3906; x_wconf 80' lang='lat' dir='ltr'><strong>ligni</strong></span> <span class='ocrx_word' id='word_1_406' title='bbox 1405 3838 1664 3907; x_wconf 81' lang='lat' dir='ltr'><strong>paradisi,</strong></span> <span class='ocrx_word' id='word_1_407' title='bbox 1707 3848 1756 3893; x_wconf 87' lang='lat' dir='ltr'><strong>et</strong></span> <span class='ocrx_word' id='word_1_408' title='bbox 1782 3857 1940 3895; x_wconf 80' lang='lat' dir='ltr'><strong>voca-</strong></span> 
     </span>
    </p>
   </div>
   <div class='ocr_carea' id='block_1_56' title="bbox 350 3916 1942 3997">
    <p class='ocr_par' dir='ltr' id='par_1_56' title="bbox 350 3916 1942 3997">
     <span class='ocr_line' id='line_1_56' title="bbox 350 3916 1942 3997; baseline 0.012 -29"><span class='ocrx_word' id='word_1_409' title='bbox 350 3916 435 3970; x_wconf 75' lang='lat' dir='ltr'><strong>cit</strong></span> <span class='ocrx_word' id='word_1_410' title='bbox 504 3916 761 3993; x_wconf 66' lang='lat' dir='ltr'><strong>Dominus</strong></span> <span class='ocrx_word' id='word_1_411' title='bbox 793 3921 926 3974; x_wconf 80' lang='lat' dir='ltr'><strong>Deus</strong></span> <span class='ocrx_word' id='word_1_412' title='bbox 954 3922 1241 3990; x_wconf 85' lang='lat' dir='ltr'><strong>Adamum,</strong></span> <span class='ocrx_word' id='word_1_413' title='bbox 1276 3934 1326 3979; x_wconf 85' lang='lat' dir='ltr'><strong>et</strong></span> <span class='ocrx_word' id='word_1_414' title='bbox 1356 3927 1490 3981; x_wconf 72' lang='lat' dir='ltr'><strong>dixit</strong></span> <span class='ocrx_word' id='word_1_415' title='bbox 1512 3930 1559 3981; x_wconf 84' lang='lat' dir='ltr'><strong>ei</strong></span> <span class='ocrx_word' id='word_1_416' title='bbox 1580 3945 1600 3982; x_wconf 93' lang='grc'><strong>.·</strong></span> <span class='ocrx_word' id='word_1_417' title='bbox 1634 3930 1830 3997; x_wconf 81' lang='lat' dir='ltr'><strong>Adam,</strong></span> <span class='ocrx_word' id='word_1_418' title='bbox 1854 3933 1942 3988; x_wconf 82' lang='lat' dir='ltr'><strong>ubi</strong></span> 
     </span>
    </p>
   </div>
   <div class='ocr_carea' id='block_1_57' title="bbox 352 4007 1941 4084">
    <p class='ocr_par' dir='ltr' id='par_1_57' title="bbox 352 4007 1941 4084">
     <span class='ocr_line' id='line_1_57' title="bbox 352 4007 1941 4084; baseline 0.013 -24"><span class='ocrx_word' id='word_1_419' title='bbox 352 4007 537 4084; x_wconf 62' lang='grc' dir='ltr'><strong>τιςζῶ</strong></span> <span class='ocrx_word' id='word_1_420' title='bbox 561 4011 697 4065; x_wconf 72' lang='lat' dir='ltr'><strong>dixit</strong></span> <span class='ocrx_word' id='word_1_421' title='bbox 740 4013 791 4066; x_wconf 87' lang='lat' dir='ltr'><strong>ei</strong></span> <span class='ocrx_word' id='word_1_422' title='bbox 812 4030 830 4067; x_wconf 87' lang='lat'><strong>:</strong></span> <span class='ocrx_word' id='word_1_423' title='bbox 856 4013 1039 4069; x_wconf 78' lang='lat' dir='ltr'><strong>Vocem</strong></span> <span class='ocrx_word' id='word_1_424' title='bbox 1069 4024 1218 4072; x_wconf 84' lang='lat' dir='ltr'><strong>tuam</strong></span> <span class='ocrx_word' id='word_1_425' title='bbox 1244 4020 1426 4074; x_wconf 80' lang='lat' dir='ltr'><strong>audivi</strong></span> <span class='ocrx_word' id='word_1_426' title='bbox 1456 4021 1847 4079; x_wconf 81' lang='lat' dir='ltr'><strong>deambulantis</strong></span> <span class='ocrx_word' id='word_1_427' title='bbox 1882 4028 1941 4080; x_wconf 83' lang='lat' dir='ltr'><strong>in</strong></span> 
     </span>
    </p>
   </div>
   <div class='ocr_carea' id='block_1_58' title="bbox 350 4100 1940 4176">
    <p class='ocr_par' dir='ltr' id='par_1_58' title="bbox 350 4100 1940 4176">
     <span class='ocr_line' id='line_1_58' title="bbox 350 4100 1940 4176; baseline 0.01 -24"><span class='ocrx_word' id='word_1_428' title='bbox 350 4100 704 4170; x_wconf 63' lang='lat' dir='ltr'><strong>paradiso,“</strong></span> <span class='ocrx_word' id='word_1_429' title='bbox 727 4104 901 4175; x_wconf 70' lang='lat' dir='ltr'><strong>timui,</strong></span> <span class='ocrx_word' id='word_1_430' title='bbox 928 4108 1056 4176; x_wconf 70' lang='lat' dir='ltr'><strong>quia</strong></span> <span class='ocrx_word' id='word_1_431' title='bbox 1081 4109 1252 4161; x_wconf 83' lang='lat' dir='ltr'><strong>nudus</strong></span> <span class='ocrx_word' id='word_1_432' title='bbox 1280 4126 1421 4174; x_wconf 83' lang='lat' dir='ltr'><strong>sum,</strong></span> <span class='ocrx_word' id='word_1_433' title='bbox 1445 4120 1493 4163; x_wconf 86' lang='lat' dir='ltr'><strong>et</strong></span> <span class='ocrx_word' id='word_1_434' title='bbox 1517 4110 1670 4165; x_wconf 81' lang='lat' dir='ltr'><strong>latui.</strong></span> <span class='ocrx_word' id='word_1_435' title='bbox 1707 4114 1777 4168; x_wconf 84' lang='lat' dir='ltr'><strong>Et</strong></span> <span class='ocrx_word' id='word_1_436' title='bbox 1805 4116 1940 4170; x_wconf 65' lang='lat' dir='ltr'><strong>dixit</strong></span> 
     </span>
    </p>
   </div>
   <div class='ocr_carea' id='block_1_59' title="bbox 351 4180 1940 4272">
    <p class='ocr_par' dir='ltr' id='par_1_59' title="bbox 351 4180 1940 4272">
     <span class='ocr_line' id='line_1_59' title="bbox 351 4180 1940 4272; baseline 0.012 -29"><span class='ocrx_word' id='word_1_437' title='bbox 351 4180 421 4243; x_wconf 79' lang='lat' dir='ltr'><strong>ei</strong></span> <span class='ocrx_word' id='word_1_438' title='bbox 459 4191 632 4248; x_wconf 80' lang='lat' dir='ltr'><strong>Deus:</strong></span> <span class='ocrx_word' id='word_1_439' title='bbox 659 4191 786 4259; x_wconf 77' lang='lat' dir='ltr'><strong>Quis</strong></span> <span class='ocrx_word' id='word_1_440' title='bbox 838 4197 933 4250; x_wconf 86' lang='lat' dir='ltr'><strong>tibi</strong></span> <span class='ocrx_word' id='word_1_441' title='bbox 953 4201 1293 4255; x_wconf 79' lang='lat' dir='ltr'><strong>annuntiauit</strong></span> <span class='ocrx_word' id='word_1_442' title='bbox 1324 4202 1463 4272; x_wconf 83' lang='lat' dir='ltr'><strong>quod</strong></span> <span class='ocrx_word' id='word_1_443' title='bbox 1496 4204 1568 4256; x_wconf 78' lang='lat' dir='ltr'><strong>sis</strong></span> <span class='ocrx_word' id='word_1_444' title='bbox 1613 4206 1807 4271; x_wconf 78' lang='lat' dir='ltr'><strong>nudus,</strong></span> <span class='ocrx_word' id='word_1_445' title='bbox 1837 4207 1940 4262; x_wconf 81' lang='lat' dir='ltr'><strong>nisi</strong></span> 
     </span>
    </p>
   </div>
   <div class='ocr_carea' id='block_1_60' title="bbox 348 4279 1943 4362">
    <p class='ocr_par' dir='ltr' id='par_1_60' title="bbox 348 4279 1943 4362">
     <span class='ocr_line' id='line_1_60' title="bbox 348 4279 1943 4362; baseline 0.012 -29"><span class='ocrx_word' id='word_1_446' title='bbox 348 4295 423 4334; x_wconf 72' lang='lat' dir='ltr'><strong>ex</strong></span> <span class='ocrx_word' id='word_1_447' title='bbox 444 4279 611 4351; x_wconf 82' lang='lat' dir='ltr'><strong>ligno,</strong></span> <span class='ocrx_word' id='word_1_448' title='bbox 650 4298 712 4336; x_wconf 82' lang='lat' dir='ltr'><strong>ea:</strong></span> <span class='ocrx_word' id='word_1_449' title='bbox 741 4300 845 4354; x_wconf 85' lang='lat' dir='ltr'><strong>quo</strong></span> <span class='ocrx_word' id='word_1_450' title='bbox 869 4284 984 4339; x_wconf 78' lang='lat' dir='ltr'><strong>solo</strong></span> <span class='ocrx_word' id='word_1_451' title='bbox 1015 4287 1107 4340; x_wconf 79' lang='lat' dir='ltr'><strong>tibi</strong></span> <span class='ocrx_word' id='word_1_452' title='bbox 1133 4290 1387 4345; x_wconf 80' lang='lat' dir='ltr'><strong>mandavi</strong></span> <span class='ocrx_word' id='word_1_453' title='bbox 1421 4282 1486 4346; x_wconf 73' lang='lat' dir='ltr'><strong>ne</strong></span> <span class='ocrx_word' id='word_1_454' title='bbox 1536 4296 1853 4362; x_wconf 68' lang='lat' dir='ltr'><strong>concederes,</strong></span> <span class='ocrx_word' id='word_1_455' title='bbox 1875 4313 1943 4352; x_wconf 71' lang='lat' dir='ltr'><strong>ea:</strong></span> 
     </span>
    </p>
   </div>
   <div class='ocr_carea' id='block_1_61' title="bbox 350 4372 1137 4429">
    <p class='ocr_par' dir='ltr' id='par_1_61' title="bbox 350 4372 1137 4429">
     <span class='ocr_line' id='line_1_61' title="bbox 350 4372 1137 4429; baseline 0.01 -7"><span class='ocrx_word' id='word_1_456' title='bbox 350 4386 417 4423; x_wconf 82' lang='lat' dir='ltr'><strong>eo</strong></span> <span class='ocrx_word' id='word_1_457' title='bbox 451 4372 812 4429; x_wconf 49' lang='lat' dir='ltr'><strong>comedissesx?</strong></span> <span class='ocrx_word' id='word_1_458' title='bbox 1132 4384 1137 4393; x_wconf 97' lang='lat'><em>‘</em></span> 
     </span>
    </p>
   </div>
   <div class='ocr_carea' id='block_1_62' title="bbox 2058 1899 3641 1972">
    <p class='ocr_par' dir='ltr' id='par_1_62' title="bbox 2058 1899 3641 1972">
     <span class='ocr_line' id='line_1_62' title="bbox 2058 1899 3641 1972; baseline 0.003 -17"><span class='ocrx_word' id='word_1_459' title='bbox 2058 1899 2233 1955; x_wconf 77' lang='lat' dir='ltr'><strong>Adam</strong></span> <span class='ocrx_word' id='word_1_460' title='bbox 2249 1900 2337 1954; x_wconf 87' lang='lat' dir='ltr'><strong>ubi</strong></span> <span class='ocrx_word' id='word_1_461' title='bbox 2371 1901 2470 1954; x_wconf 72' lang='lat' dir='ltr'><strong>es?</strong></span> <span class='ocrx_word' id='word_1_462' title='bbox 2522 1900 2679 1967; x_wconf 85' lang='lat' dir='ltr'><strong>Quod</strong></span> <span class='ocrx_word' id='word_1_463' title='bbox 2742 1913 2828 1956; x_wconf 90' lang='lat' dir='ltr'><strong>est</strong></span> <span class='ocrx_word' id='word_1_464' title='bbox 2873 1912 3058 1958; x_wconf 90' lang='lat' dir='ltr'><strong>autem</strong></span> <span class='ocrx_word' id='word_1_465' title='bbox 3087 1904 3505 1972; x_wconf 88' lang='lat' dir='ltr'><strong>admirabilius,</strong></span> <span class='ocrx_word' id='word_1_466' title='bbox 3541 1922 3641 1962; x_wconf 89' lang='lat' dir='ltr'><strong>cur</strong></span> 
     </span>
    </p>
   </div>
   <div class='ocr_carea' id='block_1_63' title="bbox 2054 1994 3642 2067">
    <p class='ocr_par' dir='ltr' id='par_1_63' title="bbox 2054 1994 3642 2067">
     <span class='ocr_line' id='line_1_63' title="bbox 2054 1994 3642 2067; baseline 0.005 -23"><span class='ocrx_word' id='word_1_467' title='bbox 2054 2006 2168 2045; x_wconf 86' lang='lat' dir='ltr'><strong>non</strong></span> <span class='ocrx_word' id='word_1_468' title='bbox 2203 2000 2364 2046; x_wconf 88' lang='lat' dir='ltr'><strong>vocat</strong></span> <span class='ocrx_word' id='word_1_469' title='bbox 2406 2001 2696 2061; x_wconf 90' lang='lat' dir='ltr'><strong>utrosque,</strong></span> <span class='ocrx_word' id='word_1_470' title='bbox 2726 2002 2785 2047; x_wconf 89' lang='lat' dir='ltr'><strong>et</strong></span> <span class='ocrx_word' id='word_1_471' title='bbox 2805 1994 2980 2048; x_wconf 91' lang='lat' dir='ltr'><strong>multo</strong></span> <span class='ocrx_word' id='word_1_472' title='bbox 3005 1994 3179 2064; x_wconf 88' lang='lat' dir='ltr'><strong>magis</strong></span> <span class='ocrx_word' id='word_1_473' title='bbox 3202 1995 3492 2051; x_wconf 88' lang='lat' dir='ltr'><strong>mulierem</strong></span> <span class='ocrx_word' id='word_1_474' title='bbox 3515 2013 3642 2067; x_wconf 64' lang='lat' dir='ltr'><strong>quae</strong></span> 
     </span>
    </p>
   </div>
   <div class='ocr_carea' id='block_1_64' title="bbox 2056 2083 3639 2155">
    <p class='ocr_par' dir='ltr' id='par_1_64' title="bbox 2056 2083 3639 2155">
     <span class='ocr_line' id='line_1_64' title="bbox 2056 2083 3639 2155; baseline 0.003 -17"><span class='ocrx_word' id='word_1_475' title='bbox 2056 2083 2238 2138; x_wconf 88' lang='lat' dir='ltr'><strong>fuerat</strong></span> <span class='ocrx_word' id='word_1_476' title='bbox 2257 2083 2519 2153; x_wconf 87' lang='lat' dir='ltr'><strong>decepta:</strong></span> <span class='ocrx_word' id='word_1_477' title='bbox 2568 2084 2742 2138; x_wconf 79' lang='lat' dir='ltr'><strong>Adam</strong></span> <span class='ocrx_word' id='word_1_478' title='bbox 2775 2086 2917 2139; x_wconf 87' lang='lat' dir='ltr'><strong>enim</strong></span> <span class='ocrx_word' id='word_1_479' title='bbox 2960 2101 3067 2139; x_wconf 83' lang='lat' dir='ltr'><strong>non</strong></span> <span class='ocrx_word' id='word_1_480' title='bbox 3125 2096 3201 2140; x_wconf 79' lang='lat' dir='ltr'><strong>est</strong></span> <span class='ocrx_word' id='word_1_481' title='bbox 3226 2087 3493 2155; x_wconf 78' lang='lat' dir='ltr'><strong>deceptus,</strong></span> <span class='ocrx_word' id='word_1_482' title='bbox 3545 2090 3639 2143; x_wconf 82' lang='lat' dir='ltr'><strong>sed</strong></span> 
     </span>
    </p>
   </div>
   <div class='ocr_carea' id='block_1_65' title="bbox 2056 2174 3639 2246">
    <p class='ocr_par' dir='ltr' id='par_1_65' title="bbox 2056 2174 3639 2246">
     <span class='ocr_line' id='line_1_65' title="bbox 2056 2174 3639 2246; baseline 0.003 -16"><span class='ocrx_word' id='word_1_483' title='bbox 2056 2174 2252 2230; x_wconf 82' lang='lat' dir='ltr'><strong>mulier</strong></span> <span class='ocrx_word' id='word_1_484' title='bbox 2289 2176 2391 2246; x_wconf 81' lang='lat' dir='ltr'><strong>fuit</strong></span> <span class='ocrx_word' id='word_1_485' title='bbox 2424 2176 2663 2245; x_wconf 82' lang='lat' dir='ltr'><strong>decepta.</strong></span> <span class='ocrx_word' id='word_1_486' title='bbox 2691 2174 2976 2242; x_wconf 87' lang='lat' dir='ltr'><strong>Quomodo</strong></span> <span class='ocrx_word' id='word_1_487' title='bbox 3018 2185 3202 2232; x_wconf 90' lang='lat' dir='ltr'><strong>autem</strong></span> <span class='ocrx_word' id='word_1_488' title='bbox 3236 2193 3345 2232; x_wconf 89' lang='lat' dir='ltr'><strong>non</strong></span> <span class='ocrx_word' id='word_1_489' title='bbox 3389 2180 3639 2235; x_wconf 86' lang='lat' dir='ltr'><strong>cernitur</strong></span> 
     </span>
    </p>
   </div>
   <div class='ocr_carea' id='block_1_66' title="bbox 2055 2265 3637 2326">
    <p class='ocr_par' dir='ltr' id='par_1_66' title="bbox 2055 2265 3637 2326">
     <span class='ocr_line' id='line_1_66' title="bbox 2055 2265 3637 2326; baseline 0.003 -5"><span class='ocrx_word' id='word_1_490' title='bbox 2055 2266 2203 2321; x_wconf 91' lang='lat' dir='ltr'><strong>Deus</strong></span> <span class='ocrx_word' id='word_1_491' title='bbox 2245 2265 2699 2320; x_wconf 60' lang='lat' dir='ltr'><strong>omninoiuisse</strong></span> <span class='ocrx_word' id='word_1_492' title='bbox 2761 2267 2985 2321; x_wconf 87' lang='lat' dir='ltr'><strong>locutus</strong></span> <span class='ocrx_word' id='word_1_493' title='bbox 3034 2282 3161 2322; x_wconf 91' lang='lat' dir='ltr'><strong>cum</strong></span> <span class='ocrx_word' id='word_1_494' title='bbox 3225 2269 3461 2324; x_wconf 70' lang='lat' dir='ltr'><strong>muéiere</strong></span> <span class='ocrx_word' id='word_1_495' title='bbox 3507 2280 3637 2326; x_wconf 83' lang='lat' dir='ltr'><strong>ante</strong></span> 
     </span>
    </p>
   </div>
   <div class='ocr_carea' id='block_1_67' title="bbox 2055 2356 3635 2429">
    <p class='ocr_par' dir='ltr' id='par_1_67' title="bbox 2055 2356 3635 2429">
     <span class='ocr_line' id='line_1_67' title="bbox 2055 2356 3635 2429; baseline 0.002 -16"><span class='ocrx_word' id='word_1_496' title='bbox 2055 2358 2591 2429; x_wconf 83' lang='lat' dir='ltr'><strong>transgressionem?</strong></span> <span class='ocrx_word' id='word_1_497' title='bbox 2611 2356 2881 2423; x_wconf 84' lang='lat' dir='ltr'><strong>Quoniam</strong></span> <span class='ocrx_word' id='word_1_498' title='bbox 2905 2373 3036 2429; x_wconf 86' lang='lat' dir='ltr'><strong>ergo</strong></span> <span class='ocrx_word' id='word_1_499' title='bbox 3059 2372 3150 2414; x_wconf 89' lang='lat' dir='ltr'><strong>est</strong></span> <span class='ocrx_word' id='word_1_500' title='bbox 3175 2375 3370 2429; x_wconf 85' lang='lat' dir='ltr'><strong>magna</strong></span> <span class='ocrx_word' id='word_1_501' title='bbox 3393 2370 3450 2415; x_wconf 90' lang='lat' dir='ltr'><strong>et</strong></span> <span class='ocrx_word' id='word_1_502' title='bbox 3479 2376 3635 2416; x_wconf 88' lang='lat' dir='ltr'><strong>com-</strong></span> 
     </span>
    </p>
   </div>
   <div class='ocr_carea' id='block_1_68' title="bbox 2055 2449 3631 2522">
    <p class='ocr_par' dir='ltr' id='par_1_68' title="bbox 2055 2449 3631 2522">
     <span class='ocr_line' id='line_1_68' title="bbox 2055 2449 3631 2522; baseline 0.003 -18"><span class='ocrx_word' id='word_1_503' title='bbox 2055 2453 2338 2521; x_wconf 88' lang='lat' dir='ltr'><strong>prebensu</strong></span> <span class='ocrx_word' id='word_1_504' title='bbox 2389 2449 2632 2504; x_wconf 84' lang='lat' dir='ltr'><strong>diiiiciiis</strong></span> <span class='ocrx_word' id='word_1_505' title='bbox 2683 2465 2851 2519; x_wconf 87' lang='lat' dir='ltr'><strong>super</strong></span> <span class='ocrx_word' id='word_1_506' title='bbox 2910 2451 3097 2505; x_wconf 90' lang='lat' dir='ltr'><strong>omnia</strong></span> <span class='ocrx_word' id='word_1_507' title='bbox 3132 2467 3254 2521; x_wconf 64' lang='lat' dir='ltr'><strong>quae</strong></span> <span class='ocrx_word' id='word_1_508' title='bbox 3294 2453 3451 2522; x_wconf 89' lang='lat' dir='ltr'><strong>prius</strong></span> <span class='ocrx_word' id='word_1_509' title='bbox 3481 2453 3631 2509; x_wconf 83' lang='lat' dir='ltr'><strong>dicta</strong></span> 
     </span>
    </p>
   </div>
   <div class='ocr_carea' id='block_1_69' title="bbox 2057 2545 3632 2613">
    <p class='ocr_par' dir='ltr' id='par_1_69' title="bbox 2057 2545 3632 2613">
     <span class='ocr_line' id='line_1_69' title="bbox 2057 2545 3632 2613; baseline 0.001 -14"><span class='ocrx_word' id='word_1_510' title='bbox 2057 2555 2190 2599; x_wconf 88' lang='lat' dir='ltr'><strong>sunt</strong></span> <span class='ocrx_word' id='word_1_511' title='bbox 2215 2559 2341 2598; x_wconf 88' lang='lat' dir='ltr'><strong>vera</strong></span> <span class='ocrx_word' id='word_1_512' title='bbox 2368 2559 2564 2598; x_wconf 87' lang='lat' dir='ltr'><strong>eorum</strong></span> <span class='ocrx_word' id='word_1_513' title='bbox 2600 2559 2723 2612; x_wconf 74' lang='lat' dir='ltr'><strong>quae</strong></span> <span class='ocrx_word' id='word_1_514' title='bbox 2761 2552 2890 2597; x_wconf 90' lang='lat' dir='ltr'><strong>sunt</strong></span> <span class='ocrx_word' id='word_1_515' title='bbox 2922 2545 3206 2613; x_wconf 88' lang='lat' dir='ltr'><strong>proposita</strong></span> <span class='ocrx_word' id='word_1_516' title='bbox 3238 2547 3632 2607; x_wconf 80' lang='lat' dir='ltr'><strong>consideratio.</strong></span> 
     </span>
    </p>
   </div>
   <div class='ocr_carea' id='block_1_70' title="bbox 2054 2636 3635 2707">
    <p class='ocr_par' dir='ltr' id='par_1_70' title="bbox 2054 2636 3635 2707">
     <span class='ocr_line' id='line_1_70' title="bbox 2054 2636 3635 2707; baseline 0.001 -15"><span class='ocrx_word' id='word_1_517' title='bbox 2054 2654 2166 2692; x_wconf 87' lang='lat' dir='ltr'><strong>non</strong></span> <span class='ocrx_word' id='word_1_518' title='bbox 2213 2637 2389 2692; x_wconf 86' lang='lat' dir='ltr'><strong>solum</strong></span> <span class='ocrx_word' id='word_1_519' title='bbox 2420 2636 2488 2691; x_wconf 89' lang='lat' dir='ltr'><strong>iis</strong></span> <span class='ocrx_word' id='word_1_520' title='bbox 2531 2636 2627 2705; x_wconf 92' lang='lat' dir='ltr'><strong>qui</strong></span> <span class='ocrx_word' id='word_1_521' title='bbox 2679 2644 2809 2690; x_wconf 90' lang='lat' dir='ltr'><strong>sunt</strong></span> <span class='ocrx_word' id='word_1_522' title='bbox 2852 2636 3060 2691; x_wconf 88' lang='lat' dir='ltr'><strong>nostris</strong></span> <span class='ocrx_word' id='word_1_523' title='bbox 3118 2638 3498 2707; x_wconf 88' lang='lat' dir='ltr'><strong>temporibus,</strong></span> <span class='ocrx_word' id='word_1_524' title='bbox 3535 2638 3635 2694; x_wconf 89' lang='lat' dir='ltr'><strong>sed</strong></span> 
     </span>
    </p>
   </div>
   <div class='ocr_carea' id='block_1_71' title="bbox 2052 2726 3633 2798">
    <p class='ocr_par' dir='ltr' id='par_1_71' title="bbox 2052 2726 3633 2798">
     <span class='ocr_line' id='line_1_71' title="bbox 2052 2726 3633 2798; baseline 0 -15"><span class='ocrx_word' id='word_1_525' title='bbox 2052 2730 2218 2783; x_wconf 89' lang='lat' dir='ltr'><strong>etiam</strong></span> <span class='ocrx_word' id='word_1_526' title='bbox 2244 2729 2314 2783; x_wconf 89' lang='lat' dir='ltr'><strong>iis</strong></span> <span class='ocrx_word' id='word_1_527' title='bbox 2346 2728 2442 2798; x_wconf 90' lang='lat' dir='ltr'><strong>qui</strong></span> <span class='ocrx_word' id='word_1_528' title='bbox 2491 2726 2681 2783; x_wconf 90' lang='lat' dir='ltr'><strong>multis</strong></span> <span class='ocrx_word' id='word_1_529' title='bbox 2726 2734 2852 2780; x_wconf 85' lang='lat' dir='ltr'><strong>ante</strong></span> <span class='ocrx_word' id='word_1_530' title='bbox 2900 2726 3117 2782; x_wconf 62' lang='lat' dir='ltr'><strong>saeculis</strong></span> <span class='ocrx_word' id='word_1_531' title='bbox 3154 2741 3184 2780; x_wconf 92' lang='lat' dir='ltr'><strong>a</strong></span> <span class='ocrx_word' id='word_1_532' title='bbox 3217 2727 3330 2781; x_wconf 89' lang='lat' dir='ltr'><strong>Deo</strong></span> <span class='ocrx_word' id='word_1_533' title='bbox 3360 2728 3515 2783; x_wconf 88' lang='lat' dir='ltr'><strong>fuere</strong></span> <span class='ocrx_word' id='word_1_534' title='bbox 3548 2728 3633 2783; x_wconf 43' lang='lat' dir='ltr'><strong>aii</strong></span> 
     </span>
    </p>
   </div>
   <div class='ocr_carea' id='block_1_72' title="bbox 2052 2818 3634 2887">
    <p class='ocr_par' dir='ltr' id='par_1_72' title="bbox 2052 2818 3634 2887">
     <span class='ocr_line' id='line_1_72' title="bbox 2052 2818 3634 2887; baseline 0.001 -15"><span class='ocrx_word' id='word_1_535' title='bbox 2052 2818 2191 2882; x_wconf 84' lang='lat' dir='ltr'><strong>ﬂati,</strong></span> <span class='ocrx_word' id='word_1_536' title='bbox 2220 2827 2277 2873; x_wconf 90' lang='lat' dir='ltr'><strong>et</strong></span> <span class='ocrx_word' id='word_1_537' title='bbox 2322 2818 2378 2871; x_wconf 92' lang='lat' dir='ltr'><strong>in</strong></span> <span class='ocrx_word' id='word_1_538' title='bbox 2409 2818 2476 2872; x_wconf 90' lang='lat' dir='ltr'><strong>iis</strong></span> <span class='ocrx_word' id='word_1_539' title='bbox 2496 2826 2627 2872; x_wconf 89' lang='lat' dir='ltr'><strong>sunt</strong></span> <span class='ocrx_word' id='word_1_540' title='bbox 2654 2818 2884 2887; x_wconf 86' lang='lat' dir='ltr'><strong>pulchre</strong></span> <span class='ocrx_word' id='word_1_541' title='bbox 2910 2819 3138 2882; x_wconf 90' lang='lat' dir='ltr'><strong>versati,</strong></span> <span class='ocrx_word' id='word_1_542' title='bbox 3171 2819 3317 2872; x_wconf 85' lang='lat' dir='ltr'><strong>sicut</strong></span> <span class='ocrx_word' id='word_1_543' title='bbox 3358 2820 3529 2874; x_wconf 87' lang='lat' dir='ltr'><strong>etiam</strong></span> <span class='ocrx_word' id='word_1_544' title='bbox 3553 2819 3634 2874; x_wconf 90' lang='lat' dir='ltr'><strong>di-</strong></span> 
     </span>
    </p>
   </div>
   <div class='ocr_carea' id='block_1_73' title="bbox 2051 2909 3631 2979">
    <p class='ocr_par' dir='ltr' id='par_1_73' title="bbox 2051 2909 3631 2979">
     <span class='ocr_line' id='line_1_73' title="bbox 2051 2909 3631 2979; baseline -0.001 -13"><span class='ocrx_word' id='word_1_545' title='bbox 2051 2912 2130 2966; x_wconf 88' lang='lat' dir='ltr'><strong>cit</strong></span> <span class='ocrx_word' id='word_1_546' title='bbox 2157 2911 2501 2966; x_wconf 79' lang='lat' dir='ltr'><strong>Adamantus</strong></span> <span class='ocrx_word' id='word_1_547' title='bbox 2524 2909 2732 2965; x_wconf 86' lang='lat' dir='ltr'><strong>Christi</strong></span> <span class='ocrx_word' id='word_1_548' title='bbox 2774 2909 3096 2979; x_wconf 88' lang='lat' dir='ltr'><strong>indagator:</strong></span> <span class='ocrx_word' id='word_1_549' title='bbox 3154 2909 3269 2963; x_wconf 68' lang='lat' dir='ltr'><strong>haec</strong></span> <span class='ocrx_word' id='word_1_550' title='bbox 3313 2925 3535 2979; x_wconf 89' lang='lat' dir='ltr'><strong>quoque</strong></span> <span class='ocrx_word' id='word_1_551' title='bbox 3560 2911 3631 2965; x_wconf 90' lang='lat' dir='ltr'><strong>ad</strong></span> 
     </span>
    </p>
   </div>
   <div class='ocr_carea' id='block_1_74' title="bbox 2051 3000 3633 3070">
    <p class='ocr_par' dir='ltr' id='par_1_74' title="bbox 2051 3000 3633 3070">
     <span class='ocr_line' id='line_1_74' title="bbox 2051 3000 3633 3070; baseline -0.002 -12"><span class='ocrx_word' id='word_1_552' title='bbox 2051 3003 2288 3058; x_wconf 86' lang='lat' dir='ltr'><strong>aliorum</strong></span> <span class='ocrx_word' id='word_1_553' title='bbox 2346 3000 2769 3056; x_wconf 89' lang='lat' dir='ltr'><strong>similitudinem</strong></span> <span class='ocrx_word' id='word_1_554' title='bbox 2816 3015 3130 3069; x_wconf 90' lang='lat' dir='ltr'><strong>precemur,</strong></span> <span class='ocrx_word' id='word_1_555' title='bbox 3185 3009 3245 3053; x_wconf 91' lang='lat' dir='ltr'><strong>ut</strong></span> <span class='ocrx_word' id='word_1_556' title='bbox 3297 3001 3633 3070; x_wconf 82' lang='lat' dir='ltr'><strong>accipiamus</strong></span> 
     </span>
    </p>
   </div>
   <div class='ocr_carea' id='block_1_75' title="bbox 2053 3085 3629 3157">
    <p class='ocr_par' dir='ltr' id='par_1_75' title="bbox 2053 3085 3629 3157">
     <span class='ocr_line' id='line_1_75' title="bbox 2053 3085 3629 3157; baseline 0.001 -15"><span class='ocrx_word' id='word_1_557' title='bbox 2053 3087 2286 3157; x_wconf 88' lang='lat' dir='ltr'><strong>digitum</strong></span> <span class='ocrx_word' id='word_1_558' title='bbox 2313 3087 2407 3156; x_wconf 89' lang='lat' dir='ltr'><strong>qui</strong></span> <span class='ocrx_word' id='word_1_559' title='bbox 2439 3087 2618 3156; x_wconf 85' lang='lat' dir='ltr'><strong>tetigit</strong></span> <span class='ocrx_word' id='word_1_560' title='bbox 2638 3086 2833 3140; x_wconf 90' lang='lat' dir='ltr'><strong>oculos</strong></span> <span class='ocrx_word' id='word_1_561' title='bbox 2855 3086 2984 3141; x_wconf 59' lang='lat' dir='ltr'><strong>caeci</strong></span> <span class='ocrx_word' id='word_1_562' title='bbox 3007 3087 3078 3140; x_wconf 87' lang='lat' dir='ltr'><strong>ab</strong></span> <span class='ocrx_word' id='word_1_563' title='bbox 3102 3093 3252 3140; x_wconf 90' lang='lat' dir='ltr'><strong>ortu.</strong></span> <span class='ocrx_word' id='word_1_564' title='bbox 3275 3085 3379 3152; x_wconf 88' lang='lat' dir='ltr'><strong>Qui</strong></span> <span class='ocrx_word' id='word_1_565' title='bbox 3400 3088 3629 3156; x_wconf 85' lang='lat' dir='ltr'><strong>quidem</strong></span> 
     </span>
    </p>
   </div>
   <div class='ocr_carea' id='block_1_76' title="bbox 2049 3175 3631 3259">
    <p class='ocr_par' dir='ltr' id='par_1_76' title="bbox 2049 3175 3631 3259">
     <span class='ocr_line' id='line_1_76' title="bbox 2049 3175 3631 3259; baseline -0.001 -26"><span class='ocrx_word' id='word_1_566' title='bbox 2049 3176 2773 3259; x_wconf 76' lang='lat' dir='ltr'><strong>DominusAdamusstatim</strong></span> <span class='ocrx_word' id='word_1_567' title='bbox 2800 3178 2868 3230; x_wconf 87' lang='lat' dir='ltr'><strong>ab</strong></span> <span class='ocrx_word' id='word_1_568' title='bbox 2893 3185 3019 3230; x_wconf 91' lang='lat' dir='ltr'><strong>ortu</strong></span> <span class='ocrx_word' id='word_1_569' title='bbox 3061 3175 3167 3230; x_wconf 89' lang='lat' dir='ltr'><strong>l&#39;uit</strong></span> <span class='ocrx_word' id='word_1_570' title='bbox 3185 3176 3536 3242; x_wconf 83' lang='lat' dir='ltr'><strong>immortalis,</strong></span> <span class='ocrx_word' id='word_1_571' title='bbox 3568 3187 3631 3232; x_wconf 88' lang='lat' dir='ltr'><strong>ut</strong></span> 
     </span>
    </p>
   </div>
   <div class='ocr_carea' id='block_1_77' title="bbox 2049 3269 3633 3342">
    <p class='ocr_par' dir='ltr' id='par_1_77' title="bbox 2049 3269 3633 3342">
     <span class='ocr_line' id='line_1_77' title="bbox 2049 3269 3633 3342; baseline 0.001 -17"><span class='ocrx_word' id='word_1_572' title='bbox 2049 3272 2142 3342; x_wconf 86' lang='lat' dir='ltr'><strong>qui</strong></span> <span class='ocrx_word' id='word_1_573' title='bbox 2162 3271 2592 3326; x_wconf 89' lang='lat' dir='ltr'><strong>fueritocuiatus</strong></span> <span class='ocrx_word' id='word_1_574' title='bbox 2614 3269 2754 3324; x_wconf 87' lang='lat' dir='ltr'><strong>aDei</strong></span> <span class='ocrx_word' id='word_1_575' title='bbox 2770 3269 2997 3333; x_wconf 90' lang='lat' dir='ltr'><strong>lumine,</strong></span> <span class='ocrx_word' id='word_1_576' title='bbox 3018 3277 3099 3333; x_wconf 91' lang='lat' dir='ltr'><strong>ut,</strong></span> <span class='ocrx_word' id='word_1_577' title='bbox 3118 3284 3242 3325; x_wconf 90' lang='lat' dir='ltr'><strong>cum</strong></span> <span class='ocrx_word' id='word_1_578' title='bbox 3260 3271 3525 3340; x_wconf 79' lang='lat' dir='ltr'><strong>tetigisset</strong></span> <span class='ocrx_word' id='word_1_579' title='bbox 3536 3286 3633 3326; x_wconf 80' lang='lat' dir='ltr'><strong>no-</strong></span> 
     </span>
    </p>
   </div>
   <div class='ocr_carea' id='block_1_78' title="bbox 2048 3361 3628 3431">
    <p class='ocr_par' dir='ltr' id='par_1_78' title="bbox 2048 3361 3628 3431">
     <span class='ocr_line' id='line_1_78' title="bbox 2048 3361 3628 3431; baseline -0.003 -11"><span class='ocrx_word' id='word_1_580' title='bbox 2048 3376 2192 3420; x_wconf 89' lang='lat' dir='ltr'><strong>stros</strong></span> <span class='ocrx_word' id='word_1_581' title='bbox 2202 3365 2415 3428; x_wconf 91' lang='lat' dir='ltr'><strong>oculos,</strong></span> <span class='ocrx_word' id='word_1_582' title='bbox 2434 3363 2674 3417; x_wconf 81' lang='lat' dir='ltr'><strong>diceret:</strong></span> <span class='ocrx_word' id='word_1_583' title='bbox 2692 3361 2986 3431; x_wconf 81' lang='lat' dir='ltr'><strong>Ephpheta,</strong></span> <span class='ocrx_word' id='word_1_584' title='bbox 3000 3361 3139 3429; x_wconf 84' lang='lat' dir='ltr'><strong>quod</strong></span> <span class='ocrx_word' id='word_1_585' title='bbox 3151 3370 3246 3420; x_wconf 84' lang='lat' dir='ltr'><strong>est.</strong></span> <span class='ocrx_word' id='word_1_586' title='bbox 3261 3361 3545 3431; x_wconf 84' lang='lat' dir='ltr'><strong>adaperire</strong></span> <span class='ocrx_word' id='word_1_587' title='bbox 3561 3362 3628 3416; x_wconf 74' lang='lat'><strong>“.</strong></span> 
     </span>
    </p>
   </div>
   <div class='ocr_carea' id='block_1_79' title="bbox 2045 3453 3626 3522">
    <p class='ocr_par' dir='ltr' id='par_1_79' title="bbox 2045 3453 3626 3522">
     <span class='ocr_line' id='line_1_79' title="bbox 2045 3453 3626 3522; baseline -0.003 -10"><span class='ocrx_word' id='word_1_588' title='bbox 2045 3457 2234 3513; x_wconf 87' lang='lat' dir='ltr'><strong>Nostri</strong></span> <span class='ocrx_word' id='word_1_589' title='bbox 2269 3455 2419 3510; x_wconf 88' lang='lat' dir='ltr'><strong>enim</strong></span> <span class='ocrx_word' id='word_1_590' title='bbox 2482 3453 2626 3509; x_wconf 92' lang='lat' dir='ltr'><strong>oculi</strong></span> <span class='ocrx_word' id='word_1_591' title='bbox 2663 3461 2924 3508; x_wconf 88' lang='lat' dir='ltr'><strong>tenentur</strong></span> <span class='ocrx_word' id='word_1_592' title='bbox 2961 3468 3032 3506; x_wconf 87' lang='lat' dir='ltr'><strong>ne</strong></span> <span class='ocrx_word' id='word_1_593' title='bbox 3080 3461 3272 3521; x_wconf 86' lang='lat' dir='ltr'><strong>aperte</strong></span> <span class='ocrx_word' id='word_1_594' title='bbox 3301 3462 3626 3522; x_wconf 87' lang='lat' dir='ltr'><strong>agnoscant.</strong></span> 
     </span>
    </p>
   </div>
   <div class='ocr_carea' id='block_1_80' title="bbox 2116 3532 3663 3616">
    <p class='ocr_par' dir='ltr' id='par_1_80' title="bbox 2116 3532 3663 3616">
     <span class='ocr_line' id='line_1_80' title="bbox 2116 3532 3663 3616; baseline -0.003 -12"><span class='ocrx_word' id='word_1_595' title='bbox 2116 3547 2406 3616; x_wconf 83' lang='lat' dir='ltr'><strong>Quomodo</strong></span> <span class='ocrx_word' id='word_1_596' title='bbox 2452 3545 2723 3616; x_wconf 89' lang='lat' dir='ltr'><strong>propheta</strong></span> <span class='ocrx_word' id='word_1_597' title='bbox 2780 3544 3003 3614; x_wconf 89' lang='lat' dir='ltr'><strong>quidem</strong></span> <span class='ocrx_word' id='word_1_598' title='bbox 3053 3544 3258 3607; x_wconf 84' lang='lat' dir='ltr'><strong>Moses,</strong></span> <span class='ocrx_word' id='word_1_599' title='bbox 3304 3545 3395 3599; x_wconf 91' lang='lat' dir='ltr'><strong>vel</strong></span> <span class='ocrx_word' id='word_1_600' title='bbox 3442 3532 3663 3615; x_wconf 26' lang='lat' dir='ltr'><strong>potius.</strong></span> 
     </span>
    </p>
   </div>
   <div class='ocr_carea' id='block_1_81' title="bbox 2045 3637 3627 3713">
    <p class='ocr_par' dir='ltr' id='par_1_81' title="bbox 2045 3637 3627 3713">
     <span class='ocr_line' id='line_1_81' title="bbox 2045 3637 3627 3713; baseline -0.003 -16"><span class='ocrx_word' id='word_1_601' title='bbox 2045 3641 2397 3713; x_wconf 82' lang='lat' dir='ltr'><strong>angelusqui</strong></span> <span class='ocrx_word' id='word_1_602' title='bbox 2446 3640 2692 3709; x_wconf 91' lang='lat' dir='ltr'><strong>loquitur</strong></span> <span class='ocrx_word' id='word_1_603' title='bbox 2741 3639 2796 3692; x_wconf 90' lang='lat' dir='ltr'><strong>in</strong></span> <span class='ocrx_word' id='word_1_604' title='bbox 2828 3637 2971 3706; x_wconf 89' lang='lat' dir='ltr'><strong>ipso,</strong></span> <span class='ocrx_word' id='word_1_605' title='bbox 3006 3652 3107 3706; x_wconf 91' lang='lat' dir='ltr'><strong>per</strong></span> <span class='ocrx_word' id='word_1_606' title='bbox 3158 3652 3382 3692; x_wconf 88' lang='lat' dir='ltr'><strong>omnem</strong></span> <span class='ocrx_word' id='word_1_607' title='bbox 3440 3647 3627 3693; x_wconf 87' lang='lat' dir='ltr'><strong>actum</strong></span> 
     </span>
    </p>
   </div>
   <div class='ocr_carea' id='block_1_82' title="bbox 2045 3726 3626 3807">
    <p class='ocr_par' dir='ltr' id='par_1_82' title="bbox 2045 3726 3626 3807">
     <span class='ocr_line' id='line_1_82' title="bbox 2045 3726 3626 3807; baseline -0.006 -16"><span class='ocrx_word' id='word_1_608' title='bbox 2045 3726 2142 3807; x_wconf 82' lang='lat' dir='ltr'><strong>qui</strong></span> <span class='ocrx_word' id='word_1_609' title='bbox 2177 3743 2266 3790; x_wconf 88' lang='lat' dir='ltr'><strong>est</strong></span> <span class='ocrx_word' id='word_1_610' title='bbox 2321 3734 2377 3788; x_wconf 93' lang='lat' dir='ltr'><strong>in</strong></span> <span class='ocrx_word' id='word_1_611' title='bbox 2410 3730 2809 3794; x_wconf 86' lang='lat' dir='ltr'><strong>inobedientia,</strong></span> <span class='ocrx_word' id='word_1_612' title='bbox 2845 3738 2903 3782; x_wconf 89' lang='lat' dir='ltr'><strong>et</strong></span> <span class='ocrx_word' id='word_1_613' title='bbox 2937 3737 3229 3797; x_wconf 90' lang='lat' dir='ltr'><strong>peccatum</strong></span> <span class='ocrx_word' id='word_1_614' title='bbox 3260 3727 3420 3797; x_wconf 89' lang='lat' dir='ltr'><strong>ligni,</strong></span> <span class='ocrx_word' id='word_1_615' title='bbox 3471 3743 3626 3783; x_wconf 89' lang='lat' dir='ltr'><strong>com-</strong></span> 
     </span>
    </p>
   </div>
   <div class='ocr_carea' id='block_1_83' title="bbox 2045 3819 3625 3892">
    <p class='ocr_par' dir='ltr' id='par_1_83' title="bbox 2045 3819 3625 3892">
     <span class='ocr_line' id='line_1_83' title="bbox 2045 3819 3625 3892; baseline -0.006 -8"><span class='ocrx_word' id='word_1_616' title='bbox 2045 3843 2244 3884; x_wconf 90' lang='lat' dir='ltr'><strong>munes</strong></span> <span class='ocrx_word' id='word_1_617' title='bbox 2265 3826 2399 3881; x_wconf 89' lang='lat' dir='ltr'><strong>facit</strong></span> <span class='ocrx_word' id='word_1_618' title='bbox 2458 3834 2515 3878; x_wconf 91' lang='lat' dir='ltr'><strong>et</strong></span> <span class='ocrx_word' id='word_1_619' title='bbox 2542 3823 2828 3892; x_wconf 85' lang='lat' dir='ltr'><strong>conjungit</strong></span> <span class='ocrx_word' id='word_1_620' title='bbox 2873 3821 3069 3875; x_wconf 85' lang='lat' dir='ltr'><strong>ambos</strong></span> <span class='ocrx_word' id='word_1_621' title='bbox 3106 3819 3501 3890; x_wconf 80' lang='lat' dir='ltr'><strong>protOplastos,</strong></span> <span class='ocrx_word' id='word_1_622' title='bbox 3536 3820 3625 3874; x_wconf 88' lang='lat' dir='ltr'><strong>vel</strong></span> 
     </span>
    </p>
   </div>
   <div class='ocr_carea' id='block_1_84' title="bbox 2042 3911 3623 3993">
    <p class='ocr_par' dir='ltr' id='par_1_84' title="bbox 2042 3911 3623 3993">
     <span class='ocr_line' id='line_1_84' title="bbox 2042 3911 3623 3993; baseline -0.006 -18"><span class='ocrx_word' id='word_1_623' title='bbox 2042 3921 2232 3993; x_wconf 87' lang='lat' dir='ltr'><strong>potius</strong></span> <span class='ocrx_word' id='word_1_624' title='bbox 2256 3918 2548 3972; x_wconf 90' lang='lat' dir='ltr'><strong>mulierem</strong></span> <span class='ocrx_word' id='word_1_625' title='bbox 2577 3916 2749 3969; x_wconf 91' lang='lat' dir='ltr'><strong>solam</strong></span> <span class='ocrx_word' id='word_1_626' title='bbox 2772 3912 3019 3967; x_wconf 87' lang='lat' dir='ltr'><strong>ostendit</strong></span> <span class='ocrx_word' id='word_1_627' title='bbox 3050 3911 3250 3968; x_wconf 86' lang='lat' dir='ltr'><strong>essein</strong></span> <span class='ocrx_word' id='word_1_628' title='bbox 3281 3911 3479 3979; x_wconf 87' lang='lat' dir='ltr'><strong>culpa:</strong></span> <span class='ocrx_word' id='word_1_629' title='bbox 3505 3911 3623 3981; x_wconf 87' lang='lat' dir='ltr'><strong>ipsa</strong></span> 
     </span>
    </p>
   </div>
   <div class='ocr_carea' id='block_1_85' title="bbox 2041 4003 3626 4078">
    <p class='ocr_par' dir='ltr' id='par_1_85' title="bbox 2041 4003 3626 4078">
     <span class='ocr_line' id='line_1_85' title="bbox 2041 4003 3626 4078; baseline -0.005 -10"><span class='ocrx_word' id='word_1_630' title='bbox 2041 4022 2129 4068; x_wconf 88' lang='lat' dir='ltr'><strong>est</strong></span> <span class='ocrx_word' id='word_1_631' title='bbox 2150 4003 2412 4074; x_wconf 84' lang='lat' dir='ltr'><strong>allocuta,</strong></span> <span class='ocrx_word' id='word_1_632' title='bbox 2447 4011 2562 4078; x_wconf 87' lang='lat' dir='ltr'><strong>ipsa</strong></span> <span class='ocrx_word' id='word_1_633' title='bbox 2600 4015 2687 4062; x_wconf 90' lang='lat' dir='ltr'><strong>est</strong></span> <span class='ocrx_word' id='word_1_634' title='bbox 2740 4006 2993 4075; x_wconf 76' lang='lat' dir='ltr'><strong>decepta,</strong></span> <span class='ocrx_word' id='word_1_635' title='bbox 3044 4007 3162 4075; x_wconf 87' lang='lat' dir='ltr'><strong>ipsa</strong></span> <span class='ocrx_word' id='word_1_636' title='bbox 3198 4003 3464 4067; x_wconf 88' lang='lat' dir='ltr'><strong>comedit,</strong></span> <span class='ocrx_word' id='word_1_637' title='bbox 3506 4005 3626 4074; x_wconf 87' lang='lat' dir='ltr'><strong>ipsa</strong></span> 
     </span>
    </p>
   </div>
   <div class='ocr_carea' id='block_1_86' title="bbox 2042 4095 3625 4170">
    <p class='ocr_par' dir='ltr' id='par_1_86' title="bbox 2042 4095 3625 4170">
     <span class='ocr_line' id='line_1_86' title="bbox 2042 4095 3625 4170; baseline -0.011 -10"><span class='ocrx_word' id='word_1_638' title='bbox 2042 4105 2165 4160; x_wconf 90' lang='lat' dir='ltr'><strong>viro</strong></span> <span class='ocrx_word' id='word_1_639' title='bbox 2194 4101 2507 4170; x_wconf 88' lang='lat' dir='ltr'><strong>dedit,ipsa</strong></span> <span class='ocrx_word' id='word_1_640' title='bbox 2529 4099 2578 4154; x_wconf 93' lang='lat' dir='ltr'><strong>ei</strong></span> <span class='ocrx_word' id='word_1_641' title='bbox 2603 4109 2688 4152; x_wconf 90' lang='lat' dir='ltr'><strong>est</strong></span> <span class='ocrx_word' id='word_1_642' title='bbox 2718 4097 2999 4159; x_wconf 89' lang='lat' dir='ltr'><strong>insidiata,</strong></span> <span class='ocrx_word' id='word_1_643' title='bbox 3024 4097 3141 4165; x_wconf 87' lang='lat' dir='ltr'><strong>ipsa</strong></span> <span class='ocrx_word' id='word_1_644' title='bbox 3164 4095 3272 4149; x_wconf 92' lang='lat' dir='ltr'><strong>fuit</strong></span> <span class='ocrx_word' id='word_1_645' title='bbox 3302 4109 3469 4149; x_wconf 86' lang='lat' dir='ltr'><strong>causa</strong></span> <span class='ocrx_word' id='word_1_646' title='bbox 3493 4109 3625 4164; x_wconf 84' lang='lat' dir='ltr'><strong>pec.</strong></span> 
     </span>
    </p>
   </div>
   <div class='ocr_carea' id='block_1_87' title="bbox 2041 4186 3620 4260">
    <p class='ocr_par' dir='ltr' id='par_1_87' title="bbox 2041 4186 3620 4260">
     <span class='ocr_line' id='line_1_87' title="bbox 2041 4186 3620 4260; baseline -0.006 -10"><span class='ocrx_word' id='word_1_647' title='bbox 2041 4196 2174 4260; x_wconf 83' lang='lat' dir='ltr'><strong>cati,</strong></span> <span class='ocrx_word' id='word_1_648' title='bbox 2218 4193 2522 4255; x_wconf 81' lang='lat' dir='ltr'><strong>nuditatis,</strong></span> <span class='ocrx_word' id='word_1_649' title='bbox 2578 4190 2829 4255; x_wconf 89' lang='lat' dir='ltr'><strong>timoris,</strong></span> <span class='ocrx_word' id='word_1_650' title='bbox 2880 4188 3395 4259; x_wconf 77' lang='lat' dir='ltr'><strong>subligacuiorum,</strong></span> <span class='ocrx_word' id='word_1_651' title='bbox 3446 4186 3620 4257; x_wconf 65' lang='lat' dir='ltr'><strong>fugat,</strong></span> 
     </span>
    </p>
   </div>
   <div class='ocr_carea' id='block_1_88' title="bbox 2040 4280 3620 4353">
    <p class='ocr_par' dir='ltr' id='par_1_88' title="bbox 2040 4280 3620 4353">
     <span class='ocr_line' id='line_1_88' title="bbox 2040 4280 3620 4353; baseline -0.005 -11"><span class='ocrx_word' id='word_1_652' title='bbox 2040 4285 2482 4343; x_wconf 82' lang='lat' dir='ltr'><strong>absconsionisa</strong></span> <span class='ocrx_word' id='word_1_653' title='bbox 2529 4284 2664 4348; x_wconf 89' lang='lat' dir='ltr'><strong>Deo,</strong></span> <span class='ocrx_word' id='word_1_654' title='bbox 2691 4298 2889 4353; x_wconf 65' lang='lat' dir='ltr'><strong>paenae,</strong></span> <span class='ocrx_word' id='word_1_655' title='bbox 2934 4280 3357 4345; x_wconf 82' lang='lat' dir='ltr'><strong>exsccrationis,</strong></span> <span class='ocrx_word' id='word_1_656' title='bbox 3402 4280 3620 4346; x_wconf 81' lang='lat' dir='ltr'><strong>mortis,</strong></span> 
     </span>
    </p>
   </div>
   <div class='ocr_carea' id='block_1_89' title="bbox 2038 4371 3625 4447">
    <p class='ocr_par' dir='ltr' id='par_1_89' title="bbox 2038 4371 3625 4447">
     <span class='ocr_line' id='line_1_89' title="bbox 2038 4371 3625 4447; baseline -0.007 -9"><span class='ocrx_word' id='word_1_657' title='bbox 2038 4388 2117 4447; x_wconf 85' lang='lat' dir='ltr'><strong>et,</strong></span> <span class='ocrx_word' id='word_1_658' title='bbox 2145 4388 2208 4434; x_wconf 89' lang='lat' dir='ltr'><strong>ut</strong></span> <span class='ocrx_word' id='word_1_659' title='bbox 2234 4377 2405 4433; x_wconf 87' lang='lat' dir='ltr'><strong>semei</strong></span> <span class='ocrx_word' id='word_1_660' title='bbox 2430 4376 2635 4439; x_wconf 90' lang='lat' dir='ltr'><strong>dicam,</strong></span> <span class='ocrx_word' id='word_1_661' title='bbox 2674 4374 2944 4429; x_wconf 88' lang='lat' dir='ltr'><strong>malorum</strong></span> <span class='ocrx_word' id='word_1_662' title='bbox 2998 4371 3511 4428; x_wconf 89' lang='lat' dir='ltr'><strong>innumerabilium.</strong></span> <span class='ocrx_word' id='word_1_663' title='bbox 3554 4373 3625 4428; x_wconf 87' lang='lat' dir='ltr'><strong>Et</strong></span> 
     </span>
    </p>
   </div>
   <div class='ocr_carea' id='block_1_90' title="bbox 420 4461 3623 4549">
    <p class='ocr_par' dir='ltr' id='par_1_90' title="bbox 420 4461 3623 4549">
     <span class='ocr_line' id='line_1_90' title="bbox 420 4461 3623 4549; baseline 0 -28"><span class='ocrx_word' id='word_1_664' title='bbox 420 4461 682 4521; x_wconf 80' lang='lat' dir='ltr'><strong>Fortasse</strong></span> <span class='ocrx_word' id='word_1_665' title='bbox 704 4480 817 4549; x_wconf 82' lang='lat' dir='ltr'><strong>non</strong></span> <span class='ocrx_word' id='word_1_666' title='bbox 857 4477 946 4529; x_wconf 84' lang='lat' dir='ltr'><strong>est</strong></span> <span class='ocrx_word' id='word_1_667' title='bbox 981 4469 1249 4536; x_wconf 87' lang='lat' dir='ltr'><strong>alienum,</strong></span> <span class='ocrx_word' id='word_1_668' title='bbox 1301 4474 1450 4542; x_wconf 89' lang='lat' dir='ltr'><strong>quod</strong></span> <span class='ocrx_word' id='word_1_669' title='bbox 1487 4475 1596 4532; x_wconf 79' lang='lat' dir='ltr'><strong>iiize</strong></span> <span class='ocrx_word' id='word_1_670' title='bbox 1647 4478 1930 4547; x_wconf 81' lang='lat' dir='ltr'><strong>dixerunt,</strong></span> <span class='ocrx_word' id='word_1_671' title='bbox 1956 4469 2013 4531; x_wconf 83' lang='grc' dir='ltr'><strong>Ι)</strong></span> <span class='ocrx_word' id='word_1_672' title='bbox 2037 4489 2164 4531; x_wconf 86' lang='lat' dir='ltr'><strong>eum</strong></span> <span class='ocrx_word' id='word_1_673' title='bbox 2184 4472 2304 4526; x_wconf 59' lang='lat' dir='ltr'><strong>hac</strong></span> <span class='ocrx_word' id='word_1_674' title='bbox 2328 4468 2404 4522; x_wconf 88' lang='lat' dir='ltr'><strong>ita</strong></span> <span class='ocrx_word' id='word_1_675' title='bbox 2432 4467 2692 4528; x_wconf 84' lang='lat' dir='ltr'><strong>habeant,</strong></span> <span class='ocrx_word' id='word_1_676' title='bbox 2731 4464 3014 4536; x_wconf 84' lang='lat' dir='ltr'><strong>quomodo</strong></span> <span class='ocrx_word' id='word_1_677' title='bbox 3060 4466 3212 4521; x_wconf 89' lang='lat' dir='ltr'><strong>Deus</strong></span> <span class='ocrx_word' id='word_1_678' title='bbox 3256 4480 3382 4520; x_wconf 91' lang='lat' dir='ltr'><strong>cum</strong></span> <span class='ocrx_word' id='word_1_679' title='bbox 3431 4479 3623 4521; x_wconf 83' lang='lat' dir='ltr'><strong>acces-</strong></span> 
     </span>
    </p>
   </div>
   <div class='ocr_carea' id='block_1_91' title="bbox 350 4551 1935 4637">
    <p class='ocr_par' dir='ltr' id='par_1_91' title="bbox 350 4551 1935 4637">
     <span class='ocr_line' id='line_1_91' title="bbox 350 4551 1935 4637; baseline 0.009 -29"><span class='ocrx_word' id='word_1_680' title='bbox 350 4551 529 4608; x_wconf 78' lang='lat' dir='ltr'><strong>Ilaria</strong></span> <span class='ocrx_word' id='word_1_681' title='bbox 568 4563 625 4609; x_wconf 90' lang='lat' dir='ltr'><strong>et</strong></span> <span class='ocrx_word' id='word_1_682' title='bbox 670 4554 890 4611; x_wconf 86' lang='lat' dir='ltr'><strong>Salome</strong></span> <span class='ocrx_word' id='word_1_683' title='bbox 921 4567 979 4612; x_wconf 87' lang='lat' dir='ltr'><strong>et</strong></span> <span class='ocrx_word' id='word_1_684' title='bbox 1031 4559 1270 4626; x_wconf 84' lang='lat' dir='ltr'><strong>Joanna,</strong></span> <span class='ocrx_word' id='word_1_685' title='bbox 1321 4573 1638 4631; x_wconf 67' lang='lat' dir='ltr'><strong>quaerentes</strong></span> <span class='ocrx_word' id='word_1_686' title='bbox 1668 4581 1798 4620; x_wconf 90' lang='lat' dir='ltr'><strong>eum</strong></span> <span class='ocrx_word' id='word_1_687' title='bbox 1838 4569 1935 4637; x_wconf 89' lang='lat' dir='ltr'><strong>qui</strong></span> 
     </span>
    </p>
   </div>
   <div class='ocr_carea' id='block_1_92' title="bbox 351 4644 1935 4730">
    <p class='ocr_par' dir='ltr' id='par_1_92' title="bbox 351 4644 1935 4730">
     <span class='ocr_line' id='line_1_92' title="bbox 351 4644 1935 4730; baseline 0.011 -33"><span class='ocrx_word' id='word_1_688' title='bbox 351 4644 563 4701; x_wconf 87' lang='lat' dir='ltr'><strong>latebat</strong></span> <span class='ocrx_word' id='word_1_689' title='bbox 617 4646 674 4700; x_wconf 92' lang='lat' dir='ltr'><strong>in</strong></span> <span class='ocrx_word' id='word_1_690' title='bbox 705 4648 964 4716; x_wconf 81' lang='lat' dir='ltr'><strong>paradiso</strong></span> <span class='ocrx_word' id='word_1_691' title='bbox 1015 4648 1292 4721; x_wconf 83' lang='lat' dir='ltr'><strong>Golgotha</strong></span> <span class='ocrx_word' id='word_1_692' title='bbox 1347 4655 1453 4709; x_wconf 87' lang='lat' dir='ltr'><strong>sub</strong></span> <span class='ocrx_word' id='word_1_693' title='bbox 1502 4656 1676 4726; x_wconf 87' lang='lat' dir='ltr'><strong>ligno,</strong></span> <span class='ocrx_word' id='word_1_694' title='bbox 1733 4674 1935 4730; x_wconf 82' lang='lat' dir='ltr'><strong>nempe</strong></span> 
     </span>
    </p>
   </div>
   <div class='ocr_carea' id='block_1_93' title="bbox 352 4735 1937 4821">
    <p class='ocr_par' dir='ltr' id='par_1_93' title="bbox 352 4735 1937 4821">
     <span class='ocr_line' id='line_1_93' title="bbox 352 4735 1937 4821; baseline 0.009 -29"><span class='ocrx_word' id='word_1_695' title='bbox 352 4735 571 4792; x_wconf 88' lang='lat' dir='ltr'><strong>nudum</strong></span> <span class='ocrx_word' id='word_1_696' title='bbox 591 4737 881 4821; x_wconf 68' lang='lat' dir='ltr'><strong>Christum</strong></span> <span class='ocrx_word' id='word_1_697' title='bbox 910 4741 1085 4797; x_wconf 84' lang='lat' dir='ltr'><strong>Adam</strong></span> <span class='ocrx_word' id='word_1_698' title='bbox 1115 4759 1282 4814; x_wconf 91' lang='lat' dir='ltr'><strong>quem</strong></span> <span class='ocrx_word' id='word_1_699' title='bbox 1306 4747 1524 4802; x_wconf 81' lang='lat' dir='ltr'><strong>vocavit</strong></span> <span class='ocrx_word' id='word_1_700' title='bbox 1545 4758 1596 4803; x_wconf 87' lang='lat' dir='ltr'><strong>et</strong></span> <span class='ocrx_word' id='word_1_701' title='bbox 1624 4750 1937 4807; x_wconf 83' lang='lat' dir='ltr'><strong>eduxitDo-</strong></span> 
     </span>
    </p>
   </div>
   <div class='ocr_carea' id='block_1_94' title="bbox 351 4831 1936 4899">
    <p class='ocr_par' dir='ltr' id='par_1_94' title="bbox 351 4831 1936 4899">
     <span class='ocr_line' id='line_1_94' title="bbox 351 4831 1936 4899; baseline 0.008 -14"><span class='ocrx_word' id='word_1_702' title='bbox 351 4831 545 4886; x_wconf 85' lang='lat' dir='ltr'><strong>minus</strong></span> <span class='ocrx_word' id='word_1_703' title='bbox 572 4833 722 4897; x_wconf 84' lang='lat' dir='ltr'><strong>Deus</strong></span> <span class='ocrx_word' id='word_1_704' title='bbox 748 4848 817 4889; x_wconf 76' lang='lat' dir='ltr'><strong>ex</strong></span> <span class='ocrx_word' id='word_1_705' title='bbox 868 4834 1121 4899; x_wconf 83' lang='lat' dir='ltr'><strong>latebris,</strong></span> <span class='ocrx_word' id='word_1_706' title='bbox 1146 4837 1395 4892; x_wconf 78' lang='lat' dir='ltr'><strong>excitans</strong></span> <span class='ocrx_word' id='word_1_707' title='bbox 1426 4853 1553 4893; x_wconf 85' lang='lat' dir='ltr'><strong>eum</strong></span> <span class='ocrx_word' id='word_1_708' title='bbox 1593 4854 1661 4894; x_wconf 81' lang='lat' dir='ltr'><strong>ex</strong></span> <span class='ocrx_word' id='word_1_709' title='bbox 1700 4842 1936 4898; x_wconf 89' lang='lat' dir='ltr'><strong>mortuis</strong></span> 
     </span>
    </p>
   </div>
   <div class='ocr_carea' id='block_1_95' title="bbox 351 4923 1935 4999">
    <p class='ocr_par' dir='ltr' id='par_1_95' title="bbox 351 4923 1935 4999">
     <span class='ocr_line' id='line_1_95' title="bbox 351 4923 1935 4999; baseline 0.006 -18"><span class='ocrx_word' id='word_1_710' title='bbox 351 4923 661 4981; x_wconf 81' lang='lat' dir='ltr'><strong>secundum</strong></span> <span class='ocrx_word' id='word_1_711' title='bbox 692 4940 937 4988; x_wconf 82' lang='lat' dir='ltr'><strong>carnem,</strong></span> <span class='ocrx_word' id='word_1_712' title='bbox 979 4927 1086 4982; x_wconf 90' lang='lat' dir='ltr'><strong>hoc</strong></span> <span class='ocrx_word' id='word_1_713' title='bbox 1112 4942 1214 4981; x_wconf 91' lang='lat' dir='ltr'><strong>nos</strong></span> <span class='ocrx_word' id='word_1_714' title='bbox 1249 4944 1470 4999; x_wconf 89' lang='lat' dir='ltr'><strong>quoque</strong></span> <span class='ocrx_word' id='word_1_715' title='bbox 1517 4930 1802 4988; x_wconf 82' lang='lat' dir='ltr'><strong>dicere-de</strong></span> <span class='ocrx_word' id='word_1_716' title='bbox 1829 4934 1935 4990; x_wconf 86' lang='lat' dir='ltr'><strong>hoc</strong></span> 
     </span>
    </p>
   </div>
   <div class='ocr_carea' id='block_1_96' title="bbox 349 5014 1932 5091">
    <p class='ocr_par' dir='ltr' id='par_1_96' title="bbox 349 5014 1932 5091">
     <span class='ocr_line' id='line_1_96' title="bbox 349 5014 1932 5091; baseline 0.004 -22"><span class='ocrx_word' id='word_1_717' title='bbox 349 5015 564 5086; x_wconf 67' lang='lat' dir='ltr'><strong>Adamo</strong></span> <span class='ocrx_word' id='word_1_718' title='bbox 590 5015 687 5084; x_wconf 88' lang='lat' dir='ltr'><strong>qui</strong></span> <span class='ocrx_word' id='word_1_719' title='bbox 716 5014 926 5071; x_wconf 84' lang='lat' dir='ltr'><strong>latebat</strong></span> <span class='ocrx_word' id='word_1_720' title='bbox 970 5016 1027 5071; x_wconf 90' lang='lat' dir='ltr'><strong>in</strong></span> <span class='ocrx_word' id='word_1_721' title='bbox 1075 5016 1182 5071; x_wconf 92' lang='lat' dir='ltr'><strong>hoc</strong></span> <span class='ocrx_word' id='word_1_722' title='bbox 1227 5017 1389 5071; x_wconf 87' lang='lat' dir='ltr'><strong>horto</strong></span> <span class='ocrx_word' id='word_1_723' title='bbox 1436 5017 1499 5072; x_wconf 81' lang='lat' dir='ltr'><strong>in</strong></span> <span class='ocrx_word' id='word_1_724' title='bbox 1544 5019 1729 5074; x_wconf 91' lang='lat' dir='ltr'><strong>medio</strong></span> <span class='ocrx_word' id='word_1_725' title='bbox 1773 5021 1932 5091; x_wconf 83' lang='lat' dir='ltr'><strong>ligni,</strong></span> 
     </span>
    </p>
   </div>
   <div class='ocr_carea' id='block_1_97' title="bbox 352 5106 1932 5181">
    <p class='ocr_par' dir='ltr' id='par_1_97' title="bbox 352 5106 1932 5181">
     <span class='ocr_line' id='line_1_97' title="bbox 352 5106 1932 5181; baseline 0.004 -21"><span class='ocrx_word' id='word_1_726' title='bbox 352 5120 521 5176; x_wconf 85' lang='lat' dir='ltr'><strong>quem</strong></span> <span class='ocrx_word' id='word_1_727' title='bbox 543 5121 797 5175; x_wconf 67' lang='lat' dir='ltr'><strong>quaerens</strong></span> <span class='ocrx_word' id='word_1_728' title='bbox 825 5106 973 5161; x_wconf 91' lang='lat' dir='ltr'><strong>Deus</strong></span> <span class='ocrx_word' id='word_1_729' title='bbox 1003 5107 1277 5163; x_wconf 88' lang='lat' dir='ltr'><strong>suscitare</strong></span> <span class='ocrx_word' id='word_1_730' title='bbox 1296 5108 1354 5162; x_wconf 92' lang='lat' dir='ltr'><strong>in</strong></span> <span class='ocrx_word' id='word_1_731' title='bbox 1380 5107 1635 5175; x_wconf 89' lang='lat' dir='ltr'><strong>meridie,</strong></span> <span class='ocrx_word' id='word_1_732' title='bbox 1659 5110 1729 5164; x_wconf 85' lang='lat' dir='ltr'><strong>ad</strong></span> <span class='ocrx_word' id='word_1_733' title='bbox 1751 5111 1932 5181; x_wconf 91' lang='lat' dir='ltr'><strong>ipsum</strong></span> 
     </span>
    </p>
   </div>
   <div class='ocr_carea' id='block_1_98' title="bbox 351 5184 1931 5280">
    <p class='ocr_par' dir='ltr' id='par_1_98' title="bbox 351 5184 1931 5280">
     <span class='ocr_line' id='line_1_98' title="bbox 351 5184 1931 5280; baseline 0.001 -24"><span class='ocrx_word' id='word_1_734' title='bbox 351 5199 600 5256; x_wconf 80' lang='lat' dir='ltr'><strong>advenit.</strong></span> <span class='ocrx_word' id='word_1_735' title='bbox 625 5184 736 5269; x_wconf 68' lang='lat' dir='ltr'><strong>illa:</strong></span> <span class='ocrx_word' id='word_1_736' title='bbox 771 5199 943 5266; x_wconf 90' lang='lat' dir='ltr'><strong>enim,</strong></span> <span class='ocrx_word' id='word_1_737' title='bbox 979 5215 1180 5270; x_wconf 89' lang='lat' dir='ltr'><strong>nempe</strong></span> <span class='ocrx_word' id='word_1_738' title='bbox 1234 5199 1406 5280; x_wconf 71' lang='lat' dir='ltr'><strong>Maria</strong></span> <span class='ocrx_word' id='word_1_739' title='bbox 1448 5201 1768 5272; x_wconf 82' lang='lat' dir='ltr'><strong>Magdalene</strong></span> <span class='ocrx_word' id='word_1_740' title='bbox 1802 5219 1931 5258; x_wconf 90' lang='lat' dir='ltr'><strong>cum</strong></span> 
     </span>
    </p>
   </div>
   <div class='ocr_carea' id='block_1_99' title="bbox 352 5291 1930 5365">
    <p class='ocr_par' dir='ltr' id='par_1_99' title="bbox 352 5291 1930 5365">
     <span class='ocr_line' id='line_1_99' title="bbox 352 5291 1930 5365; baseline 0.001 -18"><span class='ocrx_word' id='word_1_741' title='bbox 352 5291 576 5348; x_wconf 82' lang='lat' dir='ltr'><strong>duabus</strong></span> <span class='ocrx_word' id='word_1_742' title='bbox 596 5292 722 5347; x_wconf 90' lang='lat' dir='ltr'><strong>aliis</strong></span> <span class='ocrx_word' id='word_1_743' title='bbox 733 5291 1021 5351; x_wconf 81' lang='lat' dir='ltr'><strong>dicebant:</strong></span> <span class='ocrx_word' id='word_1_744' title='bbox 1058 5291 1187 5358; x_wconf 74' lang='lat' dir='ltr'><strong>Quis</strong></span> <span class='ocrx_word' id='word_1_745' title='bbox 1212 5292 1438 5348; x_wconf 75' lang='lat' dir='ltr'><strong>resolvet</strong></span> <span class='ocrx_word' id='word_1_746' title='bbox 1454 5294 1607 5348; x_wconf 77' lang='lat' dir='ltr'><strong>nobis</strong></span> <span class='ocrx_word' id='word_1_747' title='bbox 1629 5294 1859 5365; x_wconf 75' lang='lat' dir='ltr'><strong>lapidem</strong></span> <span class='ocrx_word' id='word_1_748' title='bbox 1884 5297 1930 5329; x_wconf 76' lang='grc'><strong>³⁸</strong></span> 
     </span>
    </p>
   </div>
   <div class='ocr_carea' id='block_1_100' title="bbox 350 5384 1401 5455">
    <p class='ocr_par' dir='ltr' id='par_1_100' title="bbox 350 5384 1401 5455">
     <span class='ocr_line' id='line_1_100' title="bbox 350 5384 1401 5455; baseline 0.002 -15"><span class='ocrx_word' id='word_1_749' title='bbox 350 5393 418 5440; x_wconf 86' lang='lat' dir='ltr'><strong>ut</strong></span> <span class='ocrx_word' id='word_1_750' title='bbox 444 5384 741 5445; x_wconf 79' lang='lat' dir='ltr'><strong>videamus,</strong></span> <span class='ocrx_word' id='word_1_751' title='bbox 764 5400 892 5440; x_wconf 88' lang='lat' dir='ltr'><strong>eum</strong></span> <span class='ocrx_word' id='word_1_752' title='bbox 916 5385 1018 5455; x_wconf 83' lang='lat' dir='ltr'><strong>qui</strong></span> <span class='ocrx_word' id='word_1_753' title='bbox 1047 5385 1198 5442; x_wconf 86' lang='lat' dir='ltr'><strong>intus</strong></span> <span class='ocrx_word' id='word_1_754' title='bbox 1229 5386 1401 5442; x_wconf 86' lang='lat' dir='ltr'><strong>latet?</strong></span> 
     </span>
    </p>
   </div>
   <div class='ocr_carea' id='block_1_101' title="bbox 422 5475 1931 5548">
    <p class='ocr_par' dir='ltr' id='par_1_101' title="bbox 422 5475 1931 5548">
     <span class='ocr_line' id='line_1_101' title="bbox 422 5475 1931 5548; baseline 0.004 -17"><span class='ocrx_word' id='word_1_755' title='bbox 422 5475 691 5532; x_wconf 81' lang='lat' dir='ltr'><strong>Similiter</strong></span> <span class='ocrx_word' id='word_1_756' title='bbox 726 5476 871 5533; x_wconf 88' lang='lat' dir='ltr'><strong>idem</strong></span> <span class='ocrx_word' id='word_1_757' title='bbox 904 5478 1049 5535; x_wconf 85' lang='lat' dir='ltr'><strong>mihi</strong></span> <span class='ocrx_word' id='word_1_758' title='bbox 1073 5492 1297 5548; x_wconf 90' lang='lat' dir='ltr'><strong>quoque</strong></span> <span class='ocrx_word' id='word_1_759' title='bbox 1328 5480 1606 5536; x_wconf 86' lang='lat' dir='ltr'><strong>succurrit</strong></span> <span class='ocrx_word' id='word_1_760' title='bbox 1635 5481 1931 5537; x_wconf 82' lang='lat' dir='ltr'><strong>dicendum</strong></span> 
     </span>
    </p>
   </div>
   <div class='ocr_carea' id='block_1_102' title="bbox 350 5552 1932 5648">
    <p class='ocr_par' dir='ltr' id='par_1_102' title="bbox 350 5552 1932 5648">
     <span class='ocr_line' id='line_1_102' title="bbox 350 5552 1932 5648; baseline 0.008 -27"><span class='ocrx_word' id='word_1_761' title='bbox 350 5552 751 5641; x_wconf 43' lang='lat' dir='ltr'><strong>in&#39;propositis</strong></span> <span class='ocrx_word' id='word_1_762' title='bbox 798 5578 855 5623; x_wconf 91' lang='lat' dir='ltr'><strong>et</strong></span> <span class='ocrx_word' id='word_1_763' title='bbox 902 5584 1013 5624; x_wconf 75' lang='lat' dir='ltr'><strong>non</strong></span> <span class='ocrx_word' id='word_1_764' title='bbox 1071 5571 1598 5640; x_wconf 75' lang='lat' dir='ltr'><strong>contrmpiahilibus</strong></span> <span class='ocrx_word' id='word_1_765' title='bbox 1652 5579 1932 5648; x_wconf 73' lang='lat' dir='ltr'><strong>mysteriis</strong></span> 
     </span>
    </p>
   </div>
   <div class='ocr_carea' id='block_1_103' title="bbox 2042 4558 3623 4629">
    <p class='ocr_par' dir='ltr' id='par_1_103' title="bbox 2042 4558 3623 4629">
     <span class='ocr_line' id='line_1_103' title="bbox 2042 4558 3623 4629; baseline -0.007 -7"><span class='ocrx_word' id='word_1_766' title='bbox 2042 4567 2209 4623; x_wconf 88' lang='lat' dir='ltr'><strong>sisset</strong></span> <span class='ocrx_word' id='word_1_767' title='bbox 2232 4564 2331 4619; x_wconf 92' lang='lat' dir='ltr'><strong>illo</strong></span> <span class='ocrx_word' id='word_1_768' title='bbox 2362 4560 2598 4616; x_wconf 84' lang='lat' dir='ltr'><strong>meridie</strong></span> <span class='ocrx_word' id='word_1_769' title='bbox 2630 4559 2697 4614; x_wconf 92' lang='lat' dir='ltr'><strong>ad</strong></span> <span class='ocrx_word' id='word_1_770' title='bbox 2740 4558 3164 4629; x_wconf 85' lang='lat' dir='ltr'><strong>inquisitionem</strong></span> <span class='ocrx_word' id='word_1_771' title='bbox 3202 4567 3258 4614; x_wconf 88' lang='lat' dir='ltr'><strong>et</strong></span> <span class='ocrx_word' id='word_1_772' title='bbox 3292 4558 3466 4612; x_wconf 81' lang='lat' dir='ltr'><strong>veluti</strong></span> <span class='ocrx_word' id='word_1_773' title='bbox 3489 4571 3623 4612; x_wconf 81' lang='lat' dir='ltr'><strong>exa-</strong></span> 
     </span>
    </p>
   </div>
   <div class='ocr_carea' id='block_1_104' title="bbox 2042 4651 3623 4721">
    <p class='ocr_par' dir='ltr' id='par_1_104' title="bbox 2042 4651 3623 4721">
     <span class='ocr_line' id='line_1_104' title="bbox 2042 4651 3623 4721; baseline -0.004 -9"><span class='ocrx_word' id='word_1_774' title='bbox 2042 4656 2404 4713; x_wconf 80' lang='lat' dir='ltr'><strong>minationem</strong></span> <span class='ocrx_word' id='word_1_775' title='bbox 2439 4669 2643 4709; x_wconf 87' lang='lat' dir='ltr'><strong>eorum</strong></span> <span class='ocrx_word' id='word_1_776' title='bbox 2686 4651 2784 4721; x_wconf 91' lang='lat' dir='ltr'><strong>qui</strong></span> <span class='ocrx_word' id='word_1_777' title='bbox 2832 4667 2948 4706; x_wconf 90' lang='lat' dir='ltr'><strong>non</strong></span> <span class='ocrx_word' id='word_1_778' title='bbox 2997 4651 3359 4712; x_wconf 74' lang='lat' dir='ltr'><strong>obedierunt,</strong></span> <span class='ocrx_word' id='word_1_779' title='bbox 3384 4664 3493 4704; x_wconf 87' lang='lat' dir='ltr'><strong>non</strong></span> <span class='ocrx_word' id='word_1_780' title='bbox 3520 4664 3623 4705; x_wconf 84' lang='lat' dir='ltr'><strong>vo-</strong></span> 
     </span>
    </p>
   </div>
   <div class='ocr_carea' id='block_1_105' title="bbox 2040 4740 3622 4809">
    <p class='ocr_par' dir='ltr' id='par_1_105' title="bbox 2040 4740 3622 4809">
     <span class='ocr_line' id='line_1_105' title="bbox 2040 4740 3622 4809; baseline -0.008 -5"><span class='ocrx_word' id='word_1_781' title='bbox 2040 4758 2134 4804; x_wconf 84' lang='lat' dir='ltr'><strong>cat</strong></span> <span class='ocrx_word' id='word_1_782' title='bbox 2150 4747 2446 4803; x_wconf 87' lang='lat' dir='ltr'><strong>mulierem</strong></span> <span class='ocrx_word' id='word_1_783' title='bbox 2468 4746 2538 4800; x_wconf 85' lang='lat' dir='ltr'><strong>ad</strong></span> <span class='ocrx_word' id='word_1_784' title='bbox 2574 4743 3069 4804; x_wconf 79' lang='lat' dir='ltr'><strong>examinationem,</strong></span> <span class='ocrx_word' id='word_1_785' title='bbox 3122 4756 3232 4795; x_wconf 89' lang='lat' dir='ltr'><strong>non</strong></span> <span class='ocrx_word' id='word_1_786' title='bbox 3283 4755 3405 4795; x_wconf 87' lang='lat' dir='ltr'><strong>cam</strong></span> <span class='ocrx_word' id='word_1_787' title='bbox 3438 4740 3622 4809; x_wconf 82' lang='lat' dir='ltr'><strong>gravi-</strong></span> 
     </span>
    </p>
   </div>
   <div class='ocr_carea' id='block_1_106' title="bbox 2042 4833 3620 4909">
    <p class='ocr_par' dir='ltr' id='par_1_106' title="bbox 2042 4833 3620 4909">
     <span class='ocr_line' id='line_1_106' title="bbox 2042 4833 3620 4909; baseline -0.008 -12"><span class='ocrx_word' id='word_1_788' title='bbox 2042 4852 2130 4897; x_wconf 80' lang='lat' dir='ltr'><strong>ter</strong></span> <span class='ocrx_word' id='word_1_789' title='bbox 2164 4841 2436 4909; x_wconf 87' lang='lat' dir='ltr'><strong>increpat,</strong></span> <span class='ocrx_word' id='word_1_790' title='bbox 2460 4854 2571 4893; x_wconf 91' lang='lat' dir='ltr'><strong>non</strong></span> <span class='ocrx_word' id='word_1_791' title='bbox 2619 4835 2776 4906; x_wconf 88' lang='lat' dir='ltr'><strong>ponit</strong></span> <span class='ocrx_word' id='word_1_792' title='bbox 2800 4834 3033 4889; x_wconf 89' lang='lat' dir='ltr'><strong>omnino</strong></span> <span class='ocrx_word' id='word_1_793' title='bbox 3082 4833 3139 4887; x_wconf 92' lang='lat' dir='ltr'><strong>in</strong></span> <span class='ocrx_word' id='word_1_794' title='bbox 3179 4833 3301 4901; x_wconf 88' lang='lat' dir='ltr'><strong>ejus</strong></span> <span class='ocrx_word' id='word_1_795' title='bbox 3329 4844 3492 4900; x_wconf 55' lang='lat' dir='ltr'><strong>paena</strong></span> <span class='ocrx_word' id='word_1_796' title='bbox 3522 4846 3620 4886; x_wconf 72' lang='lat' dir='ltr'><strong>ex-</strong></span> 
     </span>
    </p>
   </div>
   <div class='ocr_carea' id='block_1_107' title="bbox 2039 4920 3620 4994">
    <p class='ocr_par' dir='ltr' id='par_1_107' title="bbox 2039 4920 3620 4994">
     <span class='ocr_line' id='line_1_107' title="bbox 2039 4920 3620 4994; baseline -0.009 -4"><span class='ocrx_word' id='word_1_797' title='bbox 2039 4932 2427 4994; x_wconf 86' lang='lat' dir='ltr'><strong>secrationem,</strong></span> <span class='ocrx_word' id='word_1_798' title='bbox 2454 4945 2573 4985; x_wconf 79' lang='lat' dir='ltr'><strong>non</strong></span> <span class='ocrx_word' id='word_1_799' title='bbox 2603 4927 2698 4981; x_wconf 84' lang='lat' dir='ltr'><strong>dat</strong></span> <span class='ocrx_word' id='word_1_800' title='bbox 2730 4926 2787 4981; x_wconf 88' lang='lat' dir='ltr'><strong>ei</strong></span> <span class='ocrx_word' id='word_1_801' title='bbox 2832 4936 3039 4980; x_wconf 89' lang='lat' dir='ltr'><strong>terram</strong></span> <span class='ocrx_word' id='word_1_802' title='bbox 3087 4922 3155 4978; x_wconf 86' lang='lat' dir='ltr'><strong>ad</strong></span> <span class='ocrx_word' id='word_1_803' title='bbox 3190 4920 3620 4987; x_wconf 82' lang='lat' dir='ltr'><strong>comedendum,</strong></span> 
     </span>
    </p>
   </div>
   <div class='ocr_carea' id='block_1_108' title="bbox 2035 5014 3621 5094">
    <p class='ocr_par' dir='ltr' id='par_1_108' title="bbox 2035 5014 3621 5094">
     <span class='ocr_line' id='line_1_108' title="bbox 2035 5014 3621 5094; baseline -0.008 -14"><span class='ocrx_word' id='word_1_804' title='bbox 2035 5041 2151 5080; x_wconf 87' lang='lat' dir='ltr'><strong>non</strong></span> <span class='ocrx_word' id='word_1_805' title='bbox 2181 5024 2392 5094; x_wconf 81' lang='lat' dir='ltr'><strong>spinas,</strong></span> <span class='ocrx_word' id='word_1_806' title='bbox 2418 5038 2530 5075; x_wconf 90' lang='lat' dir='ltr'><strong>non</strong></span> <span class='ocrx_word' id='word_1_807' title='bbox 2576 5018 2841 5084; x_wconf 82' lang='lat' dir='ltr'><strong>tribulos,</strong></span> <span class='ocrx_word' id='word_1_808' title='bbox 2868 5032 2980 5072; x_wconf 89' lang='lat' dir='ltr'><strong>non</strong></span> <span class='ocrx_word' id='word_1_809' title='bbox 3020 5030 3178 5072; x_wconf 89' lang='lat' dir='ltr'><strong>esum</strong></span> <span class='ocrx_word' id='word_1_810' title='bbox 3201 5014 3339 5079; x_wconf 85' lang='lat' dir='ltr'><strong>feni,</strong></span> <span class='ocrx_word' id='word_1_811' title='bbox 3381 5028 3493 5068; x_wconf 89' lang='lat' dir='ltr'><strong>non</strong></span> <span class='ocrx_word' id='word_1_812' title='bbox 3522 5027 3621 5068; x_wconf 89' lang='lat' dir='ltr'><strong>su-</strong></span> 
     </span>
    </p>
   </div>
   <div class='ocr_carea' id='block_1_109' title="bbox 2034 5108 3617 5182">
    <p class='ocr_par' dir='ltr' id='par_1_109' title="bbox 2034 5108 3617 5182">
     <span class='ocr_line' id='line_1_109' title="bbox 2034 5108 3617 5182; baseline -0.008 -8"><span class='ocrx_word' id='word_1_813' title='bbox 2034 5119 2226 5174; x_wconf 90' lang='lat' dir='ltr'><strong>dorem</strong></span> <span class='ocrx_word' id='word_1_814' title='bbox 2266 5119 2477 5177; x_wconf 88' lang='lat' dir='ltr'><strong>vuitus,</strong></span> <span class='ocrx_word' id='word_1_815' title='bbox 2505 5114 2600 5170; x_wconf 89' lang='lat' dir='ltr'><strong>sed</strong></span> <span class='ocrx_word' id='word_1_816' title='bbox 2659 5127 2842 5182; x_wconf 89' lang='lat' dir='ltr'><strong>neque</strong></span> <span class='ocrx_word' id='word_1_817' title='bbox 2888 5126 3010 5166; x_wconf 86' lang='lat' dir='ltr'><strong>eam</strong></span> <span class='ocrx_word' id='word_1_818' title='bbox 3060 5108 3291 5178; x_wconf 75' lang='lat' dir='ltr'><strong>expellit</strong></span> <span class='ocrx_word' id='word_1_819' title='bbox 3319 5116 3617 5162; x_wconf 77' lang='lat' dir='ltr'><strong>autexter-</strong></span> 
     </span>
    </p>
   </div>
   <div class='ocr_carea' id='block_1_110' title="bbox 2034 5203 3623 5279">
    <p class='ocr_par' dir='ltr' id='par_1_110' title="bbox 2034 5203 3623 5279">
     <span class='ocr_line' id='line_1_110' title="bbox 2034 5203 3623 5279; baseline -0.009 -13"><span class='ocrx_word' id='word_1_820' title='bbox 2034 5213 2208 5266; x_wconf 86' lang='lat' dir='ltr'><strong>minat</strong></span> <span class='ocrx_word' id='word_1_821' title='bbox 2239 5225 2269 5264; x_wconf 89' lang='lat' dir='ltr'><strong>a</strong></span> <span class='ocrx_word' id='word_1_822' title='bbox 2293 5208 2574 5279; x_wconf 87' lang='lat' dir='ltr'><strong>paradiso,</strong></span> <span class='ocrx_word' id='word_1_823' title='bbox 2606 5221 2715 5260; x_wconf 91' lang='lat' dir='ltr'><strong>non</strong></span> <span class='ocrx_word' id='word_1_824' title='bbox 2757 5205 2807 5258; x_wconf 90' lang='lat' dir='ltr'><strong>ei</strong></span> <span class='ocrx_word' id='word_1_825' title='bbox 2840 5203 3069 5258; x_wconf 91' lang='lat' dir='ltr'><strong>omnino</strong></span> <span class='ocrx_word' id='word_1_826' title='bbox 3118 5208 3345 5255; x_wconf 74' lang='lat' dir='ltr'><strong>revocat</strong></span> <span class='ocrx_word' id='word_1_827' title='bbox 3391 5213 3623 5268; x_wconf 86' lang='lat' dir='ltr'><strong>serpen-</strong></span> 
     </span>
    </p>
   </div>
   <div class='ocr_carea' id='block_1_111' title="bbox 2037 5291 3615 5366">
    <p class='ocr_par' dir='ltr' id='par_1_111' title="bbox 2037 5291 3615 5366">
     <span class='ocr_line' id='line_1_111' title="bbox 2037 5291 3615 5366; baseline -0.008 -8"><span class='ocrx_word' id='word_1_828' title='bbox 2037 5313 2150 5359; x_wconf 89' lang='lat' dir='ltr'><strong>tem</strong></span> <span class='ocrx_word' id='word_1_829' title='bbox 2175 5304 2233 5357; x_wconf 92' lang='lat' dir='ltr'><strong>in</strong></span> <span class='ocrx_word' id='word_1_830' title='bbox 2269 5301 2618 5363; x_wconf 80' lang='lat' dir='ltr'><strong>memoriam,</strong></span> <span class='ocrx_word' id='word_1_831' title='bbox 2654 5312 2767 5351; x_wconf 87' lang='lat' dir='ltr'><strong>non</strong></span> <span class='ocrx_word' id='word_1_832' title='bbox 2787 5312 2907 5350; x_wconf 90' lang='lat' dir='ltr'><strong>eam</strong></span> <span class='ocrx_word' id='word_1_833' title='bbox 2937 5295 3151 5366; x_wconf 88' lang='lat' dir='ltr'><strong>pudore</strong></span> <span class='ocrx_word' id='word_1_834' title='bbox 3175 5292 3366 5357; x_wconf 77' lang='lat' dir='ltr'><strong>afﬁcit,</strong></span> <span class='ocrx_word' id='word_1_835' title='bbox 3394 5291 3615 5347; x_wconf 75' lang='lat' dir='ltr'><strong>dicens:</strong></span> 
     </span>
    </p>
   </div>
   <div class='ocr_carea' id='block_1_112' title="bbox 2033 5386 3620 5463">
    <p class='ocr_par' dir='ltr' id='par_1_112' title="bbox 2033 5386 3620 5463">
     <span class='ocr_line' id='line_1_112' title="bbox 2033 5386 3620 5463; baseline -0.008 -13"><span class='ocrx_word' id='word_1_836' title='bbox 2033 5395 2148 5450; x_wconf 89' lang='lat' dir='ltr'><strong>Cur</strong></span> <span class='ocrx_word' id='word_1_837' title='bbox 2161 5392 2428 5463; x_wconf 87' lang='lat' dir='ltr'><strong>decepisti</strong></span> <span class='ocrx_word' id='word_1_838' title='bbox 2445 5389 2752 5445; x_wconf 84' lang='lat' dir='ltr'><strong>Adamum?</strong></span> <span class='ocrx_word' id='word_1_839' title='bbox 2773 5388 2880 5443; x_wconf 78' lang='lat' dir='ltr'><strong>Sed</strong></span> <span class='ocrx_word' id='word_1_840' title='bbox 2897 5403 3022 5441; x_wconf 89' lang='lat' dir='ltr'><strong>cum</strong></span> <span class='ocrx_word' id='word_1_841' title='bbox 3045 5386 3381 5441; x_wconf 88' lang='lat' dir='ltr'><strong>ostendisset</strong></span> <span class='ocrx_word' id='word_1_842' title='bbox 3400 5399 3620 5440; x_wconf 86' lang='lat' dir='ltr'><strong>omnem</strong></span> 
     </span>
    </p>
   </div>
   <div class='ocr_carea' id='block_1_113' title="bbox 2035 5477 3619 5556">
    <p class='ocr_par' dir='ltr' id='par_1_113' title="bbox 2035 5477 3619 5556">
     <span class='ocr_line' id='line_1_113' title="bbox 2035 5477 3619 5556; baseline -0.008 -14"><span class='ocrx_word' id='word_1_843' title='bbox 2035 5486 2517 5556; x_wconf 81' lang='lat' dir='ltr'><strong>benignitatemct</strong></span> <span class='ocrx_word' id='word_1_844' title='bbox 2550 5482 2860 5537; x_wconf 83' lang='lat' dir='ltr'><strong>bonitatem</strong></span> <span class='ocrx_word' id='word_1_845' title='bbox 2888 5481 2944 5534; x_wconf 92' lang='lat' dir='ltr'><strong>in</strong></span> <span class='ocrx_word' id='word_1_846' title='bbox 2992 5480 3285 5534; x_wconf 88' lang='lat' dir='ltr'><strong>mulierem</strong></span> <span class='ocrx_word' id='word_1_847' title='bbox 3325 5494 3447 5547; x_wconf 59' lang='lat' dir='ltr'><strong>qua:</strong></span> <span class='ocrx_word' id='word_1_848' title='bbox 3471 5477 3619 5532; x_wconf 81' lang='lat' dir='ltr'><strong>ceci-</strong></span> 
     </span>
    </p>
   </div>
   <div class='ocr_carea' id='block_1_114' title="bbox 2033 5568 3619 5647">
    <p class='ocr_par' dir='ltr' id='par_1_114' title="bbox 2033 5568 3619 5647">
     <span class='ocr_line' id='line_1_114' title="bbox 2033 5568 3619 5647; baseline -0.009 -12"><span class='ocrx_word' id='word_1_849' title='bbox 2033 5581 2213 5644; x_wconf 84' lang='lat' dir='ltr'><strong>derat,</strong></span> <span class='ocrx_word' id='word_1_850' title='bbox 2246 5577 2425 5647; x_wconf 76' lang='lat' dir='ltr'><strong>pergit</strong></span> <span class='ocrx_word' id='word_1_851' title='bbox 2452 5575 2518 5629; x_wconf 86' lang='lat' dir='ltr'><strong>ad</strong></span> <span class='ocrx_word' id='word_1_852' title='bbox 2544 5575 2866 5637; x_wconf 72' lang='lat' dir='ltr'><strong>hominem,</strong></span> <span class='ocrx_word' id='word_1_853' title='bbox 2905 5581 2959 5625; x_wconf 77' lang='lat' dir='ltr'><strong>et</strong></span> <span class='ocrx_word' id='word_1_854' title='bbox 3009 5571 3143 5625; x_wconf 81' lang='lat' dir='ltr'><strong>dicit</strong></span> <span class='ocrx_word' id='word_1_855' title='bbox 3176 5571 3227 5626; x_wconf 72' lang='lat' dir='ltr'><strong>ei</strong></span> <span class='ocrx_word' id='word_1_856' title='bbox 3249 5589 3265 5622; x_wconf 65' lang='grc' dir='ltr'><em>τ</em></span> <span class='ocrx_word' id='word_1_857' title='bbox 3297 5571 3489 5633; x_wconf 76' lang='lat' dir='ltr'><strong>Adam,</strong></span> <span class='ocrx_word' id='word_1_858' title='bbox 3531 5568 3619 5622; x_wconf 78' lang='lat' dir='ltr'><strong>ubi</strong></span> 
     </span>
    </p>
   </div>
   <div class='ocr_carea' id='block_1_115' title="bbox 361 5735 1947 5845">
    <p class='ocr_par' dir='ltr' id='par_1_115' title="bbox 361 5739 1923 5828">
     <span class='ocr_line' id='line_1_115' title="bbox 361 5739 1923 5828; baseline 0.01 -31"><span class='ocrx_word' id='word_1_859' title='bbox 361 5745 371 5754; x_wconf 92' lang='grc'><strong>·</strong></span> <span class='ocrx_word' id='word_1_860' title='bbox 428 5744 475 5777; x_wconf 77' lang='grc' dir='ltr'><strong><em>ιο</em></strong></span> <span class='ocrx_word' id='word_1_861' title='bbox 506 5744 942 5803; x_wconf 69' lang='lat' dir='ltr'><strong>Matth.xx1.l9.</strong></span> <span class='ocrx_word' id='word_1_862' title='bbox 1026 5742 1465 5828; x_wconf 55' lang='grc' dir='ltr'><strong>διιππειιωέμδ.</strong></span> <span class='ocrx_word' id='word_1_863' title='bbox 1546 5753 1590 5786; x_wconf 71' lang='grc' dir='ltr'><strong><em>ετ</em></strong></span> <span class='ocrx_word' id='word_1_864' title='bbox 1620 5754 1781 5819; x_wconf 78' lang='lat' dir='ltr'><strong>Mare.</strong></span> <span class='ocrx_word' id='word_1_865' title='bbox 1822 5739 1923 5825; x_wconf 58' lang='grc' dir='ltr'><strong>ἐν),</strong></span> 
     </span>
    </p>
   </div>
   <div class='ocr_carea' id='block_1_116' title="bbox 2051 5735 3613 5845">
    <p class='ocr_par' dir='ltr' id='par_1_116' title="bbox 2084 5738 3613 5839">
     <span class='ocr_line' id='line_1_116' title="bbox 2084 5738 3613 5839; baseline -0.006 -25"><span class='ocrx_word' id='word_1_866' title='bbox 2084 5760 2128 5793; x_wconf 85' lang='grc'><strong>³³</strong></span> <span class='ocrx_word' id='word_1_867' title='bbox 2162 5738 2335 5813; x_wconf 65' lang='lat' dir='ltr'><strong>Exod.</strong></span> <span class='ocrx_word' id='word_1_868' title='bbox 2359 5738 2543 5821; x_wconf 56' lang='lat' dir='ltr'><strong>xixul,</strong></span> <span class='ocrx_word' id='word_1_869' title='bbox 2578 5756 2662 5808; x_wconf 74' lang='grc' dir='ltr'><strong>ΞΟ.</strong></span> <span class='ocrx_word' id='word_1_870' title='bbox 2743 5754 2785 5785; x_wconf 61' lang='grc'><strong>³⁵</strong></span> <span class='ocrx_word' id='word_1_871' title='bbox 2819 5753 2981 5808; x_wconf 71' lang='lat' dir='ltr'><strong>Marc.</strong></span> <span class='ocrx_word' id='word_1_872' title='bbox 3008 5769 3102 5815; x_wconf 77' lang='lat' dir='ltr'><strong>vn.</strong></span> <span class='ocrx_word' id='word_1_873' title='bbox 3136 5752 3226 5807; x_wconf 62' lang='grc'><strong>54.</strong></span> <span class='ocrx_word' id='word_1_874' title='bbox 3584 5802 3613 5839; x_wconf 46' lang='grc' dir='ltr'><strong>,τ</strong></span> 
     </span>
    </p>
   </div>
  </div>
