4098 6426
501 288 638 352 1027

1711 302 1750 358 S
1815 301 2210 362 ANAS’lASll
2252 304 2576 364 SlNAl’l‘Aﬁ

3627 311 3762 374 1028

501 445 554 482 es
578 428 603 482 Ρ
631 427 696 482 Et
723 429 854 484 dixit
887 432 933 483 ei
957 447 977 484 :
1010 431 1206 484 Audiri
1234 447 1408 484 vocem
1452 441 1598 485 tuum
1641 431 1988 496 ambulantis,
2028 441 2079 485 et
2109 424 2151 479 Α
2183 437 2350 502 Deus,
2377 438 2666 492 utvideret
2693 437 2826 506 quid
2853 452 2917 491 ea
2940 446 3160 492 vocaret
3189 448 3442 506 tanquam
3465 439 3534 494 ad
3552 456 3758 511 regem,

501 518 656 583 latui,
685 520 939 583 quoniam
979 535 1098 574 sum
1152 522 1342 574 nudus.
1402 520 1546 574 Audi
1590 529 1646 576 ct
1693 521 1962 576 Adamum
1991 537 2078 576 re-

504 611 871 680 spondentem
903 628 967 666 ea
1009 629 1134 682 quae
1173 613 1284 667 Deo
1326 613 1684 670 conveniunt.
1719 613 1881 668 Solus
1926 614 2077 668 enim

497 701 764 771 quaesitus
784 711 842 756 et
865 710 1096 758 vocatus
1121 703 1417 774 respondet
1468 703 1846 773 singulariter,
1883 714 1940 759 et
1965 720 2076 758 non

498 793 789 860 conjunxit
812 792 918 846 sibi
947 794 1259 847 mulierem.
1286 794 1405 848 Non
1423 799 1572 848 enim
1596 792 1752 853 dicit.
1783 794 2076 848 audivimus

497 897 675 935 uocem
713 890 862 935 tuam
915 883 1306 936 deambulantis
1329 885 1382 936 in
1411 883 1684 953 paradiso,
1710 894 1758 937 et
1803 886 2076 939 timuimus

497 977 625 1045 quia
656 975 784 1028 nudi
828 991 1029 1040 sumus,
1060 984 1109 1027 et
1159 975 1435 1039 latuimus,
1488 976 1636 1044 quod
1681 975 1905 1044 quidem
1957 985 2078 1030 erat

495 1082 710 1120 verum.
747 1065 855 1120 Sed
881 1068 1383 1121 mittensaccusare
1409 1078 1807 1131 suamcostam,
1835 1069 2074 1138 seipsum

497 1158 689 1228 prodit
719 1173 818 1227 pro
848 1173 932 1211 ea.
959 1159 1082 1212 llaec
1103 1172 1227 1211 cum
1249 1174 1647 1228 persequerer,
1678 1159 1920 1229 paradisi
1936 1161 2077 1216 civis

497 1250 704 1304 Paulus
742 1265 963 1303 rursum
991 1249 1266 1304 accedens
1290 1251 1344 1303 in
1383 1251 1654 1316 medium,
1687 1251 1860 1304 dixit:
1886 1251 2081 1322 Myste-

497 1342 639 1395 rium
683 1357 937 1410 magnum
980 1350 1076 1393 est.
1131 1341 1246 1410 Ego
1282 1350 1467 1396 autem
1517 1358 1643 1396 cum
1692 1343 1812 1414 ipso
1845 1344 1961 1396 dico
2021 1344 2076 1397 in

499 1433 706 1488 Citrile
728 1441 776 1484 et
803 1431 1043 1485 Ecclesia
1064 1432 1133 1498 ³⁵,
1179 1448 1281 1501 pro
1308 1449 1414 1501 qua
1443 1449 1502 1487 se
1537 1433 1692 1488 dedit
1727 1436 1794 1486 ad
1818 1442 2074 1488 mortem.

496 1519 654 1576 Unde
700 1520 868 1572 etiam
912 1536 943 1574 a
989 1520 1105 1573 Deo
1146 1529 1345 1574 vocato
1394 1537 1531 1576 vero
1579 1521 1812 1585 Adamo,
1852 1522 2077 1591 quando

497 1612 660 1674 dixit,
692 1612 890 1677 Adam,
928 1613 1011 1664 ubi
1032 1612 1131 1665 es?
1177 1627 1289 1665 non
1323 1613 1534 1667 dictum
1584 1622 1669 1667 est
1711 1614 1765 1667 in
1789 1613 2078 1686 Scriptura

499 1703 648 1772 quod
682 1703 818 1757 exiit
844 1712 940 1756 aut
994 1703 1148 1757 venit
1203 1703 1272 1756 ad
1305 1703 1503 1770 Deum,
1533 1713 1620 1758 est
1655 1705 1811 1759 enim
1859 1719 2079 1775 semper

497 1797 645 1865 apud
671 1797 844 1849 Deum
883 1794 1269 1865 inseparabilis
1297 1795 1491 1849 Filius.

569 1887 696 1941 Hmc
744 1888 1134 1958 praemisimus,
1193 1903 1289 1941 ora
1330 1887 1650 1943 Judatorum
1696 1887 2074 1952 obstruentes,

495 1994 568 2034 ne
613 1993 718 2034 nos
743 1980 1039 2034 audientes
1063 1981 1251 2034 omnia
1280 1981 1478 2034 Adami
1523 1981 1592 2035 ad
1621 1980 1904 2035 Christum
1936 1981 2080 2034 refe-

503 2074 715 2138 rentes,
747 2072 1069 2126 existiment
1095 2087 1220 2126 eum
1244 2072 1416 2127 fuisse
1442 2073 1549 2127 sub
1603 2082 1854 2144 peccato,
1887 2082 1944 2127 et
1969 2072 2080 2126 cri-

497 2163 793 2218 minationi
833 2163 1134 2217 obnoxium
1171 2171 1228 2218 et
1261 2166 1651 2220 exsecrationi.
1691 2165 1904 2219 Suﬂicit
1928 2164 2079 2218 enim

498 2255 908 2310 demonstratio
939 2270 1133 2308 eorum
1165 2271 1288 2324 qua:
1312 2272 1462 2311 nunc
1487 2257 1635 2311 dicta
1677 2267 1826 2323 sunt,
1851 2256 1917 2310 ad
1949 2269 2078 2325 per-

497 2346 846 2400 suadendum
876 2345 964 2400 vel
1003 2346 1237 2400 maxime
1279 2346 1589 2414 incredulo,
1627 2349 1776 2418 quod
1823 2363 2081 2418 quaecun-

497 2452 609 2507 que
657 2437 882 2506 quidem
927 2438 1148 2508 objecta
1205 2447 1337 2492 sunt
1391 2439 1634 2504 mulieri,
1685 2439 1902 2510 objecta
1949 2449 2081 2494 sunt

497 2533 838 2598 accusando,
882 2547 1225 2603 quiscunque
1271 2541 1457 2587 autem
1484 2533 1656 2587 Adam
1689 2549 1719 2587 a
1769 2534 1882 2588 Deo
1925 2533 2082 2588 audi-

497 2625 603 2692 vit,
623 2625 835 2694 absque
898 2628 1290 2682 criminatione
1329 2641 1430 2680 seu
1469 2625 1844 2688 accusatione,
1899 2641 1964 2678 ea
2013 2625 2081 2679 de

497 2715 727 2772 Christo
755 2716 1024 2770 dicuntur
1060 2732 1118 2772 se
1143 2717 1494 2771 demittenda
1530 2732 1632 2786 pro
1665 2717 1930 2782 Ecclesia,
1973 2717 2082 2771 sibi

499 2807 862 2861 attribuendo
921 2807 1072 2860 illius
1126 2817 1413 2876 peccaturo
1459 2816 1517 2860 et
1556 2807 1992 2862 exsecrationem
2026 2817 2084 2861 et

501 2908 760 2953 mortem.
790 2899 1095 2968 Propterea
1117 2899 1266 2952 enim
1298 2899 1444 2953 Deus
1465 2898 1600 2953 fecit
1636 2913 1727 2953 res
1760 2899 1954 2952 Adami
2001 2899 2084 2953 di—

499 3011 694 3050 versas
720 3005 776 3050 et
807 2996 1147 3050 excelsiores
1175 3009 1344 3064 supra
1396 2994 1710 3058 mulierem,
1753 3000 1815 3047 ut
1863 3009 1966 3047 nos
2000 2992 2083 3047 di-

2178 529 2481 597 etquierat
2501 530 2582 584 eis
2611 526 3177 587 dominaturus.Unde
3199 530 3327 583 licet
3356 530 3568 594 videre,
3593 533 3758 587 etiam

2177 635 2306 673 vere
2329 620 2607 674 hominem
2630 630 2886 690 tanquam
2914 621 3007 690 qui
3043 621 3210 675 habet
3234 630 3563 691 potestatem
3593 631 3649 676 et
3676 632 3763 678 est

2180 707 2448 762 Dominus
2503 709 3065 780 (nempeChristum)
3104 725 3334 765 uxorem
3365 712 3743 766 nominantem

2176 797 2281 868 91
2293 799 2340 868 5
2352 801 2676 864 Ecclesiam,
2689 818 2755 855 ex
2777 801 2894 871 ipsa
2910 803 3280 872 appellantem
3297 803 3415 874 ejus
3433 819 3657 870 nomen,
3676 805 3767 860 Vi-

2180 893 2310 942 tam.
2331 890 2467 943 Vere
2505 890 2651 943 enim
2681 890 2922 944 vivillcat
2944 907 3082 960 quos
3104 903 3351 960 generat,
3371 910 3568 962 nempe
3585 893 3768 963 bapti-

2179 996 2376 1041 smate.
2406 986 2472 1038 Et
2502 985 2569 1040 de
2600 985 2718 1040 solo
2747 986 2988 1050 homine,
3014 986 3287 1056 Propheta
3305 987 3445 1041 dicit
3472 989 3584 1042 Deo
3617 1005 3630 1041 :
3661 989 3766 1043 Mi-

2180 1079 2342 1132 nuisti
2372 1094 2488 1130 eum
2524 1078 2685 1148 paulo
2735 1079 2906 1130 minus
2940 1077 3003 1131 ab
3035 1078 3258 1148 angelis,
3288 1078 3458 1149 gloria
3492 1090 3540 1132 et
3569 1083 3767 1133 honore

2179 1169 2446 1222 coronasti
2489 1185 2629 1233 eum,
2669 1178 2718 1221 et
2747 1170 3062 1222 constituisti
3089 1186 3209 1222 eum
3241 1172 3373 1238 (non
3406 1180 3590 1224 autem
3643 1173 3764 1232 eos)

2177 1276 2337 1329 super
2393 1274 2554 1329 opera
2606 1276 2862 1312 manuum
2907 1267 3146 1323 tuarum,
3200 1269 3250 1313 et
3283 1261 3462 1314 omnia
3499 1262 3769 1332 subjecisti

2177 1350 2270 1403 sub
2303 1350 2518 1421 pedibus
2548 1351 3138 1420 ejus“,etsolius,non
3161 1359 3344 1404 autem
3371 1351 3640 1421 ipsorum,
3661 1355 3769 1410 hoc

2178 1453 2288 1508 est,
2368 1459 2476 1497 non
2506 1443 2818 1504 amborum,
2867 1443 2963 1496 sed
2999 1444 3171 1497 solius
3196 1443 3413 1509 Adami,
3450 1444 3505 1497 in
3535 1444 3765 1512 figuram

2177 1534 2408 1589 Christi.
2441 1535 2699 1590 Ostendit
2735 1535 2832 1590 tibi
2867 1535 3007 1589 hanc
3034 1551 3285 1605 magnam
3327 1545 3384 1590 et
3415 1537 3767 1608 incompara-

2181 1625 2348 1680 bilem
2377 1626 2746 1682 dilferentiam
2782 1626 2976 1681 Adami
3025 1628 3093 1679 ab
3121 1628 3232 1680 Eva
3252 1668 3265 1690 ,
3309 1629 3688 1699 honoremque
3712 1639 3769 1684 et

2108 1758 2151 1812 Β
2181 1723 2430 1792 gloriam,
2458 1731 2516 1776 ut
2545 1732 2736 1778 exacte
2772 1731 2827 1776 et
2861 1732 3118 1777 accurate
3152 1723 3333 1775 discas
3355 1709 3581 1791 quando
3613 1723 3767 1777 vide-

2179 1815 2260 1870 ris
2284 1815 2564 1871 hominem
2600 1816 2658 1870 in
2693 1815 2866 1885 ﬁgura
2901 1814 3106 1870 Christi
3137 1830 3194 1868 se
3219 1814 3502 1868 dimittere
3537 1814 3606 1868 ad
3647 1829 3766 1868 mu-

2175 1905 2394 1969 lierem,
2425 1913 2481 1959 et
2531 1906 2694 1960 simul
2727 1921 2852 1959 cum
2898 1922 2963 1960 ea
3004 1905 3300 1959 comedere
3335 1921 3403 1959 ex
3452 1905 3604 1975 ligno
3645 1921 3660 1958 :
3711 1914 3768 1959 et

2179 1998 2345 2052 simul
2375 1997 2587 2061 videre,
2629 2007 2689 2052 et
2731 1997 2893 2053 simul
2941 1998 3166 2061 nudari,
3196 2006 3254 2052 et
3289 1998 3456 2052 simul
3498 2013 3767 2054 censuere

2178 2084 2309 2139 folia
2356 2084 2492 2139 licus
2523 2105 2535 2139 :
2561 2087 2670 2141 hoc
2695 2095 2804 2152 est,
2849 2087 3218 2156 praemeditari
3246 2097 3304 2142 et
3325 2103 3679 2157 componere,
3708 2096 3770 2144 et

2181 2177 2344 2248 simul
2395 2179 2554 2248 unire
2611 2179 2841 2233 verbum
2891 2195 3015 2233 cum
3058 2181 3232 2235 verbo
3265 2179 3336 2234 ad
3364 2173 3766 2243 defensionem,

2179 2281 2237 2325 et
2270 2271 2437 2326 simul
2466 2273 2664 2326 audire
2695 2287 2886 2326 vocem
2925 2272 3144 2326 Domini
3172 2271 3269 2327 Dei
3299 2272 3667 2336 ambulantis,
3707 2282 3764 2326 ct

2181 2363 2406 2429 timere,
2454 2375 2513 2419 et
2547 2364 2774 2435 fugere,
2817 2375 2872 2420 et
2926 2365 3121 2430 latere,
3157 2373 3214 2419 et
3251 2364 3440 2418 vocari
3476 2364 3644 2418 solum
3691 2363 3760 2417 ad

2180 2443 2670 2519 examinationem,
2707 2465 2764 2509 et
2791 2455 2959 2509 duras
2981 2470 3173 2524 pinnas
3218 2470 3318 2524 pro
3345 2455 3439 2509 illa
3466 2454 3765 2522 suscipere.

2181 2554 2238 2600 et
2265 2547 2442 2599 solum
2473 2546 2674 2614 expelli
2706 2561 2772 2600 ex
2821 2545 3103 2615 paradiso,
3139 2554 3195 2600 et
3233 2547 3522 2615 suscipere
3550 2554 3769 2599 senten-

2187 2637 2318 2689 tiam
2352 2637 2568 2690 mortis.
2624 2636 2751 2690 Hzec
2801 2637 2988 2691 omnia
3037 2637 3260 2705 quando
3295 2637 3579 2705 aspexeris
3626 2634 3768 2691 Ada-

2185 2744 2334 2781 mum
2375 2737 2433 2782 et
2455 2745 2620 2798 agere
2642 2737 2698 2782 et
2728 2729 2987 2793 suﬂ‘erre,
3015 2730 3293 2800 intelliges
3331 2729 3619 2784 Christum
3649 2727 3770 2798 (per

2184 2813 2438 2884 Paulum)
2473 2815 2572 2868 tibi
2601 2814 2786 2870 dicere
2812 2833 2825 2869 :
2850 2817 3024 2870 Adam
3053 2833 3158 2869 non
3188 2825 3263 2870 est
3297 2816 3541 2886 deceptus
3560 2817 3626 2870 ³⁷.
3650 2815 3770 2870 Alio

2183 2905 2332 2959 enim
2365 2905 2528 2958 modo
2553 2906 2798 2960 comedit
2825 2907 3087 2976 antiquus
3113 2908 3204 2962 ille
3235 2907 3290 2960 in
3322 2916 3508 2976 typum
3536 2906 3768 2972 Christi,

2184 2995 2293 3050 alio
2327 3007 2512 3050 autem
2547 2997 2712 3051 modo
2755 2998 2955 3052 mutier
2993 2999 3046 3051 in
3094 3009 3281 3069 typum
3316 2999 3604 3057 Ecclesia.
3650 2998 3770 3053 Alio

503 3101 792 3141 scel-emus
839 3095 894 3140 et
957 3085 1292 3139 doceremur
1318 3084 1810 3154 incomparabilem
1875 3084 2082 3139 Christi
2111 3090 2154 3146 C.
2187 3085 2352 3140 modo
2374 3095 2456 3140 est
2474 3086 2829 3156 intelligenda
2852 3085 3046 3140 Adami
3072 3089 3225 3142 visus
3251 3089 3636 3158 recuperatio;
3663 3089 3770 3142 alio

501 3178 875 3232 diﬁ'erentiam
907 3193 1072 3247 supra
1119 3177 1443 3232 Ecclesiam.
1502 3178 1640 3231 Nam
1679 3192 1806 3232 cum
1853 3177 2085 3232 dixisset

501 3271 670 3334 Deus,
696 3269 982 3324 Faciamus
1011 3271 1276 3324 hominem
1306 3271 1379 3322 ad
1403 3271 1691 3339 imaginem
1726 3278 1774 3322 et
1829 3268 2083 3324 similitu—

501 3363 677 3417 dinem
704 3374 966 3427 nostram,
1018 3362 1156 3415 nihil
1211 3362 1486 3431 ejusmodi
1546 3361 1686 3416 dixit
1732 3361 1802 3416 de
1848 3361 2084 3414 muliere

513 3455 740 3523 quando
761 3471 881 3507 eam
913 3463 1033 3508 erat
1066 3455 1442 3509 labricaturus
1467 3469 1536 3508 ex
1562 3454 1736 3507 latere
1759 3453 1976 3508 Adami.
2020 3452 2088 3506 Et

522 3563 586 3601 ru
597 3562 716 3603 rsus
727 3547 918 3601 dicens
937 3563 952 3601 :
971 3547 1113 3600 Fecit
1127 3547 1264 3601 Deus
1287 3550 1574 3613 hominem;
1594 3547 1662 3600 ad
1682 3547 1966 3616 imaginem
1989 3545 2087 3599 Dei

506 3640 627 3709 fecit
663 3639 816 3692 illum
839 3681 853 3704 ,
890 3655 1000 3694 non
1026 3640 1165 3694 dicit
1198 3640 1266 3694 de
1294 3656 1383 3705 ea,
1417 3640 1536 3709 fecit
1577 3639 1754 3702 illam,
1787 3639 1882 3694 sed
1932 3645 2087 3708 post-

505 3746 671 3799 quam
705 3731 846 3784 dixit
870 3730 938 3786 de
968 3732 1216 3796 homine,
1241 3732 1362 3801 fecit
1395 3731 1583 3794 illum,
1623 3740 1756 3785 tunc
1778 3731 2084 3801 subjungit,

507 3821 802 3876 masculum
833 3835 882 3876 et
913 3824 1302 3892 {eminamfecit
1330 3823 1471 3877 illos.
1530 3823 1798 3878 Similiter
1821 3824 1986 3877 etiam
2030 3823 2089 3877 in

505 3915 840 3968 formatione
867 3915 1129 3980 hominis,
1159 3915 1382 3986 quando
1422 3916 1592 3971 dixit:
1621 3916 1776 3970 Fecit
1815 3920 1952 3969 Deus
1999 3917 2092 3969 lio-

507 4008 702 4060 minem
723 4007 846 4061 lima
876 4017 1090 4078 accepto
1111 4017 1321 4072 eterra,
1346 4018 1392 4062 et
1409 4009 1695 4080 insufﬂauit
1714 4010 1766 4062 in
1785 4010 1958 4078 ipsum
1981 4008 2092 4077 spi-

507 4097 671 4150 ritum
693 4097 833 4162 vitaz,
871 4097 1078 4150 nullam
1103 4097 1239 4150 fecit
1282 4096 1622 4150 mentionem
1657 4094 1926 4148 mulieris.
1953 4094 2088 4147 Nam

507 4189 656 4259 quod
671 4189 873 4244 attinet
888 4189 955 4243 ad
969 4189 1433 4254 essentiammihll
1453 4188 1904 4243 habuitEcclesia
1924 4203 1989 4241 ex
2003 4184 2092 4242 di-

509 4282 642 4336 vina
673 4283 1108 4352 essentia.cujus
1137 4282 1243 4337 fuit
1273 4283 1587 4353 symbolum
1614 4280 2094 4349 insulllatio,prius

511 4372 831 4443 signiﬁcans
882 4373 981 4427 Dei
1016 4373 1183 4428 Verbi
1231 4389 1299 4427 ex
1331 4374 1491 4429 Patre
1538 4373 1591 4426 id
1642 4372 1790 4442 quod
1837 4387 1904 4425 ex
1932 4369 2095 4424 nobis

2188 3177 2374 3239 modo,
2424 3176 2690 3232 mulieris.
2727 3177 2848 3232 Alia
2883 3185 2969 3232 est
3013 3178 3119 3233 viri
3151 3178 3404 3242 nudatio,
3436 3179 3543 3233 alia
3586 3187 3768 3234 autem

2186 3269 2453 3325 mulieris.
2491 3269 2668 3324 Aliter
2701 3270 2855 3324 tiret
2879 3271 3052 3325 Adam
3082 3271 3178 3340 qui
3205 3279 3291 3326 est
3327 3270 3536 3326 Christi
3570 3271 3766 3341 ﬁgura,

2199 3377 2312 3417 non
2339 3362 2642 3430 deceptus;
2687 3370 2743 3416 et
2767 3363 2930 3416 aliter
2947 3363 3106 3416 timet
3134 3363 3332 3418 mulier
3365 3363 3618 3432 decepta.
3654 3365 3770 3433 Ipsa

2199 3452 2349 3507 enim
2364 3468 2464 3522 per
2481 3452 2936 3518 inobedientiam,
2955 3454 3099 3508 sicut
3119 3455 3383 3522 Ecclesia;
3404 3454 3576 3510 Adam
3587 3466 3768 3510 autem

2189 3545 2408 3616 (nempe
2432 3539 2710 3616 Christus)
2735 3563 2802 3601 eo
2818 3547 2966 3616 quod
2989 3564 3088 3618 pro
3106 3548 3383 3603 ambobus
3406 3549 3458 3602 id
3486 3543 3768 3618 suscipiat.

2188 3637 2306 3693 Hoc
2333 3637 2498 3691 modo
2523 3637 2881 3708 intelligenda
2910 3647 2996 3693 est
3029 3640 3195 3693 etiam
3235 3639 3468 3693 nudatio
3507 3654 3673 3708 quam
3717 3639 3768 3694 in

2187 3727 2440 3786 Calvaria
2462 3730 2747 3792 sustinuit,
2778 3738 2835 3783 et
2857 3729 3006 3801 fuga.
3032 3730 3409 3796 Quamobrem
3435 3745 3535 3799 per
3551 3730 3771 3800 dispen~

2190 3824 2461 3879 sationem
2490 3823 2654 3878 etiam
2688 3823 2829 3892 fugit
2864 3821 2924 3876 in
2950 3822 3249 3893 Egyptum
3268 3863 3282 3886 ,
3314 3832 3372 3878 et
3399 3825 3620 3877 vocavit
3647 3837 3769 3878 eum

2189 3915 2458 3970 Dominus
2499 3915 2646 3969 Deus
2666 3914 2930 3969 latentem
2961 3915 3016 3968 in
3051 3913 3310 3985 Egypto.
3336 3914 3525 3981 Quare
3557 3915 3771 3970 dicebat

2191 4005 2358 4063 etiam
2388 4023 2400 4057 :
2437 4005 2521 4060 Ea:
2546 4003 2778 4075 Egypto
2805 4006 2983 4059 uocaui
3012 4003 3208 4059 [lilium
3233 4022 3417 4059 meum
3440 4005 3506 4060 ⁸³.
3537 4006 3694 4073 Quod
3725 4006 3768 4061 si

2191 4099 2277 4154 vis
2305 4098 2476 4153 etiam
2507 4097 2697 4151 videre
2725 4096 3011 4152 Christum
3035 4095 3344 4151 voluntarie
3363 4098 3650 4152 timentem
3673 4112 3768 4166 pro

2191 4189 2459 4255 Ecclesia,
2507 4189 2638 4244 audi
2675 4189 3067 4260 evangelistam
3111 4189 3181 4245 de
3231 4203 3300 4245 eo
3330 4175 3612 4245 dicentem
3661 4189 3768 4244 :Et

2193 4299 2312 4336 cum
2338 4291 2471 4336 esset
2497 4284 2553 4337 in
2584 4269 2776 4352 agonia
2800 4323 2813 4346 ,
2853 4283 3026 4336 oravit
3059 4283 3318 4336 intensius
3334 4281 3401 4347 δ’,
3433 4291 3488 4336 et
3523 4283 3648 4338 ideo
3681 4283 3772 4350 fuit

2195 4373 2362 4426 tristis
2385 4388 2551 4440 usque
2571 4373 2642 4425 ad
2675 4381 2896 4426 mortem
2915 4373 2958 4404 ⁸⁸
2990 4390 3002 4425 :
3038 4371 3322 4426 medicans
3353 4374 3633 4428 tristitiam
3658 4388 3774 4426 mu-

509 4476 597 4522 est
626 4466 841 4519 luteum
897 4465 1227 4534 ingressum,
1255 4473 1310 4516 et
1359 4463 1754 4517 habitationem
1806 4462 1860 4514 in
1916 4461 2090 4531 hypo-
2124 4469 2168 4524 υ
2196 4463 2371 4527 lieris,
2406 4473 2464 4517 et
2497 4479 2598 4533 pro
2618 4478 2682 4518 ea
2705 4461 2906 4518 ductus
2922 4463 2989 4518 ad
3015 4463 3349 4534 passionem.
3381 4451 3655 4530 Quoniam
3678 4478 3774 4516 au-

511 4557 666 4612 stasi.
715 4555 783 4609 Et
816 4555 940 4609 ideo
969 4570 1081 4608 non
1129 4554 1224 4608 dat
1270 4555 1417 4608 Deus
1475 4553 1695 4610 mulieri
1742 4551 2093 4606 essentialem

511 4649 600 4704 sui
625 4647 1055 4703 insumationem
1085 4685 1101 4711 ,
1165 4646 1429 4715 quoniam
1485 4660 1599 4699 non
1646 4653 1733 4699 est
1789 4643 2094 4712 composita

511 4742 716 4797 mulier
743 4755 811 4795 ex
834 4739 1130 4794 divinitate
1153 4747 1211 4793 et
1237 4737 1608 4801 humanitate,
1670 4736 1815 4791 sicut
1836 4735 2095 4792 Christus

511 4835 722 4892 Adam:
777 4833 874 4890 sed
903 4848 971 4887 ex
999 4847 1108 4885 una
1132 4832 1248 4886 sola
1280 4845 1471 4895 carne,
1511 4843 1712 4898 nempe
1760 4827 1936 4882 latere
1984 4827 2092 4880 hu-

512 4926 816 4984 manitatis.
845 4927 1019 4981 Porro
1035 4933 1220 4978 autem
1243 4923 1299 4976 in
1330 4921 1609 4993 positione
1631 4935 1854 4989 quoque
1904 4927 1962 4974 et
2007 4920 2094 4974 in-

514 5037 706 5092 gressu
773 5018 971 5074 Adami
1022 5017 1079 5071 in
1136 5015 1485 5086 paradisum,
1542 5028 1654 5067 non
1693 5012 1868 5067 dicit:
1919 5009 2095 5066 Simul

515 5111 665 5182 ponit
689 5123 810 5162 cum
837 5123 896 5162 eo
921 5105 1217 5161 mulierem.
1269 5105 1462 5174 Neque
1488 5117 1626 5157 vero
1661 5102 1718 5160 in
1767 5102 2094 5172 operatione

517 5201 648 5254 facit
704 5198 870 5253 simul
917 5212 1046 5251 cum
1097 5209 1166 5250 eo
1200 5193 1449 5264 operari,
1507 5208 1688 5264 neque
1735 5193 1790 5247 in
1841 5192 2097 5248 custodia

521 5289 689 5344 simul
745 5303 868 5344 esse
911 5287 1219 5343 custodem.
1261 5285 1371 5340 Sed
1423 5299 1606 5354 neque
1653 5299 1721 5340 ex
1767 5283 1920 5340 omni
1947 5283 2098 5353 ligno

517 5380 667 5452 quod
694 5389 782 5435 est
818 5380 876 5434 in
907 5379 1164 5451 paradiso
1190 5378 1420 5450 jubetur
1457 5376 1756 5432 comedere
1810 5377 1920 5431 nisi
1946 5375 2102 5430 solus

517 5469 794 5525 Christus.
822 5469 930 5524 Sed
962 5485 1141 5540 neque
1167 5469 1405 5539 imponit
1425 5467 1625 5522 mulier
1650 5481 1853 5522 nomen
1904 5464 2100 5521 bestiis

519 5572 576 5620 ct
592 5563 916 5618 volucribus
943 5581 957 5616 :
992 5563 1061 5618 ad
1089 5563 1268 5617 solum
1292 5562 1442 5616 enim
1463 5560 1735 5615 Adamum
1757 5573 1856 5615 eos
1871 5558 2103 5616 adduxit

621 5681 664 5711 ⁸⁸
700 5679 901 5749 Ephes.
934 5698 988 5748 v,
1027 5682 1115 5737 '52.

525 5766 668 5817 sxw,
698 5751 786 5806 58.

1224 5682 1266 5712 "
1291 5682 1433 5736 Psal.
1476 5696 1590 5748 vm,
1617 5679 1732 5734 ϐςϐ.

1844 5678 1886 5712 ⁸⁷
1917 5680 1936 5734 1
1972 5681 2196 5748 Tim.n,
2233 5683 2318 5737 Η.

2197 4563 2306 4610 tem
2338 4555 2659 4620 meridiem,
2709 4555 2805 4610 Dei
2844 4555 3003 4610 Verbi
3049 4554 3347 4609 adventum
3382 4563 3504 4610 ease
3533 4563 3776 4624 paterae

2195 4643 2472 4710 dedimus,
2502 4659 2732 4700 necesse
2746 4653 2834 4699 est
2853 4644 3283 4700 omninovidere
3299 4645 3583 4714 quomodo
3607 4645 3776 4699 etiam

2196 4737 2266 4793 de
2299 4737 2528 4794 homine
2548 4737 2830 4792 communi
2863 4736 2979 4807 (qui
3011 4745 3096 4792 est
3118 4737 3289 4792 veluti
3324 4737 3551 4807 quidam
3584 4735 3775 4805 Adam)

2196 4841 2254 4885 et
2293 4829 2364 4884 de
2395 4830 2518 4900 ejus
2546 4829 2780 4899 conjuge
2831 4828 3100 4893 Ecclesia,
3129 4828 3288 4899 prius
3337 4835 3472 4883 sunt
3503 4828 3780 4898 descripta

2199 4923 2486 4995 proposita
2511 4921 2750 4992 paradisi
2775 4932 3058 4992 mysteria,
3085 4931 3144 4976 et
3167 4921 3330 4976 linem
3351 4929 3690 4993 acceperunt
3724 4921 3779 4974 in

2199 5015 2384 5070 nobis.
2423 5014 2561 5070 Cum
2605 5029 2739 5083 ergo
2789 5013 3120 5069 comedisset
3149 5014 3351 5069 mulier
3395 5029 3520 5084 qur
3554 5014 3778 5077 dicitur,

2198 5125 2266 5166 ex
2293 5109 2438 5165 malo
2493 5107 2796 5178 isnpietatis
2836 5108 3017 5164 fructu
3049 5107 3207 5179 ligni,
3248 5115 3403 5162 stans
3449 5122 3626 5177 prope
3669 5119 3782 5160 ser-

2201 5208 2425 5272 pentem
2457 5210 2718 5271 tanquam
2753 5207 2900 5255 esset
2931 5201 3052 5271 ejus
3079 5215 3240 5264 uxor,
3271 5199 3473 5254 deinde
3493 5199 3548 5254 ei
3570 5213 3781 5253 renun-

2198 5289 2411 5355 tiasset,
2435 5298 2498 5344 ut
2520 5291 2632 5360 jam
2666 5289 2779 5344 dixi
2809 5301 2991 5354 antea,
3028 5299 3084 5344 et
3116 5289 3185 5344 ad
3217 5291 3478 5344 maritum
3513 5297 3663 5344 esset
3691 5302 3781 5343 ro-

2199 5396 2378 5445 versa,
2419 5397 2530 5436 non
2566 5381 2882 5435 invenimus
2901 5397 3024 5436 eam
3049 5381 3286 5450 amplius
3306 5381 3780 5451 appropinquasse

2199 5481 2298 5526 aut
2339 5488 2465 5527 cum
2532 5482 2790 5542 serpente
2827 5473 3056 5529 omnino
3101 5485 3226 5528 esse
3275 5472 3536 5527 locutam.
3587 5469 3778 5526 Omnia

2202 5581 2335 5637 ergo
2360 5581 2483 5636 quae
2517 5565 2748 5620 luerunt
2777 5571 2900 5636 post
2923 5567 3045 5637 ejus
3069 5565 3488 5620 conversionem
3527 5563 3600 5619 ad
3634 5560 3778 5617 [uls-

2421 5683 2463 5714 ³⁸
2498 5678 2623 5738 (ise.
2662 5699 2734 5748 xl,
2768 5684 2818 5736 l.
2924 5684 2966 5718 "
2997 5683 3130 5740 Luc.
3170 5699 3298 5753 xxn,
3329 5683 3416 5738 43.
3515 5683 3560 5713 ⁸ο
3590 5679 3767 5736 Matth.
