4098 6432
344 351 497 417 1029

1441 350 1523 411 1N
1564 343 2118 408 HE‘XAEMERON.
2145 369 2213 381 -
2245 345 2390 405 LIB.
2432 345 2538 407 Xl.

3484 351 3620 415 103i)

338 478 501 519 mum
540 462 668 531 (hoc
693 473 797 525 est,
832 446 1139 525 Christum)
1184 461 1492 531 intelligere
1530 438 1748 528 Oportet
1796 456 1940 510 bona
1972 458 2013 513 Α
2044 451 2208 508 feeta.
2235 454 2364 510 Ha‘c
2390 453 2577 509 omnia
2608 468 2720 508 non
2748 460 2877 507 sunt
2908 453 3196 509 irascentis
3212 455 3435 525 judicis,
3466 474 3530 514 ex
3556 462 3622 519 iis

333 565 402 611 ct
431 563 567 609 tunc
599 554 951 624 praefigurata
972 553 1040 607 ad
1063 554 1325 608 Ecclesia:
1359 552 1720 614 beneficium,
1752 558 1807 603 ct
1837 564 1937 603 cu-

328 646 578 718 juslibet
599 645 844 700 hominis
866 646 961 715 qui
991 655 1078 700 est
1100 645 1348 716 ejusdem
1382 646 1541 716 cujus
1559 645 1676 714 ipsa
1695 640 1935 713 generis.

337 737 654 795 Oculorum
690 738 912 809 quidem
953 739 1106 794 visus
1152 739 1669 809 recuperationem,
1727 734 1939 791 Christi

335 847 501 891 verae
528 831 670 886 lucis
697 831 1068 901 agnitionem;
1100 832 1369 886 nuditatis
1404 840 1589 886 autem
1617 829 1937 893 lectionem,

339 906 573 979 initium
608 938 807 977 sensus
848 922 915 977 ad
961 926 1382 979 correctionem.
1434 923 1571 978 Nam
1620 922 1937 992 sapientes,

341 1014 554 1085 inquit,
590 1023 779 1084 tegunt
805 1030 958 1068 suam
987 1013 1396 1070 verecundiam.
1432 1013 1576 1068 Audi
1602 1013 1752 1068 enim
1790 1011 1939 1081 quod

343 1104 449 1160 ﬁat
494 1114 764 1174 prieterea
815 1113 943 1174 post
973 1105 1167 1159 induta
1215 1107 1579 1176 subligacula.
1635 1105 1738 1172 Qui
1792 1104 1939 1159 enim

344 1198 509 1268 prius
531 1213 644 1251 non
676 1197 1004 1255 obedieram
1030 1199 1148 1253 voci
1189 1207 1245 1253 et
1272 1198 1530 1253 mandato
1563 1197 1657 1253 Dei
1694 1197 1786 1268 qui
1810 1208 1939 1252 ante

344 1289 639 1346 meridiem
670 1299 978 1360 temporum
1004 1291 1253 1361 nondunt
1277 1292 1596 1354 advenerat,
1622 1300 1677 1345 et
1699 1308 1797 1361 per
1819 1308 1939 1345 car-

343 1397 481 1439 nem
504 1382 666 1437 nobis
707 1398 819 1436 non
851 1364 1344 1453 appropinquant,
1381 1392 1437 1439 et
1465 1383 1709 1438 nondum
1746 1383 1937 1438 ambu-

344 1475 505 1531 labat
539 1475 636 1529 Dei
688 1475 1012 1545 przedicatio
1054 1486 1186 1530 tunc
1215 1490 1341 1531 cum
1375 1478 1431 1530 in
1467 1492 1688 1531 omnem
1734 1486 1939 1531 terram

343 1564 527 1618 exivit
559 1580 729 1619 sonus
748 1566 870 1634 ejus
908 1561 1144 1624 dicentis
1176 1583 1187 1617 :
1219 1564 1590 1619 Pwnilentiam
1635 1568 1795 1636 agite,
1845 1584 1939 1636 ap-

344 1657 678 1727 propinquat
731 1656 870 1709 enim
926 1671 1147 1725 regnum
1193 1652 1539 1721 caelorum“,
1586 1656 1808 1725 quando
1837 1673 1939 1711 vox

343 1748 578 1804 Domini
612 1746 753 1801 facta
787 1757 872 1801 est
904 1760 1071 1817 super
1103 1763 1295 1817 aquas,
1330 1748 1552 1818 quando
1594 1749 1800 1813 tonitru
1844 1764 1941 1803 vo-

2044 561 2166 615 qua:
2216 555 2346 601 sunt
2387 545 2785 616 consequentia
2821 545 3089 600 historiae.
3122 546 3257 600 Nam
3314 563 3439 603 cum
3479 551 3624 609 Deus

2042 637 2275 692 dixisset
2304 638 2516 692 Adamo
2562 636 2729 702 :'Quis
2762 638 2855 691 tibi
2887 638 3210 691 renuntiavit
3236 641 3374 708 quod
3402 643 3473 695 sis
3523 660 3627 697 nu-

2042 730 2159 795 dus,
2193 732 2294 783 nisi
2314 730 2624 784 comedisses
2652 745 2715 783 ex
2738 729 2879 800 ligno
2921 730 3058 799 quod
3088 731 3179 783 tibi
3190 731 3334 799 jussi
3367 748 3431 785 ne
3454 750 3624 789 come-

2042 816 2241 876 deres?
2279 822 2415 879 Vide
2465 822 2613 892 quod
2662 822 2835 877 Adam
2883 822 2995 876 Deo
3043 823 3343 892 respondet
3395 824 3624 881 dicens:
3680 836 3689 841 '

2040 912 2238 967 Mulier
2266 929 2427 984 quam
2464 913 2651 965 dedisti
2686 913 2813 965 mihi
2837 928 3061 977 mecum,
3094 913 3210 982 ipsa
3242 914 3369 966 mihi
3396 914 3537 968 dedit
3563 931 3629 969 eat

2045 1003 2207 1075 ligno,
2268 1016 2316 1059 et
2366 1009 2581 1061 comedi.
2635 1005 2854 1061 Audisti
2895 1007 3174 1075 quomodo
3220 1022 3329 1061 non
3380 1009 3629 1078 peccavit

2042 1099 2238 1165 Adam,
2272 1109 2332 1153 ut
2362 1100 2455 1169 qui
2489 1116 2597 1153 non
2626 1099 2795 1154 fuerit
2824 1098 3089 1169 deceptus
3109 1100 3257 1155 ?non
3281 1101 3581 1157 dicitenim
3610 1120 3626 1158 :

2042 1188 2256 1258 Decepit
2282 1207 2361 1244 me
2396 1191 2604 1244 mulier.
2631 1191 2753 1245 Non
2784 1191 2923 1245 dicit
2957 1209 2969 1244 :
3003 1191 3085 1245 Me
3113 1194 3510 1262 supplantavit,
3537 1200 3634 1249 aut

2038 1294 2106 1336 ea
2147 1282 2284 1335 mihi
2321 1281 2426 1335 fuit
2461 1282 2669 1349 peccati
2703 1282 3051 1336 consiliatrix
3075 1323 3090 1347 ,
3115 1297 3185 1336 ne
3230 1281 3481 1338 conferat
3515 1284 3630 1339 cul-

2041 1388 2167 1444 pam
2192 1374 2245 1427 in
2263 1389 2389 1427 eum
2414 1376 2508 1444 qui
2540 1375 2713 1444 ipsam
2736 1376 2788 1429 ei
2816 1374 2993 1429 dedit.
3026 1375 3412 1430 Poteratenim
3445 1392 3503 1432 se
3529 1377 3628 1432 de-

2040 1465 2490 1530 fenderc,etDeo
2521 1468 2881 1537 respondere,
2911 1468 3101 1523 dicens
3132 1487 3145 1522 :
3170 1469 3337 1524 Recte
3356 1469 3627 1525 habebant

2041 1572 2167 1626 eum
2214 1560 2370 1629 prius
2410 1574 2589 1615 essem
2631 1561 2816 1626 solus;
2844 1561 2937 1615 sed
2962 1561 3204 1631 adjutrix
3236 1578 3399 1633 quam
3425 1561 3629 1620 dedisti

2040 1651 2181 1705 mihi
2221 1666 2330 1704 non
2371 1660 2494 1705 erat
2522 1652 2787 1722 adjutrix,
2813 1652 2908 1706 sed
2935 1652 3159 1707 inimica
3195 1663 3252 1708 et
3292 1652 3626 1709 insidiatrix.

2112 1743 2262 1798 Nihil
2296 1753 2479 1798 autem
2512 1744 2650 1798 dicit
2699 1753 2798 1799 aut
2832 1745 3037 1814 cogitat
3084 1746 3429 1816 hujusmodi.
3485 1746 3633 1802 Dicit

345 1824 447 1893 cis.
465 1839 797 1909 evangelicae
822 1840 1026 1893 factdm
1052 1847 1134 1893 cst
1166 1839 1218 1892 in
1258 1849 1377 1893 rota
1402 1839 1615 1901 mundi,
1644 1840 1937 1895 audierunt
1975 1828 2014 1881 Β
2045 1833 2230 1903 itaque
2263 1852 2275 1887 :
2302 1834 2494 1917 yulier
2515 1852 2677 1905 quam
2701 1834 2890 1888 dedisti
2911 1835 3057 1901 mihi,
3081 1835 3145 1889 ad
3167 1852 3252 1891 me
3273 1836 3628 1904 servandum,

343 1945 543 1985 vocem
591 1930 811 1984 Domini
869 1930 1110 1984 dicentis
1143 1948 1157 1983 :
1190 1929 1497 2005 Oves'mea:
1543 1947 1717 1985 vocem
1767 1948 1941 2036 mgm

347 2021 576 2078 audiunt
613 2023 676 2084 δ’,
733 2023 1020 2075 audierunt
1050 2038 1226 2076 vocem
1265 2020 1487 2077 Domini
1527 2010 1971 2076 anzbulanti‘i‘in

348 2113 604 2183 paradiso
637 2112 904 2169 Ecclesiae
921 2096 1300 2168 .oicastrorum
1331 2120 1551 2183 (nempe
1578 2114 1849 2185 gentium)
1886 2123 1942 2170 et

346 2204 651 2261 dicentis:
710 2205 892 2261 Venite
950 2207 1021 2260 ad
1076 2224 1179 2273 me,
1220 2224 1400 2261 omnes
1460 2209 1550 2278 qui
1604 2208 1938 2278 laboratis“,

349 2297 804 2370 quandoquidem
852 2299 1004 2369 ligna
1050 2298 1305 2354 scinditis
1350 2300 1731 2358 montiumad
1807 2301 1942 2357 deos

342 2386 546 2444 inanes
574 2389 1005 2461 exsculpendos,
1029 2376 1087 2444 et
1112 2391 1182 2446 iis
1218 2392 1437 2446 onerati
1470 2392 1609 2446 estis
1646 2400 1707 2446 ut
1730 2393 1943 2449 abeatis

349 2479 421 2532 ad
447 2482 651 2551 templa
677 2482 1036 2546 exsecranda,
1060 2491 1115 2536 et
1137 2498 1241 2563 ego
1271 2482 1341 2537 ab
1368 2484 1437 2538 iis
1458 2483 1719 2539 omnibus
1737 2500 1835 2541 vos
1866 2486 1943 2541 fa-

356 2567 506 2620 ciam
545 2564 846 2638 quiescei'e.
886 2569 955 2624 Et
988 2572 1296 2627 timuerunt
1340 2573 1634 2628 Dominum
1663 2576 1758 2645 qui
1788 2577 1944 2645 prius

355 2656 547 2725 ipsum
574 2675 686 2714 non
722 2652 1016 2717 timebant.
1056 2663 1407 2732 Timuerunt,
1443 2666 1574 2736 quia
1615 2682 1725 2721 non
1768 2667 1946 2724 habes

349 2747 491 2805 bant
531 2751 915 2808 indumentum
958 2756 1238 2825 nuptiale;
1289 2756 1537 2812 nondum
1586 2759 1733 2812 enim
1764 2758 1945 2829 bapti-

351 2840 464 2894 zati
486 2851 645 2897 erant
672 2844 727 2898 in
755 2844 1061 2911 Christum,
1079 2857 1139 2902 ut
1157 2848 1437 2903 Christum
1468 2849 1781 2904 induerent.
1800 2851 1944 2907 Nudi

344 2942 530 2999 erant,
556 2936 710 2989 exuti
752 2938 926 3007 priori
954 2939 1281 2995 indumento
1311 2941 1750 3011 incorruptionis
1768 2952 1823 2998 et
1846 2944 1946 2997 im-

346 3026 728 3083 mortalitatis.
780 3028 889 3085 Sed
928 3032 1152 3100 quapdo
1217 3033 1520 3088 audierunt
1569 3050 1759 3093 vocem
1826 3037 1946 3105 ejus

345 3113 446 3183 qui
481 3117 685 3185 quaerit
709 3133 868 3172 ovem
888 3136 1010 3189 qua:
1032 3123 1297 3190 perierat,
1316 3131 1373 3176 et
1407 3131 1785 3194 tegumentum
1808 3123 1939 3196 ligni

344 3203 480 3256 vitm
507 3203 823 3275 Christiqui
851 3206 989 3262 dicit
1035 3222 1134 3278 per
1163 3208 1500 3279 Prophetam
1541 3211 1609 3267 de
1637 3212 1798 3267 nobis
1832 3231 1844 3266 :
1874 3212 1940 3267 In

348 3294 581 3364 tegmine
602 3294 816 3369 alarum
845 3305 1060 3353 tuarum
1084 3309 1323 3372 proteges
1355 3318 1448 3355 nos
1463 3301 1528 3369 “,
1544 3319 1663 3356 cum
1684 3302 1939 3373 fuerimus

346 3384 407 3437 in
442 3396 644 3440 arcano
678 3388 853 3443 vultus
892 3391 990 3443 tui.
1033 3390 1102 3445 Et
1140 3408 1265 3448 cum
1296 3393 1602 3464 accepisset
1644 3394 1939 3466 prodigum

343 3474 503 3532 hunc
536 3478 749 3534 nudum
779 3479 1082 3549 hominem,
1106 3484 1199 3555 qui
1230 3486 1577 3540 extrinsecus
1617 3486 1765 3541 intro
1790 3476 1940 3542 recte

345 3579 477 3623 erat
507 3570 814 3641 ingressus,
846 3590 975 3629 cum
1028 3576 1166 3632 texit
1206 3575 1398 3632 dicens
1432 3597 1444 3631 :
1473 3578 1669 3649 Aﬁerte
1707 3581 1940 3649 primam

343 3658 545 3715 stolam
565 3661 611 3694 “
637 3679 803 3733 quam
831 3664 935 3719 iste
966 3665 1374 3738 ferebatprius,
1409 3684 1607 3739 nempe
1645 3669 1940 3726 indumen-

332 3758 471 3803 1um
507 3749 975 3824 incorruptionis,
1011 3764 1069 3813 et
1113 3757 1326 3814 induite
1351 3774 1501 3813 cum.
1538 3759 1770 3827 Quando
1807 3777 1941 3834 ergo

342 3840 517 3897 audis
542 3842 612 3898 de
642 3843 883 3901 Domino
914 3847 1029 3903 Deo
1050 3858 1344 3918 praesente,
1368 3860 1426 3907 et
1445 3852 1664 3908 dicente
1692 3853 1937 3909 Adamo:

346 3928 454 3988 Ubi
490 3948 569 3999 es,
588 3936 645 3990 in
672 3936 881 3993 bonum
908 3939 1157 4012 intelligo
1182 3942 1328 3998 hanc
1357 3945 1723 4000 vocationem.
1765 3943 1939 4013 Quem

345 4022 507 4077 enim
545 4027 745 4104 qumrit
786 4036 844 4082 et
874 4038 1034 4086 vocat
1064 4030 1132 4086 ad
1178 4047 1237 4086 se
1263 4032 1429 4099 Deus,
1460 4042 1548 4088 est
1582 4032 1940 4104 perspicuum

347 4114 507 4182 quod
530 4102 743 4172 recedit
766 4120 991 4189 quidem
1018 4138 1049 4177 a
1075 4122 1252 4189 male,
1284 4139 1410 4178 cum
1442 4124 1554 4179 Deo
1581 4102 1766 4180 autem
1786 4125 1940 4182 inve-

348 4199 532 4256 nitur.
586 4201 687 4259 Sin
725 4215 913 4263 autem
957 4222 1083 4265 cum
1128 4211 1233 4278 ira,
1264 4221 1322 4268 et
1352 4214 1810 4270 excandescentia
1832 4256 1847 4280 ,
1882 4228 1943 4273 ut

348 4289 582 4360 quidam
613 4295 964 4366 existimant,
1009 4294 1156 4358 Deus
1198 4303 1431 4358 accessit
1463 4303 1533 4358 ad
1570 4303 1842 4360 Adamum
1885 4316 1942 4362 et

347 4384 528 4440 Evam
567 4386 639 4442 in‘
662 4390 921 4459 paradiso
949 4392 1020 4447 ad
1059 4408 1157 4449 eos
1180 4394 1495 4463 puniendos
1513 4396 1938 4462 etcruciandos,

2050 1935 2107 1982 et
2142 1925 2518 1983 liberandum.
2540 1935 2597 1980 et
2616 1926 3054 1995 suscipiendum,
3071 1941 3133 1980 ea
3149 1926 3283 1980 mihi
3307 1926 3462 1981 dedit
3485 1942 3631 1982 mor-

1988 2011 2013 2031 "
2040 2022 2152 2069 tem
2185 2013 2255 2067 ab
2277 2016 2393 2082 ipsa
2427 2013 2754 2082 profectam,
2791 2014 3031 2068 fructum
3063 2014 3229 2085 ligni,
3262 2025 3631 2085 promptoque

2040 2117 2096 2163 et
2126 2106 2293 2161 alacri
2330 2106 2515 2161 animo
2545 2105 2780 2171 comedi,
2819 2106 2961 2161 nihil
2988 2105 3213 2176 penitus
3239 2106 3630 2162 contradicens

2040 2216 2225 2270 neque
2253 2215 2536 2256 recusans.
2565 2201 2868 2271 Propterea
2907 2201 3057 2256 enim
3088 2200 3259 2255 Adam
3285 2202 3488 2256 nullam
3530 2217 3628 2257 eo-

2042 2308 2166 2346 rum
2216 2292 2439 2362 penitus
2472 2291 2599 2346 facit
2635 2291 3006 2356 mentionem,
3039 2307 3166 2347 cum
3200 2293 3316 2346 Deo
3350 2292 3585 2362 loquens
3614 2334 3629 2358 ,

2042 2394 2106 2439 ut
2138 2387 2232 2454 qui
2272 2399 2451 2454 neque
2482 2391 2632 2439 esset
2681 2383 3036 2451 inobediens,
3076 2399 3258 2454 neque
3305 2399 3335 2438 a
3371 2393 3633 2454 serpente

2042 2475 2273 2529 omnino
2317 2475 2487 2529 ullam
2537 2474 2840 2544 accepisset
2898 2474 3298 2543 irruptionem,
3350 2490 3529 2545 neque
3562 2473 3631 2529 ad

2043 2582 2170 2621 eum
2210 2566 2439 2620 omnino
2462 2565 2810 2628 accessisset,
2832 2573 2893 2618 ut
2921 2580 3102 2635 neque
3140 2565 3414 2621 Christus.
3440 2566 3632 2636 Neque

2045 2677 2241 2716 rursus
2274 2663 2524 2717 cernitur
2565 2662 2714 2716 Deus
2752 2661 2808 2715 in
2845 2660 2938 2715 illa
2976 2661 3215 2716 terribili
3251 2662 3633 2717 exsecratione

2044 2754 2339 2823 serpentis,
2370 2753 2670 2823 quidquam
2695 2767 2821 2806 eum
2852 2767 2974 2807 esse
3002 2746 3329 2807 criminatus
3354 2752 3422 2806 de
3455 2752 3637 2806 homi-

2044 2858 2141 2907 ne,
2166 2853 2263 2897 aut
2300 2841 2368 2897 de
2394 2844 2605 2897 Adamo
2635 2843 2778 2913 apud
2801 2858 2929 2897 cum
2963 2844 3129 2897 ullam
3170 2844 3368 2898 fecisse
3401 2843 3637 2899 mentio-

2044 2950 2211 2999 nem;
2242 2934 2337 2989 sed
2370 2951 2498 2989 eum
2530 2951 2735 3004 susque
2765 2934 2946 3005 deque
2976 2947 3302 2991 exsecratur
3330 2935 3397 2990 de
3430 2937 3635 2991 mulie-

2046 3040 2128 3088 re,
2163 3034 2220 3080 et
2252 3026 2443 3096 abjicit
2473 3026 2719 3081 efﬁciens
2758 3034 2820 3081 ut
2865 3026 3089 3082 caderet
3124 3043 3255 3082 casu
3307 3042 3336 3080 a
3377 3043 3487 3097 quo
3520 3043 3631 3082 non

2046 3127 2237 3189 posset
2259 3120 2514 3185 excitari,
2550 3130 2606 3177 ct
2624 3130 2829 3174 aeterna
2855 3135 2980 3175 eum
3008 3118 3388 3175 condemnans
3409 3119 3633 3175 damna-

2047 3206 2197 3262 tione
2224 3247 2238 3273 ,
2278 3208 2540 3277 quoniam
2585 3209 2871 3263 mulierem
2912 3206 3215 3263 Eeclesiam
3271 3208 3467 3269 solam.
3522 3222 3636 3264 non

2042 3307 2226 3354 autem
2256 3282 2531 3354 Adamum‘
2561 3298 2845 3356 Christum
2871 3298 3113 3369 decepit.
3143 3299 3297 3353 Nunc
3323 3300 3471 3354 enim
3493 3342 3506 3365 ,
3545 3300 3635 3358 in-

2043 3390 2185 3461 quit,
2219 3392 2360 3443 venit
2393 3392 2635 3462 princeps
2663 3389 2847 3445 mundi
2875 3389 3053 3460 hujus,
3090 3396 3139 3441 et
3174 3389 3227 3441 in
3265 3403 3348 3441 me
3377 3386 3514 3442 nihil
3550 3388 3636 3442 in-

2042 3484 2273 3537 venit“.
2324 3483 2482 3538 Unde
2525 3484 2691 3538 etiam
2740 3492 2928 3537 ratam'
2978 3489 3034 3536 et
3092 3488 3374 3550 acceptam
3420 3480 3635 3537 habens

2040 3571 2189 3628 Deus
2216 3574 2457 3628 insontis
2483 3573 2675 3629 Adami
2701 3574 3120 3643 responsionem
3154 3571 3207 3627 in
3232 3572 3457 3644 ﬁguram
3474 3572 3635 3629 Chri-

2043 3664 2227 3735 sti'qui
2252 3681 2365 3720 non
2392 3666 2664 3735 peccavit,
2693 3681 2817 3721 cum
2841 3664 3075 3719 dixisset
3099 3682 3111 3717 :
3139 3664 3335 3718 Mulier
3362 3681 3526 3735 quam
3542 3666 3637 3720 de-

2042 3756 2167 3821 disti
2198 3773 2422 3821 mecum,
2442 3773 2505 3810 ea
2533 3759 2661 3811 mihi
2692 3757 2835 3810 dedit
2862 3773 2924 3809 ea:
2951 3758 3115 3826 ligno,
3155 3764 3203 3809 et
3231 3758 3455 3822 comedi,
3488 3757 3629 3813 nihii

2042 3847 2280 3921 amplius
2309 3863 2437 3902 eum
2477 3847 2803 3918 interrogat,
2835 3845 2932 3901 sed
2963 3847 3150 3900 statim
3185 3846 3253 3901 ad
3298 3861 3419 3901 eam
3451 3847 3629 3913 vadit,

2043 3936 2179 3992 dicit
2197 3936 2345 3990 enim
2370 3935 2577 3991 Moses:
2603 3935 2673 3990 Et
2691 3937 2739 3989 ei
2772 3937 2906 3990 dixit
2933 3934 3068 3990 Deus
3094 3952 3112 3990 :
3141 3935 3283 4001 Quid
3314 3938 3410 3990 hoc
3427 3938 3635 4007 fecisti!

2041 4026 2113 4083 Et
2172 4027 2306 4080 dixit
2364 4026 2598 4081 mulier:
2633 4025 2859 4097 Serpens
2891 4043 2974 4081 me
3032 4027 3263 4098 decepit,
3318 4038 3367 4082 et
3411 4032 3630 4088 comedi.

2042 4116 2339 4187 Quomodo
2366 4129 2552 4173 autem
2610 4118 2679 4173 de
2708 4118 2880 4173 Adam
2908 4134 2940 4173 a
2974 4120 3087 4175 Deo
3127 4128 3405 4184 accusata,
3435 4120 3503 4176 de
3538 4121 3635 4176 illo

2044 4227 2157 4268 non
2186 4211 2510 4281 respondet,
2540 4209 2637 4265 sed
2675 4210 2746 4264 de
2778 4224 2837 4265 se
2859 4210 2886 4263 ?
2937 4208 3134 4265 Annon
3163 4218 3249 4266 est
3273 4212 3634 4281 perspicuum

2044 4302 2194 4375 quod
2224 4301 2524 4357 ostendens
2546 4308 2836 4372 peccatum
2864 4316 2975 4355 non
3009 4301 3210 4356 cadere
3240 4303 3295 4356 in
3321 4302 3638 4359 Adamum?

2043 4394 2279 4466 perinde
2307 4409 2372 4449 ac
2396 4393 2443 4449 si
2477 4393 2694 4448 diceret
2719 4393 2834 4449 Deo
2863 4410 2877 4447 :
2910 4392 3083 4448 Adam
3110 4401 3195 4449 est
3227 4393 3517 4460 innocens,
3535 4410 3637 4467 ego

348 4478 652 4548 oportebat
670 4494 807 4537 eum
843 4482 1031 4541 statim
1060 4499 1290 4561 pergere
1320 4480 1388 4540 ad
1420 4496 1734 4557 serpentem
1763 4498 1820 4543 et
1844 4506 1945 4560 pu-
2048 4487 2166 4543 sola
2212 4486 2328 4542 Deo
2357 4500 2485 4540 meo
2505 4500 2619 4540 non
2640 4484 2826 4541 obedii
2846 4526 2860 4552 ,
2891 4494 2949 4541 et
2990 4484 3128 4556 fregi
3161 4493 3321 4555 pacta
3365 4498 3639 4543 conventa

348 4568 482 4641 nire
501 4579 789 4626 auctorem
820 4572 1119 4628 malorum.
1143 4572 1449 4645 Oportebat
1476 4576 1768 4631 mulierem
1808 4578 1947 4635 insi-
2049 4587 2232 4634 tecum
2268 4578 2428 4645 inita,
2452 4586 2509 4634 et
2544 4577 2727 4633 erravi
2753 4577 2900 4633 sicut
2925 4577 3047 4633 ovis
3071 4591 3195 4647 quae
3224 4577 3412 4646 periit,
3440 4578 3639 4635 effecta

351 4658 653 4717 diatricem
703 4663 810 4720 viri
852 4664 1258 4734 condemnare,
1289 4676 1346 4722 et
1379 4682 1448 4723 ex
1485 4667 1745 4739 paradiso
1767 4676 1950 4725 exter-
2047 4669 2364 4727 errabunda
2396 4683 2462 4726 ac
2490 4670 2625 4726 deos
2657 4670 2867 4734 colens,
2895 4678 2952 4724 et
2977 4685 3147 4740 super
3185 4678 3404 4725 montes
3429 4681 3487 4724 ct
3525 4671 3641 4727 col-

350 4755 577 4812 minare
599 4798 614 4822 ,
659 4766 719 4815 et
760 4760 1129 4816 exsecrationi
1187 4769 1245 4818 et
1294 4761 1461 4817 morti
1510 4762 1808 4835 subjicere.
1849 4763 1951 4819 Hic
2046 4762 2131 4819 les
2167 4761 2318 4818 nuda
2354 4777 2562 4834 vagans
2590 4776 2656 4817 ac
2670 4761 2922 4827 fluitans,
2957 4769 3015 4816 et
3052 4761 3263 4832 polluta
3284 4761 3525 4816 sordidis
3553 4777 3644 4817 sa-

349 4854 546 4901 autem
606 4847 669 4929 fit
744 4851 1126 4920 contrarium;
1187 4852 1411 4909 attende
1456 4851 1627 4908 enim.
1663 4852 1800 4909 Eam
1845 4870 1952 4911 nec
2051 4854 2391 4911 criﬁciorum
2423 4854 3199 4924 inquinamentis?Quoniam
3227 4852 3383 4910 vafer
3405 4868 3640 4923 serpens

347 4946 705 5007 exsecratur,
722 4958 826 4999 nec
841 4943 1385 5016 criminatur,neque
1402 4945 1947 5015 mortecondemnat;
2053 4963 2157 5004 me-
2193 4946 2419 5018 decepit
2441 4988 2457 5013 ,
2497 4953 2758 5016 tanquam
2813 4945 3127 5016 imperitam
3163 4945 3637 5001 adolescentulam

352 5028 454 5088 sed
480 5038 539 5084 et
586 5043 828 5104 separat,
871 5044 927 5091 et
954 5036 1180 5092 redimit
1209 5036 1278 5092 ab
1303 5030 1636 5094 insidiatore
1670 5041 1792 5111 ejus
1830 5056 1951 5096 ser-
2053 5040 2421 5111 supplantans
2454 5048 2513 5095 et
2540 5039 2807 5094 aberrare
2840 5038 3072 5093 faciens.
3115 5037 3242 5093 Haec
3278 5052 3404 5093 curn
3434 5037 3641 5091 mulier

351 5130 561 5201 pentei,
611 5124 663 5181 ei
698 5125 1170 5184 dicens:Ponam
1207 5131 1537 5198 inimicitias,
1567 5140 1623 5187 et
1643 5133 1817 5189 veluti
1863 5149 1951 5189 re-
2050 5129 2451 5201 propemodum
2509 5129 2657 5200 apud
2710 5128 2886 5184 Deum
2938 5129 3318 5194 confiteretur,
3372 5141 3474 5199 per
3531 5128 3641 5185 hoc

346 5210 590 5280 pudium
609 5215 752 5271 inter
777 5228 828 5272 te
853 5226 904 5272 et
928 5220 1226 5287 mulierem,
1249 5237 1372 5277 eam
1412 5240 1443 5278 a
1480 5232 1533 5279 te
1562 5224 1830 5289 liberans,
1892 5232 1951 5280 et
2051 5220 2199 5291 quod
2220 5219 2360 5276 dixit
2390 5238 2403 5273 :
2440 5218 2668 5291 Serpens
2704 5236 2787 5274 me
2807 5220 3029 5291 decepit,
3060 5227 3122 5273 ut
3152 5234 3276 5289 qua:
3309 5233 3468 5275 suam
3499 5217 3639 5273 indi-

342 5298 570 5361 ‘faciens
608 5315 669 5362 ut
688 5324 753 5365 ea
771 5310 907 5369 mihi
941 5312 1219 5369 adhaereat
1240 5315 1335 5385 qui
1366 5331 1488 5371 sum
1509 5315 1597 5371 vir
1616 5317 1738 5389 ejus
1761 5317 1962 5373 etDo-'
2051 5323 2233 5369 casset
2287 5312 2699 5383 paenitentiam,
2765 5322 2822 5368 et
2888 5313 2941 5368 ei
3005 5322 3154 5369 esset
3213 5311 3587 5367 condonatum
3624 5330 3639 5369 :

352 5393 564 5475 minus,
600 5406 659 5453 et
682 5414 804 5456 eam
836 5403 1075 5460 induens
1101 5405 1310 5471 tunica,
1336 5422 1534 5480 nempe
1567 5423 1657 5463 me
1699 5407 1793 5477 qui
1817 5424 1939 5464 sum

355 5493 657 5544 contextus
684 5504 752 5546 ex
777 5494 1053 5563 supernis.
1084 5495 1126 5548 A
1146 5504 1197 5551 te
1232 5496 1380 5550 enim
1421 5494 1604 5552 fuerat
1632 5496 1858 5563 nudata,
1885 5509 1943 5553 et

352 5590 479 5631 eam
517 5576 747 5637 nomino
784 5584 985 5650 Vitam,
1026 5593 1088 5639 ut
1122 5602 1246 5656 quze
1275 5602 1305 5641 a
1337 5595 1388 5642 te
1422 5587 1605 5643 fuerat
1634 5596 1813 5643 morte
1854 5588 1938 5643 af-

425 5694 883 5772 "ﬂatth.tit,2.
957 5702 1189 5757 “Joan.
1244 5718 1296 5760 κ.
1350 5701 1437 5758 is.
1515 5703 1560 5735 δ’
1585 5702 1776 5758 Matth.
1810 5719 1885 5772 ιι,
1916 5704 2014 5764 28.

344 5786 458 5832 xlv,
488 5764 582 5821 30.

2056 5406 2253 5462 transit
2278 5405 2425 5459 Deus
2448 5404 2518 5458 ad
2543 5404 2749 5459 malum
2777 5403 3097 5470 draconem,
3132 5403 3474 5460 defectorem
3518 5419 3639 5459 ser-

2048 5506 2293 5568 pontem,
2328 5496 2454 5551 etei
2492 5495 2667 5552 dicit:
2692 5494 2801 5552 Cur
2836 5498 2933 5551 hoc
2970 5496 3185 5567 fecisti?
3212 5496 3320 5552 Sed
3363 5496 3494 5567 quia
3535 5496 3641 5552 hoc

2045 5589 2247 5656 fecisti,
2282 5596 2339 5645 et
2370 5604 2541 5645 ausus
2576 5605 2639 5646 es
2667 5591 2856 5646 statim
2902 5590 3159 5660 decipere
3192 5590 3359 5663 916
3393 5590 3638 5661 primum

2114 5707 2161 5743 ⁸⁵
2195 5708 2341 5763 Psal.
2426 5722 2551 5774 xvt,
2591 5706 2641 5767 8.
2789 5707 2836 5741 “
2877 5708 3013 5763 Luc.
3064 5724 3151 5768 xv.
3197 5707 3290 5763 22.
3387 5707 3435 5740 δ’
3476 5705 3637 5763 Lean.
