4098 6426
555 305 684 372 103i

1743 307 1803 364 S.
1843 303 2238 365 ANASTASJI
2279 299 2606 361 SlNAlT/E

3681 293 3824 356 1032

553 425 873 490 ﬁgmentum
906 432 1168 472 inanuum
1217 431 1497 474 mearum.
1534 414 1680 486 quod
1709 417 1916 469 factum
1954 425 2039 468 est
2066 413 2140 484 ad
2164 421 2205 474 Α
2238 427 2507 483 ponantur
2543 413 2833 466 inimicitia:
2865 412 2932 466 ab
2953 411 3060 465 hoc
3083 419 3328 480 tempore
3357 411 3495 464 inter
3523 417 3575 463 te
3606 418 3656 463 et
3682 415 3822 466 inter

553 523 730 562 meam
766 507 1058 578 imaginem
1087 515 1144 562 ct
1169 507 1627 572 similitudinem;
1663 514 1720 558 tu
1751 520 1812 559 es
1845 519 2140 558 exsecran-

553 599 656 654 dus
689 599 760 652 ab
797 599 1054 654 omnibus
1087 599 1392 670 jumentis,
1437 607 1494 652 et
1532 596 1603 651 ab
1645 597 1904 650 omnibus
1941 595 2138 650 be5tiis

551 706 675 760 qua:
709 699 838 744 sunt
867 706 1032 759 super
1054 699 1279 744 terram.
1313 691 1697 745 Exsecrandus
1717 706 1778 745 es
1805 699 1860 744 tu
1885 697 1940 744 et
1965 690 2135 755 solus,

553 780 798 838 sed'non
816 782 988 836 Adam
1016 799 1030 846 ;
1067 792 1123 837 tu
1161 782 1331 845 solus,
1359 792 1415 836 et
1443 798 1552 836 non
1582 783 1804 836 mulier.
1847 783 1952 838 Sed
1977 792 2033 837 tu
2079 799 2140 838 es

553 873 927 928 exsecrandus
961 873 1029 926 ab
1067 873 1325 927 omnibus
1366 875 1502 928 meis
1549 875 1820 928 creaturis
1858 890 1980 944 qum
2009 886 2140 929 sunt

553 981 722 1034 super
760 975 963 1018 terram
985 1005 1000 1028 ,
1045 979 1155 1018 non
1203 964 1270 1018 ab
1305 970 1374 1018 llS
1407 981 1530 1035 quae
1557 976 1688 1020 sunt
1720 966 1775 1018 in
1805 965 1966 1020 caelo.
2002 965 2139 1019 Nam

551 1057 733 1128 quiin
777 1057 872 1110 illo
917 1064 1068 1118 sunt,
1115 1056 1293 1124 angeli
1328 1056 1457 1120 mei,
1495 1065 1625 1136 sunt
1666 1056 1966 1120 benedicti,
2001 1067 2141 1124 quo-

555 1150 702 1204 niam
740 1164 826 1203 me
861 1149 1198 1204 benedicunt
1231 1149 1380 1204 missi
1408 1149 1477 1203 ad
1519 1165 1750 1204 munera
1779 1149 2138 1204 administra-

556 1239 717 1295 toria.
735 1239 816 1293 'l‘u
841 1240 988 1294 enim
1013 1241 1270 1310 sperasti.
1300 1241 1345 1295 si
1375 1249 1699 1310 peccassent
1721 1241 1996 1303 homines,
2021 1240 2141 1296 ﬁeri

553 1331 676 1384 loco
709 1345 902 1383 eorum
943 1345 1038 1384 rex
1074 1332 1322 1385 omnium
1345 1347 1469 1400 qua:
1517 1341 1650 1386 sunt
1703 1347 1872 1402 super
1908 1341 2137 1397 terram,

551 1420 744 1474 dicens
784 1436 796 1472 :
835 1419 942 1473 Ero
1003 1419 1193 1474 similis
1252 1421 1528 1476 Altissimo
1547 1422 1630 1488 ⁴’⁸³η
1663 1422 1761 1476 sed
1805 1431 1900 1476 tua
1936 1437 2033 1492 spe
2079 1438 2142 1478 es

551 1511 854 1566 frustratus
881 1528 893 1564 :
921 1511 1006 1566 eis
1033 1512 1181 1566 enim
1203 1511 1275 1568 do
1297 1529 1516 1568 onmem
1537 1524 1867 1584 potestatem
1889 1515 2140 1570 calcandi

549 1619 716 1672 supra
759 1612 1029 1674 serpentes
1067 1613 1124 1658 et
1164 1606 1368 1660 collum
1402 1614 1579 1659 tuum.
1621 1592 1828 1660 Deinde
1869 1621 1994 1660 cum
2025 1605 2142 1660 haec

553 1691 806 1756 dixisset,
833 1693 1084 1763 praedicit
1105 1695 1159 1749 ei
1188 1695 1354 1749 etiam
1386 1695 1578 1751 vitium
1599 1706 1655 1752 et
1677 1697 1872 1751 malam
1899 1706 2142 1752 mentem

2238 505 2532 558 mulierem.
2559 505 2670 559 Cur
2693 504 2839 559 enim
2873 503 3017 558 facto
3057 503 3261 558 delicto
3291 513 3581 572 oporteret
3628 516 3821 572 postea

2239 596 2433 651 ulcisci
2463 611 2590 652 eum
2629 597 2728 668 qui
2779 596 2948 650 fecit?
2977 595 3082 650 Sed
3114 595 3200 651 his
3239 597 3426 650 verbis
3479 611 3591 649 non
3639 596 3823 650 credit

2236 684 2484 750 Judaeus,
2514 685 2689 740 solam
2719 686 3014 740 attendens
3041 685 3299 740 litteram.
3335 685 3544 739 Deinde
3581 702 3694 740 non
3735 686 3822 740 vi-

2239 773 2338 828 des
2366 775 2465 842 (illi
2495 775 2641 849 dico)
2690 775 2971 830 terribiles
3019 775 3342 830 inimicitias
3395 777 3558 846 hujus
3608 775 3817 832 Christi

2239 865 2430 920 uxoris
2461 865 2746 930 Ecclesiae,
2778 881 2918 934 quas
2951 865 3116 920 habet
3148 867 3415 921 advet’Sus
3457 877 3774 936 serpentem
3800 867 3826 921 2

2238 956 2360 1014 Non
2382 959 2538 1013 vides
2565 959 3012 1029 impressionem,
3029 975 3137 1013 non
3153 960 3310 1016 vides
3329 971 3633 1024 certamen,
3653 960 3826 1028 idque

2239 1068 2364 1106 cum
2401 1061 2460 1106 tu
2495 1051 2705 1122 primus
2732 1051 3231 1121 cxperiaris?Quid
3253 1053 3400 1106 enim
3432 1069 3542 1106 non
3576 1051 3833 1108 moliris?

2239 1143 2398 1210 Quod
2433 1159 2608 1213 genus
2647 1159 2847 1214 pugna:
2873 1159 2984 1197 non
3014 1144 3258 1198 excitus?
3280 1145 3452 1210 Quam
3484 1153 3668 1199 autem
3705 1161 3829 1199 ma-

2244 1250 2374 1290 num
2433 1251 2546 1290 non
2573 1251 2754 1290 armas
2807 1245 2867 1290 ut
2897 1251 3020 1290 eam
3063 1235 3315 1304 .obruas?
3350 1235 3457 1290 Sed
3510 1243 3617 1290 stat
3643 1236 3833 1292 adhuc

2243 1323 2418 1391 magis
2455 1321 2610 1376 ﬁrma
2636 1331 2694 1376 et
2721 1323 2940 1378 stabilis
2971 1341 2985 1377 :
3019 1333 3076 1378 et
3101 1323 3409 1393 procedens
3436 1324 3706 1380 adversus
3728 1342 3832 1380 en-

2243 1425 2354 1474 ses,
2377 1409 2660 1467 Christum
2680 1427 2788 1465 non
2806 1421 2971 1482 negat
2997 1430 3011 1465 :
3035 1412 3100 1466 Et
3116 1414 3170 1467 in
3192 1414 3270 1466 his
3294 1415 3532 1468 omnibus
3549 1415 3829 1485 superavi-

2245 1503 2442 1567 mus",
2482 1515 2546 1559 ut
2591 1519 2717 1558 cum
2747 1502 2916 1558 Paulo
2944 1503 3218 1559 dicamus.
3251 1504 3372 1560 Non
3401 1505 3558 1560 vides
3583 1521 3748 1561 enses
3768 1513 3826 1560 et

2243 1595 2473 1666 sagittas
2505 1596 2746 1666 potentis
2774 1596 2871 1650 Dei
2900 1607 3113 1660 acutas,
3137 1613 3236 1668 per
3260 1613 3399 1668 quas
3419 1598 3684 1654 adversus
3702 1605 3827 1656 'ser—

2244 1696 2466 1755 pentem
2523 1696 2631 1742 stat
2660 1697 2873 1744 armata
2923 1689 2979 1744 in
3017 1691 3137 1745 acie
3182 1699 3240 1745 et
3271 1692 3490 1761 pnelio,
3545 1705 3824 1751 armatura

553 1787 720 1858 cujus
751 1788 900 1842 nulla
941 1799 1262 1856 tangeretur
1293 1789 1644 1859 paenitentia,
1675 1790 1890 1853 dicens,
1921 1805 2031 1844 non
2057 1790 2148 1860 ju-

2250 1778 2494 1848 undique
2523 1780 2754 1844 munita,
2807 1790 2863 1836 et
2888 1781 3136 1837 accincta
3169 1758 3352 1854 gladio
3377 1785 3638 1858 spiritus,
3667 1789 3821 1859 galea

553 1880 738 1934 bendo
766 1880 860 1934 sed
895 1881 1283 1951 prophetando
1319 1900 1334 1936 :
1368 1879 1544 1952 Super
1591 1891 1770 1954 pectus
1800 1893 1858 1937 et
1907 1892 2144 1937 ventrem

555 1979 723 2026 tuum.
754 1973 860 2028 hoc
879 1982 986 2037 est,
1021 1973 1077 2028 in
1105 1975 1186 2028 ira
1209 1983 1266 2028 et
1288 1974 1573 2044 voluptate
1599 1982 1693 2028 tua
1712 1973 1976 2044 gradieris
1993 1973 2145 2030 nulla

554 2064 862 2118 movendus
893 2063 1240 2134 pwnitentia.
1267 2063 1338 2118 Et
1381 2073 1584 2119 terram
1631 2065 1868 2118 comede:
1903 2061 2146 2117 omnibus

555 2156 732 2211 diebus
757 2159 876 2211 υἱιω
911 2167 1049 2223 ture;
1089 2157 1196 2212 hoc
1216 2165 1323 2223 est,
1350 2155 1540 2226 lapsus
1561 2171 1593 2210 a
1620 2155 1831 2211 cmlesti
1875 2154 2148 2225 sapientia

553 2258 613 2302 et
632 2247 951 2317 cognitione
997 2247 1208 2310 divina,
1260 2255 1558 2303 terrestres
1601 2262 1812 2316 ponens
1862 2260 2061 2301 sensus
2090 2237 2152 2302 et

555 2339 906 2404 materiales,
945 2339 1343 2410 circumageris
1393 2354 1459 2394 ac
1501 2337 1784 2404 volveris;
1828 2344 1878 2390 et
1925 2336 2152 2390 inimici-

555 2431 657 2484 tias
691 2447 889 2501 ponam
939 2433 1079 2484 inter
1125 2440 1174 2484 te
1205 2438 1257 2484 et
1309 2428 1590 2484 mulierem
1639 2444 1806 2498 quam
1854 2425 2146 2497 decepisti,

555 2536 756 2593 nempe
785 2539 963 2577 meam
995 2522 1320 2577 Ecclesiam.
1349 2520 1569 2575 Gratias
1591 2520 1804 2583 agimus
1831 2526 1936 2574 tuae
1959 2517 2152 2572 inetia-

553 2611 654 2666 bili
681 2622 738 2667 et
780 2613 1140 2668 inenarrabili
1191 2613 1524 2673 clementiae,
1581 2610 1802 2666 Christe
1855 2611 2021 2674 Deus,
2053 2611 2148 2680 qui

555 2719 660 2760 nos
689 2704 958 2768 Iiherasti,
991 2715 1046 2759 et
1073 2704 1340 2774 separasti
1379 2719 1410 2757 a
1443 2703 1709 2758 societate
1739 2711 1796 2757 et
1825 2701 2146 2770 dilectione,

556 2804 614 2852 et
649 2797 891 2861 unione,
937 2803 994 2850 et
1037 2795 1282 2850 amicitia
1323 2793 1550 2864 maligni
1595 2791 1804 2846 diaboli
1849 2793 2146 2860 serpentis.

557 2885 642 2940 Tu
667 2900 727 2939 es
747 2886 893 2939 Deus
920 2885 1013 2954 qui
1044 2883 1180 2938 facis
1205 2884 1358 2938 solus
1393 2881 1669 2936 mirabilia
1701 2896 1898 2950 magna
1921 2879 1966 2912 “
2002 2897 2016 2934 :
2049 2881 2147 2950 qui

556 2985 790 3048 propter
827 2985 976 3030 tuam
1013 2975 1067 3029 in
1102 2989 1361 3044 sponsam
1391 2982 1538 3028 tuam
1563 2970 1864 3027 Ecclesium
1903 2971 2147 3025 charita-

2245 1869 2383 1939 spei.
2415 1870 2585 1937 lorica
2613 1868 2739 1928 ﬁdei
2758 1874 2826 1943 ⁵³,
2865 1877 3060 1946 clypeo
3083 1877 3384 1948 baptismi?
3420 1880 3538 1934 Non
3573 1882 3824 1938 videsin—

2244 1961 2393 2017 victa
2413 1971 2469 2018 et
2495 1963 2728 2022 infracta
2757 1983 2932 2034 arma,
2965 1970 3021 2024 in
3045 1971 3252 2041 quibus
3285 1974 3533 2027 conterit
3561 1983 3618 2028 et
3645 1970 3827 2030 aufert

2247 2063 2415 2126 caput
2441 2059 2719 2128 serpentis
2751 2059 2776 2114 ?
2805 2059 3038 2116 Crucem
3061 2103 3076 2126 ,
3109 2062 3335 2134 inquam
3352 2106 3368 2128 ,
3395 2077 3598 2136 corpus
3623 2078 3675 2122 et
3700 2083 3828 2124 san—

2247 2147 2470 2217 guinem
2503 2149 2660 2215 Jesu,
2691 2161 2840 2217 vota,
2891 2169 3108 2222 preces,
3167 2155 3408 2226 vigilias,
3455 2167 3513 2212 et
3558 2159 3662 2213 alia
3702 2175 3830 2227 quae

2249 2237 2474 2292 molitur
2502 2239 2772 2296 adversus
2801 2251 3140 2312 serpentem,
3169 2254 3224 2298 et
3264 2245 3534 2301 adversus
3551 2263 3672 2301 cum
3710 2259 3829 2303 stat

2249 2328 2304 2382 in
2332 2333 2473 2395 acie,
2503 2345 2573 2386 ne
2606 2332 2847 2402 amplius
2866 2333 2916 2388 ei
2950 2335 3158 2390 serviat
3176 2335 3507 2405 ?Quocirca.,
3530 2339 3593 2392 de
3619 2327 3826 2396 cetero

2249 2435 2375 2474 cum
2405 2436 2472 2476 eo
2505 2437 2702 2493 gerens
2725 2425 3066 2491 inimicitias,
3091 2438 3148 2483 et
3171 2443 3437 2484 conversa
3457 2431 3520 2486 ad
3543 2434 3831 2502 proprium

2248 2513 2429 2568 virum
2455 2516 2675 2586 (nempe
2694 2516 3025 2590 Christum),
3045 2521 3295 2590 quotidie
3325 2522 3472 2578 bello
3497 2525 3773 2580 invaditur
3797 2543 3830 2582 a

2253 2605 2590 2662 satellitibus
2619 2611 2899 2680 serpentis
2919 2653 2934 2675 ,
2974 2615 3420 2682 persecutionem
3455 2617 3684 2686 patitur,
3706 2634 3832 2671 ver-

2250 2696 2499 2770 beratur,
2550 2709 2876 2770 torquetur,
2937 2704 3241 2772 occiditur,
3297 2707 3574 2781 vincitur,
3634 2709 3829 2776 injuria

2230 2786 2506 2853 ’aﬁicitur,
2528 2790 2808 2855 esuriens,
2838 2791 2986 2846 nuda
3017 2793 3592 2861 ineedens.serviens,
3619 2798 3824 2864 sitiens,

2248 2877 2444 2933 liberis
2473 2879 2664 2934 orbata
2695 2889 2752 2935 et
2799 2882 3147 2958 membratim
3189 2884 3500 2954 discerpta,
3547 2902 3679 2940 cum
3726 2903 3822 2942 ser-

2250 2979 2416 3039 pente
2449 2980 2638 3026 autem
2663 2988 2847 3042 neque
2877 2974 3080 3040 fmdus,
3103 2991 3285 3045 neque
3307 2978 3616 3034 amicitiam
3636 2981 3829 3037 iniens.

469 3073 477 3079 '
559 3079 669 3124 tem
701 3069 935 3138 posuisti
964 3067 1444 3122 inimicitiasinter
1464 3065 2216 3137 nosetinimicumtuum,c
2251 3060 2359 3115 Sed
2435 3061 2656 3117 etiamsi
2712 3055 2982 3133 oporteat
3073 3065 3278 3122 millies
3334 3067 3525 3143 subire
3582 3079 3832 3136 mortem,

455 3189 481 3198 -
544 3170 624 3216 ‘ut
649 3177 757 3215 non
793 3159 1032 3230 amplius
1057 3159 1110 3215 ei
1149 3159 1478 3224 serviamus,
1503 3157 1598 3214 sed
1628 3157 1725 3211 tibi
1761 3158 1863 3212 soli
1889 3157 2013 3211 vivo
2037 3156 2150 3212 Deo

558 3268 693 3307 vero
717 3292 732 3317 ,
765 3251 859 3322 qui
907 3250 1049 3306 dicis
1084 3250 1398 3305 insidiatori
1442 3250 1608 3320 hujus
1649 3259 1756 3304 tua:
1794 3249 2044 3319 conjugis
2095 3255 2153 3305 et

559 3359 776 3415 sponsae
807 3343 1057 3398 mulieris
1093 3361 1106 3396 :
1141 3341 1460 3396 Inimicitias
1476 3357 1674 3412 ponam
1701 3341 1841 3394 inter
1873 3349 1922 3393 te
1943 3349 1990 3393 et
2014 3341 2152 3394 inter

559 3431 853 3486 mulierem.
888 3430 1096 3484 Portam
1149 3431 1458 3485 inimicitias
1482 3445 1648 3494 {rem
1677 3430 1941 3494 futuram,
1965 3439 2022 3484 et
2055 3445 2154 3499 p0-

561 3521 775 3576 nendas
803 3521 1126 3576 inimicitias
1156 3522 1436 3592 signiﬁCat
1463 3522 1599 3576 illud
1624 3563 1640 3586 ,
1671 3539 1868 3593 ponam
1887 3563 1902 3588 ,
1953 3538 2022 3578 eo
2053 3523 2152 3593 qui

561 3611 699 3666 dicit
721 3611 1048 3667 ostendente
1083 3631 1095 3666 :
1125 3603 1240 3684 Ego
1261 3613 1316 3667 in
1345 3613 1664 3668 novissimis
1689 3613 2038 3682 temporibus
2056 3631 2154 3684 po-

562 3720 689 3761 nam
713 3705 1036 3760 inimicitias
1071 3705 1216 3759 inter
1254 3715 1307 3760 te
1339 3713 1398 3759 et
1448 3705 1776 3760 Ecclesiam.
1826 3705 1962 3760 Nam
2003 3720 2154 3760 nunc

561 3797 787 3870 quidem
818 3801 991 3854 amica
1020 3808 1105 3854 est
1133 3799 1231 3854 tibi
1263 3799 1463 3854 mulier
1485 3839 1500 3864 ,
1529 3815 1678 3854 nunc
1699 3806 1784 3854 est
1803 3799 1902 3854 tibi
1928 3801 2150 3869 conjux,

565 3907 722 3946 nunc
779 3906 902 3946 eam
952 3891 1188 3946 eﬁ‘ecisti
1237 3892 1552 3961 captivam,
1609 3907 1760 3946 nunc
1800 3891 1900 3946 tibi
1955 3893 2152 3960 servit,

561 4001 714 4041 nunc
760 3993 847 4040 est
885 3985 986 4040 tibi
1025 3985 1318 4057 subjecta,
1358 4001 1510 4040 nunc
1557 3994 1610 4040 te
1647 3985 1782 4040 colit
1837 3985 2154 4041 sacriﬁcans

559 4079 706 4136 ﬁlios
743 4093 876 4134 suos
909 4089 966 4134 et
1003 4077 1146 4134 ﬁlias
1177 4093 1307 4151 suas
1329 4077 1430 4132 tibi
1455 4088 1512 4133 et
1535 4078 1646 4132 tuis
1683 4077 2013 4144 daemoniis;
2053 4077 2152 4134 sed

563 4187 634 4227 ne
663 4171 939 4242 glorieris,
970 4187 1154 4241 neque
1171 4170 1442 4236 eﬁ'eraris,
1470 4186 1652 4240 neque
1670 4179 1964 4240 prepterea
2001 4170 2155 4226 inso-

564 4263 760 4318 lescas.
785 4263 924 4318 Nam
955 4263 1107 4318 venit
1131 4263 1288 4326 hora,
1313 4271 1371 4317 et
1391 4278 1542 4317 nunc
1571 4271 1658 4317 est
1680 4261 1902 4332 quando
1932 4247 2152 4317 veniam

565 4370 688 4410 eam
713 4356 946 4409 visitans
982 4355 1240 4419 meridie,
1283 4363 1340 4409 et
1383 4354 1583 4409 faciam
1629 4355 1751 4424 ejus
1779 4353 2067 4428 ultionem,
2098 4362 2156 4409 et

2253 3162 2516 3221 prompto
2547 3163 2606 3208 et
2647 3154 2818 3209 alacri
2871 3155 3059 3213 animo
3086 3157 3338 3212 membra
3367 3173 3470 3215 sua
3523 3167 3582 3212 et
3633 3159 3838 3214 liberos

2255 3243 2368 3314 igni
2405 3243 2594 3306 tradit,
2624 3254 2682 3300 et
2724 3245 2944 3318 gladiis,
3001 3256 3060 3302 et
3091 3248 3411 3315 tormentis,
3451 3249 3644 3319 potius
3676 3265 3838 3320 quam

2254 3352 2382 3392 cum
2418 3345 2678 3407 serpente
2709 3337 2891 3394 foedus
2929 3327 3211 3409 percutiat
3243 3350 3300 3395 et
3327 3341 3592 3396 amicitia:
3621 3341 3838 3398 ohsides

2253 3426 2304 3481 ei
2333 3435 2430 3482 aut
2458 3426 2553 3480 det
2579 3436 2675 3481 aut
2712 3427 2969 3499 accipiat.
2995 3429 3201 3485 Eorum
3220 3437 3406 3485 autem
3439 3446 3562 3502 qum
3591 3439 3740 3486 nunc
3760 3431 3841 3484 di-

2255 3529 2461 3574 cuntur
2512 3535 2618 3576 nos
2663 3529 2836 3576 testes
2883 3538 3078 3578 sumus
3103 3523 3201 3594 qui
3247 3524 3486 3580 Verbum
3539 3526 3836 3583 audimus:

2253 3624 2356 3682 pro
2389 3609 2494 3667 ﬁde
2544 3612 2722 3684 hujus,
2741 3613 2994 3668 mulieris
3027 3612 3264 3680 Christi,
3301 3615 3554 3684 pericula
3595 3615 3839 3688 quotidie

2255 3704 2547 3770 adeuntes,
2579 3707 2822 3777 serpenti
2866 3717 3052 3762 autem
3102 3723 3215 3762 non
3244 3707 3595 3764 obedientes.
3654 3707 3840 3764 Testes

2255 3786 2674 3851 inimicitiarum
2721 3808 2853 3854 sunt
2887 3799 2981 3868 qui
3012 3799 3068 3853 in
3099 3798 3334 3856 desertis
3379 3809 3437 3855 et
3473 3799 3758 3868 montibus
3785 3808 3840 3855 et

2256 3889 2536 3958 speluncis
2586 3888 2866 3944 decertant
2926 3889 3195 3946 adversus
3247 3899 3592 3961 serpentem.
3653 3889 3842 3946 Testes

2257 3977 2679 4034 inimicitiarum
2741 3975 2905 4051 hujus
2959 3982 3212 4037 mulieris
3257 3981 3391 4036 sunt
3442 3991 3713 4052 pastores,
3745 3979 3839 4050 qui

2255 4081 2378 4122 eam
2410 4067 2640 4137 pulchre
2667 4068 2868 4124 docent
2891 4069 3148 4138 quotidie
3177 4070 3365 4126 dicere
3393 4071 3706 4125 :Renuntio
3744 4067 3848 4132 Sa.-

2259 4167 2400 4216 tanae
2431 4161 2578 4215 malo
2626 4161 2894 4230 serpenti,
2949 4170 3006 4218 et
3033 4163 3154 4234 ejus
3177 4162 3394 4226 cultui,
3440 4173 3498 4217 et
3534 4160 3657 4234 ejus
3677 4161 3840 4222 dece-

2257 4252 2455 4322 ptioni,
2485 4261 2545 4308 et
2571 4253 2902 4324 ejusidolis,
2929 4265 2986 4309 et
3014 4256 3134 4327 ejus
3181 4255 3566 4334 facultatibus,
3620 4264 3678 4310 et
3722 4255 3842 4323 ejus

2258 4338 2644 4411 libaminibus,
2674 4353 2731 4400 et
2751 4347 2873 4413 ejus
2898 4347 3177 4402 servituti.
3217 4347 3405 4402 Testis
3427 4355 3514 4402 est
3548 4361 3578 4402 a
3609 4346 3721 4400 Deo
3742 4343 3842 4399 da-

566 4461 769 4518 ponam
793 4446 1116 4510 inimicitias
1137 4418 1414 4501 terribiles
1435 4456 1492 4500 et
1521 4418 1904 4516 implacabiles
1933 4445 2078 4500 inter
2101 4441 2156 4500 te
2190 4418 2230 4472 ι)
2261 4445 2442 4490 tarum
2467 4435 2882 4492 inimicitiarum
2899 4438 3002 4508 piae
3027 4438 3192 4510 hujus
3217 4437 3472 4494 mulieris
3489 4453 3631 4508 quas
3656 4451 3843 4504 susce-

567 4549 626 4595 et
650 4539 942 4594 mulierem
983 4538 1312 4594 Ecclesium.
1338 4539 1462 4594 Non
1485 4539 1707 4595 veniam
1757 4537 1908 4592 enim
1936 4523 2068 4591 tunc
2092 4536 2164 4590 ad

567 4630 884 4687 mittendum
931 4630 1077 4685 inter
1116 4641 1167 4686 te
1216 4642 1274 4686 et
1301 4646 1424 4685 eam
1471 4645 1684 4700 pacem,
1735 4626 2161 4698 sed‘gladium”

568 4725 979 4794 evangelicum,
1013 4723 1082 4780 ad
1115 4723 1478 4790 dividendum
1508 4717 1952 4791 etseparandnm
1973 4728 2162 4774 tema-

567 4818 782 4890 lignum
813 4826 870 4872 et
902 4817 1220 4872 adulterum
1259 4816 1442 4870 virum
1483 4821 1803 4882 serpentem
1850 4827 1880 4866 a
1927 4811 2164 4866 muliere

569 4925 735 4979 quam
756 4925 788 4964 a
826 4924 914 4963 me
939 4909 1213 4978 rapuisti:
1241 4917 1302 4961 ut
1340 4905 1565 4977 quando
1596 4918 1766 4976 super
1793 4917 1987 4958 omnes
2025 4901 2162 4956 alias

573 4980 862 5064 mulieres.
890 5015 1194 5072 synagogas
1223 5000 1542 5060 Persarum,
1581 4995 1866 5061 Indorum,
1893 4993 2162 5058 Arabum,

572 5089 975 5146 lsmaelitarum
1009 5100 1061 5145 te
1093 5089 1312 5154 dilexit,
1343 5091 1419 5144 ita
1448 5103 1612 5156 supra
1644 5101 1839 5140 omnes
1867 5093 1922 5140 te
1947 5083 2162 5138 oderit:

553 5183 660 5248 ,vel
685 5183 892 5253 potius,
925 5190 986 5238 ut
1007 5183 1178 5238 semel
1207 5183 1410 5246 dicam,
1439 5195 1633 5235 omnes
1662 5189 1714 5235 te
1745 5178 2163 5250 oderint,(num

577 5275 714 5328 enim
747 5273 1056 5329 Iudaeorum
1095 5274 1267 5328 solum
1331 5271 1578 5346 estDeus
1604 5310 1618 5334 ,
1671 5285 1786 5324 non
1841 5271 2000 5322 etiam
2035 5283 2166 5338 gen-

485 5355 500 5372 ’
579 5368 713 5422 tium
731 5369 774 5400 '°
791 5369 834 5440 ?)
873 5380 1153 5440 noctuque
1170 5367 1477 5438 etinterdiu
1501 5381 1563 5420 ea
1587 5363 1853 5420 adversus
1875 5370 1929 5416 te
1953 5371 2166 5416 armata

580 5465 637 5510 et
663 5461 928 5514 resistens
957 5471 1010 5516 te
1062 5459 1367 5517 interimat.
1407 5457 1466 5512 Si
1518 5457 1633 5512 haec
1684 5455 1761 5508 ita
1805 5468 1916 5508 non
1953 5447 2166 5522 signiﬁ-

557 5531 732 5628 cant,
760 5553 1054 5620 oportebat
1082 5553 1256 5607 Deum
1283 5552 1358 5605 ita
1392 5549 1581 5604 dicere
1611 5544 1861 5616 serpenti
1896 5564 1908 5598 :
1951 5543 2020 5597 Et
2052 5559 2166 5596 erce

2259 4524 2504 4607 pitncum
2558 4533 2839 4595 serpente,
2872 4526 3146 4580 idolorum
3195 4525 3540 4590 destructio,
3596 4525 3842 4596 ipsorum

2262 4612 2596 4690 templorum
2631 4611 2868 4678 eversio,
2895 4621 3202 4668 statuarum
3226 4612 3516 4692 contritio,
3553 4611 3844 4667 columna-

2263 4721 2384 4758 rum
2411 4685 2636 4771 deletio,
2667 4704 2812 4774 apud
2844 4716 3038 4776 gentes
3075 4705 3321 4778 cognitio
3346 4685 3582 4776 Deijqui
3605 4705 3708 4760 has
3743 4704 3842 4758 bo—

2262 4813 2362 4852 nas
2404 4797 2722 4870 inimicitias
2761 4798 3197 4867 praedestinavit.
3253 4797 3321 4850 Et
3363 4796 3509 4852 dixit
3549 4795 3794 4867 serpenti
3827 4811 3843 4849 :

2257 4889 2468 4945 Ponant
2494 4891 2800 4946 inimicitias
2823 4893 2961 4945 inter
2981 4899 3028 4944 te
3043 4899 3091 4944 et
3111 4873 3406 4966 mulierem.
3431 4889 3502 4945 Et
3531 4904 3706 4958 quare
3724 4903 3847 4958 mu-

2255 4979 2472 5048 lierem,
2505 4988 2562 5035 et
2604 4997 2712 5034 non
2753 4983 2938 5052 potius
2973 4967 3196 5058 ⁴ιιίιηψιίῖ
3227 4979 3469 5034 Mulieri:
3515 4981 3657 5033 enim
3689 4983 3849 5050 caput

2263 5082 2337 5126 est
2356 5075 2434 5128 vir
2457 5073 2524 5138 ⁸³,
2556 5083 2613 5128 et
2633 5075 2813 5144 ipsum
2841 5075 2990 5144 (cum
3013 5075 3086 5128 sit
3117 5073 3404 5128 inimicum
3427 5073 3614 5143 'ca‘put)
3644 5063 3850 5126 bellum

2263 5163 2458 5238 gérere
2489 5183 2613 5244 cum
2654 5168 2834 5238 capite
2857 5167 3132 5238 serpentis
3163 5165 3426 5242 decebat;
3469 5166 3566 5221 sed
3594 5163 3738 5219 nihil
3766 5162 3852 5216 di-

2227 5327 2232 5332 _
2269 5259 2347 5315 cit
2383 5259 2681 5330 ejusmodi,
2707 5263 2968 5331 quoniam
3002 5259 3144 5328 nihil
3167 5267 3249 5316 est
3283 5273 3578 5315 commune
3605 5255 3848 5328 serpenti

2270 5345 2395 5412 cum
2437 5355 2716 5426 spirituali
2757 5355 2986 5419 Adamn,
3018 5368 3217 5422 nempe
3260 5345 3503 5408 Christo.
3557 5351 3704 5407 Dicit
3748 5350 3853 5403 ita-

2267 5467 2377 5520 que
2420 5469 2433 5504 :
2459 5450 2668 5504 Panem
2702 5427 3006 5503 inimicitias
3033 5449 3173 5503 inter
3201 5455 3250 5500 te
3271 5458 3320 5500 et
3343 5446 3640 5501 mulierem.
3669 5443 3726 5500 Si
3750 5457 3854 5498 au-

2271 5553 2380 5596 tem
2417 5541 2788 5614 corporaliter
2811 5535 3076 5609 intelligis
3097 5538 3194 5593 Dei
3218 5537 3386 5593 verba
3418 5537 3485 5592 ad
3513 5543 3853 5606 serpentem,

657 5666 824 5748 ‘z‘lsa.
849 5683 954 5748 xiv,
980 5670 1064 5748 HJ
1145 5672 1186 5701 “
1211 5671 1348 5726 Psal.
1383 5670 1668 5748 1.xxvt,~l5.
1748 5668 1790 5698 ’⁵⁸
1815 5665 2002 5722 Matth.
2028 5681 2079 5729 ιι,
2113 5663 2202 5716 3H.
2279 5666 2326 5696 '°
2344 5664 2502 5720 Rom.
2540 5680 2621 5718 ut.
2649 5662 2736 5718 ‘29.
2783 5663 2856 5748 '3‘
2887 5662 3045 5716 Boni.
3077 5676 3190 5725 vm,
3215 5657 3304 5712 '57.
3381 5656 3470 5713 "1
3497 5655 3692 5712 Thess.
3718 5667 3774 5720 ν,
3795 5649 3852 5708 8.

583 5731 637 5766 ’⁵³
673 5735 876 5808 Ephes.
902 5731 960 5805 'v,
989 5742 1074 5795 :5.
