4098 6448
462 316 597 384 1035

1666 317 1728 377 S.
1778 317 2184 377 ANASTASII
2235 318 2565 382 SINAITIC

3604 313 3747 379 1036

459 434 731 506 cipientes
779 441 837 491 et
880 433 1195 506 parientes,
1246 432 1483 488 fortasse
1541 440 1727 488 autem
1779 432 2052 488 habentes
2080 439 2124 495 Λ
2155 431 2223 487 ad
2258 433 2455 504 ipsam,
2495 450 2662 506 quem
2713 443 2905 505 aperte
2955 432 3112 505 prius
3151 406 3449 504 des’cripsit
3493 449 3559 488 ac
3604 434 3747 505 ligno

458 529 628 584 etiam
659 527 949 598 proprium
979 534 1038 583 et
1069 525 1321 582 innatum
1352 541 1543 583 senien
1588 532 1848 596 serpente
1891 524 2050 580 dete-

463 624 582 677 rius
611 639 624 676 :
656 621 755 683 ille
786 620 936 676 enim
961 625 1019 675 et
1049 619 1146 691 qui
1178 634 1305 677 cum
1334 635 1404 676 eo
1436 626 1567 674 sunt
1596 617 1878 675 daemones
1905 632 2051 687 saepe

460 713 698 772 confessi
727 722 859 770 sunt.
885 720 942 769 et
983 712 1362 784 praedicarunt
1404 710 1689 766 Christum
1718 708 1919 783 Filium
1949 707 2048 763 Dei

459 807 740 865 altissimi.
777 806 937 875 Unde
970 806 1140 862 etiam
1171 806 1229 861 in
1268 804 1578 860 tentatione
1600 801 1653 858 ei
1683 802 1907 858 dicebat
1932 818 2053 858 ser-

460 912 598 969 pens
617 909 878 968 tanquam
895 896 1036 952 Filio
1054 895 1181 951 Dei:
1202 893 1296 949 Dic
1318 901 1375 947 ut
1399 892 1601 965 lapides
1626 907 1803 962 panes.
1817 889 2047 959 ﬁant";

458 995 515 1042 et
539 998 798 1059 tanquam
825 986 1093 1049 FilioDei
1127 984 1349 1040 dicebat
1374 982 1586 1053 :Dejice
1609 992 1660 1036 te
1684 984 1861 1054 ipsum
1892 981 2048 1035 deor-

457 1097 576 1135 sum
619 1080 665 1111 ⁸⁸
690 1094 757 1135 ex
799 1079 1005 1150 templo
1038 1086 1136 1133 :et
1166 1085 1426 1147 tanquam
1466 1076 1582 1131 Deo
1608 1074 2051 1146 deprecabantur

460 1188 656 1228 omnes
695 1187 768 1228 ne
808 1187 906 1228 eos
954 1170 1203 1225 mitteret
1252 1170 1307 1224 in
1357 1169 1639 1241 abyssum,
1694 1176 1750 1223 et
1787 1176 2049 1238 tanquam

458 1266 573 1322 Deo
616 1277 674 1321 et
717 1264 955 1321 Domino
996 1263 1245 1318 omnium
1273 1262 1499 1323 Christo
1544 1260 1952 1331 supplicabant,
1990 1266 2051 1314 ut

458 1361 543 1417 eis
579 1359 931 1432 permitteret
957 1358 1179 1416 intrare
1227 1356 1286 1410 in
1334 1371 1523 1427 porcos
1566 1355 1636 1419 ⁵⁸,
1680 1362 1739 1409 et
1784 1361 2048 1424 tanquam

455 1454 630 1510 Deum
659 1468 789 1509 eum
812 1450 1105 1522 adjurabat
1128 1449 1465 1506 daemonium
1497 1463 1569 1503 ne
1606 1448 1788 1518 ipsum
1820 1455 2049 1518 torque-

456 1558 565 1603 ret.
612 1544 760 1602 Nulli
810 1543 962 1600 enim
1004 1544 1283 1615 justorum
1331 1541 1431 1612 qui
1471 1540 1699 1596 fuerunt
1747 1555 1778 1594 a
1821 1539 2046 1604 saeculo,

456 1640 597 1696 tales
644 1653 844 1711 preces
883 1646 1187 1694 trementes
1217 1635 1368 1692 eiiati
1412 1644 1544 1691 sunt
1585 1635 1888 1699 diemones,
1939 1632 2047 1688 nisi

456 1731 564 1788 soli
608 1730 834 1788 Christo
866 1730 1001 1785 Deo.
1054 1727 1323 1784 Sciebant
1355 1727 1506 1782 enim
1549 1743 1617 1783 ex
1662 1727 1732 1782 iis
1777 1741 1902 1796 quae
1949 1740 2047 1795 pa-

2153 525 2298 581 ravit
2344 523 2443 581 Dei
2496 527 2771 584 adventus
2817 526 2873 581 in
2916 526 3177 598 paradiso
3224 527 3284 582 in
3323 510 3436 583 illo
3482 526 3744 582 meridie.

2152 616 2280 674 Haec
2325 621 2645 679 necessario
2691 636 2814 676 sum
2851 621 3133 691 praefatus,
3163 627 3221 675 et
3247 619 3539 691 prazmunii
3586 619 3747 675 audi-

2153 719 2329 766 torem
2361 726 2431 766 ne
2462 727 2610 783 aegre
2637 699 2800 779 ferat,
2832 722 2930 767 aut
2962 727 3033 766 ne
3059 719 3220 782 putet
3247 710 3445 765 audire
3467 710 3653 768 aliena
3684 710 3744 765 in

2151 802 2222 860 iis
2242 818 2382 874 quas
2397 803 2602 859 dicturi
2638 820 2832 859 sumus
2851 803 3419 874 contemplationibus
3450 802 3585 857 dum
3616 818 3746 873 age-

2151 911 2277 952 mus
2323 895 2394 952 de
2437 897 2640 967 prunis,
2691 905 2752 951 ut
2787 912 2911 967 quae
2937 897 3052 952 sint
3090 911 3271 961 novae,
3301 895 3521 959 alienae,
3567 903 3624 950 et
3653 895 3743 949 in-

2150 988 2467 1044 credibiles.
2496 989 2618 1043 Non
2642 996 2824 1043 cessat
2845 988 2994 1043 enim
3028 1002 3274 1058 unquam
3297 986 3475 1042 sancti
3500 984 3747 1056 Spiritus

2150 1080 2329 1152 gratia
2372 1095 2576 1135 ornare
2615 1088 2671 1139 et
2702 1094 2973 1135 coronare
2999 1078 3321 1150 paradisum
3346 1072 3614 1135 Ecclesiae
3643 1095 3748 1135 no-

2150 1171 2236 1226 vis
2276 1170 2509 1227 tioribus
2543 1171 3112 1242 intelligentiis..Nam
3139 1172 3286 1226 sicut
3305 1172 3420 1242 jam
3441 1171 3555 1226 dixi
3582 1180 3748 1227 antea

2150 1265 2305 1319 mille
2339 1271 2550 1320 exortae
2594 1272 2726 1318 sunt
2764 1263 3005 1319 haereses
3039 1279 3165 1334 quae
3198 1252 3497 1318 audierant
3518 1263 3748 1333 quidem

2151 1358 2222 1412 de
2249 1355 2515 1427 paradiso
2541 1365 2599 1411 et
2629 1356 3011 1427 protoplastis,
3052 1356 3194 1410 nihil
3222 1364 3411 1411 autem
3457 1357 3750 1426 spirituale

2151 1446 2207 1500 in
2241 1446 2324 1501 eis
2366 1446 2779 1501 intellexerant.
2825 1446 2960 1501 Nam
3002 1445 3339 1519 Samvaritani
3386 1446 3641 1516 quidem,
3677 1464 3750 1503 ex

2150 1553 2219 1594 eo
2252 1538 2401 1609 quod
2429 1538 2571 1593 dixit
2601 1556 2615 1592 :
2645 1537 2811 1593 Terra
2848 1554 2922 1602 es,
2955 1546 3005 1593 et
3038 1539 3096 1592 in
3121 1547 3325 1593 terram
3353 1539 3633 1593 reverteris
3656 1540 3699 1570 ⁸⁷
3727 1548 3746 1587 :

2150 1631 2404 1687 arbitrati
2440 1639 2617 1686 totum
2649 1630 2933 1685 hominem
2962 1646 3086 1689 esse
3128 1631 3423 1687 mortalem
3451 1635 3749 1702 propterea

2151 1723 2301 1794 quod
2339 1722 2413 1779 sit
2461 1723 2743 1778 terrestris
2786 1724 2970 1779 anima
3009 1739 3232 1795 quoque
3286 1739 3415 1779 cum
3470 1738 3747 1794 corpore,

456 1822 761 1886 tiebantur,
798 1819 947 1892 quod
994 1819 1065 1875 ad
1096 1834 1295 1875 eorum
1336 1817 1643 1889 perniciem
1674 1826 1731 1873 et
1760 1816 2048 1872 interitum
2084 1803 2123 1856 Β
2154 1824 2433 1887 negarunt
2475 1815 2963 1869 resurrectionem.
3001 1813 3277 1886 Origenes
3304 1824 3493 1870 autem
3532 1814 3747 1880 infelix,

455 1924 514 1970 et
556 1914 818 1971 draconis
852 1929 1048 1969 eorum
1081 1912 1379 1984 principis,
1426 1912 1581 1967 venit
1616 1910 1789 1983 judex
1822 1909 1889 1964 ad
1923 1922 2049 1963 mu-

456 2009 653 2066 lierem
687 2018 746 2063 et
790 2006 1077 2063 hominem
1120 2005 1218 2077 qui
1264 2013 1652 2076 peccaverant,
1701 2018 1815 2059 non
1853 2011 1915 2058 nt
1955 2016 2052 2057 eos

453 2098 734 2171 iudicaret
759 2107 857 2154 aut
897 2104 1307 2162 exsecraretur,
1352 2095 1450 2151 sed
1486 2105 1550 2151 ut
1590 2101 1863 2159 servaret,
1908 2093 2053 2149 sicut

457 2193 577 2263 ipse
622 2191 886 2249 Servator
914 2190 1054 2246 dicit
1080 2206 1094 2243 :
1121 2188 1240 2246 Non
1277 2192 1396 2244 ueni
1427 2196 1485 2242 ut
1503 2188 1743 2259 judicent
1774 2186 2049 2252 mundum,

455 2281 552 2337 sed
580 2290 635 2335 ut
660 2296 862 2335 servem
888 2280 955 2334 ‘°.
982 2278 1133 2333 Venit
1162 2279 1305 2333 enim
1348 2275 1511 2333 Filius
1543 2276 1770 2330 hominis
1805 2273 1876 2328 ad
1903 2288 2054 2344 qua-

458 2371 685 2429 rendum
731 2378 780 2426 et
819 2370 1142 2426 seruandum
1188 2367 1329 2441 quod
1370 2369 1604 2439 perierat
1641 2367 1718 2432 ⁶¹;
1766 2382 1872 2421 non
1912 2368 2054 2420 enim

458 2468 604 2523 venit
642 2465 715 2520 ad
755 2465 1053 2521 vocandum
1087 2465 1289 2535 justas,
1321 2463 1410 2517 sed
1451 2469 1750 2533 peccatores
1780 2460 1851 2514 ad
1893 2460 2057 2531 paeni-

460 2559 687 2613 tentiam
713 2559 781 2625 “,
815 2556 1080 2627 quoniam
1122 2571 1227 2610 non
1271 2570 1402 2626 opus
1441 2553 1637 2609 habent
1668 2553 1760 2623 qui
1785 2552 1908 2605 sani
1930 2556 2057 2604 sunt

460 2652 687 2717 medico,
717 2651 810 2706 sed
828 2653 917 2720 qui
944 2649 1086 2706 male
1113 2665 1170 2704 se
1197 2649 1392 2704 habent
1433 2648 1502 2700 ⁸³.
1545 2645 1603 2702 Si
1653 2659 1787 2717 ergo
1830 2652 2058 2714 propter

460 2744 888 2815 benignitatem,
932 2746 993 2798 et
1033 2740 1409 2806 clementiam,
1441 2746 1501 2793 et
1525 2744 1882 2808 peccatorum
1918 2750 2057 2791 con-

463 2835 825 2892 donationem
861 2833 1017 2889 venit
1059 2833 1115 2887 in
1166 2832 1340 2887 vitam
1388 2830 1671 2892 Christus,
1707 2827 1891 2899 Agnus
1935 2825 2055 2890 Dei,

462 2928 556 3002 qui
605 2926 746 2982 tollit
780 2935 1001 2998 peccata
1048 2923 1239 2979 mundi
1275 2922 1318 2956 “
1357 2939 1371 2976 :
1405 2922 1527 2993 ejus
1567 2929 1754 2975 autem
1784 2919 2061 2973 adventus

463 3019 523 3074 in
566 3015 908 3089 paradisum,
941 3015 1038 3085 qui
1069 3013 1176 3069 fuit
1206 3012 1275 3068 ad
1313 3027 1413 3068 eos
1451 3011 1548 3081 qui
1578 3018 1903 3080 peccarnnt,
1939 3015 2061 3064 erat

463 3126 632 3168 verus
666 3119 830 3182 typus
863 3109 984 3178 ejus
1025 3106 1301 3173 adventus
1334 3104 1405 3160 ad
1450 3104 1743 3159 mulierem
1791 3117 1916 3173 quae
1958 3100 2059 3157 de-

466 3213 625 3273 cepta
646 3203 848 3267 fuerat,
872 3200 1068 3265 Evam,
1095 3197 1423 3262 Ecclesiam,
1441 3206 1702 3251 naturam
1728 3195 2058 3261 humanam;

470 3290 746 3362 intelligat
775 3288 1012 3360 quilibet
1054 3288 1224 3343 homo
1251 3287 1459 3353 ﬁdelis,
1492 3285 1638 3357 quod
1666 3300 1780 3340 non
1809 3284 1879 3340 ad
1925 3300 2061 3354 sup-

470 3382 701 3453 plicium
743 3379 1126 3452 irrogandum,
1155 3394 1337 3450 neque
1361 3377 1432 3433 ad
1457 3392 1680 3449 pennam
1708 3375 2057 3442 sumendam,

468 3487 652 3546 neque
690 3471 763 3527 ad
806 3468 1314 3534 exterminandum,
1353 3481 1534 3537 neque
1557 3466 1626 3522 ad
1658 3462 2060 3520 exsecrandum

468 3575 605 3624 tunc
655 3565 811 3622 venit
854 3564 1002 3619 Deus
1029 3562 1105 3618 ad
1144 3562 1416 3638 Adamum
1454 3568 1513 3615 et
1544 3559 1737 3615 Evam.
1769 3556 1889 3613 Ovis
1913 3558 2064 3613 enim

474 3677 595 3732 qua
633 3661 866 3732 perierat
900 3658 945 3691 ⁵⁸
987 3664 1110 3713 erat
1140 3656 1423 3726 exemplar
1463 3652 1684 3718 Adami,
1715 3666 1897 3724 neque
1935 3666 2064 3707 cum

475 3757 559 3809 ira
612 3753 789 3825 ipsam
852 3751 1107 3823 quaesivit
1158 3750 1356 3806 Pastor
1394 3749 1611 3813 bonus,
1672 3747 1774 3803 sed
1823 3740 2063 3818 gestavit

469 3846 747 3907 humeris:
766 3853 825 3901 et
843 3845 1070 3915 dragma
1094 3858 1218 3913 qua:
1236 3841 1521 3898 ceciderat
1540 3856 1609 3895 ex
1628 3839 1845 3905 decem,
1861 3854 2066 3910 nempe

470 3938 605 4004 Eva,
651 3944 772 3992 erat
796 3934 1073 3999 Ecclesia,
1104 3948 1290 4004 neque
1321 3948 1448 3988 cum
1484 3932 1569 3987 ira
1613 3931 1874 4003 qumsivit
1900 3940 1957 3987 et
1981 3932 2068 3987 in-

468 4031 626 4087 vertit
654 4044 779 4087 cam
824 4028 924 4085 Dei
963 4026 1322 4099 benignitas:
1354 4033 1413 4081 et
1442 4025 1612 4083 homo
1651 4025 1749 4097 qui
1784 4025 1984 4081 incidit
2008 4025 2065 4080 in

462 4124 741 4190 latrones,
788 4121 898 4177 fuit
920 4119 1302 4191 protoplastus
1327 4118 1532 4184 Adam;
1565 4132 1747 4188 neque
1772 4132 1900 4172 cum
1938 4116 2068 4172 ullis

442 4210 641 4275 ‘minis
684 4215 1065 4273 eumcuravit
1084 4224 1144 4284 et
1185 4213 1425 4285 gestavit
1454 4213 1705 4269 humeris
1729 4212 1774 4246 “
1798 4252 1815 4278 ,
1862 4210 1950 4267 uti
1979 4212 2069 4267 Je-

472 4288 572 4365 sus
621 4322 865 4364 crucem.
913 4306 1088 4361 Porro
1113 4314 1301 4360 autem
1335 4303 1519 4360 bonus
1544 4319 1768 4374 quoque
1795 4303 1939 4385 latro
1972 4317 2070 4358 ex-

473 4399 752 4471 primebat
797 4397 1114 4454 evidentem
1143 4405 1337 4469 typum
1367 4395 1586 4464 Adami,
1634 4404 1692 4451 et
1725 4394 1934 4450 donum
1968 4411 2068 4466 pa-

2154 1920 2282 1960 cum
2306 1904 2498 1960 nescio
2522 1905 2802 1975 quomodo
2820 1905 3103 1962 diceretur
3123 1922 3248 1962 esse
3270 1907 3517 1978 sapiens,
3545 1909 3751 1963 stultus

2154 1995 2335 2051 factus
2373 2004 2491 2059 est,
2532 1996 2908 2066 prostibulum
2941 1996 3116 2052 fuisse
3149 1998 3524 2067 pronuntians
3566 2000 3750 2054 locum

2157 2087 2618 2159 incorruptionis,
2681 2090 2889 2153 coitum
2948 2090 3206 2145 mulieris
3246 2105 3386 2146 esse
3443 2091 3750 2150 decernens

2158 2183 2451 2253 pulchrum
2484 2182 2728 2239 fructum
2780 2184 2914 2255 ligni
2964 2184 3375 2240 inobedientia.

2229 2316 2567 2371 Manichaaus
2612 2325 2799 2371 autem
2827 2316 3166 2373 existimavit
3194 2316 3337 2373 duas
3365 2333 3489 2374 esse
3524 2325 3744 2373 contra-

2158 2407 2270 2462 rias
2320 2414 2629 2477 potestates
2663 2406 3000 2472 divinitatis,
3033 2418 3349 2481 serpentem
3377 2419 3435 2465 et
3463 2409 3743 2481 Opiﬁcem,

2157 2515 2281 2569 quae
2332 2498 2388 2553 in
2446 2498 2565 2553 acie
2604 2498 2750 2554 inter
2784 2515 2842 2554 se
2881 2499 3227 2557 decertarint
3274 2501 3332 2557 in
3364 2502 3656 2572 paradiso:
3690 2514 3749 2560 et

2158 2590 2369 2647 bonum
2413 2591 2637 2661 quidem
2675 2592 2846 2646 Deum
2878 2607 2999 2647 esse
3048 2603 3357 2649 creatorem
3397 2578 3617 2660 animae,
3654 2600 3755 2665 qui

2156 2693 2244 2739 est
2269 2684 2436 2739 etiam
2478 2684 2646 2738 homo
2680 2684 2747 2738 ad
2788 2684 2885 2739 Dei
2937 2684 3268 2757 imaginem;
3314 2688 3523 2743 malum
3567 2697 3756 2743 autem

2160 2770 2337 2832 Deum
2361 2792 2483 2831 esse
2509 2777 2830 2832 eﬂectorem
2877 2778 3149 2848 corporis,
3182 2779 3332 2849 quod
3374 2779 3587 2834 bellum
3617 2781 3759 2850 gerit

2161 2868 2429 2925 adversus
2474 2870 2736 2925 animam.
2768 2871 2842 2926 De
2876 2888 2989 2942 quo
3024 2873 3191 2927 etiam
3227 2874 3497 2943 scriptum
3530 2883 3640 2939 est,
3676 2874 3762 2928 in-

2163 2964 2286 3034 quit
2315 2982 2329 3018 :
2362 2963 2432 3019 Et
2459 2963 2616 3033 ﬁnxit
2642 2965 2785 3019 Deus
2823 2967 3088 3020 hominem
3113 2966 3238 3021 limo
3263 2975 3476 3039 accepto
3507 2983 3536 3021 e
3592 2977 3759 3022 terra.

2165 3056 2405 3117 [heresis
2446 3054 2632 3111 autem
2660 3072 2783 3127 quae
2802 3057 3014 3112 dicitur
3044 3058 3483 3126 Encratitarum,
3514 3059 3763 3117 abstinet

2088 3144 2132 3206 C
2166 3165 2197 3204 a
2240 3138 2453 3219 nuptiis
2500 3159 2558 3204 et
2612 3150 2869 3216 muliere,
2925 3162 3186 3221 tanquam
3224 3167 3252 3205 a
3284 3167 3343 3206 re
3368 3152 3513 3206 mala
3540 3163 3600 3208 et
3626 3154 3765 3209 insi-

2164 3242 2351 3309 diosa;
2396 3242 2662 3299 similiter
2710 3243 2879 3299 etiam
2930 3244 3000 3299 ab
3036 3245 3299 3299 arborum
3346 3245 3647 3312 fructibus,
3705 3254 3765 3301 ut

2166 3335 2263 3407 qui
2303 3334 2417 3390 sint
2464 3334 2673 3406 peccati
2715 3336 3042 3405 eﬂicicntes,
3076 3349 3303 3409 propter
3332 3339 3589 3393 arborem
3642 3355 3765 3410 qua

2168 3426 2376 3483 dicitur
2418 3426 2836 3483 inobedientia.

2235 3562 2357 3619 Nec
2388 3563 2497 3619 hoc
2546 3564 2749 3629 solum,
2787 3564 2883 3623 sed
2931 3565 3101 3620 etiam
3147 3566 3372 3636 plurimi
3413 3582 3482 3622 ex
3514 3567 3763 3624 Ecclesia

2167 3661 2575 3709 convertuntur
2613 3655 2681 3709 'ad
2731 3655 2928 3724 impias
2954 3657 3023 3712 de
3073 3658 3197 3712 Deo.
3222 3659 3610 3729 cogitationes,
3643 3676 3763 3715 cor-

2167 3745 2435 3816 poraliter
2485 3756 2543 3802 et
2598 3762 2784 3803 crasse
2834 3749 3128 3805 audientes
3180 3766 3247 3806 ea
3281 3767 3407 3821 quae
3446 3753 3592 3808 facta
3634 3762 3763 3809 sunt

2169 3839 2228 3895 in
2275 3841 2556 3911 paradiso.
2613 3841 2671 3898 Si
2715 3842 2867 3897 enim
2905 3844 3256 3912 praesciebat,
3298 3845 3582 3916 inquiunt,
3618 3847 3761 3902 Deus

2170 3930 2227 3987 id
2267 3933 2419 4003 quod
2462 3944 2818 4000 eventurum,
2856 3936 2975 4006 ipse
3026 3922 3115 3992 est
3151 3941 3275 4009 ejus
3305 3948 3535 4006 auctor;
3578 3949 3637 3994 ut
3667 3940 3761 4010 qi

2164 4018 2421 4094 Aserpenti
2445 4026 2993 4082 concesseritstatim
3012 4043 3373 4099 corrumpere
3399 4033 3584 4101 primo
3609 4048 3763 4088 crea-

2171 4121 2289 4176 tum
2336 4130 2478 4185 opus
2509 4130 2775 4170 manuum
2807 4116 2929 4172 Dei.
2970 4117 3113 4184 Quid
3155 4120 3305 4174 enim
3334 4135 3477 4191 opus
3499 4133 3626 4177 erat
3648 4137 3762 4177 om-

2169 4208 2325 4270 nino,
2360 4217 2421 4262 ut
2464 4207 2557 4262 ille
2591 4207 2810 4263 daemon
2845 4210 3012 4266 simul
3041 4227 3167 4266 cum
3207 4214 3291 4267 eis
3315 4212 3549 4284 degeret
3577 4217 3634 4270 in
3668 4232 3761 4286 pa-

2170 4298 2399 4354 radiso?
2428 4297 2664 4366 Quidam
2709 4308 2895 4355 autem
2947 4302 3268 4358 inciderunt
3307 4305 3479 4359 etiam
3525 4305 3582 4359 in
3630 4307 3762 4365 alias

2171 4390 2529 4446 absurdiores
2588 4392 2992 4461 cogitationes,
3044 4411 3214 4464 quas,
3270 4412 3342 4453 ne
3410 4397 3764 4455 oﬂ‘endantur

473 4493 648 4549 radisi
671 4490 837 4547 nobis
868 4490 1126 4546 Christus
1152 4505 1252 4560 per
1275 4490 1458 4561 ipsum
1488 4489 1732 4560 aperuit.
1766 4489 1845 4549 De
1868 4498 2070 4543 caetero
2099 4494 2146 4552 ι)
2174 4482 2569 4554 simpliciores,
2621 4500 2735 4539 non
2783 4494 2868 4540 est
2898 4502 3127 4544 necesse
3164 4489 3374 4546 dicere.
3413 4492 3571 4548 Unde
3599 4494 3763 4549 etiam

475 4586 591 4641 noli
614 4600 726 4640 non
760 4583 1010 4647 credere,
1032 4583 1183 4654 quod
1206 4583 1374 4638 etiam
1394 4583 1665 4648 adversus
1697 4583 2073 4653 proteplastos

475 4678 574 4749 qui
621 4685 952 4748 pecearunt,
1001 4685 1138 4731 tunc
1191 4676 1338 4731 Dens
1386 4674 1620 4730 multam
1661 4673 1912 4735 ostendit
1961 4672 2074 4727 cle-

473 4769 744 4826 mentiam
794 4769 851 4825 in
900 4770 1084 4840 poenis
1129 4784 1253 4841 quae
1278 4768 1349 4824 ab
1388 4768 1511 4839 ipso
1542 4766 1814 4827 adversus
1846 4779 1944 4821 eos
1971 4764 2073 4819 de-

477 4864 876 4929 cernebantur,
910 4863 970 4919 in
1010 4862 1216 4934 quibus
1264 4861 1435 4918 verba
1484 4859 1709 4931 quidem
1766 4857 2072 4914 adumbra-

480 4958 560 5012 vit
587 4958 764 5014 instar
810 4957 1180 5028 quarumdam
1221 4954 1668 5011 exsecrationnm
1696 4952 1764 5007 ad
1800 4960 2071 5007 terrorem

477 5053 728 5109 scelesta:
770 5051 954 5123 gentis
995 5050 1339 5116 Judaeorum,
1390 5046 1616 5119 quando
1668 5046 1845 5118 legem
1905 5061 2075 5118 expo-

482 5144 665 5200 nebat.
1064 5159 1068 5163 ‘

554 5237 632 5291 Ea
662 5248 869 5301 autem,
901 5236 1260 5307 prmdicendo
1286 5251 1397 5292 non
1428 5235 1714 5307 puniendo
1750 5244 1880 5291 sunt
1908 5236 2081 5292 inter-

485 5337 728 5398 pretata,
765 5337 826 5382 ut
858 5327 1174 5383 referantur
1200 5328 1268 5383 ad
1301 5329 1575 5385 Adamum
1607 5336 1663 5381 et
1688 5327 1883 5392 Evam,
1911 5327 1982 5382 de
2011 5326 2082 5382 iis

487 5434 612 5489 qua:
655 5427 818 5474 erant
850 5428 1121 5475 eventura
1172 5420 1457 5487 Ecclesiae,
1506 5420 1732 5491 quando
1777 5420 1833 5474 in
1883 5434 2080 5474 errore

487 5511 718 5584 degebat
749 5511 895 5581 apud
930 5522 1252 5584 serpentem
1280 5522 1408 5583 ante
1455 5513 1752 5568 adventrum
1784 5511 1880 5566 Dei
1912 5511 2080 5567 Verbi

599 5713 645 5745 "
687 5711 880 5766 Matth.
922 5729 996 5777 iv,
1054 5713 1107 5767 5.

1185 5713 1231 5746 ⁸⁸
1272 5712 1411 5767 ibid.
1455 5717 1509 5768 6.
1589 5715 1635 5747 ³⁹
1678 5714 1871 5768 Matth.
1913 5731 2026 5777 \‘ttl,
2082 5716 2172 5770 3i.

525 5799 579 5849 v,
620 5784 711 5837 52.
791 5784 836 5813 ⁸³
878 5784 1040 5836 Marc.
1085 5801 1140 5846 ιι,
1171 5787 1255 5840 I7.
1315 5788 1360 5815 ’⁸⁵
1394 5785 1551 5838 Joan.
1596 5801 1635 5848 ι,
1674 5786 1766 5838 29.
1844 5787 1888 5817 ⁸³
1931 5785 2067 5840 Luc.
2110 5803 2198 5850 xv,
2246 5787 2299 5842 6.

2174 4592 2270 4633 eas
2303 4579 2527 4633 solvens
2575 4594 2809 4650 magnus
2843 4580 2934 4636 ille
2962 4581 3294 4639 Ambrosius
3321 4585 3502 4642 audiit
3549 4603 3615 4642 ea
3645 4602 3766 4659 qua:

2172 4671 2438 4736 dicuntur
2463 4672 2533 4732 de
2564 4673 2941 4730 inobedientia
2988 4685 3046 4730 et
3097 4678 3374 4747 paradiso,
3412 4691 3467 4734 et
3493 4680 3681 4751 lignis,
3713 4692 3770 4737 et

2172 4763 2373 4835 plenis,
2404 4772 2466 4820 et
2489 4762 2689 4832 morte,
2718 4782 2829 4822 non
2886 4783 3010 4824 esse
3066 4779 3326 4841 tanquam
3379 4789 3457 4827 ex
3494 4783 3770 4844 potestate

2174 4858 2465 4923 daemonis,
2509 4859 2607 4914 sed
2661 4875 2786 4915 esse
2837 4870 3100 4933 tanquam
3144 4880 3210 4920 ex
3256 4866 3490 4937 mystica
3529 4868 3769 4938 quadam

2176 4952 2620 5022 dispensatione.
2672 4954 2750 5008 De
2795 4964 2998 5013 caetero
3036 4966 3223 5012 autem
3278 4967 3498 5032 tempus
3527 4970 3616 5016 est
3642 4977 3773 5017 con-

2177 5045 2428 5101 siderare
2472 5044 2643 5101 verba
2689 5063 2814 5114 quae
2859 5064 2890 5104 a
2942 5049 3056 5106 Deo
3098 5050 3247 5106 dicta
3296 5062 3429 5107 sunt
3461 5053 3684 5109 mulieri
3718 5061 3773 5108 et

2177 5137 2412 5209 Adamn.
2443 5137 2576 5205 Quae
2596 5140 2825 5209 quidem
2854 5143 3108 5198 nonnulli
3146 5144 3467 5200 existimant
3493 5161 3616 5201 esse
3649 5161 3777 5201 sen-

2179 5232 2388 5287 tentias
2431 5242 2488 5287 et
2523 5234 3021 5291 condemnationes
3064 5236 3537 5292 exsecrationnm.
3581 5237 3773 5292 Prius-

2177 5342 2344 5397 quam
2370 5336 2559 5382 autem
2582 5343 2647 5383 ea
2670 5327 2992 5395 dissolvam,
3026 5329 3271 5385 auditori
3316 5320 3525 5385 revoco
3550 5330 3608 5383 in
3654 5344 3774 5383 me-

2178 5423 2437 5487 moriam,
2468 5423 2618 5492 quod
2664 5423 2811 5493 apud
2835 5438 2962 5478 eum
2989 5423 3059 5479 de
3084 5424 3287 5494 quinto
3313 5423 3403 5480 die
3432 5424 3768 5479 disserente:

2179 5515 2424 5571 diximus
2452 5514 2522 5571 de
2553 5515 2945 5572 benedictione
2968 5517 3207 5587 piscium
3230 5517 3373 5573 facta
3403 5533 3434 5572 a
3456 5517 3599 5583 Deo;
3624 5514 3774 5587 quod

2286 5718 2330 5749 ‘°
2370 5717 2529 5772 Joan.
2568 5734 2662 5781 xu,
2704 5720 2793 5773 47.
2873 5721 2915 5752 ⁶¹
2958 5718 3152 5776 Matth.
3192 5736 3344 5787 mu,
3389 5721 3474 5774 Η.
3550 5719 3597 5751 ⁸³
3635 5718 3765 5774 Luc.

2383 5787 2429 5819 ⁶⁶
2468 5788 2604 5843 Luc.
2643 5807 2697 5853 χ,
2737 5791 2806 5845 50
2843 5804 3000 5861 seqq.
3078 5792 3123 5823 ⁸⁷
3165 5790 3305 5846 Gen.
3349 5807 3428 5858 ιιι,
3476 5791 3558 5845 l9.
