4098 6430
247 398 378 465 1037

1334 400 1416 459 IN
1454 399 2003 463 HEXAEMERON.
2032 428 2101 439 —
2130 405 2281 465 LIB.
2328 382 2431 463 ﬁt.

3374 397 3509 463 1038

242 524 470 587 propter
522 520 834 583 serpentem
871 520 927 566 et
969 512 1405 567 exsecrationem
1455 530 1567 569 seu.
1588 513 1821 568 maledi-
1851 519 1896 575 Α
1924 513 2312 585 fuitdeceptus
2345 514 2555 570 sancita
2584 523 2714 569 sunt
2746 514 3052 586 asperrima
3077 521 3134 569 et
3160 511 3508 585 gravissima,

242 604 695 675 ctionem.918
749 620 915 675 quam
966 614 1089 659 erat
1142 605 1380 670 laturus,
1434 622 1499 661 ea
1544 608 1613 663 de
1657 623 1838 663 causa.

240 698 545 755 animantia
599 713 713 751 non
759 697 1030 766 impertiit
1077 697 1197 766 pari
1243 697 1653 754 benedictione.

308 791 430 847 Non
461 790 610 846 enim
636 789 884 843 invenies
911 790 964 843 in
993 798 1105 844 tota
1133 789 1419 860 Scriptura
1452 791 1608 861 legis,
1639 791 1821 860 aliqua

237 898 307 937 ex
355 897 456 936 ore
514 880 613 935 Dei
669 880 842 934 fuisse
890 880 1204 944 benedicta,
1264 887 1323 934 et
1376 896 1570 936 rursus
1620 898 1651 935 a
1708 881 1822 936 Deo

235 973 411 1027 fuisse
459 971 706 1042 subjecta
751 971 1152 1037 exsecrationi;
1197 979 1255 1026 et
1306 970 1413 1026 hoc
1466 972 1821 1041 perspicuum

233 1080 305 1119 es
336 1063 511 1119 Cham
548 1062 661 1116 lilio
683 1061 820 1116 Noe.
850 1060 987 1116 Nam
1016 1077 1143 1116 cum
1180 1061 1226 1115 is
1257 1077 1316 1116 se
1344 1062 1534 1132 inique
1562 1062 1824 1132 gessisset

234 1157 294 1211 in
331 1155 635 1211 nudationc
665 1155 860 1225 patris,
892 1166 951 1211 et
988 1164 1282 1226 postquam
1318 1172 1351 1211 e
1386 1172 1582 1211 somno
1614 1157 1825 1212 excita-

236 1259 328 1304 tus
370 1250 487 1303 Noe
521 1249 842 1319 agnovisset
893 1248 991 1303 ﬁlii
1040 1248 1234 1304 Cbami
1287 1250 1661 1320 iniquitatem,
1711 1266 1824 1305 non

236 1357 406 1396 ausus
436 1350 522 1396 est
552 1341 666 1396 Noe
688 1342 963 1396 exsecrari
995 1341 1192 1405 filium,
1223 1332 1489 1412 quoniam
1521 1343 1625 1397 fuit
1652 1358 1681 1397 a
1710 1344 1825 1399 Deo

236 1430 568 1485 benedictus
612 1440 737 1500 post
788 1429 1059 1484 diluvium
1116 1448 1240 1485 cum
1278 1432 1496 1488 duobus
1547 1436 1669 1503 ejus
1707 1434 1822 1489 fra-

236 1523 441 1578 tribus.
494 1523 868 1589 Quamobrem
913 1538 1024 1577 non
1060 1523 1197 1578 dicit
1235 1541 1249 1577 :
1282 1523 1589 1579 Maledictus
1628 1524 1816 1591 Citam,

234 1618 332 1671 sed
382 1615 693 1677 mledictus
738 1614 1001 1670 Chanaan
1035 1617 1077 1645 °"
1098 1657 1112 1679 ,
1144 1626 1467 1671 exsecratus
1500 1633 1598 1671 eos
1625 1617 1720 1686 qui
1754 1634 1820 1674 ex

233 1708 367 1777 ipso
406 1715 568 1762 erant
614 1706 907 1770 nascituri,
959 1714 1015 1761 et
1066 1722 1177 1761 non
1215 1707 1409 1762 Cham.
1460 1708 1585 1762 Haec
1636 1718 1819 1764 autem

233 1800 364 1854 dico
406 1797 672 1853 resistens
703 1798 859 1867 prius
902 1798 1202 1852 nominatis
1236 1798 1576 1865 hteresibus;
1609 1800 1677 1854 de
1718 1817 1821 1858 ete-

1925 606 1984 665 in
2035 608 2329 678 punitione
2376 616 2563 663 autem
2600 608 2729 663 Evaa
2766 608 3155 673 insidiatricis,
3215 622 3329 661 non
3381 616 3510 661 sunt

1924 700 2153 754 omnino
2198 701 2409 755 sancita
2435 718 2450 754 :
2483 716 2592 756 non
2618 701 2930 757 exsecratio
2953 710 3115 756 terra:
3141 700 3198 755 in
3226 700 3349 770 ejus
3378 712 3513 783 ope-

1926 790 2103 855 ribus,
2134 807 2245 847 non
2278 792 2441 847 cibus
2468 792 2718 847 dolorem
2748 801 3077 863 perpetuum
3108 790 3368 854 aﬂcrens,
3398 804 3510 844 non

1924 896 2055 936 esus
2100 882 2307 948 herbae,
2350 898 2464 938 non
2508 884 2805 954 productio
2858 884 3164 954 spinarum,
3214 896 3327 936 non
3354 890 3513 936 ortus

1926 973 2284 1041 tribulorum,
2330 989 2446 1029 non
2496 974 2731 1030 sudores
2784 975 2995 1039 vultus,
3025 990 3140 1029 non
3178 972 3426 1029 reversio
3455 973 3511 1026 in

1924 1074 2153 1131 terram,
2193 1082 2304 1120 non
2357 1082 2529 1133 mors,
2580 1083 2691 1121 non
2739 1066 2939 1137 ejectio
2974 1083 3046 1122 ex
3086 1065 3365 1137 paradiso,
3397 1080 3509 1120 non

1922 1158 2228 1228 prohibitio
2251 1158 2383 1229 ligni
2408 1160 2533 1215 vitae
2554 1175 2698 1223 ,non
2718 1160 2867 1214 circa
2890 1160 3064 1229 ipsam
3093 1158 3344 1213 custodia
3377 1157 3511 1213 che-

1924 1252 2272 1315 rubinorum,
2295 1267 2408 1306 non
2454 1261 2648 1308 contra
2695 1266 2816 1306 eam
2838 1250 3159 1321 rhomphzea
3183 1248 3461 1305 versatilis
3488 1250 3513 1303 ‘i

1924 1339 2060 1395 Nam
2093 1341 2188 1410 qui
2234 1341 2290 1395 in
2342 1339 2488 1395 idem
2520 1347 2806 1410 peccatum
2855 1338 3187 1400 inciderant.
3232 1337 3514 1394 debebant

1924 1432 2149 1488 easdem
2182 1442 2239 1487 et
2266 1448 2429 1503 pares
2459 1447 2649 1502 poenas
2684 1432 2895 1496 subire,
2922 1440 2983 1486 et
3016 1431 3194 1485 multo
3218 1430 3392 1501 magis
3417 1428 3514 1484 de-

1900 1526 2140 1594 .ceptrix
2175 1526 2396 1580 mulier.
2430 1525 2485 1579 Si
2521 1534 2707 1579 autem
2736 1525 2873 1579 mihi
2903 1524 3041 1579 dicit
3073 1521 3320 1587 auditor,
3361 1520 3511 1591 quod

1923 1634 2050 1673 cum
2091 1618 2291 1673 mulier
2348 1626 2497 1673 esset
2547 1618 2678 1672 vitae
2724 1617 2874 1671 socia
2905 1626 2963 1671 et
2996 1616 3220 1686 conjux,
3250 1622 3308 1669 et
3340 1613 3513 1667 coha-

1923 1710 2108 1765 bitans
2140 1725 2266 1764 cum
2307 1709 2543 1773 Adamo,
2595 1718 2717 1764 erat
2749 1704 2981 1762 omnino'
3023 1706 3173 1761 socia
3219 1719 3511 1776 pennarum

1923 1812 1982 1858 et
2020 1803 2395 1857 calamitatum
2449 1802 2633 1856 mariti
2677 1818 2691 1855 :
2743 1816 2856 1855 non
2900 1809 3049 1855 recte
3094 1804 3287 1854 censet
3327 1798 3373 1852 is
3416 1798 3511 1867 qul

236 1901 361 1946 tero
399 1906 500 1959 pro
529 1888 734 1945 Christi
786 1905 1009 1959 quoque
1054 1890 1301 1945 Ecclesia
1346 1906 1471 1944 eam
1514 1891 1821 1946 defendens
1855 1899 1894 1956 Β
1922 1895 2043 1950 haec
2087 1895 2243 1949 dicit.
2286 1894 2421 1949 Nam
2459 1894 2505 1949 si
2554 1893 2661 1947 hoc
2703 1893 2779 1946 ita
2830 1890 3081 1955 haberet,
3117 1888 3249 1959 quid
3284 1888 3514 1943 omnino

234 1982 357 2037 hanc
397 1981 547 2046 dico;
579 1980 648 2034 ad
673 1980 773 2034 hoc
809 1990 871 2035 ut
895 1995 1020 2034 eam
1055 1981 1345 2036 ostendam
1372 1982 1561 2036 Iudaeo
1593 1992 1649 2037 et
1689 1984 1822 2037 Bar-

235 2076 394 2139 baro,
449 2075 520 2128 ab
561 2074 711 2129 omni
759 2074 855 2128 Dei
897 2075 1280 2128 exsecratione
1318 2090 1439 2129 esse
1491 2075 1726 2129 liberam
1767 2083 1824 2131 et

232 2166 308 2221 ab
334 2165 716 2236 indignatione
746 2164 1006 2219 alienam.
1037 2162 1179 2230 Quid
1201 2152 1350 2218 enim
1374 2162 1512 2217 dicit
1538 2163 1824 2234 Scriptura

228 2260 305 2313 de
338 2259 569 2312 muliere
592 2266 718 2327 post
738 2258 1175 2311 exsecrationem
1207 2257 1517 2326 serpentis?
1540 2256 1681 2310 Dixit
1715 2257 1825 2313 sci-

224 2353 368 2408 licet
399 2351 537 2405 Deus
567 2365 586 2402 :
606 2348 965 2419 Multiplicans
994 2347 1354 2418 multiplicabo
1395 2348 1600 2402 dolores
1628 2358 1744 2404 tuos
1774 2360 1824 2405 et

233 2445 463 2513 gemitus
495 2452 645 2504 tuos;
676 2444 732 2495 in
786 2441 1056 2495 doloribus
1112 2443 1287 2511 paries
1343 2441 1502 2509 ﬁlios,
1546 2452 1595 2498 et
1643 2444 1714 2497 ad
1742 2446 1822 2497 ui-

236 2550 367 2586 rum
398 2541 545 2587 tuum
582 2534 842 2587 conversio
878 2540 991 2596 tua,
1042 2541 1091 2586 et
1133 2535 1241 2603 ipse
1299 2533 1391 2586 tibi
1441 2533 1819 2590 dominabitur.

235 2624 316 2679 Ut
362 2633 549 2679 autem
592 2626 1027 2694 contemplemur
1069 2624 1371 2679 dilucidius
1406 2626 1665 2696 mysteria
1701 2642 1823 2696 quae

232 2726 376 2773 sunt
414 2719 468 2773 in
519 2718 587 2772 iis
611 2732 730 2787 quae.
749 2716 1008 2771 videntur
1036 2732 1157 2772 esse
1200 2732 1395 2785 ptente,
1425 2718 1825 2787 conjuugamus

226 2811 408 2864 etiam
432 2826 554 2878 quae
576 2809 723 2864 dicta
749 2816 879 2863 sunt
911 2808 1146 2863 Adamo.
1184 2808 1320 2863 Nam
1350 2809 1400 2862 ei
1435 2824 1656 2878 quoque
1689 2809 1824 2863 dicit

222 2901 384 2957 Deus
409 2920 421 2952 :
453 2899 720 2966 Quoniam
749 2901 996 2954 audivisti
1024 2916 1241 2953 uxorem
1272 2907 1443 2964 tuam,
1480 2908 1530 2952 et
1556 2901 1825 2955 comedisti

221 3008 295 3046 ea:
331 2992 479 3063 ligno
516 3009 581 3051 ea:
632 3010 735 3064 quo
752 2993 894 3063 jussi
942 2993 1035 3046 tibi
1065 3009 1130 3047 ne
1174 2993 1491 3056 comederes,
1540 2993 1823 3048 maledicta

222 3091 308 3137 est
359 3092 508 3137 terra
541 3087 597 3138 in
620 3085 862 3155 operibus
888 3085 987 3138 tuis
1017 3083 1407 3139 :in-laboribus
1431 3086 1671 3139 comedes
1702 3102 1825 3139 eam

222 3173 477 3228 omnibus
523 3175 701 3229 diebus
738 3176 859 3229 vita!
895 3182 1000 3247 tua
1036 3192 1054 3228 :
1091 3176 1274 3245 spinas
1331 3182 1381 3228 et
1437 3175 1657 3229 tribulos
1696 3192 1824 3246 pro-

1923 1994 2072 2041 esset
2096 2002 2237 2056 opus
2264 1986 2654 2041 adversuseos
2676 1983 3042 2039 dissimilibus
3072 1983 3275 2053 panis,
3307 1989 3364 2036 et
3391 1997 3514 2051 quae

1925 2079 2132 2135 habent
2182 2095 2434 2151 magnam
2499 2078 2876 2145 dill'erentiam
2933 2085 2993 2131 et
3046 2068 3514 2145 repugnantiam?

1922 2168 2216 2240 Oporteret
2241 2169 2388 2225 enim
2418 2184 2570 2232 eum,
2594 2168 2743 2227 sicut
2766 2167 2879 2223 illic
2900 2167 2958 2221 in
2980 2165 3257 2236 principio
3290 2163 3513 2233 quando

1923 2259 2054 2315 fecit
2079 2275 2198 2324 eos,
2227 2260 2391 2315 simul
2411 2260 2496 2315 eis
2521 2259 2677 2315 dedit
2703 2274 2861 2314 esum
2890 2256 3121 2312 seminis
3149 2271 3274 2311 cum
3301 2255 3509 2310 brutis:

1924 2352 1999 2407 ita
2042 2353 2209 2407 etiam
2242 2352 2335 2407 hic
2367 2367 2590 2422 quoque
2624 2351 2999 2407 communiter
3031 2350 3164 2405 dare
3200 2363 3412 2419 pmnas,
3458 2353 3513 2400 et

1923 2443 2111 2498 dicere
2145 2461 2159 2497 :
2199 2463 2217 2495 ι
2246 2443 2539 2499 Maledicta
2591 2453 2742 2499 terra
2778 2443 2835 2497 in
2880 2441 3147 2513 operibus
3182 2440 3405 2504 vestris,
3455 2439 3511 2493 in

1923 2536 2211 2591 doloribus
2245 2536 2551 2591 comedetis
2599 2552 2743 2601 eam,
2790 2536 2980 2607 spinas
3019 2542 3076 2589 et
3114 2535 3353 2589 tribulos
3385 2545 3513 2602 pro-

1923 2627 2091 2683 ducet
2131 2627 2310 2692 vobis,
2358 2636 2417 2681 et
2444 2628 2752 2683 comedetis
2788 2627 3017 2681 herbam
3053 2627 3170 2696 agri
3217 2626 3272 2680 in
3306 2624 3512 2679 sudore

1922 2721 2111 2775 vultus
2150 2721 2342 2785 vestri,
2376 2720 2553 2776 donec
2572 2720 2928 2776 revertamini
2960 2720 3019 2773 in
3051 2729 3277 2781 terram,
3307 2733 3375 2772 ex
3405 2732 3513 2787 qua

1924 2808 2132 2876 sumpti
2157 2808 2330 2874 estis;
2367 2827 2386 2859 ι
2421 2808 2518 2864 sed
2546 2809 2687 2863 nihil
2723 2810 2831 2865 tale
2879 2809 3013 2863 facit
3042 2817 3140 2863 aut
3177 2808 3316 2863 dicit
3342 2808 3510 2863 Deus.

1924 2899 2082 2955 Unde
2104 2915 2233 2954 cum
2256 2900 2487 2956 dixisset
2509 2902 2756 2965 mulieri,
2780 2901 2845 2956 In
2865 2901 3133 2956 doloribus
3156 2903 3330 2972 paries
3349 2899 3510 2969 ﬁlios,

1923 2987 2063 3041 nihil
2103 2989 2209 3044 tale
2249 2988 2389 3044 dicit
2416 2988 2650 3043 homini.
2681 2990 2750 3044 Et
2782 3005 2881 3059 per
2909 2989 3228 3051 universam
3260 2987 3514 3059 Scriptu-

1924 3094 2040 3133 ram
2082 3089 2270 3149 patres
2312 3080 2607 3136 nominans
2654 3082 2960 3152 genitores,
2998 3081 3095 3136 sed
3138 3096 3250 3136 non
3283 3089 3513 3143 matres,

1925 3185 2120 3225 rursus
2153 3170 2290 3226 dicit
2323 3170 2443 3226 ﬁeri
2476 3171 2728 3227 mulieris
2752 3172 3176 3227 conversionem
3207 3171 3277 3227 ad
3305 3171 3512 3231 virum.

217 3265 387 3316 ducet
414 3263 527 3326 tibi,
562 3273 611 3316 et
637 3264 871 3318 comedes
896 3265 1112 3319 herbam
1152 3265 1271 3335 agri
1301 3281 1318 3318 :
1350 3266 1405 3318 in
1429 3265 1621 3318 sudore
1650 3264 1825 3319 uultus
1852 3257 1894 3314 C
1934 3264 2308 3319 reversionem
2340 3271 2526 3320 autem
2549 3264 2656 3318 viri
2688 3264 2745 3318 in
2768 3273 2993 3320 terram.
3018 3266 3084 3320 Et
3110 3279 3303 3319 rursus
3330 3265 3513 3318 virum

221 3355 310 3407 tui
355 3355 594 3409 comedes
631 3371 823 3423 partem
844 3364 1009 3425 tuum.
1041 3355 1205 3409 donec
1237 3357 1520 3409 revertaris
1542 3357 1598 3409 in
1627 3365 1828 3412 terram

224 3461 299 3499 ex
339 3463 449 3516 qua
488 3453 733 3516 sumptus
770 3463 845 3510 es,
903 3448 1159 3519 quoniam
1191 3455 1336 3501 terra
1370 3463 1422 3501 es
1454 3455 1501 3500 et
1531 3448 1587 3502 in
1628 3456 1829 3503 terram

228 3539 540 3592 reverteris.
590 3538 821 3595 Alienus
869 3549 925 3595 et
966 3555 1199 3599 omnem
1246 3555 1469 3596 sensum
1510 3540 1828 3596 omnimode

225 3644 513 3699 superans
550 3639 637 3684 est
685 3630 733 3685 is
765 3630 859 3700 qui
905 3631 1024 3685 vult
1054 3631 1171 3685 haec
1215 3630 1526 3700 intelligere
1560 3645 1828 3700 corpora-

221 3720 390 3785 liter,
429 3730 487 3775 et
522 3720 579 3774 in
608 3720 707 3775 has
736 3720 827 3774 hic
876 3720 1084 3775 incidet
1126 3720 1518 3775 absurditates.
1565 3720 1699 3775 Dico
1725 3735 1828 3774 au-

225 3822 348 3868 tem
384 3832 399 3866 :
458 3813 738 3889 quomodo
775 3821 1095 3883 serpentem
1164 3812 1389 3882 quidem
1434 3822 1827 3868 exsccraturus

221 3904 406 3970 Deus,
439 3903 490 3958 ei
537 3904 701 3959 affert
726 3919 948 3960 causam
980 3919 1092 3958 suae.
1118 3904 1540 3968 exsecrationis,
1586 3920 1710 3975 quae
1742 3912 1829 3960 est

220 3996 495 4066 deceptio
528 3996 811 4062 mulieris;
839 3996 1097 4050 similiter
1124 3993 1290 4050 etiam
1333 3996 1601 4051 Adamum
1642 3996 1827 4050 incre-

217 4103 374 4157 pans
391 4088 446 4141 ei
473 4086 737 4149 ostendit.
770 4086 963 4142 dicens
990 4085 1282 4152 :Quoniam
1305 4087 1552 4142 audivisti
1573 4103 1827 4151 uxorem;

217 4180 510 4234 adversus
564 4180 1109 4244 muliereIn-aUtem,
1142 4180 1196 4234 in
1244 4196 1407 4250 ptena
1453 4181 1666 4234 nullum
1705 4196 1827 4235 om-

218 4273 369 4328 nino
411 4282 703 4345 peccatum
755 4282 852 4327 aut
900 4288 1123 4328 causam
1169 4272 1331 4343 allen
1382 4273 1527 4327 Deus
1579 4288 1826 4344 :nempe

210 4383 346 4423 non
390 4367 732 4421 mentionem
780 4366 1080 4437 serpentis,
1117 4382 1228 4421 non
1278 4381 1477 4420 nomen
1527 4364 1663 4429 cibi,
1709 4379 1823 4421 non

208 4457 367 4532 ligni
420 4456 815 4515 inobedientia'
863 4473 1045 4528 neque
1075 4457 1240 4512 aliam
1279 4455 1532 4527 quamvis
1575 4469 1819 4511 causam.

205 4553 288 4608 Et
341 4560 432 4605 est
482 4550 812 4608 miraculum
860 4560 1088 4621 stupore
1136 4551 1362 4621 dignum
1408 4547 1556 4620 quod
1594 4565 1827 4620 serpens

202 4640 461 4712 quidem
508 4641 601 4710 qui
633 4639 853 4710 decepit
891 4639 1202 4702 mulierem,
1237 4639 1525 4711 subjectus
1560 4640 1665 4693 fuit
1699 4648 1808 4694 tam

196 4734 383 4807 gravi
433 4741 492 4787 et
519 4733 736 4787 acerbae
757 4741 814 4787 et
855 4747 1141 4804 nunquam
1173 4732 1525 4787 condonabili
1549 4747 1814 4788 exsecra-

196 4824 368 4880 tioni
418 4824 478 4877 in
522 4834 825 4892 internum;
871 4840 993 4894 qum
1039 4833 1224 4878 autem
1279 4821 1502 4892 decepit
1545 4838 1673 4879 eum
1724 4821 1822 4893 qui

192 4918 411 4973 factus
450 4925 536 4970 est
577 4916 645 4970 ad
678 4917 774 4971 Dei
811 4916 1106 4988 imaginem
1161 4924 1219 4971 et
1245 4915 1668 4971 similitudinem
1697 4915 1822 4985 (ho-

192 5012 440 5069 minem
464 5008 658 5075 Adam,
685 5010 1003 5080 inquam),a
1028 5008 1139 5064 Deo
1165 5008 1369 5064 nullam
1395 5009 1825 5078 accepitcontu-

194 5104 454 5160 meliam
493 5121 509 5156 :
550 5119 675 5156 nam
712 5101 1099 5171 corporalibus
1140 5099 1363 5172 quidem
1399 5100 1617 5172 legibus
1646 5100 1825 5171 major

205 5203 305 5249 est
338 5194 510 5262 culpa
548 5194 669 5263 ejus
703 5194 799 5264 qui
835 5193 1057 5264 decepit
1084 5210 1291 5265 regem,
1317 5209 1483 5264 quam
1519 5193 1614 5264 qui
1646 5194 1814 5249 dece-

213 5285 302 5355 pit
334 5284 650 5339 mulierem.
675 5283 832 5351 Quod
851 5284 999 5340 enim
1025 5298 1277 5354 serpens,
1301 5298 1483 5353 neque
1507 5292 1594 5338 est
1624 5298 1813 5349 ausus,

213 5391 412 5445 neque
441 5390 752 5445 aggressus,
774 5391 955 5445 neque
998 5374 1183 5445 potuit
1229 5392 1245 5429 :
1295 5376 1399 5430 hoc
1444 5375 1645 5429 mulier
1688 5374 1823 5429 fecit

208 5467 499 5522 adversus
544 5466 743 5521 virum.
798 5465 930 5549 Qum
982 5473 1113 5522 sunt
1164 5474 1349 5521 autem
1396 5465 1547 5521 omni
1591 5476 1820 5535 stupore

191 5562 387 5634 plena
425 5558 543 5612 hmc
576 5564 705 5611 sunt
735 5575 748 5611 :
774 5557 1055 5628 quomodo
1077 5575 1202 5614 cum
1233 5558 1455 5628 sapiens
1469 5557 1675 5614 Christi
1706 5557 1818 5612 lin-

184 5668 317 5727 gua
365 5650 581 5705 Paulus
615 5649 764 5723 dicat
795 5667 810 5704 :
847 5649 1023 5705 Adam
1061 5668 1167 5705 non
1212 5665 1288 5705 est
1316 5652 1583 5722 deceptus,
1623 5650 1819 5706 mulier

182 5755 405 5801 autem
460 5741 559 5809 fuit
596 5742 811 5813 decepta
847 5743 914 5807 ‘9,
956 5742 1011 5797 in
1061 5758 1223 5812 pmna
1270 5743 1494 5814 quidem
1551 5744 1671 5814 ejus
1719 5743 1814 5814 qui

274 5886 333 5914 "‘
380 5881 528 5933 Cen.
572 5895 645 5941 nt,
681 5880 769 5939 25.
827 5881 870 5911 θ’
910 5878 929 5934 l
973 5881 1114 5935 Tim.
1158 5898 1214 5944 ιι,
1262 5883 1346 5937 H.

1926 3354 2221 3411 nominans
2254 3365 2481 3420 terram,
2521 3372 2631 3411 non
2663 3357 2915 3411 nominat
2965 3357 3277 3411 mulierem.
3322 3356 3515 3426 Neque

1928 3460 2062 3501 vero
2109 3444 2228 3499 fieri
2275 3454 2459 3516 potest
2487 3456 2548 3500 ut
2572 3445 2883 3516 appelletur
2906 3455 3077 3511 terra,
3098 3460 3224 3501 cum
3257 3445 3332 3500 sit
3362 3454 3515 3501 costa

1927 3536 2168 3592 viventis
2209 3545 2266 3592 et
2330 3538 2463 3592 vita.
2513 3537 2654 3593 Cum
2706 3552 2838 3608 ergo
2882 3538 2938 3592 in
2972 3538 3289 3608 propositis
3335 3537 3517 3608 poenis

1929 3636 2080 3681 tanta
2114 3629 2188 3682 sit
2237 3629 2572 3697 perplexitas
2628 3637 2685 3683 et
2737 3626 3038 3695 dubitatio,
3088 3631 3203 3700 jam
3255 3630 3350 3685 diu
3398 3630 3517 3685 hac

1929 3734 2015 3773 me
2063 3728 2452 3789 persequente,
2495 3719 2641 3776 latus
2700 3734 2885 3775 meum
2959 3736 3124 3775 manu
3189 3721 3517 3791 frequenter

1927 3810 2123 3879 pungit
2163 3808 2388 3865 divinus
2434 3811 2731 3880 Apostolus
2759 3826 2957 3866 rursus
3001 3810 3239 3867 dicens:
3273 3812 3397 3867 Hcce
3422 3812 3512 3865 in-

1928 3900 2106 3973 tellige
2138 3901 2203 3955 de
2239 3899 2445 3958 Christo
2477 3913 2526 3956 et
2551 3898 2790 3957 Ecclesia
2810 3944 2826 3969 ,
2851 3902 2942 3957 cui
2975 3903 3120 3958 Deus
3152 3904 3209 3958 in
3238 3903 3516 3974 principio

1926 3992 2180 4069 praedicit
2226 3993 2573 4064 prophetice,
2628 4011 2741 4049 non
2780 4003 2965 4050 autem
3007 3996 3296 4061 iracunde,
3349 3996 3515 4053 dece-

1926 4084 2171 4156 ptionem
2197 4095 2419 4155 quaeest
2434 4086 2487 4140 ei
2512 4094 2779 4142 eventura
2803 4102 2819 4139 :
2836 4096 2893 4141 et
2910 4085 3112 4141 deinde
3129 4087 3520 4158 castigationes

1926 4187 1983 4233 et
2011 4176 2339 4235 alllictiones
2367 4195 2491 4250 quae
2515 4174 2566 4234 ei
2597 4180 2864 4235 eveniunt
2886 4196 2985 4250 per
3005 4180 3413 4251 deceptionem,
3446 4181 3512 4236 ad

1926 4270 2047 4341 ejus
2071 4272 2387 4337 utilitatem,
2423 4280 2482 4327 et
2519 4267 2721 4329 deinde
2745 4273 3009 4344 optimam
3046 4289 3146 4344 per
3193 4274 3521 4331 aﬂlictiones

1925 4362 1995 4418 ad
2026 4363 2200 4417 Deum
2231 4360 2657 4420 conversionem
2692 4371 2751 4419 et
2789 4365 3048 4419 salutem.
3085 4365 3223 4421 Nam
3258 4376 3517 4437 tanquam

1930 4470 2024 4509 rex
2060 4455 2336 4525 quispiam
2369 4470 2497 4510 cum
2549 4470 2648 4510 sua
2692 4458 2928 4529 conjuge
2962 4473 3085 4527 qua:
3132 4466 3384 4527 stuprum
3436 4469 3522 4514 est

1924 4545 2257 4611 admissura,
2288 4544 2536 4603 modeste
2560 4547 2969 4620 quodammodo
3002 4559 3061 4605 et
3085 4548 3522 4606 misericorditer

1927 4635 2228 4703 disserens,
2265 4636 2436 4693 Evam
2484 4636 2788 4709 alloquitur
2821 4638 3020 4697 dicens
3051 4660 3065 4697 :
3100 4638 3270 4702 Audi.
3292 4645 3517 4711 mulier,

1928 4740 2049 4799 qua:
2077 4742 2109 4782 a
2146 4744 2253 4790 me,
2283 4728 2416 4795 Deo,
2449 4727 2548 4783 tibi
2578 4743 2687 4785 non
2716 4730 2837 4785 sine
2866 4727 3060 4788 dolore
3086 4735 3518 4798 annuutiantur,

1923 4830 1981 4876 et
2011 4817 2251 4897 qutetibi
2275 4829 2573 4890 protestor.
2602 4819 2685 4877 Tu
2721 4838 2810 4878 me
2841 4839 2903 4879 es
2935 4833 3224 4895 spretura,
3276 4827 3370 4898 qui
3393 4838 3516 4882 sum

1924 4916 2193 4972 Dominus
2214 4913 2360 4972 Deus
2382 4924 2512 4973 tuus
2533 4924 2622 4973 :et
2644 4917 2852 4973 malum
2873 4929 3190 4989 serpentem
3215 4916 3516 4973 adoratum
3570 4946 3579 4955 ι

1922 5017 1981 5065 et
2008 5010 2243 5065 cultura.
2265 5006 2378 5081 Ego
2395 5019 2580 5065 autem
2599 5011 3022 5067 conversionem
3035 5020 3095 5068 et
3110 5011 3348 5067 salutem
3366 5020 3515 5067 tuam

1926 5116 2212 5172 quaerens,
2261 5099 2639 5172 multiplicans
2684 5103 3072 5175 multiplicabo
3123 5102 3349 5160 dolores
3391 5111 3518 5160 tuos

1927 5199 1985 5248 et
2026 5192 2353 5249 alllictiones
2406 5200 2530 5250 tuas
2560 5201 2617 5248 et
2644 5194 2886 5265 gemitus
2923 5202 3050 5252 tuos
3083 5200 3141 5250 et
3172 5193 3517 5251 calamitates

1928 5292 2053 5338 tuas
2084 5301 2099 5337 :
2132 5300 2281 5339 nunc
2310 5283 2535 5355 quidem
2572 5286 2671 5341 tibi
2704 5285 2950 5343 inferens
2986 5283 3286 5349 diluvium,
3307 5281 3514 5341 deinde

1925 5385 2133 5446 pestem
2159 5392 2223 5432 ac
2273 5377 2510 5440 famem,
2550 5388 2961 5436 terraemotum.
3002 5377 3249 5450 pluviam
3284 5377 3426 5451 ignis
3457 5389 3512 5433 ct

1923 5469 2226 5538 sulphuris,
2279 5470 2479 5540 pluvia:
2516 5471 2885 5527 defectionem
2942 5484 3043 5542 per
3094 5486 3160 5527 os
3200 5471 3512 5542 prophetat.

1922 5560 2169 5630 pericula
2216 5575 2284 5615 ex
2327 5560 2489 5629 mari,
2519 5562 2770 5632 pericula
2801 5578 2869 5617 ex
2904 5562 3088 5628 bellis,
3131 5578 3198 5618 ex
3226 5561 3510 5633 gentibus,

1921 5666 1989 5706 ex
2022 5652 2528 5720 persecutionibus,
2574 5661 2631 5708 et
2668 5667 2832 5708 omne
2876 5669 3055 5725 genus
3100 5653 3513 5711 calamitatibus

1922 5751 1979 5800 et
2010 5743 2403 5800 amictionibus
2447 5752 2503 5799 et
2551 5745 2861 5801 doloribus.
2909 5745 3286 5813 Quamobrem
3327 5743 3384 5802 ln
3426 5745 3513 5800 his
