4098 6468
535 407 697 473 1039

1769 417 1831 479 S.
1869 415 2271 477 ANASTASII
2326 416 2655 479 SINAITzE

3724 408 3847 485 toto

555 522 847 584 doloribus
874 519 1067 592 paries
1095 523 1271 579 malos
1315 520 1478 590 ﬁlios,
1511 524 1819 582 elleicntes
1854 526 2068 596 peccati
2102 532 2160 579 et
2187 530 2235 584 Α
2264 527 2464 583 mulier
2491 544 2616 599 quae
2645 528 2872 586 dicebat
2901 530 3042 586 Osee
3071 530 3362 602 propheta:
3390 549 3403 585 :
3430 530 3522 585 Ibo
3548 539 3596 583 et
3626 540 3849 586 revertar

556 615 923 690 impudicitiae
947 624 1004 672 et
1048 615 1361 688 iniquitatis
1414 627 1476 673 et
1498 618 1843 675 idololatriae.
1876 620 1985 675 Sed
2008 620 2156 677 bono

555 710 933 777 estoanimo,
979 726 1166 782 neque
1205 710 1448 767 animam
1481 710 1858 782 despondeas,
1899 728 2006 767 nec
2055 712 2157 768 de-

556 818 777 875 speres,
828 818 1011 875 neque
1068 804 1274 860 bonam
1311 819 1468 874 spem
1513 803 1813 860 contrahas
1846 823 1856 857 :
1890 805 2158 875 quoniam

556 906 687 967 post
723 897 849 953 illos
871 897 1079 953 multos
1098 912 1241 968 quos
1265 913 1370 970 ego
1402 897 1504 953 tibi
1546 896 1720 952 affero
1744 897 1969 953 dolores
1989 912 2011 959 ,ν
2035 909 2161 969 post

559 990 771 1045 multos
819 990 1062 1062 gemitus
1105 1006 1248 1061 quos
1291 990 1360 1047 ad
1407 1006 1495 1046 me
1542 990 1789 1058 emittes,
1832 1000 1958 1061 post
1988 993 2160 1047 casti-

559 1083 816 1153 gationes
865 1092 923 1139 et
955 1083 1159 1140 famem
1187 1098 1254 1139 ac
1284 1084 1700 1149 necessitatem,
1732 1083 2008 1139 annuntio
2056 1083 2160 1137 tibi

561 1177 824 1243 gaudium
873 1192 1132 1248 magnum
1181 1178 1330 1248 quod
1377 1177 1490 1233 erit
1545 1177 1699 1232 omni
1756 1178 1964 1249 populo
2013 1186 2155 1232 tuo:

564 1276 857 1338 postquam
912 1267 1010 1322 tibi
1048 1267 1219 1323 fuerit
1256 1268 1521 1339 adempta
1567 1268 1751 1323 omnis
1791 1268 1879 1323 via
1920 1276 1978 1324 et
2019 1268 2161 1323 ratio

564 1360 793 1415 humani
846 1360 1062 1425 auxilii,
1110 1360 1181 1415 ad
1215 1360 1399 1416 virum
1442 1369 1599 1417 tuum
1631 1359 1983 1431 spiritualem
2008 1360 2160 1416 Ada-

566 1464 717 1502 mum
744 1451 966 1520 (nempe
990 1448 1299 1523 Christum)
1331 1449 1441 1506 erit
1464 1452 1758 1507 conversio
1795 1458 1911 1517 tua,
1957 1460 2015 1506 et
2043 1451 2162 1521 ipse

569 1542 667 1595 tibi
694 1542 1085 1599 dominabitur
1131 1561 1162 1598 a
1197 1544 1334 1599 mari
1376 1560 1553 1617 usque
1583 1545 1654 1600 ad
1685 1561 1861 1612 mare,
1899 1553 1955 1601 et
1979 1561 2011 1600 ι
2055 1544 2163 1601 ﬂu-

566 1636 814 1691 minibus
841 1651 1020 1707 usque
1048 1636 1116 1692 ad
1145 1636 1283 1693 fines
1312 1637 1464 1693 orbis
1497 1645 1659 1693 terrae
1690 1636 1977 1702 Ecclesia,
2010 1636 2159 1702 Evaa,

568 1730 696 1784 vine
733 1739 842 1785 tuae
885 1744 1011 1800 quae
1059 1729 1269 1786 dicitur
1314 1730 1539 1786 mulier.
1588 1729 1982 1786 Benedieimus
2035 1729 2158 1794 tibi,

563 1822 807 1887 Christe,
841 1823 938 1893 qui
974 1824 1191 1879 vocasti
1240 1839 1364 1890 nos,
1416 1832 1473 1879 et
1520 1824 1590 1879 ab
1641 1839 1835 1880 errore
1865 1822 2049 1879 fecisti
2091 1822 2161 1879 ad

2266 618 2338 673 ad
2373 620 2549 674 uirum
2593 636 2771 675 meum
2810 622 3068 690 priorem,
3123 623 3380 692 quoniam
3422 631 3549 681 tunc
3582 621 3710 687 mihi
3740 628 3849 674 erat

2263 710 2450 765 melius
2484 728 2649 782 quam
2679 729 2822 766 nunc
2850 713 2918 766 τι.
2952 712 3021 768 Et
3045 722 3342 784 propterea
3385 712 3517 768 dicit
3552 712 3701 767 Deus
3726 712 3851 767 huic

2262 801 2523 859 Ecclesia:
2550 818 2675 873 quae
2732 803 2945 860 dicitur
2975 804 3176 860 mulier
3224 822 3237 857 :
3277 801 3346 858 Et
3387 805 3457 858 ad
3486 804 3666 859 vitam
3709 812 3849 857 mum

2263 896 2527 950 eorwersio
2575 906 2693 961 tua,
2745 903 2798 950 et
2843 896 3083 968 ipsevtibi
3119 896 3501 950 dominabitur.

2335 987 2478 1045 Hinc
2518 988 2785 1045 discimus
2841 998 3076 1060 propter
3121 1003 3245 1043 eam
3289 1002 3457 1057 quam
3494 986 3550 1040 in
3594 985 3852 1040 extremis

2264 1081 2613 1152 temporibus
2675 1081 2846 1137 habet
2892 1082 3042 1137 Deus
3066 1081 3121 1136 in
3145 1080 3438 1136 mulierem
3465 1120 3480 1145 ,
3525 1078 3854 1136 dominatio-

2268 1188 2396 1229 nem
2418 1189 2432 1227 :
2454 1173 2604 1244 quod
2627 1173 3022 1244 cumprimum
3043 1172 3317 1242 plantavit
3336 1171 3485 1226 Deus
3510 1171 3843 1240 paradisum,

2265 1276 2458 1338 typum
2485 1266 2767 1331 Ecclesiae,
2820 1266 3129 1321 nominavit
3158 1265 3449 1335 Scriptura
3497 1264 3674 1319 Deum
3728 1282 3741 1318 :
3783 1271 3845 1319 et
3888 1288 3893 1344 ᾗ

2265 1359 2499 1423 addens,
2521 1359 2842 1414 Dominum.
2870 1357 2993 1414 Non
3021 1356 3171 1414 enim
3230 1359 3484 1415 invenies
3514 1358 3697 1428 ipsum
3727 1367 3852 1413 ante

2265 1452 2584 1524 paradisum
2604 1451 2882 1507 nominari
2906 1451 3202 1507 Dominum
3223 1462 3281 1507 et
3299 1453 3473 1508 Deum
3500 1470 3514 1506 :
3538 1452 3636 1507 sed
3658 1452 3850 1515 solum,

2266 1545 2462 1602 Deum.
2516 1544 2573 1601 Si
2614 1554 2799 1601 autem
2829 1546 2899 1600 ab
2950 1545 3077 1601 aliis
3130 1545 3198 1600 ad
3231 1545 3369 1601 alias
3402 1546 3679 1617 gradalim
3711 1556 3854 1600 tran-

2264 1639 2540 1694 scendens
2579 1638 3107 1705 demonstrationes,
3155 1654 3267 1694 non
3318 1640 3634 1713 satietatem
3692 1639 3856 1712 aﬂ’ero

2264 1733 2460 1787 lectori
2487 1733 2661 1787 multa
2690 1732 2927 1789 dicens:
2963 1733 3015 1789 ei
3070 1732 3361 1789 ostendam
3416 1733 3584 1789 falsas
3644 1748 3853 1804 quoque

2267 1823 2664 1880 similitudines
2695 1839 2761 1880 ae
2797 1824 3066 1894 paritates
3118 1824 3333 1878 erroris
3388 1824 3651 1880 mulieris
3677 1833 3729 1879 et
3757 1824 3856 1884 Eo-

566 1928 669 1967 nos
710 1929 742 1967 a
803 1922 855 1969 te
909 1914 1356 1970 conversionem.
1410 1913 1725 1971 Adoramtts
1774 1924 1829 1971 te
1863 1915 1961 1986 qui
1990 1911 2241 1970 domi-'B
2269 1920 2474 1977 etesiae.
2508 1919 2756 1975 Primum
2785 1920 2934 1975 enim
2961 1919 3245 1990 quomodo
3267 1919 3474 1975 mulier
3509 1918 3568 1973 in
3606 1917 3854 1989 paradiso

566 2016 733 2062 natus
765 2022 827 2062 es
860 2007 1044 2074 nobis,
1080 2014 1343 2078 tanquam
1392 2007 1686 2064 Dominum
1718 2008 2162 2065 dominantium:

566 2116 636 2155 ne
677 2101 798 2171 ipsa
840 2109 938 2156 tua
985 2102 1189 2174 conqu
1220 2102 1423 2157 mulier
1459 2108 1518 2157 et
1567 2117 1772 2173 sponsa
1815 2103 2167 2174 opprimatur

485 2189 490 2195 ’
565 2194 855 2250 dominatu
916 2194 1047 2249 mali
1104 2193 1404 2265 serpentis.
1470 2193 1546 2250 De
1599 2203 1802 2251 caetero
1858 2196 2057 2266 psallat
2110 2203 2169 2253 et

565 2303 762 2359 magna
788 2302 921 2343 voce
935 2288 1272 2343 elamethaae
1293 2286 1412 2342 vita
1428 2287 1633 2344 mulier
1655 2302 1783 2343 cum
1810 2288 1905 2344 illa
1929 2288 2166 2345 muliere

565 2393 688 2449 quae
743 2386 830 2433 est
877 2392 1011 2433 vere
1059 2379 1174 2434 vita
1217 2386 1277 2434 et
1321 2393 1446 2449 qum
1490 2380 1663 2434 vitam
1715 2378 1858 2446 fert,
1909 2388 1969 2435 et
2017 2380 2168 2451 parit

563 2473 757 2538 vitam,
788 2471 980 2527 dicens
1012 2489 1025 2526 :
1058 2471 1371 2544 Magniﬁcat
1411 2475 1595 2528 anima
1636 2488 1757 2526 mea
1785 2486 1915 2527 eum
1950 2472 2044 2543 qui
2081 2481 2169 2528 est

564 2564 705 2619 mihi
756 2564 1098 2631 dominatus,
1139 2581 1265 2637 quae
1304 2581 1428 2622 sum
1468 2566 1721 2623 Ecclesia
1765 2582 1832 2621 ex
1862 2567 2163 2639 gentibus:

568 2655 638 2710 Et
687 2656 975 2712 exsultavit
1002 2659 1224 2729 spiritus
1275 2675 1423 2714 meus
1478 2661 1535 2714 in
1596 2658 1706 2713 Deo
1753 2652 1985 2713 salutari
2028 2675 2165 2715 meo.

567 2744 707 2813 Quia
747 2751 977 2820 respexit
1013 2749 1370 2807 humilitatem
1426 2751 1639 2807 ancilla!
1685 2768 1815 2807 suae.
1854 2751 1990 2807 Ecce
2020 2752 2168 2807 enim

506 2910 519 2919 ᾗ
567 2842 755 2897 abhinc
800 2843 1012 2897 beatam
1046 2860 1130 2898 me
1161 2840 1333 2899 dicent
1367 2861 1549 2901 omnes
1591 2846 1978 2916 generationes.
2018 2844 2169 2912 Quo-

568 2935 715 2988 niam
755 2935 877 3004 ferit
906 2938 1203 3004 potentiam
1227 2932 1528 2992 in'braohio
1562 2937 1704 2993 Filio
1731 2954 1854 3004 suo,
1881 2947 1932 2992 et
1960 2938 2166 3008 disper-

566 3027 635 3080 sit
677 3027 927 3099 superbos
980 3027 1205 3084 Judteos
1239 3045 1303 3083 ea:
1352 3029 1507 3084 corde
1564 3032 1753 3085 mentis
1811 3046 1943 3096 sum,
2007 3039 2069 3087 et
2111 3032 2168 3086 in

575 3116 749 3172 altum
796 3112 987 3173 extulit
1024 3134 1130 3175 nos
1178 3119 1423 3175 humiles.
1465 3113 1774 3177 Esurientes
1824 3137 1990 3178 canes
2035 3139 2168 3196 gen-

2268 2029 2298 2069 a
2324 2021 2581 2084 serpente
2606 2013 2858 2079 seducta,
2883 2028 3044 2083 passa
3075 2020 3159 2068 est
3184 2027 3286 2083 per
3307 2012 3507 2067 oculos
3536 2026 3667 2066 eum
3692 2010 3854 2067 vidis-

2269 2117 2353 2163 set
2391 2106 2541 2178 quod
2571 2106 2782 2178 lignum
2840 2106 3051 2171 bonum
3089 2115 3177 2161 est
3220 2104 3291 2162 ad
3335 2103 3759 2169 comedendum,
3796 2112 3854 2158 et

2268 2209 2484 2273 gratum
2510 2200 2689 2256 oculis
2715 2199 2783 2254 ad
2820 2199 3148 2263 videndum,
3187 2206 3246 2254 et
3290 2199 3604 2269 speciosum
3630 2196 3697 2253 ad
3715 2210 3849 2252 eon-

2269 2290 2628 2346 siderandum
2652 2306 2669 2357 ;
2693 2289 2943 2345 secundo
2970 2298 3161 2345 autem
3201 2287 3400 2345 aﬂ‘ecta
3448 2296 3535 2345 est
3566 2287 3859 2343 aﬂ'ectione

2268 2398 2370 2453 per
2419 2389 2739 2439 contactum
2793 2396 2990 2437 manus
3035 2381 3217 2437 fructu
3264 2388 3545 2452 accepto;
3589 2388 3644 2436 et
3688 2379 3862 2435 tertio

2270 2490 2468 2530 rursus
2496 2488 2596 2545 per
2646 2489 2804 2529 esum
2840 2492 2853 2527 :
2880 2474 2960 2528 sic
2991 2472 3129 2527 mihi
3160 2471 3518 2545 deinceps_ab
3562 2487 3628 2529 ea
3656 2470 3863 2527 accede

2269 2566 2337 2623 ad
2370 2567 2700 2622 catholicam
2740 2565 3028 2621 hominum
3060 2565 3391 2631 Ecclesium,
3418 2542 3487 2620 ἐι
3518 2563 3737 2619 videbis
3771 2578 3863 2619 ea-

2269 2659 2396 2716 dem
2420 2674 2643 2729 queque
2674 2657 2814 2714 ei‘tn
2843 2658 3040 2729 primis
3073 2658 3369 2713 accidisse.
3404 2657 3544 2713 Nam
3578 2671 3707 2712 cum
3743 2655 3861 2712 dua:

2268 2762 2403 2809 tunc
2425 2762 2613 2809 essent
2640 2752 3031 2825 generationes
3058 2751 3353 2806 hominum
3394 2751 3449 2805 in
3480 2750 3765 2821 principio
3807 2750 3858 2805 in

2269 2847 2500 2913 mundo,
2536 2847 2632 2918 qui
2660 2846 2714 2901 in
2742 2846 3024 2917 propriam
3069 2853 3126 2901 et
3175 2852 3486 2915 separatam
3542 2843 3854 2899 refereban-

2272 2950 2362 2996 tur
2411 2940 2811 3011 genealogiam,
2862 2946 3137 3008 erantque
3190 2937 3568 3008 prazﬁguratio
3627 2938 3845 2992 duorum

2267 3033 2599 3110 populorum
2635 3038 2727 3087 :et
2757 3030 2849 3086 alii
2876 3030 3102 3102 quidem
3152 3029 3222 3084 ab
3246 3024 3480 3094 Adamo,
3532 3028 3627 3084 alii
3681 3042 3859 3083 vero:

2267 3124 2404 3182 Cain
2429 3123 2702 3195 parricida
2731 3124 3112 3196 procedebant
3137 3142 3150 3179 :
3172 3124 3267 3194 qui
3303 3123 3372 3178 ab
3402 3124 3620 3179 Adamn
3640 3124 3862 3195 quidem

571 3211 711 3265 tium
757 3212 1096 3282 populorum
1142 3212 1386 3283 implevit
1441 3213 1590 3268 bouis
1639 3215 1799 3282 panis
1827 3216 1977 3281 vitta,
2008 3225 2059 3270 ct
2086 3217 2239 3321 di—C
2270 3216 2667 3288 procedebant,
2698 3218 2754 3272 in
2794 3217 3024 3289 ﬁguram
3068 3216 3262 3286 populi
3319 3214 3531 3272 Christi
3586 3216 3865 3272 habebant

568 3313 695 3359 vites
727 3306 782 3359 in
818 3302 1112 3361 sacriﬁciis
1159 3316 1215 3361 et
1253 3305 1615 3362 libaminibus
1645 3308 1843 3362 dimisit
1882 3310 2071 3363 inanes
2094 3309 2162 3375 ὀ,

568 3413 638 3452 ne
674 3398 912 3468 amplius
937 3399 993 3453 in
1022 3398 1107 3454 eis
1131 3399 1318 3454 colant
1350 3408 1408 3454 et
1434 3400 1681 3456 adorent
1712 3402 1922 3472 templo
1952 3402 2164 3460 diruto.

573 3492 940 3548 Excandescit
976 3501 1033 3548 et
1080 3490 1424 3564 discerpitur
1469 3493 1590 3549 haec
1635 3492 1871 3550 audiens
1919 3494 2165 3561 Judaeus,

570 3593 626 3641 et
647 3601 760 3641 non
800 3592 987 3657 potest
1024 3584 1161 3641 l‘alsa
1202 3585 1525 3667 ostendere.
1562 3586 1621 3642 Si
1652 3595 1836 3667 autem
1866 3603 1978 3642 non
2006 3589 2080 3643 ita
2110 3604 2169 3644 se

572 3679 739 3736 habet
814 3694 1004 3735 rerum
1055 3679 1284 3745 veritas,
1351 3665 1827 3751 quemadmodum
1876 3680 1933 3735 in
1981 3682 2171 3736 verbis

570 3773 669 3828 Dei
724 3772 793 3828 ad
836 3774 1134 3828 mulierem
1196 3772 1548 3843 interpretati
1596 3789 1828 3829 sumus:
1875 3772 2023 3828 dicat
2068 3774 2169 3829 Ju-

570 3858 745 3931 dmus,
793 3867 912 3931 ubi,
956 3882 1082 3922 cum
1118 3866 1417 3923 avertisset
1434 3860 1559 3922 Eva
1615 3877 1712 3923 aut
1744 3848 1998 3938 separata
2030 3866 2169 3923 fuis-

570 3968 656 4015 set
690 3959 760 4013 ah
801 3958 1036 4025 Adamo,
1085 3957 1229 4015 dixit
1273 3959 1325 4015 ei
1357 3959 1505 4014 Deus
1547 3959 1671 4014 :Ad
1709 3961 1883 4014 virum
1922 3967 2068 4016 tuum
2096 3968 2174 4014 est

572 4054 840 4106 conversio
875 4030 968 4107 ἷιια
993 4053 1018 4106 ?
1043 4051 1113 4107 Et
1157 4066 1398 4123 quonam
1447 4052 1498 4106 ei
1532 4051 1854 4108 dominante
1909 4053 2046 4107 dicit
2077 4053 2126 4107 ei
2155 4071 2169 4107 :

574 4142 668 4197 Vir
708 4144 801 4198 tibi
849 4142 1258 4197 dominabitur?
1301 4144 1569 4213 tanquam
1609 4143 1820 4199 scilicet
1871 4144 1919 4198 ei
1970 4144 2173 4214 aliquis

573 4234 900 4290 insultasset
950 4243 1008 4290 et
1054 4233 1109 4291 ei
1167 4242 1318 4290 esset
1367 4234 1673 4290 dominata.
1722 4234 1858 4290 Nam
1912 4235 2174 4291 omnibus

572 4316 774 4382 modis
810 4327 1062 4382 cernitur
1108 4326 1229 4383 haec
1272 4327 1477 4383 mulier
1513 4344 1544 4383 a
1594 4328 1719 4383 viro
1776 4316 2053 4398 separata,
2116 4335 2175 4384 et

573 4419 779 4475 deinde
828 4419 897 4475 ad
946 4435 1073 4475 eum
1105 4434 1303 4475 rursus
1349 4435 1637 4476 conversa.
1673 4418 1954 4495 Naquui
1981 4435 2173 4475 rever-

574 4511 735 4577 titur,
780 4520 865 4567 est
896 4512 1256 4584 perspicuum
1303 4513 1454 4583 quod
1496 4512 1633 4568 illuc
1671 4503 1975 4568 revertitur
2024 4513 2172 4569 unde

2270 3312 2567 3381 quamdam
2635 3312 2870 3387 gratiam
2927 3312 3102 3367 sancti
3164 3310 3410 3378 Spiritus
3458 3309 3514 3365 in
3549 3311 3712 3365 vultu
3745 3326 3865 3368 sun.

2270 3420 2393 3477 quae
2421 3421 2517 3461 eos
2553 3405 2881 3460 ostendebat
2909 3415 2967 3461 et
3019 3405 3317 3475 separabal
3344 3420 3373 3459 a
3415 3405 3624 3475 populo
3652 3404 3815 3460 Caini
3847 3424 3859 3455 :

2271 3507 2325 3553 et
2358 3498 2593 3554 maxime
2615 3499 2749 3554 Seth
2786 3513 2950 3569 quem
2986 3498 3181 3568 genuit
3228 3497 3402 3553 Adam
3432 3498 3499 3552 ad
3541 3512 3704 3553 suam
3745 3512 3869 3566 spe-

2272 3592 2411 3648 ciem
2436 3602 2492 3648 ct
2522 3592 2842 3663 imaginem,
2872 3597 2933 3647 ut
2959 3591 3095 3646 dicit
3134 3592 3445 3660 Scriptura.
3491 3588 3872 3657 Quamobrem

2272 3685 2528 3738 homines
2555 3682 2648 3754 qui
2673 3691 2834 3737 erant
2859 3682 2913 3736 in
2951 3682 3047 3737 illo
3075 3692 3343 3753 tempore,
3371 3681 3527 3741 illum
3553 3681 3732 3735 Deum
3778 3695 3875 3751 ap-

2271 3775 2577 3846 pellabant.
2610 3774 2714 3842 Qui
2742 3782 2927 3841 autem
2950 3774 3325 3829 nascebantur
3351 3789 3419 3828 ex
3451 3773 3666 3827 semine
3690 3771 3873 3836 Caini,

2274 3870 2329 3922 in
2365 3879 2551 3941 typum
2573 3866 2765 3938 populi
2795 3866 3039 3931 lsraelis,
3065 3878 3223 3921 erant
3251 3864 3506 3937 hospites
3530 3875 3587 3920 et
3608 3864 3777 3920 alieni
3805 3864 3877 3921 ab

2274 3962 2367 4016 illa
2401 3961 2575 4031 gratia
2606 3969 2663 4015 et
2682 3958 3089 4015 illuminatione
3113 3974 3237 4029 quae
3255 3965 3377 4011 erat
3408 3957 3463 4011 in
3491 3956 3672 4021 vultu,
3697 3956 3878 4026 utqui

2274 4053 2545 4124 originem
2581 4052 2870 4108 duxissent
2900 4068 2928 4107 a
2956 4050 3254 4123 parricida.
3281 4049 3655 4117 Quamobrem
3687 4050 3758 4103 iis
3776 4047 3880 4119 qui

2275 4154 2434 4202 erant
2458 4161 2527 4201 ex
2548 4144 2759 4201 semine
2783 4144 2957 4199 Adam
2994 4142 3109 4215 (qui
3139 4151 3261 4198 erat
3287 4148 3452 4214 typus
3491 4141 3751 4207 Christil,
3777 4139 3883 4212 qui

2274 4235 2710 4291 nominabantur
2736 4233 2835 4290 ﬁlii
2881 4233 3002 4300 Dei,
3047 4233 3085 4287 ii
3115 4232 3211 4303 qui
3238 4240 3401 4287 erant
3428 4247 3500 4287 ex
3526 4219 3699 4295 Cain,
3732 4230 3888 4286 invi-

2275 4330 2480 4385 debant
2525 4335 2753 4398 propter
2786 4325 3145 4396 splendorem
3195 4324 3290 4393 qui
3346 4325 3430 4379 eis
3485 4324 3774 4380 eminebat
3824 4323 3886 4377 in

2277 4422 2454 4480 vultu.
2482 4421 2524 4477 Ii
2549 4436 2680 4494 ergo
2700 4419 2797 4490 qui
2823 4418 3156 4509 dicebantur
3182 4417 3285 4487 ﬁlii
3313 4417 3426 4509 Dei,
3456 4426 3521 4472 ut
3567 4416 3665 4488 qui
3689 4418 3890 4471 essent

2278 4516 2374 4570 ﬁlii
2410 4514 2540 4570 Erae
2561 4529 2592 4569 a
2615 4510 2814 4578 matre,
2848 4526 2949 4582 per
2994 4500 3189 4565 oculos
3218 4500 3455 4581 primam
3508 4515 3894 4579 susceperunt

570 4607 729 4678 prius
771 4607 1005 4662 exierat.
1053 4606 1186 4661 Mihi
1213 4604 1364 4662 enim
1412 4607 1593 4678 cogita
1621 4605 1969 4664 individuam
2005 4606 2174 4661 unio-
2204 4591 2252 4662 Ι)
2278 4596 2668 4663 affectionem:
2701 4603 2903 4660 deinde
2954 4603 3213 4666 alteram,
3270 4618 3369 4672 per
3421 4611 3628 4661 tactum
3667 4612 3728 4656 et
3778 4615 3893 4671 gu-

570 4715 700 4754 nem
730 4698 835 4754 viri
877 4709 934 4754 et
963 4686 1235 4764 mulieris,
1273 4696 1422 4769 quod
1450 4706 1536 4752 est
1563 4712 1789 4767 corpus,
1828 4696 2168 4764 membrum,

568 4801 627 4849 et
671 4804 823 4848 costa
856 4793 998 4864 ejus.
1030 4792 1406 4859 Quamobrem
1434 4792 1503 4847 de
1531 4807 1597 4847 ea
1644 4806 1868 4864 quoque
1902 4790 2168 4846 dicebat:

572 4885 681 4940 [loc
712 4902 852 4940 nunc
878 4901 936 4939 os
965 4900 1030 4942 ea:
1058 4885 1259 4939 ossibus
1293 4885 1442 4950 meis,
1471 4894 1520 4939 et
1553 4901 1680 4939 caro
1712 4900 1776 4938 ea:
1814 4901 1977 4940 carne
2006 4901 2121 4940 mea
2153 4902 2173 4950 ;

570 4979 940 5049 quamobrem
971 4993 1166 5034 sumus
1187 4977 1299 5034 duo
1332 4978 1391 5033 in
1415 4992 1637 5034 carnem
1667 4994 1854 5034 unam.
1881 4978 2174 5046 Quomodo

568 5084 702 5143 ergo
747 5087 872 5128 cum
911 5087 1019 5127 una
1068 5087 1200 5129 caro
1239 5071 1311 5127 sit
1344 5070 1725 5157 conglutinata
1768 5081 1826 5127 et
1874 5088 2048 5127 unum
2082 5088 2167 5140 os,

570 5166 683 5221 duo
729 5168 841 5223 sint
887 5156 1199 5235 individue,
1236 5156 1382 5225 Deus
1411 5184 1563 5225 nunc
1607 5168 1743 5225 dicit
1789 5169 2010 5224 niulieri
2043 5186 2056 5223 :
2090 5169 2173 5225 Ad

571 5260 742 5314 virum
789 5268 942 5314 tuum
988 5262 1089 5316 erit
1124 5263 1389 5316 conversio
1418 5262 1533 5331 tua,
1568 5268 1618 5316 et
1653 5262 1763 5333 ipse
1809 5262 1885 5315 tui
1922 5261 2171 5343 domina-

574 5350 759 5405 bitur?
793 5351 1083 5419 Quomodo
1121 5369 1185 5409 os
1213 5362 1271 5409 et
1304 5369 1434 5409 caro
1461 5368 1588 5408 cum
1620 5354 1692 5408 sit
1714 5354 1855 5425 ejus,
1893 5353 1960 5408 ad
1992 5354 2171 5423 ipsum

575 5445 960 5500 convertitur?
980 5446 1129 5518 Ergo
1154 5462 1254 5518 per
1292 5446 1479 5502 omnia
1505 5441 1807 5518 qttaz'dicta
1844 5456 1974 5502 sunt
2004 5446 2175 5501 disci-

576 5548 700 5587 mus
730 5534 877 5604 quod
918 5544 1074 5592 extra
1125 5536 1309 5592 virum
1355 5552 1519 5592 suum
1566 5537 1840 5592 abscessit
1872 5536 2176 5602 mulier,et

574 5623 777 5680 deinde
819 5641 1043 5684 reversa
1091 5637 1176 5684 est
1219 5628 1288 5684 ad
1342 5629 1546 5700 ipsum,
1589 5637 1646 5684 et
1691 5645 1887 5685 rursus
1920 5628 2061 5683 facta
2087 5637 2175 5683 est

575 5715 695 5786 ejus
740 5728 891 5774 costa
931 5729 987 5775 et
1028 5720 1231 5777 mulier
1260 5727 1313 5776 et
1347 5737 1495 5777 caro.
1540 5722 1662 5793 Ipsa
1709 5721 1876 5793 919
1903 5734 1989 5776 est
2025 5722 2174 5775 enim

648 5899 693 5931 τυ
748 5899 884 5954 Luc.
920 5918 959 5967 ι,
1002 5902 1195 5957 47-55.

1270 5902 1312 5934 τι
1357 5901 1493 5957 Osee
1537 5920 1593 5969 ιι,
1628 5905 1678 5959 7.
1758 5904 1802 5935 ⁷³
1834 5902 1973 5958 Gen.
2005 5920 2077 5970 vx,
2105 5903 2166 5957 ἓ.

2274 4708 2441 4754 stum.
2466 4697 2755 4766 Quomodo
2780 4694 2928 4750 enim
2958 4694 3027 4749 de
3056 4710 3121 4747 ea
3171 4676 3383 4748 dictum
3408 4703 3495 4749 est
3528 4693 3685 4764 quod
3738 4692 3895 4746 vidit

2268 4791 2482 4869 lignum
2514 4772 2828 4845 bonum-ad
2858 4785 3288 4851 comedendum,
3331 4795 3389 4841 et
3434 4776 3618 4842 oculis
3653 4794 3898 4858 gratum

2276 4883 2343 4938 ad
2368 4882 2692 4947 videndum,
2722 4879 3097 4951 etpulchrum
3153 4878 3223 4933 ad
3264 4878 3770 4944 considerandum,
3814 4880 3901 4935 ita

2275 4976 2443 5031 etiam
2475 4975 2746 5045 scriptum
2778 4980 2865 5029 est
2901 4971 3135 5051 de‘ﬁliis
3163 4973 3286 5043 ejus
3321 4990 3334 5026 :
3364 4971 3434 5026 Et
3478 4962 3734 5028 viderunt
3787 4971 3904 5041 ﬁlii

2275 5068 2391 5134 Dei,
2427 5068 2533 5123 hoc
2559 5071 2664 5132 est,
2696 5066 2792 5137 qui
2849 5066 3121 5138 originem
3165 5064 3448 5119 duxerunt
3491 5065 3562 5119 ab
3610 5060 3848 5120 Adamo
3881 5105 3901 5130 ,

2276 5163 2420 5232 ﬁlias
2463 5162 2761 5223 hominum,
2786 5148 2987 5229 nempe
3037 5175 3234 5213 eorum
3265 5159 3358 5228 qui
3401 5152 3838 5214 descenderunt
3871 5174 3909 5215 a

2274 5256 2447 5312 Caino
2476 5298 2489 5320 ,
2522 5255 2662 5327 quod
2701 5255 2807 5308 sint
2842 5252 3094 5324 pulchra‘,
3140 5261 3192 5306 et
3230 5246 3546 5324 acceperunt
3610 5262 3707 5307 eas
3753 5268 3912 5307 uxo-

2279 5367 2359 5403 res
2380 5351 2447 5402 ".
2487 5346 2631 5402 Ecce
2659 5347 3012 5402 aﬁ‘ectioncm
3037 5345 3191 5400 visus
3215 5354 3272 5399 et
3316 5352 3516 5400 tactus.
3545 5345 3759 5400 Postea
3795 5360 3914 5399 au—

2278 5453 2386 5498 tem
2429 5440 2794 5497 comederunt
2851 5439 3059 5493 malum
3093 5437 3359 5503 fructum,
3424 5454 3625 5509 nempe
3685 5452 3919 5494 carnes

2277 5534 2678 5593 sacriﬁciorum
2710 5533 3139 5589 darmoniorum.
3193 5532 3301 5589 Sed
3335 5532 3453 5587 haec
3481 5532 3721 5602 quidem
3755 5541 3920 5587 sunt

2278 5612 2655 5683 inobetlientia
2725 5635 2933 5681 natum:
2988 5625 3261 5681 mulieris.
3324 5625 3599 5695 Deinceps
3658 5624 3923 5695 primus

2275 5708 2395 5792 eius
2426 5720 2585 5774 dolor
2615 5730 2672 5775 et
2702 5719 2941 5791 gemitus
2966 5716 3070 5773 fuit
3098 5717 3274 5773 totius
3302 5715 3494 5772 mundi
3534 5716 3871 5773 inundatio
3905 5734 3924 5772 :
