4064 6436
498 369 634 436 1οἱ3

1717 375 1775 439 S.
1821 377 2222 438 ANASTASII
2259 379 2586 442 SlNAlTiE

3630 366 3773 441 1044

495 484 723 542 custom
762 485 830 539 τ’.
864 481 928 538 1η
958 481 1227 538 doloribus
1263 482 1438 553 ipsam
1495 482 1664 554 920
1685 484 1921 538 comedes
1944 500 1963 538 :
1988 484 2076 539 vi-
2110 500 2149 553 Α
2178 500 2412 546 secretus
2431 500 2507 545 est
2528 491 2787 547 Dominus
2807 489 3000 546 Deus“
3028 492 3260 561 inempe
3280 487 3336 544 in
3358 502 3525 559 paena
3548 487 3772 545 Adami.

453 584 458 590 ”
494 578 717 641 delicet,
759 576 881 632 sine
914 584 1143 646 peccato
1168 575 1341 630 vives.
1384 574 1440 631 Si
1477 575 1627 629 enim
1680 574 1897 629 viveres
1954 590 2081 629 cum

496 677 745 739 peccato,
776 667 1019 723 mundus
1067 676 1121 722 te
1174 677 1437 738 tanquam
1478 665 1765 736 proprium
1798 665 2079 737 diligeret,

495 772 553 819 et
568 777 678 817 non
703 760 958 817 molestia
998 759 1262 815 alliceret.

566 853 694 910 Hice
713 863 900 910 autem
939 854 1103 908 nobis
1127 853 1482 909 audientibus
1525 853 1595 908 ah
1635 852 1754 924 ipso
1801 852 1917 907 Deo
1947 869 2082 909 con-

496 948 717 1011 donari,
759 945 1142 1017 reputavimus
1163 960 1291 1003 eum
1308 960 1428 1000 esse
1469 945 1731 1001 inlabere
1751 954 1807 1000 et
1825 946 1980 1015 plaga
2027 954 2083 1001 et

498 1040 553 1095 in
608 1039 927 1102 afﬂictione,
974 1049 1236 1105 tanquam
1290 1037 1385 1108 qui
1440 1053 1656 1107 poenam
1708 1037 1980 1091 subiisset
2029 1045 2085 1091 et

499 1138 733 1186 mortem
777 1146 877 1200 pro
902 1130 1019 1185 suis
1045 1130 1305 1200 peccatis.
1344 1128 1462 1200 Ipse
1499 1139 1679 1183 autem
1721 1129 1842 1201 fuit,
1881 1130 2083 1200 inquit,

497 1222 809 1279 vulneratus
833 1232 1046 1295 propter
1076 1223 1385 1293 iniquitates
1410 1230 1643 1287 nostras,
1667 1238 1868 1293 nempe
1888 1239 2083 1279 eorum

497 1316 592 1386 qui
617 1331 810 1369 sumus
827 1330 895 1371 ex
927 1314 1159 1369 muliere
1178 1314 1444 1377 Ecclesia,
1470 1323 1519 1367 et
1563 1316 1841 1385 wgrotavit
1871 1322 2088 1385 propter

497 1419 711 1479 peccata
744 1417 947 1463 nostra.
975 1404 1267 1478 Disciplina
1290 1408 1432 1478 pacis
1450 1406 1595 1461 nobis
1620 1424 1780 1478 super
1798 1408 2002 1477 ipsum;
2025 1405 2090 1461 li-

495 1516 618 1555 vore
641 1501 754 1572 ejus
782 1517 875 1553 nos
890 1499 1069 1554 sanati
1093 1515 1297 1553 sumus.
1317 1496 1437 1568 Ipse
1453 1498 1590 1552 enim
1612 1499 1842 1568 portavit
1873 1505 2089 1567 peccata

495 1593 809 1655 multorum,
845 1602 893 1647 et
924 1602 1141 1664 propter
1164 1599 1379 1663 peccata
1415 1599 1601 1646 nostra
1644 1591 1744 1661 fuit
1768 1591 1999 1645 traditus
2016 1589 2087 1645 ⁸⁸.

496 1686 681 1742 Habes
708 1684 1008 1757 perfectam
1048 1693 1105 1739 et
1143 1684 1491 1739 manifestam
1532 1684 1984 1754 supputationem
2035 1691 2092 1737 et

497 1775 1033 1834 demonstrationem
1067 1773 1215 1845 quod
1237 1791 1335 1844 pro
1370 1774 1613 1844 peccatis
1635 1773 1885 1829 mulieris
1935 1771 2092 1827 audit

2185 581 2419 652 Egresso
2439 581 2662 653 quidem
2688 591 2838 637 certe
2862 582 2978 637 Noe
3009 590 3065 636 et
3092 579 3221 635 (iliis
3253 580 3376 650 ejus
3400 593 3469 633 ex
3491 593 3619 633 arca
3642 586 3778 648 post

2185 675 2478 739 diluvium,
2518 677 2602 730 eis
2655 677 2994 745 apertiorem
3031 672 3388 729 conﬁrmavit
3415 671 3775 726 benedictio-

2185 784 2312 823 nem
2364 785 2470 837 qua
2505 769 2790 824 benedixit
2829 768 3221 837 protoplastos,
3257 774 3316 821 et
3357 773 3547 834 postea
3580 763 3769 818 dixit:

2186 861 2439 931 Cogitans
2478 876 2583 913 non
2618 860 2875 926 adjiciam
2914 856 3145 927 amplius
3173 856 3437 910 exsecrari
3466 864 3672 908 terram
3700 854 3777 907 υ.

2186 954 2268 1009 Tu
2301 962 2483 1008 autem
2510 967 2635 1007 cum
2665 950 2908 1006 audieris
2928 950 3076 1019 quod
3109 964 3285 1019 usque
3327 947 3395 1002 ad
3420 962 3605 1002 arcam
3642 947 3785 1001 uni-

2185 1062 2346 1102 versa
2378 1056 2522 1100 terra
2555 1045 2661 1100 fuit
2716 1045 2821 1100 sub
2861 1044 3178 1104 maledicto,
3222 1041 3365 1097 nihil
3419 1040 3575 1095 aliud
3608 1047 3782 1110 putes

2187 1155 2310 1196 esse
2367 1138 2472 1193 nisi
2528 1136 3101 1196 ChrisliEcclesiam,
3165 1134 3221 1188 in
3268 1146 3380 1203 qua
3417 1130 3784 1187 conﬁrmavit

2188 1231 2357 1287 etiam
2412 1232 2558 1286 Deus
2609 1238 2665 1285 et
2721 1227 3012 1283 renovavit
3066 1235 3312 1280 veterem
3365 1220 3613 1276 hominis
3676 1219 3784 1274 be-

2189 1322 2605 1384 nedictionem,
2665 1319 2933 1389 quoniam
3009 1323 3136 1387 post
3197 1313 3475 1368 diluvium
3554 1310 3787 1365 in'in-

2189 1414 2563 1471 numerabiles
2618 1412 2947 1467 amictiones
3015 1418 3072 1464 et
3125 1407 3522 1476 castigationes
3577 1419 3609 1458 a
3667 1402 3787 1458 Deo

2189 1509 2350 1579 pulsa
2405 1505 2611 1562 cecidit
2667 1504 2960 1559 hominum
3025 1509 3224 1555 natura
3294 1498 3385 1553 cui
3445 1494 3787 1551 dominaba-

2192 1609 2283 1654 tur
2330 1598 2607 1667 impietas.
2632 1595 2709 1648 Ex
2731 1594 2837 1648 hac
2870 1607 3003 1647 vero
3020 1590 3185 1646 nobis
3206 1587 3492 1659 proposita
3535 1584 3631 1639 Dei
3653 1597 3786 1637 cum

2192 1691 2404 1747 Adamo
2455 1688 2847 1751 collocatione,
2891 1699 2996 1738 nos
3039 1682 3307 1737 docemur
3363 1677 3541 1732 multo
3602 1674 3784 1744 magis

2194 1785 2561 1856 spiritualiter
2579 1781 2774 1838 audire
2802 1788 2859 1835 et
2896 1775 3207 1846 intelligere
3260 1786 3387 1842 qua:
3417 1769 3685 1823 dicuntur
3710 1765 3782 1820 de

496 1870 669 1927 Adam
702 1869 889 1925 omnia
909 1884 1034 1939 qua:
1059 1875 1190 1923 sunt
1220 1867 1274 1921 in
1305 1882 1466 1938 poena
1510 1866 1819 1937 proposita,
1851 1880 1978 1920 cum
2017 1865 2091 1920 sit

2205 1875 2447 1946 paradiso
2472 1881 2528 1929 et
2554 1871 2722 1943 lignis
2780 1879 2836 1924 et
2863 1869 3052 1923 fructu
3101 1880 3267 1936 quem
3307 1860 3551 1917 comedit
3580 1857 3786 1914 mulier

498 1965 618 2035 ipse
641 1964 761 2025 sine
784 1972 1012 2033 peccato
1052 1963 1108 2017 in
1134 1969 1323 2033 typum
1351 1959 1581 2015 Christi.
1605 1959 1725 2015 Jam
1773 1958 2090 2022 videamus,

498 2058 545 2113 si
593 2056 849 2112 videatur
867 2096 880 2119 ,
906 2053 1377 2126 quemadmodum
1399 2054 1566 2108 etiam
1609 2053 1725 2122 ipsa
1747 2052 1895 2106 nuda
1927 2051 2094 2107 verba

498 2166 678 2221 poena:
707 2167 831 2220 quae
856 2149 1142 2215 dicuntur,
1168 2148 1379 2203 nullam
1405 2148 1648 2203 habeant
1681 2146 1779 2201 Dei
1817 2147 1962 2216 apud
1995 2145 2096 2200 b0-

501 2243 681 2298 mines
710 2241 1150 2303 exsecrationem
1180 2255 1278 2294 seu
1307 2237 1777 2293 malcdictionem.
1802 2236 1923 2291 Non
1946 2235 2094 2291 enim

499 2334 641 2389 dixit
676 2332 727 2387 ei
771 2331 917 2387 sicut
976 2327 1220 2399 serpenti
1254 2337 1313 2383 et
1351 2325 1524 2382 Caino
1573 2323 1933 2381 :Maledictus
1998 2329 2097 2389 tu;

499 2424 597 2482 sed
617 2422 903 2479 Maledicta
929 2429 1075 2475 terra
1103 2421 1161 2474 in
1182 2417 1424 2490 operibus
1451 2417 1576 2470 tuis.
1627 2415 1694 2471 In
1715 2415 1981 2486 operibus,
2005 2415 2095 2469 in-

500 2518 642 2588 quit.
705 2517 831 2581 tuis,
865 2530 989 2585 quae
1021 2527 1083 2567 es
1137 2516 1569 2579 compacturus:
1602 2515 1809 2561 terram
1848 2506 2093 2561 adorans

499 2621 558 2668 et
586 2610 802 2680 lapides
821 2617 876 2663 et
897 2613 1107 2662 statuas
1136 2612 1193 2659 et
1220 2604 1342 2673 ejus
1396 2616 1570 2672 aquas
1625 2608 1682 2654 et
1709 2599 1891 2670 ignem
1951 2598 2096 2669 ejus,

502 2713 562 2759 tu
606 2718 729 2759 eam
766 2690 963 2756 facies
997 2695 1371 2752 maledictam.
1433 2691 1501 2747 In
1548 2689 1816 2746 doloribus
1862 2689 2100 2744 comedes

504 2814 646 2861 eam,
683 2810 770 2850 me
824 2792 1123 2847 inducente
1154 2787 1467 2866 siccitatem
1523 2792 1582 2841 et
1627 2782 2002 2847 sterilitatem,
2045 2790 2104 2836 et

504 2905 651 2959 serpe
682 2888 881 2943 famem
903 2883 970 2939 ad
1004 2891 1153 2941 tuam
1175 2880 1600 2950 castigationem
1633 2884 1689 2937 et
1720 2874 2100 2941 alliictionem,

504 2980 783 3053 quomodo
815 2977 983 3033 etiam
1039 2974 1153 3030 dixi
1181 2972 1405 3029 mulieri
1437 2989 1451 3025 :
1497 2967 1866 3041 Multiplicabo
1892 2967 2102 3023 dolores

506 3084 625 3133 tuos
654 3079 708 3125 et
736 3071 963 3142 gemitus
995 3076 1111 3122 tuos
1146 3083 1163 3121 :
1192 3065 1375 3137 spinas
1406 3072 1454 3118 et
1477 3062 1704 3119 tribulos
1730 3061 1983 3133 producet
2008 3059 2102 3114 tibi

507 3177 677 3231 terra,
719 3166 768 3219 ét
802 3162 1042 3219 comedet:
1098 3159 1318 3215 herbam
1350 3159 1489 3229 agri,
1523 3164 1718 3227 utpote
1746 3154 1896 3226 quod
1954 3161 2101 3209 terra

506 3260 581 3317 sit
611 3257 820 3315 inculta
853 3265 912 3311 et
946 3255 1166 3311 deserta
1194 3248 1424 3325 propter
1449 3249 1762 3307 siccitatem
1801 3256 1858 3304 et
1891 3246 2104 3303 sterili-

509 3359 700 3408 tatem.
730 3349 797 3405 In
815 3348 1009 3404 sudore
1034 3355 1085 3401 et
1120 3344 1302 3401 labore
1327 3342 1504 3399 uultus
1536 3343 1612 3397 tui
1642 3340 1876 3396 romedes
1915 3353 2104 3394 rarum

508 3452 566 3501 et
591 3443 851 3514 exiguum
880 3456 1073 3512 panem
1102 3445 1280 3503 tuum,
1310 3437 1473 3491 donec
1508 3418 1793 3489 reuertaris
1815 3435 1871 3487 in
1906 3441 2107 3487 terram

511 3554 577 3594 ea:
599 3554 705 3611 qua
735 3544 976 3606 sumptus
1005 3549 1061 3588 es
1080 3575 1096 3600 ,
1138 3516 1395 3604 quoniam
1442 3536 1591 3583 terra
1637 3543 1690 3581 es
1722 3533 1772 3580 et
1816 3526 1872 3579 in
1903 3532 2107 3579 terram

510 3629 811 3689 reverteris.
860 3625 990 3687 Haec
1026 3624 1253 3696 quidem
1319 3630 1405 3680 est
1456 3619 1858 3685 convenienter
1905 3616 2109 3671 litterae

509 3720 914 3794 contemplatio
934 3733 1131 3776 eorum
1160 3732 1284 3788 qua:
1309 3722 1444 3771 sunt
1468 3712 1777 3784 proposita.
1800 3710 1937 3766 Nam
1964 3710 2110 3771 sicut

511 3818 709 3874 dieunt
729 3810 1166 3884 historiographi
1192 3807 1490 3865 mundanae
1511 3805 1709 3876 prisca:
1729 3803 2068 3859 narrationis
2091 3817 2105 3857 :

511 3912 770 3975 dolores,
798 3908 1015 3981 fames.
1050 3905 1352 3968 siccitates,
1388 3900 1637 3973 penuriae
1670 3906 1727 3953 et
1760 3897 2107 3959 sterilitates,

511 4002 929 4076 persuadebant
976 3999 1087 4056 illis
1134 3997 1380 4068 antiquis
1418 4004 1480 4050 ut
1535 3998 1962 4049 exsecrarentur
1994 3994 2110 4042 ter-

510 4113 655 4153 ram.
700 4095 862 4157 Unde
915 4092 1085 4148 etiam
1125 4091 1269 4145 fame
1319 4095 1638 4159 pereuntes,
1682 4083 1948 4139 dicebant
1989 4094 2111 4136 esse

513 4201 725 4246 terram
749 4203 784 4243 a
810 4187 925 4241 Deo
971 4182 1324 4239 maledictam
1364 4177 1691 4250 :quomodo
1718 4176 1886 4233 etiam
1934 4173 2112 4229 bene-

514 4283 746 4345 dictam,
775 4295 901 4336 cum
930 4276 1183 4334 cernitur
1218 4272 1443 4337 fertilis,
1472 4286 1595 4326 eam
1625 4269 1881 4329 nominat
1931 4264 2115 4325 hami-.-

515 4390 652 4430 num
680 4368 1049 4431 consuetudo.
1078 4366 1187 4422 Sed
1211 4379 1395 4435 neque
1419 4360 1653 4418 sationis
1675 4367 1797 4424 erat
1830 4356 1977 4427 apud
2011 4370 2112 4410 eos

516 4470 705 4541 aliqua
733 4464 1100 4538 experientia.
1141 4462 1346 4517 Dicunt
1386 4458 1537 4515 enim
1591 4471 1792 4512 rursus
1829 4451 2109 4512 historici.

515 4561 668 4634 quod
703 4561 921 4631 primus
976 4557 1259 4618 Abraham
1295 4550 1563 4609 frumenti
1598 4564 1788 4606 semen
1844 4561 1945 4618 per
1988 4559 2115 4600 ara-
2146 4558 2190 4613 υ

519 4667 667 4710 trutn
698 4651 993 4708 seminavit
1024 4650 1081 4704 in
1104 4657 1254 4703 terra
1288 4665 1302 4700 :
1339 4643 1519 4705 nobis.
1549 4649 1611 4697 ut
1640 4640 1865 4711 opinor,
1884 4634 2113 4710 signiﬁ-

518 4762 651 4804 cans
682 4740 995 4818 patriarcha
1026 4755 1128 4811 per
1163 4735 1500 4806 exemplum,
1530 4730 1688 4803 quod,
1715 4745 1785 4786 ex
1834 4730 1958 4801 ejus
2027 4741 2118 4783 se—

520 4843 670 4899 mine
700 4836 983 4894 videbitur
1012 4830 1258 4890 caalestis
1289 4829 1453 4901 panis
1477 4825 1735 4887 Christus
1758 4822 1815 4878 in
1845 4830 1996 4889 terra
2042 4818 2114 4878 ad

518 4951 680 4992 esum
702 4941 761 4988 et
775 4931 1016 4987 salutem
1037 4925 1347 4985 hominum,
1368 4918 1592 4991 quando
1610 4928 1756 4973 terra
1780 4910 2116 4971 Abrahami-e

519 5043 599 5084 cae
627 5025 818 5082 Mariae
841 5021 1092 5092 Deiparae
1109 5016 1353 5088 pluviam
1380 5011 1624 5081 excipiet
1662 5009 1970 5067 caelestem.
2002 5005 2117 5061 Te-,

523 5127 711 5175 statur.
736 5125 924 5172 autem
946 5111 1186 5169 Lamech
1206 5121 1431 5180 quoque
1470 5112 1627 5176 pater
1655 5102 1795 5167 Noe,
1835 5099 1985 5171 quod
2007 5112 2119 5161 non

524 5211 812 5269 hominem
849 5208 1004 5267 Deus,
1031 5214 1117 5263 est
1140 5206 1483 5263 exsecratus,
1511 5195 1609 5259 sed
1638 5194 1862 5257 famem,
1896 5202 1959 5249 ut
1982 5191 2120 5254 dixi,

527 5310 588 5356 et
620 5299 974 5369 corporalem
1008 5294 1368 5352 aﬂlictionem
1406 5296 1539 5351 tunc
1568 5285 1759 5341 intulit
1809 5283 1922 5349 illis
1950 5296 2124 5354 gene-

530 5389 869 5445 rationibus.
898 5387 1034 5444 Nam
1071 5400 1199 5441 cum
1231 5384 1350 5454 ipse
1374 5385 1696 5453 generasset
1722 5375 1920 5441 ﬁlium,
1947 5373 2083 5427 dicit
2109 5389 2122 5424 :

531 5482 839 5541 Nominaeit
856 5496 1045 5535 nomen
1075 5479 1191 5550 ejus
1213 5476 1346 5541 Noe,
1377 5474 1514 5546 quod
1539 5475 1924 5542 interpretatur
1948 5463 2127 5532 Quies,

536 5577 715 5635 dicens
753 5592 772 5630 :
796 5571 975 5629 Faciet
1008 5589 1102 5627 nos
1145 5571 1411 5641 quiescere
1448 5565 1513 5621 ab
1548 5563 1795 5636 operibus
1828 5560 2046 5625 nostris,
2078 5564 2128 5610 et

2191 1975 2250 2023 et
2279 1968 2466 2022 homo.
2502 1965 2637 2020 Nam
2665 1978 2792 2018 cum
2823 1961 2940 2016 illic
2958 1957 3193 2014 dixisset
3228 1956 3376 2010 Deus
3408 1950 3565 2017 :Quo
3604 1958 3788 2006 autem

2195 2062 2278 2116 die
2306 2077 2369 2115 ea:
2397 2076 2456 2113 eo
2483 2058 2742 2122 comedes,
2766 2063 2934 2110 morte
2959 2052 3201 2108 morieris
3233 2046 3555 2120 :quomodo
3576 2045 3687 2100 hoc
3724 2043 3788 2098 in

2193 2154 2374 2226 pmuis
2401 2166 2511 2207 non
2547 2151 2725 2206 solum
2762 2150 2848 2205 eis
2896 2146 3144 2209 sustulit,
3197 2143 3296 2199 sed
3340 2142 3426 2197 eis
3473 2139 3567 2195 dat
3614 2136 3787 2191 vitam

2197 2248 2498 2305 multorum
2525 2258 2825 2307 annorum,
2851 2238 3077 2297 mulieri
3107 2236 3334 2308 quidem
3355 2234 3550 2290 dicens
3579 2245 3696 2286 eam
3726 2228 3792 2283 in

2197 2339 2485 2396 doloribus
2510 2337 2655 2392 filios
2676 2335 3010 2407 parituram,
3042 2330 3254 2386 Adamo
3291 2337 3502 2391 autem,
3540 2322 3601 2397 lu
3634 2319 3793 2375 dola-

2198 2433 2341 2488 ribus
2373 2431 2607 2486 comedes
2640 2437 2844 2483 terram
2893 2424 3131 2481 omnibus
3159 2422 3340 2477 diebus
3364 2422 3487 2475 vitta
3527 2426 3646 2470 tute.
3674 2413 3794 2479 Qui

2199 2535 2385 2581 autem
2406 2539 2519 2580 non
2557 2521 2981 2583 convenienter,
3035 2516 3199 2572 nobis
3238 2512 3533 2573 ineﬂ’abili,
3570 2510 3792 2564 cuidam

2201 2618 2299 2675 Dei
2316 2613 2718 2687 dispensationi
2738 2610 3056 2682 intelligunt
3071 2605 3442 2678 spiritualiter
3467 2600 3657 2656 omnia
3671 2613 3796 2668 quae

2202 2713 2467 2768 dicuntur
2515 2709 2585 2764 de
2639 2704 2900 2778 paradiso
2944 2707 3271 2774 :coguntur
3327 2695 3558 2752 omnino
3612 2691 3796 2745 facere

2202 2810 2514 2873 serpentem
2542 2807 2829 2855 auctorem
2852 2804 2911 2851 et
2939 2793 3361 2850 conciliatorem
3386 2794 3444 2843 et
3469 2784 3791 2841 eﬂectorem

2203 2896 2482 2950 universae
2521 2900 2726 2946 nostra;
2752 2887 3042 2944 hominum
3072 2879 3470 2955 generationis,
3504 2884 3564 2931 et
3603 2871 3784 2928 mundi

2202 2983 2643 3047 constitutionis,
2677 2997 2777 3052 per
2800 2980 2991 3035 datum
3048 2974 3270 3031 mulieri
3324 2969 3655 3027 consilium.
3694 2965 3793 3020 Sed

2204 3079 2317 3135 non
2340 3078 2416 3133 ita
2439 3076 2603 3131 docet
2629 3073 2838 3129 chorus
2869 3078 3190 3125 sanctorum
3218 3066 3447 3121 Patrum
3483 3079 3496 3115 :
3530 3060 3628 3116 sed
3653 3056 3798 3128 quod

2207 3172 2377 3229 etiam
2408 3170 2619 3238 absque
2668 3172 2932 3235 serpente
2956 3170 3013 3218 et
3041 3162 3194 3232 ligno
3219 3165 3276 3214 et
3301 3156 3455 3220 cibo,
3487 3169 3558 3209 ex
3588 3153 3686 3206 ilia
3717 3149 3801 3204 di-

2206 3264 2335 3319 vina
2364 3276 2504 3317 voce
2529 3274 2654 3330 quae
2702 3257 2852 3312 dicta
2877 3261 2966 3309 est
3011 3248 3372 3323 protoplastis
3405 3263 3419 3300 :
3456 3243 3715 3307 Crescite,
3755 3245 3805 3292 et

2208 3350 2664 3423 multiplicamini,
2697 3355 2747 3402 et
2795 3343 2994 3417 replete
3024 3351 3262 3405 terram;
3294 3338 3549 3393 futurum
3584 3340 3713 3389 erat
3744 3337 3806 3384 ut
3846 3356 3849 3359 ι

2209 3448 2544 3506 consisteret
2568 3457 2744 3516 genus
2777 3441 3085 3495 humanum
3111 3449 3214 3505 per
3257 3430 3542 3511 carnalem
3573 3438 3808 3497 genera-

2209 3539 2420 3595 tionem
2449 3533 2797 3591 dissimiliter
2821 3544 2986 3600 quam
3024 3522 3198 3581 creati
3225 3528 3390 3577 erant
3431 3508 3635 3586 angeli.
3670 3513 3806 3568 Pro-

2214 3632 2305 3688 cul
2339 3629 2487 3686 enim
2523 3643 2552 3681 a
2584 3624 2749 3680 nobis
2774 3620 3002 3682 recedat
3028 3616 3319 3686 Origenes,
3375 3618 3431 3665 et
3466 3613 3661 3680 mystae
3683 3603 3811 3660 Ori-

2211 3721 2388 3795 gcnis,
2418 3718 2633 3775 animas
2681 3720 2907 3770 nostras
2931 3709 3092 3780 prius
3124 3719 3251 3760 esse
3292 3700 3510 3756 visione
3555 3695 3810 3751 fabulose

2213 3810 2725 3887 apprehendentes.
2754 3805 2892 3860 Nam
2924 3815 3051 3858 cum
3093 3798 3186 3853 ille
3217 3804 3382 3850 natus
3409 3797 3585 3852 esset,
3611 3796 3672 3843 et
3709 3802 3812 3841 ex-

2213 3880 2466 3969 stilisset,
2495 3912 2552 3959 et
2572 3901 2641 3958 ad
2686 3897 3058 3957 identitatem,
3094 3898 3157 3946 ut
3187 3888 3264 3943 ita
3299 3885 3508 3946 dicam,
3563 3880 3812 3935 venisset

2215 4091 2322 4146 hoc
2366 4100 2585 4150 nactus,
2610 4061 2809 4153 dogma
2862 4071 3176 4135 constituit,
3213 4067 3489 4124 Adamum
3525 4071 3585 4118 et
3622 4061 3799 4117 Evam

2215 4182 2389 4238 fuisse
2419 4179 2572 4249 (ante
2609 4150 2849 4234 tunicas)
2880 4167 3061 4225 nudas
3114 4168 3332 4219 mentes
3397 4157 3457 4212 in
3484 4170 3629 4226 quas
3654 4150 3815 4207 nullo

2215 4270 2382 4333 modo
2407 4268 2634 4325 caderet
2656 4263 2941 4324 interitus,
2980 4268 3038 4314 et
3063 4271 3187 4328 quae
3222 4267 3336 4308 non
3368 4257 3560 4307 essent
3585 4258 3819 4315 capaces

2216 4363 2416 4419 mortis
2438 4341 2517 4415 et
2560 4358 2741 4415 ﬂuxus
2774 4364 2832 4409 et
2861 4350 2973 4407 cibi
3004 4358 3062 4405 et
3095 4353 3263 4418 potus
3293 4351 3351 4399 et
3385 4337 3592 4397 somni.
3643 4335 3819 4403 Cujus

2216 4451 2593 4525 prodigiosam
2628 4443 2903 4502 insaniam
2936 4447 3193 4496 evertens
3223 4430 3679 4505 sapientissimus
3701 4425 3815 4480 Me-

2220 4517 2467 4607 ihodius,
2504 4556 2616 4596 non
2646 4551 2813 4594 unam
2858 4543 2956 4590 aut
3013 4531 3266 4590 alteram,
3302 4524 3404 4581 sed
3436 4523 3611 4579 etiam
3664 4517 3819 4574 deci-

2221 4650 2368 4691 mam
2384 4631 2547 4688 nobis
2569 4628 2733 4684 aﬂ‘ert
2754 4623 3059 4693 Scriptum
3071 4616 3487 4690 probationem,
3504 4607 3816 4666 ostenden-

2224 4733 2335 4780 tem
2380 4719 2531 4792 quod
2587 4718 2734 4773 Deus
2786 4713 2854 4769 ab
2884 4710 3045 4766 initio
3104 4721 3234 4762 vere
3275 4704 3409 4760 fecit
3458 4699 3748 4779 hominem
3786 4711 3822 4750 a

2223 4825 2371 4871 terra
2399 4786 2655 4883 genitum
2684 4815 2740 4862 et
2769 4810 3112 4864 terrestrem,
3133 4788 3415 4867 quomodo
3450 4791 3620 4847 etiam
3649 4786 3819 4842 nobis

2223 4905 2474 4977 loquitur
2504 4918 2604 4972 per
2629 4915 2693 4955 os
2720 4896 2900 4960 Pauli,
2925 4894 3120 4949 dicens
3146 4907 3159 4943 :
3192 4889 3405 4945 Primus
3427 4883 3649 4941 Adame
3673 4890 3823 4934 terra

2227 4996 2525 5066 terrestris;
2553 4992 2791 5063 primum
2849 4987 3000 5044 enim
3045 4994 3132 5040 est
3174 4989 3441 5038 terrestre
3461 5018 3477 5045 ,
3504 4973 3707 5030 deinde
3729 4986 3833 5041 per

2226 5091 2511 5159 Christum
2543 5083 2868 5156 spirituale:
2898 5088 2960 5135 ut
2982 5082 3121 5135 sicut
3155 5075 3486 5149 portavimus
3530 5067 3831 5139 imaginem

2230 5184 2519 5247 terrestris,
2584 5188 2853 5251 portemus
2908 5175 3074 5229 etiam
3138 5169 3430 5241 imaginem
3485 5159 3711 5217 caelestis
3752 5157 3828 5208 ⁸³.

2230 5278 2369 5336 Nam
2421 5274 2467 5331 si
2502 5250 2604 5344 per
2661 5265 3122 5328 inobedientiam,
3151 5258 3358 5330 inquit,
3416 5255 3611 5325 lapsus
3657 5250 3833 5304 homo

2232 5369 2337 5425 fuit
2364 5339 2771 5431 transmutatus
2823 5368 2881 5414 et
2914 5358 2969 5412 in
3001 5353 3247 5412 essentia
3280 5349 3553 5404 alteratus
3609 5341 3694 5414 (ut
3728 5339 3835 5410 qui

2231 5460 2383 5521 aliud
2425 5459 2495 5515 ah
2544 5457 2656 5513 alio
2693 5468 2899 5525 corpus
2933 5448 3153 5507 exuerit
3208 5454 3266 5501 et
3294 5438 3593 5511 induerit),
3647 5437 3706 5490 in
3764 5448 3840 5487 eo

2230 5556 2337 5611 fuit
2365 5570 2396 5608 a
2427 5553 2540 5608 Deo
2562 5548 2796 5617 allectus
2826 5543 3029 5617 injuria
3064 5559 3080 5594 :
3107 5535 3407 5610 oportebat
3429 5533 3576 5588 enim
3612 5528 3836 5617 daemo-f

540 5615 632 5635 W“
655 5615 715 5629 ’π
753 5615 768 5630 ·
796 5615 818 5629 ⁸·
840 5615 974 5628 *ν’-’-
1009 5615 1101 5627 ’τνν
1145 5615 1406 5641 ’νγ-την*
1449 5615 1504 5621 ---
1553 5615 1658 5636 'r"
1683 5615 1714 5617 -τ
1740 5615 1782 5616 η
2033 5615 2044 5625 σ
2632 5615 2638 5617 ~
2887 5615 2898 5617 ν

540 5670 806 5737 latoribus
830 5682 1089 5721 manuum
1138 5672 1467 5727 nostrarum,
1503 5670 1552 5714 et
1579 5677 1613 5713 a
1648 5667 1794 5712 terra
1844 5669 2007 5723 quam
2037 5667 2131 5705 επ-
2238 5662 2335 5702 nes
2390 5658 2614 5716 quoque
2656 5640 2752 5724 qui
2796 5639 2962 5708 longe
3007 5635 3136 5707 plus
3171 5628 3541 5699 deliquerant,
3578 5622 3689 5676 hoc
3716 5615 3839 5688 pali

612 5851 656 5887 υ
695 5848 852 5915 ἐοῆιι.
890 5849 1056 5918 mili.
1134 5846 1178 5877 λθ
1216 5845 1320 5901 lsa.
1365 5842 1555 5907 “11,5,
1595 5840 1674 5897 lit.
1751 5837 1791 5869 ‘”
1821 5835 1957 5891 Gen.
1989 5830 2149 5899 v,_29.

2228 5828 2272 5858 δ’
2310 5826 2441 5881 Gen.
2465 5840 2580 5887 vui,
2606 5822 2762 5894 9|,"
2795 5819 2962 5876 lCor.
2990 5832 3077 5882 xv,
3106 5814 3194 5871 δί’ῖ.
