4064 6416
415 376 556 444 1045

1506 371 1589 433 ΙΝ
1630 365 2183 431 ΗΕΧΑΕΜΕΗΟΝ.
2220 389 2292 400 --
2319 364 2465 424 LIB.
2505 365 2612 424 Χῐ.

3563 363 3699 428 1046

407 497 544 544 ante
573 483 895 551 hominem;
929 492 988 539 et
1021 497 1089 538 ex
1113 491 1313 538 natura
1351 481 1647 536 inmortali
1671 487 2008 550 experthuc
2039 484 2078 538 Α
2115 483 2320 529 tatem:
2357 482 2454 528 aut
2481 473 2526 528 si
2566 487 2760 528 rursus
2781 473 3026 545 tetigerit
3061 474 3116 529 id
3143 477 3291 546 quod
3314 487 3398 532 est
3417 476 3696 541 deterius.

407 575 661 634 materiae
701 583 760 631 et
795 575 851 630 in
879 589 1046 646 quam
1078 589 1188 630 non
1226 573 1376 630 cadit
1405 573 1664 628 interitus
1692 589 1706 637 ;
1742 569 2006 624 inducere

406 684 652 741 corpora
672 667 935 722 mortalia
959 677 1018 723 et
1041 667 1188 722 ﬂuxa
1215 675 1275 722 et
1301 665 1357 720 in
1383 681 1507 736 quae
1539 665 1764 720 caderet
1811 661 2005 716 interi-

410 771 530 820 tus.
563 759 889 816 Secundum
917 775 1114 815 rursus
1153 757 1291 813 dicit
1319 757 1504 822 Pater,
1538 755 1686 827 quod
1713 753 2008 810 diversitas

411 855 608 926 figura
633 853 964 924 genitalium
1011 849 1390 906 membrorum
1417 847 1612 904 Adami
1654 857 1710 904 ct
1737 847 1884 912 Evaa,
1915 860 2005 900 os-

413 947 600 1002 tendit
633 945 784 1016 quod
815 960 880 1000 ea
926 944 1039 999 illis
1095 943 1240 997 facta
1269 941 1488 998 inerant
1542 941 1910 996 instrumenta
1937 937 2018 992 ad'

313 1055 345 1106 Ξ
409 1038 794 1111 procreaudos
817 1047 877 1093 et
926 1035 1282 1092 seminandus
1307 1034 1470 1090 ﬁlios.
1525 1033 1800 1097 Tertium,
1857 1030 2008 1102 quod

324 1128 338 1134 ’
407 1132 626 1188 dixerit
654 1131 942 1202 Scriptura
977 1129 1167 1185 statim
1203 1143 1331 1184 cum
1373 1129 1492 1199 ipsa
1531 1127 1814 1182 creatione
1854 1123 2010 1178 :Ma-

403 1224 620 1280 scutum
645 1234 696 1280 et
728 1223 983 1296 feminam
1014 1222 1134 1292 fecit
1157 1238 1260 1276 eos.
1287 1221 1350 1276 lu
1378 1229 1576 1276 natura
1600 1219 1842 1275 increata
1867 1227 1923 1274 et
1949 1217 2008 1273 in

407 1330 584 1386 quam
635 1327 748 1368 nou
783 1311 1012 1368 caderet
1062 1311 1346 1376 interitus,
1381 1310 1511 1381 quis
1557 1319 1679 1366 erat
1719 1325 1854 1364 usus
1886 1325 2008 1364 tua-

411 1407 561 1464 sculi
597 1415 655 1462 et
675 1405 940 1462 feminae?
979 1404 1274 1471 Quartum,
1319 1403 1472 1474 quod
1504 1419 1602 1475 per
1628 1401 1710 1459 eis
1737 1403 1942 1458 dictam
1975 1417 2010 1456 a

409 1501 530 1557 Deo
563 1497 1018 1554 benedictionem
1055 1513 1069 1549 :
1099 1495 1352 1562 Crescite,
1384 1505 1433 1548 et
1477 1494 1930 1566 multiplicamini,
1958 1503 2008 1547 et

411 1587 617 1658 replete
643 1594 865 1651 terram,
891 1583 1212 1641 ostenditur
1234 1599 1429 1640 eorum
1461 1584 1703 1640 ﬁliorum
1751 1600 2008 1656 procrea-

409 1677 495 1732 tio
523 1693 622 1748 per
645 1685 827 1732 satum
851 1683 910 1732 et
935 1675 1216 1730 carnalem
1256 1685 1501 1746 partum.
1531 1675 1824 1744 Quintum,
1857 1675 2006 1746 quod

407 1778 546 1825 ante
567 1769 786 1839 lapsum
816 1767 966 1823 Deus
985 1767 1266 1822 mandarit
1294 1777 1355 1822 ut
1381 1767 1518 1838 ipsis
1564 1776 1620 1823 et
1642 1769 1915 1840 jumentis
1951 1775 2008 1822 et

2107 566 2269 637 921
2324 566 2627 637 perfectam
2659 565 2858 621 subeat
2887 577 3160 635 mortem;
3191 568 3340 638 (piod
3389 570 3558 624 etiam
3616 572 3700 624 fa-

2109 670 2266 714 ctum
2283 667 2369 714 est
2396 659 2799 714 convenienter
2825 659 2946 714 voci
2981 675 3104 729 quae
3134 659 3183 713 ci
3209 659 3350 714 dixit
3375 677 3390 713 :
3417 660 3582 715 Terra
3621 677 3698 726 es,

2109 760 2160 805 et
2191 755 2248 807 in
2273 761 2474 806 terram
2498 754 2798 806 reverteris.

2180 843 2290 900 Sed
2313 843 2382 899 de
2402 843 2506 900 hac
2538 843 2728 899 divina
2757 844 3035 900 sententia
3083 843 3152 900 de
3183 851 3386 900 caetero
3420 843 3585 900 nobis
3605 860 3701 899 oc-

2107 937 2290 993 currit
2321 938 2377 992 iu
2406 937 2702 1008 praesentia
2749 936 3051 992 dicendum
3080 937 3348 993 adversus
3401 936 3704 992 Samarita-

2107 1043 2268 1086 num.
2305 1027 2457 1082 Hanc
2487 1027 2637 1082 enim
2665 1027 2830 1082 nobis
2851 1025 3096 1082 divinam
3119 1041 3312 1083 vocem
3337 1041 3547 1096 susque
3595 1027 3698 1082 do-

2109 1135 2218 1190 que
2243 1119 2440 1190 objicit
2453 1119 2521 1174 ad
2549 1119 2854 1190 negantiam
2887 1129 2948 1175 et
2975 1118 3305 1175 abolendam
3325 1127 3698 1175 mortuorum

2111 1213 2610 1278 resurrectionem,
2643 1228 2766 1284 qua:
2787 1211 2925 1268 dicit
2944 1211 3158 1266 Adamo
3187 1229 3199 1265 :
3234 1211 3399 1266 Terra
3439 1227 3512 1277 es,
3546 1218 3596 1265 et
3642 1213 3700 1266 in

2111 1317 2316 1362 terram
2343 1307 2639 1361 reverteris.
2673 1305 2958 1383 Adversus
2992 1320 3162 1376 quem
3184 1302 3272 1376 (ut
3312 1304 3480 1360 etiam
3516 1304 3699 1362 dicam

2111 1399 2480 1469 corporalius)
2521 1397 2656 1452 illud
2706 1405 2831 1451 ante
2893 1397 3000 1451 alia
3055 1404 3277 1466 oportet
3334 1396 3698 1462 contendere,

2110 1489 2260 1559 quod
2291 1504 2398 1544 non
2428 1498 2514 1542 est
2539 1489 2752 1560 integre
2776 1504 2842 1543 ex
2893 1499 3044 1544 terra
3079 1505 3093 1541 :
3121 1487 3218 1544 sed
3259 1487 3446 1559 aliqua
3472 1487 3699 1559 quidem

2112 1596 2240 1651 pars
2270 1597 2338 1636 ex
2367 1589 2538 1640 terra.
2563 1581 2748 1651 aliqua
2807 1589 2995 1636 autem
3021 1595 3136 1635 non
3165 1597 3235 1636 ex
3267 1591 3440 1649 terra,
3481 1581 3581 1637 sed
3631 1597 3703 1638 ex

2111 1674 2225 1728 Deo
2279 1689 2379 1742 per
2432 1673 2893 1728 insulllationem.
2958 1674 3197 1745 Pr0pter
3259 1675 3409 1746 quod
3461 1675 3700 1731 animam

2111 1781 2335 1836 quoque
2360 1765 2642 1822 viventem
2673 1765 2895 1822 vocavit
2923 1767 3082 1822 illum
3111 1768 3297 1835 Deus;
3329 1775 3385 1823 et
3407 1769 3703 1839 oportebat

405 1860 742 1915 volucribus
766 1860 1082 1915 communis
1113 1869 1261 1916 esset
1283 1875 1416 1917 esus
1443 1861 1740 1916 seminum.
1777 1861 2003 1916 Sextum
2039 1840 2080 1894 Β
2115 1857 2286 1930 (sicut
2339 1859 2506 1913 etiam
2544 1857 2683 1914 dicit
2735 1858 2966 1929 quidam
3023 1876 3091 1915 ex
3149 1859 3418 1933 externis)
3459 1861 3612 1932 quod
3632 1877 3700 1918 ex

407 1967 614 2007 rursus
657 1951 796 2007 dicit
839 1951 1105 2022 magister
1135 1969 1152 2006 :
1194 1951 1255 2008 Si
1297 1969 1452 2007 omne
1479 1953 1618 2024 quod
1646 1954 1814 2008 intrat
1843 1955 1898 2008 in
1926 1971 2004 2021 os,

405 2044 555 2098 audit
574 2045 637 2098 in
663 2059 929 2099 secessum
957 2044 1102 2109 ⁸⁸⁸⁸⁵,
1131 2054 1193 2099 ιιι
1214 2053 1301 2099 est
1331 2061 1436 2099 vox
1459 2045 1701 2111 Domini,
1729 2046 1847 2101 ﬁeri
1894 2064 2007 2102 non

407 2146 604 2208 posset
633 2143 696 2190 ut
725 2151 854 2192 cum
905 2135 1011 2206 ipsi
1044 2137 1417 2192 communiter
1454 2146 1644 2193 essent
1701 2138 2006 2210 participes

404 2244 543 2284 esus
565 2229 860 2292 seminum,
880 2228 977 2299 qui
997 2236 1083 2284 est
1106 2229 1367 2301 proprius
1389 2229 1676 2302 iumentis,
1701 2246 1811 2285 non
1840 2231 2005 2285 etiam

410 2335 608 2392 parem
633 2330 695 2376 et
721 2320 792 2376 ab
823 2319 1060 2376 interitu
1089 2337 1201 2377 non
1233 2323 1402 2378 alicui
1430 2321 1641 2377 ferrent
1705 2323 2005 2378 necessita-

409 2423 548 2469 tem.
588 2412 900 2484 Septimum
925 2413 1078 2484 quod
1111 2424 1168 2469 et
1189 2415 1368 2470 somni
1391 2431 1673 2481 excessus,
1708 2428 1764 2470 et
1793 2418 2006 2472 cxcisio

414 2515 610 2573 costa,
639 2518 768 2561 sunt
793 2505 1003 2562 indicia
1037 2513 1094 2561 et
1117 2516 1446 2578 argumenta
1483 2509 1672 2564 carnis
1697 2508 2006 2566 materialis

414 2606 480 2653 et
509 2611 544 2652 e
585 2605 728 2652 terra
769 2597 985 2668 genitae,
1039 2605 1102 2652 ut
1143 2614 1267 2668 quae
1293 2601 1479 2655 locum
1527 2617 1638 2656 non
1677 2602 1918 2658 habeant
1946 2602 2004 2656 in

413 2684 716 2740 immortali
755 2696 977 2742 natura.
1004 2685 1297 2754 Octavum,
1323 2690 1368 2744 si
1404 2705 1602 2761 expers
1640 2693 1889 2748 materia:
1948 2703 2006 2748 ct

409 2779 779 2848 incorporeus
820 2786 941 2834 erat
989 2778 1160 2834 homo
1199 2791 1330 2837 ante
1357 2781 1818 2849 inobedientiam,
1865 2801 2005 2854 quo-

403 2868 576 2924 modo
597 2867 736 2924 dicit
756 2869 828 2924 de
849 2877 1004 2924 costa
1034 2884 1104 2925 ex
1127 2886 1197 2926 eo
1229 2881 1452 2943 sumpta
1489 2892 1502 2928 :
1529 2873 1642 2929 Hoc
1666 2892 1808 2930 nunc
1849 2892 1905 2930 os
1939 2892 2005 2930 ea)

401 2958 610 3014 ossibus
673 2961 824 3025 meis,
879 2969 929 3014 et
957 2977 1084 3016 caro
1125 2978 1189 3016 ea:
1237 2979 1398 3019 carne
1453 2967 1612 3021 mea?
1641 2967 1897 3044 Nooun,
1953 2970 2000 3024 si

402 3045 651 3102 Christus
681 3047 892 3102 dicitur
917 3051 1169 3119 primitiae
1192 3049 1241 3084 ⁸⁸
1266 3061 1316 3106 et
1354 3055 1736 3132 primogenitae
1759 3075 1822 3112 ea:
1855 3076 1998 3114 mor-

2115 1957 2262 2003 terra
2300 1957 2406 2012 est,
2459 1949 2514 2003 in
2543 1959 2773 2014 terram,
2801 1949 2950 2020 quod
2979 1959 3168 2006 autem
3221 1967 3292 2007 ex
3319 1951 3434 2008 Deo
3479 1959 3585 2020 est,
3630 1953 3702 2008 ad

2110 2040 2283 2095 Deum
2319 2041 2525 2096 reverti
2571 2058 2584 2094 :
2621 2041 3076 2114 quandoquidem
3123 2058 3228 2098 nec
3277 2043 3393 2114 ipsa
3439 2049 3700 2104 universa

2108 2134 2360 2204 corporis
2401 2133 2645 2190 essentia
2680 2143 2768 2190 est
2797 2133 3012 2206 integre
3039 2153 3106 2192 ex
3134 2144 3304 2200 terra,
3323 2135 3420 2194 sed
3453 2153 3521 2194 ex
3550 2137 3700 2210 igne,

2107 2233 2166 2281 et
2193 2242 2262 2282 ex
2288 2243 2438 2292 aere,
2471 2237 2528 2282 et
2551 2243 2718 2299 aqua.
2751 2227 2846 2284 Sin
2872 2237 3061 2284 autem
3078 2229 3250 2285 homo
3275 2239 3363 2287 est
3385 2229 3600 2302 integre
3633 2245 3700 2285 ex

2111 2327 2276 2386 terra,
2301 2320 2442 2375 nihil
2469 2321 2656 2377 dill‘crt
2679 2337 2714 2395 a_
2743 2337 2872 2378 vase
2911 2321 3172 2388 fictili,.et
3202 2323 3316 2395 jam
3338 2332 3551 2395 posset
3577 2322 3704 2395 qui-

2085 2409 2246 2466 .libet
2275 2410 2474 2483 ﬁgulus
2507 2389 2716 2484 ﬁngere
2737 2412 3016 2468 homines.
3053 2413 3161 2470 Sed
3195 2389 3381 2485 neque
3405 2389 3700 2472 factus—cst

2106 2503 2253 2560 alius
2283 2505 2452 2560 homo
2482 2521 2553 2560 ex
2585 2513 2732 2560 terra
2755 2506 2866 2562 nisi
2891 2506 3047 2562 solus
3066 2507 3242 2562 Adam
3281 2524 3294 2560 :
3319 2515 3377 2562 et
3404 2507 3694 2578 oportebat

2107 2593 2164 2649 in
2192 2595 2373 2666 ipsum
2409 2595 2592 2651 solum
2621 2595 2769 2650 ferre
2790 2596 2990 2652 mortis
3009 2597 3369 2662 sententiam,
3405 2607 3462 2655 et
3499 2613 3612 2651 non
3643 2597 3697 2650 iu

2109 2686 2282 2741 ullum
2310 2687 2502 2756 alium.
2532 2688 2738 2744 Omnes
2762 2687 2912 2743 enim
2947 2704 3052 2745 nos
3082 2689 3342 2745 homines
3395 2704 3591 2748 sumus
3632 2706 3700 2746 ex

2105 2777 2450 2845 hominibus,
2497 2788 2556 2835 et
2591 2795 2704 2834 non
2751 2795 2822 2836 ex
2861 2790 3010 2836 terra
3045 2797 3059 2834 :
3107 2777 3170 2836 et
3198 2780 3439 2838 maxime
3471 2781 3582 2838 hoc
3630 2783 3700 2840 de

2105 2871 2338 2927 muliere
2365 2873 2476 2928 dici
2503 2889 2615 2928 non
2643 2872 2812 2928 habet
2840 2873 3048 2939 locum,
3067 2873 3334 2944 quoniam
3359 2873 3505 2960 facta
3526 2881 3612 2931 est
3631 2892 3702 2930 ex

2102 2965 2278 3020 latere
2303 2965 2432 3020 vitae
2452 2964 2518 3038 if.
2552 2964 2682 3038 viri]
2709 2983 2722 3018 :
2754 2975 2812 3022 et
2835 2975 3119 3038 oporteret
3143 2967 3198 3034 ei
3223 2966 3446 3024 dicere:
3471 2962 3700 3024 Costa'es

2103 3059 2350 3120 hominis,
2369 3068 2418 3113 at
2435 3061 2506 3114 ad
2530 3067 2734 3116 costam
2756 3061 3184 3131 reuerteris.,Sed
3211 3078 3394 3134 neque
3419 3064 3697 3130 volucres,

403 3138 514 3238 tuis
551 3139 598 3172 ⁸⁷
623 3147 710 3210 (ιιι
738 3142 836 3212 qui
873 3142 1089 3212 primus
1121 3143 1340 3200 scilicet
1367 3148 1724 3204 suscitaverit
1766 3153 2002 3208 sanetis-
2027 3181 2072 3242 α
2105 3150 2151 3206 si
2186 3161 2512 3222 spectentur
2534 3151 2704 3208 verba
2728 3152 3088 3219 Samaritani,
3110 3155 3376 3226 subjecta:
3393 3163 3525 3212 sunt
3545 3171 3700 3212 mor--

404 3227 612 3283 simum
641 3245 808 3284 suum
861 3245 1064 3300 corpus
1117 3233 1187 3288 ab
1249 3233 1481 3290 interitu
1533 3237 1777 3293 alicnqu
1807 3247 1864 3295 et
1894 3240 2000 3294 im-
2030 3227 2072 3242 ”’
2107 3243 2170 3308 ιί,
2207 3259 2388 3314 neque
2418 3245 2602 3316 pisces
2631 3263 2644 3300 :
2682 3261 2796 3302 non
2825 3246 2978 3302 enim
3000 3247 3117 3305 uati
3139 3255 3270 3303 sunt
3298 3263 3367 3304 ex
3403 3258 3572 3315 terra,
3600 3249 3700 3305 sed

405 3321 688 3392 mortale),
719 3324 1001 3392 quomodo
1043 3323 1165 3378 ﬁeri
1195 3334 1380 3396 potest
1416 3338 1496 3395 ut,
1526 3339 1824 3401 antequam
1855 3343 2004 3389 esset
2103 3349 2173 3390 ex
2201 3335 2382 3405 aquis.
2416 3320 2709 3405 Quomodo
2732 3343 2922 3393 autem
2965 3353 3092 3393 cum
3124 3337 3182 3394 in
3207 3349 3485 3410 praecepto
3521 3341 3700 3398 dixis-

401 3413 838 3486 primogcnitus,
869 3415 1053 3471 factus
1096 3417 1170 3472 sit
1195 3417 1366 3475 homo
1417 3437 1450 3476 a
1500 3423 1615 3478 Deo
1646 3423 1702 3478 in
1748 3425 2003 3480 iucorru-
2103 3439 2192 3484 set
2225 3429 2373 3485 Deus
2396 3429 2650 3485 homini:
2682 3429 2803 3497 Qua
2849 3432 3136 3488 autemdie
3183 3433 3516 3496 contederitis
3537 3449 3604 3489 ea:
3627 3433 3698 3490 Ii-

404 3506 602 3578 ptione
623 3507 809 3564 carnis
837 3517 895 3564 et
918 3509 976 3562 in
1004 3509 1462 3570 immortalitate?
1487 3515 1777 3571 Decimum
1809 3526 2000 3574 autem
2101 3539 2206 3594 gno
2229 3525 2576 3594 cognoscendi
2599 3523 2798 3579 bonum
2821 3533 2872 3579 et
2899 3525 3125 3591 malum,
3152 3534 3321 3580 morte
3354 3528 3698 3586 moriemini:

399 3600 476 3656 ad
516 3601 668 3672 ipsos
715 3601 1258 3660 demonstrationem
1290 3606 1423 3662 facit
1475 3607 1570 3664 ille
1602 3609 1786 3678 Pater,
1849 3610 2000 3666 illam
2103 3613 2196 3668 hic
2223 3613 2282 3669 in
2315 3613 2496 3686 pomis
2529 3614 2762 3670 omnino
2792 3631 2905 3671 non
2941 3617 3564 3688 nominavit‘mortem,
3595 3619 3696 3676 sed

401 3695 720 3751 Servatoris
769 3712 964 3754 vocem
1004 3698 1075 3754 ad
1133 3698 1470 3757 Sadduczeos
1509 3717 1634 3772 quae
1657 3703 1815 3767 dicit,
1849 3705 1998 3774 quod
2105 3705 2508 3773 reversionem,
2536 3707 2731 3764 dicens
2761 3725 2776 3762 :
2801 3707 2964 3764 Terra
2996 3727 3076 3775 es,
3119 3717 3168 3762 et
3198 3711 3250 3766 in
3273 3719 3480 3766 terram
3517 3727 3697 3768 reuer-

401 3783 503 3851 qui
531 3782 683 3854 digni
708 3785 883 3842 habiti
919 3789 1132 3846 fuerint
1164 3789 1302 3844 illud
1353 3792 1618 3846 sarculum
1647 3793 1894 3862 assequi,
1942 3801 2001 3848 et
2101 3801 2250 3855 teris.
2291 3801 2373 3856 Tu
2395 3801 2578 3856 solum
2614 3799 2831 3858 redibis
2851 3811 2910 3858 et
2942 3803 3246 3859 reverteris
3277 3803 3334 3858 in
3376 3813 3602 3871 terram,
3634 3813 3695 3862 tu

401 3871 556 3928 illam
616 3891 687 3930 ex
737 3881 978 3936 mortuis
1050 3881 1543 3946 resurremionem.
1582 3901 1750 3956 neque
1804 3903 2005 3944 uxores
2101 3894 2416 3960 solus,non
2439 3894 2610 3950 etiam
2642 3896 2868 3952 mulier.
2902 3894 3178 3964 Quoniam
3219 3912 3498 3968 ergonon
3550 3897 3694 3964 dixit

396 3967 625 4032 ducunt,
658 3985 753 4024 nec
799 3971 1093 4029 nubunt”.
1141 3973 1336 4044 Neque
1388 3972 1538 4029 enim
1571 3977 1812 4046 amplius
1855 3979 1996 4033 mori

395 4069 660 4130 possunt.
692 4061 751 4116 Si
779 4078 913 4135 ergo
939 4081 1051 4120 non
1079 4074 1316 4136 possunt
1347 4067 1492 4121 mori
1519 4082 1647 4122 cum
1680 4069 1792 4122 sint
1829 4070 1882 4125 in
1912 4071 1998 4126 in-

395 4155 784 4224 corruptione,
815 4156 861 4210 si
897 4157 1125 4228 quidem
1170 4158 1455 4216 fabulatur
1504 4159 1792 4230 Origenes,
1848 4163 1997 4234 quod

401 4249 752 4322 resurgimus
780 4253 918 4308 tales
939 4261 1143 4310 natura
1155 4253 1431 4325 corporis,
1454 4254 1636 4325 qualis
1661 4262 1790 4310 erat
1820 4255 1994 4310 Adam

394 4352 532 4398 ante
556 4345 1080 4416 transgressionem.

473 4433 583 4490 Sed
635 4435 992 4494 manifestum
1025 4445 1111 4494 est
1153 4438 1452 4510 Origenem
1487 4455 1691 4511 negare
1741 4457 1996 4498 resurre-

2100 3986 2294 4043 Deus:
2329 3986 2690 4052 Terracstis,
2721 3996 2776 4044 et
2810 3989 2865 4043 in
2919 3998 3068 4044 terra
3112 3989 3467 4046 revertemini
3494 4007 3693 4062 :.quo-

2101 4080 2268 4134 modo
2303 4080 2421 4136 illic
2451 4081 2828 4137 communiter
2865 4083 3129 4154 prieoepit
3159 4101 3172 4138 :
3204 4083 3380 4140 Nolite
3401 4087 3690 4151 comedere,

2101 4187 2167 4226 ne
2191 4173 2501 4226 moriemini
2529 4174 2555 4228 ?
2589 4173 2662 4229 Et
2696 4191 2894 4230 rursus
2933 4175 3076 4231 dixit
3124 4177 3538 4233 communiter:
3571 4178 3691 4234 51a-

2097 4263 2303 4320 sculum
2328 4273 2377 4319 et
2408 4264 2666 4335 feminam
2704 4267 2828 4338 fecit
2868 4284 2977 4334 eos,
3003 4280 3062 4324 et
3087 4270 3465 4326 communiter
3512 4271 3694 4326 domi-

2098 4355 2252 4411 nium
2279 4356 2530 4412 omnium
2574 4357 2732 4414 dedit
2761 4359 2867 4424 eis,
2902 4360 3278 4416 communiter
3319 4377 3504 4417 escam
3534 4363 3692 4433 prio-
3786 4405 3791 4410 .

2099 4463 2239 4513 rem,
2287 4456 2346 4502 et
2381 4449 2759 4506 communiter
2807 4451 2938 4507 vita:
2993 4450 3270 4523 degenda:
3305 4453 3578 4509 rationem
3633 4455 3689 4510 in

391 4524 642 4579 ctionem
673 4526 878 4594 carnis,
907 4537 965 4584 et
1003 4528 1132 4586 ideo
1152 4529 1334 4584 nudas
1362 4545 1428 4584 ac
1455 4531 1602 4586 solas
1627 4546 1749 4588 esse
1779 4533 1992 4590 animas
2028 4529 2071 4584 D
2094 4540 2359 4612 paradiso
2395 4559 2410 4596 ε
2451 4543 2829 4607 communium-
2881 4544 3253 4601 comedemnt
3298 4562 3370 4602 cx
3423 4546 3594 4618 ligno,
3633 4557 3691 4604 et

389 4630 502 4670 nos
525 4625 582 4672 et
609 4617 1156 4691 Adamum,.quando
1177 4623 1364 4678 factus
1387 4623 1516 4690 fuit,
1548 4624 1717 4695 impie
1768 4625 1992 4681 fabula-

393 4719 513 4774 tur,
547 4719 610 4765 ut
653 4727 779 4782 quas
839 4722 1032 4770 essent
1065 4724 1196 4771 ante
1231 4731 1455 4786 corpus.
1509 4719 1689 4786 Atque
1716 4718 1812 4788 qui
1851 4717 1992 4774 dicit

387 4800 640 4871 quidem,
665 4804 745 4859 ait
779 4804 898 4876 ipse
923 4806 1276 4874 Methodius,
1293 4809 1698 4880 protoplastum
1725 4809 1989 4867 habuisse

386 4909 599 4966 corpus
633 4897 850 4954 lirmius
877 4915 944 4956 ac
968 4900 1132 4974 longe
1159 4903 1384 4968 melius,
1415 4903 1562 4974 quod
1604 4905 1858 4962 ordinem
1891 4907 1989 4962 ha-

390 4988 566 5045 bebat
592 4990 986 5049 intermedium
1010 4995 1158 5050 inter
1185 4995 1474 5057 interitum
1513 5007 1572 5052 et
1617 4997 1990 5070 incorruptio-

384 5099 542 5150 nem,
578 5101 677 5141 seu
713 5089 1074 5144 remotiorem
1105 5088 1461 5156 abinteritu',
1491 5091 1794 5150 is.minime
1822 5095 1987 5150 aber-

385 5176 620 5230 raverit.
653 5175 829 5235 Nobis
870 5181 1022 5235 enim
1053 5180 1160 5236 hoc
1206 5181 1502 5252 conﬁrmat
1543 5185 1990 5255 sapientissimus

387 5264 678 5334 Salomon,
699 5269 897 5326 dicens
938 5262 1204 5344 :Perter
1229 5268 1682 5346 incorruptionem
1707 5278 1827 5348 fecit
1848 5277 1988 5335 Deus

382 5357 656 5416 [norninant
682 5359 730 5393 "
766 5380 780 5416 :
814 5363 922 5420 hoc
953 5376 1061 5432 est,
1086 5365 1483 5422 intermedium
1515 5368 1662 5424 inter
1700 5370 1988 5427 inﬂuxibi-

382 5449 604 5506 litatem
639 5462 696 5510 et
741 5454 978 5523 ﬂuxum,
1039 5467 1099 5514 ut
1143 5470 1240 5514 aut
1267 5460 1336 5530 (si
1384 5460 1438 5514 id
1475 5461 1623 5532 quod
1671 5470 1757 5518 est
1783 5465 1986 5522 melius

381 5541 644 5613 elegerit,
667 5555 728 5602 ut
755 5546 979 5604 videtur
1022 5547 1192 5605 etiam
1217 5549 1489 5622 Gregorio
1521 5551 1826 5624 Thcologo)
1856 5571 1984 5626 pro-

383 5635 552 5694 cedat
573 5637 644 5693 ad
674 5639 980 5710 perfectam
1035 5642 1510 5714 incorruptionem
1569 5647 1982 5708 etimmortaliv

2073 4635 2474 4698 ,communiter
2506 4637 2690 4691 visum
2715 4646 3053 4707 receperunt
3087 4653 3101 4692 :
3135 4639 3513 4696 communiter
3537 4639 3686 4697 fece-

2097 4732 2231 4779 runt
2287 4724 2652 4796 subligacula,
2697 4725 3074 4791 communiter
3131 4727 3436 4784 audierunt
3491 4744 3686 4786 vocem

2096 4817 2223 4874 Dei.
2251 4817 2672 4874 deambulantis
2721 4818 2874 4876 sicut
2905 4820 2974 4874 de
3022 4835 3092 4875 eo
3131 4821 3288 4892 prius
3331 4820 3596 4888 diximus,
3627 4834 3686 4878 et

2095 4911 2474 4966 communiter
2494 4910 2824 4977 timuerunt,
2845 4919 2904 4966 et
2929 4911 3097 4968 simul
3125 4911 3473 4969 delituerant
3494 4929 3686 4985 :opor-

2094 5002 2248 5058 tebat
2275 5003 2450 5058 etiam
2481 5018 2583 5060 eos
2609 5002 2706 5074 qui
2731 5003 2920 5059 omnia
2949 5005 3325 5061 communiter
3345 5003 3602 5062 fecerunt
3626 5016 3686 5064 et

2089 5095 2240 5166 passi
2274 5103 2430 5162 sunt,
2467 5110 2822 5152 communem
2853 5105 2912 5152 et
2939 5097 3193 5152 eamdem
3231 5113 3263 5153 a
3285 5098 3400 5154 Deo
3428 5098 3684 5171 accipere

2091 5189 2424 5260 sententiam
2445 5204 2572 5260 quae
2594 5187 2734 5244 dicit
2766 5188 2982 5246 homini
3011 5189 3178 5262 eique
3213 5190 3318 5248 soli
3349 5208 3364 5246 :
3412 5189 3578 5248 Terra
3605 5210 3678 5259 es,

2089 5292 2139 5338 et
2167 5283 2223 5338 in
2262 5293 2468 5358 terram
2491 5283 2788 5338 reverteris.
2815 5283 2919 5340 llic
2945 5283 3120 5350 enim,
3166 5284 3214 5340 si
3244 5284 3382 5341 mihi
3414 5300 3529 5342 non
3555 5301 3684 5344 suc-

2088 5383 2316 5429 censeat
2339 5372 2726 5432 Samaritanus
2754 5383 2813 5432 et
2843 5375 3094 5442 Judmus,
3120 5393 3233 5432 non
3261 5377 3511 5448 loquitur
3533 5377 3681 5434 Deus

2087 5465 2158 5520 de
2184 5481 2297 5522 una
2335 5466 2555 5533 eadem,
2586 5466 2686 5524 sed
2712 5466 2784 5524 de
2803 5467 3044 5525 duabus.
3065 5469 3186 5526 Non
3211 5469 3364 5526 enim
3393 5479 3526 5528 tunc
3538 5468 3680 5527 dixit

2087 5558 2341 5615 homini:
2371 5559 2458 5615 Ea:
2497 5568 2644 5616 terra
2677 5577 2755 5628 es,
2803 5569 2854 5616 et
2880 5563 2939 5617 in
2971 5569 3174 5618 terram
3205 5564 3526 5619 reverteris:
3553 5563 3675 5627 sed,

2087 5653 2250 5710 Terra
2271 5669 2348 5720 es,
2373 5661 2424 5708 et
2452 5655 2508 5708 in
2540 5665 2738 5710 terram
2771 5655 3073 5722 reverteris,
3103 5655 3268 5712 aliam
3292 5665 3350 5713 et
3375 5657 3536 5713 aliam
3567 5665 3688 5712 ter-

457 5826 577 5864 “'”
599 5829 790 5888 Matth.
817 5847 904 5896 xv,
940 5831 1026 5886 Π.
1103 5831 1148 5864 ⁸⁸
1177 5832 1196 5888 l
1229 5832 1356 5889 Cor.
1385 5849 1471 5901 xv,
1499 5834 1587 5888 ‘20.
1666 5837 1708 5867 ’⁷
1738 5835 1954 5896 (ἶυιυδς.

2110 5839 2161 5896 8.
2221 5841 2288 5874 “⁸⁸
2316 5839 2452 5896 Luc.
2485 5855 2576 5906 xx,
2605 5839 2692 5896 35.
2740 5840 2816 5917 ,⁸³
2845 5840 2975 5914 Sap.
3013 5856 3054 5910 ι,
3091 5842 3176 5900 Η.
