4064 6432
384 2810 387 2817 “
427 2827 647 2877 centem
684 2821 938 2890 serpenti
1003 2816 1397 2874 maledictione

412 385 475 458 1.0
489 395 544 458 Π

1612 391 1672 450 S.
1730 388 2133 449 ANASTASII
2186 387 2357 465 SINA
2370 386 2513 446 I'P/E

3564 376 3701 440 1058

409 526 526 565 ram
556 509 795 562 ilinilt‘iis
854 507 922 562 Et
951 507 1214 577 quoniam
1248 507 1473 566 videtur
1506 505 1695 560 multis
1728 503 1821 559 hic
1848 518 2003 557 ‘sen-
2034 508 2080 561 A
2177 503 2454 571 Quoniam
2497 514 2633 572 ergo
2679 498 2981 553 didicimus
3040 493 3514 568 quemadmodum
3576 506 3700 547 ser-

406 618 505 657 sus
555 600 731 655 durus
786 606 843 654 et
892 606 1120 654 coactus
1151 639 1165 665 ,
1214 598 1260 653 si
1302 599 1547 664 videtur,
1596 598 1703 652 hoc
1758 595 2009 667 probabo

405 693 702 763 exemplis.
753 693 1034 747 Ponamus
1087 691 1259 746 Deum
1314 692 1503 747 dicere
1570 690 1673 760 ipsi
1726 689 2009 744 elemento

408 795 571 841 terra:
609 804 623 840 :
658 786 783 841 Tibi
817 785 965 850 dico,
1000 801 1033 840 ο
1081 793 1256 850 terra,
1304 795 1456 840 terra
1498 800 1558 839 es
1592 792 1650 839 et
1684 783 1740 837 in
1801 790 2007 837 terram

409 877 748 943 reverteris;
803 880 992 931 annon
1024 875 1317 930 manifesta
1349 875 1662 939 est-oratio,
1693 874 1841 944 quod
1872 872 2012 927 dicit

410 970 480 1024 de
505 968 724 1023 duabus
757 967 965 1022 terris?
994 967 1065 1021 Et
1096 980 1292 1022 rursus
1318 967 1361 1021 si
1382 966 1533 1020 dicat
1574 981 1771 1035 aquae:
1804 964 1877 1020 Es
1896 950 2011 1019 ele-

412 1066 687 1127 mentum,
701 1061 836 1116 etad
849 1062 1185 1116 elementum
1202 1060 1521 1126 reverteris,
1544 1067 1630 1114 est
1646 1059 2007 1129 perspicuum

410 1155 562 1225 quod
596 1156 737 1211 dicit
758 1155 828 1210 de
849 1153 1071 1211 duobus
1101 1154 1413 1210 elementis.
1462 1153 1736 1208 Similiter
1765 1151 1933 1206 etiam
1961 1149 2008 1205 si

412 1248 620 1305 dixerit
647 1246 845 1319 angelo
871 1266 884 1301 :
915 1246 988 1301 Es
1015 1246 1256 1317 angelus,
1286 1255 1334 1300 et
1368 1247 1438 1301 ad
1476 1245 1733 1317 angelum
1777 1254 2006 1300 reverte-

413 1345 509 1408 ea,
534 1334 868 1413 signiﬁcavit
898 1338 1062 1396 nobis
1120 1336 1260 1395 duos
1287 1340 1552 1410 angelos:
1588 1339 1663 1393 ita
1696 1338 1865 1393 etiam
1911 1355 2011 1409 per

414 1433 572 1497 iliud,
608 1430 773 1489 Terra
800 1449 874 1497 es,
907 1441 957 1486 et
996 1434 1053 1489 in
1090 1439 1295 1489 terram
1327 1433 1629 1495 reverteris,
1669 1448 1899 1487 necesse
1924 1442 2012 1488 est

414 1527 794 1598 intelligamus
845 1525 1015 1581 aliam
1062 1532 1120 1580 et
1170 1526 1337 1579 aliam
1370 1533 1597 1590 terram,
1632 1535 1688 1580 et
1738 1524 1906 1578 alium
1955 1536 2012 1580 et

414 1622 585 1676 alium
632 1618 833 1684 Adam;
887 1626 946 1674 et
997 1617 1163 1673 aliam
1194 1627 1253 1673 et
1289 1619 1451 1673 aliam
1502 1616 1898 1683 reversionem,
1955 1627 2013 1672 et

414 1714 584 1770 alium
608 1723 663 1770 et
690 1714 859 1769 alium
891 1710 1157 1767 reditum.
1184 1710 1312 1767 Haec
1329 1711 1613 1766 disserens
1638 1711 2009 1775 Samaritano,

416 1816 471 1862 te
510 1801 729 1861 fidelem
754 1803 1072 1874 praemunii,
1105 1811 1170 1857 ut
1225 1802 1504 1873 intelligas
1536 1802 1691 1856 illum
1747 1802 2014 1872 spiritua-

2111 611 2251 668 pens
2282 594 2528 651 comedit
2555 602 2758 647 terram
2786 590 3052 645 omnibus
3076 587 3430 653 diebusjvitae
3460 599 3576 639 sua:
3599 600 3618 639 :
3648 591 3706 638 et

2111 704 2310 744 rursus
2335 686 2618 758 quomodo
2644 683 2899 740 Christus
2923 698 3046 738 eam
3079 679 3363 737 consumit
3407 686 3466 733 et
3500 691 3704 746 expur-

2110 793 2202 854 gat
2230 798 2361 838 cum
2396 782 2526 837 feno
2560 789 2618 835 et
2674 780 2851 849 spinis
2913 788 2971 834 et
2999 778 3224 832 tribulis
3252 775 3360 830 :de
3396 782 3602 829 caetero
3633 788 3706 828 ue

2112 879 2334 941 timeas,
2358 890 2540 945 neque
2561 875 2785 929 dubites
2828 873 3039 927 referre
3076 871 3143 925 ad
3174 871 3357 940 ipsum
3414 868 3709 939 cogitatio-

2110 988 2238 1028 nem
2281 970 2507 1026 tuamin
2527 969 2635 1024 hoc
2659 967 2805 1039 quod
2831 966 3040 1022 dicitur
3070 983 3084 1019 :
3121 963 3413 1019 Maledicta
3457 970 3600 1015 terra
3650 961 3709 1013 in

2111 1066 2353 1139 operibus
2387 1065 2510 1118 tuis.
2541 1063 2649 1118 Et:
2675 1061 2739 1115 In
2763 1059 3031 1115 doloribus
3061 1055 3294 1112 comedes
3329 1070 3470 1117 eam,
3489 1056 3713 1121 et‘pur-

2111 1159 2268 1229 gabis
2295 1167 2562 1227 tanquam
2593 1154 2865 1211 Dominus
2903 1161 3108 1207 terram
3150 1147 3347 1218 populi
3387 1146 3491 1200 tui.
3530 1143 3711 1199 Audi-

2110 1252 2294 1306 vimus
2321 1252 2473 1306 enim
2504 1248 2803 1320 quamdam
2828 1246 2999 1301 etiam
3025 1244 3081 1297 in
3110 1242 3234 1311 ipso
3273 1247 3471 1295 sancto
3488 1236 3712 1307 Spiritu

2114 1344 2397 1399 tristitiam
2431 1351 2661 1413 propter
2714 1346 3007 1410 peccatum
3073 1333 3340 1395 hominis,
3374 1339 3437 1384 ut
3489 1329 3716 1400 quando

2112 1438 2252 1492 dicit
2270 1435 2477 1489 Paulus
2507 1450 2520 1485 :
2546 1432 2625 1487 Ne
2652 1420 2875 1484 tristitia
2904 1427 3142 1498 aﬁiciatis
3162 1423 3424 1495 Spiritum
3445 1429 3714 1482 sanctum,

2113 1531 2167 1583 in
2207 1544 2309 1599 quo
2328 1525 2525 1598 signati
2562 1525 2687 1577 estis
2712 1524 2769 1575 in
2793 1521 2932 1575 diem
2948 1516 3327 1588 redemptionis
3342 1514 3415 1567 ⁸⁸.
3440 1511 3584 1567 illud
3617 1526 3721 1565 au-

2116 1631 2226 1677 tem
2254 1638 2266 1673 :
2301 1617 2499 1689 Spinas
2537 1613 2848 1670 et'tribulos
2887 1608 3141 1683 producet
3173 1609 3285 1670 tibi,
3313 1606 3568 1677 apposite
3626 1604 3722 1658 in-

2116 1713 2402 1768 tellexeris
2428 1711 2498 1765 de
2522 1708 2746 1765 Christo
2773 1717 2830 1762 et
2848 1705 3131 1777 Synagoga
3162 1700 3355 1756 israel.
3374 1698 3535 1754 Unde
3548 1697 3720 1752 etiam

2117 1804 2212 1858 tali
2236 1812 2398 1857 terra:
2429 1810 2562 1855 tunc
2590 1798 2833 1861 dicebat,
2870 1794 3095 1866 quando
3149 1793 3200 1847 ei
3249 1791 3524 1861 imposuit
3552 1803 3720 1843 coro-

415 1900 523 1954 iem
547 1896 819 1952 Adamum
851 1895 947 1965 qui
982 1893 1123 1949 dixit
1150 1912 1164 1948 :
1192 1892 1311 1973 .Ego
1352 1909 1416 1947 ex
1450 1892 1614 1948 Patre
1647 1869 1801 1957 exivi,
1857 1900 1905 1945 et
1936 1907 2017 1945 νε·
2048 1869 2086 1923 Β
2117 1911 2244 1951 nam
2269 1910 2336 1950 ex
2364 1893 2541 1964 spinis
2573 1910 2587 1945 :
2620 1889 2941 1961 Exspectavi
2972 1888 3184 1940 vineam
3215 1896 3392 1938 meam
3422 1889 3484 1936 ut
3523 1881 3723 1953 faceret

416 1999 592 2044 vertor
620 1989 692 2043 ad
714 1986 934 2043 Patrem
959 1998 1135 2041 meum
1155 1987 1296 2039 "'9‘.
1329 1985 1552 2053 Qumret
1576 1993 1762 2039 autem
1788 1984 2015 2038 omnino

419 2081 730 2167 api‘ritualis
755 2087 813 2134 et
841 2077 1131 2135 studiosus
1162 2077 1388 2132 auditor
1419 2095 1432 2130 :
1480 2076 1538 2131 Si
1569 2075 1758 2131 omnia
1785 2082 1917 2130 sunt
1946 2074 2016 2129 de

417 2173 642 2230 Christo
666 2173 822 2246 prius
856 2170 1137 2242 descripta
1157 2182 1210 2225 et
1248 2171 1485 2242 ﬁgurata
1522 2170 1581 2224 in
1612 2170 1754 2241 iege,
1792 2180 1851 2224 ut
1878 2168 2019 2224 dicit

418 2262 741 2338 Apostolus,
763 2264 1047 2336 quomodo
1074 2263 1243 2319 etiam
1273 2278 1436 2334 poena
1464 2257 1706 2317 Adamo'
1732 2263 2018 2334 proposita

420 2368 607 2432 potest
626 2359 695 2415 ad
723 2358 1008 2414 Christum
1041 2357 1241 2413 referri
1270 2356 1659 2427 spiritualiter,
1689 2356 1745 2411 in
1770 2356 1905 2428 ipsis
1926 2368 2022 2413 so-

420 2454 493 2509 lis
524 2460 583 2508 et
606 2451 775 2508 nudis
806 2450 1063 2515 vocibus,
1092 2458 1151 2505 et
1177 2449 1419 2505 maxime
1444 2446 1604 2515 illud,
1639 2446 1926 2504 Maledicta
1943 2456 2022 2503 est

423 2554 569 2600 terra
601 2546 658 2599 in
692 2543 939 2615 operibus
986 2541 1133 2596 tuis?
1165 2540 1457 2608 Qumnodo
1516 2540 1638 2596 ﬁeri
1672 2549 1856 2611 potest
1878 2546 1939 2596 ut
1964 2540 2021 2596 in

422 2635 650 2692 Christo
675 2634 906 2691 omnino
942 2633 1318 2704 intelligamus
1361 2630 1861 2691 .maledictionem?
1913 2628 2022 2687 Ta-

424 2743 556 2784 men
579 2728 843 2799 quoniam
872 2726 1039 2798 paulo
1079 2735 1208 2781 ante
1249 2724 1567 2780 audivimus
1611 2721 1897 2780 Christum
1934 2723 2024 2779 di-

1450 2834 1465 2871 :
1520 2817 1738 2875 Terram
1789 2799 2025 2883 comedes

428 2913 670 2968 omnibus
695 2888 877 2969 diebus
899 2913 1022 2967 vita
1050 2920 1175 2977 tate,
1208 2910 1316 2966 hoc
1338 2919 1445 2976 est,
1474 2888 1776 2979 terrestres
1804 2918 1863 2965 et
1911 2924 2027 2965 ma-

427 3006 657 3063 teriaies
687 3006 747 3062 et-
803 3005 1039 3061 limosos
1063 3018 1266 3060 sensus
1289 3004 1525 3075 peccati.
1574 3003 1767 3071 Cibus,
1822 3004 2024 3074 inquit,

431 3099 708 3168 serpentis
736 3097 843 3152 fuit
863 3096 1196 3153 maledictus
1221 3098 1277 3152 et
1304 3095 1716 3151 condemnatus
1744 3096 1802 3150 in
1832 3094 2028 3151 ineffa-

2118 2005 2301 2054 uvam,
2331 1987 2450 2057 fecit
2478 1996 2653 2039 autem
2678 1983 2861 2054 spinas
2894 1988 2942 2034 et
2969 1976 3192 2033 tribulos
3222 1976 3292 2030 ”.

2190 2082 2383 2136 Restat
2405 2087 2467 2133 ut
2500 2078 2795 2132 audiamus
2824 2073 2924 2129 Dei
2952 2071 3121 2127 verba
3148 2082 3272 2141 qum
3315 2067 3587 2136 deinceps
3632 2076 3724 2119 se-

2120 2182 2374 2246 quuntur
2409 2160 2478 2227 ad
2526 2166 2874 2239 corporalem
2918 2176 2976 2246 et
3005 2162 3357 2235 spiritualem
3425 2159 3720 2214 Adamum.

2122 2242 2423 2340 Subiungit
2446 2264 2597 2320 enim
2647 2263 2843 2317 dicens
2881 2277 2895 2313 :
2939 2242 3009 2313 Et
3041 2256 3281 2311 co‘medes
3312 2252 3534 2307 herbam
3583 2251 3720 2340 agri,

2120 2361 2178 2414 in
2213 2359 2407 2414 sudore
2439 2356 2617 2411 vultus
2660 2355 2737 2407 tui
2756 2340 3006 2406 Acomedes
3053 2354 3249 2419 panem
3282 2355 3455 2399 tuum.
3499 2328 3726 2409 Quaeris

2123 2453 2193 2527 (si
2223 2451 2391 2507 modo
2412 2450 2482 2505 iis
2498 2464 2622 2520 quae
2647 2447 2796 2501 dicta
2820 2451 2952 2499 sunt
2982 2441 3149 2496 ﬁdem
3174 2437 3407 2507 habeas)
3441 2429 3725 2506 quomodo

2125 2546 2331 2603 dixerit
2359 2545 2507 2600 Deus
2543 2540 2834 2596 hominem
2864 2535 3017 2591 vesci
3077 2533 3263 2587 tribus
3305 2529 3453 2585 cibis
3482 2546 3497 2582 :
3528 2536 3728 2595 nempe

2126 2638 2286 2710 prius
2314 2636 2544 2707 quidem
2577 2642 2759 2697 terra,
2811 2626 3060 2684 secundo
3095 2632 3280 2679 autem
3318 2618 3523 2683 herba,
3561 2617 3735 2671 tertio

2124 2707 2281 2796 vero,
2313 2743 2479 2800 pane,
2511 2725 2748 2798 proprio
2773 2722 2901 2778 cibo
2924 2719 3198 2775 hominis.
3252 2712 3376 2771 Non
3409 2710 3566 2767 enim
3596 2707 3733 2763 dicit

2127 2823 2180 2880 ei
2206 2841 2221 2878 :
2249 2799 2330 2878 In,
2345 2819 2614 2875 doloribus
2648 2815 2886 2871 comedes
2923 2822 3169 2874 terram;
3210 2821 3394 2877 neque
3452 2803 3526 2858 de
3556 2799 3731 2856 herba

2128 2916 2265 2973 dicit
2300 2932 2312 2968 :
2349 2913 2414 2968 Et
2455 2910 2717 2967 comedes
2745 2906 2981 2962 herbam
3032 2912 3206 2968 tuam,
3263 2898 3361 2955 sed
3402 2897 3516 2952 hoc
3550 2893 3728 2950 solum

2130 3009 2288 3081 ponit
2334 3005 2391 3061 in
2434 3017 2598 3075 pane,
2654 3000 2849 3057 dicens
2892 3015 2906 3052 :
2952 2994 3016 3053 In
3043 2994 3237 3050 sudore
3278 2989 3459 3045 vultus
3491 2984 3734 3041 comede:

2130 3074 2325 3170 panem
2353 3074 2501 3148 tuum
2534 3135 2546 3147 .
2583 3091 2715 3146 hinc
2743 3103 2847 3143 nos
2877 3087 3088 3143 docens
3118 3082 3269 3153 quod
3318 3089 3473 3135 terra
3503 3074 3734 3147 quidem

431 3189 643 3245 Bilibus
668 3188 879 3245 Christi
906 3189 1191 3259 operibus,
1224 3195 1287 3241 ut
1314 3192 1373 3242 et
1396 3202 1628 3259 serpens
1648 3196 1704 3242 et
1724 3189 1847 3257 ejus
1867 3188 2029 3242 cibus
2055 3214 2099 3277 ο
2131 3166 2368 3241 rationis
2401 3185 2683 3257 particeps
2731 3190 2818 3236 est
2845 3178 3073 3250 proprie
3106 3175 3267 3231 cibus
3298 3168 3604 3241 serpentis,
3639 3166 3733 3236 qui

431 3290 622 3343 essent
658 3278 962 3338 maledicti.
1003 3280 1293 3348 Quomodo
1330 3281 1480 3337 enim
1506 3280 1668 3336 cibus
1694 3274 1904 3336 Christi
1943 3288 2029 3336 est

428 3378 671 3451 iustitia,
723 3377 799 3431 ita
852 3375 1025 3432 etiam
1058 3375 1341 3444 serpentis
1384 3374 1545 3430 cibus
1591 3382 1677 3428 est
1708 3380 2027 3446 peccatum.

414 3462 552 3529 Nec
579 3468 803 3533 mireris
829 3478 959 3524 cum
982 3467 1149 3527 audis
1175 3476 1382 3522 terram
1406 3465 1688 3520 nominari
1736 3471 2032 3520 terrestres

435 3574 640 3622 sensus
676 3562 910 3633 peccati,
958 3560 1193 3617 audiens
1239 3559 1523 3615 Christum
1549 3574 1675 3614 eam
1703 3558 1875 3613 etiam
1926 3572 2032 3614 no-

437 3658 657 3714 minare
682 3656 950 3712 mundum
989 3653 1216 3725 quando
1258 3650 1396 3708 dicit
1436 3650 1727 3722 discipulis
1755 3668 1769 3705 :
1802 3635 1897 3706 Vos
1928 3666 2033 3705 non

439 3753 563 3807 estis
583 3762 649 3804 ea:
668 3748 867 3804 mundo
881 3748 949 3811 ",
969 3748 1113 3803 sicut
1134 3756 1236 3818 ego
1268 3754 1383 3801 non
1411 3760 1535 3800 sum
1562 3760 1631 3800 ex
1654 3743 1863 3799 mundo
1892 3761 1905 3798 :
1926 3739 2036 3798 huc

438 3855 548 3912 est,
568 3860 638 3899 ex
662 3843 935 3913 sapientia
963 3847 1187 3896 terrena
1216 3848 1273 3895 et
1299 3838 1603 3893 mundana.
1629 3838 1709 3893 De
1733 3852 1843 3907 qua
1864 3837 2035 3892 etiam

441 3942 642 3997 clamat
661 3938 869 4001 Paulus
896 3934 1189 4008 aliquibus,
1219 3952 1232 3987 :
1265 3932 1659 4003 Nolite‘sapere
1682 3940 1921 3997 terrena,
1943 3931 2037 3986 sed

442 4034 617 4105 sapite
643 4044 879 4102 superna
904 4028 974 4083 “.
1005 4028 1085 4089 ita
1118 4025 1286 4082 etiam
1336 4020 1617 4096 Propheta
1645 4040 1750 4080 nos
1786 4024 2037 4094 idipsum

443 4127 627 4186 docet.
660 4123 889 4179 dicens:
913 4120 977 4175 In
995 4118 1273 4174 matutinis
1302 4116 1686 4186 interﬁciebam
1721 4133 1901 4172 omnes
1926 4130 2041 4188 pec-

444 4229 655 4274 catores
683 4224 841 4277 terres
863 4214 911 4247 “
936 4231 950 4268 :
981 4214 1089 4267 hoc
1116 4222 1223 4273 est,
1249 4212 1600 4283 amputabam
1634 4226 1830 4267 omnes
1867 4211 2042 4266 malas

422 4305 1175 4379 'cogitationes‘irruptionis
1222 4303 1560 4374 peccati.’De
1607 4303 1813 4371 quibus
1847 4318 2042 4359 rursus

448 4402 715 4458 admonet
739 4412 838 4457 eos
867 4400 964 4470 qui
994 4399 1189 4454 vivunt
1217 4400 1273 4452 in
1309 4400 1576 4469 peccatis,
1620 4390 1812 4454 dicens
1848 4416 1861 4452 :
1893 4399 2042 4467 Deﬁ-

448 4497 597 4549 ciant
635 4499 937 4565 peccatores
959 4508 992 4544 a
1019 4498 1161 4545 terra
1193 4482 1261 4556 ⁸⁸,
1296 4489 1455 4559 quasi
1482 4489 1714 4554 diceret,
1738 4490 1818 4545 De
1840 4497 2043 4544 caetero

447 4679 623 4750 pellat
649 4674 877 4735 dicens:
915 4674 1182 4746 Exsurge,
1209 4673 1372 4734 Deus.
1385 4673 1572 4742 judico
1597 4664 1798 4726 terram
1814 4670 1902 4733 ἐς
1941 4672 2049 4725 hoc

447 4776 557 4839 est,
582 4769 907 4831 Condemna
933 4774 1203 4824 terrestre
1241 4772 1555 4837 peccatum,
1587 4764 1736 4835 quod
1775 4772 1861 4820 est
1888 4765 2050 4820 cibus

447 4876 508 4921 et
532 4872 790 4936 sumptus
819 4863 1125 4935 serpentis,
1155 4860 1279 4931 eius
1303 4859 1687 4914 contiem‘nans
1710 4856 1957 4912 scholam
1974 4871 2047 4912 ne

360 5012 371 5035 Ι
445 4966 707 5015 versetur
749 4956 808 5013 in
849 4962 968 5013 toto
994 4969 1220 5026 genere,
1253 4949 1351 5008 Sed
1388 4952 1571 5022 ipsum
1603 4946 1954 5006 abscondens
1992 4957 2050 5005 et

446 5052 639 5124 potius
670 5050 727 5105 in
762 5049 1011 5105 cinerem
1039 5045 1302 5117 redigens
1333 5053 1396 5099 ut
1433 5042 1505 5099 ad
1538 5037 1778 5098 nihilum
1821 5036 2040 5113 rediga-

448 5150 564 5199 tur.
612 5138 697 5198 Tu
744 5141 896 5197 enim
931 5138 1074 5197 Deus
1102 5147 1279 5193 noster
1328 5152 1390 5197 es
1432 5137 1567 5208 ignis
1604 5134 1938 5191 ’coasumens
1970 5135 2039 5188 ’⁷.

446 5235 706 5293 Christus
743 5242 931 5292 autem
980 5246 1107 5293 cum
1146 5226 1415 5298 sit’Deus,
1445 5229 1601 5285 venit
1627 5229 1699 5283 ad
1721 5227 2041 5301 iaciendum

454 5332 641 5399 ignem
671 5328 729 5383 in
762 5336 968 5383 terram
1029 5325 1250 5398 (nempe
1281 5324 1596 5393 peccatum)
1631 5328 1688 5376 et
1725 5319 1939 5384 fenum,
1987 5327 2047 5389 et

451 5424 666 5494 spinas,
691 5431 749 5478 et
785 5421 1043 5485 tribulos,
1072 5427 1129 5475 et
1147 5415 1384 5482 culmos,
1418 5423 1475 5470 et
1499 5415 1710 5487 paleas,
1732 5422 1786 5471 et
1808 5412 2044 5477 zizania,

456 5524 723 5587 tanquam
744 5512 1041 5581 materiam
1057 5511 1313 5581 fetusque
1330 5520 1385 5565 et
1403 5495 2048 5581 germina‘infertilitatis

453 5618 511 5667 et
536 5609 770 5681 peccati.

529 5813 645 5847 ’Μ’
668 5813 829 5868 Joan.
864 5826 972 5870 xvi,
996 5807 1085 5864 28.
1147 5810 1192 5841 θ’
1226 5808 1386 5862 Joan.
1439 5821 1530 5873 xv,
1554 5805 1642 5860 l9.
1700 5807 1744 5837 ⁸³
1766 5803 2075 5866 Coloss.m,
2107 5802 2160 5855 2.
2238 5801 2285 5832 9"
2318 5799 2460 5855 Psal.
2492 5815 2540 5853 c.
2562 5799 2614 5854 8.
2684 5799 2727 5830 "
2756 5795 2899 5852 Psal.
2928 5809 3039 5851 cm.
3067 5791 3156 5847 55.
3231 5790 3277 5822 "
3303 5787 3448 5845 Psai.
3476 5782 3734 5856 anns.
3830 5794 3833 5797 ‘

560 5884 723 5935 Deut.
767 5897 819 5935 iv
891 5880 981 5935 “25.
1060 5874 1105 5911 ⁸⁸
1135 5878 1340 5935 Ephes.
1370 5894 1442 5935 tv.
1480 5876 1567 5932 50.
1647 5878 1693 5909 θ’
1728 5876 1831 5932 isa.
1859 5890 1910 5927 v.
1951 5874 2004 5928 4.
2087 5872 2102 5904 ¹
2136 5871 2270 5928 Luc.
2294 5885 2420 5935 uti,
2451 5870 2538 5924 id.
3343 5903 3351 5925 ,

458 5883 506 5927 "
559 5884 723 5942 Deut.
767 5897 819 5936 iv
891 5880 981 5939 “25.
1060 5874 1105 5911 ⁸⁸
1135 5878 1340 5961 Ephes.
1370 5894 1442 5949 tv,
1480 5876 1567 5932 50.

2133 3276 2466 3347 intelligitur
2490 3271 2836 3331 idololatria,
2867 3282 3036 3339 quam
3073 3265 3243 3321 etiam
3281 3263 3432 3316 Deus
3468 3269 3735 3312 exsecra-

2134 3378 2226 3426 tus
2261 3380 2348 3425 est
2395 3377 2453 3424 et
2495 3365 2807 3422 maledixit.
2861 3360 3023 3418 Unde
3065 3357 3232 3414 etiam
3270 3360 3538 3422 tauquam
3575 3355 3737 3402 vetus

2133 3464 2243 3519 hoc
2300 3470 2359 3518 et
2387 3462 2630 3533 primum
2698 3462 3009 3528 peccatum,
3054 3446 3430 3504 idolotatriam
3478 3443 3731 3511 inquam,

2135 3560 2382 3630 primum
2412 3554 2591 3627 ponit.
2634 3544 2819 3607 Herba
2854 3552 3041 3602 autem
3072 3551 3159 3600 est
3195 3554 3394 3611 expers
3426 3534 3663 3591 rationis
3677 3540 3736 3588 et

2134 3629 2422 3709 b'eliuinus
2449 3648 2609 3704 cibus
2631 3650 2993 3717 peccatorum
3022 3635 3377 3693 inferiorum.
3402 3629 3576 3688 Panis
3600 3640 3734 3681 vero

2137 3752 2226 3801 est
2252 3744 2413 3798 cibus
2434 3739 2703 3804 hominis,
2727 3735 2824 3808 qui
2858 3733 3087 3806 quidem
3119 3730 3177 3785 in
3199 3726 3409 3783 sudore
3440 3731 3499 3778 et
3524 3720 3736 3777 labori-

2138 3835 2247 3891 bus
2292 3834 2557 3891 sumitur.
2613 3827 2684 3886 Et
2735 3828 2863 3884 ideo
2902 3825 3040 3881 dicit
3077 3823 3224 3877 Deus
3266 3823 3490 3889 (partem
3538 3813 3735 3869 dicens

2140 3930 2322 3986 solum
2383 3942 2510 3983 esse
2554 3923 2848 3996 proprium
2889 3914 3181 3987 hominis),
3225 3910 3477 3969 Comedes
3542 3918 3735 3979 panem

2142 4033 2333 4078 tuum:
2361 4027 2555 4090 utpote
2583 4015 2734 4088 quod
2787 4010 2963 4069 herba
2992 4017 3051 4065 et
3081 4017 3232 4064 terra
3270 4004 3385 4060 sint
3418 3999 3739 4073 signiﬁcan-

2144 4117 2221 4171 tia
2240 4112 2460 4185 peccati
2487 4117 2545 4166 et
2572 4104 2902 4179 impietatis.

2214 4211 2392 4267 Aliter
2421 4222 2554 4279 ergo
2614 4206 2706 4260 illa
2762 4196 3046 4259 consumit
3096 4195 3357 4253 Christus
3414 4193 3637 4262 (nempe
3670 4201 3737 4241 ea

2144 4306 2338 4362 deiens
2370 4312 2428 4357 et.
2475 4298 2700 4371 penitus
2731 4289 3106 4361 interimens),
3140 4296 3200 4343 et
3247 4282 3413 4341 aliter
3445 4280 3737 4354 proprium

2144 4413 2345 4471 panem
2383 4392 2629 4450 comedit
2679 4385 3019 4445 sanctissimi
3049 4381 3139 4438 sui
3173 4378 3452 4450 corporis,
3489 4389 3619 4429 eum
3644 4386 3741 4427 exc

2146 4464 2394 4563 purgans
2431 4495 2489 4542 et
2520 4482 2805 4540 comminu
2821 4492 2950 4544 ens,
2975 4483 3031 4533 et
3053 4474 3342 4539 deiﬁcans,
3384 4477 3443 4525 et
3486 4464 3742 4523 interitui

405 4626 410 4637 η
447 4562 717 4642 recedam
754 4590 1082 4657 peccaturus
1109 4588 1406 4651 apcccato.
1466 4580 1543 4635 De
1573 4594 1687 4649 quo
1728 4580 1902 4635 Deum
1943 4592 2042 4649 ap-
2074 4568 2120 4624 1)
2148 4562 2260 4636 non
2295 4577 2598 4634 obnoxium
2630 4573 2891 4636 reddens,
2914 4579 2972 4625 et
3000 4574 3277 4623 renovatis
3313 4562 3482 4619 etiam
3512 4575 3583 4615 ex
3620 4562 3743 4628 ipsa

2151 4674 2395 4738 unione;
2424 4669 2522 4725 sed
2552 4668 2719 4721 etiam
2745 4665 2842 4719 illo
2876 4671 3125 4732 tempore
3145 4669 3257 4728 quo
3276 4655 3441 4710 sudor
3466 4656 3581 4725 ejus
3617 4648 3741 4706 vut-

2149 4773 2232 4821 tus
2254 4765 2424 4836 factus
2449 4770 2525 4816 est
2540 4768 2803 4830 tanquam
2817 4762 2980 4827 gutta:
2998 4746 3548 4823 sanguinis‘,quando
3570 4745 3742 4800 etiam

2149 4834 2372 4911 dicebat
2430 4867 2489 4908 se
2523 4864 2649 4907 esse
2675 4850 2892 4904 tristem
2955 4854 3135 4914 usque
3176 4834 3246 4913 ad
3270 4849 3537 4896 mortem.
3600 4837 3741 4892 Nam

2150 4954 2275 5018 post
2322 4948 2444 5019 ejus
2478 4953 2716 4999 mortem
2753 4940 3020 5009 deinceps
3048 4933 3264 5007 aufugit
3295 4933 3524 4988 tristitia
3565 4928 3743 4986 etdo-

2148 5037 2256 5107 lor,
2294 5039 2511 5111 aufugit
2531 5036 2863 5107 etgemitus,
2895 5044 3018 5103 qua:
3037 5037 3199 5085 erant
3221 5034 3350 5082 ante
3384 5024 3699 5096 passionem
3724 5039 3740 5074 :

2147 5144 2207 5191 et
2234 5148 2336 5205 pro
2378 5132 2461 5188 eis
2493 5140 2579 5187 est
2629 5127 3011 5185 introductum
3042 5121 3307 5195 gaudium
3363 5128 3421 5174 et
3456 5116 3651 5173 laetitia
3684 5125 3743 5169 et

2149 5223 2482 5290 exsultatio,
2510 5228 2568 5278 et
2594 5219 2967 5289 incorruptio.
3005 5210 3188 5286 Itque
3222 5210 3462 5268 Sudores
3509 5207 3738 5280 quidem

2144 5328 2202 5376 et
2225 5319 2468 5382 dolores,
2498 5324 2555 5372 et
2611 5313 2820 5379 herbas,
2854 5319 2913 5367 et
2948 5298 3147 5380 spinae;
3196 5314 3254 5363 et
3311 5304 3528 5370 tribuli,
3553 5308 3612 5357 et
3642 5299 3742 5356 tri-

2148 5413 2325 5478 stitia,
2368 5410 2555 5466 omnia
2587 5406 2879 5476 hucusque
2911 5401 3159 5468 fuerunt,
3192 5400 3374 5456 donec
3402 5404 3586 5452 morte
3606 5392 3742 5449 alie-

2149 5510 2274 5557 etus
2311 5514 2575 5559 reversus
2608 5508 2693 5552 est
2731 5496 2789 5551 in
2805 5493 3089 5566 propriam
3124 5499 3329 5547 terram
3354 5502 3426 5545 ex
3455 5497 3565 5559 qua
3589 5496 3739 5541 sum-

2150 5606 2278 5668 ptus
2309 5603 2416 5662 est,
2446 5608 2515 5650 ex
2543 5604 2651 5664 qua
2680 5590 2847 5647 etiam
2881 5586 2989 5643 fuit
3027 5590 3345 5656 assumptus
3395 5584 3525 5638 cum
3560 5573 3739 5636 sancti
