4064 6460
320 361 478 427 1049

1448 374 1528 432 ΙΝ
1561 365 2086 431 IIEXAEMERON
2111 363 2258 428 LIB.
2283 369 2387 428 XL

3450 373 3588 439 1050

313 477 574 550 orn-poris
603 483 798 532 natura
832 491 864 530 e
897 485 1046 533 terra
1085 478 1267 549 genita
1295 517 1310 543 ,
1343 487 1722 548 congruenter
1774 475 1901 530 voci
1939 483 1980 534 Α
2009 472 2145 530 Nam
2181 487 2235 531 et
2267 478 2324 531 in
2353 475 2466 532 Deo
2497 485 2552 532 ct
2594 477 2805 548 angelis
2836 488 2892 533 et
2924 479 2979 532 iu
3034 479 3353 536 hominibus
3389 499 3591 555 conge-

314 586 447 641 quas
467 569 522 625 ei
557 570 717 636 dixit,
747 568 909 624 Terra
941 586 1018 636 es,
1053 569 1230 640 utqui
1262 570 1340 626 sis
1366 573 1554 632 homo,
1575 579 1625 624 et
1655 572 1716 624 in
1739 569 1904 624 aliam

319 671 524 715 terram
577 659 855 713 reverteris
895 659 1218 714 caelestem:
1255 657 1310 712 in
1354 666 1557 712 terram
1601 656 1908 728 Spiritualis

320 749 540 806 lsraelis
567 789 582 815 ,
639 764 782 804 verae
824 759 1028 804 nostrae
1078 749 1134 802 in
1191 748 1348 803 caelis
1392 748 1810 818 promissionis,
1854 746 1906 802 in

319 851 532 898 terram
587 841 804 896 milium
840 881 856 904 ,
899 841 954 895 in
1011 849 1212 896 terram
1267 848 1556 906 sanctam,
1597 841 1652 894 in
1706 849 1906 894 terram

317 940 379 988 et
451 932 727 1002 regionem
793 931 1092 986 viventium
1183 942 1239 986 et
1336 933 1612 986 civitatem
1687 931 1908 984 Domini

315 1025 616 1089 virtutum,
689 1022 996 1080 Jerusalem
1078 1025 1384 1080 cmlestent.
1440 1025 1717 1093 Quoniam
1776 1038 1916 1094 ergo

315 1139 424 1195 per
457 1122 738 1177 mulierem
778 1123 984 1187 vitam,
1019 1133 1186 1192 quam
1213 1138 1280 1176 e1
1327 1137 1430 1178 suo
1469 1122 1682 1193 peperit
1714 1119 1908 1185 latere,

317 1228 525 1270 somno
565 1212 781 1282 sopitus
809 1213 902 1282 qui
936 1221 1188 1268 naturam
1223 1213 1462 1268 viviﬁcat
1485 1231 1520 1276 .·
1543 1225 1598 1268 et
1627 1213 1708 1268 sic
1739 1227 1800 1266 ea
1824 1220 1910 1266 est

317 1315 584 1360 cxsectus
604 1304 700 1373 qui
728 1305 897 1359 dicit:
939 1303 1048 1375 Ego
1080 1313 1199 1358 sunt
1226 1306 1334 1360 vita
1356 1305 1409 1372 ²;
1447 1307 1560 1360 haec
1589 1305 1731 1359 facta
1757 1315 1904 1370 sunt,

316 1406 379 1452 et
409 1397 560 1452 venit
588 1397 642 1450 in
674 1395 974 1464 mundum,
1004 1405 1056 1452 et
1099 1411 1198 1467 per
1235 1397 1418 1466 ipsam
1459 1397 1715 1452 dissolvit
1749 1411 1908 1450 mor-

317 1495 455 1549 tem,
488 1491 544 1538 et
573 1499 670 1553 per
700 1483 874 1552 ipsam
910 1485 1208 1540 viviﬁcavit
1240 1486 1329 1540 illa
1369 1487 1614 1555 geminm
1643 1486 1906 1540 animaiia

317 1592 448 1646 quae
474 1579 527 1630 in
559 1577 875 1646 paradisum
917 1577 984 1632 ad
1018 1578 1196 1648 ipsum
1235 1580 1452 1632 fuerant
1492 1578 1824 1644 introducta,
1855 1588 1910 1633 et

315 1683 424 1740 per
446 1669 620 1738 ipsam
647 1668 946 1723 viviﬁcavit
978 1679 1230 1725 mortuos
1259 1685 1324 1724 ex
1356 1670 1572 1733 inferis,
1604 1680 1658 1724 et
1685 1671 1908 1725 mortali

317 1768 535 1813 naturae
560 1759 730 1812 vitam
763 1769 849 1814 est
883 1761 1147 1829 largitus:
1178 1777 1242 1816 ea
1279 1761 1346 1816 de
1384 1777 1550 1816 causa
1592 1771 1646 1816 et
1687 1777 1904 1832 pmnam

2009 567 2122 621 nita
2143 576 2226 622 est
2260 569 2395 624 vita.
2436 568 2712 624 Exisﬁmo
2759 581 2941 625 autem
3000 579 3056 624 et
3105 582 3391 642 propterea
3441 579 3586 645 quod

2007 655 2253 712 Ecclesia
2284 659 2356 713 sit
2383 659 2681 714 multorum
2717 654 2977 731 generum
3025 667 3080 716 et
3112 662 3410 718 multarum
3459 682 3592 736 gen-

2011 755 2170 819 tium,
2201 754 2410 810 habens
2433 770 2594 809 suum
2620 769 2822 825 corpus
2852 762 2906 810 et
2937 755 3334 825 plenitudinem
3368 772 3436 811 ex
3477 760 3594 812 uni-

2009 861 2174 900 verso
2203 862 2402 922 genere
2441 846 2586 916 quod
2623 857 2710 902 est
2753 849 2858 902 sub
2904 847 3078 902 ccelo:
3127 848 3430 905 vindicavit
3484 853 3590 905 sibi

2010 952 2208 992 nomen
2253 939 2494 994 maxime
2557 941 2841 1009 generale:
2884 939 3168 1010 quomodo
3229 941 3320 996 illa
3371 958 3594 1013 quoque
3665 918 3676 933 κ

2008 1030 2276 1084 terribilis
2300 1041 2355 1084 et
2375 1033 2643 1100 stupenda
2673 1031 2852 1086 bestia
2885 1033 3031 1102 apud
3084 1033 3360 1088 Danielem
3397 1035 3440 1101 ",
3473 1052 3594 1105 qua:

2010 1130 2163 1176 caret
2210 1121 2462 1187 nmine,
2499 1131 2554 1177 ot
2583 1138 2693 1177 non
2741 1121 2906 1178 habet
2948 1125 3231 1194 (tanquam
3261 1125 3460 1195 aliena)
3494 1143 3595 1179 no-

2010 1229 2135 1269 men
2161 1215 2496 1282 consistens,
2527 1225 2829 1284 prepterea-
2849 1217 2992 1285 quod
3040 1217 3157 1285 ipsa
3189 1233 3411 1288 quoque
3441 1221 3596 1288 prius

2009 1305 2286 1360 describat
2329 1317 2394 1360 ac
2427 1307 2622 1376 figuret
2667 1318 2894 1375 regnum
2945 1305 3321 1362 Romanorum
3352 1319 3407 1363 et
3436 1311 3597 1364 Chri-

2010 1396 2338 1448 stianorum.
2371 1393 2598 1460 Oportet
2625 1403 2806 1450 autem
2838 1402 3035 1464 praeter
3059 1396 3175 1452 haec
3194 1397 3377 1451 omnia
3413 1400 3600 1452 advor-

2011 1493 2157 1550 tere,
2205 1485 2490 1555 quomodo
2541 1485 2655 1539 haec
2727 1486 3035 1554 spiritualis
3103 1487 3310 1556 conjux
3367 1489 3596 1542 secundi

2010 1578 2226 1644 Adami,
2277 1594 2309 1632 a
2351 1578 2612 1632 deteriori
2651 1578 2872 1632 nomine
2907 1578 3142 1648 profecit
3189 1579 3244 1632 in
3287 1580 3506 1636 melius.
3539 1580 3597 1633 In

2010 1669 2282 1740 principio
2311 1669 2457 1722 enim
2495 1677 2687 1723 vocata
2719 1678 2803 1724 est
2837 1667 3029 1732 Costa,
3065 1677 3119 1723 et
3149 1677 3296 1724 secta
3333 1685 3430 1725 seu
3455 1671 3598 1725 divi-

2013 1777 2104 1817 sa:
2150 1763 2517 1832 signiﬁcante,
2565 1771 2624 1816 ut
2665 1763 2930 1829 arbitror,
2982 1761 3086 1816 hac
3127 1765 3503 1832 ampulatione
3544 1775 3599 1818 et

316 1853 520 1907 mortis
554 1852 726 1906 subiit
753 1867 931 1909 novus
962 1855 1159 1916 Adam,
1203 1857 1260 1908 et
1301 1864 1505 1908 noinen
1531 1863 1646 1908 sita:
1691 1855 1905 1917 uxoris,
1944 1835 1984 1889 Β
2018 1855 2295 1911 divisione
2321 1857 2686 1911 defectionem
2727 1871 2755 1909 a
2789 1855 2901 1910 Deo
2931 1870 3055 1926 quae
3084 1857 3272 1910 eratei
3310 1867 3594 1912 eventura.

319 1946 545 2016 (nempe
571 1943 854 2017 Ecclesiae)
907 1946 1092 2015 posuit
1133 1947 1301 2000 vitam
1355 1947 1618 2016 quoniam
1666 1945 1785 2016 ipsa
1825 1955 1910 1999 est

322 2049 504 2090 mater
523 2035 762 2089 omnium
797 2037 1084 2090 viventium
1133 2038 1174 2102 ’,
1217 2038 1546 2092 absconsum
1594 2037 1647 2090 in
1685 2035 1910 2090 Christo

318 2127 497 2182 vitam
547 2127 590 2181 ⁸.
659 2125 802 2182 Hinc
867 2129 1132 2184 docemur
1196 2145 1452 2198 magnam
1528 2128 1907 2182 admirabilem

321 2219 587 2274 Ecclesia:
613 2219 1022 2289 gloriationem.
1071 2221 1235 2276 B:ata
1267 2232 1323 2276 et
1367 2230 1447 2276 ter
1474 2221 1631 2276 beata
1667 2229 1755 2276 est
1785 2232 1910 2290 spes

278 2335 290 2342 ~
315 2320 379 2368 et
403 2312 460 2366 in
499 2313 669 2366 altum
709 2313 879 2366 elatio
911 2312 1380 2369 Christianorum.
1416 2313 1551 2366 Nam
1581 2329 1675 2383 per
1701 2329 1765 2367 ea
1787 2328 1910 2383 quae

320 2404 477 2460 dicta
507 2415 637 2460 sunt
665 2405 935 2463 discimus
966 2409 1114 2477 quod
1140 2423 1334 2462 omnes
1364 2408 1591 2477 reliquae
1623 2406 1754 2460 ﬁdes
1788 2423 1912 2475 qua:

328 2511 466 2557 sunt
500 2503 557 2556 in
583 2502 786 2557 mundo
817 2509 950 2556 sunt
977 2509 1231 2564 mortuae,
1259 2511 1312 2553 et
1336 2494 1541 2553 matres
1565 2507 1909 2552 mortuorum

328 2591 664 2662 populorum
693 2599 745 2646 et
771 2592 1040 2661 gentium,
1084 2597 1143 2643 ut
1172 2599 1297 2658 quis
1325 2587 1380 2641 in
1405 2598 1465 2642 se
1495 2597 1608 2640 non
1635 2579 1913 2639 habebant

327 2695 460 2738 eum
493 2685 585 2752 qui
615 2683 763 2750 dicit,
804 2681 917 2752 Ego
947 2697 1064 2735 sum
1098 2681 1230 2745 vita,
1275 2695 1454 2750 neque
1496 2687 1821 2750 regenerant
1858 2682 1912 2733 et

325 2775 612 2830 tiviﬁoan‘t
635 2791 733 2846 per
758 2783 976 2831 uterum
1011 2789 1170 2843 aqua:
1203 2782 1258 2826 et
1284 2771 1549 2844 Spiritus,
1586 2787 1719 2829 suos
1767 2766 1912 2828 ﬁlios

320 2878 381 2923 et
407 2869 668 2939 pupulas:
711 2868 810 2924 sed
833 2875 964 2924 sunt
990 2869 1113 2923 sine
1145 2866 1359 2922 semine
1379 2907 1395 2933 ,
1430 2875 1485 2921 et
1515 2865 1691 2922 viduae
1739 2863 1912 2920 fontis

320 2961 474 3028 Viue,
509 2976 619 3042 non
657 2960 908 3018 fruentes
939 2975 1080 3031 aqua
1108 2957 1230 3013 viva
1281 2967 1338 3014 et
1375 2959 1605 3014 saliente
1649 2959 1705 3012 in
1739 2957 1912 3014 vitam

318 3064 610 3123 atternam.
1668 3115 1676 3132 υ

400 3144 532 3200 Sola
555 3159 690 3216 ergo
716 3143 837 3217 ejus
863 3143 1106 3200 Ecclesia
1141 3143 1348 3200 dicitur
1389 3147 1444 3200 et
1485 3141 1598 3197 vita
1637 3147 1694 3196 et
1735 3151 1914 3198 mater

320 3237 579 3294 (minium
611 3235 936 3292 viventium.
961 3233 1028 3290 Et
1067 3243 1356 3306 propterea
1397 3233 1518 3305 ejIIs
1558 3233 1724 3288 etiam
1776 3247 1914 3289 uxor

321 3339 413 3386 est
439 3339 653 3395 mater,
686 3341 802 3382 non
845 3336 1190 3383 mortuorum
1233 3327 1329 3384 sed
1355 3327 1592 3381 omnium
1627 3326 1907 3382 viventium

319 3423 612 3479 Christum
658 3435 844 3476 veram
889 3421 1090 3488 vitam;
1138 3430 1191 3475 et
1233 3420 1550 3490 quicunque
1599 3429 1667 3472 ex
1704 3433 1769 3474 ea
1803 3429 1912 3472 non

323 3517 600 3580 nascitur,
653 3524 738 3570 est
768 3521 1025 3569 mortuus
1068 3522 1312 3584 peccato.
1356 3511 1678 3582 CorpOralis
1729 3517 1912 3564 autem

324 3607 534 3662 mulier
555 3607 748 3660 Ada'mi
781 3605 1113 3676 corporalis,
1143 3619 1251 3659 non
1287 3615 1374 3659 est
1413 3612 1584 3658 mater
1615 3601 1929 3664 viventium,

323 3701 426 3756 sed
469 3709 814 3768 mortuorum
866 3697 1176 3752 hominum.
1227 3693 1304 3751 De
1353 3697 1459 3752 hac
1485 3706 1672 3750 autem
1739 3701 1916 3750 matre

324 3793 632 3864 spirituali,
663 3804 776 3846 non
810 3792 945 3848 dicit
978 3791 1129 3862 quod
1149 3789 1222 3845 sit
1257 3797 1431 3844 mater
1455 3789 1702 3843 omnium
1731 3786 1914 3841 homi-

321 3899 488 3949 num,
541 3883 637 3938 sed
685 3893 862 3937 mater
891 3871 1146 3936 omnium
1187 3881 1492 3934 viventium
1518 3919 1532 3945 ,
1577 3889 1640 3934 ut
1679 3894 1800 3948 quae
1843 3875 1918 3930 sit

323 3977 465 4044 vita,
501 3985 559 4032 et
591 3991 654 4032 ea
681 3977 750 4032 de
784 3989 954 4032 causa
997 3973 1226 4029 omnino
1265 3983 1376 4027 non
1413 3971 1716 4026 nominavit
1767 3969 1915 4026 Deus

323 4073 390 4126 in
435 4071 554 4140 ejus
590 4083 780 4139 poma,
848 4077 1121 4122 mortem:
1172 4065 1620 4137 quandoquidem
1663 4079 1788 4118 cum
1843 4062 1918 4117 sit

321 4165 444 4219 vita
475 4161 779 4218 secundum
802 4148 1079 4224 naturam,
1106 4165 1190 4213 est
1218 4158 1396 4212 aliena
1421 4169 1452 4210 a
1482 4163 1680 4219 morte,
1699 4166 1916 4224 perma-

323 4269 472 4312 nens
500 4263 727 4308 asterna.
760 4250 818 4307 Si
856 4260 1038 4306 autem
1074 4263 1158 4304 me
1207 4263 1356 4303 nunc
1387 4257 1544 4318 urget
1590 4245 1814 4302 Iudaeus
1857 4254 1916 4300 tit

323 4347 634 4416 intelligam
657 4343 1000 4415 corporalem
1032 4341 1230 4396 Adami
1270 4352 1496 4395 uxorem
1533 4348 1762 4392 matrem
1794 4350 1914 4392 om-

324 4441 487 4494 nium
513 4437 818 4504 viventium
848 4453 863 4490 :
898 4445 1124 4490 neceSSe
1147 4442 1234 4488 est
1256 4433 1485 4506 oin‘niuo
1515 4441 1572 4486 ut
1595 4431 1773 4486 dicam
1790 4443 1910 4486 eam

2023 1948 2224 2001 Deinde
2265 1957 2387 2016 post
2435 1947 2538 2000 hoc
2574 1946 2840 2000 aadiﬁcata
2881 1955 2937 1999 et
2979 1947 3032 2000 in
3089 1947 3286 2001 melius
3318 1947 3596 2002 excitata:

2018 2048 2306 2106 propterea
2335 2037 2565 2106 quodad
2592 2037 2770 2090 virum
2803 2036 3085 2092 Christum
3120 2038 3598 2108 appropinquarit,

2018 2130 2292 2200 appellata
2337 2141 2422 2182 est
2476 2130 2692 2183 nmlicr.
2752 2129 3063 2184 Postremo.
3105 2139 3289 2184 autem
3349 2133 3597 2186 omnium

2019 2221 2288 2291 appellata
2321 2226 2404 2276 est
2443 2219 2565 2275 Vita
2589 2259 2609 2288 ,ρ
2647 2230 2708 2276 ιιι
2749 2237 2870 2289 quae
2899 2236 2929 2275 a
2976 2232 3155 2276 morte
3205 2221 3504 2292 proiecerit
3534 2225 3600 2279 ad

2018 2315 2211 2369 vitam.
2241 2313 2340 2368 Vir
2367 2324 2546 2368 autem
2577 2315 2698 2383 ejus
2736 2330 2846 2368 non
2888 2314 2986 2382 ita,
3021 2316 3114 2370 sed
3157 2330 3224 2370 ex
3257 2316 3469 2371 meliori
3504 2334 3604 2372 no-

2019 2409 2169 2463 mine
2196 2407 2397 2476 accipit
2424 2408 2598 2478 pejus.
2635 2408 2688 2461 In
2716 2408 2910 2478 primis
2957 2409 3104 2462 enim
3139 2409 3314 2464 Adam
3342 2426 3601 2478 niagiium

2019 2499 2287 2554 honorem
2321 2507 2377 2552 et
2404 2498 2632 2569 gloriam
2661 2499 2923 2568 adeptus,
2966 2508 3027 2553 ut
3060 2501 3154 2569 qui
3185 2499 3258 2554 sit
3296 2501 3604 2568 appellatus

2021 2582 2202 2659 imago
2231 2599 2282 2644 et
2314 2589 2624 2644 similitudo
2661 2585 2792 2654 Dei;
2837 2589 3039 2644 deinde
3069 2599 3258 2658 postea
3300 2591 3604 2660 appellatus

2019 2688 2102 2734 est
2143 2677 2348 2746 homo,
2402 2689 2456 2734 et
2502 2691 2691 2751 postea
2736 2689 2930 2736 rursus
2975 2678 3191 2735 Adam:
3231 2690 3287 2735 et
3325 2691 3605 2751 postremo

2019 2771 2304 2838 omnium,
2358 2782 2542 2839 terra,
2593 2778 2654 2828 ut
2693 2785 2790 2842 per
2834 2773 2950 2828 haec
2998 2782 3186 2842 aperte
3221 2775 3500 2830 discamus
3553 2787 3608 2830 et

2019 2865 2342 2920 erudiamur
2377 2878 2723 2935 quaecunque
2749 2873 2882 2920 sum
2910 2865 2967 2920 in
3004 2866 3364 2934 protoplasto,
3409 2867 3606 2920 referri

2019 2951 2089 3007 ad
2139 2951 2311 3008 Evam
2357 2953 2700 3017 Ecclesium,
2745 2963 2800 3009 et
2847 2955 3120 3010 Adamum
3157 2957 3465 3012 Christum.
3515 2959 3608 3014 Sic

2019 3047 2166 3100 enim
2207 3059 2330 3102 cum
2369 3047 2421 3102 in
2455 3048 2723 3118 principio
2771 3059 2906 3104 esset
2941 3049 3194 3116 splendor
3245 3059 3299 3104 et
3329 3051 3608 3105 character

2019 3138 2334 3194 substantia:
2385 3140 2556 3210 ipsius
2579 3142 2598 3173 "
2641 3141 2734 3195 Dei
2763 3142 3176 3210 inaspectabilis
3195 3184 3210 3208 ,
3239 3144 3470 3212 seipsum
3495 3145 3609 3198 exi-

2019 3229 2221 3282 nam’vt't
2263 3229 2401 3282 servi
2440 3228 2672 3296 formam
2726 3231 2988 3298 accipiens
3035 3231 3080 3296 ⁸,
3131 3240 3190 3286 ut
3239 3230 3486 3287 Ecclesia
3536 3249 3606 3288 ex

2016 3318 2370 3373 mendicitate
2409 3319 2688 3374 diceretur
2729 3320 2874 3375 vita:
2919 3321 2970 3374 id
3013 3319 3244 3386 effecta,
3295 3331 3350 3378 et
3381 3337 3446 3378 ex
3482 3323 3606 3393 ipso

2017 3409 2337 3476 nominata,
2383 3418 2437 3464 ct
2481 3410 2536 3464 in
2585 3411 2726 3465 libro
2769 3413 3073 3467 viventium
3121 3415 3414 3471 coilocata.
3463 3416 3603 3473 Nam

2018 3501 2168 3570 quod
2195 3503 2262 3556 ad
2295 3503 2538 3572 reliquas
2567 3502 2702 3558 ﬁdes
2731 3505 2926 3560 attinet
2949 3547 2963 3568 ,
3012 3507 3080 3560 de
3116 3508 3198 3562 eis
3244 3509 3451 3564 dictum
3481 3519 3602 3571 est:

2020 3593 2546 3659 Deleanturdejibro
2576 3598 2878 3664 virentium,
2900 3597 3142 3654 ﬁliorum
3173 3601 3383 3656 scilicet
3415 3602 3606 3659 Eccle~
3662 3661 3682 3672 _

2021 3685 2136 3749 si.r,
2171 3688 2366 3742 matris
2404 3687 2725 3754 viventium,
2777 3695 2828 3744 et
2873 3703 2992 3744 cum
3012 3693 3182 3760 jz’mia
3222 3710 3324 3748 non
3355 3695 3604 3750 scriban-

2021 3789 2111 3833 tur
2133 3780 2174 3834 ⁹.
2207 3779 2434 3849 lnjtrstze
2457 3781 2600 3834 enim
2637 3790 2766 3834 sunt
2798 3796 2922 3851 quas
2956 3781 3128 3836 Deum
3162 3791 3519 3852 negaVerunt,
3551 3799 3607 3842 et

2019 3872 2283 3942 injustum
2334 3871 2594 3927 Satanam
2660 3873 2976 3945 elegerunt:
3025 3875 3116 3928 cui
3165 3875 3330 3930 etiam
3390 3878 3604 3932 cultum

2020 3979 2118 4034 per
2165 3965 2311 4020 idola
2371 3965 2633 4020 exhibere
2695 3967 3053 4034 praetulerunt
3103 3967 3295 4024 relicta
3338 3968 3602 4026 Ecciesia.

2019 4055 2152 4122 Quae
2187 4056 2408 4126 quidem
2445 4065 2504 4110 ut
2533 4057 2658 4110 ﬁliis
2689 4057 2997 4122 abundans,
3023 4069 3075 4113 et
3110 4071 3252 4128 saepe
3279 4059 3521 4128 pariens.
3551 4071 3607 4121 et

2022 4149 2264 4204 feennda
2291 4149 2482 4204 sobole
2503 4189 2518 4211 ,
2548 4157 2603 4202 et
2637 4150 2839 4204 ninltas
2884 4151 3092 4205 habens
3122 4161 3426 4221 personas,
3478 4154 3606 4205 uni-

2019 4240 2234 4294 versale
2265 4239 2348 4310 (ut
2389 4240 2465 4294 ita
2499 4241 2701 4310 dicam)
2745 4241 2909 4296 habet
2941 4254 3168 4309 nomen,
3199 4243 3344 4299 sicut
3371 4252 3457 4298 est
3491 4245 3605 4297 vita

2019 4331 2370 4386 universalis.
2403 4330 2534 4401 Ejus
2563 4339 2748 4386 autem
2792 4334 2874 4386 vir
2905 4332 3160 4390 Christus
3193 4377 3210 4400 ,
3273 4343 3336 4388 ut
3382 4337 3473 4405 qui
3523 4348 3608 4390 est

2020 4425 2360 4494 unigenitus,
2387 4431 2441 4478 et
2469 4437 2634 4478 unam
2667 4427 2873 4480 habens
2895 4439 3214 4496 personant,
3258 4444 3386 4482 cum
3422 4430 3494 4484 sit
3519 4430 3608 4482 in-

320 4545 454 4588 esse
480 4538 714 4584 matrem
741 4526 1063 4598 angelorum
1091 4544 1104 4580 :
1137 4540 1263 4578 nam
1301 4525 1377 4580 illi
1405 4525 1571 4578 etiam
1611 4525 1905 4594 plusquam

2019 4515 2280 4570 dividuus
2305 4555 2319 4581 ,
2367 4516 2533 4570 unius
2577 4530 2825 4586 personae
2857 4517 3225 4587 'hypottatico
3267 4519 3494 4574 nomine
3526 4531 3610 4575 est

323 4637 436 4680 nos
456 4631 587 4676 sunt
614 4621 880 4675 viventes.
911 4617 1053 4684 Quid
1085 4616 1255 4686 ergo?
1286 4615 1502 4686 inquit:
1530 4615 1772 4670 Ecclesia
1801 4623 1914 4669 est-

325 4731 400 4770 ne
431 4714 597 4768 etiam
629 4719 805 4767 mater
828 4707 1192 4779 angelorum?
1223 4705 1584 4777 Nequaquam
1611 4724 1625 4773 ;
1658 4707 1750 4761 sed
1778 4721 1914 4776 quo-

324 4807 483 4863 niam
515 4807 601 4860 vir
631 4804 753 4875 ejus
785 4812 868 4858 est
905 4812 1097 4857 eorum
1130 4809 1371 4866 creator,
1422 4797 1719 4868 adoptione
1746 4799 1911 4852 etiam

323 4899 532 4953 dicitur
551 4911 743 4951 eorum
770 4903 966 4948 mater.
995 4891 1264 4958 Quoniam
1283 4891 1437 4960 ipsos‘
1460 4891 1624 4944 etiam
1647 4887 1777 4944 fecit
1793 4890 1913 4958 ejus

323 4987 837 5046 administratorios
884 4985 1154 5056 spiritus,
1191 4983 1288 5053 qui
1323 4983 1612 5036 mittuntur
1643 4981 1712 5034 ad
1754 4981 1917 5034 mini—

325 5082 557 5138 sterium
585 5081 629 5146 ⁸,
663 5081 731 5136 ad
766 5095 892 5134 eam
926 5081 982 5132 et
1009 5091 1106 5148 pro
1136 5089 1224 5130 eo.
1248 5074 1478 5145 Oportet
1505 5074 1658 5131 enim
1677 5091 1775 5129 eos
1803 5089 1918 5128 scr-

322 5176 452 5232 vire
507 5173 781 5245 adoptiva;
827 5171 993 5227 matri
1037 5179 1092 5225 et
1135 5168 1359 5238 coniugi
1408 5167 1514 5221 viri
1556 5167 1678 5236 ejus
1717 5175 1770 5220 et
1821 5164 1918 5219 Dei

323 5267 604 5340 ipsorum.
634 5263 792 5322 Unde
820 5279 945 5320 cum
970 5263 1155 5317 omnia
1181 5261 1462 5316 contineat
1489 5269 1544 5314 et
1569 5260 1737 5322 vivat.
1776 5258 1920 5314 Deus

324 5345 601 5430 imposuit
613 5357 665 5412 ei
695 5371 895 5412 nomen
931 5355 1170 5409 maxime
1193 5352 1448 5424 generale
1473 5361 1530 5406 et
1550 5352 1915 5422 comprehcn-

325 5455 505 5510 dens:
535 5465 658 5506 eam
689 5447 971 5518 appellans
995 5447 1202 5510 vitam;
1233 5443 1508 5513 siquidem
1539 5443 1646 5496 vita
1695 5458 1800 5496 non
1829 5449 1913 5497 est

325 5558 534 5600 nomen
562 5541 850 5614 personale
871 5576 886 5606 ,
930 5539 1028 5594 sed
1072 5537 1274 5592 unicus
1309 5543 1370 5591 et
1407 5531 1905 5606 comprehenderis.

398 5748 420 5776 ¹
451 5745 648 5802 lJoan.
675 5761 748 5806 ιι,
775 5743 885 5808 25;
928 5754 1038 5803 xu,
1071 5737 1125 5793 6.
1167 5739 1187 5770 ³
1211 5738 1345 5792 Gen.
1407 5752 1490 5798 Ill,
1525 5738 1618 5793 ‘20.
1694 5737 1952 5795 ‘Coloss.

330 5839 372 5894 ι,
403 5819 461 5877 ὖ.
531 5817 553 5848 ⁸
585 5815 817 5885 Philipp.
845 5829 906 5878 ιι,
935 5811 988 5866 6.
1064 5811 1085 5842 ⁹
1114 5809 1260 5864 l‘sal.
1289 5823 1480 5872 vant,
1515 5809 1605 5864 29.

2021 4605 2361 4660 nominatus.
2383 4605 2562 4674 Atque
2583 4614 2831 4674 poteram
2855 4606 3076 4675 quidem
3112 4608 3202 4660 hic
3223 4620 3448 4678 quoque
3477 4619 3610 4666 COIH

2021 4696 2248 4750 tendere
2290 4692 2560 4752 adversus
2607 4695 3058 4766 Samaritanum;
3095 4701 3190 4754 sed
3225 4702 3272 4755 si
3303 4703 3474 4757 multa
3516 4703 3606 4758 ἀίιε

2021 4803 2164 4854 eam,
2199 4789 2368 4842 timeo
2412 4789 2723 4843 satietatem
2757 4790 3100 4844 auditorum.
3141 4789 3262 4859 ipse
3303 4791 3454 4845 enim
3478 4807 3608 4845 cor.

2021 4881 2262 4950 poralem
2308 4881 2507 4936 Adami
2552 4897 2778 4937 uxorem
2807 4880 2998 4937 dicens
3035 4891 3092 4936 et
3137 4883 3450 4952 intelligens
3480 4899 3606 4940 esse

2021 4983 2254 5028 matrem
2272 4975 2521 5028 omnium
2546 4976 2874 5039 viventium,
2913 4975 3230 5030 necessario
3266 4977 3350 5030 vel
3401 4977 3605 5030 invitus

2018 5065 2222 5120 fatetur
2251 5080 2377 5122 esse
2410 5068 2656 5122 Viventes
2680 5069 2896 5123 animus
2927 5068 3246 5123 hominum:
3291 5068 3382 5123 sin
3419 5081 3603 5124 autem

2018 5157 2154 5214 dicit
2175 5159 2496 5226 morientes,
2553 5162 2724 5218 Deum
2791 5162 3033 5217 ostendit
3079 5175 3205 5216 esse
3259 5163 3602 5216 mendacem.

2017 5249 2138 5305 Non
2193 5251 2308 5320 jam
2352 5252 2630 5311 invenitur
2685 5255 2886 5310 mulier
2923 5263 3104 5310 mater
3151 5255 3456 5310 viventium
3509 5257 3605 5310 sed

2023 5364 2399 5416 mortuorum,
2452 5351 2519 5404 ad
2567 5348 2982 5404 similitudinem
3018 5348 3423 5419 jumentornm.
3469 5347 3606 5406 Nam

2023 5445 2168 5514 quod
2201 5445 2398 5498 attinet
2429 5442 2500 5497 ad
2542 5441 2988 5505 Samaritanum,
3030 5449 3086 5495 et
3137 5443 3292 5496 canis
3339 5449 3396 5496 et
3448 5441 3605 5496 asina

2017 5535 2134 5605 jam
2180 5547 2312 5592 sunt
2357 5545 2563 5592 matres
2628 5535 2879 5590 omnium
2939 5529 3282 5590 viventium:
3329 5535 3602 5606 siquidem

2014 5755 2094 5805 ιιι,
2131 5743 2182 5796 5.
2263 5741 2644 5808 ⁵ΙΙριιιί.ι,14.
2721 5739 2905 5799 °Dan.
2957 5761 3054 5810 vn,
3101 5747 3309 5816 iseqq.
3391 5745 3601 5809 τιεσιιτ,
