4064 6418
537 292 679 357 1063

1736 287 1797 346 S-
1838 285 2242 347 ANASTASII
2282 285 2614 346 SINAIT.E

3659 280 3820 344 teet

523 387 825 433 revertens.
871 375 1135 445 Equidem
1171 390 1238 431 ex
1276 390 1444 431 carne
1492 384 1548 431 et
1582 378 1845 447 paradiso
1882 381 2102 448 genitus

2220 377 2297 431 τὸν
2340 378 2579 449 τρόπον’
2636 378 2668 448 ἡ
2727 375 2830 447 μὲν
2893 375 3002 446 τὰρ
3057 374 3197 449 γυνὴ
3239 373 3314 439 ὥς
3363 374 3430 428 ἐκ
3472 369 3569 427 τοῦ
3612 373 3828 442 ἀνδρὸς

526 476 699 525 Adam
740 472 995 525 Christus
1045 469 1170 524 caeli
1217 470 1355 525 civis
1390 468 1575 525 nudus
1623 472 1906 541 ingressus
1936 482 2020 527 est
2053 473 2113 529 in

527 565 845 632 paradisum
877 572 933 616 et
978 564 1035 617 in
1077 564 1245 617 vitam
1284 564 1446 618 istam
1475 564 1567 618 ubi
1600 580 1726 619 vere
1757 565 1811 619 in
1858 567 2113 621 salutife-

529 668 645 706 ram
659 652 1107 722 cxstasinraptus
1130 661 1238 716 est,
1271 669 1369 723 per
1396 668 1558 722 quam
1589 654 1866 723 propriam
1890 656 1995 710 sibi
2020 672 2115 712 so-

528 743 704 797 dalem
747 744 1050 799 Ecclesiam
1096 745 1330 811 genuit,
1379 745 1542 814 eique
1595 746 1817 815 penitus
1880 746 2117 803 adhaesit

528 851 652 905 qua:
681 852 804 891 sese
836 835 907 891 ad
960 837 1113 893 illum
1157 838 1387 906 pulchre
1437 838 1754 904 convertit,
1822 847 1877 893 et
1928 839 1999 892 ab
2049 854 2116 899 ea

530 929 745 997 accepit
769 929 955 983 omnia
986 945 1108 999 quae
1137 928 1357 983 fuerant
1384 930 1550 994 inea,
1582 946 1781 1000 nempe
1806 931 2116 987 manducav

532 1019 762 1082 tionem,
785 1022 1061 1087 exsilium,
1086 1029 1380 1088 terrorem,
1404 1024 1821 1091 contumeliam,
1850 1026 2117 1081 maledic-

531 1112 773 1165 tionem:
800 1113 1114 1167 maledictio
1141 1114 1285 1168 enim
1309 1114 1488 1169 factus
1519 1125 1623 1180 est,
1648 1132 1842 1186 nempe
1872 1119 2117 1187 pendens

531 1202 587 1254 in
615 1202 763 1269 ligno
787 1220 800 1254 :
839 1204 1217 1269 nutlationem,
1253 1205 1679 1261 occultationem
1706 1224 1813 1276 qua
1843 1207 1895 1262 in
1922 1206 2116 1265 inferis

530 1295 838 1347 occultatus
883 1304 966 1349 est
1016 1310 1142 1348 cum
1179 1296 1328 1366 ligno
1364 1299 1548 1351 crucis
1588 1296 1722 1369 (2!).
1759 1299 1940 1364 Quare
1974 1298 2118 1355 Deus

534 1382 683 1434 illum
728 1399 934 1436 vocans
982 1398 1046 1437 ex
1097 1386 1472 1440 occultatione
1522 1387 1611 1440 illa
1656 1390 1848 1443 eduxit
1890 1405 2015 1444 eum
2065 1398 2121 1449 et

528 1475 784 1527 excitavit
829 1474 1246 1546 incorruptione
1277 1478 1736 1537 circumvolutum
1782 1498 1948 1552 supra
1996 1484 2118 1552 pal-

530 1564 666 1617 lium
699 1565 828 1617 illud
854 1567 1213 1636 corruptibile
1232 1584 1300 1622 ex
1334 1569 1543 1623 semine
1576 1569 1792 1626 Davidis
1814 1573 2117 1629 secundum

530 1669 789 1717 carnem,
847 1664 1164 1723 terrenum,
1232 1657 1448 1712 feneum
1509 1669 1564 1715 et
1615 1662 1872 1727 carnale,
1933 1663 2116 1717 tunica

530 1747 939 1817 incorruptibili
986 1751 1417 1817 circumdatum,
1457 1760 1683 1815 aeterna,
1725 1754 1934 1817 divina,
1966 1757 2119 1809 etab
2150 1723 2193 1777 Β

529 1838 650 1909 ipso
696 1841 804 1895 Deo
843 1843 1081 1912 desuper
1120 1852 1286 1909 texta,
1356 1846 1652 1899 immortali
1705 1848 1802 1916 ipsi
1845 1849 2118 1917 acquisita

532 1938 591 1980 ut
619 1931 1018 1986 indissolubilis
1050 1947 1193 1988 esset
1219 1950 1330 2003 prae
1365 1936 1530 2004 priori
1571 1938 1660 1990 illa
1697 1954 1858 2002 quam
1884 1953 1914 1991 c
1946 1937 2116 1992 Maria

528 2020 762 2091 Deipara
821 2024 999 2079 induit
1047 2027 1445 2081 transformato
1491 2038 1545 2082 et
1585 2031 1822 2085 solidato
1867 2047 2116 2101 corpore,

530 2128 700 2181 quare
735 2124 860 2183 post
910 2117 1170 2170 amictum
1210 2120 1361 2171 illum
1418 2121 1615 2174 tunicae
1662 2104 2115 2192 incorruptionis,

528 2206 790 2272 quoniam
831 2207 1173 2276 impossibile
1202 2221 1321 2264 erat
1344 2228 1467 2264 eum
1500 2213 1549 2265 in
1584 2215 1789 2266 caduca
1819 2226 1871 2268 et
1901 2215 2114 2271 mortali

526 2297 641 2351 vita
675 2299 776 2352 ista
807 2300 1015 2355 diutius
1060 2301 1365 2360 immorari,
1418 2304 1562 2360 Dens
1590 2321 1715 2359 cum
1760 2306 1833 2359 ita
1865 2307 2115 2361 indutum

527 2391 741 2458 accepit
782 2390 834 2442 iu
871 2393 1126 2459 paradiso
1172 2393 1456 2457 Ecclesiae.
1486 2413 1609 2450 nam
1641 2414 1670 2450 e
1704 2400 1927 2467 regione
1963 2411 2120 2455 terra:

526 2481 727 2536 coelum
779 2484 1139 2557 conspicitur,
1190 2497 1248 2541 ιιι
1295 2499 1617 2564 operaretur
1660 2501 1856 2544 terram
1902 2506 1967 2545 ex
2007 2506 2118 2561 qua

526 2583 782 2637 sumplus
839 2584 893 2628 et
944 2586 1234 2644 susceptus
1291 2589 1397 2638 est,
1450 2579 1500 2632 id
1557 2589 1662 2645 est,
1721 2590 1781 2635 ut
1832 2598 1964 2636 cura
2014 2599 2114 2638 sua

526 2675 700 2728 genus
732 2662 1034 2717 humanum
1067 2664 1135 2717 ab
1168 2667 1314 2718 omni
1358 2668 1502 2720 malo
1541 2669 1651 2737 (2'2)
1689 2671 2020 2737 custodiret,
2065 2681 2120 2728 et

525 2751 842 2807 flammeum
876 2750 1116 2825 gladium
1161 2767 1214 2810 et
1242 2761 1558 2813 versatilem
1593 2761 1659 2815 ad
1702 2764 2115 2823 ettstodiettdam

525 2840 673 2894 viam
714 2842 843 2912 ligni
884 2845 1029 2898 vitze.
1063 2843 1345 2900 Cherubim
1382 2850 1675 2918 exponitur
1720 2852 2008 2915 multitudo
2037 2871 2120 2907 co-

526 2932 832 2999 gnitionis;
866 2936 1108 3004 cognitio
1152 2950 1337 2989 autem
1377 2947 1461 2991 est
1500 2938 1633 2992 ﬁdes
1673 2941 1883 2994 sincera
1929 2954 1983 2996 et
2026 2944 2117 3014 pia

529 3021 665 3077 ﬁdes
709 3023 760 3074 in
795 3022 1080 3079 Christum
1119 3042 1284 3094 quam
1329 3026 1473 3088 Deus
1518 3031 1711 3082 statuit
1748 3039 1803 3083 et
1846 3034 2120 3089 ordinavit
2146 3060 2188 3114 ρ

528 3117 895 3167 utincessum
936 3125 1181 3167 nostrum
1221 3116 1354 3167 etin
1397 3118 1560 3169 haece
1600 3118 1706 3173 vita
1745 3119 2013 3173 curricula
2048 3121 2119 3183 ab

530 3219 717 3258 errore
749 3214 1020 3269 tueretur;
1051 3204 1254 3273 lignum
1283 3214 1463 3259 auta‘m
1490 3206 1602 3276 (25)
1629 3206 1867 3275 intellige
1898 3224 2116 3263 omnem

531 3295 790 3361 populum
848 3295 1076 3360 Christi,
1145 3297 1308 3349 vitam
1365 3308 1546 3350 autem
1594 3298 1934 3364 Ecclesium;
2000 3290 2117 3367 ipsa

528 3389 673 3438 enim
705 3396 785 3441 est
822 3403 986 3456 quam
1022 3391 1189 3442 vitam
1236 3391 1477 3456 vocavit,
1513 3401 1572 3445 ut
1605 3401 1837 3445 matrem
1869 3392 2115 3445 omnium

528 3481 582 3534 in
625 3482 733 3534 Deo
774 3482 1100 3543 viventium,
1140 3494 1305 3552 quam
1366 3484 1419 3537 in
1471 3494 1734 3539 teternum
1785 3501 1813 3537 a
1865 3493 2120 3554 serpente
2167 3558 2174 3570 .

529 3573 851 3626 custodiunt
895 3573 1192 3628 Cherubim
1255 3585 1310 3629 et
1369 3576 1657 3646 Seraphim
1720 3586 1773 3631 et
1830 3575 2117 3631 ﬂammeus

529 3664 741 3729 gladius
786 3663 877 3732 qui
926 3672 980 3717 et
1015 3664 1132 3733 ipse
1175 3674 1260 3718 est
1314 3674 1496 3720 sermo
1536 3666 1655 3721 Dei.
1703 3666 1917 3721 Etenim
1974 3665 2118 3722 Deus

526 3764 716 3809 noster
741 3756 884 3824 ignis
910 3771 1244 3809 consumens
1271 3766 1373 3811 est.
1396 3756 1715 3811 Versatilem
1744 3766 1927 3810 autem
1962 3757 2113 3810 illum

527 3849 659 3901 dicit
714 3848 875 3916 quasi
932 3847 1233 3903 Ecclesiam
1281 3850 1740 3920 circumtegcntem
1802 3850 1957 3920 (Ἡ),
2002 3861 2113 3904 tum

526 3941 690 3995 etiam
735 3941 892 4011 quasi
928 3957 958 3997 e
997 3943 1141 3997 cmlo
1180 3944 1409 3997 verbum
1446 3942 1539 3997 Dei
1581 3944 1631 3997 in
1673 3944 1975 3998 Ecclesiam
2008 3957 2116 3998 tra-

526 4031 832 4087 mittentem
873 4048 997 4102 quae
1026 4032 1082 4086 in
1109 4050 1234 4087 eum
1270 4034 1433 4089 unice
1466 4036 1730 4105 respicit:
1784 4037 1944 4091 Vivus
1976 4038 2117 4090 enim

527 4110 789 4177 estsérmo
817 4124 936 4187 Dei,
964 4135 1012 4178 et
1040 4126 1241 4195 emcaa',
1275 4135 1324 4179 et
1350 4129 1733 4194 penetrabilior
1759 4131 1903 4183 omni
1936 4130 2117 4199 gladio

529 4215 775 4282 ancipiti,
814 4224 873 4266 ut
925 4215 1002 4267 ait
1036 4216 1241 4269 Paulus
1272 4214 1540 4286 LQuippe
1571 4219 1716 4272 sicut
1751 4218 1923 4274 Filius
1957 4215 2116 4274 nobis

531 4305 621 4358 via
650 4312 737 4359 est
759 4307 823 4359 ad
854 4306 1094 4372 Patrem,
1116 4307 1332 4362 dicens:
1354 4308 1467 4379 Ego
1493 4295 1608 4363 sunt
1638 4315 1723 4365 via
1749 4320 1811 4377 ιιι,
1844 4313 1925 4367 sic
1947 4312 2113 4367 etiam

2215 470 2579 542 προελθοῦσα,
2618 467 2758 541 πρὸς
2785 469 2879 522 τὸν
2926 470 3126 523 οἰκεῖον
3176 469 3484 543 γεννήτορα
3520 465 3621 538 τὴν
3666 468 3828 520 ἀπο-

2218 559 2460 630 στροφὴν
2509 559 2704 629 ἔσχεν·
2757 560 2786 612 ὁ
2816 557 2874 615 δέ
2911 557 3052 629 ἀνὴρ
3106 559 3135 611 ὁ
3180 559 3245 611 ἐκ
3293 557 3499 628 πατρὸς
3524 554 3827 628 προελθὼν

2219 651 2355 721 πρὸς
2387 650 2476 703 τὸν
2519 650 2651 703 ἴδιον
2681 648 2896 719 πατέρα
2924 648 3025 720 τὴν
3073 647 3333 702 ἀνάλυσιν
3383 648 3494 715 (25)
3551 647 3662 700 ἀπὸ
3707 647 3826 714 τῖες

2217 743 2539 811 ἐποιήσατο,
2590 740 2822 804 ἕκαστος
2862 739 3045 795 αὐτῶν
3092 738 3231 810 πρὸς
3278 739 3377 806 τὴν
3420 737 3560 795 ἰδίαν
3609 738 3824 805 any-fg-

2217 848 2370 885 νειαν
2400 828 2714 884 ἐπανελθὼν
2745 828 2840 883 καὶ
2866 829 2965 899 τὴν
3002 829 3260 897 πατρίδα.
3314 830 3387 882 ’Ἡ
3418 828 3517 897 μὲν
3542 828 3655 899 γὰρ
3685 846 3827 898 σαρ-

2218 923 2452 993 κοτενὴς
2510 920 2604 975 καὶ
2673 921 3141 991 παραδεισογενὴς
3210 919 3307 973 καὶ
3344 920 3825 990 -οὐρανοπολίτης

2232 1014 2405 1083 ’Δδάμ
2439 1011 2675 1082 Χριστὸς
2719 1011 2937 1081 εἰσῆλθε
2971 1012 3070 1081 μὲν
3113 1011 3323 1080 γυμνὸς
3356 1011 3493 1075 Θεὸς
3530 1013 3591 1064 ἐν
3626 1028 3822 1082 παρα-

2218 1106 2385 1174 δείσῳ
2413 1104 2508 1160 καὶ
2543 1102 2642 1174 βίῳ
2668 1103 2747 1174 τῷ
2788 1103 2997 1167 ἐνθάδε,
3030 1104 3125 1158 καὶ
3156 1102 3351 1174 ἐξέστη
3393 1103 3684 1172 ἀτρέπτως
3715 1102 3824 1173 τὴν

2222 1199 2492 1270 σωτήριον
2526 1195 2692 1249 αὐτοῦ
2738 1198 3025 1261 ἔκστασιν,
3060 1195 3129 1249 δι’
3158 1190 3227 1268 ἦς
3274 1196 3375 1267 τὴν
3417 1196 3629 1251 οἰκείαν
3673 1196 3826 1267 σύμ-

2221 1288 2336 1344 ὁιον
2403 1288 2731 1359 Ἐκκλησίαν
2782 1289 2972 1342 τέτοκε
3021 1289 3114 1341 καὶ
3167 1288 3581 1372 προσεκολλήθη
3632 1284 3824 1361 ταύτῃ

2180 1375 2187 1382 ’
2224 1381 2606 1452 σαρκωθέντος
2644 1380 3035 1452 ύποστρεψάσῃ
3072 1380 3208 1455 πρὸς
3255 1380 3419 1437 αὑτὸν
3466 1381 3670 1447 καλῶς,
3718 1384 3823 1435 καὶ

2222 1474 2511 1538 ἀνεδέξατο
2545 1475 2726 1527 πάντα
2754 1473 2823 1526 τά
2857 1475 2916 1528 ἐν
2950 1474 3114 1545 αὐτῇ,
3164 1473 3263 1544 τὴν
3297 1472 3526 1543 βρῶσιν,
3560 1475 3664 1542 τὴν
3711 1492 3823 1543 φυ-

2224 1568 2348 1636 γὴν,
2396 1568 2498 1636 τὴν
2536 1565 2718 1636 ὓϐριν,
2774 1566 2874 1636 τὴν
2925 1566 3208 1638 κατάραν·
3262 1567 3558 1636 γενόμενος
3600 1566 3823 1637 κατάρα

2222 1656 2295 1717 ὡς
2328 1657 2666 1727 κρεμασθεὶς
2697 1657 2787 1709 ἐπὶ
2825 1655 3005 1721 ξύλου,
3035 1656 3136 1727 τὴν
3173 1638 3481 1727 γύμνωσιν,
3508 1658 3608 1723 τὴν
3639 1657 3820 1709 κατά-

2225 1749 2423 1819 κρυψιν
2458 1748 2525 1818 ἣν
2565 1749 2623 1803 ἐν
2670 1747 2748 1818 τῷ
2797 1747 2899 1820 ᾄδῃ
2948 1747 3156 1820 ἐκρύϐη
3195 1747 3337 1817 μετὰ
3382 1747 3478 1804 τοῦ
3528 1748 3688 1814 ξύλου
3720 1747 3819 1803 τοῦ

2227 1842 2484 1912 σταυροῦ.
2523 1844 2615 1894 Διὸ
2658 1842 2752 1897 καὶ
2791 1842 3026 1904 καλέσας
3055 1841 3219 1895 αὐτὸν
3243 1842 3272 1893 ὁ
3301 1841 3435 1905 Θεὸς
3473 1841 3539 1895 ἐκ
3584 1842 3685 1911 τῆς
3717 1859 3821 1895 κα-

2224 1934 2547 2003 τακρύψεως
2592 1933 2808 2004 ἐκείνης
2837 1932 3073 2003 ἐξήγαγε
3127 1936 3221 1989 καὶ
3265 1934 3601 2004 ἀνέστησεν·
3635 1936 3821 2003 ἐπαμ-

2225 2018 2519 2094 φιασθέντα
2545 2028 2611 2096 τῇ
2646 2025 2925 2098 ἀφθαρσίᾳ
2949 2026 3044 2079 ἐπὶ
3068 2025 3163 2081 τοῦ
3180 2024 3574 2098 ’περιζώματος
3604 2026 3819 2080 ἐκείνου

2223 2116 2316 2168 τοῦ
2351 2115 2592 2186 φθαρτοῦ
2621 2115 2714 2168 τοῦ
2736 2117 2810 2168 ἐκ
2840 2117 3155 2186 σπέρματος
3192 2117 3359 2170 Δαϐὶδ
3386 2117 3540 2181 ὄντος
3577 2117 3641 2169 τὸ
3674 2116 3819 2169 κατὰ

2227 2211 2426 2278 σάρκα,
2479 2206 2664 2276 χοϊκοῦ
2708 2208 2829 2263 ςκάὶ
2879 2207 3238 2276 χορτογενοῦς
3292 2207 3561 2278 σαρκικοῦ
3611 2208 3819 2278 χιτῶνα

2222 2303 2430 2367 ἄφατον
2480 2300 2884 2370 περιθεμένουο
2935 2299 3236 2369 ἄφθαρτον,
3297 2300 3549 2372 στερρὸν,
3601 2300 3821 2354 θεότευ-

2223 2409 2372 2453 κτον,
2406 2392 2470 2443 ἐκ
2498 2389 2593 2442 τοῦ
2624 2390 2831 2444 ἀνωθεν
2862 2390 2999 2443 Θεοῦ
3030 2391 3267 2458 ύφαντόν
3288 2407 3303 2423 ⁸
3339 2392 3613 2447 ἀθάνατον
3658 2410 3819 2461 μετα-

2162 2488 2171 2495 ”
2224 2483 2519 2552 ποιηθέντα
2559 2481 2728 2552 αὐτῷ,
2768 2484 2847 2547 είς
2878 2482 3162 2537 ἀδιάλυτον
3200 2482 3341 2555 ὑπὲρ
3364 2482 3466 2565 ⁷’τὸν
3506 2483 3816 2556 πρότερονο

2221 2574 2249 2627 ὃ
2294 2574 2337 2625 δ’
2371 2569 2438 2644 ἦν
2473 2575 2538 2626 ἐκ
2581 2573 2802 2643 Μαρίας
2855 2573 2954 2642 τῆς
2991 2573 3259 2641 Θεοτόκου
3313 2569 3611 2628 ἐνεδύσατο
3657 2574 3819 2644 σῶμα

2226 2666 2639 2736 μετασκευάσας
2666 2666 2759 2718 καὶ
2788 2664 3099 2735 περεὼσας
3120 2681 3135 2696 ⁸
3173 2665 3256 2719 διὸ
3284 2666 3429 2732 μετά
3476 2666 3576 2737 τὴν
3604 2665 3815 2721 ἔνδυσιν

2221 2755 2315 2808 τοῦ
2348 2755 2575 2825 ᾖιτῶνος
2595 2754 2695 2823 τῆς
2724 2755 3057 2826 ἀφθαρσίας,
3083 2756 3208 2809 ἐπεὶ
3241 2754 3509 2812 ἀδύνατον
3533 2751 3606 2827 ἦν
3634 2758 3813 2827 ἐγχρο-

2221 2830 2390 2913 νίζειν
2441 2846 2604 2900 αύτὸν
2630 2846 2981 2918 ἐνδεδυμένον
3022 2848 3116 2900 τὸν
3156 2849 3472 2904 εἰσελθόντα
3505 2850 3564 2901 ἐν
3598 2849 3684 2920 τῷ
3720 2865 3803 2900 πα-

2227 2941 2459 3010 ραδείσῳ
2490 2942 2590 3012 τῆς
2647 2942 3006 3011 Ἐκκλησίας·
3061 2944 3353 3001 κατέναντι
3402 2945 3514 3016 γὰρ
3561 2944 3671 3016 τῆς
3711 2945 3806 3012 γῆς

2223 3020 2460 3105 ὑπάρχει
2490 3034 2517 3084 ὁ
2551 3031 2801 3103 οὐρανὸς,
2827 3033 3158 3104 ἐργάζεσθαι
3190 3034 3353 3087 αὐτὸν
3379 3034 3479 3106 τὴν
3506 3037 3617 3104 γῆν
3654 3037 3713 3102 ἐξ
3751 3029 3816 3106 ἧς

2226 3122 2434 3191 ἐλήφθη
2461 3123 2555 3175 καὶ
2581 3123 2879 3194 ἀνελήφθη’
2900 3125 3044 3178 τοῦτ’
3065 3126 3182 3180 ἔστι
3206 3128 3267 3179 τὸ
3292 3127 3641 3198 ἀνθρώπινον
3663 3128 3818 3195 γένος

2225 3214 2515 3282 συντηρεῖν
2559 3214 2625 3281 τῇ
2674 3212 2840 3266 αὐτοῦ
2897 3215 3196 3287 ηδεμονίᾳ
3233 3216 3408 3270 κακοῦ
3463 3217 3697 3270 παντίου
3748 3215 3820 3269 τὰ

2232 3302 2537 3373 Χερουϐὶμ.
2561 3304 2654 3356 καὶ
2686 3304 2784 3374 τὴν
2806 3305 3069 3378 φλογίνην
3098 3298 3374 3377 ῥομφαίαν
3401 3308 3701 3376 φυλάσσειν
3717 3308 3820 3373 τὴν

2220 3392 2339 3444 ὁδὸν
2385 3392 2479 3445 τοῦ
2522 3378 2816 3465 ξύλουθτῆς
2851 3381 3031 3466 ζωῆς.
3081 3398 3377 3466 Χερουϐὶμ
3422 3397 3794 3468 ἑρμηνεύεται

2220 3481 2458 3549 πλῆθος
2501 3483 2812 3552 γνώσεως’
2851 3484 3054 3552 γνῶσις
3089 3486 3146 3539 δέ
3197 3488 3346 3539 ἐστιν
3394 3485 3596 3556 ἀληθὴς
3653 3488 3686 3555 η
3736 3487 3819 3548 εἰς

2220 3575 2353 3628 Θεὸν
2384 3577 2540 3646 ἡμῶν
2568 3577 2678 3630 τῶν
2708 3578 2915 3630 πιστῶν
2949 3577 3179 3648 εὐσεϐὴς
3206 3578 3412 3641 πίστις,
3445 3578 3638 3637 ἥντινα
3688 3594 3818 3630 συν-

2220 3667 2376 3734 έταξε
2432 3670 2527 3722 καὶ
2573 3668 2770 3740 ὥρισεν
2816 3672 2845 3722 ὁ
2892 3669 3025 3732 Θεὸς
3079 3670 3368 3739 φυλάττειν
3415 3669 3656 3740 ἀπλανῆ,
3694 3671 3819 3740 ἢτοι

2218 3762 2318 3834 τὴν
2364 3748 2619 3832 πάροδον,
2656 3763 2752 3815 καὶ⁸
2780 3762 2880 3833 τὴν
2929 3764 2987 3815 ἐν
3027 3762 3162 3834 τῷδε
3196 3763 3276 3834 τῷ
3318 3763 3421 3835 βίῳ
3455 3765 3614 3835 ἡμῶν
3653 3763 3775 3817 ὁδόν
3799 3777 3815 3792 ·

2221 3836 2419 3920 seton
2455 3854 2509 3910 δὲ
2541 3855 2736 3925 νόησον
2769 3856 2889 3908 ὅλον
2918 3857 3011 3909 τὸν
3054 3857 3184 3910 λαὸν
3214 3857 3308 3910 τοῦ
3349 3857 3626 3928 Χριστοῦυ
3666 3855 3815 3928 ζωὴν

2219 3943 2276 3997 δέ
2308 3945 2408 4017 τὴν
2449 3946 2955 4017 Ἐκκλησίανάύτὴ
2982 3949 3091 4018 γάρ
3127 3951 3246 4001 ἐστι
3276 3952 3343 4022 ἢν
3382 3950 3610 4006 ἐκάλεσε
3640 3948 3815 4020 ζωὴν,

2218 4036 2294 4099 ὼς
2330 4037 2541 4108 μητέρα
2574 4033 2744 4091 οὖσαν
2790 4038 3008 4093 πάντων
3036 4040 3145 4094 τῶν
3194 4042 3254 4093 ἐν
3298 4040 3419 4111 Θεῷ
3452 4041 3672 4106 ζώντων
3693 4056 3706 4068 ·
3739 4043 3816 4111 ἦν

2220 4130 2299 4191 είς
2326 4128 2418 4181 τὸν
2445 4130 2617 4183 αἰῶνα
2651 4129 3012 4198 φυλάττουσιν
3048 4132 3113 4185 ἐκ
3139 4130 3234 4185 τοῦ
3269 4132 3448 4201 ὅφεως
3492 4132 3561 4186 τὰ
3608 4134 3816 4202 Χερου·

2220 4220 2337 4289 ὄὶμ,
2374 4219 2467 4273 καὶ
2493 4219 2571 4272 ’τὰ
2598 4221 2872 4291 Σεραφὶμ,
2917 4223 3008 4275 καὶ
3050 4224 3082 4292 η
3111 4221 3343 4293 φλογίνη
3388 4221 3658 4294 ῥομφαία,
3687 4221 3815 4291 ἥτις

2220 4312 2369 4365 ἐστὶν
2398 4313 2426 4364 ὁ
2462 4308 2622 4379 λόγος
2651 4310 2745 4365 τοῦ
2778 4298 2950 4367 Θεοῦξ
2978 4314 3037 4369 '0
3072 4315 3181 4384 γὰρ
3217 4314 3349 4378 Θεὸς
3380 4315 3539 4385 ἡμῶν
3566 4313 3679 4384 πῦρ
3707 4331 3816 4367 κα-

528 4395 772 4451 Εοοιεεία
803 4397 963 4453 nobis
980 4407 1061 4452 est
1084 4400 1170 4453 via
1193 4401 1314 4455 vitae
1332 4403 1397 4456 ad
1420 4401 1638 4471 Fiiium,
1664 4405 1934 4460 dicentem
1957 4423 1970 4459 :
2001 4403 2116 4476 Ego

2220 4403 2545 4479 ταναλίσξιον
2564 4403 2714 4456 ἐστί’
2740 4406 3114 4477 στρεφομένην
3133 4406 3194 4492 ,δὲ
3224 4407 3397 4479 αὐτὴν
3421 4407 3591 4475 λέγει,
3623 4406 3816 4478 ὥσπερ

527 4506 647 4543 sum
687 4492 797 4545 vita
823 4501 871 4544 ιι.
904 4485 1141 4561 Ideoque
1185 4494 1348 4549 etiam
1397 4498 1685 4567 conjugem
1727 4514 1907 4560 suam,
1944 4499 2108 4552 vitam

529 4581 857 4649 nominavit,
890 4593 949 4638 ut
975 4600 1098 4654 qua:
1131 4601 1232 4640 nos
1253 4587 1515 4642 animalia
1542 4589 1851 4645 viviﬁcetet
1879 4589 2115 4645 deducat

604 4766 625 4808 ι
659 4768 821 4828 Hebr.
844 4774 939 4853 ‘tv,
969 4773 1058 4827 12.
1139 4786 1178 4813 ιη
1204 4771 1364 4829 Joan.
1396 4786 1507 4833 xw.
1532 4772 1584 4828 6.
1614 4774 1779 4829 n.bid.

2223 4494 2566 4567 φρουροῦσαν
2607 4494 2708 4565 τὴν
2760 4496 3088 4567 Ἐκκλησίαν
3146 4497 3367 4567 κύκλῳ*
3405 4498 3499 4551 καὶ
3530 4495 3691 4550 πάλιν
3736 4497 3816 4560 ὼς

2227 4588 2602 4661 στρεφομένην
2629 4590 2723 4641 τὸν
2755 4588 2892 4646 Θεοῦ
2931 4592 3093 4663 λόγον
3138 4591 3237 4645 ἀπ’
3267 4589 3500 4663 ούρανοῦ
3535 4590 3673 4665 πρὸς
3709 4591 3813 4660 τὴν

2046 4933 2278 4991 NOTAE.
2332 4928 2338 4935 ’

593 5088 714 5173 μί)
755 5088 899 5169 Cunt
932 5090 1074 5158 ligno
1122 5088 1313 5173 crucis.
1366 5086 1553 5173 Graece
1615 5088 1754 5160 μετά
1807 5088 1901 5173 τοῦ
1949 5090 2109 5156 ξύλου

525 5159 623 5215 τοῦ
661 5159 923 5226 σταυροῦ,
957 5175 1080 5225 qum
1107 5160 1263 5211 aliter
1293 5159 1428 5214 verti
1471 5159 1880 5228 nmr'possunt.
1946 5177 2111 5230 quam

528 5230 817 5299 cumliqno
852 5230 1064 5293 crucis;
1107 5230 1303 5283 falsum
1338 5238 1422 5284 est
1486 5240 1668 5283 tamen
1713 5232 1770 5283 D.
1832 5230 2112 5285 Christum

528 5302 584 5354 in
630 5298 836 5371 inferos
871 5300 1224 5353 descendisse
1288 5316 1411 5371 cum
1477 5301 1622 5371 ligno
1687 5303 1888 5363 crucis,
1943 5318 2116 5371 quare

529 5370 778 5444 suspicor
809 5371 1091 5438 legendum
1121 5385 1241 5424 esse
1275 5369 1694 5444 perdebﬁdhv
1733 5369 2114 5444 τοῦσταυροῦ,

529 5440 583 5494 id
621 5450 726 5511 est,
769 5450 1057 5511 postquam
1090 5455 1285 5511 passus
1314 5449 1400 5496 est
1427 5441 1480 5493 in
1522 5441 1668 5511 ligno
1698 5443 1899 5497 crucis.

604 5509 717 5576 (ἓὲ)
756 5509 831 5560 Ab
862 5512 1005 5564 omni
1043 5512 1203 5563 mala.
1245 5510 1340 5566 Gr.
1384 5509 1585 5565 xanton
1619 5512 1869 5578 παντίου,
1934 5511 2115 5566 scribe

532 5579 811 5632 παντοίου.

606 5649 717 5716 (25)
756 5649 978 5719 Lignum
1013 5660 1207 5705 autem.
1255 5650 1345 5708 Sic
1399 5662 1571 5707 totum
1623 5653 1769 5710 hunc
1812 5652 1990 5707 locum
2045 5668 2109 5706 ex

536 5720 847 5788 conjectura
883 5722 1107 5790 digessi,
1144 5722 1234 5791 qui
1268 5723 1410 5779 male
1445 5725 1760 5789 distinctus,
1787 5722 1928 5788 fmtle
1946 5722 2108 5777 etiam

2221 5098 2646 5160 acceptus‘erat,
2683 5103 2810 5143 nam
2847 5099 2969 5159 post
3005 5090 3161 5160 ἡμῶν
3230 5091 3411 5159 posita
3471 5101 3590 5146 erat
3623 5089 3815 5144 τελεία

2223 5162 2450 5232 στιγμή,
2470 5161 2687 5232 deinde,
2718 5161 2838 5232 ὁδὸν
2871 5160 3031 5226 ξύλου
3060 5162 3115 5212 δὲ
3142 5160 3359 5229 νόησον,
3377 5170 3485 5215 etc.
3522 5161 3809 5232 legendum

2222 5230 2381 5302 ἡμῶν
2412 5230 2550 5285 ὀδόν.
2585 5231 2755 5283 Ξύλον
2777 5230 2834 5283 δὲ
2861 5233 3054 5302 νόησον
3084 5241 3188 5285 etc.

2297 5303 2411 5371 (9.1)
2443 5300 2952 5371 Circumtegentem.
2977 5301 3074 5354 Ms.
3128 5300 3470 5371 φοϐεροῦςαν
3529 5301 3629 5372 τὴν
3683 5300 3811 5352 Ἐκ-

2225 5372 2456 5441 κλησίαν
2487 5372 2695 5441 κύκλῳ,
2735 5374 2947 5442 corrige
2976 5372 3344 5442 φρουροῦσαν,
3378 5381 3510 5442 etot
3546 5372 3810 5442 φρουρεῖν

2224 5440 2410 5514 κύκλῳ
2440 5444 2573 5514 dicit
2601 5440 2744 5511 quod
2775 5440 3042 5514 Homerus
3066 5440 3461 5514 ἀμφιβαίνεινς
3487 5440 3809 5514 6,:AX96913v

2221 5509 2651 5637 ἀεῖρὲῗέϐηκαςλ
2684 5522 2738 5567 et
2763 5512 3084 5579 Callimach.
3109 5509 3262 5578 ’τοῖός
3294 5529 3353 5564 σε
3413 5509 3644 5583 βοηθὸος
3693 5509 3811 5579 ἀμ·

2223 5602 2344 5637 cui;
2388 5602 2541 5637 πκεν.

2223 5588 2541 5653 φιὸέὸηκεν.

2294 5655 2766 5725 (ΞὸγΑνάλησιν.
2786 5653 2980 5710 Scribo
3000 5653 3284 5709 ἀνάλυσιν.
