4064 6452
528 334 671 403 Ῑοὸθ

1748 335 1809 395 S-
1848 333 1951 397 AN
1956 334 2257 397 ASTASII
2297 334 2633 396 SlNAlTE

3681 346 3802 416 1085

455 464 469 476 ·
525 463 646 503 rum
672 452 756 501 est
782 462 797 499 :
834 460 854 496 ι
906 442 1156 508 Domine,
1180 456 1247 498 ne
1269 440 1325 496 in
1352 440 1540 497 furore
1566 448 1659 497 tuo
1673 454 1873 509 arguas
1900 456 1989 498 me
2020 459 2035 497 ι
2081 460 2103 493 ι
2137 494 2140 504 ε

2241 442 2629 546 »ιλανθρώποω
2662 438 2825 546 Οἶδας
2856 441 3022 508 αὐτὸς
3054 444 3304 516 ἀκριϐῶς
3335 445 3564 504 ἅπαντα
3582 450 3652 506 τὰ
3679 457 3804 526 κρύο

524 534 744 609 hocque
769 551 870 606 ego
902 551 933 591 a
975 544 1028 589 te
1068 533 1205 589 lucri
1247 542 1545 604 reportent,
1578 535 1669 603 qui
1688 533 1840 589 solus
1868 532 2112 589 clemens

2241 552 2322 605 pta
2353 534 2703 605 πταίσματα,
2734 533 2872 590 ἀλλὰ
2898 534 2975 607 μὴ
3005 536 3237 611 ἐλέγξῃς
3265 557 3345 611 με
3369 582 3387 607 ,
3422 540 3503 611 μὴ
3523 542 3800 614 δημοσιεύ-

524 649 592 695 ac
637 630 914 701 benignus
944 643 1025 684 es.
1060 626 1185 683 Scis
1229 628 1347 697 ipse
1378 636 1653 703 accurate
1709 641 1862 681 meas
1924 640 2114 682 omnes

2241 643 2326 698 της
2358 643 2464 697 με,
2525 626 2602 697 μὴ
2642 626 2971 700 φανερώσῃς
3003 628 3146 682 αὐτὰ.
3190 631 3393 695 πᾶσιν,
3425 632 3681 701 ἀγγέλοις
3722 640 3803 693 καὶ

521 724 878 798 quantumvis
904 724 1150 778 occultas
1176 720 1527 783 oﬂ‘ensiones,
1551 720 1646 775 sed
1678 736 1745 774 ne
1771 734 1973 790 arguas
2001 735 2111 784 me,

2222 718 2561 791 ἀνθρώποις,
2595 722 2679 784 εἰς
2700 718 2843 790 ἐμὴν
2872 720 3140 792 αἰσχύνην
3170 723 3265 777 καὶ
3293 723 3441 794 ἐμὸν
3460 725 3681 790 ὄνειδος.

521 837 593 879 ne
627 835 713 874 me
736 820 1124 874 traducaszne
1159 830 1253 872 eas
1296 814 1472 886 palam
1521 814 1774 871 onmibus
1824 815 2091 886 proferas,
2131 816 2337 884 angelis
2357 818 2559 888 pariter
2579 832 2645 873 ac
2707 817 3046 884 hominibus,
3111 820 3182 875 ad
3239 818 3628 877 confusionem
3650 839 3804 880 nteant

522 929 590 970 ac
615 916 877 986 probrum
912 928 1113 968 meum.

607 1024 629 1057 ι
663 1002 911 1066 Domine,
932 1017 998 1057 ne
1036 1002 1091 1057 in
1115 1000 1300 1055 furore
1353 1008 1446 1055 tuo
1478 1010 1678 1067 arguas
1712 1012 1821 1052 tne.
1865 1016 1884 1050 ι
1918 995 2052 1052 Nam
2078 996 2126 1053 si

525 1097 755 1169 perituri
817 1094 963 1163 regis
1032 1092 1272 1147 furorem
1346 1105 1510 1146 nemo
1586 1090 1864 1143 sustiner‘e
1926 1096 2126 1159 potest,

526 1199 735 1261 quanto
784 1186 959 1256 magis
1009 1183 1104 1239 Dei
1148 1182 1389 1239 furorem
1439 1181 1716 1236 sustinere
1768 1196 1873 1234 non
1927 1179 2130 1250 poterit

526 1279 862 1340 universitas
939 1274 1362 1332 creaturarum?
1409 1292 1429 1326 ι
1478 1270 1669 1342 Neque
1740 1271 1795 1327 in
1866 1271 1949 1325 ira
2038 1280 2127 1324 tua

525 1372 795 1443 corripias
849 1384 959 1425 me.
1005 1386 1025 1421 ι
1080 1368 1284 1439 Dignus
1339 1365 1561 1436 quidem
1624 1379 1729 1436 ego
1778 1362 1929 1418 omni
1965 1360 2131 1417 casti-

527 1465 745 1539 gatione
801 1472 858 1518 et
911 1475 1110 1531 paena;
1176 1459 1273 1514 sed
1338 1473 1464 1513 cum
1531 1456 1915 1528 castigaveris,
1972 1472 1993 1507 ι
2059 1467 2130 1511 ne

527 1561 584 1614 in
615 1559 695 1612 ira
736 1565 830 1610 tua
866 1552 1229 1624 castigaveris
1250 1565 1358 1606 me.
1399 1569 1419 1604 ι
1447 1550 1672 1606 Memini
1707 1549 1980 1605 latronem
2010 1561 2044 1601 a
2076 1557 2131 1601 te

2314 1018 2333 1051 ι
2375 1000 2573 1071 Κύριε,
2609 1000 2683 1071 μὴ
2704 999 2784 1070 τῷ
2814 999 2975 1071 θυμῷ
3011 1017 3106 1054 σου
3149 996 3385 1072 ἐλέγξῃς
3439 1017 3535 1069 με.
3580 1020 3599 1053 ι
3633 1001 3802 1073 Εἱγὰρ

2238 1093 2484 1161 φθαρτοῦ
2522 1094 2798 1164 βασιλέως
2821 1094 2997 1164 θυμόν
3027 1095 3208 1158 οὐδεὶς
3236 1093 3477 1146 δύναται
3504 1092 3803 1164 ὑποφέρειν,

2236 1185 2389 1254 πόσῳ
2416 1201 2479 1254 γε
2507 1185 2713 1254 μᾶλλον
2744 1186 2882 1239 Θεοῦ
2907 1186 3083 1256 θυμὸν
3123 1186 3226 1255 οὐχ
3267 1186 3654 1252 ὑποστήσεται
3676 1188 3802 1240 πάσα

2234 1273 2413 1335 κτίσις
2432 1291 2447 1340 ;
2493 1293 2512 1326 ι
2548 1276 2700 1344 Μηδὲ
2727 1277 2794 1346 τῇ
2822 1276 2960 1346 ὀργῇ
2993 1291 3088 1328 σου
3116 1273 3431 1343 παιδεύσῃς
3474 1289 3565 1339 με.
3602 1290 3622 1324 ι
3647 1274 3803 1336 Δῐτιος

2235 1367 2341 1438 γάρ
2370 1367 2481 1435 ἐγώ
2500 1369 2616 1438 εἰμι
2640 1369 2827 1439 πάσης
2848 1366 3192 1430 παιδεύσεως
3211 1368 3311 1421 καὶ
3339 1366 3664 1427 κολάσεως·
3687 1366 3810 1421 ἀλλὰ

2234 1457 2512 1512 παιδεύων
2548 1478 2567 1511 ι
2614 1458 2690 1529 μὴ
2717 1461 2783 1530 τῇ
2816 1458 2956 1529 ὀργῇ
2999 1475 3096 1512 σου
3146 1458 3459 1529 παιδεύσῃς
3496 1472 3590 1525 με.
3646 1476 3663 1508 ι
3694 1454 3804 1512 Οἶδα

2232 1549 2441 1622 λῃστὴν
2492 1551 2864 1620 αἰτησάμενον
2916 1551 3014 1604 κα¹ι
3040 1549 3430 1620 κομισάμενον
3483 1550 3801 1618 συγχώρησιν

526 1649 743 1705 veniam
769 1646 993 1718 petiisse
1041 1659 1109 1699 ae
1181 1643 1488 1698 obtinuisse
1513 1643 1557 1696 '.
1584 1640 1806 1696 Memini
1855 1638 2116 1711 peccatri-

2241 1644 2391 1713 παρὰ
2429 1643 2547 1698 σοῦ.
2578 1639 2713 1697 Οἶδα
2734 1644 2945 1714 πόρνην
2965 1644 3251 1717 ὁλοψύχως
3271 1641 3709 1712 προσελθοῦσαν
3728 1642 3800 1694 καὶ

532 1755 652 1797 cem
683 1752 749 1791 ex
791 1734 976 1791 animo
997 1733 1321 1798 accessisse,
1350 1747 1416 1789 ac
1440 1731 1789 1802 pmnituisse,
1833 1745 1935 1786 nec
1969 1728 2126 1785 venia

531 1835 852 1888 frustratum
880 1843 1004 1885 esse
1032 1828 1102 1883 η.
1129 1826 1358 1882 Memini
1375 1826 1736 1881 Publicanum
1796 1823 2130 1895 ingemuisse

531 1936 591 1981 et
621 1923 979 1995 iustiﬁcatam
1002 1935 1127 1977 esse
1152 1918 1428 1974 “.Verum
1443 1933 1566 1974 sum
1595 1932 1697 1989 ego
1722 1916 1829 1974 illis
1855 1917 2126 1972 miserior.

532 2017 667 2074 Nam
700 2027 878 2085 neque
899 2012 1006 2067 illis
1044 2026 1167 2068 sum
1194 2010 1411 2067 similis.
1442 2008 1563 2076 Non
1594 2009 1740 2064 enim
1769 2008 1944 2064 habeo
1998 2022 2129 2078 pro-

537 2123 735 2181 pensas
760 2106 1073 2176 lacrymas;
1103 2118 1209 2159 non
1251 2117 1436 2158 veram
1460 2100 1886 2166 confessionem,
1923 2115 2030 2154 non
2063 2102 2127 2153 ex

538 2205 649 2257 imo
698 2199 864 2255 corde
919 2197 1207 2267 gemitum,
1234 2210 1343 2250 non
1403 2194 1662 2249 mundam
1715 2193 1980 2258 animam,
2019 2206 2127 2247 non

537 2298 815 2355 sincerum
879 2290 1171 2361 jejunium,
1205 2303 1313 2344 non
1359 2287 1666 2365 fraternum
1717 2299 1989 2351 amorem,
2021 2298 2129 2339 non

539 2391 912 2458 paupertatem
937 2382 1193 2450 spiritus,
1230 2395 1338 2435 non
1362 2380 1643 2435 assiduam
1666 2381 1997 2441 orationem,
2024 2391 2131 2432 non

536 2478 1100 2540 eommiserationem,
1162 2483 1223 2528 ut
1256 2472 1457 2544 dignus
1506 2471 1626 2543 ipse
1654 2469 2136 2528 commiseratione

540 2572 744 2630 habear
772 2568 887 2643 (10)
931 2583 1078 2624 :non
1106 2564 1605 2637 compnnctionem,
1642 2575 1702 2619 ut
1755 2562 1886 2617 mihi
1926 2561 2134 2616 condo-

541 2675 724 2731 netur,
757 2679 863 2717 non
898 2654 1188 2731 puritatem
1218 2656 1632 2726 cogitationum,
1659 2668 1766 2709 non
1796 2652 2134 2724 propositum

545 2758 659 2811 Deo
693 2754 933 2824 placens.
960 2750 1078 2817 Qua
1106 2747 1272 2817 igitur
1306 2745 1507 2810 fronte,
1543 2759 1650 2814 qua
1671 2743 1889 2799 licentia
1918 2741 2136 2795 veniam

544 2841 869 2918 postulabo}
903 2840 1262 2910 Frequenter,
1287 2835 1535 2901 Domine,
1560 2845 1812 2889 acturum
1856 2848 1941 2885 me
1969 2830 2139 2900 poeni-

548 2935 772 2992 tentiam
800 2930 1091 3002 spOpondi,
1122 2927 1216 2983 sed
1246 2924 1411 2980 ﬁdem
1457 2924 1565 2995 tibi.
1582 2927 1762 2979 datam
1797 2920 1983 2976 fefelli.
2017 2920 2137 2988 Tibi

2237 1735 2654 1807 μετανοήσασαν
2673 1747 2695 1775 ε
2719 1751 2733 1767 ³
2764 1730 2885 1789 οἶδα
2896 1736 3151 1807 Τελώνην
3170 1735 3522 1802 στενάξαντα
3546 1734 3641 1787 καὶ
3654 1734 3798 1787 δικαι-

2231 1828 2467 1883 ωθέντα.
2530 1828 2671 1897 Ἐγὼ
2714 1829 2773 1883 δὲ
2819 1829 3027 1884 τούτων
3058 1830 3431 1899 ταλάντερος.
3474 1828 3550 1883 Οὐ
3580 1826 3683 1897 γάρ
3708 1830 3799 1895 εἰμι

2233 1924 2311 1987 ὡς
2339 1924 2516 1979 αὐτοί.
2536 1926 2613 1978 οὐ
2644 1927 2754 1996 γάρ
2782 1924 2890 1996 ἐχω
2908 1926 3147 1996 δάκρυον
3168 1925 3426 1991 ἐκτενὲς,
3456 1924 3559 1978 οὐκ
3580 1924 3681 1994 ἔχω
3707 1923 3798 1987 i50-

2239 2016 2541 2087 μολόγησιν
2571 2017 2861 2088 ἀληθινὴν,
2888 2017 2915 2057 ά
2947 2019 3047 2072 οὐκ
3092 2018 3204 2089 ἔχω
3250 2019 3324 2071 ἐκ
3359 2017 3566 2087 βάθους
3606 2016 3798 2087 καρδίας

2242 2111 2570 2180 στεναγμὶν,
2587 2112 2688 2165 οὐκ
2710 2111 2820 2183 ἔχω
2832 2111 3080 2183 καθαρὰν
3099 2112 3199 2185 τὴν
3215 2112 3431 2185 ψυχὴν,
3454 2114 3560 2166 οὐκ
3575 2112 3680 2182 ἔχω
3697 2130 3795 2180 vra-

2236 2197 2386 2249 τείαν
2418 2198 2716 2268 εἰλικρινῆ,
2741 2200 2840 2253 οὐκ
2870 2199 2981 2270 ἔχω
3006 2201 3234 2273 ἀγάπην
3267 2202 3417 2272 πρὸς
3445 2201 3691 2271 ἀδελφδν,
3721 2202 3796 2253 οὐκ

2235 2286 2352 2357 ἔχω
2371 2289 2648 2360 πτωχείαν
2673 2291 3089 2362 πνευματικὴν,
3113 2293 3213 2345 οὐκ
3240 2294 3361 2361 ἔχω
3388 2293 3691 2363 προσευχὴν
3708 2294 3795 2362 διη-

2235 2381 2395 2451 νεκῆ,
2427 2384 2529 2436 οὐκ
2546 2383 2655 2455 ἔχω
2686 2384 3060 2454 συμπάθειαν,
3074 2387 3165 2442 ἵνα
3194 2387 3584 2458 συμπαθηθῶ,
3602 2388 3692 2441 οὐκ
3710 2388 3795 2455 ἔχω

2233 2474 2556 2541 κατάνυξιν,
2585 2477 2673 2531 ἵνα
2694 2479 3064 2563 συγχωρηθῶ,
3095 2480 3196 2533 οὐκ
3221 2481 3338 2551 ἐχω
3358 2480 3703 2550 καθαρότητα
3724 2478 3789 2532 10-
3838 2474 3852 2491 ³

2233 2564 2595 2633 γισμῶν,ούκ
2613 2566 2726 2638 ἔχω
2756 2569 3082 2640 προαίρεσιν
3115 2569 3433 2642 θεοπρεπῆ.
3473 2571 3618 2641 Ποίῳ
3637 2570 3784 2623 λειπδν

2234 2660 2541 2730 προσώπῳ,
2572 2659 2705 2732 ποίᾳ
2724 2661 3016 2735 παρρησίᾳ
3037 2663 3253 2734 αἰτήσω
3276 2662 3643 2734 συγχώρησιν
3660 2679 3675 2729 ;
3692 2661 3783 2715 ﬂai-

2237 2749 2400 2815 λάκις
2421 2767 2529 2816 σοι,
2553 2753 2826 2821 Δέσποτα,
2852 2758 3141 2825 μετανοεῖν
3161 2756 3584 2825 συνεταξάμην,
3605 2752 3776 2825 mitia}-

2235 2855 2373 2913 στης
2388 2842 2527 2912 πρὸς
2552 2844 2611 2899 σδ
2628 2844 2731 2915 τῆς
2754 2847 3035 2917 συνταγῆς
3053 2848 3355 2918 ἐγενόμην.
3378 2848 3716 2911 Πολλάκιςσοι
3730 2844 3767 2895 ἐν

2247 2934 2548 3007 Ἐκκλησία
2591 2938 2947 3007 προσπίπτω.
2979 2939 3076 2993 καὶ
3122 2938 3333 3002 εὐθέως
3383 2938 3716 3009 ἐξερχόμενος
3736 2934 3774 2984 ιν

546 3032 603 3085 in
630 3026 876 3082 Ecclesia
898 3023 1219 3092 frequenter
1238 3018 1485 3091 procido,
1505 3032 1571 3072 ac.
1594 3015 1778 3071 statim
1807 3028 2061 3083 egressus
2085 3012 2140 3066 in

2241 3028 2493 3099 ἀνομίαις
2520 3029 2808 3099 ἐμπίπτω.
2847 3030 3117 3095 Πολλάκις
3167 3030 3234 3101 μέ
3267 3030 3541 3104 ἠλέησας,
3589 3027 3721 3097 κάγὼ
3741 3040 3781 3077 σι

551 3126 778 3191 peccata
804 3114 1006 3172 incido.
1039 3111 1389 3182 Frequenter
1420 3116 1474 3163 te
1505 3106 1612 3162 mei
1630 3105 1913 3161 misertum
1945 3112 2053 3170 est,
2083 3111 2142 3157 et

547 3229 650 3282 ego
693 3213 875 3283 ειπενί
909 3219 984 3267 te.
1017 3209 1362 3280 Frequenter
1391 3218 1480 3260 me
1530 3200 1864 3267 sustinuisti,
1888 3199 1983 3256 sed
2005 3198 2139 3254 nihil

548 3318 640 3361 me
698 3302 1007 3359 emendavi.
1035 3302 1191 3370 Saepe
1246 3313 1334 3354 me
1378 3296 1628 3361 erexisti,
1654 3294 1751 3350 sed
1794 3308 1894 3363 ego
1947 3306 2141 3347 rursus

548 3399 786 3455 concidi.
814 3397 954 3464 Quot
977 3410 1067 3451 me
1098 3394 1273 3449 modis
1310 3389 1597 3462 adjuvisti,
1618 3400 1672 3444 et
1699 3401 1801 3459 ego
1826 3386 1923 3441 tibi
1957 3387 2141 3457 ingra-

551 3505 639 3549 tus
656 3490 1006 3559 iuiioumies
1037 3488 1091 3544 in
1118 3501 1205 3543 me
1224 3484 1621 3541 humanitatem
1648 3481 1908 3545 habuisti,
1936 3479 2143 3546 tibique

549 3601 653 3654 ego
683 3596 1026 3653 nequaquam
1058 3579 1263 3636 servivi
1288 3577 1312 3630 ?
1333 3574 1509 3643 Quam
1543 3573 1733 3628 multis
1764 3587 1851 3626 me
1883 3580 1937 3624 tu
1968 3569 2141 3623 hono-

553 3673 713 3739 rasti,
740 3683 795 3727 et
820 3685 923 3741 ego
958 3681 1012 3725 te
1047 3665 1410 3723 inhonoravi?
1439 3662 1669 3731 Quoties
1699 3672 2021 3732 peccantem
2058 3674 2145 3738 me

552 3777 813 3836 tanquam
840 3773 995 3834 pater
1028 3761 1355 3817 adhortatus
1373 3757 1472 3813 es?
1495 3765 1756 3825 tanquam
1806 3754 1983 3809 bonus
2011 3749 2145 3806 tole-

556 3858 722 3925 rasti;
790 3868 1053 3927 tanquam
1118 3855 1289 3909 lilium
1334 3848 1686 3906 exosculatus
1743 3845 1841 3902 es?
1882 3853 2142 3911 tanquam

553 3951 942 4009 charissimum
1000 3948 1198 4020 pignus
1254 3959 1342 4000 me
1411 3958 1473 3999 es
1525 3942 1826 4007 allocutus;
1886 3947 2144 4008 tanquam

556 4054 715 4116 pater
737 4042 1089 4113 corripuisti;
1122 4050 1382 4109 tanquam
1407 4033 1678 4090 infantem
1707 4031 1952 4099 vocasti;
1986 4029 2146 4085 ulnas

554 4135 904 4207 cxpandisti;
938 4135 1151 4203 lapsum
1178 4145 1269 4185 me
1300 4126 1546 4195 tenuisti,
1585 4137 1752 4196 atque
1806 4122 1994 4179 dixisti
2023 4141 2036 4178 :
2065 4121 2146 4178 Ne

558 4237 766 4291 metue,
815 4224 1051 4293 erigere,
1109 4234 1328 4275 rursum
1402 4216 1666 4282 consiste,
1720 4230 1938 4270 rursum
1997 4213 2143 4280 veni,

558 4333 779 4373 rursum
800 4330 868 4372 ne
883 4325 1068 4370 metue
1102 4330 1115 4368 :
1147 4326 1254 4366 IIOII
1286 4323 1587 4380 persequor
1627 4314 1704 4372 te,
1737 4321 1846 4361 non
1894 4318 2144 4367 aversor,

559 4429 667 4469 non
689 4411 985 4484 exprobro,
1005 4423 1112 4464 non
1129 4406 1417 4463 abominor
1440 4420 1626 4460 meum
1654 4402 1999 4474 ﬁgmentum,
2037 4416 2144 4456 non

2178 4370 2224 4425 D

2242 3117 2507 3190 ὴθέτησα.
2554 3117 2823 3180 Πολλάκις
2879 3134 2947 3188 με
2978 3116 3293 3182 ἐϐάστασας
3317 3157 3332 3183 ,
3384 3118 3547 3187 κάγὼ
3590 3117 3680 3169 οὐκ
3721 3115 3787 3166 ἐπ·

2241 3208 2503 3279 ἐστρεψα.
2536 3207 2806 3270 Πολλάκις
2848 3224 2916 3278 με
2955 3207 3290 3278 ἀνέστησας,
3322 3207 3486 3277 κάγὼ
3520 3207 3670 3262 πάλιν
3693 3218 3789 3257 κατ-

2241 3298 2458 3352 έπεσον.
2515 3299 2663 3352 Πόσα
2722 3315 2790 3368 με
2827 3298 3284 3370 συνεκρότησας,
3336 3298 3501 3368 κάγώ
3560 3314 3617 3350 σε
3651 3296 3790 3365 ἠγνω-

2247 3391 2491 3462 μόνηκα;
2566 3391 2813 3454 Ποσάκις
2878 3407 2981 3461 μου
3072 3392 3452 3462 εἰσήκουσας,
3518 3386 3664 3458 κάγώ
3723 3399 3791 3438 σου

2244 3483 2610 3554 παρήκουσα;
2654 3482 2898 3545 Ποσάκις
2953 3500 3044 3551 μοι
3087 3483 3484 3554 συνεπάθησας
3506 3523 3523 3548 ,
3559 3482 3646 3537 καὶ
3670 3476 3789 3533 οὖδα-

2246 3572 2367 3641 μῶς
2397 3589 2480 3625 σοι
2520 3572 2819 3626 ἐδούλευσα
2845 3589 2860 3639 ;
2914 3574 3065 3651 Πόσα
3091 3573 3152 3629 δέ
3188 3592 3258 3646 με
3295 3574 3604 3647 ἐτίμησας,
3631 3568 3727 3640 ἐγὼ
3747 3566 3788 3619 δέ

2247 3681 2308 3717 σε
2344 3665 2632 3735 ἡτίμασα;
2659 3665 2899 3729 Ποσάκις
2930 3668 3368 3737 άμαρτήσαντός
3403 3684 3531 3737 μου,
3561 3664 3631 3728 ὡς
3650 3659 3790 3727 πατὴρ

2246 3758 2664 3827 παρεκάλεσας;
2693 3758 2769 3822 ὡς
2799 3757 3009 3827 ἀγαθὸς
3046 3759 3368 3825 ἐϐάστασας
3395 3800 3410 3822 ,
3446 3760 3521 3823 ὡς
3564 3758 3668 3811 υἱὸν
3690 3769 3791 3806 κατ-

2244 3853 2543 3923 εφίλησας.
2570 3852 2647 3914 ὡς
2675 3852 2858 3923 τέκνῳ
2895 3871 2989 3923 μοι
3015 3851 3311 3924 ἐλάλησας,
3335 3853 3417 3917 ώς
3469 3851 3644 3919 πατὴρ
3672 3849 3790 3899 ἐνου-

2247 3944 2518 4016 θέτησας,
2556 3943 2635 4009 ὡς
2689 3947 2891 4015 νήπιον
2927 3945 3201 4009 ἐκάλεσας
3225 3984 3242 4009 ,
3311 3946 3416 4011 τὰς
3447 3943 3681 4015 ἀγκάλας
3710 3940 3791 4004 ἀφ·
3815 3992 3829 4013 ,

2248 4035 2536 4107 ήπλωσας,
2558 4036 2656 4091 καὶ
2683 4037 2925 4090 πεσόντα
2944 4053 3013 4108 με
3043 4036 3395 4108 ἐκράτησας,
3415 4038 3512 4092 καὶ
3537 4030 3681 4094 εἶπάς
3702 4044 3795 4100 μοι.

2247 4128 2340 4199 Μὴ
2394 4127 2606 4196 φοϐοῦ,
2667 4129 2921 4199 ἐγείρου⁶
2958 4130 3128 4186 πάλιν
3168 4131 3360 4203 στῆθι,
3418 4129 3583 4186 πάλιν
3637 4122 3791 4191 δεῦρο.

2249 4220 2414 4275 πάλιν
2445 4222 2525 4291 μὴ
2561 4220 2765 4291 φοϐοῦ,
2801 4222 2863 4275 ού
2893 4222 3076 4277 διώκω
3109 4241 3169 4277 σε
3191 4263 3206 4289 ,
3238 4225 3346 4279 οὐκ
3380 4217 3693 4292 άποστρέφω
3716 4226 3788 4271 σε»

2250 4312 2353 4366 οὐκ
2384 4312 2631 4375 ὀνειδίζω
2662 4330 2754 4379 σε,
2784 4315 2846 4367 οὐ
2896 4313 3269 4387 βδελύσσομαι
3306 4317 3369 4372 τὸ
3409 4315 3543 4387 ἐμὸν
3573 4309 3789 4375 πλάσμα.

2251 4404 2355 4457 οὐκ
2385 4402 2802 4475 άπορῤίπτομαι
2834 4405 2896 4458 τὸ
2925 4406 3060 4477 ἐμὸν
3088 4407 3305 4480 ποίημα
3324 4450 3340 4477 ,
3369 4409 3431 4462 οὐ
3466 4399 3718 4474 σκληρύνῃ
3738 4393 3788 4445 τὰ

558 4504 755 4560 abdico
805 4517 990 4558 meum
1023 4515 1197 4570 opus,
1254 4512 1362 4554 non
1394 4496 1606 4552 obduro
1648 4496 1862 4551 viscera
1920 4507 2040 4549 mea
2081 4491 2140 4547 ad

2250 4494 2541 4565 σπλάγχνα
2597 4512 2702 4565 μου
2732 4495 2871 4566 πρὸς
2917 4496 2979 4551 τὸ
3018 4498 3154 4570 ἐμὸν
3184 4499 3404 4555 τέκνον.
3441 4499 3515 4552 Οὐ
3545 4494 3643 4565 γάρ
3668 4487 3789 4542 δύνα-

561 4612 741 4652 meum
783 4595 977 4650 lilium.
1009 4591 1127 4647 Non
1158 4592 1304 4646 enim
1339 4589 1523 4645 odisse
1568 4602 1791 4657 possum
1847 4585 2151 4650 hominem,

559 4705 721 4760 quem
751 4688 888 4742 meis
917 4687 1033 4756 ipse
1066 4684 1317 4739 manibus
1346 4680 1528 4737 ellinxi
1552 4698 1567 4748 ;
1595 4681 1750 4750 cujus
1814 4693 1981 4735 causa
2031 4692 2150 4732 meo

562 4790 674 4834 met
719 4778 1036 4837 hnmiliavi;
1070 4790 1166 4845 pro
1225 4788 1335 4844 quo
1391 4772 1714 4842 sanguinem
1782 4784 1961 4824 meum
2011 4766 2146 4822 fudi.

560 4873 842 4940 Quomodo
861 4886 966 4924 non
993 4868 1289 4939 suscipiam
1319 4867 1385 4920 ad
1416 4882 1505 4920 me
1529 4880 1878 4930 conversum,
1908 4879 1973 4918 ac
2015 4863 2149 4918 mihi

2252 4587 2351 4659 μαι
2394 4587 2631 4658 μισῆσαι
2662 4587 2721 4641 δν
2746 4591 2866 4653 ταῖς
2897 4592 3056 4660 χερσί
3092 4594 3214 4656 ταῖς
3249 4593 3419 4663 ἐμαῖς
3443 4587 3688 4645 διέπλασα
3712 4576 3783 4663 ἀνῇ

2248 4677 2493 4749 θρωπον,
2530 4679 2672 4750 ὑπὲρ
2720 4671 2781 4732 οὗ
2815 4680 3056 4752 ἐμαυτὸν
3103 4662 3451 4737 ἐταπείνωσα
3476 4696 3490 4711 ο
3520 4676 3644 4746 ὑπὲρ
3673 4663 3723 4723 οὗ
3745 4662 3787 4716 τδ

2250 4772 2386 4842 ἐμὸν
2434 4772 2628 4842 ἐξέχεα
2676 4766 2839 4844 αἷμα.
2873 4775 3001 4839 Πῶς
3042 4775 3104 4828 οὐ
3158 4774 3525 4847 προσδέξομαι
3551 4767 3672 4839 πρὸς
3710 4755 3785 4827 ἐμὲ

2259 4865 2664 4936 ὲἠκσττρέφοντα
2730 4868 2831 4921 καὶ
2888 4868 3356 4947 προσπίπτοντα;
3429 4863 3566 4935 Ἐγὼ
3617 4860 3669 4914 δὲ
3711 4850 3783 4918 τὴν

633 5031 654 5062 ⁹
680 5027 814 5083 Luc.
846 5041 1003 5091 χχιιι,
1032 5024 1122 5079 45.
1204 5022 1247 5052 ¹⁰
1279 5020 1409 5075 Luc.
1438 5036 1540 5085 vn,
1566 5020 1659 5075 47.
1742 5020 1783 5051 ³³
1811 5017 1941 5072 Luc.
1979 5034 2134 5086 ιιι-ιιι,
2164 5017 2253 5074 l-i.

636 5177 660 5208 ε
691 5168 874 5224 Codex
914 5164 1050 5232 Reg.
1080 5163 1231 5217 addit
1261 5179 1274 5215 :
1306 5156 1416 5215 Καὶ
1438 5161 1542 5230 τῆς
1570 5162 1982 5231 συγχωρήσεως
2012 5160 2088 5232 μὴ
2126 5162 2140 5214 ὲ

2241 5160 2530 5232 τυχοῦσαν.
2606 5159 2633 5197 ά
2667 5158 2886 5215 Τούτων
2907 5159 3019 5229 ἐγὼ
3047 5160 3395 5235 ἀθλιώτερος.

2105 5292 2337 5352 NOTAE.

640 5435 861 5515 (lO)_Ut
880 5434 1096 5515 ‘digtms
1136 5433 1245 5515 ipse
1281 5431 1737 5515 centu-tiseraliohe
1780 5433 2154 5515 habeat-.A”l_va
2192 5440 2195 5441 ⁷
2261 5434 2394 5515 dent
2439 5449 2625 5489 vocem
2678 5434 2975 5515 incongrue
3014 5435 3191 5515 reddit
3239 5436 3526 5515 interpres.
3574 5421 3650 5477 "hi

570 5477 937 5579 “23:50:10.3.
966 5477 1760 5579 annusfastigiegg's';fa;
1780 5477 2140 5579 ’ξρεῑςέοίθεξειξ

2259 5505 2494 5579 ποσάκις
2525 5521 2616 5579 μοι
2641 5477 3048 5579 συνεπάθησας.
3085 5507 3309 5572 Quotim
3339 5477 3461 5558 mihi
3481 5477 3776 5579 consensisti;

570 5574 784 5645 ἀξίωθώ
814 5574 829 5630 ξ
867 5591 1023 5637 quam
1064 5576 1457 5645 expositionem
1491 5585 1549 5626 ιιι
1573 5575 1797 5645 vidisset
1843 5574 2116 5643 interpres
2137 5614 2152 5641 ,

570 5642 672 5706 ...‘...
704 5646 1046 5705 reddidisset,
1072 5656 1126 5695 ul
1160 5644 1365 5698 doleam
1395 5642 1581 5697 alienis
1611 5644 1957 5697 incommodis
1990 5642 2008 5697 ὲ
2040 5655 2154 5698 tan-

568 5731 727 5780 quam
770 5727 951 5792 esset,
996 5714 1081 5765 ἵνα
1142 5716 1491 5782 συμπαθήσω
1523 5730 1534 5742 ·
1580 5716 1794 5767 lauta-lsi
1850 5730 1949 5768 \ox
2008 5716 2152 5770 edita

575 5785 937 5858 commentiri,
969 5801 1221 5852 cxptcssa
1257 5789 1388 5839 satis
1424 5796 1523 5839 cst.
1564 5785 1725 5838 i'aulo
1759 5786 1981 5841 iitit‘l‘itls
2006 5804 2152 5842 cntu-

2256 5576 2468 5644 pntius,
2525 5558 2833 5641 impensiori
2890 5558 3149 5642 άιιαίίαιῖ
3185 5558 3490 5645 benignitate
3544 5558 3773 5645 ἰςζιονίξίίξ

2255 5632 2524 5714 quomodo
2570 5632 2763 5718 altera,
2800 5662 2864 5701 ac
2902 5632 3063 5718 'iivgii
3094 5650 3211 5704 cod.
3253 5632 3431 5708 editio,
3480 5632 3679 5690 ποσάκις
3701 5632 3769 5690 μοί

2260 5718 2552 5785 συνέγνως.
2593 5715 2881 5771 CtIMBH-‘is.
