4064 6450
337 340 485 401 1035

1510 348 1791 411 ORATIO
1830 349 1913 410 ΙΝ
1955 351 2316 415 PSALMUM
2355 354 2453 415 VI.

3464 362 3600 426 1086

333 450 518 518 ἀκοὴν
551 439 789 520 βαρῦνας
810 450 872 504 οὐ
904 450 1230 524 προσέσχον,
1256 454 1377 509 οὐδὲ
1399 456 1774 530 ἐπεστράφην.
1809 460 1920 521 Διὸ,

2031 463 2573 534 procidenzem?Ego
2622 462 2975 519 nihilominus
3034 477 3222 518 aurem
3271 478 3598 536 aggravans.

333 542 619 606 Δέσποτα,
659 542 736 605 ὡς
777 545 1020 615 ἔμφυτον
1050 549 1145 602 καὶ
1177 549 1476 620 ἀχάριστον
1496 548 1609 623 (Η)
1641 552 1782 623 ἔχων
1820 553 1921 619 τῆς

334 633 764 705 φιλανθρωπίας
808 638 909 709 τὴν
946 638 1220 709 ἄϐυσσον,
1258 641 1353 695 καὶ
1395 643 1495 713 τῆς
1540 644 1923 715 μακροθυμίας

333 724 409 778 τὸ
441 725 704 795 πέλαγος,
725 729 846 801 «Μὴ
860 730 938 800 τῷ
968 729 1131 802 θυμῷ
1161 749 1256 786 σου
1288 732 1516 806 ἐλέγξῃς
1545 752 1612 803 με
1636 774 1651 797 ,
1693 734 1827 804 μηδὲ
1855 737 1922 805 τῇ

334 819 486 891 ὀργῇ
522 836 618 873 σου
652 823 954 894 παιδεύσῃς
986 842 1076 894 με,
1117 844 1136 876 ι
1170 824 1288 880 ἀλλ’
1317 825 1398 879 ἔτι
1422 829 1517 879 καὶ
1549 826 1630 879 ἔτι
1656 826 1926 899 μακροθύ-

338 929 528 984 μησον
553 913 642 966 ἐπ’
677 915 823 986 ἐμοί.
856 917 950 986 Μὴ
976 918 1221 990 σπεύσῃς
1250 918 1345 971 τοῦ
1371 918 1605 988 ἐκκόψαι
1633 937 1701 989 με
1724 919 1800 982 ὡς
1829 917 1925 987 τὴν

338 1005 518 1077 συκῆν
539 1005 636 1077 τὴν
659 1007 931 1077 ἄκαρπον·
949 1009 1063 1062 ἀλλ’
1079 1009 1157 1073 ώς
1183 1010 1385 1079 ἀγαθὸς
1402 1010 1494 1063 καὶ
1517 1008 1925 1080 φιλάνθρωπος,

334 1099 616 1163 Δέσποτα,
662 1098 805 1169 μετά
844 1101 1065 1155 πάντων
1101 1102 1196 1154 καὶ
1234 1102 1297 1154 τὸ
1321 1101 1442 1163 ἔτος
1464 1100 1625 1154 τοῦτο
1665 1099 1827 1152 ἔασόν
1859 1116 1926 1168 με

334 1190 487 1260 πρὸς
516 1189 614 1261 τὴν
647 1190 980 1260 μετάνοιαν,
1026 1191 1122 1246 καὶ
1159 1192 1231 1263 μὴ
1283 1192 1592 1263 ἀκηδιάσῃς
1642 1190 1928 1261 βαστάζων

334 1282 445 1351 τὴν
475 1281 690 1335 ἀδικίαν
723 1300 824 1352 μου
851 1285 948 1337 καὶ
987 1285 1088 1356 τὴν
1143 1284 1424 1357 ῥᾳθυμίαν
1451 1301 1577 1354 μου.
1617 1282 1707 1354 Μὴ
1745 1282 1928 1353 ἁρπά-

339 1386 450 1443 σῃς
496 1377 564 1440 με
612 1374 901 1443 ἀνέτοιμον
953 1375 1275 1446 ὑπάρχοντα
1301 1415 1316 1439 ,
1370 1376 1444 1445 μὴ
1492 1373 1667 1447 λάϐῃς
1712 1389 1781 1443 με
1834 1373 1932 1439 τὴν

335 1461 612 1534 λαμπάδα
641 1465 714 1535 μὴ
742 1463 980 1535 ἄφαντα,
1006 1467 1082 1539 μὴ
1105 1467 1280 1539 λάϐῃς
1303 1485 1371 1537 με
1403 1467 1480 1538 μὴ
1508 1465 1704 1537 ἔχοντα
1727 1465 1931 1535 ἔνδυμα

336 1560 528 1626 γάμου
554 1597 569 1621 ,
602 1554 678 1627 μὴ
716 1559 1083 1629 παραστήσῃς
1129 1557 1346 1629 γυμνὴν
1375 1557 1475 1628 τὴν
1509 1558 1689 1628 ψυχήν
1722 1574 1822 1627 μου
1856 1553 1931 1625 τῷ

339 1647 555 1718 βήματι
603 1664 698 1702 σου
749 1648 1117 1721 στηλίτευμα,
1155 1651 1232 1721 μὴ
1279 1650 1451 1723 λάϐῃς
1482 1667 1550 1719 με
1585 1651 1731 1713 τέως
1767 1648 1932 1721 μηδὲν

336 1739 687 1811 προενέγκαι
717 1757 808 1794 σοι’
838 1741 1036 1813 ἔχοντα
1061 1758 1076 1773 °
1109 1742 1247 1797 ἀλλὰ
1284 1742 1745 1816 μακροθύμησον,
1793 1741 1932 1797 ἀλλὰ

334 1834 675 1913 ἀνάμεινον,
722 1834 859 1888 ἀλλὰ
892 1834 1409 1905 φιλανθρωπεύθητι
1429 1876 1444 1898 ,
1469 1834 1608 1888 ἀλλὰ
1641 1834 1932 1904 συμπάθη-

337 1943 443 1980 σον
473 1927 647 1997 κάμοὶ
674 1926 756 1997 τῷ
788 1928 1014 2000 πτωχῷ,
1050 1926 1130 1999 τῷ
1159 1929 1357 1999 γυμνῷ
1383 1966 1399 1992 ,
1434 1927 1513 1999 τῷ
1549 1928 1780 1999 ρᾳθύμῳ
1804 1967 1819 1992 ,
1855 1925 1933 1997 τῷ

339 2019 560 2089 ἀμελεῖ,
590 2018 668 2089 τῷ
707 2020 931 2090 ἐλεεινῷ
954 2059 970 2083 ,
1004 2020 1084 2092 τῷ
1112 2022 1335 2092 ἀπόρῳ,
1369 2019 1448 2090 τῷ
1475 2020 1685 2091 πόρνῳ,
1718 2018 1798 2090 τῷ
1832 2022 1931 2091 ῥυ-

341 2111 529 2183 παρῷ,
564 2112 643 2183 τῷ
667 2111 889 2183 ἀσώτῳ,
921 2112 1001 2183 τῷ
1029 2113 1335 2183 ἀγνώμονι,
1363 2112 1442 2183 τῷ
1461 2113 1820 2182 άσπλάγχνῳ,
1852 2110 1933 2181 τῷ

343 2204 770 2276 πεπωρωμένῳ,
801 2203 880 2275 τῷ
918 2203 1325 2274 βεϐυθισμένῳ,
1355 2203 1435 2274 τῷ
1465 2202 1933 2272 κατακεκριμένῳ

337 2299 440 2351 καὶ
473 2297 801 2367 ἀπροσώπῳ
838 2297 936 2350 καὶ
990 2295 1472 2367 ἀπαρῤησιάστῳ,
1520 2294 1617 2347 καὶ
1657 2293 1933 2348 ἀναπολο-

336 2392 522 2461 γήτῳ,
561 2389 641 2461 τῷ
674 2389 882 2461 ἀναξίῳ
912 2388 1096 2459 πάσης
1126 2386 1545 2459 φιλανθρωπίας
1568 2402 1585 2417 ο
1614 2384 1695 2456 τῷ
1723 2384 1933 2454 ἀναξίῳ

344 2483 447 2537 τοῦ
476 2483 704 2554 οὐρανοῦ
729 2483 827 2536 καὶ
853 2482 955 2551 τῆς
978 2481 1084 2552 γῆς
1110 2496 1127 2514 ⁶
1153 2480 1232 2553 τῷ
1256 2481 1392 2552 άξὶῳ
1423 2480 1606 2551 πάσης
1633 2479 1928 2549 τιμωρίας.

351 2575 456 2629 καὶ
487 2575 727 2646 γεέννης,
757 2573 856 2628 καὶ
881 2572 1185 2634 κολάσεως.

439 2667 614 2728 Ἀλλά,
658 2685 676 2717 ι
707 2665 904 2738 Κύριε,
947 2664 1024 2736 μὴ
1075 2663 1156 2734 τῷ
1205 2663 1363 2733 θυμῷ
1403 2680 1497 2716 σου
1550 2660 1778 2732 ἐλέγξῃς
1827 2677 1930 2728 με,

346 2760 492 2831 μηδὲ
524 2762 590 2830 τῇ
620 2759 757 2831 ὀργῇ
793 2775 889 2812 σου
926 2756 1225 2826 παιδεύσῃς
1260 2773 1350 2824 με.
1406 2754 1659 2826 Ἐλέησόν
1695 2770 1787 2822 με,
1817 2751 1932 2806 Κύ-

343 2867 455 2923 ριε,
505 2851 590 2903 ὄτι
631 2848 871 2918 ἀσθενής
916 2847 1054 2916 εἰμι.
1096 2865 1116 2897 ι
1164 2845 1425 2916 Ἀσθενής
1459 2845 1577 2914 είμι
1630 2846 1696 2914 τῇ
1731 2843 1929 2912 σαρκὶ,

338 2940 582 3004 ἀσθενής
634 2941 756 3011 εἰμι
807 2941 875 3010 τῇ
926 2938 1097 3009 ψυχῇ.
1160 2936 1407 2990 Ἀσθενεῖ
1458 2953 1563 3005 μου
1615 2937 1649 3004 ἡ
1700 2934 1930 3004 γνώμη,

338 3029 569 3085 ἀσθενεῖ
598 3047 702 3100 μου
731 3030 760 3082 ὁ
798 3029 1081 3099 λογισμός.
1119 3046 1138 3079 ι
1190 3026 1436 3092 Ἐξέλιπὲ
1467 3044 1569 3097 μου
1610 3027 1642 3096 ή
1687 3027 1867 3096 ἰσχὺς,
1909 3046 1928 3078 ι

2029 570 2132 608 non
2165 556 2381 609 adhibui
2405 557 2669 617 animum,
2715 570 2816 611 nec
2846 571 2965 611 sum
3016 571 3340 614 conversus.
3370 557 3599 620 Idcirco,

2029 643 2278 709 Domine,
2332 655 2587 715 tanquam
2660 646 2750 715 qui
2815 658 3104 715 cognatam
3147 664 3211 701 ac
3262 647 3603 716 inseparabi-

2030 737 2132 790 lem
2165 736 2277 806 (1‘2)
2322 738 2525 791 habeas
2542 737 2847 791 clementia;
2875 738 3160 808 abyssum,
3183 751 3247 791 ac
3277 735 3605 805 longanimi-

2033 830 2155 883 tatis
2184 830 2443 898 pelagus:
2483 847 2502 880 ι
2549 828 2626 882 Ne
2675 829 2726 882 in
2779 827 2966 884 furore
2997 839 3088 883 tuo
3122 843 3319 899 arguas
3368 842 3475 891 me,
3511 842 3606 881 ne-

2028 934 2134 988 que
2164 919 2216 973 in
2249 920 2329 973 ira
2360 930 2447 973 tua
2476 919 2743 988 corripias
2776 935 2894 986 me;
2942 938 2962 971 ι
3021 919 3117 974 sed
3155 920 3334 973 adhuc
3389 918 3599 972 adhuc~

2029 1026 2135 1080 que
2154 1010 2402 1065 toleranti
2438 1012 2490 1064 in
2522 1028 2607 1066 me
2648 1020 2768 1065 esto
2816 1012 3021 1066 animo.
3054 1008 3153 1064 Ne'
3175 1013 3283 1064 cito
3308 1010 3606 1064 exscindas

2032 1116 2116 1156 me
2155 1111 2212 1155 nt
2250 1103 2411 1156 ticum
2442 1103 2587 1156 illam
2630 1102 3008 1174 infrugil‘eram
3060 1102 3128 1167 “,
3188 1104 3281 1157 sed
3344 1110 3604 1169 tanquam

2032 1195 2204 1250 bonus
2225 1208 2289 1248 ac
2316 1194 2571 1261 clemens,
2600 1194 2848 1260 Domine,
2876 1196 2980 1249 hoc
3019 1208 3238 1263 quoque
3290 1208 3436 1247 anno
3481 1207 3607 1245 cum

2030 1286 2241 1342 caeteris
2269 1286 2511 1356 relinque
2560 1303 2667 1349 me,
2693 1296 2750 1340 ut
2775 1285 3151 1356 pmnitentiam
3178 1299 3334 1352 again
3366 1300 3380 1337 :
3420 1297 3522 1338 nec
3554 1292 3609 1335 te

2035 1375 2228 1429 taedeat
2252 1374 2394 1430 ferre
2424 1391 2601 1430 meum
2632 1377 2683 1429 in
2710 1377 2932 1447 agendis
2953 1376 3168 1431 taedium
3201 1389 3266 1427 ac
3292 1374 3604 1443 segnitiem.

2034 1464 2111 1521 Ne
2150 1480 2236 1521 me
2258 1467 2437 1535 rapias
2468 1467 2827 1537 imparatum;
2860 1481 3045 1522 neme
3070 1471 3325 1537 accipias,
3361 1482 3471 1523 non
3515 1483 3611 1521 aen

2032 1573 2193 1614 censa
2227 1558 2509 1629 lampade;
2543 1574 2613 1613 ne
2647 1559 2885 1628 accipias
2931 1574 3040 1625 me,
3078 1559 3404 1614 destitutum
3461 1567 3615 1612 veste

2034 1652 2289 1722 nuptiali;
2336 1667 2404 1708 ne
2463 1651 2660 1707 nudam
2693 1653 2931 1707 animam
2984 1668 3160 1709 meam
3200 1664 3294 1709 tuo
3353 1652 3614 1707 tribunali

2040 1743 2430 1798 traducendam
2459 1744 2702 1809 stiteris;
2734 1759 2799 1800 ne
2855 1760 2942 1799 me
2985 1745 3268 1813 acceperis
3326 1746 3610 1808 hactenus,

2036 1835 2161 1889 dum
2225 1833 2362 1888 nihil
2393 1834 2566 1889 habeo
2597 1835 2742 1905 quod
2787 1834 3009 1889 efferam
3050 1853 3070 1891 :
3143 1837 3237 1890 sed
3292 1838 3613 1907 patientiam

2034 1926 2205 1992 habe;
2230 1924 2325 1981 sed
2357 1935 2653 1996 exslvet-ta;
2689 1928 2784 1982 sed
2824 1927 3058 1996 benigne
3085 1942 3297 1982 mecum
3332 1943 3433 1996 age
3463 1944 3478 1981 :
3512 1927 3613 1980 mi-

2034 2027 2216 2073 sereat
2263 2028 2319 2073 te
2378 2021 2484 2073 mei
2543 2019 2826 2089 pauperis,
2864 2020 3014 2086 nudi,
3068 2020 3337 2084 socordis,
3391 2018 3609 2080 incurii,

2034 2111 2384 2174 miserabilis,
2422 2112 2621 2181 inopis,
2656 2111 2910 2176 adulteri,
2959 2111 3186 2176 sordidi,
3230 2110 3491 2180 prodigi,
3520 2110 3608 2163 iu-

2034 2205 2199 2276 grati,
2262 2205 2566 2268 inhumani,
2617 2204 2887 2263 obdurati.
2919 2204 3176 2268 demersi,
3213 2205 3477 2265 damnati,
3520 2202 3612 2268 qui

2035 2312 2136 2353 nec
2166 2299 2371 2351 vultum
2399 2297 2710 2361 OSIendere,
2731 2311 2832 2350 nec
2860 2295 3096 2351 liberius
3126 2295 3413 2364 loqui,nec
3446 2306 3612 2346 exeu-

2032 2404 2158 2445 sare
2174 2373 2406 2444 habeam
2433 2406 2447 2439 :
2472 2388 2678 2457 indigni
2705 2387 2848 2442 ctelo
2879 2398 2934 2440 et
2965 2395 3114 2442 terra
3139 2427 3155 2451 ,
3183 2385 3443 2456 dignique
3462 2382 3611 2438 omni

2033 2496 2216 2547 ptena,
2245 2492 2300 2536 et
2323 2489 2616 2547 tormento,
2641 2489 2697 2534 et
2724 2479 3015 2550 supplicio.

2106 2662 2197 2727 At,
2233 2679 2251 2712 ι
2278 2658 2524 2725 Domine,
2555 2672 2625 2712 ne
2653 2656 2705 2711 in
2738 2654 2921 2711 lurore
2946 2665 3036 2710 tuo
3062 2668 3261 2725 arguas
3293 2666 3403 2714 me,
3435 2665 3615 2718 neque

2032 2757 2085 2812 in
2144 2755 2228 2809 ira
2285 2763 2374 2806 tua
2424 2749 2689 2820 corripias
2736 2764 2844 2805 me.
2897 2747 3155 2803 Miserere
3181 2746 3311 2810 mei,
3360 2744 3614 2807 Domine,

2031 2846 2288 2917 quoniam
2333 2841 2582 2898 inﬁrmus
2610 2856 2805 2896 sumn
2837 2838 3088 2894 lnlirmus
3119 2853 3237 2893 sunt
3273 2827 3440 2891 carne
3469 2850 3485 2890 ;
3524 2832 3614 2886 iu-

2035 2939 2222 2992 lirmus
2253 2933 2456 2989 anima.
2487 2931 2585 2986 Est
2617 2929 2751 2984 mihi
2785 2930 3033 2984 inlirtnus
3058 2929 3278 2983 animus
3311 2944 3326 2981 :
3356 2935 3438 2980 est
3478 2923 3612 2977 mihi

2035 3028 2252 3082 inﬁrma
2299 3025 2457 3080 ratio.
2516 3042 2537 3076 ι
2593 3021 2800 3078 Deiecit
2851 3022 3026 3075 virtus
3081 3034 3198 3074 mea
3229 3017 3293 3082 ",
3336 3035 3356 3069 ι
3415 3014 3615 3070 defecit

338 3123 597 3188 ἐξέλιπεν
640 3125 669 3177 ὁ
705 3123 935 3194 χρόνος,
1001 3140 1020 3172 ι
1070 3121 1351 3187 Ἐξέλιπον
1402 3121 1462 3173 ἐν
1498 3121 1826 3191 ματαιότητι
1875 3122 1931 3174 αἱ

2035 3130 2292 3189 tempus:
2331 3135 2349 3169 ι
2392 3115 2713 3171 Defecerunt
2744 3114 2796 3167 in
2835 3112 3075 3167 vanitate
3103 3111 3221 3165 dies
3256 3108 3358 3163 mei
3385 3106 3451 3174 ⁸⁸,
3490 3125 3510 3159 ι
3561 3116 3616 3161 et

338 3214 553 3286 ἡμέραι
594 3231 718 3283 μουσ
759 3233 778 3264 ι
818 3215 914 3267 καὶ
963 3212 1155 3282 θεωρῶ
1197 3211 1445 3275 τὸτέλος
1482 3210 1720 3279 ὲγγίξον.
1788 3211 1930 3265 Ἀλλ’

336 3305 588 3360 ἔκτεινόν
617 3324 707 3377 μοι
737 3306 838 3376 τὴν
860 3309 1039 3376 χεῖρα,
1070 3305 1148 3376 τῷ
1172 3307 1229 3357 ὲν
1262 3303 1408 3375 βυθῷ
1435 3304 1547 3357 τῶν
1575 3304 1781 3375 ἡδονῶν
1814 3322 1929 3374 χει.

340 3399 664 3471 μαζομένῳ.
706 3397 952 3463 Ἀνοιξον
996 3397 1202 3465 κάμοὶ,
1236 3395 1522 3459 Δέσποτα,
1568 3394 1648 3465 τῷ
1694 3394 1933 3460 ἀναξίως

337 3491 619 3559 κρούοντν
658 3490 756 3543 καὶ
793 3490 867 3559 μὴ
913 3487 1247 3560 ἀποκλείσῃς
1283 3489 1409 3541 κατ’
1444 3487 1580 3558 ἐμοῦ
1623 3489 1725 3558 τὴν
1757 3487 1931 3557 Θύραν

334 3581 439 3635 τοῦ
464 3580 651 3645 ἐλέους
679 3599 799 3635 σου.
847 3581 971 3635 Ἐάν
995 3580 1105 3652 γὰρ
1135 3582 1198 3634 σὺ
1228 3579 1473 3652 κλείσῃς,
1510 3580 1596 3642 τίς
1629 3580 1739 3651 ἄρα
1777 3580 1927 3635 άνοί⁴

338 3673 463 3741 ξει;
493 3672 623 3728 Ἐάν
660 3674 726 3728 σὺ
758 3673 996 3745 φθάσῃς,
1035 3673 1123 3736 τίς
1155 3671 1266 3744 ἄρα
1297 3672 1535 3737 ἀνοίξεις
1578 3673 1822 3744 Ἐὰνθμὴ
1863 3675 1928 3728 σὺ

336 3765 561 3839 φθάσῃς
581 3806 596 3830 ,
630 3765 715 3828 τίς
745 3764 834 3817 ἶνα
864 3764 1047 3835 φθάσῃ
1074 3780 1090 3830 ;
1128 3764 1257 3816 Ἐάν
1310 3764 1384 3835 μὴ
1427 3764 1491 3817 σὺ
1520 3764 1767 3837 σπεύσῃς
1793 3808 1809 3831 ,
1845 3765 1931 3829 τίς

334 3858 531 3911 λοιπὸν
566 3857 829 3928 βοηθήσει
859 3859 1029 3927 ήμῖνς
1070 3857 1263 3920 Οὐδεὶς
1284 3895 1300 3921 ,
1351 3857 1469 3909 ἀλλ’
1500 3857 1665 3921 αὐτὸς
1706 3858 1734 3910 ὁ
1767 3856 1928 3926 φύσει

332 3949 500 4013 θεὸς,
529 3949 617 4013 δὸς
638 3951 774 4020 ἡμῖν
801 3949 992 4021 καιρὸν
1021 3950 1188 4020 ζωῆς,
1216 3951 1311 4004 καὶ
1339 3950 1536 4022 καιρὸν
1562 3950 1925 4021 ἐπιστροφῆς.

334 4043 587 4112 Νίκησον
614 4041 714 4114 τὴν
761 4044 1041 4114 πώρωσιν,
1077 4045 1172 4096 καὶ
1208 4044 1439 4114 ποίησον
1476 4043 1579 4114 τὴν
1607 4042 1927 4114 διόρθωσιν.

336 4133 418 4187 Σὺ
443 4132 534 4197 δός
566 4150 659 4203 μοι
706 4132 786 4186 ἔτι
820 4133 1018 4205 μικρὸν
1046 4133 1261 4204 χρόνον,
1298 4134 1395 4187 καὶ
1428 4135 1660 4205 ποίησόν
1699 4151 1791 4203 μοι
1823 4151 1930 4186 σω·-

333 4225 542 4296 τηρίας
564 4228 791 4296 τρόπον.
819 4226 946 4279 Ἐὰν
974 4227 1083 4298 γὰρ
1108 4226 1172 4279 σὺ
1207 4227 1282 4296 μὴ
1311 4227 1546 4297 ποιήσῃς
1572 4225 1799 4296 τρόπον,
1825 4226 1928 4279 ὅσα

332 4315 409 4369 ἂν
435 4314 550 4384 ἐγὼ
587 4309 799 4389 ποιήσω
830 4315 1012 4385 σαθρά
1061 4317 1168 4370 εἱσι
1219 4317 1316 4370 καὶ
1359 4316 1615 4370 ἀϐέϐαια.
1671 4316 1811 4370 Ὀσα
1860 4317 1927 4370 ἂν

328 4408 654 4478 δοκιμάσω,
701 4408 959 4479 ἀδύναμά
991 4410 1098 4462 εἰσι
1136 4407 1233 4462 καὶ
1263 4408 1631 4463 εὐκατάλυτα.
1677 4409 1818 4462 Ὅσα
1858 4407 1926 4461 ἂν

2035 3212 2189 3266 video
2214 3210 2737 3279 apprOpinquantem
2771 3206 2954 3260 linem.
2987 3203 3189 3258 Verum
3233 3211 3285 3255 tu
3324 3200 3454 3254 mihi
3485 3215 3611 3269 por-

2035 3305 2149 3372 rige
2200 3318 2417 3357 manum
2474 3302 2528 3355 in
2575 3299 2845 3369 profundo
2900 3299 3235 3367 voluptatum
3292 3302 3614 3362 tempestate

2026 3396 2257 3466 jactato.
2293 3394 2421 3449 Mihi
2456 3408 2675 3464 quoque
2713 3391 2896 3461 aperi,
2929 3387 3360 3455 Domine,.licet
3391 3387 3615 3458 indigne

2032 3488 2299 3557 pulsanti;
2344 3501 2446 3541 nec
2469 3486 2691 3556 ianuam
2726 3494 2829 3539 tuae
2875 3481 3269 3537 misericordia:
3306 3479 3437 3532 mihi
3475 3493 3613 3547 pra:-

2031 3579 2283 3633 cluseris.
2316 3576 2446 3631 Nam
2473 3578 2516 3632 si
2552 3588 2605 3630 tu
2633 3576 2921 3638 clanseris,
2954 3575 3077 3644 quis
3110 3573 3325 3626 tandem
3357 3568 3613 3639 aperiet?

2029 3668 2145 3724 Nisi
2186 3678 2239 3723 tu
2272 3668 2493 3732 feceris,
2533 3670 2655 3735 quis
2694 3667 2944 3736 aperiet?
2976 3663 3090 3719 Nisi
3138 3674 3193 3718 tu
3236 3661 3608 3723 festinaveris,

2030 3761 2155 3829 quis
2192 3767 2456 3829 praeterea
2488 3757 2645 3812 nobis
2692 3754 3018 3811 succurret?
3054 3754 3223 3809 Nemo
3252 3752 3410 3821 plane
3447 3751 3609 3805 aiius.

2031 3853 2109 3909 Tu
2144 3863 2322 3907 autem
2356 3851 2446 3921 qui
2488 3860 2573 3906 est
2603 3849 2746 3904 Dens
2776 3857 2989 3913 natura,
3025 3848 3093 3901 da
3133 3846 3290 3901 nobis
3317 3846 3441 3899 vitae
3468 3853 3609 3899 tem-

2030 3964 2150 4016 pus,
2177 3960 2240 4001 ac
2268 3955 2480 4014 tempus
2504 3939 2894 3997 conversionis.
2926 3938 3095 3995 Vince
3119 3938 3299 3992 cordis
3324 3937 3605 3997 duritiem,

2029 4054 2094 4092 ac
2127 4052 2215 4091 me
2245 4034 2490 4091 emenda.
2524 4032 2603 4087 Tu
2650 4032 2780 4086 mihi
2825 4031 3004 4085 adhuc
3032 4028 3307 4098 paululum
3346 4027 3608 4096 temporis
3698 4098 3717 4103 _

2027 4130 2289 4193 concede,
2321 4136 2374 4182 et
2397 4139 2627 4196 operare
2656 4123 2786 4177 mihi
2823 4122 3014 4178 salutis
3043 4122 3283 4175 modum.
3316 4118 3431 4173 Nisi
3460 4117 3607 4171 enim

2028 4241 2152 4281 eum
2195 4233 2251 4278 tu
2292 4218 2512 4285 ieceris,
2547 4233 2885 4290 quaecunque
2935 4232 3036 4288 ego
3086 4214 3289 4277 fecero,
3337 4213 3605 4270 imbecilla

2028 4325 2155 4371 sunt
2203 4331 2269 4370 ac
2315 4314 2551 4370 inﬁrma.
2600 4310 2949 4378 Quaecunque
2992 4323 3093 4378 ego
3124 4309 3444 4375 probavero,
3484 4305 3608 4358 sine

2029 4407 2236 4462 viribus
2290 4413 2471 4470 erunt,
2529 4401 2797 4471 facileque
2852 4408 3205 4454 evanescent.
3261 4395 3611 4463 Quaacunque

330 4502 715 4571 ἐπιχειρήσω,
754 4501 1009 4571 ἀνωφελῆ
1056 4502 1164 4555 εἰσι
1204 4500 1303 4554 καὶ
1352 4501 1678 4571 ἀπλήρωτα.
1718 4502 1924 4555 Λοιπὸν

2030 4500 2185 4555 fuero
2231 4511 2539 4568 aggressus,
2573 4493 2784 4547 inutilia
2831 4499 2996 4546 erunt
3039 4504 3105 4544 ac
3143 4486 3482 4558 imperfecta.
3531 4484 3612 4540 Ne

334 4595 417 4665 μὴ
447 4592 728 4665 ἀναϐάλλῃ
750 4635 768 4660 ,
801 4592 1053 4646 Δέσποτα
1072 4631 1088 4657 ,
1138 4592 1274 4646 ἀλλὰ
1306 4591 1511 4661 φθάσον
1535 4591 1660 4645 δ’τὸ
1695 4592 1926 4663 πλάσμα
1968 4648 1979 4662 ο

2028 4590 2168 4644 ultra
2205 4586 2506 4652 distuleris,
2546 4583 2794 4651 Domine,
2832 4580 2929 4637 sed
2961 4580 3070 4634 cito
3104 4577 3251 4633 salva
3294 4576 3609 4647 ﬁgmentum

413 4750 456 4784 ι’
483 4746 617 4805 Luc.
646 4763 771 4814 xm,
797 4748 854 4804 6.
900 4749 945 4782 ¹³
962 4746 1417 4817 Ρεσιακινιιῄί.
1469 4746 1517 4778 ¹¹⁸
1539 4746 1683 4802 Psal.
1709 4759 1920 4812 Lxxvn,
1950 4744 2041 4801 55.

406 4905 458 4947 «ι’
488 4903 699 4969 σώζων.

1850 4991 2080 5050 ΝΟΤᾹ).

417 5133 532 5205 (ll)
558 5134 695 5209 [καὶ
731 5135 846 5190 vult
891 5134 1251 5209 combeﬁsius
1291 5134 1599 5209 ἀχώριστον
1634 5137 1920 5209 insepara-

337 5210 526 5263 bilem.
558 5205 672 5275 Ego
705 5218 836 5259 vero
862 5205 951 5277 vel
981 5206 1219 5261 delerem
1252 5205 1468 5275 penitus
1497 5221 1686 5261 vocem
1718 5205 1923 5277 ἀχώριο

338 5294 494 5343 στον,
524 5290 644 5343 qua:
675 5276 1123 5348 deestincodiee
1155 5277 1324 5348 Regio
1345 5317 1361 5341 ,
1389 5277 1478 5348 vel
1492 5277 1737 5348 legerem
1763 5276 1922 5348 prout

338 5349 472 5418 legit
522 5346 1147 5418 Canisius,_&xdptﬂov.
1210 5346 1367 5418 Quid
1398 5347 1540 5402 enim
1560 5346 1678 5400 “sibi
1722 5347 1836 5418 vult
1870 5346 1923 5399 in

342 5414 459 5472 Déo
490 5414 1310 5485 inseparabilismisericordia?
1338 5414 1443 5472 Sed
1484 5418 1629 5472 illius
1663 5418 1716 5469 in
1750 5417 1928 5470 homi-

341 5503 441 5543 nes
471 5502 711 5541 amorem
767 5487 920 5540 miris
970 5488 1144 5541 modis
1185 5487 1383 5550 elevat,
1432 5488 1577 5555 quod
1609 5499 1758 5540 mere
1797 5502 1926 5554 gra-

342 5559 517 5612 tuitus
548 5557 791 5627 sit,gnec
822 5557 926 5609 ulla
976 5572 1005 5609 a
1047 5566 1198 5626 parte
1234 5557 1512 5611 hominum
1550 5555 1720 5627 gratia
1754 5558 1928 5626 possit

342 5625 706 5695 compensari.
741 5627 902 5683 Bastl.

418 5697 534 5766 (12)
574 5697 646 5750 Ac
681 5696 1102 5765 inseparabilem.
1153 5696 1305 5752 lland
1353 5714 1488 5767 npus
1536 5696 1917 5768 perspicacim-i

346 5768 664 5833 intellectu,
715 5776 772 5819 nt
824 5768 944 5836 quis
1000 5768 1180 5821 videat
1237 5767 1546 5836 legendum,
1577 5767 1911 5841 ἀχώρσιτον·

2023 5137 2164 5206 quod
2227 5139 2298 5192 sit
2349 5136 2641 5204 explicatio
2671 5136 3034 5206 prmcedenlis
3079 5135 3268 5199 vocis,
3327 5135 3601 5206 ἔμφυτον·

2020 5205 2181 5275 quam
2209 5209 2378 5262 solam
2416 5207 2636 5261 retinnit
2667 5205 2820 5270 Regii
2850 5207 3053 5261 codicis
3077 5207 3264 5261 editio.
3299 5207 3430 5274 Quae
3456 5209 3602 5261 enim

2022 5288 2249 5346 cognata
2284 5287 2409 5331 sunt
2438 5293 2502 5329 ac
2541 5278 2861 5346 cougenita,
2895 5276 3083 5332 eadem
3135 5287 3264 5331 sunt
3298 5290 3353 5332 et
3387 5277 3604 5346 insepa-

2025 5347 2236 5402 rabilia.
2276 5349 2546 5416 lnterpres
2594 5348 2732 5399 male
2784 5348 3027 5401 retinens
3061 5347 3601 5417 vocemdqa'tptcrov,

2027 5419 2270 5472 inattdito
2316 5415 2476 5472 sensit
2523 5418 2776 5483 eXplieat,
2812 5418 2883 5470 ita
2924 5418 3154 5472 reddens
3187 5435 3201 5474 :
3235 5415 3366 5471 Cum
3398 5415 3605 5471 innata

2031 5488 2124 5541 tibi
2175 5484 2276 5552 sit,
2310 5504 2427 5553 qua:
2451 5486 2623 5558 inulla
2677 5487 3012 5558 gratiludiue
3040 5488 3370 5556 compensari
3401 5499 3599 5556 potest.

2031 5559 2362 5628 benignitatis
2407 5557 2647 5626 abyssus.
2683 5557 2852 5612 Certe
2901 5567 2959 5611 ut
3004 5557 3048 5611 is
3102 5557 3267 5611 multa
3319 5559 3503 5613 reddat
3535 5573 3602 5611 ex

2030 5628 2251 5691 Lexico,
2301 5629 2443 5682 haud
2496 5628 2638 5680 istud
2690 5639 2867 5693 putem
2898 5645 2964 5683 ex
2995 5643 3060 5682 eo
3096 5629 3320 5683 reddere
3361 5646 3375 5683 :
3413 5635 3470 5681 nt
3503 5644 3602 5680 nec

2033 5701 2217 5766 plura,
2256 5698 2477 5769 redditis
2505 5712 2536 5749 θ
2584 5696 2782 5753 Leviro
2813 5708 3017 5754 temere
3054 5699 3141 5753 hic
3177 5698 3376 5769 passim
3410 5700 3602 5752 absur-

2028 5771 2147 5823 dius
2184 5768 2409 5828 reddita.
2445 5769 2736 5823 Counzns.
