4064 6420
254 413 419 479 1093

1440 419 1723 479 ()RATPO
1766 418 1843 478 ΙΝ
1886 418 2247 480 PSALMUM
2289 418 2387 479 VI.

3431 426 3495 489 10
3503 428 3568 489 Ἃ

262 531 583 602 χαρίζεται.
616 528 775 593 Οἶδας
806 531 913 603 γὰρ
939 531 1038 601 τὴν
1076 532 1367 585 ἀσθένειαν
1398 534 1497 601 τῆς
1526 534 1745 599 φύσεως
1789 535 1855 596 ὡς

1972 535 2304 590 sericordias
2349 544 2469 587 tuas
2494 574 2510 597 ,
2540 544 2598 588 ut
2636 534 2888 588 laudetur
2942 536 2994 588 in
3029 550 3118 591 me
3142 538 3432 595 clementia
3476 550 3567 596 tua

263 624 490 689 πλάσας
515 640 530 655 ’
583 624 680 678 καὶ
742 619 895 688 οἶδας
938 625 1109 695 αὐτὴν
1147 624 1222 688 ὼς
1268 626 1633 695 ἐνδυσάμενος
1668 624 1862 695 αὐτὴν,

260 717 367 772 καὶ
416 716 601 781 σώσας
630 718 826 786 αὐτήν.

1979 641 2045 679 ac
2071 614 2399 696 benignitas.
2449 623 2601 682 Nam.
2621 635 2676 681 et
2709 627 2974 695 probatus
3019 628 3263 684 medicus
3305 640 3432 685 tunc
3473 633 3568 686 dc-

1978 733 2127 772 mum
2156 719 2409 774 laudatur
2450 728 2616 787 alque
2648 718 3000 774 admirationi
3031 729 3137 785 est,
3169 722 3389 790 quando
3421 724 3569 777 incu-

261 812 472 869 rabiles
503 828 567 867 ac
595 812 914 882 desperatos
957 813 1177 868 morbos
1218 823 1393 868 curat.
1430 811 1609 867 Bonus
1672 827 1890 882 quoque
1931 828 2026 868 rex
2072 823 2203 870 tunc
2251 816 2693 880 commendatur,
2740 829 2805 870 ac
2876 814 3075 870 celebri
3117 817 3346 871 habetur
3396 819 3564 882 fama,

260 922 395 962 cum
441 905 494 960 in
528 908 672 974 ipsos
710 907 877 962 etiam
922 907 1224 963 immeritos
1260 906 1549 963 muniﬁcus
1576 916 1681 962 est.
1731 907 1853 961 Scis
1883 909 2028 962 enim
2091 910 2347 965 humanae
2377 920 2586 965 natura:
2657 910 3121 978 imbecillitatem,
3148 927 3273 967 cum
3297 927 3417 968 eam
3449 920 3567 983 ipse

261 997 594 1054 formaveris
624 1017 641 1055 :
671 1001 782 1055 scis
810 1000 940 1053 item
988 1002 1132 1069 quod
1172 1000 1418 1054 eamdem
1452 1001 1571 1069 ipse
1601 1002 1984 1069 assumpseris,
2010 1018 2076 1058 ac
2104 1004 2280 1059 salute
2312 1006 2627 1059 donaveris.

340 1095 434 1147 Διὸ
470 1095 567 1147 καὶ
595 1093 692 1148 νῦν
721 1112 742 1144 ι
780 1093 955 1148 σῶσόν
992 1113 1059 1165 με
1096 1094 1289 1149 ἕνεκεν
1311 1096 1408 1149 τοῦ
1443 1096 1630 1158 ἐλέους
1660 1112 1780 1150 σου.
1825 1114 1845 1148 ι

154 1246 165 1256 ,
258 1185 364 1256 Μὴ
395 1186 602 1257 νικήσῃ
624 1187 669 1256 εή
694 1184 804 1256 ἐμὴ
840 1185 1009 1239 κακία
1044 1186 1144 1257 τὴν
1175 1186 1275 1257 σὴν
1308 1185 1743 1256 εὐσπλαγχνίαν,
1777 1185 1853 1257 μὴ

257 1278 522 1350 νικήσῃή
545 1278 654 1348 ἐμὴ
673 1278 917 1349 ῥᾳθυμία
942 1277 1042 1350 τὴν
1068 1278 1398 1333 ἀνείκαστον
1423 1296 1519 1332 σου
1546 1278 1741 1346 φιλανθ
1752 1295 1859 1348 ρω-

257 1372 424 1426 πίαν.
460 1390 483 1422 ι
509 1371 599 1440 Μὴ
631 1372 714 1434 εἰς
739 1370 925 1442 κρίσιν
953 1371 1115 1443 ἔλθῃς
1144 1372 1286 1442 μετὰ
1308 1371 1417 1425 τῶν
1448 1371 1653 1425 δούλων
1689 1389 1806 1427 σου.
1835 1392 1854 1425 ι

260 1464 336 1516 Εἰ
370 1462 481 1533 γάρ
540 1463 634 1516 καὶ
694 1462 960 1533 κριθῆναι⁵
1012 1462 1283 1534 βουληθῇς
1334 1464 1473 1535 πρὸς
1518 1466 1696 1535 ἡμᾶς,
1752 1468 1861 1519 πᾶν

260 1560 449 1630 στόμα
478 1559 824 1630 φραγήσεται
857 1558 934 1629 μὴ
962 1557 1084 1630 ἔχον
1111 1576 1165 1612 τι
1189 1559 1666 1631 ἀπολογήσασθαι.
1687 1560 1860 1632 Ὑπὲρ

259 1652 457 1706 πόσων
517 1653 626 1722 γὰρ
669 1652 978 1722 εὐργεσιῶν
1023 1652 1304 1722 δυνάμεθα
1343 1652 1858 1724 ἐξομολογήσασθαι

258 1744 338 1814 τῇ
388 1741 773 1812 ἀνεκδιηγήτῳ
812 1758 909 1795 σου
958 1741 1299 1812 ἀγαθότητι;
1340 1741 1433 1814 Μὴ
1490 1742 1654 1806 ὄντας
1711 1745 1859 1814 ἡμᾶς

260 1833 564 1904 ἐποίησαςς
615 1832 712 1884 καὶ
794 1833 1032 1900 ποιήσας
1090 1832 1443 1903 ἐπλήθυνας,
1505 1834 1852 1899 ἐσκέπασας,

2041 1098 2359 1168 Propterea,
2392 1116 2536 1155 nunc
2560 1114 2780 1172 quoque
2806 1117 2826 1152 ι
2863 1099 3074 1155 salvum
3101 1114 3187 1153 me
3211 1097 3298 1153 fac
3334 1108 3565 1169 propter

1970 1192 2402 1246 misericordiam
2433 1202 2605 1246 tuam.
2638 1211 2658 1245 ι
2700 1191 2778 1247 Ne
2805 1193 3237 1260 vincatkquazso,
3269 1201 3417 1244 tuam
3457 1193 3560 1244 mi-

1966 1283 2322 1337 sericordiam
2353 1298 2471 1337 mea
2497 1283 2702 1337 malitia
2734 1299 2749 1345 ;
2787 1296 2856 1336 ne
2883 1296 3002 1337 mea
3054 1282 3317 1352 segnities
3347 1284 3561 1336 inconi-

1968 1375 2271 1443 parabilem
2285 1384 2431 1429 tuam
2449 1374 2591 1429 illam
2611 1374 2952 1429 clementiam
2973 1383 3213 1442 superet.
3239 1391 3259 1424 ι
3288 1372 3362 1427 Ne
3383 1375 3559 1428 intres

1965 1467 2020 1521 in
2041 1466 2306 1535 judicium
2346 1481 2470 1520 cum
2520 1466 2694 1521 servis
2752 1465 2860 1519 tuis
2909 1465 2978 1519 ⁸⁸.
3016 1481 3036 1511 ι
3074 1463 3208 1518 Nam
3261 1465 3306 1519 si
3349 1463 3558 1532 judicio

1963 1558 2247 1612 nobiscum
2305 1558 2641 1613 contendere
2697 1557 2960 1624 volueris,
3004 1557 3248 1613 omnium
3293 1571 3386 1610 ora
3456 1555 3558 1611 ob-

1960 1657 2259 1710 struentur,
2295 1661 2396 1703 nec
2423 1648 2530 1702 erit
2556 1662 2666 1717 quo
2721 1662 2783 1702 se
2828 1647 2951 1716 quis
2980 1654 3229 1702 excuset.
3268 1643 3371 1712 Qui
3406 1646 3555 1700 enim

1959 1757 2060 1811 pro
2089 1741 2257 1796 tantis
2285 1742 2342 1796 in
2384 1756 2484 1797 nos
2515 1739 2799 1796 beneficiis
2833 1743 3110 1809 possimus
3138 1739 3273 1794 satis
3329 1738 3558 1802 laudare

1960 1832 2399 1902 inexplicabilem
2471 1841 2616 1888 tuam
2665 1830 3231 1888 bonitatemiFecisti
3282 1844 3382 1883 nos
3430 1843 3557 1884 cum

259 1925 552 1996 ηὓξησας,
610 1944 631 1977 ι
669 1924 849 1978 πάντα
894 1924 1173 1992 ὑπέταξας
1224 1926 1489 1980 ὑποκάτω
1528 1926 1637 1981 τῶν
1680 1926 1855 1981 ποδῶν

1965 1941 2068 1980 non
2106 1940 2376 1990 essemus,
2417 1925 2703 1996 factosque
2753 1941 2841 1981 ac.
2867 1934 3083 1981 creatos
3141 1921 3554 1994 multiplicasti;

262 2016 450 2087 ήμῶν.
488 2034 508 2066 ›
553 2010 688 2068 Εῐτα
746 2014 1128 2087 πλανηθέντας
1205 2017 1596 2088 ἐπέστρεψας,
1657 2018 1858 2071 ἀπολε-

267 2109 499 2173 σθέντας
550 2107 849 2180 ἐζήτησας,
902 2103 1101 2180 ηὖρας,
1136 2108 1467 2175 ἐϐάστασας,
1512 2110 1631 2182 ίδίῳ
1661 2110 1860 2182 αἵματι

265 2201 650 2271 ἐξηγόρασας,
701 2200 1099 2270 γυμνωθέντας
1154 2184 1435 2267 ἐνέδυσας,
1484 2203 1857 2258 ταπεινωθέν-

258 2311 368 2356 τας
396 2292 751 2357 ἐπλούτισας,
777 2292 928 2356 υἱοὺς
977 2293 1127 2363 ἡμᾶς
1166 2294 1262 2346 καὶ
1296 2292 1564 2362 ἀδελφοὺς
1598 2294 1695 2347 καὶ
1723 2293 1859 2364 κλη-

266 2386 538 2456 ρονόμους
566 2384 701 2439 Θεοῦ
743 2386 839 2438 καὶ
868 2387 1357 2457 συγκληρονόμους
1387 2385 1722 2456 πεποίηκας.
1752 2385 1861 2438 Καί

268 2495 330 2530 τι
379 2478 513 2547 πρὸς
542 2476 718 2531 ταῦτα
752 2479 918 2547 ἡμεῖς
978 2477 1437 2547 ἀπολογήσασθαι
1473 2478 1572 2549 οὐχ
1604 2478 1861 2548 εὑρίσκο-

270 2569 409 2640 μεν.
439 2571 526 2623 At?)
556 2570 626 2641 μὴ
659 2589 677 2622 ι
712 2570 964 2642 εἰσέλθῃς
995 2572 1079 2635 εἰς
1125 2570 1313 2641 κρίσιν
1348 2570 1490 2641 μετὰ
1536 2569 1634 2622 τοῦ
1666 2569 1860 2623 δούλου

275 2679 390 2714 σου.
423 2664 536 2729 »Μή
563 2662 989 2735 ἐπισταθμήσῃς
1018 2665 1140 2726 ταῖς
1194 2663 1356 2733 ήμῶν
1410 2661 1717 2733 ἁμαρτίαις
1760 2663 1862 2731 τὴν

268 2752 510 2822 ἀπειλήν
529 2769 542 2781 -
572 2753 732 2815 ἀλλὰ,
764 2773 782 2805 ι
826 2755 1176 2826 ἀποστρεψον
1207 2755 1269 2809 τὸ
1300 2754 1596 2826 πρόσωπόν
1631 2770 1726 2808 σου
1751 2755 1862 2808 ἀπὸ

262 2845 381 2898 τῶν
407 2847 650 2917 ἀνομιῶν
686 2847 867 2918 ήμῶν,
903 2865 923 2898 ι
973 2847 1070 2900 καὶ
1126 2848 1202 2918 μὴ
1240 2849 1452 2921 στήσῃς
1504 2847 1735 2911 δικαίως
1770 2848 1864 2900 τὸν

264 2935 437 3004 ζυγόν
470 2954 566 2991 σου
593 2955 610 2969 ο
648 2936 806 2999 ἀλλὰ,
843 2935 1219 3006 φιλάνθρωπε,
1258 2936 1423 3006 ρέψον
1465 2934 1564 2989 καὶ
1600 2953 1619 2986 ι
1676 2934 1863 2988 κλίνον

263 3030 334 3083 ἐκ
372 3030 566 3084 τούτου
625 3032 707 3094 εἰς
744 3030 924 3086 τοῦτο.
963 3050 982 3083 ι
1030 3031 1127 3084 Ἐκ
1174 3029 1268 3084 τοῦ
1298 3031 1572 3101 ἡμετέρου
1630 3029 1861 3101 φορτίου

267 3119 519 3191 βάρησον
546 3123 628 3185 εἰς
661 3122 722 3175 τὸ
758 3122 911 3185 ἔλεός
947 3139 1068 3188 σου,
1117 3122 1211 3175 καὶ
1246 3121 1446 3192 πάριδε
1497 3120 1765 3185 ἑκουσίως
1802 3120 1864 3174 τὸ

268 3208 439 3280 βάρος
470 3210 580 3265 τῶν
608 3211 894 3284 ἁμαρτιῶν
933 3211 1114 3283 ήμῶν,
1139 3213 1236 3265 καὶ
1266 3212 1543 3283 ὑπέρϐηθι
1566 3213 1627 3265 τὸ
1655 3212 1864 3284 πλῆθος

1967 2019 2277 2089 protexisti,
2328 2019 2625 2085 adanxisti,
2665 2036 2685 2071 ι
2749 2018 2933 2072 omnia
2984 2014 3275 2084 subiecisti
3303 2014 3402 2069 sub
3460 2027 3559 2081 pe-

1967 2109 2125 2162 dibus
2148 2107 2353 2163 nostris
2376 2109 2444 2163 ³¹.
2484 2126 2503 2158 ι
2559 2106 2694 2163 Post
2732 2107 2851 2162 haec
2907 2106 2962 2161 in
3014 2119 3260 2161 errorem
3302 2103 3557 2157 inductos

1967 2199 2309 2267 convcrtisti,
2344 2201 2587 2269 perditos
2617 2198 2947 2269 quzesivisti,
2973 2197 3253 2261 invenisti,
3274 2194 3556 2263 bajnlasti,

1969 2299 2065 2345 tuo
2131 2291 2305 2361 ipsius
2351 2291 2622 2361 sanguine
2686 2290 2992 2354 redemisti,
3029 2290 3263 2343 nudatos
3317 2286 3555 2350 vestisti,

1968 2392 2296 2438 extenuatos
2338 2382 2527 2438 ditasti
2580 2383 2731 2455 (18);
2763 2384 2904 2438 filios
2950 2397 3074 2445 nos,
3122 2390 3179 2439 et
3226 2381 3447 2444 fratres,
3492 2393 3561 2432 ac

1971 2477 2237 2542 bzeredes,
2276 2484 2333 2531 et
2361 2477 2680 2533 colueredes
2717 2476 2975 2532 effecisti.
3008 2473 3151 2529 Nihil
3179 2488 3314 2528 sane
3357 2484 3560 2525 occur-

1970 2581 2052 2624 ret
2081 2570 2224 2639 quod
2258 2570 2325 2624 ad
2380 2584 2444 2624 ea
2493 2569 2950 2637 respondeamus.
2982 2566 3164 2633 Quare
3205 2578 3277 2618 ne
3318 2582 3337 2614 ι
3388 2563 3562 2616 intra-

1972 2662 2116 2716 veris
2166 2662 2219 2714 in
2279 2660 2544 2729 judicium
2589 2676 2714 2715 cum
2764 2674 2926 2715 servo
2963 2668 3090 2724 tuo;
3125 2676 3144 2708 ›
3204 2669 3381 2725 neque
3436 2661 3560 2706 tuas

1972 2754 2147 2809 minas
2173 2767 2238 2808 ex
2265 2754 2493 2809 adverso
2527 2752 2769 2823 peccatis
2798 2751 3002 2805 nostris
3025 2748 3352 2818 appenderis
3387 2767 3401 2800 :
3435 2745 3558 2807 sed,

1976 2865 1995 2898 ι
2031 2840 2221 2901 averte
2254 2844 2451 2901 faciem
2513 2855 2662 2901 tuam
2706 2844 2775 2898 ab
2818 2841 3199 2912 iniquitatibus
3242 2838 3381 2892 meis
3410 2836 3492 2901 “;
3533 2854 3554 2887 ο

1971 2954 2075 2996 nec
2103 2939 2300 2995 libram
2342 2949 2490 2994 tuam
2512 2938 2661 3009 juste
2687 2945 2918 2999 statuas,
2947 2934 3043 2990 sed
3097 2933 3181 2986 fac
3216 2944 3459 3001 vergere,
3495 2944 3563 2984 ac

1976 3050 1998 3086 ι
2043 3031 2245 3089 inclina
2274 3046 2342 3086 ex
2379 3033 2483 3086 hoc
2510 3031 2564 3085 in
2589 3030 2694 3085 hoc
2720 3028 2786 3083 ³³.
2817 3045 2836 3079 ι
2870 3027 2947 3082 Ex
2984 3031 3178 3081 nostro
3198 3038 3365 3077 onere
3393 3036 3562 3091 grava

1972 3126 2031 3182 in
2059 3125 2218 3181 lance
2243 3134 2349 3179 tua:
2398 3121 2826 3181 misericordiae:
2857 3130 3158 3191 sponteque
3190 3128 3278 3173 tua
3308 3124 3565 3186 peccato-

1972 3233 2093 3273 rum
2136 3226 2380 3272 nostrum
2424 3215 2640 3286 pondus
2697 3214 2929 3285 neglige,
2959 3228 3023 3268 ac
3053 3210 3315 3282 grandem
3365 3221 3559 3261 nume-

267 3302 385 3354 τῶν
409 3303 652 3374 ἀνομιῶν
686 3302 866 3375 ήμῶν.
926 3305 1038 3358 Καὶ⁸
1095 3303 1272 3358 σῶσον
1312 3305 1463 3372 ἡμᾶς
1516 3303 1706 3357 ἕνεκεν
1760 3304 1855 3358 τοῦ

1970 3326 2087 3363 rum
2119 3309 2470 3379 iniquitatuin
2505 3319 2817 3364 nostrarum
2853 3306 3199 3361 transcende.
3225 3301 3419 3358 Salvos
3462 3315 3563 3354 nos

266 3393 463 3457 ἐλέους
494 3395 717 3457 σου,δι’
753 3390 815 3452 οὗ
874 3397 1081 3460 πάντες
1127 3398 1176 3450 οἱ
1227 3396 1499 3462 σωθέντες
1552 3396 1864 3468 ἐσώθησαν.

265 3485 395 3540 Κᾶν
424 3486 535 3556 γὰρ
564 3486 771 3539 Μωσὲα
799 3487 961 3553 εἴπω,
1018 3486 1135 3541 ἀλλ’
1165 3487 1287 3541 οὐδέ
1323 3488 1489 3551 αὐτὸς
1537 3488 1865 3559 ἀναμάρτη-

262 3597 385 3645 τος,
416 3580 553 3649 ὡςή
612 3579 807 3651 Γραφὴ
868 3580 1255 3652 ἐμαρτύρησε,
1318 3579 1422 3634 κᾶν
1481 3578 1718 3652 Ἀαρὼν,
1756 3580 1866 3635 κᾶν

255 3672 365 3724 ’τὸν
400 3672 567 3724 Δαϐὶδ
615 3673 968 3744 κατανοήσω,
1030 3673 1134 3727 κᾶν
1185 3673 1351 3727 αὐτὸν
1389 3676 1602 3727 ἐκεῖνον
1655 3674 1864 3746 Πέτρον

261 3763 364 3816 τὸν
388 3760 691 3835 κορυφαῖον
723 3766 817 3818 καὶ
860 3765 1057 3836 μέγαν,
1084 3766 1208 3820 οὐδὲ
1245 3766 1413 3830 αὐτὸς
1448 3767 1863 3838 ἀναμάρτητος,

259 3857 393 3913 οὐδὲ
438 3858 753 3928 ἄμεμπτος.
789 3858 881 3911 Διὸ
928 3859 1114 3912 πίστει
1143 3857 1294 3929 ζητῶ
1345 3858 1622 3931 σωθῆναι*
1650 3861 1863 3924 πίστει,

254 3953 326 4006 οὗ
400 3949 623 4021 πράξει,
679 3951 770 4004 ἶνα
814 3951 911 4005 καὶ
968 3953 1108 4024 πρὸς
1181 3953 1285 4023 ἐμὲ
1365 3955 1395 4007 ὁ
1464 3953 1858 4026 φιλάνθρωπος

259 4046 516 4115 εἴπῃςοι
587 4043 651 4097 Ἦ
706 4044 893 4109 πίστις
936 4063 1032 4100 σου
1082 4045 1295 4100 σέσωκέ
1349 4065 1431 4109 σε,
1483 4048 1720 4120 πορεύου
1777 4050 1860 4109 είς

259 4138 519 4210 εἰρήνην.
550 4154 570 4187 ι
598 4135 787 4201 Ὅσοις
820 4137 924 4209 γὶρ
944 4136 1355 4211 συνεχώρησας,
1381 4139 1652 4205 Δέσποτα,
1679 4140 1858 4193 οὐδενὶ

353 4284 401 4317 ³ο
435 4284 573 4340 Psal.
608 4302 771 4350 attrit,
799 4289 855 4342 9.

946 4286 987 4318 ³¹
1015 4288 1156 4344 Psal.
1186 4285 1301 4356 viti,
1325 4290 1378 4344 8.

268 4356 323 4390 ³⁸
352 4355 544 4410 Martii.
586 4373 735 4426 xui,
776 4360 867 4413 70.

1462 4290 1506 4324 “
1532 4291 1671 4348 Psal.
1702 4306 1755 4355 ιι,
1786 4290 1875 4343 ll.

1972 3402 2055 3456 fac
2097 3411 2321 3472 prapter
2364 3401 2797 3455 misericordiam
2851 3411 3021 3462 tuam,
3054 3413 3151 3463 per
3192 3410 3355 3466 quam
3411 3392 3563 3447 salu-

1970 3506 2079 3552 tem
2105 3495 2382 3551 consecuti
2418 3504 2547 3550 sunt
2594 3504 2862 3564 quotquot
2906 3492 3042 3547 salvi
3072 3491 3247 3545 fuere.
3277 3487 3412 3541 Nam
3444 3487 3564 3540 sive

1970 3588 2154 3644 Mosen
2185 3589 2398 3653 dixero,
2434 3603 2542 3643 non
2574 3597 2660 3641 est
2698 3587 2905 3656 absque
2944 3594 3191 3654 peccato,
3218 3582 3373 3652 juxta
3416 3579 3562 3650 quod

1972 3682 2255 3750 Scriptura
2302 3680 2457 3735 testis
2480 3691 2565 3735 est
2589 3680 2671 3745 "t;
2709 3680 2827 3734 sive
2860 3678 3117 3731 Davidein
3146 3671 3560 3745 cogitarem“;

1972 3773 2088 3828 sive
2114 3787 2368 3842 magnum
2397 3772 2573 3840 ipsum
2604 3770 2827 3827 Petrum
2876 3767 3161 3838 apostolici
3194 3777 3371 3821 cintus
3404 3766 3562 3836 prin-

1972 3865 2144 3935 cipem
2180 3865 2247 3929 ³⁸,
2281 3879 2348 3920 ne
2381 3846 2470 3919 liic
2496 3865 2713 3933 quidem
2744 3862 3004 3916 immunis
3033 3871 3117 3915 est
3153 3877 3182 3911 ιι
3215 3866 3465 3926 peccato,
3497 3870 3564 3909 ac

1970 3965 2129 4010 vacat
2168 3957 2419 4013 crimine.
2460 3957 2669 4011 Idcirco
2716 3971 2815 4025 per
2864 3954 3023 4007 fidem
3060 3951 3246 4004 salvus
3295 3950 3409 4002 fieri
3466 3961 3563 4000 cu-

1968 4050 2056 4118 pio
2091 4048 2354 4118 (l9);per
2380 4049 2564 4114 fidem,
2602 4049 2848 4117 inquam,
2878 4061 2983 4099 non
3008 4060 3073 4097 rx
3118 4057 3238 4096 meo
3276 4055 3477 4108 opere;
3506 4049 3563 4093 ut

1966 4150 2019 4197 et
2051 4156 2152 4210 ego
2178 4157 2207 4195 a
2235 4152 2323 4196 tua
2352 4141 2638 4197 clementia
2665 4140 2884 4195 audiam
2920 4158 2934 4195 :
2974 4159 2992 4192 ι
3034 4139 3197 4194 Fides
3227 4148 3317 4191 tua
3351 4145 3404 4188 tc
3438 4134 3555 4187 sal-

1944 4285 1989 4318 ⁸³
2020 4289 2159 4343 Psal.
2188 4292 2367 4354 tixxtv,
2403 4280 2456 4343 9.
2540 4286 2584 4317 "
2612 4285 2775 4341 Deut.
2806 4301 2955 4349 unt,
2976 4285 3068 4339 Ξῖ.
3147 4284 3192 4319 ³⁵
3222 4282 3265 4339 ll
3295 4284 3430 4355 Reg.
3463 4300 3539 4350 si,

1802 4495 2036 4555 ΝΟΤιΕ.

327 4642 448 4731 (IVS)
491 4641 838 4731 ‘ldccteiinatos
884 4648 1086 4704 ditasti.
1114 4650 1604 4731 _Ta1:sww_0évmc
1647 4653 1843 4731 ἐπλού-

1964 4656 2249 4714 :onferre’:
2282 4675 2347 4712 ac
2381 4674 2480 4715 nec
2534 4660 2661 4727 alia,
2701 4676 2765 4715 ac
2819 4662 3102 4731 sequentia
3151 4663 3309 4715 fidem
3334 4730 3339 4731 γ
3367 4660 3554 4714 confe—

241 4730 442 4794 τισας.
491 4713 756 4794 Videntur
797 4721 1065 4794 litecnon
1113 4723 1187 4775 ita
1224 4726 1505 4791 opposita;
1558 4713 1844 4792 potiusque

244 4787 818 4858 seribemlnuresset,
852 4789 1145 4857 ἁνύψωσας
1166 4810 1179 4824 ·
1217 4787 1486 4858 depressa:
1528 4787 1591 4847 ac
1619 4787 1845 4849 humiles

245 4856 577 4935 tablini/uti:
611 4855 799 4935 Putem
824 4855 1027 4928 aliquid
1060 4855 1381 4930 desiderari,
1417 4866 1548 4920 utin
1577 4864 1843 4933 ejusmodi

249 4927 467 4995 passim
494 4927 652 4980 solet.
686 4927 977 4984 Constans.

332 4995 450 5075 (ΑΨ)
485 4995 778 5075 Perﬁde»:
828 5001 1032 5075 salvum
1080 5002 1199 5071 ﬁeri
1250 5003 1423 5069 cupio.
1472 5004 1661 5059 Πίστει
1696 5007 1848 5075 ζητῶ

246 5064 741 5149 ῳοῇναι.ΛᾼΙ“ιει-ίι
774 5086 848 5149 aq
883 5070 1033 5149 Regii
1066 5064 1189 5149 cod.
1221 5064 1388 5149 editio
1415 5091 1429 5125 :
1468 5076 1656 5149 Πίστει
1706 5064 1846 5149 item

243 5137 421 5217 acciri}:
444 5137 685 5217 σωθῆναι
710 5139 878 5217 ζητεῖ).
905 5137 1012 5217 Ρέι·
1031 5143 1198 5217 solum
1218 5144 1373 5213 ﬁdem
1396 5146 1621 5199 salutem
1644 5137 1844 5217 qia-(iero:

244 5209 474 5273 Quibus
501 5210 683 5262 verbis
715 5213 845 5264 niliil
890 5209 1226 5268 Anastasius
1257 5218 1542 5270 catholici:
1580 5209 1849 5273 doctrinm

247 5278 609 5350 necessitatis
658 5297 884 5348 nperum
928 5285 1281 5350 adversatur;
1318 5287 1411 5339 sed
1460 5302 1645 5340 Vr’rattt
1685 5305 1846 5340 lttt'tm

249 5348 457 5422 Salutis
500 5349 738 5422 radicem
773 5353 1049 5421 assignat;
1107 5348 1276 5407 fidem
1303 5354 1447 5409 illam
1483 5373 1578 5422 per
1608 5360 1847 5411 Charita-

247 5429 371 5496 lem
403 5420 832 5496 ἐνεργουμένην,
853 5420 1005 5487 juxta
1040 5424 1296 5488 Paulum;
1328 5425 1380 5479 in
1404 5420 1507 5496 qua
1540 5430 1741 5482 virtute
1768 5432 1848 5481 iu-

244 5492 371 5545 sint
401 5506 592 5558 opera,
616 5494 691 5545 uti
730 5493 940 5549 fructus
971 5496 1021 5548 in
1049 5495 1229 5549 radice
1264 5512 1277 5548 :
1307 5505 1365 5549 ut
1396 5492 1528 5551 lilles
1564 5499 1626 5552 iis
1654 5512 1846 5551 carens

242 5575 363 5630 pro
389 5561 522 5630 loco
548 5577 611 5613 ac
644 5572 910 5629 tempore,
951 5565 1083 5619 fides
1130 5578 1339 5619 mortua
1370 5570 1462 5630 sit,
1494 5585 1598 5621 non
1633 5570 1749 5621 viva
1782 5586 1845 5622 ac

242 5629 568 5685 vivificans.
599 5630 775 5709 Opera
809 5644 988 5689 autem
1020 5651 1123 5709 non
1150 5650 1214 5691 ex
1247 5651 1305 5689 ea
1352 5638 1474 5701 fide,
1507 5654 1669 5709 opera
1716 5648 1843 5693 sunt

244 5716 368 5756 non
399 5710 621 5775 accepta
649 5702 780 5767 Deo,
806 5720 868 5760 ac
909 5721 1036 5759 vere
1061 5707 1198 5760 sicut
1236 5722 1445 5775 pannus
1488 5702 1840 5763 menstruam

244 5786 441 5847 coram
471 5772 656 5847 ipso:
691 5789 755 5847 ac
786 5776 829 5827 si
883 5776 994 5838 vis,
1029 5772 1277 5847 peccata,
1317 5779 1491 5845 ampla
1542 5781 1674 5833 satis
1722 5779 1837 5845 ejus

249 5841 406 5899 vocis
438 5842 859 5915 significatione,
886 5861 1006 5917 qua:
1030 5841 1272 5918 'pruinile
1303 5841 1573 5919 nequeant
1605 5841 1831 5907 saliilein

1951 4741 2097 4793 runt,
2133 4731 2234 4783 nisi
2260 4732 2375 4800 ejus
2400 4731 2448 4784 vi
2484 4749 2497 4786 :
2530 4733 2615 4785 cui
2643 4730 3196 4801 proinile,’Anastasii
3231 4748 3293 4783 ac
3327 4730 3549 4784 Patrum

1949 4803 2155 4867 plirasi,
2196 4809 2313 4854 tota
2363 4802 2479 4867 ipsa
2534 4804 2685 4855 salus
2716 4804 2865 4857 velut
2918 4804 3214 4856 iutrinsece
3249 4816 3313 4852 ac
3350 4801 3551 4853 forma-

1950 4872 2095 4935 liter,
2143 4881 2202 4924 nt
2247 4883 2476 4933 vocant,
2528 4886 2595 4925 ac
2624 4887 2721 4940 per
2754 4888 2814 4926 se
2861 4874 3070 4939 primo,
3127 4871 3291 4925 tribni
3330 4879 3548 4938 potest:

1947 4957 2259 5010 quanquam
2303 4955 2487 4997 nostra
2521 4951 2765 5010 tempora
2807 4943 3194 4997 hereticorum
3231 4941 3403 4995 abusu
3444 4940 3547 4992 ali-

1948 5028 2109 5084 quani
2159 5014 2379 5084 exiga_nt
2431 5012 2766 5067 cantionem.
2826 5013 3026 5067 Eodem
3065 5012 3207 5084 ston
3243 5027 3304 5084 ac
3359 5011 3545 5084 p|t_t':tsi

1950 5029 2109 5064 inani
2159 5028 2379 5081 eXlgmtl
2431 5028 2766 5067 cantionem.
2826 5028 3026 5067 nouem
3065 5028 3207 5084 styto
3243 5028 3304 5065 ac
3359 5028 3545 5078 purast

1950 5028 2249 5150 éregorins
2295 5081 2605 5147 Tltenlogns
2660 5085 2712 5136 in
2774 5082 3264 5149 Atltanasio,‘viri
3322 5080 3546 5148 perfecti

1954 5152 2129 5205 ideatn
2163 5154 2216 5206 in
2260 5155 2489 5207 scicntia
2515 5152 2839 5218 Trinitatis,
2881 5171 2893 5208 ι
2948 5153 3356 5218 Ι⁴“ἱι1εἱ.ι1υίίιιὶι,
3400 5151 3544 5204 nulla

1950 5238 2177 5290 operum
2243 5227 2550 5293 mentione,
2610 5225 2658 5276 iit
2720 5241 2828 5292 quo
2884 5241 3071 5279 sanant
3120 5227 3237 5293 ejus
3274 5239 3338 5276 ac
3379 5222 3542 5274 altam

1951 5300 2190 5346 tuentem
2228 5295 2287 5349 Ι).
2331 5292 2601 5349 Maximus
2638 5294 2773 5347 fusis
2825 5299 3114 5349 admodum
3151 5292 3546 5360 disputationi-

1950 5362 2049 5416 ltus
2079 5375 2323 5419 enarrat.
2378 5363 2573 5419 Totum
2624 5365 2754 5417 illud
2789 5365 2903 5433 ejus
2938 5366 2990 5419 in
3039 5365 3361 5434 Gregorium
3406 5378 3543 5432 opus

1946 5447 2010 5507 ex
2051 5435 2182 5507 llcg.
2215 5436 2403 5488 codice
2441 5438 2611 5489 nnilto
2645 5438 2877 5505 pridem.
2917 5435 3011 5490 sed
3039 5435 3323 5507 ingratiori
3359 5434 3545 5487 labore

1947 5501 2138 5575 Latine
2199 5506 2427 5571 reddidi,
2468 5501 2776 5575 novamque
2829 5506 3045 5561 Maximi
3096 5501 3389 5561 editionem
3442 5518 3540 5572 pa-

1958 5574 2098 5647 ranti
2152 5590 2218 5628 ex
2269 5575 2396 5629 cieri
2452 5574 2695 5637 ordine.
2738 5580 2956 5635 tradidi.
3000 5577 3323 5647 Adjeceram
3362 5584 3539 5647 notas,

1953 5644 2152 5711 quibus
2182 5648 2420 5700 maxime
2468 5647 2748 5702 lleliraicte
2795 5663 2956 5704 voces
3003 5644 3426 5708 illustrareutur.
3485 5645 3538 5698 in

1950 5714 2151 5783 quibus
2184 5717 2275 5770 ille
2321 5731 2515 5772 sensus
2568 5719 2830 5786 inysticos
2864 5719 3077 5786 fundat,
3112 5735 3175 5773 ac
3204 5716 3541 5785 contempla-

1950 5786 2145 5854 tiones,
2180 5801 2316 5856 quas
2348 5798 2526 5842 vocat.
2560 5789 2855 5847 COIBBFIS.
