  <div class='ocr_page' id='page_1' title='image "/cluster/home/n/w/nwhite01/storage/ocr_20150623/89/coo.31924054869932/564.png"; bbox 0 0 4064 6418; ppageno 0'>
   <div class='ocr_carea' id='block_1_1' title="bbox 373 300 513 370">
    <p class='ocr_par' dir='ltr' id='par_1_1' title="bbox 373 300 513 370">
     <span class='ocr_line' id='line_1_1' title="bbox 373 300 513 370; baseline 0 -1"><span class='ocrx_word' id='word_1_1' title='bbox 373 300 513 370; x_wconf 82' lang='grc'>1101</span> 
     </span>
    </p>
   </div>
   <div class='ocr_carea' id='block_1_2' title="bbox 1549 273 2492 353">
    <p class='ocr_par' dir='ltr' id='par_1_2' title="bbox 1549 273 2492 353">
     <span class='ocr_line' id='line_1_2' title="bbox 1549 273 2492 353; baseline -0.013 0"><span class='ocrx_word' id='word_1_2' title='bbox 1549 285 1830 353; x_wconf 75' lang='lat' dir='ltr'>ORATIO</span> <span class='ocrx_word' id='word_1_3' title='bbox 1867 285 1952 348; x_wconf 86' lang='lat' dir='ltr'><strong>IN</strong></span> <span class='ocrx_word' id='word_1_4' title='bbox 1992 278 2355 344; x_wconf 69' lang='lat' dir='ltr'>PSALMUM</span> <span class='ocrx_word' id='word_1_5' title='bbox 2393 273 2492 341; x_wconf 80' lang='lat' dir='ltr'>VI.</span> 
     </span>
    </p>
   </div>
   <div class='ocr_carea' id='block_1_3' title="bbox 3501 262 3637 335">
    <p class='ocr_par' dir='ltr' id='par_1_3' title="bbox 3501 262 3637 335">
     <span class='ocr_line' id='line_1_3' title="bbox 3501 262 3637 335; baseline -0.007 0"><span class='ocrx_word' id='word_1_6' title='bbox 3501 262 3637 335; x_wconf 68' lang='grc' dir='ltr'>11Οὲ</span> 
     </span>
    </p>
   </div>
   <div class='ocr_carea' id='block_1_4' title="bbox 373 386 1976 489">
    <p class='ocr_par' dir='ltr' id='par_1_4' title="bbox 373 399 1962 489">
     <span class='ocr_line' id='line_1_4' title="bbox 373 399 1962 489; baseline -0.016 -17"><span class='ocrx_word' id='word_1_7' title='bbox 373 419 588 489; x_wconf 79' lang='grc' dir='ltr'>πραεῖς.</span> <span class='ocrx_word' id='word_1_8' title='bbox 633 433 652 466; x_wconf 71' lang='grc' dir='ltr'>ι</span> <span class='ocrx_word' id='word_1_9' title='bbox 679 403 832 482; x_wconf 72' lang='grc' dir='ltr'>Ἀρα</span> <span class='ocrx_word' id='word_1_10' title='bbox 851 410 912 464; x_wconf 82' lang='grc' dir='ltr'>οὐ</span> <span class='ocrx_word' id='word_1_11' title='bbox 941 408 1144 470; x_wconf 78' lang='grc' dir='ltr'>πάντες</span> <span class='ocrx_word' id='word_1_12' title='bbox 1167 402 1566 476; x_wconf 71' lang='grc' dir='ltr'>ὁμολογοῦμεν,</span> <span class='ocrx_word' id='word_1_13' title='bbox 1591 401 1676 454; x_wconf 75' lang='grc' dir='ltr'>ὅτι</span> <span class='ocrx_word' id='word_1_14' title='bbox 1703 403 1737 468; x_wconf 77' lang='grc' dir='ltr'><strong>ἡ</strong></span> <span class='ocrx_word' id='word_1_15' title='bbox 1770 399 1962 465; x_wconf 58' lang='grc' dir='ltr'>νεότης</span> 
     </span>
    </p>
   </div>
   <div class='ocr_carea' id='block_1_5' title="bbox 2078 386 3634 489">
    <p class='ocr_par' dir='ltr' id='par_1_5' title="bbox 2078 386 3634 460">
     <span class='ocr_line' id='line_1_5' title="bbox 2078 386 3634 460; baseline -0.004 -12"><span class='ocrx_word' id='word_1_16' title='bbox 2078 395 2295 459; x_wconf 71' lang='lat' dir='ltr'><strong>senium,</strong></span> <span class='ocrx_word' id='word_1_17' title='bbox 2336 411 2353 443; x_wconf 78' lang='grc' dir='ltr'>ι</span> <span class='ocrx_word' id='word_1_18' title='bbox 2392 389 2540 447; x_wconf 84' lang='lat' dir='ltr'><strong>Beati</strong></span> <span class='ocrx_word' id='word_1_19' title='bbox 2576 391 2754 448; x_wconf 83' lang='lat' dir='ltr'>mites.</span> <span class='ocrx_word' id='word_1_20' title='bbox 2799 409 2818 443; x_wconf 72' lang='grc' dir='ltr'>ι</span> <span class='ocrx_word' id='word_1_21' title='bbox 2851 386 2920 445; x_wconf 77' lang='lat' dir='ltr'><strong>At</strong></span> <span class='ocrx_word' id='word_1_22' title='bbox 2967 387 3206 460; x_wconf 86' lang='lat' dir='ltr'><strong>nunquid</strong></span> <span class='ocrx_word' id='word_1_23' title='bbox 3253 399 3439 444; x_wconf 82' lang='lat' dir='ltr'><strong>onlnes</strong></span> <span class='ocrx_word' id='word_1_24' title='bbox 3494 387 3634 442; x_wconf 79' lang='lat' dir='ltr'><strong>fate-</strong></span> 
     </span>
    </p>
   </div>
   <div class='ocr_carea' id='block_1_6' title="bbox 371 488 1959 578">
    <p class='ocr_par' dir='ltr' id='par_1_6' title="bbox 371 488 1959 578">
     <span class='ocr_line' id='line_1_6' title="bbox 371 488 1959 578; baseline -0.014 -16"><span class='ocrx_word' id='word_1_25' title='bbox 371 488 614 578; x_wconf 73' lang='grc' dir='ltr'>ὀξυτέρα</span> <span class='ocrx_word' id='word_1_26' title='bbox 641 503 762 557; x_wconf 72' lang='grc' dir='ltr'>ἐστὶ</span> <span class='ocrx_word' id='word_1_27' title='bbox 785 503 879 555; x_wconf 79' lang='grc' dir='ltr'>καὶ</span> <span class='ocrx_word' id='word_1_28' title='bbox 901 499 1214 572; x_wconf 81' lang='grc' dir='ltr'>θερμοτέρα</span> <span class='ocrx_word' id='word_1_29' title='bbox 1245 495 1382 567; x_wconf 77' lang='grc' dir='ltr'>πρὸς</span> <span class='ocrx_word' id='word_1_30' title='bbox 1429 493 1627 564; x_wconf 82' lang='grc' dir='ltr'>ὀργήν·</span> <span class='ocrx_word' id='word_1_31' title='bbox 1671 491 1730 543; x_wconf 83' lang='grc' dir='ltr'>τὸ</span> <span class='ocrx_word' id='word_1_32' title='bbox 1763 489 1821 543; x_wconf 79' lang='grc' dir='ltr'>δὲ</span> <span class='ocrx_word' id='word_1_33' title='bbox 1857 488 1959 558; x_wconf 78' lang='grc' dir='ltr'>γῆ-</span> 
     </span>
    </p>
   </div>
   <div class='ocr_carea' id='block_1_7' title="bbox 375 584 1957 670">
    <p class='ocr_par' dir='ltr' id='par_1_7' title="bbox 375 584 1957 670">
     <span class='ocr_line' id='line_1_7' title="bbox 375 584 1957 670; baseline -0.014 -16"><span class='ocrx_word' id='word_1_34' title='bbox 375 620 481 668; x_wconf 87' lang='grc' dir='ltr'>ρας</span> <span class='ocrx_word' id='word_1_35' title='bbox 509 597 822 670; x_wconf 77' lang='grc' dir='ltr'>πραΰτερον</span> <span class='ocrx_word' id='word_1_36' title='bbox 851 611 868 658; x_wconf 87' lang='lat'>;</span> <span class='ocrx_word' id='word_1_37' title='bbox 914 591 1190 655; x_wconf 80' lang='grc' dir='ltr'>Ὡσαύτως</span> <span class='ocrx_word' id='word_1_38' title='bbox 1216 589 1313 642; x_wconf 70' lang='grc' dir='ltr'>ἐὰν</span> <span class='ocrx_word' id='word_1_39' title='bbox 1356 586 1544 656; x_wconf 76' lang='grc' dir='ltr'>σαφῶς</span> <span class='ocrx_word' id='word_1_40' title='bbox 1591 584 1957 650; x_wconf 62' lang='grc' dir='ltr'>κατανοήσῃς,</span> 
     </span>
    </p>
   </div>
   <div class='ocr_carea' id='block_1_8' title="bbox 2064 479 3638 552">
    <p class='ocr_par' dir='ltr' id='par_1_8' title="bbox 2064 479 3638 552">
     <span class='ocr_line' id='line_1_8' title="bbox 2064 479 3638 552; baseline -0.006 -15"><span class='ocrx_word' id='word_1_41' title='bbox 2064 499 2187 538; x_wconf 90' lang='lat' dir='ltr'><strong>mur</strong></span> <span class='ocrx_word' id='word_1_42' title='bbox 2221 485 2364 552; x_wconf 89' lang='lat' dir='ltr'><strong>quod</strong></span> <span class='ocrx_word' id='word_1_43' title='bbox 2397 485 2461 536; x_wconf 89' lang='lat' dir='ltr'>ad</span> <span class='ocrx_word' id='word_1_44' title='bbox 2506 483 2646 536; x_wconf 89' lang='lat' dir='ltr'><strong>iram</strong></span> <span class='ocrx_word' id='word_1_45' title='bbox 2681 481 3000 552; x_wconf 82' lang='lat' dir='ltr'>propensior</span> <span class='ocrx_word' id='word_1_46' title='bbox 3045 483 3117 536; x_wconf 87' lang='lat' dir='ltr'><strong>sit</strong></span> <span class='ocrx_word' id='word_1_47' title='bbox 3166 496 3231 534; x_wconf 88' lang='lat' dir='ltr'>ac</span> <span class='ocrx_word' id='word_1_48' title='bbox 3265 479 3524 536; x_wconf 83' lang='lat' dir='ltr'><strong>calenttor</strong></span> <span class='ocrx_word' id='word_1_49' title='bbox 3550 479 3638 548; x_wconf 87' lang='lat' dir='ltr'>ju-</span> 
     </span>
    </p>
   </div>
   <div class='ocr_carea' id='block_1_9' title="bbox 2060 571 3640 643">
    <p class='ocr_par' dir='ltr' id='par_1_9' title="bbox 2060 571 3640 643">
     <span class='ocr_line' id='line_1_9' title="bbox 2060 571 3640 643; baseline -0.006 -13"><span class='ocrx_word' id='word_1_50' title='bbox 2060 586 2288 643; x_wconf 78' lang='lat' dir='ltr'>ventus;</span> <span class='ocrx_word' id='word_1_51' title='bbox 2313 573 2564 630; x_wconf 76' lang='lat' dir='ltr'><strong>setiectus</strong></span> <span class='ocrx_word' id='word_1_52' title='bbox 2595 588 2724 629; x_wconf 90' lang='lat' dir='ltr'><strong>vero</strong></span> <span class='ocrx_word' id='word_1_53' title='bbox 2749 574 2818 628; x_wconf 89' lang='lat' dir='ltr'>sil</span> <span class='ocrx_word' id='word_1_54' title='bbox 2863 572 3085 627; x_wconf 79' lang='lat' dir='ltr'><strong>mitior?</strong></span> <span class='ocrx_word' id='word_1_55' title='bbox 3119 571 3368 636; x_wconf 80' lang='lat' dir='ltr'>Perinde,</span> <span class='ocrx_word' id='word_1_56' title='bbox 3406 571 3450 626; x_wconf 91' lang='lat' dir='ltr'><strong>si</strong></span> <span class='ocrx_word' id='word_1_57' title='bbox 3494 582 3640 625; x_wconf 70' lang='lat' dir='ltr'><strong>rel-te</strong></span> 
     </span>
    </p>
   </div>
   <div class='ocr_carea' id='block_1_10' title="bbox 371 661 1976 760">
    <p class='ocr_par' dir='ltr' id='par_1_10' title="bbox 371 661 1961 760">
     <span class='ocr_line' id='line_1_10' title="bbox 371 661 1961 760; baseline -0.012 -16"><span class='ocrx_word' id='word_1_58' title='bbox 371 661 631 760; x_wconf 75' lang='grc' dir='ltr'>εὑρήσεις</span> <span class='ocrx_word' id='word_1_59' title='bbox 667 661 1100 756; x_wconf 44' lang='grc' dir='ltr'>συ-νεργέστερόν</span> <span class='ocrx_word' id='word_1_60' title='bbox 1149 697 1232 734; x_wconf 90' lang='grc' dir='ltr'>σοι</span> <span class='ocrx_word' id='word_1_61' title='bbox 1275 681 1341 732; x_wconf 88' lang='grc' dir='ltr'>τὸ</span> <span class='ocrx_word' id='word_1_62' title='bbox 1372 678 1548 748; x_wconf 80' lang='grc' dir='ltr'>γῆρας</span> <span class='ocrx_word' id='word_1_63' title='bbox 1584 675 1722 746; x_wconf 85' lang='grc' dir='ltr'>πρὸς</span> <span class='ocrx_word' id='word_1_64' title='bbox 1778 675 1961 726; x_wconf 79' lang='grc' dir='ltr'>πᾶσαν</span> 
     </span>
    </p>
   </div>
   <div class='ocr_carea' id='block_1_11' title="bbox 2078 661 3638 760">
    <p class='ocr_par' dir='ltr' id='par_1_11' title="bbox 2078 661 3638 734">
     <span class='ocr_line' id='line_1_11' title="bbox 2078 661 3638 734; baseline -0.004 -14"><span class='ocrx_word' id='word_1_65' title='bbox 2078 666 2404 734; x_wconf 74' lang='lat' dir='ltr'><strong>:xpeurleris,</strong></span> <span class='ocrx_word' id='word_1_66' title='bbox 2437 665 2677 720; x_wconf 78' lang='lat' dir='ltr'>invenies</span> <span class='ocrx_word' id='word_1_67' title='bbox 2729 673 3003 720; x_wconf 84' lang='lat' dir='ltr'>senectam</span> <span class='ocrx_word' id='word_1_68' title='bbox 3051 664 3210 734; x_wconf 78' lang='lat' dir='ltr'><strong>longe</strong></span> <span class='ocrx_word' id='word_1_69' title='bbox 3241 663 3503 732; x_wconf 80' lang='lat' dir='ltr'>aptiorem</span> <span class='ocrx_word' id='word_1_70' title='bbox 3545 661 3638 714; x_wconf 85' lang='lat' dir='ltr'><strong>tibi</strong></span> 
     </span>
    </p>
   </div>
   <div class='ocr_carea' id='block_1_12' title="bbox 371 765 2011 848">
    <p class='ocr_par' dir='ltr' id='par_1_12' title="bbox 371 765 2011 848">
     <span class='ocr_line' id='line_1_12' title="bbox 371 765 2011 848; baseline -0.013 -13"><span class='ocrx_word' id='word_1_71' title='bbox 371 781 531 836; x_wconf 81' lang='grc' dir='ltr'>θείαν</span> <span class='ocrx_word' id='word_1_72' title='bbox 552 777 775 848; x_wconf 77' lang='grc' dir='ltr'>ἐντολὴν</span> <span class='ocrx_word' id='word_1_73' title='bbox 808 775 950 844; x_wconf 77' lang='grc' dir='ltr'>ὑπὲρ</span> <span class='ocrx_word' id='word_1_74' title='bbox 977 773 1078 844; x_wconf 80' lang='grc' dir='ltr'>τὴν</span> <span class='ocrx_word' id='word_1_75' title='bbox 1108 771 1362 841; x_wconf 87' lang='grc' dir='ltr'>νεότητα.</span> <span class='ocrx_word' id='word_1_76' title='bbox 1399 769 1486 822; x_wconf 87' lang='grc' dir='ltr'>Ἐν</span> <span class='ocrx_word' id='word_1_77' title='bbox 1515 765 1626 836; x_wconf 86' lang='grc' dir='ltr'>γὰρ</span> <span class='ocrx_word' id='word_1_78' title='bbox 1649 767 1714 832; x_wconf 81' lang='grc' dir='ltr'>τῇ</span> <span class='ocrx_word' id='word_1_79' title='bbox 1747 765 1961 832; x_wconf 82' lang='grc' dir='ltr'>νεότητι</span> <span class='ocrx_word' id='word_1_80' title='bbox 2007 837 2011 842; x_wconf 68' lang='lat'><strong><em>_</em></strong></span> 
     </span>
    </p>
   </div>
   <div class='ocr_carea' id='block_1_13' title="bbox 373 855 1962 936">
    <p class='ocr_par' dir='ltr' id='par_1_13' title="bbox 373 855 1962 936">
     <span class='ocr_line' id='line_1_13' title="bbox 373 855 1962 936; baseline -0.011 -12"><span class='ocrx_word' id='word_1_81' title='bbox 373 871 475 924; x_wconf 70' lang='grc' dir='ltr'>καὶ</span> <span class='ocrx_word' id='word_1_82' title='bbox 513 868 674 923; x_wconf 82' lang='grc' dir='ltr'>ὁτῶν</span> <span class='ocrx_word' id='word_1_83' title='bbox 724 866 997 936; x_wconf 80' lang='grc' dir='ltr'>σωμάτων</span> <span class='ocrx_word' id='word_1_84' title='bbox 1049 862 1192 930; x_wconf 68' lang='grc' dir='ltr'>ἔρως</span> <span class='ocrx_word' id='word_1_85' title='bbox 1245 863 1306 914; x_wconf 81' lang='grc' dir='ltr'>ὲν</span> <span class='ocrx_word' id='word_1_86' title='bbox 1346 861 1480 930; x_wconf 76' lang='grc' dir='ltr'>ἡμῖν</span> <span class='ocrx_word' id='word_1_87' title='bbox 1531 857 1866 910; x_wconf 75' lang='grc' dir='ltr'>ἁνὰπτεταιο</span> <span class='ocrx_word' id='word_1_88' title='bbox 1903 855 1962 906; x_wconf 79' lang='grc' dir='ltr'>ὲν</span> 
     </span>
    </p>
   </div>
   <div class='ocr_carea' id='block_1_14' title="bbox 370 947 1960 1032">
    <p class='ocr_par' dir='ltr' id='par_1_14' title="bbox 370 947 1960 1032">
     <span class='ocr_line' id='line_1_14' title="bbox 370 947 1960 1032; baseline -0.012 -16"><span class='ocrx_word' id='word_1_89' title='bbox 370 963 612 1032; x_wconf 86' lang='grc' dir='ltr'>νεότητι,</span> <span class='ocrx_word' id='word_1_90' title='bbox 644 961 739 1012; x_wconf 74' lang='grc' dir='ltr'>καὶ</span> <span class='ocrx_word' id='word_1_91' title='bbox 767 960 801 1028; x_wconf 75' lang='grc' dir='ltr'>ἡ</span> <span class='ocrx_word' id='word_1_92' title='bbox 831 958 934 1027; x_wconf 82' lang='grc' dir='ltr'>τῆς</span> <span class='ocrx_word' id='word_1_93' title='bbox 969 953 1354 1026; x_wconf 84' lang='grc' dir='ltr'>φυλαργυρίας</span> <span class='ocrx_word' id='word_1_94' title='bbox 1385 953 1410 992; x_wconf 70' lang='grc' dir='ltr'>ι</span> <span class='ocrx_word' id='word_1_95' title='bbox 1443 951 1678 1021; x_wconf 77' lang='grc' dir='ltr'>κάμινος</span> <span class='ocrx_word' id='word_1_96' title='bbox 1711 947 1960 1014; x_wconf 79' lang='grc' dir='ltr'>πολεμεῖ,</span> 
     </span>
    </p>
   </div>
   <div class='ocr_carea' id='block_1_15' title="bbox 371 1039 1960 1120">
    <p class='ocr_par' dir='ltr' id='par_1_15' title="bbox 371 1039 1960 1120">
     <span class='ocr_line' id='line_1_15' title="bbox 371 1039 1960 1120; baseline -0.011 -13"><span class='ocrx_word' id='word_1_97' title='bbox 371 1056 472 1108; x_wconf 77' lang='grc' dir='ltr'>καὶ</span> <span class='ocrx_word' id='word_1_98' title='bbox 506 1053 572 1106; x_wconf 76' lang='grc' dir='ltr'>τὰ</span> <span class='ocrx_word' id='word_1_99' title='bbox 605 1049 836 1104; x_wconf 82' lang='grc' dir='ltr'>πλεῖστα</span> <span class='ocrx_word' id='word_1_100' title='bbox 857 1048 1028 1117; x_wconf 80' lang='grc' dir='ltr'>πάθη,</span> <span class='ocrx_word' id='word_1_101' title='bbox 1062 1048 1232 1120; x_wconf 71' lang='grc' dir='ltr'>ἧγουν</span> <span class='ocrx_word' id='word_1_102' title='bbox 1253 1047 1287 1116; x_wconf 84' lang='grc' dir='ltr'><strong>ἡ</strong></span> <span class='ocrx_word' id='word_1_103' title='bbox 1316 1043 1612 1110; x_wconf 77' lang='grc' dir='ltr'>κενοδοξία,</span> <span class='ocrx_word' id='word_1_104' title='bbox 1653 1041 1747 1094; x_wconf 72' lang='grc' dir='ltr'>καὶ</span> <span class='ocrx_word' id='word_1_105' title='bbox 1782 1041 1814 1108; x_wconf 80' lang='grc' dir='ltr'>ἡ</span> <span class='ocrx_word' id='word_1_106' title='bbox 1841 1039 1960 1107; x_wconf 79' lang='grc' dir='ltr'>φιλ⁶</span> 
     </span>
    </p>
   </div>
   <div class='ocr_carea' id='block_1_16' title="bbox 371 1127 1962 1218">
    <p class='ocr_par' dir='ltr' id='par_1_16' title="bbox 371 1127 1962 1218">
     <span class='ocr_line' id='line_1_16' title="bbox 371 1127 1962 1218; baseline -0.013 -18"><span class='ocrx_word' id='word_1_107' title='bbox 371 1145 642 1218; x_wconf 88' lang='grc' dir='ltr'>αργυρία,</span> <span class='ocrx_word' id='word_1_108' title='bbox 700 1142 798 1196; x_wconf 73' lang='grc' dir='ltr'>καὶ</span> <span class='ocrx_word' id='word_1_109' title='bbox 833 1143 866 1212; x_wconf 89' lang='grc' dir='ltr'><strong>ή</strong></span> <span class='ocrx_word' id='word_1_110' title='bbox 899 1137 1344 1210; x_wconf 78' lang='grc' dir='ltr'>γαστριμαργία,</span> <span class='ocrx_word' id='word_1_111' title='bbox 1387 1135 1486 1188; x_wconf 74' lang='grc' dir='ltr'>καὶ</span> <span class='ocrx_word' id='word_1_112' title='bbox 1517 1135 1550 1204; x_wconf 80' lang='grc' dir='ltr'>ἡ</span> <span class='ocrx_word' id='word_1_113' title='bbox 1601 1127 1962 1204; x_wconf 81' lang='grc' dir='ltr'>μνησικακία,</span> 
     </span>
    </p>
   </div>
   <div class='ocr_carea' id='block_1_17' title="bbox 368 1219 1960 1306">
    <p class='ocr_par' dir='ltr' id='par_1_17' title="bbox 368 1219 1960 1306">
     <span class='ocr_line' id='line_1_17' title="bbox 368 1219 1960 1306; baseline -0.012 -14"><span class='ocrx_word' id='word_1_114' title='bbox 368 1239 478 1292; x_wconf 77' lang='grc' dir='ltr'>καὶ</span> <span class='ocrx_word' id='word_1_115' title='bbox 506 1239 540 1306; x_wconf 85' lang='grc' dir='ltr'><strong>ή</strong></span> <span class='ocrx_word' id='word_1_116' title='bbox 574 1232 884 1296; x_wconf 76' lang='grc' dir='ltr'>πλεονεξία.</span> <span class='ocrx_word' id='word_1_117' title='bbox 922 1230 1034 1286; x_wconf 70' lang='grc' dir='ltr'>Καὶ</span> <span class='ocrx_word' id='word_1_118' title='bbox 1085 1228 1339 1296; x_wconf 84' lang='grc' dir='ltr'>καθάπερ</span> <span class='ocrx_word' id='word_1_119' title='bbox 1388 1227 1483 1279; x_wconf 86' lang='grc' dir='ltr'>δύο</span> <span class='ocrx_word' id='word_1_120' title='bbox 1513 1223 1678 1278; x_wconf 82' lang='grc' dir='ltr'>τινῶν</span> <span class='ocrx_word' id='word_1_121' title='bbox 1707 1219 1960 1276; x_wconf 67' lang='grc' dir='ltr'>παλαιόνς</span> 
     </span>
    </p>
   </div>
   <div class='ocr_carea' id='block_1_18' title="bbox 369 1311 1968 1394">
    <p class='ocr_par' dir='ltr' id='par_1_18' title="bbox 369 1311 1968 1394">
     <span class='ocr_line' id='line_1_18' title="bbox 369 1311 1968 1394; baseline -0.011 -12"><span class='ocrx_word' id='word_1_122' title='bbox 369 1344 512 1391; x_wconf 83' lang='grc' dir='ltr'>των,</span> <span class='ocrx_word' id='word_1_123' title='bbox 540 1327 635 1380; x_wconf 73' lang='grc' dir='ltr'>ἐὰν</span> <span class='ocrx_word' id='word_1_124' title='bbox 663 1328 690 1379; x_wconf 89' lang='grc' dir='ltr'>ό</span> <span class='ocrx_word' id='word_1_125' title='bbox 719 1319 802 1388; x_wconf 77' lang='grc' dir='ltr'>εἷς</span> <span class='ocrx_word' id='word_1_126' title='bbox 833 1321 1063 1392; x_wconf 80' lang='grc' dir='ltr'>ἀσθενὴς</span> <span class='ocrx_word' id='word_1_127' title='bbox 1085 1316 1142 1394; x_wconf 82' lang='grc' dir='ltr'>ᾗ,</span> <span class='ocrx_word' id='word_1_128' title='bbox 1167 1322 1194 1372; x_wconf 86' lang='grc' dir='ltr'>ὁ</span> <span class='ocrx_word' id='word_1_129' title='bbox 1219 1321 1408 1388; x_wconf 75' lang='grc' dir='ltr'>ἔτερος</span> <span class='ocrx_word' id='word_1_130' title='bbox 1428 1311 1800 1386; x_wconf 77' lang='grc' dir='ltr'>δυνατώτερος</span> <span class='ocrx_word' id='word_1_131' title='bbox 1830 1311 1968 1366; x_wconf 71' lang='grc' dir='ltr'>τεάν-</span> 
     </span>
    </p>
   </div>
   <div class='ocr_carea' id='block_1_19' title="bbox 370 1403 1966 1490">
    <p class='ocr_par' dir='ltr' id='par_1_19' title="bbox 370 1403 1966 1490">
     <span class='ocr_line' id='line_1_19' title="bbox 370 1403 1966 1490; baseline -0.011 -15"><span class='ocrx_word' id='word_1_132' title='bbox 370 1438 490 1485; x_wconf 83' lang='grc' dir='ltr'>τως</span> <span class='ocrx_word' id='word_1_133' title='bbox 527 1418 873 1490; x_wconf 77' lang='grc' dir='ltr'>εὑρίσκεταιο</span> <span class='ocrx_word' id='word_1_134' title='bbox 916 1414 1094 1478; x_wconf 78' lang='grc' dir='ltr'>οὕτως</span> <span class='ocrx_word' id='word_1_135' title='bbox 1123 1413 1217 1466; x_wconf 78' lang='grc' dir='ltr'>καὶ</span> <span class='ocrx_word' id='word_1_136' title='bbox 1246 1413 1338 1465; x_wconf 78' lang='grc' dir='ltr'>ἐπὶ</span> <span class='ocrx_word' id='word_1_137' title='bbox 1387 1411 1490 1480; x_wconf 83' lang='grc' dir='ltr'>τῆς</span> <span class='ocrx_word' id='word_1_138' title='bbox 1536 1409 1718 1478; x_wconf 77' lang='grc' dir='ltr'>ψυχῆς</span> <span class='ocrx_word' id='word_1_139' title='bbox 1739 1407 1838 1460; x_wconf 78' lang='grc' dir='ltr'>καὶ</span> <span class='ocrx_word' id='word_1_140' title='bbox 1869 1403 1966 1458; x_wconf 84' lang='grc' dir='ltr'>τοῦ</span> 
     </span>
    </p>
   </div>
   <div class='ocr_carea' id='block_1_20' title="bbox 375 1497 1969 1582">
    <p class='ocr_par' dir='ltr' id='par_1_20' title="bbox 375 1497 1969 1582">
     <span class='ocr_line' id='line_1_20' title="bbox 375 1497 1969 1582; baseline -0.011 -16"><span class='ocrx_word' id='word_1_141' title='bbox 375 1510 636 1582; x_wconf 78' lang='grc' dir='ltr'>σώματος</span> <span class='ocrx_word' id='word_1_142' title='bbox 663 1507 772 1562; x_wconf 81' lang='grc' dir='ltr'>τῶν</span> <span class='ocrx_word' id='word_1_143' title='bbox 798 1505 1054 1579; x_wconf 80' lang='grc' dir='ltr'>ὀρέξεων,</span> <span class='ocrx_word' id='word_1_144' title='bbox 1081 1502 1306 1558; x_wconf 78' lang='grc' dir='ltr'>καὶτῶν</span> <span class='ocrx_word' id='word_1_145' title='bbox 1329 1502 1617 1570; x_wconf 85' lang='grc' dir='ltr'>δυνάμεων</span> <span class='ocrx_word' id='word_1_146' title='bbox 1637 1499 1738 1570; x_wconf 84' lang='grc' dir='ltr'>τῆς</span> <span class='ocrx_word' id='word_1_147' title='bbox 1767 1497 1969 1569; x_wconf 80' lang='grc' dir='ltr'>σαρκὸς</span> 
     </span>
    </p>
   </div>
   <div class='ocr_carea' id='block_1_21' title="bbox 379 1590 1968 1672">
    <p class='ocr_par' dir='ltr' id='par_1_21' title="bbox 379 1590 1968 1672">
     <span class='ocr_line' id='line_1_21' title="bbox 379 1590 1968 1672; baseline -0.01 -14"><span class='ocrx_word' id='word_1_148' title='bbox 379 1603 812 1672; x_wconf 81' lang='grc' dir='ltr'>παλαιουμένων</span> <span class='ocrx_word' id='word_1_149' title='bbox 854 1599 950 1652; x_wconf 84' lang='grc' dir='ltr'>καὶ</span> <span class='ocrx_word' id='word_1_150' title='bbox 983 1596 1308 1669; x_wconf 83' lang='grc' dir='ltr'>γηρώντων,</span> <span class='ocrx_word' id='word_1_151' title='bbox 1342 1594 1440 1648; x_wconf 77' lang='grc' dir='ltr'>ἐὰν</span> <span class='ocrx_word' id='word_1_152' title='bbox 1494 1593 1632 1656; x_wconf 84' lang='grc' dir='ltr'>ὅλως</span> <span class='ocrx_word' id='word_1_153' title='bbox 1662 1590 1900 1663; x_wconf 75' lang='grc' dir='ltr'>βουληθῇ</span> <span class='ocrx_word' id='word_1_154' title='bbox 1933 1591 1968 1660; x_wconf 80' lang='grc' dir='ltr'><strong>ἡ</strong></span> 
     </span>
    </p>
   </div>
   <div class='ocr_carea' id='block_1_22' title="bbox 373 1681 1966 1764">
    <p class='ocr_par' dir='ltr' id='par_1_22' title="bbox 373 1681 1966 1764">
     <span class='ocr_line' id='line_1_22' title="bbox 373 1681 1966 1764; baseline -0.008 -19"><span class='ocrx_word' id='word_1_155' title='bbox 373 1693 554 1764; x_wconf 78' lang='grc' dir='ltr'>ψυχὴ,</span> <span class='ocrx_word' id='word_1_156' title='bbox 587 1692 699 1762; x_wconf 75' lang='grc' dir='ltr'>ἔχει</span> <span class='ocrx_word' id='word_1_157' title='bbox 727 1692 761 1760; x_wconf 88' lang='grc' dir='ltr'>ὴ</span> <span class='ocrx_word' id='word_1_158' title='bbox 789 1688 937 1760; x_wconf 83' lang='grc' dir='ltr'>ψυχὴ</span> <span class='ocrx_word' id='word_1_159' title='bbox 975 1687 1114 1759; x_wconf 81' lang='grc' dir='ltr'>πρὸς</span> <span class='ocrx_word' id='word_1_160' title='bbox 1141 1687 1241 1759; x_wconf 84' lang='grc' dir='ltr'>τὴν</span> <span class='ocrx_word' id='word_1_161' title='bbox 1273 1685 1382 1739; x_wconf 87' lang='grc' dir='ltr'>τῶν</span> <span class='ocrx_word' id='word_1_162' title='bbox 1410 1683 1572 1737; x_wconf 80' lang='grc' dir='ltr'>θείων</span> <span class='ocrx_word' id='word_1_163' title='bbox 1603 1681 1838 1735; x_wconf 81' lang='grc' dir='ltr'>ἐντολῶν</span> <span class='ocrx_word' id='word_1_164' title='bbox 1864 1681 1966 1751; x_wconf 69' lang='grc' dir='ltr'>τήν</span> 
     </span>
    </p>
   </div>
   <div class='ocr_carea' id='block_1_23' title="bbox 2063 753 3764 826">
    <p class='ocr_par' dir='ltr' id='par_1_23' title="bbox 2063 753 3764 826">
     <span class='ocr_line' id='line_1_23' title="bbox 2063 753 3764 826; baseline -0.004 -16"><span class='ocrx_word' id='word_1_165' title='bbox 2063 757 2384 823; x_wconf 84' lang='lat' dir='ltr'><strong>adjutricem</strong></span> <span class='ocrx_word' id='word_1_166' title='bbox 2421 771 2541 811; x_wconf 90' lang='lat' dir='ltr'><strong>esse</strong></span> <span class='ocrx_word' id='word_1_167' title='bbox 2565 757 2632 810; x_wconf 90' lang='lat' dir='ltr'>ad</span> <span class='ocrx_word' id='word_1_168' title='bbox 2683 755 2912 826; x_wconf 78' lang='lat' dir='ltr'><strong>quodvis</strong></span> <span class='ocrx_word' id='word_1_169' title='bbox 2943 754 3035 810; x_wconf 89' lang='lat' dir='ltr'><strong>Dei</strong></span> <span class='ocrx_word' id='word_1_170' title='bbox 3069 753 3456 824; x_wconf 84' lang='lat' dir='ltr'><strong>perliciendum</strong></span> <span class='ocrx_word' id='word_1_171' title='bbox 3488 768 3644 806; x_wconf 86' lang='lat' dir='ltr'><strong>man-</strong></span> <span class='ocrx_word' id='word_1_172' title='bbox 3755 782 3764 789; x_wconf 71' lang='grc' dir='ltr'><strong>ο</strong></span> 
     </span>
    </p>
   </div>
   <div class='ocr_carea' id='block_1_24' title="bbox 2065 844 3640 918">
    <p class='ocr_par' dir='ltr' id='par_1_24' title="bbox 2065 844 3640 918">
     <span class='ocr_line' id='line_1_24' title="bbox 2065 844 3640 918; baseline -0.004 -15"><span class='ocrx_word' id='word_1_173' title='bbox 2065 850 2272 914; x_wconf 88' lang='lat' dir='ltr'><strong>datum,</strong></span> <span class='ocrx_word' id='word_1_174' title='bbox 2301 864 2411 916; x_wconf 71' lang='lat' dir='ltr'><strong>prae</strong></span> <span class='ocrx_word' id='word_1_175' title='bbox 2439 849 2554 917; x_wconf 90' lang='lat' dir='ltr'><strong>ipsa</strong></span> <span class='ocrx_word' id='word_1_176' title='bbox 2587 848 2897 918; x_wconf 69' lang='lat' dir='ltr'><strong>iuventute.</strong></span> <span class='ocrx_word' id='word_1_177' title='bbox 2925 844 3062 902; x_wconf 79' lang='lat' dir='ltr'>Nam</span> <span class='ocrx_word' id='word_1_178' title='bbox 3088 847 3140 900; x_wconf 92' lang='lat' dir='ltr'><strong>in</strong></span> <span class='ocrx_word' id='word_1_179' title='bbox 3159 846 3442 917; x_wconf 79' lang='lat' dir='ltr'><strong>iuventute</strong></span> <span class='ocrx_word' id='word_1_180' title='bbox 3474 845 3640 898; x_wconf 89' lang='lat' dir='ltr'><strong>etiam</strong></span> 
     </span>
    </p>
   </div>
   <div class='ocr_carea' id='block_1_25' title="bbox 2065 935 3644 1008">
    <p class='ocr_par' dir='ltr' id='par_1_25' title="bbox 2065 935 3644 1008">
     <span class='ocr_line' id='line_1_25' title="bbox 2065 935 3644 1008; baseline -0.004 -16"><span class='ocrx_word' id='word_1_181' title='bbox 2065 953 2222 992; x_wconf 84' lang='lat' dir='ltr'><strong>amor</strong></span> <span class='ocrx_word' id='word_1_182' title='bbox 2255 952 2546 1008; x_wconf 88' lang='lat' dir='ltr'><strong>corporum</strong></span> <span class='ocrx_word' id='word_1_183' title='bbox 2580 939 2631 990; x_wconf 88' lang='lat' dir='ltr'><strong>in</strong></span> <span class='ocrx_word' id='word_1_184' title='bbox 2683 938 2841 991; x_wconf 85' lang='lat' dir='ltr'><strong>nobis</strong></span> <span class='ocrx_word' id='word_1_185' title='bbox 2868 937 3224 992; x_wconf 83' lang='lat' dir='ltr'><strong>accenditur:</strong></span> <span class='ocrx_word' id='word_1_186' title='bbox 3263 935 3320 990; x_wconf 93' lang='lat' dir='ltr'><strong>in</strong></span> <span class='ocrx_word' id='word_1_187' title='bbox 3364 936 3644 1006; x_wconf 72' lang='lat' dir='ltr'><strong>iuventute</strong></span> 
     </span>
    </p>
   </div>
   <div class='ocr_carea' id='block_1_26' title="bbox 2067 1027 3642 1100">
    <p class='ocr_par' dir='ltr' id='par_1_26' title="bbox 2067 1027 3642 1100">
     <span class='ocr_line' id='line_1_26' title="bbox 2067 1027 3642 1100; baseline -0.004 -16"><span class='ocrx_word' id='word_1_188' title='bbox 2067 1030 2366 1098; x_wconf 82' lang='lat' dir='ltr'>voluptatis</span> <span class='ocrx_word' id='word_1_189' title='bbox 2406 1029 2570 1084; x_wconf 87' lang='lat' dir='ltr'><strong>ardor</strong></span> <span class='ocrx_word' id='word_1_190' title='bbox 2600 1030 2902 1100; x_wconf 80' lang='lat' dir='ltr'><strong>impugnat,</strong></span> <span class='ocrx_word' id='word_1_191' title='bbox 2933 1044 2998 1082; x_wconf 92' lang='lat' dir='ltr'>ac</span> <span class='ocrx_word' id='word_1_192' title='bbox 3034 1028 3300 1098; x_wconf 82' lang='lat' dir='ltr'>pleraque</span> <span class='ocrx_word' id='word_1_193' title='bbox 3332 1027 3436 1081; x_wconf 89' lang='lat' dir='ltr'><strong>alia</strong></span> <span class='ocrx_word' id='word_1_194' title='bbox 3475 1027 3602 1080; x_wconf 77' lang='lat' dir='ltr'><strong>vitia</strong></span> <span class='ocrx_word' id='word_1_195' title='bbox 3626 1067 3642 1088; x_wconf 93' lang='lat'>,</span> 
     </span>
    </p>
   </div>
   <div class='ocr_carea' id='block_1_27' title="bbox 2068 1119 3643 1192">
    <p class='ocr_par' dir='ltr' id='par_1_27' title="bbox 2068 1119 3643 1192">
     <span class='ocr_line' id='line_1_27' title="bbox 2068 1119 3643 1192; baseline -0.001 -16"><span class='ocrx_word' id='word_1_196' title='bbox 2068 1136 2261 1192; x_wconf 85' lang='lat' dir='ltr'><strong>nempe</strong></span> <span class='ocrx_word' id='word_1_197' title='bbox 2295 1122 2473 1176; x_wconf 80' lang='lat' dir='ltr'><strong>inanis</strong></span> <span class='ocrx_word' id='word_1_198' title='bbox 2506 1121 2702 1190; x_wconf 76' lang='lat' dir='ltr'><strong>gloria,</strong></span> <span class='ocrx_word' id='word_1_199' title='bbox 2729 1123 2979 1188; x_wconf 82' lang='lat' dir='ltr'><strong>avaritia,</strong></span> <span class='ocrx_word' id='word_1_200' title='bbox 3003 1122 3150 1190; x_wconf 79' lang='lat' dir='ltr'><strong>gula,</strong></span> <span class='ocrx_word' id='word_1_201' title='bbox 3179 1121 3450 1192; x_wconf 79' lang='lat' dir='ltr'><strong>simultas,</strong></span> <span class='ocrx_word' id='word_1_202' title='bbox 3482 1119 3643 1174; x_wconf 90' lang='lat' dir='ltr'><strong>alieni</strong></span> 
     </span>
    </p>
   </div>
   <div class='ocr_carea' id='block_1_28' title="bbox 2069 1213 3644 1286">
    <p class='ocr_par' dir='ltr' id='par_1_28' title="bbox 2069 1213 3644 1286">
     <span class='ocr_line' id='line_1_28' title="bbox 2069 1213 3644 1286; baseline -0.003 -16"><span class='ocrx_word' id='word_1_203' title='bbox 2069 1216 2313 1286; x_wconf 82' lang='lat' dir='ltr'><strong>improba</strong></span> <span class='ocrx_word' id='word_1_204' title='bbox 2360 1215 2652 1286; x_wconf 82' lang='lat' dir='ltr'><strong>cupiditas.</strong></span> <span class='ocrx_word' id='word_1_205' title='bbox 2685 1218 2762 1270; x_wconf 88' lang='lat' dir='ltr'>Ac</span> <span class='ocrx_word' id='word_1_206' title='bbox 2814 1217 2956 1271; x_wconf 86' lang='lat' dir='ltr'><strong>sicut</strong></span> <span class='ocrx_word' id='word_1_207' title='bbox 3015 1216 3225 1270; x_wconf 86' lang='lat' dir='ltr'><strong>duobus</strong></span> <span class='ocrx_word' id='word_1_208' title='bbox 3289 1215 3341 1268; x_wconf 92' lang='lat' dir='ltr'><strong>in</strong></span> <span class='ocrx_word' id='word_1_209' title='bbox 3396 1213 3644 1282; x_wconf 64' lang='lat' dir='ltr'><strong>palaestra</strong></span> 
     </span>
    </p>
   </div>
   <div class='ocr_carea' id='block_1_29' title="bbox 2071 1306 3646 1378">
    <p class='ocr_par' dir='ltr' id='par_1_29' title="bbox 2071 1306 3646 1378">
     <span class='ocr_line' id='line_1_29' title="bbox 2071 1306 3646 1378; baseline -0.002 -17"><span class='ocrx_word' id='word_1_210' title='bbox 2071 1308 2429 1372; x_wconf 82' lang='lat' dir='ltr'><strong>lactantibus,</strong></span> <span class='ocrx_word' id='word_1_211' title='bbox 2455 1323 2566 1378; x_wconf 91' lang='lat' dir='ltr'>quo</span> <span class='ocrx_word' id='word_1_212' title='bbox 2595 1324 2738 1363; x_wconf 88' lang='lat' dir='ltr'><strong>unus</strong></span> <span class='ocrx_word' id='word_1_213' title='bbox 2767 1309 2998 1364; x_wconf 82' lang='lat' dir='ltr'><strong>debilior</strong></span> <span class='ocrx_word' id='word_1_214' title='bbox 3021 1308 3274 1372; x_wconf 83' lang='lat' dir='ltr'><strong>eilicitur,</strong></span> <span class='ocrx_word' id='word_1_215' title='bbox 3305 1322 3372 1362; x_wconf 93' lang='lat' dir='ltr'>eo</span> <span class='ocrx_word' id='word_1_216' title='bbox 3414 1306 3646 1361; x_wconf 87' lang='lat' dir='ltr'><strong>alterum</strong></span> 
     </span>
    </p>
   </div>
   <div class='ocr_carea' id='block_1_30' title="bbox 2073 1399 3650 1468">
    <p class='ocr_par' dir='ltr' id='par_1_30' title="bbox 2073 1399 3650 1468">
     <span class='ocr_line' id='line_1_30' title="bbox 2073 1399 3650 1468; baseline -0.003 -12"><span class='ocrx_word' id='word_1_217' title='bbox 2073 1415 2294 1456; x_wconf 87' lang='lat' dir='ltr'><strong>necesse</strong></span> <span class='ocrx_word' id='word_1_218' title='bbox 2325 1409 2410 1454; x_wconf 87' lang='lat' dir='ltr'><strong>est</strong></span> <span class='ocrx_word' id='word_1_219' title='bbox 2437 1399 2720 1456; x_wconf 79' lang='lat' dir='ltr'><strong>fortiorem</strong></span> <span class='ocrx_word' id='word_1_220' title='bbox 2748 1401 2865 1454; x_wconf 83' lang='lat' dir='ltr'><strong>ﬁeri</strong></span> <span class='ocrx_word' id='word_1_221' title='bbox 2887 1441 2901 1466; x_wconf 89' lang='lat'>,</span> <span class='ocrx_word' id='word_1_222' title='bbox 2929 1401 3002 1455; x_wconf 88' lang='lat' dir='ltr'><strong>ita</strong></span> <span class='ocrx_word' id='word_1_223' title='bbox 3037 1400 3094 1455; x_wconf 92' lang='lat' dir='ltr'><strong>in</strong></span> <span class='ocrx_word' id='word_1_224' title='bbox 3126 1403 3306 1454; x_wconf 85' lang='lat' dir='ltr'><strong>anima</strong></span> <span class='ocrx_word' id='word_1_225' title='bbox 3325 1415 3388 1454; x_wconf 91' lang='lat' dir='ltr'><strong>ac</strong></span> <span class='ocrx_word' id='word_1_226' title='bbox 3419 1414 3650 1468; x_wconf 82' lang='lat' dir='ltr'><strong>corpore</strong></span> 
     </span>
    </p>
   </div>
   <div class='ocr_carea' id='block_1_31' title="bbox 2071 1490 3649 1562">
    <p class='ocr_par' dir='ltr' id='par_1_31' title="bbox 2071 1490 3649 1562">
     <span class='ocr_line' id='line_1_31' title="bbox 2071 1490 3649 1562; baseline -0.003 -16"><span class='ocrx_word' id='word_1_227' title='bbox 2071 1492 2288 1546; x_wconf 87' lang='lat' dir='ltr'><strong>accidit.</strong></span> <span class='ocrx_word' id='word_1_228' title='bbox 2331 1491 2542 1562; x_wconf 82' lang='lat' dir='ltr'><strong>Quippe</strong></span> <span class='ocrx_word' id='word_1_229' title='bbox 2583 1491 2848 1547; x_wconf 83' lang='lat' dir='ltr'><strong>confectis</strong></span> <span class='ocrx_word' id='word_1_230' title='bbox 2869 1499 3140 1547; x_wconf 79' lang='lat' dir='ltr'><strong>vetustate</strong></span> <span class='ocrx_word' id='word_1_231' title='bbox 3170 1506 3234 1547; x_wconf 89' lang='lat' dir='ltr'>ac</span> <span class='ocrx_word' id='word_1_232' title='bbox 3274 1491 3428 1546; x_wconf 90' lang='lat' dir='ltr'><strong>senio</strong></span> <span class='ocrx_word' id='word_1_233' title='bbox 3463 1490 3649 1544; x_wconf 88' lang='lat' dir='ltr'><strong>carnis</strong></span> 
     </span>
    </p>
   </div>
   <div class='ocr_carea' id='block_1_32' title="bbox 2078 1581 3647 1651">
    <p class='ocr_par' dir='ltr' id='par_1_32' title="bbox 2078 1581 3647 1651">
     <span class='ocr_line' id='line_1_32' title="bbox 2078 1581 3647 1651; baseline -0.003 -16"><span class='ocrx_word' id='word_1_234' title='bbox 2078 1581 2472 1651; x_wconf 78' lang='lat' dir='ltr'><strong>cupiditatibus</strong></span> <span class='ocrx_word' id='word_1_235' title='bbox 2499 1592 2662 1651; x_wconf 74' lang='lat' dir='ltr'><strong>atque</strong></span> <span class='ocrx_word' id='word_1_236' title='bbox 2695 1582 2923 1648; x_wconf 82' lang='lat' dir='ltr'><strong>virilms,</strong></span> <span class='ocrx_word' id='word_1_237' title='bbox 2950 1581 3112 1637; x_wconf 90' lang='lat' dir='ltr'><strong>habet</strong></span> <span class='ocrx_word' id='word_1_238' title='bbox 3145 1581 3347 1646; x_wconf 87' lang='lat' dir='ltr'><strong>anima,</strong></span> <span class='ocrx_word' id='word_1_239' title='bbox 3379 1581 3506 1635; x_wconf 89' lang='lat' dir='ltr'><strong>dum</strong></span> <span class='ocrx_word' id='word_1_240' title='bbox 3529 1595 3647 1633; x_wconf 87' lang='lat' dir='ltr'><strong>om-</strong></span> 
     </span>
    </p>
   </div>
   <div class='ocr_carea' id='block_1_33' title="bbox 2075 1673 3650 1740">
    <p class='ocr_par' dir='ltr' id='par_1_33' title="bbox 2075 1673 3650 1740">
     <span class='ocr_line' id='line_1_33' title="bbox 2075 1673 3650 1740; baseline -0.002 -13"><span class='ocrx_word' id='word_1_241' title='bbox 2075 1675 2205 1728; x_wconf 92' lang='lat' dir='ltr'><strong>nino</strong></span> <span class='ocrx_word' id='word_1_242' title='bbox 2259 1675 2410 1740; x_wconf 80' lang='lat' dir='ltr'><strong>velit,</strong></span> <span class='ocrx_word' id='word_1_243' title='bbox 2449 1676 2598 1729; x_wconf 89' lang='lat' dir='ltr'><strong>vires</strong></span> <span class='ocrx_word' id='word_1_244' title='bbox 2655 1689 2720 1730; x_wconf 87' lang='lat' dir='ltr'>ac</span> <span class='ocrx_word' id='word_1_245' title='bbox 2772 1673 3092 1730; x_wconf 80' lang='lat' dir='ltr'><strong>facultatem</strong></span> <span class='ocrx_word' id='word_1_246' title='bbox 3133 1675 3200 1728; x_wconf 90' lang='lat' dir='ltr'>ad</span> <span class='ocrx_word' id='word_1_247' title='bbox 3234 1673 3326 1728; x_wconf 91' lang='lat' dir='ltr'>Dei</span> <span class='ocrx_word' id='word_1_248' title='bbox 3365 1673 3650 1726; x_wconf 81' lang='lat' dir='ltr'><strong>mandatu-</strong></span> 
     </span>
    </p>
   </div>
   <div class='ocr_carea' id='block_1_34' title="bbox 377 1745 1976 1858">
    <p class='ocr_par' dir='ltr' id='par_1_34' title="bbox 377 1745 1966 1858">
     <span class='ocr_line' id='line_1_34' title="bbox 388 1745 1932 1764; baseline -0.008 -1"><span class='ocrx_word' id='word_1_249' title='bbox 388 1745 1208 1764; x_wconf 65' lang='grc' dir='ltr'>ικ.πιι..η..-.</span> <span class='ocrx_word' id='word_1_250' title='bbox 1921 1745 1932 1751; x_wconf 93' lang='grc'>-</span> 
     </span>
     <span class='ocr_line' id='line_1_35' title="bbox 377 1775 1966 1858; baseline -0.01 -16"><span class='ocrx_word' id='word_1_251' title='bbox 377 1803 544 1858; x_wconf 86' lang='grc' dir='ltr'>ρησιν</span> <span class='ocrx_word' id='word_1_252' title='bbox 585 1787 739 1856; x_wconf 75' lang='grc' dir='ltr'>ίσχῦν</span> <span class='ocrx_word' id='word_1_253' title='bbox 760 1786 854 1838; x_wconf 74' lang='grc' dir='ltr'>καὶ</span> <span class='ocrx_word' id='word_1_254' title='bbox 877 1783 1131 1852; x_wconf 87' lang='grc' dir='ltr'>δύναμιν,</span> <span class='ocrx_word' id='word_1_255' title='bbox 1161 1780 1256 1833; x_wconf 81' lang='grc' dir='ltr'>καὶ</span> <span class='ocrx_word' id='word_1_256' title='bbox 1281 1779 1522 1849; x_wconf 83' lang='grc' dir='ltr'>μάλιστα</span> <span class='ocrx_word' id='word_1_257' title='bbox 1557 1777 1696 1848; x_wconf 87' lang='grc' dir='ltr'>πρὸς</span> <span class='ocrx_word' id='word_1_258' title='bbox 1719 1775 1966 1830; x_wconf 81' lang='grc' dir='ltr'>κατάνυ-</span> 
     </span>
    </p>
   </div>
   <div class='ocr_carea' id='block_1_35' title="bbox 2078 1745 3653 1858">
    <p class='ocr_par' dir='ltr' id='par_1_35' title="bbox 2078 1763 3653 1834">
     <span class='ocr_line' id='line_1_36' title="bbox 2078 1763 3653 1834; baseline -0.001 -17"><span class='ocrx_word' id='word_1_259' title='bbox 2078 1779 2192 1817; x_wconf 90' lang='lat' dir='ltr'>rum</span> <span class='ocrx_word' id='word_1_260' title='bbox 2225 1763 2698 1830; x_wconf 79' lang='lat' dir='ltr'><strong>observationem,</strong></span> <span class='ocrx_word' id='word_1_261' title='bbox 2746 1779 2811 1819; x_wconf 89' lang='lat' dir='ltr'><strong>ac</strong></span> <span class='ocrx_word' id='word_1_262' title='bbox 2869 1765 3215 1832; x_wconf 85' lang='lat' dir='ltr'><strong>potissimum</strong></span> <span class='ocrx_word' id='word_1_263' title='bbox 3270 1765 3336 1819; x_wconf 86' lang='lat' dir='ltr'>ad</span> <span class='ocrx_word' id='word_1_264' title='bbox 3389 1778 3653 1834; x_wconf 81' lang='lat' dir='ltr'><strong>compun-</strong></span> 
     </span>
    </p>
   </div>
   <div class='ocr_carea' id='block_1_36' title="bbox 373 1864 1967 1946">
    <p class='ocr_par' dir='ltr' id='par_1_36' title="bbox 373 1864 1967 1946">
     <span class='ocr_line' id='line_1_37' title="bbox 373 1864 1967 1946; baseline -0.007 -13"><span class='ocrx_word' id='word_1_265' title='bbox 373 1880 468 1946; x_wconf 81' lang='grc' dir='ltr'>ξιν</span> <span class='ocrx_word' id='word_1_266' title='bbox 495 1877 591 1932; x_wconf 76' lang='grc' dir='ltr'>καὶ</span> <span class='ocrx_word' id='word_1_267' title='bbox 624 1878 858 1946; x_wconf 79' lang='grc' dir='ltr'>δάκρυα.</span> <span class='ocrx_word' id='word_1_268' title='bbox 886 1875 1114 1945; x_wconf 81' lang='grc' dir='ltr'>Δὰκρυα</span> <span class='ocrx_word' id='word_1_269' title='bbox 1139 1864 1198 1926; x_wconf 72' lang='grc' dir='ltr'>δὲ</span> <span class='ocrx_word' id='word_1_270' title='bbox 1234 1869 1346 1940; x_wconf 75' lang='grc' dir='ltr'>ἐγὼ</span> <span class='ocrx_word' id='word_1_271' title='bbox 1376 1870 1446 1923; x_wconf 80' lang='grc' dir='ltr'>τὰ</span> <span class='ocrx_word' id='word_1_272' title='bbox 1468 1868 1613 1922; x_wconf 82' lang='grc' dir='ltr'>κατὰ</span> <span class='ocrx_word' id='word_1_273' title='bbox 1639 1869 1773 1922; x_wconf 83' lang='grc' dir='ltr'>Θεόν</span> <span class='ocrx_word' id='word_1_274' title='bbox 1803 1885 1967 1937; x_wconf 79' lang='grc' dir='ltr'>φημι.</span> 
     </span>
    </p>
   </div>
   <div class='ocr_carea' id='block_1_37' title="bbox 370 1959 1970 2041">
    <p class='ocr_par' dir='ltr' id='par_1_37' title="bbox 370 1959 1970 2041">
     <span class='ocr_line' id='line_1_38' title="bbox 370 1959 1970 2041; baseline -0.01 -14"><span class='ocrx_word' id='word_1_275' title='bbox 370 1971 508 2027; x_wconf 67' lang='lat' dir='ltr'><strong>Elei.</strong></span> <span class='ocrx_word' id='word_1_276' title='bbox 541 1970 652 2041; x_wconf 79' lang='grc' dir='ltr'>γὰρ</span> <span class='ocrx_word' id='word_1_277' title='bbox 685 1968 904 2038; x_wconf 84' lang='grc' dir='ltr'>δάκρυα</span> <span class='ocrx_word' id='word_1_278' title='bbox 961 1963 1190 2035; x_wconf 78' lang='grc' dir='ltr'>φυσικὰ,</span> <span class='ocrx_word' id='word_1_279' title='bbox 1227 1959 1316 2016; x_wconf 74' lang='grc' dir='ltr'>οἷα</span> <span class='ocrx_word' id='word_1_280' title='bbox 1341 1961 1436 2014; x_wconf 71' lang='grc' dir='ltr'>ἐπὶ</span> <span class='ocrx_word' id='word_1_281' title='bbox 1467 1963 1581 2024; x_wconf 81' lang='grc' dir='ltr'>τοῖς</span> <span class='ocrx_word' id='word_1_282' title='bbox 1609 1961 1826 2030; x_wconf 81' lang='grc' dir='ltr'>νεκροῖς</span> <span class='ocrx_word' id='word_1_283' title='bbox 1847 1959 1970 2011; x_wconf 75' lang='grc' dir='ltr'>ἐπι-</span> 
     </span>
    </p>
   </div>
   <div class='ocr_carea' id='block_1_38' title="bbox 371 2053 1974 2138">
    <p class='ocr_par' dir='ltr' id='par_1_38' title="bbox 371 2053 1974 2138">
     <span class='ocr_line' id='line_1_39' title="bbox 371 2053 1974 2138; baseline -0.011 -15"><span class='ocrx_word' id='word_1_284' title='bbox 371 2069 602 2138; x_wconf 73' lang='grc' dir='ltr'>χέομεν.</span> <span class='ocrx_word' id='word_1_285' title='bbox 636 2064 749 2118; x_wconf 83' lang='grc' dir='ltr'>Καί</span> <span class='ocrx_word' id='word_1_286' title='bbox 789 2066 900 2117; x_wconf 83' lang='grc' dir='ltr'>εἱσι</span> <span class='ocrx_word' id='word_1_287' title='bbox 943 2063 1157 2132; x_wconf 80' lang='grc' dir='ltr'>δάκρυα</span> <span class='ocrx_word' id='word_1_288' title='bbox 1188 2058 1488 2122; x_wconf 70' lang='grc' dir='ltr'>Σατανικὰ,</span> <span class='ocrx_word' id='word_1_289' title='bbox 1525 2057 1670 2127; x_wconf 73' lang='grc' dir='ltr'>ἅπερ</span> <span class='ocrx_word' id='word_1_290' title='bbox 1701 2055 1848 2118; x_wconf 84' lang='grc' dir='ltr'>τινὲς</span> <span class='ocrx_word' id='word_1_291' title='bbox 1884 2053 1974 2106; x_wconf 81' lang='grc' dir='ltr'>διὰ</span> 
     </span>
    </p>
   </div>
   <div class='ocr_carea' id='block_1_39' title="bbox 375 2146 1974 2226">
    <p class='ocr_par' dir='ltr' id='par_1_39' title="bbox 375 2146 1974 2226">
     <span class='ocr_line' id='line_1_40' title="bbox 375 2146 1974 2226; baseline -0.011 -11"><span class='ocrx_word' id='word_1_292' title='bbox 375 2160 691 2224; x_wconf 78' lang='grc' dir='ltr'>κενοδοξίαν</span> <span class='ocrx_word' id='word_1_293' title='bbox 734 2158 830 2211; x_wconf 80' lang='grc' dir='ltr'>καὶ</span> <span class='ocrx_word' id='word_1_294' title='bbox 861 2157 928 2210; x_wconf 84' lang='grc' dir='ltr'>δι’</span> <span class='ocrx_word' id='word_1_295' title='bbox 952 2156 1132 2226; x_wconf 77' lang='grc' dir='ltr'>ἔρωτα</span> <span class='ocrx_word' id='word_1_296' title='bbox 1175 2151 1477 2206; x_wconf 83' lang='grc' dir='ltr'>Σατανικὸν</span> <span class='ocrx_word' id='word_1_297' title='bbox 1507 2146 1808 2204; x_wconf 80' lang='grc' dir='ltr'>κλαίουσιν.</span> <span class='ocrx_word' id='word_1_298' title='bbox 1850 2147 1974 2200; x_wconf 80' lang='grc' dir='ltr'>Εἰσὶ</span> 
     </span>
    </p>
   </div>
   <div class='ocr_carea' id='block_1_40' title="bbox 374 2234 1972 2323">
    <p class='ocr_par' dir='ltr' id='par_1_40' title="bbox 374 2234 1972 2323">
     <span class='ocr_line' id='line_1_41' title="bbox 374 2234 1972 2323; baseline -0.01 -15"><span class='ocrx_word' id='word_1_299' title='bbox 374 2255 440 2307; x_wconf 77' lang='grc' dir='ltr'>δὲ</span> <span class='ocrx_word' id='word_1_300' title='bbox 475 2253 690 2323; x_wconf 81' lang='grc' dir='ltr'>δάκρυα</span> <span class='ocrx_word' id='word_1_301' title='bbox 714 2252 778 2302; x_wconf 81' lang='grc' dir='ltr'>ὲκ</span> <span class='ocrx_word' id='word_1_302' title='bbox 814 2249 990 2318; x_wconf 81' lang='grc' dir='ltr'><strong>μέθης</strong></span> <span class='ocrx_word' id='word_1_303' title='bbox 1021 2248 1117 2301; x_wconf 82' lang='grc' dir='ltr'>καὶ</span> <span class='ocrx_word' id='word_1_304' title='bbox 1140 2243 1448 2316; x_wconf 88' lang='grc' dir='ltr'>πολυύγρου</span> <span class='ocrx_word' id='word_1_305' title='bbox 1475 2243 1714 2312; x_wconf 79' lang='grc' dir='ltr'>τρυφῆς.</span> <span class='ocrx_word' id='word_1_306' title='bbox 1758 2234 1882 2293; x_wconf 66' lang='lat' dir='ltr'><strong>Elei.</strong></span> <span class='ocrx_word' id='word_1_307' title='bbox 1911 2237 1972 2292; x_wconf 80' lang='grc' dir='ltr'>δὲ</span> 
     </span>
    </p>
   </div>
   <div class='ocr_carea' id='block_1_41' title="bbox 371 2329 1970 2414">
    <p class='ocr_par' dir='ltr' id='par_1_41' title="bbox 371 2329 1970 2414">
     <span class='ocr_line' id='line_1_42' title="bbox 371 2329 1970 2414; baseline -0.009 -18"><span class='ocrx_word' id='word_1_308' title='bbox 371 2343 596 2414; x_wconf 81' lang='grc' dir='ltr'>δάκρυα</span> <span class='ocrx_word' id='word_1_309' title='bbox 626 2339 937 2410; x_wconf 78' lang='grc' dir='ltr'>καθαρτικὰ</span> <span class='ocrx_word' id='word_1_310' title='bbox 967 2341 1033 2390; x_wconf 82' lang='grc' dir='ltr'>ὲκ</span> <span class='ocrx_word' id='word_1_311' title='bbox 1060 2337 1226 2406; x_wconf 76' lang='grc' dir='ltr'>φόϐου</span> <span class='ocrx_word' id='word_1_312' title='bbox 1287 2333 1446 2398; x_wconf 89' lang='grc' dir='ltr'>Θεοῦ,</span> <span class='ocrx_word' id='word_1_313' title='bbox 1476 2334 1572 2387; x_wconf 82' lang='grc' dir='ltr'>καὶ</span> <span class='ocrx_word' id='word_1_314' title='bbox 1615 2331 1828 2394; x_wconf 77' lang='grc' dir='ltr'>ἐννοίας</span> <span class='ocrx_word' id='word_1_315' title='bbox 1871 2329 1970 2382; x_wconf 84' lang='grc' dir='ltr'>θα-</span> 
     </span>
    </p>
   </div>
   <div class='ocr_carea' id='block_1_42' title="bbox 378 2418 1972 2518">
    <p class='ocr_par' dir='ltr' id='par_1_42' title="bbox 378 2418 1972 2518">
     <span class='ocr_line' id='line_1_43' title="bbox 378 2418 1972 2518; baseline -0.011 -29"><span class='ocrx_word' id='word_1_316' title='bbox 378 2435 552 2489; x_wconf 73' lang='grc' dir='ltr'>νάτου</span> <span class='ocrx_word' id='word_1_317' title='bbox 577 2433 671 2486; x_wconf 80' lang='grc' dir='ltr'>καὶ</span> <span class='ocrx_word' id='word_1_318' title='bbox 703 2431 985 2493; x_wconf 78' lang='grc' dir='ltr'>κολάσεως</span> <span class='ocrx_word' id='word_1_319' title='bbox 1019 2431 1154 2500; x_wconf 83' lang='grc' dir='ltr'>ἡμῖν</span> <span class='ocrx_word' id='word_1_320' title='bbox 1191 2426 1562 2518; x_wconf 54' lang='grc' dir='ltr'>γινόμεναοὲν</span> <span class='ocrx_word' id='word_1_321' title='bbox 1589 2418 1670 2486; x_wconf 74' lang='grc' dir='ltr'>οἷς</span> <span class='ocrx_word' id='word_1_322' title='bbox 1693 2423 1760 2477; x_wconf 79' lang='grc' dir='ltr'>ἂν</span> <span class='ocrx_word' id='word_1_323' title='bbox 1785 2421 1972 2492; x_wconf 57' lang='grc' dir='ltr'>χρονίι</span> 
     </span>
    </p>
   </div>
   <div class='ocr_carea' id='block_1_43' title="bbox 389 2515 1974 2598">
    <p class='ocr_par' dir='ltr' id='par_1_43' title="bbox 389 2515 1974 2598">
     <span class='ocr_line' id='line_1_44' title="bbox 389 2515 1974 2598; baseline -0.011 -14"><span class='ocrx_word' id='word_1_324' title='bbox 389 2547 596 2598; x_wconf 80' lang='grc' dir='ltr'>σωμεν,</span> <span class='ocrx_word' id='word_1_325' title='bbox 626 2527 720 2582; x_wconf 68' lang='grc' dir='ltr'>καὶ</span> <span class='ocrx_word' id='word_1_326' title='bbox 748 2527 1100 2596; x_wconf 80' lang='grc' dir='ltr'>πονὴσωμεν,</span> <span class='ocrx_word' id='word_1_327' title='bbox 1141 2515 1224 2586; x_wconf 70' lang='grc' dir='ltr'>είς</span> <span class='ocrx_word' id='word_1_328' title='bbox 1253 2515 1468 2592; x_wconf 64' lang='grc' dir='ltr'>δάκρυα</span> <span class='ocrx_word' id='word_1_329' title='bbox 1503 2518 1854 2590; x_wconf 81' lang='grc' dir='ltr'>πνευματικὰ</span> <span class='ocrx_word' id='word_1_330' title='bbox 1879 2518 1974 2587; x_wconf 81' lang='grc' dir='ltr'>ερ-</span> 
     </span>
    </p>
   </div>
   <div class='ocr_carea' id='block_1_44' title="bbox 389 2609 1976 2692">
    <p class='ocr_par' dir='ltr' id='par_1_44' title="bbox 389 2609 1976 2692">
     <span class='ocr_line' id='line_1_45' title="bbox 389 2609 1976 2692; baseline -0.008 -18"><span class='ocrx_word' id='word_1_331' title='bbox 389 2621 620 2692; x_wconf 82' lang='grc' dir='ltr'>χόμεθα·</span> <span class='ocrx_word' id='word_1_332' title='bbox 639 2619 741 2672; x_wconf 80' lang='grc' dir='ltr'>οὐκ</span> <span class='ocrx_word' id='word_1_333' title='bbox 759 2617 841 2671; x_wconf 76' lang='grc' dir='ltr'>ἔτι</span> <span class='ocrx_word' id='word_1_334' title='bbox 863 2616 1051 2686; x_wconf 76' lang='grc' dir='ltr'>φόϐον,</span> <span class='ocrx_word' id='word_1_335' title='bbox 1083 2615 1222 2668; x_wconf 79' lang='grc' dir='ltr'>ἀλλὰ</span> <span class='ocrx_word' id='word_1_336' title='bbox 1243 2613 1409 2667; x_wconf 83' lang='grc' dir='ltr'>πόθον</span> <span class='ocrx_word' id='word_1_337' title='bbox 1439 2611 1578 2682; x_wconf 85' lang='grc' dir='ltr'>πρὸς</span> <span class='ocrx_word' id='word_1_338' title='bbox 1597 2610 1732 2664; x_wconf 75' lang='grc' dir='ltr'>Θεὸν</span> <span class='ocrx_word' id='word_1_339' title='bbox 1758 2609 1976 2680; x_wconf 80' lang='grc' dir='ltr'>ἔχοντες</span> 
     </span>
    </p>
   </div>
   <div class='ocr_carea' id='block_1_45' title="bbox 381 2703 1976 2784">
    <p class='ocr_par' dir='ltr' id='par_1_45' title="bbox 381 2703 1976 2784">
     <span class='ocr_line' id='line_1_46' title="bbox 381 2703 1976 2784; baseline -0.008 -16"><span class='ocrx_word' id='word_1_340' title='bbox 381 2715 477 2768; x_wconf 73' lang='grc' dir='ltr'>διὰ</span> <span class='ocrx_word' id='word_1_341' title='bbox 511 2713 916 2784; x_wconf 83' lang='grc' dir='ltr'>παρακλήσεως</span> <span class='ocrx_word' id='word_1_342' title='bbox 966 2711 1060 2766; x_wconf 73' lang='grc' dir='ltr'>καὶ</span> <span class='ocrx_word' id='word_1_343' title='bbox 1085 2705 1430 2778; x_wconf 75' lang='grc' dir='ltr'>ἑλλάμψεως,</span> <span class='ocrx_word' id='word_1_344' title='bbox 1457 2705 1552 2760; x_wconf 80' lang='grc' dir='ltr'>καὶ</span> <span class='ocrx_word' id='word_1_345' title='bbox 1596 2703 1976 2773; x_wconf 79' lang='grc' dir='ltr'>ἀγαλλιάσεως</span> 
     </span>
    </p>
   </div>
   <div class='ocr_carea' id='block_1_46' title="bbox 379 2803 1051 2876">
    <p class='ocr_par' dir='ltr' id='par_1_46' title="bbox 379 2803 1051 2876">
     <span class='ocr_line' id='line_1_47' title="bbox 379 2803 1051 2876; baseline -0.009 -16"><span class='ocrx_word' id='word_1_346' title='bbox 379 2807 483 2860; x_wconf 82' lang='grc' dir='ltr'>τοῦ</span> <span class='ocrx_word' id='word_1_347' title='bbox 511 2805 670 2876; x_wconf 80' lang='grc' dir='ltr'>ἁγίου</span> <span class='ocrx_word' id='word_1_348' title='bbox 709 2803 849 2857; x_wconf 85' lang='grc' dir='ltr'>Πνεύ</span> <span class='ocrx_word' id='word_1_349' title='bbox 859 2819 1051 2874; x_wconf 87' lang='grc' dir='ltr'>ματος.</span> 
     </span>
    </p>
   </div>
   <div class='ocr_carea' id='block_1_47' title="bbox 2072 1855 3653 1928">
    <p class='ocr_par' dir='ltr' id='par_1_47' title="bbox 2072 1855 3653 1928">
     <span class='ocr_line' id='line_1_48' title="bbox 2072 1855 3653 1928; baseline -0.004 -18"><span class='ocrx_word' id='word_1_350' title='bbox 2072 1855 2308 1913; x_wconf 89' lang='lat' dir='ltr'><strong>ctionem</strong></span> <span class='ocrx_word' id='word_1_351' title='bbox 2361 1867 2416 1910; x_wconf 93' lang='lat' dir='ltr'><strong>et</strong></span> <span class='ocrx_word' id='word_1_352' title='bbox 2449 1857 2740 1928; x_wconf 86' lang='lat' dir='ltr'><strong>lacrymas.</strong></span> <span class='ocrx_word' id='word_1_353' title='bbox 2793 1855 2965 1912; x_wconf 85' lang='lat' dir='ltr'><strong>Porro</strong></span> <span class='ocrx_word' id='word_1_354' title='bbox 3012 1855 3283 1928; x_wconf 85' lang='lat' dir='ltr'><strong>lacrymas</strong></span> <span class='ocrx_word' id='word_1_355' title='bbox 3342 1857 3485 1920; x_wconf 86' lang='lat' dir='ltr'><strong>dico,</strong></span> <span class='ocrx_word' id='word_1_356' title='bbox 3532 1869 3653 1922; x_wconf 71' lang='lat' dir='ltr'><strong>quae</strong></span> 
     </span>
    </p>
   </div>
   <div class='ocr_carea' id='block_1_48' title="bbox 2074 1947 3653 2003">
    <p class='ocr_par' dir='ltr' id='par_1_48' title="bbox 2074 1947 3653 2003">
     <span class='ocr_line' id='line_1_49' title="bbox 2074 1947 3653 2003; baseline -0.002 -1"><span class='ocrx_word' id='word_1_357' title='bbox 2074 1949 2185 2002; x_wconf 90' lang='lat' dir='ltr'>Deo</span> <span class='ocrx_word' id='word_1_358' title='bbox 2213 1959 2592 2003; x_wconf 73' lang='lat' dir='ltr'><strong>consentanea:</strong></span> <span class='ocrx_word' id='word_1_359' title='bbox 2632 1957 2780 2002; x_wconf 87' lang='lat' dir='ltr'><strong>stmt.</strong></span> <span class='ocrx_word' id='word_1_360' title='bbox 2813 1947 2949 2002; x_wconf 82' lang='lat' dir='ltr'>Nam</span> <span class='ocrx_word' id='word_1_361' title='bbox 2993 1957 3118 2002; x_wconf 92' lang='lat' dir='ltr'><strong>sunt</strong></span> <span class='ocrx_word' id='word_1_362' title='bbox 3159 1947 3323 2002; x_wconf 89' lang='lat' dir='ltr'><strong>etiam</strong></span> <span class='ocrx_word' id='word_1_363' title='bbox 3375 1949 3653 2002; x_wconf 78' lang='lat' dir='ltr'><strong>naturales</strong></span> 
     </span>
    </p>
   </div>
   <div class='ocr_carea' id='block_1_49' title="bbox 2075 2039 3652 2112">
    <p class='ocr_par' dir='ltr' id='par_1_49' title="bbox 2075 2039 3652 2112">
     <span class='ocr_line' id='line_1_50' title="bbox 2075 2039 3652 2112; baseline 0.001 -20"><span class='ocrx_word' id='word_1_364' title='bbox 2075 2039 2346 2112; x_wconf 55' lang='lat' dir='ltr'><strong>lacryma»,</strong></span> <span class='ocrx_word' id='word_1_365' title='bbox 2379 2040 2568 2107; x_wconf 78' lang='lat' dir='ltr'><strong>quales</strong></span> <span class='ocrx_word' id='word_1_366' title='bbox 2593 2040 2871 2096; x_wconf 78' lang='lat' dir='ltr'><strong>fundimus</strong></span> <span class='ocrx_word' id='word_1_367' title='bbox 2908 2055 3071 2110; x_wconf 82' lang='lat' dir='ltr'><strong>super</strong></span> <span class='ocrx_word' id='word_1_368' title='bbox 3095 2050 3336 2096; x_wconf 88' lang='lat' dir='ltr'><strong>mortuos</strong></span> <span class='ocrx_word' id='word_1_369' title='bbox 3370 2055 3384 2095; x_wconf 88' lang='lat'><strong>:</strong></span> <span class='ocrx_word' id='word_1_370' title='bbox 3430 2053 3558 2094; x_wconf 87' lang='lat' dir='ltr'><strong>sunt</strong></span> <span class='ocrx_word' id='word_1_371' title='bbox 3599 2051 3652 2093; x_wconf 79' lang='lat' dir='ltr'>et</span> 
     </span>
    </p>
   </div>
   <div class='ocr_carea' id='block_1_50' title="bbox 2076 2130 3648 2202">
    <p class='ocr_par' dir='ltr' id='par_1_50' title="bbox 2076 2130 3648 2202">
     <span class='ocr_line' id='line_1_51' title="bbox 2076 2130 3648 2202; baseline -0.001 -18"><span class='ocrx_word' id='word_1_372' title='bbox 2076 2130 2327 2202; x_wconf 80' lang='lat' dir='ltr'><strong>lacryma:</strong></span> <span class='ocrx_word' id='word_1_373' title='bbox 2369 2130 2658 2195; x_wconf 75' lang='lat' dir='ltr'><strong>Satauicze,</strong></span> <span class='ocrx_word' id='word_1_374' title='bbox 2685 2145 2822 2200; x_wconf 83' lang='lat' dir='ltr'><strong>quas</strong></span> <span class='ocrx_word' id='word_1_375' title='bbox 2859 2131 3038 2188; x_wconf 86' lang='lat' dir='ltr'><strong>inanis</strong></span> <span class='ocrx_word' id='word_1_376' title='bbox 3071 2131 3258 2202; x_wconf 69' lang='lat' dir='ltr'><strong>gloria:</strong></span> <span class='ocrx_word' id='word_1_377' title='bbox 3313 2147 3378 2188; x_wconf 83' lang='lat' dir='ltr'>ac</span> <span class='ocrx_word' id='word_1_378' title='bbox 3403 2130 3648 2186; x_wconf 83' lang='lat' dir='ltr'><strong>Satam‘ci</strong></span> 
     </span>
    </p>
   </div>
   <div class='ocr_carea' id='block_1_51' title="bbox 2075 2223 3747 2294">
    <p class='ocr_par' dir='ltr' id='par_1_51' title="bbox 2075 2223 3747 2294">
     <span class='ocr_line' id='line_1_52' title="bbox 2075 2223 3747 2294; baseline 0.001 -18"><span class='ocrx_word' id='word_1_379' title='bbox 2075 2224 2278 2276; x_wconf 86' lang='lat' dir='ltr'><strong>amoris</strong></span> <span class='ocrx_word' id='word_1_380' title='bbox 2305 2239 2466 2278; x_wconf 86' lang='lat' dir='ltr'><strong>causa</strong></span> <span class='ocrx_word' id='word_1_381' title='bbox 2493 2224 2752 2278; x_wconf 90' lang='lat' dir='ltr'><strong>emittunt</strong></span> <span class='ocrx_word' id='word_1_382' title='bbox 2780 2224 2967 2294; x_wconf 88' lang='lat' dir='ltr'><strong>aliqui.</strong></span> <span class='ocrx_word' id='word_1_383' title='bbox 3000 2223 3214 2279; x_wconf 90' lang='lat' dir='ltr'><strong>Suutet</strong></span> <span class='ocrx_word' id='word_1_384' title='bbox 3253 2236 3317 2278; x_wconf 69' lang='lat' dir='ltr'>ex</span> <span class='ocrx_word' id='word_1_385' title='bbox 3363 2223 3652 2287; x_wconf 74' lang='lat' dir='ltr'><strong>ebrietate,</strong></span> <span class='ocrx_word' id='word_1_386' title='bbox 3739 2255 3747 2260; x_wconf 93' lang='lat'><strong>-</strong></span> 
     </span>
    </p>
   </div>
   <div class='ocr_carea' id='block_1_52' title="bbox 2075 2314 3654 2388">
    <p class='ocr_par' dir='ltr' id='par_1_52' title="bbox 2075 2314 3654 2388">
     <span class='ocr_line' id='line_1_53' title="bbox 2075 2314 3654 2388; baseline 0.002 -20"><span class='ocrx_word' id='word_1_387' title='bbox 2075 2330 2140 2369; x_wconf 89' lang='lat' dir='ltr'><strong>ac</strong></span> <span class='ocrx_word' id='word_1_388' title='bbox 2193 2315 2510 2370; x_wconf 84' lang='lat' dir='ltr'><strong>deliciarum</strong></span> <span class='ocrx_word' id='word_1_389' title='bbox 2552 2316 2723 2370; x_wconf 88' lang='lat' dir='ltr'><strong>nimio</strong></span> <span class='ocrx_word' id='word_1_390' title='bbox 2755 2316 2982 2370; x_wconf 71' lang='lat' dir='ltr'><strong>[tetriore</strong></span> <span class='ocrx_word' id='word_1_391' title='bbox 3019 2314 3345 2386; x_wconf 80' lang='lat' dir='ltr'><strong>proﬂuentes</strong></span> <span class='ocrx_word' id='word_1_392' title='bbox 3379 2315 3654 2388; x_wconf 74' lang='lat' dir='ltr'><strong>lacrymae.</strong></span> 
     </span>
    </p>
   </div>
   <div class='ocr_carea' id='block_1_53' title="bbox 2077 2407 3653 2480">
    <p class='ocr_par' dir='ltr' id='par_1_53' title="bbox 2077 2407 3653 2480">
     <span class='ocr_line' id='line_1_54' title="bbox 2077 2407 3653 2480; baseline 0.001 -20"><span class='ocrx_word' id='word_1_393' title='bbox 2077 2407 2320 2477; x_wconf 85' lang='lat' dir='ltr'><strong>Denique</strong></span> <span class='ocrx_word' id='word_1_394' title='bbox 2359 2419 2489 2463; x_wconf 86' lang='lat' dir='ltr'><strong>sunt</strong></span> <span class='ocrx_word' id='word_1_395' title='bbox 2531 2408 2786 2478; x_wconf 59' lang='lat' dir='ltr'><strong>lacrymm</strong></span> <span class='ocrx_word' id='word_1_396' title='bbox 2835 2409 3196 2480; x_wconf 78' lang='lat' dir='ltr'><strong>purgatrices,</strong></span> <span class='ocrx_word' id='word_1_397' title='bbox 3237 2424 3362 2478; x_wconf 77' lang='lat' dir='ltr'><strong>qute</strong></span> <span class='ocrx_word' id='word_1_398' title='bbox 3418 2423 3543 2464; x_wconf 90' lang='lat' dir='ltr'>cum</span> <span class='ocrx_word' id='word_1_399' title='bbox 3588 2423 3653 2462; x_wconf 72' lang='lat' dir='ltr'>ex</span> 
     </span>
    </p>
   </div>
   <div class='ocr_carea' id='block_1_54' title="bbox 2081 2499 3658 2576">
    <p class='ocr_par' dir='ltr' id='par_1_54' title="bbox 2081 2499 3658 2576">
     <span class='ocr_line' id='line_1_55' title="bbox 2081 2499 3658 2576; baseline -0.002 -22"><span class='ocrx_word' id='word_1_400' title='bbox 2081 2499 2170 2576; x_wconf 74' lang='lat' dir='ltr'>Dei</span> <span class='ocrx_word' id='word_1_401' title='bbox 2233 2501 2446 2565; x_wconf 88' lang='lat' dir='ltr'><strong>timore,</strong></span> <span class='ocrx_word' id='word_1_402' title='bbox 2493 2507 2608 2554; x_wconf 85' lang='lat' dir='ltr'>tum</span> <span class='ocrx_word' id='word_1_403' title='bbox 2635 2516 2701 2556; x_wconf 78' lang='lat' dir='ltr'><strong>ex</strong></span> <span class='ocrx_word' id='word_1_404' title='bbox 2747 2503 2945 2556; x_wconf 84' lang='lat' dir='ltr'><strong>mortis</strong></span> <span class='ocrx_word' id='word_1_405' title='bbox 2985 2501 3486 2571; x_wconf 82' lang='lat' dir='ltr'><strong>suppliciorumque</strong></span> <span class='ocrx_word' id='word_1_406' title='bbox 3515 2504 3658 2570; x_wconf 74' lang='lat' dir='ltr'><strong>cogi-</strong></span> 
     </span>
    </p>
   </div>
   <div class='ocr_carea' id='block_1_55' title="bbox 2080 2592 3660 2663">
    <p class='ocr_par' dir='ltr' id='par_1_55' title="bbox 2080 2592 3660 2663">
     <span class='ocr_line' id='line_1_56' title="bbox 2080 2592 3660 2663; baseline -0.001 -18"><span class='ocrx_word' id='word_1_407' title='bbox 2080 2592 2285 2648; x_wconf 85' lang='lat' dir='ltr'><strong>tatione</strong></span> <span class='ocrx_word' id='word_1_408' title='bbox 2362 2593 2518 2648; x_wconf 90' lang='lat' dir='ltr'><strong>nobis</strong></span> <span class='ocrx_word' id='word_1_409' title='bbox 2575 2594 2900 2649; x_wconf 90' lang='lat' dir='ltr'><strong>oboriuntur</strong></span> <span class='ocrx_word' id='word_1_410' title='bbox 2959 2606 2974 2647; x_wconf 89' lang='lat'><strong>:</strong></span> <span class='ocrx_word' id='word_1_411' title='bbox 3025 2595 3077 2648; x_wconf 93' lang='lat' dir='ltr'><strong>in</strong></span> <span class='ocrx_word' id='word_1_412' title='bbox 3117 2593 3316 2662; x_wconf 85' lang='lat' dir='ltr'><strong>quibus</strong></span> <span class='ocrx_word' id='word_1_413' title='bbox 3369 2595 3414 2648; x_wconf 91' lang='lat' dir='ltr'>si</span> <span class='ocrx_word' id='word_1_414' title='bbox 3468 2607 3660 2663; x_wconf 73' lang='lat' dir='ltr'><strong>perse-</strong></span> 
     </span>
    </p>
   </div>
   <div class='ocr_carea' id='block_1_56' title="bbox 2079 2684 3658 2756">
    <p class='ocr_par' dir='ltr' id='par_1_56' title="bbox 2079 2684 3658 2756">
     <span class='ocr_line' id='line_1_57' title="bbox 2079 2684 3658 2756; baseline 0.002 -19"><span class='ocrx_word' id='word_1_415' title='bbox 2079 2698 2326 2740; x_wconf 81' lang='lat' dir='ltr'><strong>veremus</strong></span> <span class='ocrx_word' id='word_1_416' title='bbox 2377 2700 2442 2739; x_wconf 87' lang='lat' dir='ltr'>ac</span> <span class='ocrx_word' id='word_1_417' title='bbox 2503 2684 2830 2748; x_wconf 88' lang='lat' dir='ltr'><strong>laboremus,</strong></span> <span class='ocrx_word' id='word_1_418' title='bbox 2859 2686 2998 2740; x_wconf 87' lang='lat' dir='ltr'><strong>haud</strong></span> <span class='ocrx_word' id='word_1_419' title='bbox 3049 2686 3214 2742; x_wconf 90' lang='lat' dir='ltr'><strong>dubie</strong></span> <span class='ocrx_word' id='word_1_420' title='bbox 3271 2687 3338 2740; x_wconf 86' lang='lat' dir='ltr'>ad</span> <span class='ocrx_word' id='word_1_421' title='bbox 3383 2687 3658 2756; x_wconf 67' lang='lat' dir='ltr'><strong>spiritales</strong></span> 
     </span>
    </p>
   </div>
   <div class='ocr_carea' id='block_1_57' title="bbox 2063 2775 3658 2850">
    <p class='ocr_par' dir='ltr' id='par_1_57' title="bbox 2063 2775 3658 2850">
     <span class='ocr_line' id='line_1_58' title="bbox 2063 2775 3658 2850; baseline 0.002 -22"><span class='ocrx_word' id='word_1_422' title='bbox 2063 2775 2200 2850; x_wconf 83' lang='lat' dir='ltr'><strong>illas</strong></span> <span class='ocrx_word' id='word_1_423' title='bbox 2265 2775 2676 2844; x_wconf 82' lang='lat' dir='ltr'><strong>perveniemus;</strong></span> <span class='ocrx_word' id='word_1_424' title='bbox 2733 2791 2838 2830; x_wconf 86' lang='lat' dir='ltr'><strong>non</strong></span> <span class='ocrx_word' id='word_1_425' title='bbox 2903 2775 3014 2846; x_wconf 82' lang='lat' dir='ltr'>jam</span> <span class='ocrx_word' id='word_1_426' title='bbox 3071 2777 3322 2832; x_wconf 82' lang='lat' dir='ltr'><strong>limoer</strong></span> <span class='ocrx_word' id='word_1_427' title='bbox 3374 2777 3658 2844; x_wconf 77' lang='lat' dir='ltr'><strong>habentes,</strong></span> 
     </span>
    </p>
   </div>
   <div class='ocr_carea' id='block_1_58' title="bbox 2078 2867 3661 2940">
    <p class='ocr_par' dir='ltr' id='par_1_58' title="bbox 2078 2867 3661 2940">
     <span class='ocr_line' id='line_1_59' title="bbox 2078 2867 3661 2940; baseline 0.003 -17"><span class='ocrx_word' id='word_1_428' title='bbox 2078 2867 2558 2924; x_wconf 81' lang='lat' dir='ltr'><strong>sed&#39;dcsiderium</strong></span> <span class='ocrx_word' id='word_1_429' title='bbox 2625 2869 2677 2923; x_wconf 93' lang='lat' dir='ltr'>in</span> <span class='ocrx_word' id='word_1_430' title='bbox 2748 2869 2914 2924; x_wconf 90' lang='lat' dir='ltr'><strong>Deum</strong></span> <span class='ocrx_word' id='word_1_431' title='bbox 2973 2885 3072 2940; x_wconf 77' lang='lat' dir='ltr'><strong>per</strong></span> <span class='ocrx_word' id='word_1_432' title='bbox 3125 2871 3553 2928; x_wconf 87' lang='lat' dir='ltr'><strong>consolationem</strong></span> <span class='ocrx_word' id='word_1_433' title='bbox 3605 2882 3661 2928; x_wconf 88' lang='lat' dir='ltr'><strong>et</strong></span> 
     </span>
    </p>
   </div>
   <div class='ocr_carea' id='block_1_59' title="bbox 2081 2959 3548 3032">
    <p class='ocr_par' dir='ltr' id='par_1_59' title="bbox 2081 2959 3548 3032">
     <span class='ocr_line' id='line_1_60' title="bbox 2081 2959 3548 3032; baseline 0.004 -19"><span class='ocrx_word' id='word_1_434' title='bbox 2081 2959 2521 3026; x_wconf 87' lang='lat' dir='ltr'><strong>illustrationem,</strong></span> <span class='ocrx_word' id='word_1_435' title='bbox 2549 2975 2614 3015; x_wconf 88' lang='lat' dir='ltr'>ac</span> <span class='ocrx_word' id='word_1_436' title='bbox 2633 2959 3050 3018; x_wconf 80' lang='lat' dir='ltr'><strong>exsultatiOnem</strong></span> <span class='ocrx_word' id='word_1_437' title='bbox 3078 2963 3251 3016; x_wconf 84' lang='lat' dir='ltr'><strong>sancti</strong></span> <span class='ocrx_word' id='word_1_438' title='bbox 3293 2962 3548 3032; x_wconf 89' lang='lat' dir='ltr'><strong>Spiritus.</strong></span> 
     </span>
    </p>
   </div>
   <div class='ocr_carea' id='block_1_60' title="bbox 449 3049 1976 3140">
    <p class='ocr_par' dir='ltr' id='par_1_60' title="bbox 449 3058 1976 3140">
     <span class='ocr_line' id='line_1_61' title="bbox 449 3058 1976 3140; baseline -0.011 -12"><span class='ocrx_word' id='word_1_439' title='bbox 449 3071 694 3128; x_wconf 76' lang='grc' dir='ltr'>Τοιαῦτα</span> <span class='ocrx_word' id='word_1_440' title='bbox 737 3070 949 3140; x_wconf 70' lang='grc' dir='ltr'>δάκρυα</span> <span class='ocrx_word' id='word_1_441' title='bbox 991 3069 1056 3122; x_wconf 77' lang='grc' dir='ltr'>ἐκ</span> <span class='ocrx_word' id='word_1_442' title='bbox 1107 3065 1274 3120; x_wconf 86' lang='grc' dir='ltr'>πόθου</span> <span class='ocrx_word' id='word_1_443' title='bbox 1326 3063 1474 3118; x_wconf 81' lang='grc' dir='ltr'>Θείου</span> <span class='ocrx_word' id='word_1_444' title='bbox 1527 3061 1796 3132; x_wconf 75' lang='grc' dir='ltr'>ἐδάκρυσε</span> <span class='ocrx_word' id='word_1_445' title='bbox 1838 3058 1976 3130; x_wconf 85' lang='grc' dir='ltr'>πρὸς</span> 
     </span>
    </p>
   </div>
   <div class='ocr_carea' id='block_1_61' title="bbox 2078 3049 3662 3140">
    <p class='ocr_par' dir='ltr' id='par_1_61' title="bbox 2155 3049 3662 3121">
     <span class='ocr_line' id='line_1_62' title="bbox 2155 3049 3662 3121; baseline 0.001 -17"><span class='ocrx_word' id='word_1_446' title='bbox 2155 3049 2316 3106; x_wconf 89' lang='lat' dir='ltr'><strong>Tales</strong></span> <span class='ocrx_word' id='word_1_447' title='bbox 2335 3051 2604 3121; x_wconf 87' lang='lat' dir='ltr'><strong>lacrymas</strong></span> <span class='ocrx_word' id='word_1_448' title='bbox 2635 3066 2700 3106; x_wconf 77' lang='lat' dir='ltr'>ex</span> <span class='ocrx_word' id='word_1_449' title='bbox 2723 3051 2908 3106; x_wconf 87' lang='lat' dir='ltr'><strong>divino</strong></span> <span class='ocrx_word' id='word_1_450' title='bbox 2931 3051 2982 3104; x_wconf 92' lang='lat' dir='ltr'><strong>in</strong></span> <span class='ocrx_word' id='word_1_451' title='bbox 3006 3049 3174 3106; x_wconf 91' lang='lat' dir='ltr'><strong>Deum</strong></span> <span class='ocrx_word' id='word_1_452' title='bbox 3200 3052 3472 3109; x_wconf 84' lang='lat' dir='ltr'><strong>desiderio</strong></span> <span class='ocrx_word' id='word_1_453' title='bbox 3521 3052 3662 3108; x_wconf 79' lang='lat' dir='ltr'><strong>fudit</strong></span> 
     </span>
    </p>
   </div>
   <div class='ocr_carea' id='block_1_62' title="bbox 380 3153 1976 3231">
    <p class='ocr_par' dir='ltr' id='par_1_62' title="bbox 380 3153 1976 3231">
     <span class='ocr_line' id='line_1_63' title="bbox 380 3153 1976 3231; baseline -0.013 -7"><span class='ocrx_word' id='word_1_454' title='bbox 380 3169 525 3224; x_wconf 84' lang='grc' dir='ltr'>Θεὸν</span> <span class='ocrx_word' id='word_1_455' title='bbox 585 3169 616 3221; x_wconf 83' lang='grc' dir='ltr'>ό</span> <span class='ocrx_word' id='word_1_456' title='bbox 674 3165 871 3220; x_wconf 67' lang='grc' dir='ltr'>εἰπών’</span> <span class='ocrx_word' id='word_1_457' title='bbox 928 3183 946 3215; x_wconf 83' lang='grc' dir='ltr'>ι</span> <span class='ocrx_word' id='word_1_458' title='bbox 1019 3159 1320 3231; x_wconf 80' lang='grc' dir='ltr'>Ἐκολλήθη</span> <span class='ocrx_word' id='word_1_459' title='bbox 1369 3159 1404 3228; x_wconf 85' lang='grc' dir='ltr'><strong>ἡ</strong></span> <span class='ocrx_word' id='word_1_460' title='bbox 1459 3157 1608 3227; x_wconf 79' lang='grc' dir='ltr'>ψυχή</span> <span class='ocrx_word' id='word_1_461' title='bbox 1652 3171 1756 3226; x_wconf 87' lang='grc' dir='ltr'>μου</span> <span class='ocrx_word' id='word_1_462' title='bbox 1799 3153 1976 3206; x_wconf 83' lang='grc' dir='ltr'>ὀπίσω</span> 
     </span>
    </p>
   </div>
   <div class='ocr_carea' id='block_1_63' title="bbox 383 3245 1976 3327">
    <p class='ocr_par' dir='ltr' id='par_1_63' title="bbox 383 3245 1976 3327">
     <span class='ocr_line' id='line_1_64' title="bbox 383 3245 1976 3327; baseline -0.012 -10"><span class='ocrx_word' id='word_1_463' title='bbox 383 3279 516 3317; x_wconf 82' lang='grc' dir='ltr'>σου·</span> <span class='ocrx_word' id='word_1_464' title='bbox 554 3281 572 3313; x_wconf 75' lang='grc' dir='ltr'>ι</span> <span class='ocrx_word' id='word_1_465' title='bbox 606 3261 702 3314; x_wconf 73' lang='grc' dir='ltr'>καὶ</span> <span class='ocrx_word' id='word_1_466' title='bbox 733 3255 971 3327; x_wconf 78' lang='grc' dir='ltr'>ἀλλαχοῦ</span> <span class='ocrx_word' id='word_1_467' title='bbox 1013 3255 1189 3322; x_wconf 84' lang='grc' dir='ltr'>λέγων</span> <span class='ocrx_word' id='word_1_468' title='bbox 1221 3270 1236 3284; x_wconf 90' lang='grc'><strong>·</strong></span> <span class='ocrx_word' id='word_1_469' title='bbox 1270 3271 1310 3304; x_wconf 65' lang='grc' dir='ltr'>ιε</span> <span class='ocrx_word' id='word_1_470' title='bbox 1343 3249 1645 3318; x_wconf 80' lang='grc' dir='ltr'>Ἰῐξεκαύθη</span> <span class='ocrx_word' id='word_1_471' title='bbox 1693 3248 1728 3318; x_wconf 85' lang='grc' dir='ltr'><strong>ή</strong></span> <span class='ocrx_word' id='word_1_472' title='bbox 1775 3245 1976 3315; x_wconf 85' lang='grc' dir='ltr'>καρδία</span> 
     </span>
    </p>
   </div>
   <div class='ocr_carea' id='block_1_64' title="bbox 387 3335 1978 3424">
    <p class='ocr_par' dir='ltr' id='par_1_64' title="bbox 387 3335 1978 3424">
     <span class='ocr_line' id='line_1_65' title="bbox 387 3335 1978 3424; baseline -0.013 -19"><span class='ocrx_word' id='word_1_473' title='bbox 387 3370 518 3424; x_wconf 82' lang='grc' dir='ltr'>μου,</span> <span class='ocrx_word' id='word_1_474' title='bbox 545 3351 642 3404; x_wconf 77' lang='grc' dir='ltr'>καὶ</span> <span class='ocrx_word' id='word_1_475' title='bbox 678 3349 728 3402; x_wconf 85' lang='grc' dir='ltr'>οἱ</span> <span class='ocrx_word' id='word_1_476' title='bbox 784 3344 972 3416; x_wconf 75' lang='grc' dir='ltr'>νεφροί</span> <span class='ocrx_word' id='word_1_477' title='bbox 1011 3361 1113 3414; x_wconf 90' lang='grc' dir='ltr'>μου</span> <span class='ocrx_word' id='word_1_478' title='bbox 1149 3339 1546 3413; x_wconf 74' lang='grc' dir='ltr'>ὴλλοιιίιοησαν.</span> <span class='ocrx_word' id='word_1_479' title='bbox 1601 3338 1659 3390; x_wconf 81' lang='lat'>&#39;0</span> <span class='ocrx_word' id='word_1_480' title='bbox 1700 3336 1836 3398; x_wconf 85' lang='grc' dir='ltr'>Θεὸς</span> <span class='ocrx_word' id='word_1_481' title='bbox 1876 3335 1978 3404; x_wconf 82' lang='grc' dir='ltr'>τῆς</span> 
     </span>
    </p>
   </div>
   <div class='ocr_carea' id='block_1_65' title="bbox 385 3425 1975 3516">
    <p class='ocr_par' dir='ltr' id='par_1_65' title="bbox 385 3425 1975 3516">
     <span class='ocr_line' id='line_1_66' title="bbox 385 3425 1975 3516; baseline -0.014 -17"><span class='ocrx_word' id='word_1_482' title='bbox 385 3444 620 3516; x_wconf 73' lang='grc' dir='ltr'>καρδίας</span> <span class='ocrx_word' id='word_1_483' title='bbox 644 3459 772 3512; x_wconf 87' lang='grc' dir='ltr'>μου,</span> <span class='ocrx_word' id='word_1_484' title='bbox 803 3440 900 3492; x_wconf 72' lang='grc' dir='ltr'>καὶ</span> <span class='ocrx_word' id='word_1_485' title='bbox 923 3440 956 3508; x_wconf 86' lang='grc' dir='ltr'>ἡ</span> <span class='ocrx_word' id='word_1_486' title='bbox 995 3436 1154 3507; x_wconf 87' lang='grc' dir='ltr'>μερίς</span> <span class='ocrx_word' id='word_1_487' title='bbox 1183 3451 1308 3504; x_wconf 85' lang='grc' dir='ltr'>μου.</span> <span class='ocrx_word' id='word_1_488' title='bbox 1335 3433 1363 3485; x_wconf 87' lang='grc' dir='ltr'>ὀ</span> <span class='ocrx_word' id='word_1_489' title='bbox 1385 3430 1541 3493; x_wconf 85' lang='grc' dir='ltr'>Θεὸς,</span> <span class='ocrx_word' id='word_1_490' title='bbox 1562 3429 1643 3492; x_wconf 80' lang='grc' dir='ltr'>είς</span> <span class='ocrx_word' id='word_1_491' title='bbox 1667 3427 1758 3482; x_wconf 83' lang='grc' dir='ltr'>τὸν</span> <span class='ocrx_word' id='word_1_492' title='bbox 1779 3425 1975 3485; x_wconf 83' lang='grc' dir='ltr'>αίῶνα,</span> 
     </span>
    </p>
   </div>
   <div class='ocr_carea' id='block_1_66' title="bbox 383 3516 1979 3597">
    <p class='ocr_par' dir='ltr' id='par_1_66' title="bbox 383 3516 1979 3597">
     <span class='ocr_line' id='line_1_67' title="bbox 383 3516 1979 3597; baseline -0.014 -6"><span class='ocrx_word' id='word_1_493' title='bbox 383 3539 476 3592; x_wconf 82' lang='grc' dir='ltr'>ὅτι</span> <span class='ocrx_word' id='word_1_494' title='bbox 499 3533 753 3590; x_wconf 69' lang='grc' dir='ltr'>ἐπιποθεῖ</span> <span class='ocrx_word' id='word_1_495' title='bbox 784 3531 877 3585; x_wconf 74' lang='grc' dir='ltr'>καὶ</span> <span class='ocrx_word' id='word_1_496' title='bbox 917 3528 1167 3583; x_wconf 77' lang='grc' dir='ltr'>ἐκλείπει</span> <span class='ocrx_word' id='word_1_497' title='bbox 1197 3529 1229 3597; x_wconf 78' lang='grc' dir='ltr'>ἡ</span> <span class='ocrx_word' id='word_1_498' title='bbox 1261 3525 1408 3594; x_wconf 76' lang='grc' dir='ltr'>ψυχὴ</span> <span class='ocrx_word' id='word_1_499' title='bbox 1445 3539 1549 3591; x_wconf 87' lang='grc' dir='ltr'>μου</span> <span class='ocrx_word' id='word_1_500' title='bbox 1573 3523 1654 3582; x_wconf 82' lang='grc' dir='ltr'>εἰς</span> <span class='ocrx_word' id='word_1_501' title='bbox 1682 3518 1783 3583; x_wconf 82' lang='grc' dir='ltr'>τὰς</span> <span class='ocrx_word' id='word_1_502' title='bbox 1805 3516 1979 3581; x_wconf 80' lang='grc' dir='ltr'>αὐλὰς</span> 
     </span>
    </p>
   </div>
   <div class='ocr_carea' id='block_1_67' title="bbox 383 3609 1980 3698">
    <p class='ocr_par' dir='ltr' id='par_1_67' title="bbox 383 3609 1980 3698">
     <span class='ocr_line' id='line_1_68' title="bbox 383 3609 1980 3698; baseline -0.013 -16"><span class='ocrx_word' id='word_1_503' title='bbox 383 3629 488 3682; x_wconf 87' lang='grc' dir='ltr'>τοῦ</span> <span class='ocrx_word' id='word_1_504' title='bbox 524 3625 754 3698; x_wconf 84' lang='grc' dir='ltr'>Κυρίου.</span> <span class='ocrx_word' id='word_1_505' title='bbox 801 3622 869 3676; x_wconf 87' lang='grc' dir='ltr'><strong>Ἦ</strong></span> <span class='ocrx_word' id='word_1_506' title='bbox 915 3620 1118 3691; x_wconf 84' lang='grc' dir='ltr'>καρδία</span> <span class='ocrx_word' id='word_1_507' title='bbox 1152 3635 1254 3686; x_wconf 80' lang='grc' dir='ltr'>μου</span> <span class='ocrx_word' id='word_1_508' title='bbox 1281 3617 1374 3670; x_wconf 72' lang='grc' dir='ltr'>καὶ</span> <span class='ocrx_word' id='word_1_509' title='bbox 1417 3617 1450 3686; x_wconf 84' lang='grc' dir='ltr'>ὴ</span> <span class='ocrx_word' id='word_1_510' title='bbox 1487 3610 1626 3685; x_wconf 82' lang='grc' dir='ltr'>σάρξ</span> <span class='ocrx_word' id='word_1_511' title='bbox 1663 3629 1766 3681; x_wconf 89' lang='grc' dir='ltr'>μου</span> <span class='ocrx_word' id='word_1_512' title='bbox 1804 3609 1980 3681; x_wconf 70' lang='grc' dir='ltr'>ἠγαλ-</span> 
     </span>
    </p>
   </div>
   <div class='ocr_carea' id='block_1_68' title="bbox 383 3703 1978 3785">
    <p class='ocr_par' dir='ltr' id='par_1_68' title="bbox 383 3703 1978 3785">
     <span class='ocr_line' id='line_1_69' title="bbox 383 3703 1978 3785; baseline -0.011 -11"><span class='ocrx_word' id='word_1_513' title='bbox 383 3721 650 3774; x_wconf 76' lang='grc' dir='ltr'>λιάσαντο</span> <span class='ocrx_word' id='word_1_514' title='bbox 676 3718 772 3785; x_wconf 75' lang='grc' dir='ltr'>ἐπὶ</span> <span class='ocrx_word' id='word_1_515' title='bbox 803 3713 926 3784; x_wconf 84' lang='grc' dir='ltr'>Θεῷ</span> <span class='ocrx_word' id='word_1_516' title='bbox 956 3713 1142 3778; x_wconf 69' lang='grc' dir='ltr'>ζῶντν</span> <span class='ocrx_word' id='word_1_517' title='bbox 1165 3725 1186 3759; x_wconf 70' lang='grc' dir='ltr'>ι</span> <span class='ocrx_word' id='word_1_518' title='bbox 1205 3709 1457 3764; x_wconf 84' lang='grc' dir='ltr'>τοσοῦτον</span> <span class='ocrx_word' id='word_1_519' title='bbox 1484 3705 1622 3779; x_wconf 82' lang='grc' dir='ltr'>πρὸς</span> <span class='ocrx_word' id='word_1_520' title='bbox 1653 3705 1787 3759; x_wconf 82' lang='grc' dir='ltr'>Θεὸν</span> <span class='ocrx_word' id='word_1_521' title='bbox 1812 3703 1978 3758; x_wconf 86' lang='grc' dir='ltr'>πόθον</span> 
     </span>
    </p>
   </div>
   <div class='ocr_carea' id='block_1_69' title="bbox 385 3796 1982 3882">
    <p class='ocr_par' dir='ltr' id='par_1_69' title="bbox 385 3796 1982 3882">
     <span class='ocr_line' id='line_1_70' title="bbox 385 3796 1982 3882; baseline -0.013 -13"><span class='ocrx_word' id='word_1_522' title='bbox 385 3816 492 3869; x_wconf 78' lang='grc' dir='ltr'>καὶ</span> <span class='ocrx_word' id='word_1_523' title='bbox 519 3813 732 3882; x_wconf 71' lang='grc' dir='ltr'>δάκρυα</span> <span class='ocrx_word' id='word_1_524' title='bbox 767 3805 914 3880; x_wconf 80' lang='grc' dir='ltr'>εἶχεν</span> <span class='ocrx_word' id='word_1_525' title='bbox 941 3807 974 3878; x_wconf 86' lang='grc' dir='ltr'><strong>ἡ</strong></span> <span class='ocrx_word' id='word_1_526' title='bbox 1003 3807 1150 3876; x_wconf 76' lang='grc' dir='ltr'>ψυχὴ</span> <span class='ocrx_word' id='word_1_527' title='bbox 1177 3804 1273 3858; x_wconf 88' lang='grc' dir='ltr'>τοῦ</span> <span class='ocrx_word' id='word_1_528' title='bbox 1305 3801 1640 3882; x_wconf 71' lang='grc' dir='ltr'>Ψαλλοντος·</span> <span class='ocrx_word' id='word_1_529' title='bbox 1677 3817 1696 3849; x_wconf 83' lang='grc' dir='ltr'>ι</span> <span class='ocrx_word' id='word_1_530' title='bbox 1733 3801 1830 3852; x_wconf 87' lang='grc' dir='ltr'>Ὃν</span> <span class='ocrx_word' id='word_1_531' title='bbox 1855 3796 1982 3866; x_wconf 83' lang='grc' dir='ltr'>τρό-</span> 
     </span>
    </p>
   </div>
   <div class='ocr_carea' id='block_1_70' title="bbox 390 3890 1982 3971">
    <p class='ocr_par' dir='ltr' id='par_1_70' title="bbox 390 3890 1982 3971">
     <span class='ocr_line' id='line_1_71' title="bbox 390 3890 1982 3971; baseline -0.011 -10"><span class='ocrx_word' id='word_1_532' title='bbox 390 3926 500 3961; x_wconf 83' lang='grc' dir='ltr'>πον</span> <span class='ocrx_word' id='word_1_533' title='bbox 532 3904 789 3958; x_wconf 80' lang='grc' dir='ltr'>ἐπιποθεί</span> <span class='ocrx_word' id='word_1_534' title='bbox 821 3905 854 3971; x_wconf 83' lang='grc' dir='ltr'>ὴ</span> <span class='ocrx_word' id='word_1_535' title='bbox 914 3901 1110 3970; x_wconf 73' lang='grc' dir='ltr'>ἔλαφος</span> <span class='ocrx_word' id='word_1_536' title='bbox 1161 3901 1252 3952; x_wconf 71' lang='grc' dir='ltr'>ἐπὶ</span> <span class='ocrx_word' id='word_1_537' title='bbox 1299 3897 1402 3960; x_wconf 86' lang='grc' dir='ltr'>τὰς</span> <span class='ocrx_word' id='word_1_538' title='bbox 1442 3894 1628 3966; x_wconf 77' lang='grc' dir='ltr'>πηγὰς</span> <span class='ocrx_word' id='word_1_539' title='bbox 1681 3891 1794 3946; x_wconf 82' lang='grc' dir='ltr'>τῶν</span> <span class='ocrx_word' id='word_1_540' title='bbox 1851 3890 1982 3944; x_wconf 77' lang='grc' dir='ltr'>ὑδά-</span> 
     </span>
    </p>
   </div>
   <div class='ocr_carea' id='block_1_71' title="bbox 387 3979 1982 4064">
    <p class='ocr_par' dir='ltr' id='par_1_71' title="bbox 387 3979 1982 4064">
     <span class='ocr_line' id='line_1_72' title="bbox 387 3979 1982 4064; baseline -0.011 -11"><span class='ocrx_word' id='word_1_541' title='bbox 387 4017 526 4060; x_wconf 84' lang='grc' dir='ltr'>των,</span> <span class='ocrx_word' id='word_1_542' title='bbox 552 3998 724 4061; x_wconf 73' lang='grc' dir='ltr'>οὕτως</span> <span class='ocrx_word' id='word_1_543' title='bbox 761 3991 1014 4048; x_wconf 81' lang='grc' dir='ltr'>ἐπιποθεῖ</span> <span class='ocrx_word' id='word_1_544' title='bbox 1135 3987 1282 4062; x_wconf 68' lang='grc' dir='ltr'>ψυχή</span> <span class='ocrx_word' id='word_1_545' title='bbox 1337 4007 1440 4060; x_wconf 90' lang='grc' dir='ltr'>μου</span> <span class='ocrx_word' id='word_1_546' title='bbox 1495 3987 1636 4059; x_wconf 84' lang='grc' dir='ltr'>πρὸς</span> <span class='ocrx_word' id='word_1_547' title='bbox 1682 3985 1762 4048; x_wconf 83' lang='grc' dir='ltr'>σὲ,</span> <span class='ocrx_word' id='word_1_548' title='bbox 1788 3987 1817 4038; x_wconf 89' lang='grc' dir='ltr'>ό</span> <span class='ocrx_word' id='word_1_549' title='bbox 1848 3979 1982 4047; x_wconf 78' lang='grc' dir='ltr'>Θεὸς</span> 
     </span>
    </p>
   </div>
   <div class='ocr_carea' id='block_1_72' title="bbox 396 4077 1981 4163">
    <p class='ocr_par' dir='ltr' id='par_1_72' title="bbox 396 4077 1981 4163">
     <span class='ocr_line' id='line_1_73' title="bbox 396 4077 1981 4163; baseline -0.008 -21"><span class='ocrx_word' id='word_1_550' title='bbox 396 4090 574 4163; x_wconf 65' lang='grc' dir='ltr'>ἡμῶν.</span> <span class='ocrx_word' id='word_1_551' title='bbox 607 4109 626 4142; x_wconf 74' lang='grc' dir='ltr'>ι</span> <span class='ocrx_word' id='word_1_552' title='bbox 664 4089 819 4158; x_wconf 82' lang='grc' dir='ltr'>Τάχα</span> <span class='ocrx_word' id='word_1_553' title='bbox 840 4088 1116 4154; x_wconf 79' lang='grc' dir='ltr'>ἀγνοεῖται</span> <span class='ocrx_word' id='word_1_554' title='bbox 1147 4087 1260 4146; x_wconf 82' lang='grc' dir='ltr'>τοῖς</span> <span class='ocrx_word' id='word_1_555' title='bbox 1293 4078 1510 4144; x_wconf 80' lang='grc' dir='ltr'>πολλοῖς</span> <span class='ocrx_word' id='word_1_556' title='bbox 1539 4078 1696 4150; x_wconf 80' lang='grc' dir='ltr'>ἡμῶν</span> <span class='ocrx_word' id='word_1_557' title='bbox 1726 4077 1796 4132; x_wconf 79' lang='grc' dir='ltr'>τὰ</span> <span class='ocrx_word' id='word_1_558' title='bbox 1825 4077 1981 4146; x_wconf 84' lang='grc' dir='ltr'>λεγό⁸</span> 
     </span>
    </p>
   </div>
   <div class='ocr_carea' id='block_1_73' title="bbox 393 4172 1984 4254">
    <p class='ocr_par' dir='ltr' id='par_1_73' title="bbox 393 4172 1984 4254">
     <span class='ocr_line' id='line_1_74' title="bbox 393 4172 1984 4254; baseline -0.01 -16"><span class='ocrx_word' id='word_1_559' title='bbox 393 4201 560 4254; x_wconf 81' lang='grc' dir='ltr'>μενα.</span> <span class='ocrx_word' id='word_1_560' title='bbox 597 4181 740 4236; x_wconf 83' lang='grc' dir='ltr'>Ἀλλ’</span> <span class='ocrx_word' id='word_1_561' title='bbox 767 4180 872 4235; x_wconf 86' lang='grc' dir='ltr'>οὐκ</span> <span class='ocrx_word' id='word_1_562' title='bbox 907 4179 1133 4246; x_wconf 85' lang='grc' dir='ltr'>ὠφελεῖ’</span> <span class='ocrx_word' id='word_1_563' title='bbox 1173 4175 1298 4229; x_wconf 75' lang='grc' dir='ltr'>οὔτε</span> <span class='ocrx_word' id='word_1_564' title='bbox 1323 4176 1435 4243; x_wconf 72' lang='grc' dir='ltr'>γὰρ</span> <span class='ocrx_word' id='word_1_565' title='bbox 1470 4174 1600 4243; x_wconf 74' lang='grc' dir='ltr'>περὶ</span> <span class='ocrx_word' id='word_1_566' title='bbox 1651 4172 1984 4244; x_wconf 77' lang='grc' dir='ltr'>πράγματος</span> 
     </span>
    </p>
   </div>
   <div class='ocr_carea' id='block_1_74' title="bbox 389 4262 1984 4344">
    <p class='ocr_par' dir='ltr' id='par_1_74' title="bbox 389 4262 1984 4344">
     <span class='ocr_line' id='line_1_75' title="bbox 389 4262 1984 4344; baseline -0.011 -12"><span class='ocrx_word' id='word_1_567' title='bbox 389 4279 526 4343; x_wconf 76' lang='grc' dir='ltr'>ὑμῖν</span> <span class='ocrx_word' id='word_1_568' title='bbox 558 4272 924 4344; x_wconf 79' lang='grc' dir='ltr'>διαλεγόμεθα</span> <span class='ocrx_word' id='word_1_569' title='bbox 957 4273 1038 4333; x_wconf 83' lang='grc' dir='ltr'>είς</span> <span class='ocrx_word' id='word_1_570' title='bbox 1062 4269 1160 4338; x_wconf 80' lang='grc' dir='ltr'>τὴν</span> <span class='ocrx_word' id='word_1_571' title='bbox 1191 4267 1430 4322; x_wconf 73' lang='grc' dir='ltr'>ἄϐυσσον</span> <span class='ocrx_word' id='word_1_572' title='bbox 1459 4262 1632 4328; x_wconf 68' lang='grc' dir='ltr'>ὄντος,</span> <span class='ocrx_word' id='word_1_573' title='bbox 1689 4263 1812 4317; x_wconf 80' lang='grc' dir='ltr'>οὐδὲ</span> <span class='ocrx_word' id='word_1_574' title='bbox 1852 4262 1984 4332; x_wconf 78' lang='grc' dir='ltr'>περὶ</span> 
     </span>
    </p>
   </div>
   <div class='ocr_carea' id='block_1_75' title="bbox 389 4354 1981 4432">
    <p class='ocr_par' dir='ltr' id='par_1_75' title="bbox 389 4354 1981 4432">
     <span class='ocr_line' id='line_1_76' title="bbox 389 4354 1981 4432; baseline -0.01 -10"><span class='ocrx_word' id='word_1_575' title='bbox 389 4369 570 4432; x_wconf 77' lang='grc' dir='ltr'>εἴδους</span> <span class='ocrx_word' id='word_1_576' title='bbox 603 4370 684 4432; x_wconf 82' lang='grc' dir='ltr'>εἰς</span> <span class='ocrx_word' id='word_1_577' title='bbox 713 4366 810 4429; x_wconf 79' lang='grc' dir='ltr'>τὰς</span> <span class='ocrx_word' id='word_1_578' title='bbox 839 4365 948 4418; x_wconf 85' lang='grc' dir='ltr'>τῶν</span> <span class='ocrx_word' id='word_1_579' title='bbox 998 4361 1291 4432; x_wconf 79' lang='grc' dir='ltr'>βαρϐάρων</span> <span class='ocrx_word' id='word_1_580' title='bbox 1318 4360 1558 4429; x_wconf 72' lang='grc' dir='ltr'>ἐρήμους</span> <span class='ocrx_word' id='word_1_581' title='bbox 1586 4354 1981 4427; x_wconf 80' lang='grc' dir='ltr'>εὑρισκομένου</span> 
     </span>
    </p>
   </div>
   <div class='ocr_carea' id='block_1_76' title="bbox 391 4428 2056 4527">
    <p class='ocr_par' dir='ltr' id='par_1_76' title="bbox 391 4428 2056 4527">
     <span class='ocr_line' id='line_1_77' title="bbox 391 4428 2056 4527; baseline -0.011 -11"><span class='ocrx_word' id='word_1_582' title='bbox 391 4428 678 4524; x_wconf 34' lang='grc' dir='ltr'>σπανίως.-</span> <span class='ocrx_word' id='word_1_583' title='bbox 717 4428 857 4511; x_wconf 81' lang='grc' dir='ltr'>ἀλλὰ</span> <span class='ocrx_word' id='word_1_584' title='bbox 932 4428 1082 4527; x_wconf 34' lang='grc' dir='ltr'>περὶ-</span> <span class='ocrx_word' id='word_1_585' title='bbox 1116 4453 1446 4524; x_wconf 84' lang='grc' dir='ltr'>πράγματος</span> <span class='ocrx_word' id='word_1_586' title='bbox 1520 4451 1653 4520; x_wconf 83' lang='grc' dir='ltr'>ὑμῖν</span> <span class='ocrx_word' id='word_1_587' title='bbox 1709 4441 1987 4516; x_wconf 73' lang='grc' dir='ltr'>λαλοῦμεν</span> <span class='ocrx_word' id='word_1_588' title='bbox 2017 4428 2056 4478; x_wconf 77' lang='grc' dir='ltr'>υ</span> 
     </span>
    </p>
   </div>
   <div class='ocr_carea' id='block_1_77' title="bbox 391 4532 1987 4618">
    <p class='ocr_par' dir='ltr' id='par_1_77' title="bbox 391 4532 1987 4618">
     <span class='ocr_line' id='line_1_78' title="bbox 391 4532 1987 4618; baseline -0.013 -14"><span class='ocrx_word' id='word_1_589' title='bbox 391 4550 544 4604; x_wconf 75' lang='grc' dir='ltr'>ἔνδον</span> <span class='ocrx_word' id='word_1_590' title='bbox 574 4550 632 4602; x_wconf 82' lang='grc' dir='ltr'>ὲν</span> <span class='ocrx_word' id='word_1_591' title='bbox 653 4547 850 4618; x_wconf 60' lang='grc' dir='ltr'>καρδίᾳ</span> <span class='ocrx_word' id='word_1_592' title='bbox 871 4546 979 4599; x_wconf 82' lang='grc' dir='ltr'>ὑπὸ</span> <span class='ocrx_word' id='word_1_593' title='bbox 996 4541 1240 4615; x_wconf 81' lang='grc' dir='ltr'>Χριστοῦ</span> <span class='ocrx_word' id='word_1_594' title='bbox 1263 4539 1400 4610; x_wconf 77' lang='grc' dir='ltr'>ἡμῖν</span> <span class='ocrx_word' id='word_1_595' title='bbox 1423 4537 1672 4601; x_wconf 81' lang='grc' dir='ltr'>δοθέντος</span> <span class='ocrx_word' id='word_1_596' title='bbox 1693 4535 1786 4590; x_wconf 80' lang='grc' dir='ltr'>τοῦ</span> <span class='ocrx_word' id='word_1_597' title='bbox 1807 4532 1987 4588; x_wconf 83' lang='grc' dir='ltr'>εἰπόν-</span> 
     </span>
    </p>
   </div>
   <div class='ocr_carea' id='block_1_78' title="bbox 389 4629 1979 4710">
    <p class='ocr_par' dir='ltr' id='par_1_78' title="bbox 389 4629 1979 4710">
     <span class='ocr_line' id='line_1_79' title="bbox 389 4629 1979 4710; baseline -0.011 -14"><span class='ocrx_word' id='word_1_598' title='bbox 389 4659 508 4706; x_wconf 81' lang='grc' dir='ltr'>τος’</span> <span class='ocrx_word' id='word_1_599' title='bbox 542 4661 560 4693; x_wconf 81' lang='grc' dir='ltr'>ι</span> <span class='ocrx_word' id='word_1_600' title='bbox 607 4640 670 4694; x_wconf 81' lang='grc' dir='ltr'><strong><em>Ἦ</em></strong></span> <span class='ocrx_word' id='word_1_601' title='bbox 710 4638 962 4710; x_wconf 79' lang='grc' dir='ltr'>βασιλεία</span> <span class='ocrx_word' id='word_1_602' title='bbox 985 4642 1095 4690; x_wconf 81' lang='grc' dir='ltr'>τῶν</span> <span class='ocrx_word' id='word_1_603' title='bbox 1120 4630 1368 4706; x_wconf 84' lang='grc' dir='ltr'>οὐρανῶν</span> <span class='ocrx_word' id='word_1_604' title='bbox 1397 4631 1544 4694; x_wconf 77' lang='grc' dir='ltr'>ἐντὸς</span> <span class='ocrx_word' id='word_1_605' title='bbox 1575 4629 1734 4699; x_wconf 84' lang='grc' dir='ltr'>ἡμῶν</span> <span class='ocrx_word' id='word_1_606' title='bbox 1757 4629 1926 4690; x_wconf 78' lang='grc' dir='ltr'>ἐστιν,</span> <span class='ocrx_word' id='word_1_607' title='bbox 1960 4645 1979 4678; x_wconf 76' lang='grc' dir='ltr'>ι</span> 
     </span>
    </p>
   </div>
   <div class='ocr_carea' id='block_1_79' title="bbox 391 4719 1982 4807">
    <p class='ocr_par' dir='ltr' id='par_1_79' title="bbox 391 4719 1982 4807">
     <span class='ocr_line' id='line_1_80' title="bbox 391 4719 1982 4807; baseline -0.011 -19"><span class='ocrx_word' id='word_1_608' title='bbox 391 4737 568 4807; x_wconf 73' lang='grc' dir='ltr'>ἧγουν</span> <span class='ocrx_word' id='word_1_609' title='bbox 598 4731 660 4785; x_wconf 87' lang='grc' dir='ltr'>τὸ</span> <span class='ocrx_word' id='word_1_610' title='bbox 689 4731 914 4800; x_wconf 83' lang='grc' dir='ltr'>Πνεῦμα</span> <span class='ocrx_word' id='word_1_611' title='bbox 941 4729 1003 4782; x_wconf 86' lang='grc' dir='ltr'>τὸ</span> <span class='ocrx_word' id='word_1_612' title='bbox 1047 4727 1224 4796; x_wconf 69' lang='grc' dir='ltr'>ἅγιον,</span> <span class='ocrx_word' id='word_1_613' title='bbox 1270 4726 1455 4778; x_wconf 80' lang='grc' dir='ltr'>τίκτον</span> <span class='ocrx_word' id='word_1_614' title='bbox 1485 4723 1614 4792; x_wconf 85' lang='grc' dir='ltr'>ὑμῖν</span> <span class='ocrx_word' id='word_1_615' title='bbox 1664 4719 1982 4783; x_wconf 79' lang='grc' dir='ltr'>κατάνυξιν,</span> 
     </span>
    </p>
   </div>
   <div class='ocr_carea' id='block_1_80' title="bbox 392 4811 1982 4894">
    <p class='ocr_par' dir='ltr' id='par_1_80' title="bbox 392 4811 1982 4894">
     <span class='ocr_line' id='line_1_81' title="bbox 392 4811 1982 4894; baseline -0.01 -15"><span class='ocrx_word' id='word_1_616' title='bbox 392 4827 495 4879; x_wconf 70' lang='grc' dir='ltr'>καὶ</span> <span class='ocrx_word' id='word_1_617' title='bbox 520 4824 755 4894; x_wconf 77' lang='grc' dir='ltr'>δάκρυα,</span> <span class='ocrx_word' id='word_1_618' title='bbox 789 4821 926 4892; x_wconf 85' lang='grc' dir='ltr'>πρὸς</span> <span class='ocrx_word' id='word_1_619' title='bbox 959 4819 1178 4890; x_wconf 77' lang='grc' dir='ltr'>ἄφεσιν,</span> <span class='ocrx_word' id='word_1_620' title='bbox 1204 4818 1300 4871; x_wconf 81' lang='grc' dir='ltr'>καὶ</span> <span class='ocrx_word' id='word_1_621' title='bbox 1330 4814 1718 4885; x_wconf 80' lang='grc' dir='ltr'>ἁναγέννησιν,</span> <span class='ocrx_word' id='word_1_622' title='bbox 1761 4812 1855 4866; x_wconf 75' lang='grc' dir='ltr'>καὶ</span> <span class='ocrx_word' id='word_1_623' title='bbox 1885 4811 1982 4864; x_wconf 87' lang='grc' dir='ltr'>λύ-</span> 
     </span>
    </p>
   </div>
   <div class='ocr_carea' id='block_1_81' title="bbox 391 4913 950 4989">
    <p class='ocr_par' dir='ltr' id='par_1_81' title="bbox 391 4913 950 4989">
     <span class='ocr_line' id='line_1_82' title="bbox 391 4913 950 4989; baseline -0.011 -18"><span class='ocrx_word' id='word_1_624' title='bbox 391 4934 602 4989; x_wconf 80' lang='grc' dir='ltr'>τρωσιν</span> <span class='ocrx_word' id='word_1_625' title='bbox 638 4913 950 4986; x_wconf 83' lang='grc' dir='ltr'>ἁμαρτιῶν.</span> 
     </span>
    </p>
   </div>
   <div class='ocr_carea' id='block_1_82' title="bbox 470 4997 1980 5078">
    <p class='ocr_par' dir='ltr' id='par_1_82' title="bbox 470 4997 1980 5078">
     <span class='ocr_line' id='line_1_83' title="bbox 470 4997 1980 5078; baseline -0.009 -16"><span class='ocrx_word' id='word_1_626' title='bbox 470 5008 697 5078; x_wconf 81' lang='grc' dir='ltr'>Μεγάλη</span> <span class='ocrx_word' id='word_1_627' title='bbox 733 5007 914 5060; x_wconf 86' lang='grc' dir='ltr'>τοίνυν</span> <span class='ocrx_word' id='word_1_628' title='bbox 939 5003 1048 5058; x_wconf 82' lang='grc' dir='ltr'>τῶν</span> <span class='ocrx_word' id='word_1_629' title='bbox 1077 5002 1218 5057; x_wconf 74' lang='grc' dir='ltr'>κατὰ</span> <span class='ocrx_word' id='word_1_630' title='bbox 1259 5001 1392 5055; x_wconf 86' lang='grc' dir='ltr'>Θεὸν</span> <span class='ocrx_word' id='word_1_631' title='bbox 1437 4997 1692 5071; x_wconf 73' lang='grc' dir='ltr'>δακρύων</span> <span class='ocrx_word' id='word_1_632' title='bbox 1725 5001 1759 5070; x_wconf 80' lang='grc' dir='ltr'>ἡ</span> <span class='ocrx_word' id='word_1_633' title='bbox 1802 4998 1980 5068; x_wconf 72' lang='grc' dir='ltr'>ἰσχὺς,</span> 
     </span>
    </p>
   </div>
   <div class='ocr_carea' id='block_1_83' title="bbox 396 5090 1982 5173">
    <p class='ocr_par' dir='ltr' id='par_1_83' title="bbox 396 5090 1982 5173">
     <span class='ocr_line' id='line_1_84' title="bbox 396 5090 1982 5173; baseline -0.008 -19"><span class='ocrx_word' id='word_1_634' title='bbox 396 5101 612 5173; x_wconf 79' lang='grc' dir='ltr'>μεγάλη</span> <span class='ocrx_word' id='word_1_635' title='bbox 643 5095 823 5152; x_wconf 83' lang='grc' dir='ltr'>αὐτῶν</span> <span class='ocrx_word' id='word_1_636' title='bbox 847 5099 880 5167; x_wconf 81' lang='grc' dir='ltr'>ὴ</span> <span class='ocrx_word' id='word_1_637' title='bbox 910 5096 1182 5167; x_wconf 76' lang='grc' dir='ltr'>ἐνέργεια,</span> <span class='ocrx_word' id='word_1_638' title='bbox 1214 5097 1310 5147; x_wconf 76' lang='grc' dir='ltr'>καὶ</span> <span class='ocrx_word' id='word_1_639' title='bbox 1343 5094 1626 5164; x_wconf 74' lang='grc' dir='ltr'>μάρτυρες</span> <span class='ocrx_word' id='word_1_640' title='bbox 1667 5093 1726 5144; x_wconf 79' lang='grc' dir='ltr'>ὲν</span> <span class='ocrx_word' id='word_1_641' title='bbox 1753 5093 1822 5160; x_wconf 81' lang='grc' dir='ltr'>τῇ</span> <span class='ocrx_word' id='word_1_642' title='bbox 1871 5090 1982 5142; x_wconf 71' lang='grc' dir='ltr'>Πει-</span> 
     </span>
    </p>
   </div>
   <div class='ocr_carea' id='block_1_84' title="bbox 393 5181 1979 5264">
    <p class='ocr_par' dir='ltr' id='par_1_84' title="bbox 393 5181 1979 5264">
     <span class='ocr_line' id='line_1_85' title="bbox 393 5181 1979 5264; baseline -0.009 -16"><span class='ocrx_word' id='word_1_643' title='bbox 393 5194 528 5264; x_wconf 81' lang='grc' dir='ltr'>λαιᾷ</span> <span class='ocrx_word' id='word_1_644' title='bbox 553 5189 859 5254; x_wconf 78' lang='grc' dir='ltr'>Νινευῗται,</span> <span class='ocrx_word' id='word_1_645' title='bbox 905 5189 1176 5253; x_wconf 78' lang='grc' dir='ltr'>Ἐζεκίας,</span> <span class='ocrx_word' id='word_1_646' title='bbox 1209 5183 1704 5256; x_wconf 75' lang='grc' dir='ltr'>Ναϐουχοδονόσορ,</span> <span class='ocrx_word' id='word_1_647' title='bbox 1753 5181 1979 5236; x_wconf 85' lang='grc' dir='ltr'>Μανασ-</span> 
     </span>
    </p>
   </div>
   <div class='ocr_carea' id='block_1_85' title="bbox 395 5275 1979 5355">
    <p class='ocr_par' dir='ltr' id='par_1_85' title="bbox 395 5275 1979 5355">
     <span class='ocr_line' id='line_1_86' title="bbox 395 5275 1979 5355; baseline -0.008 -16"><span class='ocrx_word' id='word_1_648' title='bbox 395 5284 523 5354; x_wconf 81' lang='grc' dir='ltr'>σῆς.</span> <span class='ocrx_word' id='word_1_649' title='bbox 552 5282 678 5355; x_wconf 84' lang='grc' dir='ltr'>[Ἑν</span> <span class='ocrx_word' id='word_1_650' title='bbox 715 5281 772 5335; x_wconf 83' lang='grc' dir='ltr'>δὲ</span> <span class='ocrx_word' id='word_1_651' title='bbox 809 5283 876 5351; x_wconf 81' lang='grc' dir='ltr'>τῇ</span> <span class='ocrx_word' id='word_1_652' title='bbox 905 5279 1041 5350; x_wconf 75' lang='grc' dir='ltr'>Νέᾳ,</span> <span class='ocrx_word' id='word_1_653' title='bbox 1089 5277 1291 5350; x_wconf 77' lang='grc' dir='ltr'>Πέτρος</span> <span class='ocrx_word' id='word_1_654' title='bbox 1319 5278 1408 5332; x_wconf 78' lang='grc' dir='ltr'>διὰ</span> <span class='ocrx_word' id='word_1_655' title='bbox 1431 5275 1686 5347; x_wconf 78' lang='grc' dir='ltr'>δακρύων</span> <span class='ocrx_word' id='word_1_656' title='bbox 1719 5275 1812 5330; x_wconf 84' lang='grc' dir='ltr'>τὸν</span> <span class='ocrx_word' id='word_1_657' title='bbox 1847 5275 1979 5328; x_wconf 74' lang='grc' dir='ltr'>θεὸν</span> 
     </span>
    </p>
   </div>
   <div class='ocr_carea' id='block_1_86' title="bbox 394 5367 1982 5445">
    <p class='ocr_par' dir='ltr' id='par_1_86' title="bbox 394 5367 1982 5445">
     <span class='ocr_line' id='line_1_87' title="bbox 394 5367 1982 5445; baseline -0.007 -16"><span class='ocrx_word' id='word_1_658' title='bbox 394 5374 714 5445; x_wconf 77' lang='grc' dir='ltr'>ἱλεούμενος</span> <span class='ocrx_word' id='word_1_659' title='bbox 751 5374 845 5428; x_wconf 76' lang='grc' dir='ltr'>καὶ</span> <span class='ocrx_word' id='word_1_660' title='bbox 871 5371 968 5444; x_wconf 80' lang='grc' dir='ltr'>τὴν</span> <span class='ocrx_word' id='word_1_661' title='bbox 999 5371 1229 5444; x_wconf 79' lang='grc' dir='ltr'>ἄρνησιν</span> <span class='ocrx_word' id='word_1_662' title='bbox 1262 5369 1584 5442; x_wconf 81' lang='grc' dir='ltr'>θεραπεύων</span> <span class='ocrx_word' id='word_1_663' title='bbox 1610 5385 1624 5398; x_wconf 77' lang='grc' dir='ltr'>ο</span> <span class='ocrx_word' id='word_1_664' title='bbox 1667 5367 1868 5438; x_wconf 80' lang='grc' dir='ltr'>πόρνη,</span> <span class='ocrx_word' id='word_1_665' title='bbox 1893 5367 1982 5419; x_wconf 77' lang='grc' dir='ltr'>ὃάο</span> 
     </span>
    </p>
   </div>
   <div class='ocr_carea' id='block_1_87' title="bbox 469 5523 1710 5594">
    <p class='ocr_par' dir='ltr' id='par_1_87' title="bbox 469 5523 1710 5594">
     <span class='ocr_line' id='line_1_88' title="bbox 469 5523 1710 5594; baseline -0.005 -10"><span class='ocrx_word' id='word_1_666' title='bbox 469 5533 516 5564; x_wconf 85' lang='grc'>⁶⁰</span> <span class='ocrx_word' id='word_1_667' title='bbox 548 5531 695 5587; x_wconf 87' lang='lat' dir='ltr'><strong>Psai.</strong></span> <span class='ocrx_word' id='word_1_668' title='bbox 721 5545 856 5594; x_wconf 68' lang='lat' dir='ltr'><strong>LXII,</strong></span> <span class='ocrx_word' id='word_1_669' title='bbox 883 5529 936 5582; x_wconf 93' lang='lat'><strong>9.</strong></span> <span class='ocrx_word' id='word_1_670' title='bbox 1035 5528 1076 5560; x_wconf 81' lang='grc'>⁶¹</span> <span class='ocrx_word' id='word_1_671' title='bbox 1112 5525 1252 5580; x_wconf 83' lang='lat' dir='ltr'><strong>Psal.</strong></span> <span class='ocrx_word' id='word_1_672' title='bbox 1299 5541 1472 5592; x_wconf 75' lang='lat' dir='ltr'><strong>um,</strong></span> <span class='ocrx_word' id='word_1_673' title='bbox 1511 5524 1604 5580; x_wconf 75' lang='lat' dir='ltr'>2i.</span> <span class='ocrx_word' id='word_1_674' title='bbox 1637 5523 1710 5579; x_wconf 74' lang='lat'>26</span> 
     </span>
    </p>
   </div>
   <div class='ocr_carea' id='block_1_88' title="bbox 455 5737 1032 5810">
    <p class='ocr_par' dir='ltr' id='par_1_88' title="bbox 455 5737 1032 5810">
     <span class='ocr_line' id='line_1_89' title="bbox 455 5737 1032 5810; baseline 0.019 -27"><span class='ocrx_word' id='word_1_675' title='bbox 455 5742 503 5784; x_wconf 64' lang='grc' dir='ltr'>Διι</span> <span class='ocrx_word' id='word_1_676' title='bbox 534 5739 662 5810; x_wconf 60' lang='lat' dir='ltr'>ng.</span> <span class='ocrx_word' id='word_1_677' title='bbox 694 5737 1032 5810; x_wconf 78' lang='grc' dir='ltr'>φιληδονίας.</span> 
     </span>
    </p>
   </div>
   <div class='ocr_carea' id='block_1_89' title="bbox 1457 5519 2444 5592">
    <p class='ocr_par' dir='ltr' id='par_1_89' title="bbox 1457 5519 2444 5592">
     <span class='ocr_line' id='line_1_90' title="bbox 1457 5519 2444 5592; baseline -0.007 -13"><span class='ocrx_word' id='word_1_678' title='bbox 1457 5566 1472 5592; x_wconf 97' lang='grc'>,</span> <span class='ocrx_word' id='word_1_679' title='bbox 1511 5524 1604 5580; x_wconf 73' lang='lat' dir='ltr'><strong>2i.</strong></span> <span class='ocrx_word' id='word_1_680' title='bbox 1637 5523 1732 5579; x_wconf 74' lang='lat'>26.</span> <span class='ocrx_word' id='word_1_681' title='bbox 1837 5523 1882 5554; x_wconf 78' lang='grc'>⁶²</span> <span class='ocrx_word' id='word_1_682' title='bbox 1914 5521 2059 5575; x_wconf 80' lang='lat' dir='ltr'><strong>Psal.</strong></span> <span class='ocrx_word' id='word_1_683' title='bbox 2104 5535 2356 5592; x_wconf 39' lang='grc' dir='ltr'>-ιζςκκιιι,</span> <span class='ocrx_word' id='word_1_684' title='bbox 2389 5519 2444 5582; x_wconf 79' lang='grc'>3,</span> 
     </span>
    </p>
   </div>
   <div class='ocr_carea' id='block_1_90' title="bbox 395 5589 1976 5666">
    <p class='ocr_par' dir='ltr' id='par_1_90' title="bbox 395 5589 1926 5666">
     <span class='ocr_line' id='line_1_91' title="bbox 395 5589 1926 5666; baseline -0.007 -9"><span class='ocrx_word' id='word_1_685' title='bbox 395 5604 446 5637; x_wconf 76' lang='grc'>⁸⁵</span> <span class='ocrx_word' id='word_1_686' title='bbox 476 5601 629 5656; x_wconf 67' lang='lat' dir='ltr'><strong>Iona:</strong></span> <span class='ocrx_word' id='word_1_687' title='bbox 660 5601 807 5666; x_wconf 85' lang='lat' dir='ltr'><strong>ttt,6.</strong></span> <span class='ocrx_word' id='word_1_688' title='bbox 843 5589 852 5594; x_wconf 52' lang='grc'><strong><em>⁷</em></strong></span> <span class='ocrx_word' id='word_1_689' title='bbox 885 5599 932 5632; x_wconf 84' lang='grc'>⁶⁶</span> <span class='ocrx_word' id='word_1_690' title='bbox 963 5597 1416 5662; x_wconf 71' lang='grc' dir='ltr'>Ιειι.-ιτ‹ιινιιι,2.</span> <span class='ocrx_word' id='word_1_691' title='bbox 1459 5589 1538 5626; x_wconf 68' lang='grc'>’⁸⁷</span> <span class='ocrx_word' id='word_1_692' title='bbox 1572 5595 1705 5648; x_wconf 90' lang='lat' dir='ltr'><strong>Dan.</strong></span> <span class='ocrx_word' id='word_1_693' title='bbox 1736 5609 1808 5660; x_wconf 82' lang='grc' dir='ltr'>ιν,</span> <span class='ocrx_word' id='word_1_694' title='bbox 1839 5593 1926 5648; x_wconf 79' lang='lat' dir='ltr'><strong>5i.</strong></span> 
     </span>
    </p>
   </div>
   <div class='ocr_carea' id='block_1_91' title="bbox 2078 5589 2662 5666">
    <p class='ocr_par' dir='ltr' id='par_1_91' title="bbox 2081 5589 2662 5653">
     <span class='ocr_line' id='line_1_92' title="bbox 2081 5589 2662 5653; baseline -0.007 -7"><span class='ocrx_word' id='word_1_695' title='bbox 2081 5589 2118 5646; x_wconf 95' lang='lat' dir='ltr'>ll</span> <span class='ocrx_word' id='word_1_696' title='bbox 2151 5591 2330 5644; x_wconf 73' lang='lat' dir='ltr'><strong>l‘aral.</strong></span> <span class='ocrx_word' id='word_1_697' title='bbox 2363 5602 2555 5653; x_wconf 61' lang='lat' dir='ltr'><strong>nam,</strong></span> <span class='ocrx_word' id='word_1_698' title='bbox 2575 5589 2662 5642; x_wconf 82' lang='grc'>15.</span> 
     </span>
    </p>
   </div>
   <div class='ocr_carea' id='block_1_92' title="bbox 2080 3143 3662 3217">
    <p class='ocr_par' dir='ltr' id='par_1_92' title="bbox 2080 3143 3662 3217">
     <span class='ocr_line' id='line_1_93' title="bbox 2080 3143 3662 3217; baseline 0.002 -20"><span class='ocrx_word' id='word_1_699' title='bbox 2080 3145 2170 3216; x_wconf 89' lang='lat' dir='ltr'><strong>qui</strong></span> <span class='ocrx_word' id='word_1_700' title='bbox 2194 3145 2330 3200; x_wconf 71' lang='lat' dir='ltr'><strong>dixit</strong></span> <span class='ocrx_word' id='word_1_701' title='bbox 2359 3162 2373 3198; x_wconf 88' lang='lat'><strong>:</strong></span> <span class='ocrx_word' id='word_1_702' title='bbox 2409 3161 2429 3196; x_wconf 77' lang='grc' dir='ltr'>ι</span> <span class='ocrx_word' id='word_1_703' title='bbox 2467 3143 2706 3198; x_wconf 68' lang='lat' dir='ltr'><strong>Adhaesit</strong></span> <span class='ocrx_word' id='word_1_704' title='bbox 2733 3144 2916 3199; x_wconf 85' lang='lat' dir='ltr'><strong>anima</strong></span> <span class='ocrx_word' id='word_1_705' title='bbox 2957 3161 3074 3200; x_wconf 90' lang='lat' dir='ltr'><strong>mea</strong></span> <span class='ocrx_word' id='word_1_706' title='bbox 3103 3157 3228 3216; x_wconf 92' lang='lat' dir='ltr'><strong>post</strong></span> <span class='ocrx_word' id='word_1_707' title='bbox 3253 3145 3432 3211; x_wconf 68' lang='lat' dir='ltr'><strong>te‘°;r</strong></span> <span class='ocrx_word' id='word_1_708' title='bbox 3457 3145 3662 3217; x_wconf 86' lang='lat' dir='ltr'><strong>quique</strong></span> 
     </span>
    </p>
   </div>
   <div class='ocr_carea' id='block_1_93' title="bbox 2079 3232 3665 3305">
    <p class='ocr_par' dir='ltr' id='par_1_93' title="bbox 2079 3232 3665 3305">
     <span class='ocr_line' id='line_1_94' title="bbox 2079 3232 3665 3305; baseline 0 -13"><span class='ocrx_word' id='word_1_709' title='bbox 2079 3237 2188 3293; x_wconf 85' lang='lat' dir='ltr'><strong>alio</strong></span> <span class='ocrx_word' id='word_1_710' title='bbox 2227 3237 2346 3292; x_wconf 88' lang='lat' dir='ltr'><strong>loco</strong></span> <span class='ocrx_word' id='word_1_711' title='bbox 2382 3237 2515 3292; x_wconf 88' lang='lat' dir='ltr'><strong>dicit</strong></span> <span class='ocrx_word' id='word_1_712' title='bbox 2547 3253 2564 3293; x_wconf 92' lang='lat'><strong>:</strong></span> <span class='ocrx_word' id='word_1_713' title='bbox 2602 3255 2620 3288; x_wconf 82' lang='grc' dir='ltr'>ι</span> <span class='ocrx_word' id='word_1_714' title='bbox 2659 3232 3058 3292; x_wconf 71' lang='lat' dir='ltr'><strong>[inﬂammatum</strong></span> <span class='ocrx_word' id='word_1_715' title='bbox 3108 3248 3194 3292; x_wconf 89' lang='lat' dir='ltr'><strong>est</strong></span> <span class='ocrx_word' id='word_1_716' title='bbox 3244 3253 3343 3294; x_wconf 89' lang='lat' dir='ltr'>cor</span> <span class='ocrx_word' id='word_1_717' title='bbox 3375 3253 3575 3305; x_wconf 89' lang='lat' dir='ltr'><strong>meum,</strong></span> <span class='ocrx_word' id='word_1_718' title='bbox 3609 3250 3665 3292; x_wconf 91' lang='lat' dir='ltr'><strong>ct</strong></span> 
     </span>
    </p>
   </div>
   <div class='ocr_carea' id='block_1_94' title="bbox 2081 3328 3663 3402">
    <p class='ocr_par' dir='ltr' id='par_1_94' title="bbox 2081 3328 3663 3402">
     <span class='ocr_line' id='line_1_95' title="bbox 2081 3328 3663 3402; baseline 0.002 -19"><span class='ocrx_word' id='word_1_719' title='bbox 2081 3345 2240 3385; x_wconf 88' lang='lat' dir='ltr'><strong>renes</strong></span> <span class='ocrx_word' id='word_1_720' title='bbox 2269 3331 2372 3384; x_wconf 91' lang='lat' dir='ltr'><strong>mei</strong></span> <span class='ocrx_word' id='word_1_721' title='bbox 2399 3328 2672 3383; x_wconf 87' lang='lat' dir='ltr'><strong>immutati</strong></span> <span class='ocrx_word' id='word_1_722' title='bbox 2699 3338 2830 3383; x_wconf 88' lang='lat' dir='ltr'><strong>sunt</strong></span> <span class='ocrx_word' id='word_1_723' title='bbox 2864 3347 2876 3382; x_wconf 94' lang='lat'>:</span> <span class='ocrx_word' id='word_1_724' title='bbox 2920 3328 3063 3384; x_wconf 86' lang='lat' dir='ltr'><strong>Deus</strong></span> <span class='ocrx_word' id='word_1_725' title='bbox 3101 3330 3284 3386; x_wconf 85' lang='lat' dir='ltr'><strong>cordis</strong></span> <span class='ocrx_word' id='word_1_726' title='bbox 3311 3331 3416 3386; x_wconf 92' lang='lat' dir='ltr'><strong>mei</strong></span> <span class='ocrx_word' id='word_1_727' title='bbox 3444 3341 3501 3386; x_wconf 90' lang='lat' dir='ltr'><strong>et</strong></span> <span class='ocrx_word' id='word_1_728' title='bbox 3533 3347 3663 3402; x_wconf 88' lang='lat' dir='ltr'><strong>pars</strong></span> 
     </span>
    </p>
   </div>
   <div class='ocr_carea' id='block_1_95' title="bbox 2080 3420 3660 3492">
    <p class='ocr_par' dir='ltr' id='par_1_95' title="bbox 2080 3420 3660 3492">
     <span class='ocr_line' id='line_1_96' title="bbox 2080 3420 3660 3492; baseline -0.002 -14"><span class='ocrx_word' id='word_1_729' title='bbox 2080 3437 2198 3478; x_wconf 87' lang='lat' dir='ltr'>mea</span> <span class='ocrx_word' id='word_1_730' title='bbox 2237 3421 2375 3478; x_wconf 85' lang='lat' dir='ltr'><strong>Deus</strong></span> <span class='ocrx_word' id='word_1_731' title='bbox 2423 3421 2476 3476; x_wconf 92' lang='lat' dir='ltr'><strong>in</strong></span> <span class='ocrx_word' id='word_1_732' title='bbox 2525 3430 2784 3476; x_wconf 67' lang='lat' dir='ltr'><strong>aeternum</strong></span> <span class='ocrx_word' id='word_1_733' title='bbox 2837 3420 2882 3452; x_wconf 81' lang='grc'>⁶¹</span> <span class='ocrx_word' id='word_1_734' title='bbox 2934 3439 2947 3476; x_wconf 89' lang='lat'><strong>:</strong></span> <span class='ocrx_word' id='word_1_735' title='bbox 2985 3423 3324 3492; x_wconf 89' lang='lat' dir='ltr'><strong>concupiscit</strong></span> <span class='ocrx_word' id='word_1_736' title='bbox 3369 3434 3426 3478; x_wconf 89' lang='lat' dir='ltr'><strong>et</strong></span> <span class='ocrx_word' id='word_1_737' title='bbox 3481 3425 3660 3480; x_wconf 68' lang='lat' dir='ltr'><strong>delicis</strong></span> 
     </span>
    </p>
   </div>
   <div class='ocr_carea' id='block_1_96' title="bbox 2081 3513 3666 3572">
    <p class='ocr_par' dir='ltr' id='par_1_96' title="bbox 2081 3513 3666 3572">
     <span class='ocr_line' id='line_1_97' title="bbox 2081 3513 3666 3572; baseline -0.001 -4"><span class='ocrx_word' id='word_1_738' title='bbox 2081 3529 2259 3568; x_wconf 86' lang='lat' dir='ltr'><strong>auuna</strong></span> <span class='ocrx_word' id='word_1_739' title='bbox 2315 3528 2434 3568; x_wconf 89' lang='lat' dir='ltr'>mea</span> <span class='ocrx_word' id='word_1_740' title='bbox 2471 3513 2522 3568; x_wconf 90' lang='lat' dir='ltr'>in</span> <span class='ocrx_word' id='word_1_741' title='bbox 2565 3515 2704 3567; x_wconf 84' lang='lat' dir='ltr'><strong>atria</strong></span> <span class='ocrx_word' id='word_1_742' title='bbox 2759 3513 2993 3568; x_wconf 89' lang='lat' dir='ltr'><strong>Domini.</strong></span> <span class='ocrx_word' id='word_1_743' title='bbox 3035 3513 3144 3570; x_wconf 84' lang='lat' dir='ltr'><strong>Cor</strong></span> <span class='ocrx_word' id='word_1_744' title='bbox 3185 3531 3365 3570; x_wconf 91' lang='lat' dir='ltr'><strong>meum</strong></span> <span class='ocrx_word' id='word_1_745' title='bbox 3417 3525 3474 3572; x_wconf 85' lang='lat' dir='ltr'><strong>et</strong></span> <span class='ocrx_word' id='word_1_746' title='bbox 3535 3533 3666 3572; x_wconf 84' lang='lat' dir='ltr'><strong>cam</strong></span> 
     </span>
    </p>
   </div>
   <div class='ocr_carea' id='block_1_97' title="bbox 2081 3603 3664 3661">
    <p class='ocr_par' dir='ltr' id='par_1_97' title="bbox 2081 3603 3664 3661">
     <span class='ocr_line' id='line_1_98' title="bbox 2081 3603 3664 3661; baseline 0.001 -3"><span class='ocrx_word' id='word_1_747' title='bbox 2081 3619 2200 3660; x_wconf 86' lang='lat' dir='ltr'>mea</span> <span class='ocrx_word' id='word_1_748' title='bbox 2251 3604 2666 3659; x_wconf 86' lang='lat' dir='ltr'><strong>exsultaverunt</strong></span> <span class='ocrx_word' id='word_1_749' title='bbox 2697 3605 2751 3658; x_wconf 93' lang='lat' dir='ltr'><strong>iu</strong></span> <span class='ocrx_word' id='word_1_750' title='bbox 2815 3603 3220 3660; x_wconf 73' lang='lat' dir='ltr'><strong>Deum-vivum</strong></span> <span class='ocrx_word' id='word_1_751' title='bbox 3265 3605 3312 3637; x_wconf 80' lang='lat'>“</span> <span class='ocrx_word' id='word_1_752' title='bbox 3375 3623 3392 3661; x_wconf 91' lang='lat'><strong>:</strong></span> <span class='ocrx_word' id='word_1_753' title='bbox 3451 3625 3473 3660; x_wconf 73' lang='grc' dir='ltr'>ι</span> <span class='ocrx_word' id='word_1_754' title='bbox 3510 3617 3664 3661; x_wconf 81' lang='lat' dir='ltr'><strong>tan=n</strong></span> 
     </span>
    </p>
   </div>
   <div class='ocr_carea' id='block_1_98' title="bbox 2081 3695 3661 3770">
    <p class='ocr_par' dir='ltr' id='par_1_98' title="bbox 2081 3695 3661 3770">
     <span class='ocr_line' id='line_1_99' title="bbox 2081 3695 3661 3770; baseline 0.004 -21"><span class='ocrx_word' id='word_1_755' title='bbox 2081 3695 2134 3749; x_wconf 89' lang='lat' dir='ltr'><strong>in</strong></span> <span class='ocrx_word' id='word_1_756' title='bbox 2182 3696 2346 3750; x_wconf 81' lang='lat' dir='ltr'><strong>Deum</strong></span> <span class='ocrx_word' id='word_1_757' title='bbox 2403 3695 2673 3750; x_wconf 83' lang='lat' dir='ltr'><strong>desiderio</strong></span> <span class='ocrx_word' id='word_1_758' title='bbox 2739 3695 2994 3762; x_wconf 61' lang='lat' dir='ltr'><strong>lmbebdl,</strong></span> <span class='ocrx_word' id='word_1_759' title='bbox 3055 3697 3330 3766; x_wconf 83' lang='lat' dir='ltr'><strong>tantisque</strong></span> <span class='ocrx_word' id='word_1_760' title='bbox 3385 3699 3661 3770; x_wconf 80' lang='lat' dir='ltr'><strong>lacryntis.</strong></span> 
     </span>
    </p>
   </div>
   <div class='ocr_carea' id='block_1_99' title="bbox 2083 3787 3665 3854">
    <p class='ocr_par' dir='ltr' id='par_1_99' title="bbox 2083 3787 3665 3854">
     <span class='ocr_line' id='line_1_100' title="bbox 2083 3787 3665 3854; baseline -0.001 -12"><span class='ocrx_word' id='word_1_761' title='bbox 2083 3787 2278 3842; x_wconf 76' lang='lat' dir='ltr'><strong>Psaltis</strong></span> <span class='ocrx_word' id='word_1_762' title='bbox 2316 3789 2578 3843; x_wconf 88' lang='lat' dir='ltr'><strong>animus:</strong></span> <span class='ocrx_word' id='word_1_763' title='bbox 2633 3805 2654 3839; x_wconf 80' lang='grc' dir='ltr'>ι</span> <span class='ocrx_word' id='word_1_764' title='bbox 2707 3787 3174 3854; x_wconf 78' lang='lat' dir='ltr'><strong>Quemadmodum</strong></span> <span class='ocrx_word' id='word_1_765' title='bbox 3222 3791 3498 3844; x_wconf 88' lang='lat' dir='ltr'><strong>desiderat</strong></span> <span class='ocrx_word' id='word_1_766' title='bbox 3539 3805 3665 3844; x_wconf 83' lang='lat' dir='ltr'><strong>cer-</strong></span> 
     </span>
    </p>
   </div>
   <div class='ocr_carea' id='block_1_100' title="bbox 2082 3879 3660 3948">
    <p class='ocr_par' dir='ltr' id='par_1_100' title="bbox 2082 3879 3660 3948">
     <span class='ocr_line' id='line_1_101' title="bbox 2082 3879 3660 3948; baseline 0.001 -16"><span class='ocrx_word' id='word_1_767' title='bbox 2082 3897 2182 3935; x_wconf 86' lang='lat' dir='ltr'>vus</span> <span class='ocrx_word' id='word_1_768' title='bbox 2213 3882 2278 3934; x_wconf 89' lang='lat' dir='ltr'>ad</span> <span class='ocrx_word' id='word_1_769' title='bbox 2311 3879 2492 3935; x_wconf 82' lang='lat' dir='ltr'><strong>fontes</strong></span> <span class='ocrx_word' id='word_1_770' title='bbox 2536 3893 2822 3948; x_wconf 86' lang='lat' dir='ltr'><strong>aquarum,</strong></span> <span class='ocrx_word' id='word_1_771' title='bbox 2860 3881 2933 3932; x_wconf 86' lang='lat' dir='ltr'>ita</span> <span class='ocrx_word' id='word_1_772' title='bbox 2982 3879 3259 3934; x_wconf 82' lang='lat' dir='ltr'><strong>desiderat</strong></span> <span class='ocrx_word' id='word_1_773' title='bbox 3303 3881 3484 3934; x_wconf 86' lang='lat' dir='ltr'><strong>anima</strong></span> <span class='ocrx_word' id='word_1_774' title='bbox 3539 3897 3660 3935; x_wconf 71' lang='lat' dir='ltr'>mea</span> 
     </span>
    </p>
   </div>
   <div class='ocr_carea' id='block_1_101' title="bbox 2083 3970 3668 4042">
    <p class='ocr_par' dir='ltr' id='par_1_101' title="bbox 2083 3970 3668 4042">
     <span class='ocr_line' id='line_1_102' title="bbox 2083 3970 3668 4042; baseline 0 -15"><span class='ocrx_word' id='word_1_775' title='bbox 2083 3975 2149 4027; x_wconf 87' lang='lat' dir='ltr'>ad</span> <span class='ocrx_word' id='word_1_776' title='bbox 2211 3982 2302 4039; x_wconf 83' lang='lat' dir='ltr'>te,</span> <span class='ocrx_word' id='word_1_777' title='bbox 2363 3971 2508 4028; x_wconf 87' lang='lat' dir='ltr'><strong>Deus</strong></span> <span class='ocrx_word' id='word_1_778' title='bbox 2571 3982 2759 4028; x_wconf 80' lang='lat' dir='ltr'><strong>ltOSlel’</strong></span> <span class='ocrx_word' id='word_1_779' title='bbox 2814 3972 2882 4026; x_wconf 78' lang='grc'>⁸³.</span> <span class='ocrx_word' id='word_1_780' title='bbox 2948 3989 2966 4024; x_wconf 74' lang='grc' dir='ltr'>ι</span> <span class='ocrx_word' id='word_1_781' title='bbox 3025 3970 3207 4042; x_wconf 78' lang='lat' dir='ltr'><strong>Ignota</strong></span> <span class='ocrx_word' id='word_1_782' title='bbox 3252 3982 3380 4028; x_wconf 87' lang='lat' dir='ltr'><strong>sunt</strong></span> <span class='ocrx_word' id='word_1_783' title='bbox 3437 3973 3668 4028; x_wconf 74' lang='lat' dir='ltr'><strong>fortasse</strong></span> 
     </span>
    </p>
   </div>
   <div class='ocr_carea' id='block_1_102' title="bbox 2084 4061 3664 4134">
    <p class='ocr_par' dir='ltr' id='par_1_102' title="bbox 2084 4061 3664 4134">
     <span class='ocr_line' id='line_1_103' title="bbox 2084 4061 3664 4134; baseline -0.001 -17"><span class='ocrx_word' id='word_1_784' title='bbox 2084 4064 2356 4134; x_wconf 81' lang='lat' dir='ltr'><strong>plerisque</strong></span> <span class='ocrx_word' id='word_1_785' title='bbox 2424 4071 2690 4126; x_wconf 87' lang='lat' dir='ltr'><strong>vestrum,</strong></span> <span class='ocrx_word' id='word_1_786' title='bbox 2737 4077 2858 4131; x_wconf 80' lang='lat' dir='ltr'><strong>quae</strong></span> <span class='ocrx_word' id='word_1_787' title='bbox 2905 4063 3181 4118; x_wconf 85' lang='lat' dir='ltr'><strong>dicuntur.</strong></span> <span class='ocrx_word' id='word_1_788' title='bbox 3225 4061 3380 4118; x_wconf 85' lang='lat' dir='ltr'><strong>Haud</strong></span> <span class='ocrx_word' id='word_1_789' title='bbox 3419 4079 3549 4118; x_wconf 79' lang='lat' dir='ltr'><strong>vero</strong></span> <span class='ocrx_word' id='word_1_790' title='bbox 3594 4065 3664 4118; x_wconf 82' lang='lat' dir='ltr'>ita</span> 
     </span>
    </p>
   </div>
   <div class='ocr_carea' id='block_1_103' title="bbox 2083 4151 3668 4224">
    <p class='ocr_par' dir='ltr' id='par_1_103' title="bbox 2083 4151 3668 4224">
     <span class='ocr_line' id='line_1_104' title="bbox 2083 4151 3668 4224; baseline 0.001 -16"><span class='ocrx_word' id='word_1_791' title='bbox 2083 4169 2262 4224; x_wconf 66' lang='lat' dir='ltr'><strong>operte</strong></span> <span class='ocrx_word' id='word_1_792' title='bbox 2315 4155 2551 4224; x_wconf 91' lang='lat' dir='ltr'><strong>pretium</strong></span> <span class='ocrx_word' id='word_1_793' title='bbox 2605 4163 2712 4208; x_wconf 88' lang='lat' dir='ltr'><strong>est.</strong></span> <span class='ocrx_word' id='word_1_794' title='bbox 2771 4151 2890 4206; x_wconf 85' lang='lat' dir='ltr'><strong>Non</strong></span> <span class='ocrx_word' id='word_1_795' title='bbox 2959 4154 3106 4208; x_wconf 89' lang='lat' dir='ltr'><strong>enim</strong></span> <span class='ocrx_word' id='word_1_796' title='bbox 3144 4153 3423 4209; x_wconf 89' lang='lat' dir='ltr'><strong>vobiscum</strong></span> <span class='ocrx_word' id='word_1_797' title='bbox 3488 4155 3555 4209; x_wconf 88' lang='lat' dir='ltr'>de</span> <span class='ocrx_word' id='word_1_798' title='bbox 3610 4171 3668 4210; x_wconf 90' lang='lat' dir='ltr'>re</span> 
     </span>
    </p>
   </div>
   <div class='ocr_carea' id='block_1_104' title="bbox 2085 4245 3739 4320">
    <p class='ocr_par' dir='ltr' id='par_1_104' title="bbox 2085 4245 3739 4320">
     <span class='ocr_line' id='line_1_105' title="bbox 2085 4245 3739 4320; baseline -0.001 -20"><span class='ocrx_word' id='word_1_799' title='bbox 2085 4247 2266 4317; x_wconf 87' lang='lat' dir='ltr'><strong>aliqua</strong></span> <span class='ocrx_word' id='word_1_800' title='bbox 2293 4247 2637 4317; x_wconf 86' lang='lat' dir='ltr'><strong>disputamus</strong></span> <span class='ocrx_word' id='word_1_801' title='bbox 2676 4245 2730 4298; x_wconf 91' lang='lat' dir='ltr'><strong>in</strong></span> <span class='ocrx_word' id='word_1_802' title='bbox 2779 4245 2978 4316; x_wconf 82' lang='lat' dir='ltr'><strong>abysso</strong></span> <span class='ocrx_word' id='word_1_803' title='bbox 3007 4245 3208 4314; x_wconf 87' lang='lat' dir='ltr'><strong>posita,</strong></span> <span class='ocrx_word' id='word_1_804' title='bbox 3240 4254 3336 4300; x_wconf 89' lang='lat' dir='ltr'><strong>aut</strong></span> <span class='ocrx_word' id='word_1_805' title='bbox 3385 4260 3505 4316; x_wconf 74' lang='lat' dir='ltr'><strong>qua:</strong></span> <span class='ocrx_word' id='word_1_806' title='bbox 3559 4262 3666 4300; x_wconf 88' lang='lat' dir='ltr'><strong>non</strong></span> <span class='ocrx_word' id='word_1_807' title='bbox 3730 4312 3739 4320; x_wconf 31' lang='grc' dir='ltr'><strong>ε</strong></span> 
     </span>
    </p>
   </div>
   <div class='ocr_carea' id='block_1_105' title="bbox 2087 4338 3688 4408">
    <p class='ocr_par' dir='ltr' id='par_1_105' title="bbox 2087 4338 3688 4408">
     <span class='ocr_line' id='line_1_106' title="bbox 2087 4338 3688 4408; baseline -0.001 -16"><span class='ocrx_word' id='word_1_808' title='bbox 2087 4339 2189 4395; x_wconf 86' lang='lat' dir='ltr'><strong>nisi</strong></span> <span class='ocrx_word' id='word_1_809' title='bbox 2253 4341 2305 4394; x_wconf 89' lang='lat' dir='ltr'><strong>in</strong></span> <span class='ocrx_word' id='word_1_810' title='bbox 2377 4340 2734 4394; x_wconf 81' lang='lat' dir='ltr'><strong>barbarorum</strong></span> <span class='ocrx_word' id='word_1_811' title='bbox 2795 4338 3199 4402; x_wconf 89' lang='lat' dir='ltr'><strong>solitudinibus,</strong></span> <span class='ocrx_word' id='word_1_812' title='bbox 3265 4339 3426 4408; x_wconf 85' lang='lat' dir='ltr'><strong>idque</strong></span> <span class='ocrx_word' id='word_1_813' title='bbox 3481 4339 3688 4392; x_wconf 64' lang='lat' dir='ltr'><strong>admit--</strong></span> 
     </span>
    </p>
   </div>
   <div class='ocr_carea' id='block_1_106' title="bbox 2085 4431 3668 4499">
    <p class='ocr_par' dir='ltr' id='par_1_106' title="bbox 2085 4431 3668 4499">
     <span class='ocr_line' id='line_1_107' title="bbox 2085 4431 3668 4499; baseline -0.003 -11"><span class='ocrx_word' id='word_1_814' title='bbox 2085 4435 2212 4488; x_wconf 90' lang='lat' dir='ltr'><strong>dum</strong></span> <span class='ocrx_word' id='word_1_815' title='bbox 2251 4449 2396 4498; x_wconf 86' lang='lat' dir='ltr'><strong>raro,</strong></span> <span class='ocrx_word' id='word_1_816' title='bbox 2431 4432 2746 4488; x_wconf 83' lang='lat' dir='ltr'><strong>inveniatur</strong></span> <span class='ocrx_word' id='word_1_817' title='bbox 2797 4447 2813 4485; x_wconf 90' lang='lat'><strong>:</strong></span> <span class='ocrx_word' id='word_1_818' title='bbox 2849 4433 2942 4488; x_wconf 87' lang='lat' dir='ltr'><strong>sed</strong></span> <span class='ocrx_word' id='word_1_819' title='bbox 2995 4431 3063 4487; x_wconf 88' lang='lat' dir='ltr'>de</span> <span class='ocrx_word' id='word_1_820' title='bbox 3111 4446 3191 4497; x_wconf 87' lang='lat' dir='ltr'>re,</span> <span class='ocrx_word' id='word_1_821' title='bbox 3223 4446 3344 4499; x_wconf 63' lang='lat' dir='ltr'><strong>qua:</strong></span> <span class='ocrx_word' id='word_1_822' title='bbox 3388 4432 3544 4487; x_wconf 84' lang='lat' dir='ltr'><strong>nobis</strong></span> <span class='ocrx_word' id='word_1_823' title='bbox 3582 4434 3668 4484; x_wconf 89' lang='lat' dir='ltr'><strong>in-</strong></span> 
     </span>
    </p>
   </div>
   <div class='ocr_carea' id='block_1_107' title="bbox 2089 4523 3672 4603">
    <p class='ocr_par' dir='ltr' id='par_1_107' title="bbox 2089 4523 3672 4603">
     <span class='ocr_line' id='line_1_108' title="bbox 2089 4523 3672 4603; baseline -0.003 -21"><span class='ocrx_word' id='word_1_824' title='bbox 2089 4538 2174 4582; x_wconf 85' lang='lat' dir='ltr'><strong>tus</strong></span> <span class='ocrx_word' id='word_1_825' title='bbox 2235 4529 2288 4580; x_wconf 87' lang='lat' dir='ltr'>in</span> <span class='ocrx_word' id='word_1_826' title='bbox 2330 4528 2495 4582; x_wconf 87' lang='lat' dir='ltr'><strong>corde</strong></span> <span class='ocrx_word' id='word_1_827' title='bbox 2551 4526 2677 4580; x_wconf 85' lang='lat' dir='ltr'><strong>data</strong></span> <span class='ocrx_word' id='word_1_828' title='bbox 2727 4534 2814 4580; x_wconf 85' lang='lat' dir='ltr'>est</span> <span class='ocrx_word' id='word_1_829' title='bbox 2864 4539 2894 4577; x_wconf 84' lang='lat' dir='ltr'>a</span> <span class='ocrx_word' id='word_1_830' title='bbox 2931 4523 3170 4603; x_wconf 39' lang='lat' dir='ltr'><strong>&#39;Cht&#39;islo</strong></span> <span class='ocrx_word' id='word_1_831' title='bbox 3203 4524 3460 4580; x_wconf 83' lang='lat' dir='ltr'><strong>dicente:</strong></span> <span class='ocrx_word' id='word_1_832' title='bbox 3505 4544 3522 4576; x_wconf 77' lang='grc' dir='ltr'>ι</span> <span class='ocrx_word' id='word_1_833' title='bbox 3566 4523 3672 4578; x_wconf 75' lang='lat' dir='ltr'><strong>Rc-</strong></span> 
     </span>
    </p>
   </div>
   <div class='ocr_carea' id='block_1_108' title="bbox 2089 4617 3672 4692">
    <p class='ocr_par' dir='ltr' id='par_1_108' title="bbox 2089 4617 3672 4692">
     <span class='ocr_line' id='line_1_109' title="bbox 2089 4617 3672 4692; baseline -0.001 -18"><span class='ocrx_word' id='word_1_834' title='bbox 2089 4637 2252 4692; x_wconf 80' lang='lat' dir='ltr'><strong>gunm</strong></span> <span class='ocrx_word' id='word_1_835' title='bbox 2283 4620 2546 4675; x_wconf 69' lang='lat' dir='ltr'><strong>caelorum</strong></span> <span class='ocrx_word' id='word_1_836' title='bbox 2598 4618 2742 4672; x_wconf 87' lang='lat' dir='ltr'><strong>intra</strong></span> <span class='ocrx_word' id='word_1_837' title='bbox 2783 4633 2875 4672; x_wconf 87' lang='lat' dir='ltr'>vos</span> <span class='ocrx_word' id='word_1_838' title='bbox 2907 4628 2990 4672; x_wconf 88' lang='lat' dir='ltr'>est</span> <span class='ocrx_word' id='word_1_839' title='bbox 3023 4619 3111 4684; x_wconf 75' lang='lat'><strong>“;</strong></span> <span class='ocrx_word' id='word_1_840' title='bbox 3145 4635 3164 4668; x_wconf 85' lang='grc'>›</span> <span class='ocrx_word' id='word_1_841' title='bbox 3191 4617 3243 4672; x_wconf 91' lang='lat' dir='ltr'>id</span> <span class='ocrx_word' id='word_1_842' title='bbox 3285 4627 3390 4684; x_wconf 91' lang='lat' dir='ltr'><strong>est,</strong></span> <span class='ocrx_word' id='word_1_843' title='bbox 3437 4618 3672 4686; x_wconf 78' lang='lat' dir='ltr'><strong>Spiritus</strong></span> 
     </span>
    </p>
   </div>
   <div class='ocr_carea' id='block_1_109' title="bbox 2089 4707 3667 4778">
    <p class='ocr_par' dir='ltr' id='par_1_109' title="bbox 2089 4707 3667 4778">
     <span class='ocr_line' id='line_1_110' title="bbox 2089 4707 3667 4778; baseline -0.005 -10"><span class='ocrx_word' id='word_1_844' title='bbox 2089 4722 2330 4776; x_wconf 82' lang='lat' dir='ltr'><strong>sanctus,</strong></span> <span class='ocrx_word' id='word_1_845' title='bbox 2366 4711 2422 4765; x_wconf 92' lang='lat' dir='ltr'><strong>in</strong></span> <span class='ocrx_word' id='word_1_846' title='bbox 2460 4709 2616 4766; x_wconf 87' lang='lat' dir='ltr'><strong>vobis</strong></span> <span class='ocrx_word' id='word_1_847' title='bbox 2665 4707 3138 4776; x_wconf 89' lang='lat' dir='ltr'><strong>compunctioncm</strong></span> <span class='ocrx_word' id='word_1_848' title='bbox 3191 4723 3253 4762; x_wconf 89' lang='lat' dir='ltr'>ac</span> <span class='ocrx_word' id='word_1_849' title='bbox 3285 4707 3572 4778; x_wconf 82' lang='lat' dir='ltr'><strong>lacrymas,</strong></span> <span class='ocrx_word' id='word_1_850' title='bbox 3601 4711 3667 4761; x_wconf 86' lang='lat' dir='ltr'>ad</span> 
     </span>
    </p>
   </div>
   <div class='ocr_carea' id='block_1_110' title="bbox 2091 4800 3688 4872">
    <p class='ocr_par' dir='ltr' id='par_1_110' title="bbox 2091 4800 3688 4872">
     <span class='ocr_line' id='line_1_111' title="bbox 2091 4800 3688 4872; baseline -0.005 -12"><span class='ocrx_word' id='word_1_851' title='bbox 2091 4807 2467 4861; x_wconf 82' lang='lat' dir='ltr'><strong>remissionem</strong></span> <span class='ocrx_word' id='word_1_852' title='bbox 2521 4812 2576 4857; x_wconf 90' lang='lat' dir='ltr'><strong>et</strong></span> <span class='ocrx_word' id='word_1_853' title='bbox 2620 4801 3085 4872; x_wconf 75' lang='lat' dir='ltr'><strong>regenerationem</strong></span> <span class='ocrx_word' id='word_1_854' title='bbox 3125 4816 3189 4854; x_wconf 90' lang='lat' dir='ltr'><strong>ac</strong></span> <span class='ocrx_word' id='word_1_855' title='bbox 3243 4800 3688 4869; x_wconf 75' lang='lat' dir='ltr'><strong>redemptionmn&#39;</strong></span> 
     </span>
    </p>
   </div>
   <div class='ocr_carea' id='block_1_111' title="bbox 2089 4897 2737 4968">
    <p class='ocr_par' dir='ltr' id='par_1_111' title="bbox 2089 4897 2737 4968">
     <span class='ocr_line' id='line_1_112' title="bbox 2089 4897 2737 4968; baseline -0.006 -14"><span class='ocrx_word' id='word_1_856' title='bbox 2089 4911 2435 4968; x_wconf 84' lang='lat' dir='ltr'><strong>peccatorum</strong></span> <span class='ocrx_word' id='word_1_857' title='bbox 2493 4897 2737 4968; x_wconf 73' lang='lat' dir='ltr'><strong>gignens.</strong></span> 
     </span>
    </p>
   </div>
   <div class='ocr_carea' id='block_1_112' title="bbox 2159 4983 3666 5063">
    <p class='ocr_par' dir='ltr' id='par_1_112' title="bbox 2159 4983 3666 5063">
     <span class='ocr_line' id='line_1_113' title="bbox 2159 4983 3666 5063; baseline -0.006 -18"><span class='ocrx_word' id='word_1_858' title='bbox 2159 4992 2348 5063; x_wconf 78' lang='lat' dir='ltr'><strong>Magna</strong></span> <span class='ocrx_word' id='word_1_859' title='bbox 2385 4990 2567 5060; x_wconf 86' lang='lat' dir='ltr'><strong>itaque</strong></span> <span class='ocrx_word' id='word_1_860' title='bbox 2614 4989 2999 5058; x_wconf 84' lang='lat' dir='ltr'><strong>Iacrymarum,</strong></span> <span class='ocrx_word' id='word_1_861' title='bbox 3055 5000 3178 5053; x_wconf 77' lang='lat' dir='ltr'><strong>qua:</strong></span> <span class='ocrx_word' id='word_1_862' title='bbox 3221 4983 3440 5053; x_wconf 85' lang='lat' dir='ltr'><strong>quidem</strong></span> <span class='ocrx_word' id='word_1_863' title='bbox 3477 4983 3666 5052; x_wconf 75' lang='lat' dir='ltr'><strong>pietati</strong></span> 
     </span>
    </p>
   </div>
   <div class='ocr_carea' id='block_1_113' title="bbox 2087 5074 3668 5155">
    <p class='ocr_par' dir='ltr' id='par_1_113' title="bbox 2087 5074 3668 5155">
     <span class='ocr_line' id='line_1_114' title="bbox 2087 5074 3668 5155; baseline -0.008 -15"><span class='ocrx_word' id='word_1_864' title='bbox 2087 5091 2422 5155; x_wconf 80' lang='lat' dir='ltr'><strong>congruunt,</strong></span> <span class='ocrx_word' id='word_1_865' title='bbox 2462 5083 2589 5145; x_wconf 87' lang='lat' dir='ltr'><strong>vis;</strong></span> <span class='ocrx_word' id='word_1_866' title='bbox 2619 5095 2812 5150; x_wconf 77' lang='lat' dir='ltr'><strong>magna</strong></span> <span class='ocrx_word' id='word_1_867' title='bbox 2847 5076 3109 5133; x_wconf 84' lang='lat' dir='ltr'><strong>ellicacia.</strong></span> <span class='ocrx_word' id='word_1_868' title='bbox 3150 5074 3342 5130; x_wconf 84' lang='lat' dir='ltr'><strong>Testes</strong></span> <span class='ocrx_word' id='word_1_869' title='bbox 3375 5074 3428 5152; x_wconf 78' lang='lat' dir='ltr'><strong>in</strong></span> <span class='ocrx_word' id='word_1_870' title='bbox 3487 5075 3668 5130; x_wconf 62' lang='lat' dir='ltr'><strong>Veteri</strong></span> 
     </span>
    </p>
   </div>
   <div class='ocr_carea' id='block_1_114' title="bbox 2089 5165 3670 5248">
    <p class='ocr_par' dir='ltr' id='par_1_114' title="bbox 2089 5165 3670 5248">
     <span class='ocr_line' id='line_1_115' title="bbox 2089 5165 3670 5248; baseline -0.008 -18"><span class='ocrx_word' id='word_1_871' title='bbox 2089 5177 2304 5248; x_wconf 88' lang='lat' dir='ltr'><strong>quidem</strong></span> <span class='ocrx_word' id='word_1_872' title='bbox 2329 5173 2703 5236; x_wconf 85' lang='lat' dir='ltr'><strong>Testamento,</strong></span> <span class='ocrx_word' id='word_1_873' title='bbox 2725 5169 2976 5224; x_wconf 70' lang='lat' dir='ltr'><strong>Ninivilm</strong></span> <span class='ocrx_word' id='word_1_874' title='bbox 2998 5169 3065 5234; x_wconf 80' lang='lat'>°&#39;,</span> <span class='ocrx_word' id='word_1_875' title='bbox 3095 5165 3353 5222; x_wconf 83' lang='lat' dir='ltr'><strong>Ezechias</strong></span> <span class='ocrx_word' id='word_1_876' title='bbox 3383 5167 3452 5231; x_wconf 80' lang='lat'><strong>“,</strong></span> <span class='ocrx_word' id='word_1_877' title='bbox 3486 5165 3670 5220; x_wconf 78' lang='lat' dir='ltr'><strong>Nalm-</strong></span> 
     </span>
    </p>
   </div>
   <div class='ocr_carea' id='block_1_115' title="bbox 2088 5257 3667 5329">
    <p class='ocr_par' dir='ltr' id='par_1_115' title="bbox 2088 5257 3667 5329">
     <span class='ocr_line' id='line_1_116' title="bbox 2088 5257 3667 5329; baseline -0.009 -3"><span class='ocrx_word' id='word_1_878' title='bbox 2088 5271 2438 5326; x_wconf 78' lang='lat' dir='ltr'><strong>cliodonosor</strong></span> <span class='ocrx_word' id='word_1_879' title='bbox 2457 5265 2824 5329; x_wconf 82' lang='lat' dir='ltr'><strong>&quot;,Mauasses</strong></span> <span class='ocrx_word' id='word_1_880' title='bbox 2839 5264 2908 5319; x_wconf 77' lang='grc'>⁵⁸.</span> <span class='ocrx_word' id='word_1_881' title='bbox 2937 5261 2992 5317; x_wconf 92' lang='lat' dir='ltr'><strong>In</strong></span> <span class='ocrx_word' id='word_1_882' title='bbox 3031 5262 3184 5316; x_wconf 83' lang='lat' dir='ltr'><strong>Novo</strong></span> <span class='ocrx_word' id='word_1_883' title='bbox 3207 5267 3412 5326; x_wconf 86' lang='lat' dir='ltr'><strong>autem,</strong></span> <span class='ocrx_word' id='word_1_884' title='bbox 3441 5257 3667 5319; x_wconf 70' lang='lat' dir='ltr'><strong>l’etius.</strong></span> 
     </span>
    </p>
   </div>
   <div class='ocr_carea' id='block_1_116' title="bbox 2093 5355 3670 5434">
    <p class='ocr_par' dir='ltr' id='par_1_116' title="bbox 2093 5355 3670 5434">
     <span class='ocr_line' id='line_1_117' title="bbox 2093 5355 3670 5434; baseline -0.008 -18"><span class='ocrx_word' id='word_1_885' title='bbox 2093 5365 2187 5434; x_wconf 85' lang='lat' dir='ltr'>qui</span> <span class='ocrx_word' id='word_1_886' title='bbox 2229 5364 2420 5432; x_wconf 88' lang='lat' dir='ltr'><strong>utique</strong></span> <span class='ocrx_word' id='word_1_887' title='bbox 2442 5361 2804 5430; x_wconf 65' lang='lat' dir='ltr'><strong>lacryntarnm</strong></span> <span class='ocrx_word' id='word_1_888' title='bbox 2831 5358 2880 5411; x_wconf 86' lang='lat' dir='ltr'>vi</span> <span class='ocrx_word' id='word_1_889' title='bbox 2920 5355 3089 5410; x_wconf 80' lang='lat' dir='ltr'><strong>Deum</strong></span> <span class='ocrx_word' id='word_1_890' title='bbox 3127 5355 3394 5427; x_wconf 70' lang='lat' dir='ltr'><strong>placavit,</strong></span> <span class='ocrx_word' id='word_1_891' title='bbox 3429 5369 3494 5408; x_wconf 83' lang='lat' dir='ltr'><strong>ac</strong></span> <span class='ocrx_word' id='word_1_892' title='bbox 3525 5355 3670 5423; x_wconf 80' lang='lat' dir='ltr'><strong>quml</strong></span> 
     </span>
    </p>
   </div>
   <div class='ocr_carea' id='block_1_117' title="bbox 2551 5507 3664 5579">
    <p class='ocr_par' dir='ltr' id='par_1_117' title="bbox 2551 5507 3664 5579">
     <span class='ocr_line' id='line_1_118' title="bbox 2551 5507 3664 5579; baseline -0.01 -8"><span class='ocrx_word' id='word_1_893' title='bbox 2551 5517 2596 5548; x_wconf 83' lang='grc'>⁸³</span> <span class='ocrx_word' id='word_1_894' title='bbox 2637 5516 2780 5572; x_wconf 41' lang='lat' dir='ltr'><strong>Psal.</strong></span> <span class='ocrx_word' id='word_1_895' title='bbox 2848 5531 2954 5579; x_wconf 78' lang='lat' dir='ltr'>xu,</span> <span class='ocrx_word' id='word_1_896' title='bbox 3000 5515 3054 5568; x_wconf 74' lang='lat'>2.</span> <span class='ocrx_word' id='word_1_897' title='bbox 3161 5513 3207 5547; x_wconf 75' lang='lat'><strong>“</strong></span> <span class='ocrx_word' id='word_1_898' title='bbox 3241 5507 3371 5568; x_wconf 84' lang='lat' dir='ltr'><strong>Luc.</strong></span> <span class='ocrx_word' id='word_1_899' title='bbox 3406 5526 3540 5576; x_wconf 80' lang='lat' dir='ltr'>ml,</span> <span class='ocrx_word' id='word_1_900' title='bbox 3571 5509 3664 5562; x_wconf 66' lang='lat' dir='ltr'><strong>fil.</strong></span> 
     </span>
    </p>
   </div>
  </div>
