4064 6454
320 405 469 471 11th

1499 405 1784 468 ORATIO
1824 406 1909 464 IN
1945 403 2311 464 PSALMUM
2354 402 2452 464 VI.

3470 402 3610 471 1110

329 524 399 575 ὐ
427 523 483 575 δὲ
515 521 816 585 ἐπίσκοπος
847 519 1111 582 ἀκούσας,
1140 517 1389 583 στενάζει
1426 518 1575 586 μέγα
1611 519 1674 570 ἐκ
1698 516 1918 584 βάθους,

2030 513 2136 567 alto
2176 529 2241 566 ex
2284 513 2450 568 corde
2497 513 2660 569 ducto
2694 513 2952 585 suspirio,
2996 514 3329 584 subindeqne
3369 517 3611 575 ﬂentem.

318 612 452 669 εἶτα
484 613 714 685 δακρύει
744 611 916 665 εἰπὼν
934 612 1069 682 πρὸς
1110 611 1391 681 Ἰωάννην·
1421 628 1437 661 t
1478 609 1753 678 Τέθνηκεν
1774 610 1891 662 ἐκεῖ

314 727 442 772 ιεῃς,
486 729 504 761 ι
545 707 731 779 φησίν.
777 705 834 758 '0
864 704 922 759 δὲ
978 704 1233 777 Ἰωάννης
1280 706 1417 776 προς
1465 704 1649 758 αὐτόν·
1694 723 1712 756 ι
1769 703 1918 767 Πῶς,

317 800 586 872 φηοὶν,ῆ
625 798 761 869 ποίῳ
798 797 1051 869 Θανάτῳ;
1098 817 1116 848 ι
1170 798 1229 850 '0
1280 797 1336 850 δὲ
1387 797 1710 861 ἐπίσκοπος·
1752 815 1769 847 t
1816 796 1921 850 Τὸν

319 896 431 965 τῆς
463 894 643 965 ψυχῆς
674 892 906 964 τέθνηκε
965 892 1201 945 Θάνατον
1233 910 1246 921 ·
1297 890 1947 963 ἀπέϐηγὰρπονηρὸςκαὶ

318 988 700 1055 ἐξωλέστατος
729 1001 742 1014 ·
780 985 874 1039 καὶ
894 984 957 1037 τὸ
979 983 1043 1056 δὴ
1076 984 1275 1056 πέρας,
1326 983 1532 1055 λῃστὴς
1583 985 1796 1053 ἀπηνὴς
1830 1001 1923 1035 κα-

319 1085 522 1150 τέστη.
563 1099 583 1132 ι
622 1078 730 1132 Καὶ
781 1077 919 1148 πρὸς
947 1077 1126 1130 ταῦτα
1169 1078 1197 1129 ὁ
1246 1076 1499 1146 Ἰωάννης
1532 1074 1609 1147 τῷ
1633 1076 1923 1144 ἐπισκὸπῳ

322 1174 474 1244 φησί
495 1191 509 1204 ·
546 1193 565 1226 ι
601 1172 782 1226 Καλόν
812 1188 892 1238 σε,
920 1165 965 1225 ὦ
990 1170 1283 1233 ἐπίσκοπε,
1312 1169 1531 1238 φύλακοι
1551 1170 1651 1238 τῆς
1676 1169 1771 1223 τοῦ
1798 1188 1925 1223 παι-

319 1268 423 1331 δὸς
474 1266 656 1337 ψυχῆς
724 1264 1164 1318 κατεπίστευσα’
1209 1263 1377 1316 καλόν
1425 1280 1484 1316 σε
1537 1262 1773 1333 ποιμένα
1829 1261 1922 1315 τοῦ

323 1362 616 1435 προϐάτου
642 1359 737 1413 τοῦ
770 1358 1010 1430 Χριστοῦ
1030 1360 1308 1430 πεποίηκα
1332 1377 1349 1425 ',
1391 1358 1554 1412 Ἀλλὰ
1576 1361 1625 1412 εί
1659 1358 1924 1429 πάρεστιν

306 1450 466 1525 ’ὑμῖν
496 1452 592 1506 νῦν
631 1453 820 1517 ἵππος,
852 1454 949 1505 καὶ
977 1453 1077 1519 τῆς
1105 1451 1228 1505 ὀδοῦ
1253 1468 1399 1514 τινες
1416 1451 1622 1522 ὁδηγοὶ,
1655 1451 1755 1520 τῆς
1782 1452 1927 1504 άπα-

322 1545 539 1617 γούσης
568 1545 755 1599 ἕνεκεν
777 1532 874 1597 τοῦ
906 1543 1097 1608 παιδός
1122 1561 1137 1610 ;
1170 1564 1187 1597 ι
1235 1543 1443 1598 Λοιπὸν
1461 1543 1537 1607 ὡς
1564 1539 1712 1614 εἶχεν
1746 1545 1927 1598 Ἰωάν-

323 1654 433 1708 νης
461 1634 650 1690 αὐτόθι
678 1636 789 1689 ἀπὸ
848 1636 952 1706 τῆς
1012 1635 1345 1706 Ἐκκλησίας
1378 1635 1457 1704 τῷ
1509 1634 1667 1707 ἵππῳ
1704 1634 1925 1698 ἐπιϐὰς,

324 1729 597 1801 ἀκρατῶς
627 1728 855 1801 ῆλαυνε,
902 1729 962 1782 τὸ
1000 1727 1278 1798 πλανηθὲν
1312 1728 1588 1800 πρόϐατον
1619 1727 1927 1782 ἀνακαλού-

329 1840 519 1894 μενος.
573 1823 684 1875 Καὶ
712 1822 777 1892 δὴ
836 1821 1052 1892 φθάσας
1090 1823 1160 1874 τὰ
1200 1820 1303 1893 ὅρη
1352 1820 1482 1874 ἔνθα
1526 1820 1587 1874 τὸ
1628 1820 1927 1891 λῃστήριον

326 1916 576 1988 ὑπῆρχε,
602 1917 892 1987 κρατεῖται
928 1915 1035 1969 ὑπὸ
1062 1916 1159 1985 τῆς
1188 1914 1442 1985 φυλακῆς
1500 1913 1670 1984 μηδὲν
1712 1913 1925 1966 divale--
1958 1904 1999 1925 ⁸³

326 2026 469 2077 γων,
491 2008 626 2079 μηδὲ
647 2007 1011 2079 λυπούμενος,
1029 2007 1167 2061 ἀλλὰ
1194 2008 1357 2078 βοῶν·
1396 2027 1414 2058 ι
1454 2007 1580 2060 Ἐπὶ
1612 2006 1773 2059 τοῦτο
1800 2006 1927 2076 ἐλή-

326 2100 493 2160 λυθα,
509 2101 646 2173 πρὸς
662 2101 753 2154 τὸν
772 2102 1009 2171 ἄρχοντα
1027 2100 1181 2171 ὑμῶν
1195 2100 1438 2170 ἀγάγετέ
1459 2118 1549 2171 με.
1564 2120 1585 2154 ›
1605 2101 1662 2155 ’0
1678 2100 1735 2154 δὲ
1753 2101 1940 2172 είστή-’

330 2211 421 2247 κει
465 2194 810 2265 ὡπλισμένος
834 2210 846 2224 ·
882 2193 978 2247 καὶ
1016 2194 1092 2256 ὡς
1127 2192 1288 2265 μόνον
1318 2193 1587 2247 ἐθεάσατο
1610 2194 1703 2247 τὸν
1746 2192 1925 2246 Ἰωάν-

326 2306 435 2359 νην
495 2286 634 2355 πρὸς
691 2287 858 2341 αὑτὸν
907 2287 1233 2357 ἐρχόμενον,
1281 2285 1552 2350 αἰδεσθεὶς
1620 2287 1702 2349 είς
1749 2286 1928 2356 φυγὴν

328 2376 618 2447 ἐτρέπετο.
673 2376 730 2429 ’0
757 2376 815 2428 δὲ
851 2376 1112 2447 Ἰωάννης
1151 2376 1345 2448 ὥσπερ
1383 2375 1479 2431 τοῦ
1511 2377 1700 2449 γήρως
1738 2379 1931 2430 ἐπιλα-

335 2469 589 2538 θόμενος,
626 2468 887 2540 ἀκρατῶς
910 2469 1002 2520 τὸν
1031 2468 1197 2522 παῖδα
1215 2468 1519 2522 κατεδίωκε
1556 2469 1760 2537 λέγων·
1802 2488 1821 2521 ι
1863 2470 1929 2523 Τί

342 2559 587 2630 φεύγεις,
604 2562 820 2625 τέκνον,
861 2559 953 2613 τὸν
975 2561 1069 2615 σὺν
1094 2560 1342 2633 πατέρα;
1365 2561 1429 2613 Τί
1461 2578 1550 2632 μοι
1583 2562 1788 2626 κόπους
1820 2578 1927 2614 πα-

340 2654 556 2724 ρέχεις;
593 2653 852 2723 Ἐλέησόν
888 2670 955 2724 με
978 2653 1068 2706 τὸν
1119 2653 1294 2720 ξένον,
1331 2654 1425 2708 τὸν
1450 2655 1680 2725 γυμνὸν,
1701 2654 1795 2708 τὸν
1832 2655 1929 2722 γέν

348 2763 536 2819 ροντα,
563 2749 656 2801 τὸν
679 2747 962 2812 ἀδύνατον,
1000 2747 1090 2799 τὸν
1124 2747 1359 2817 πτωχόν.
1401 2746 1589 2815 Στῆθι,
1625 2745 1699 2817 μὴ
1727 2745 1893 2814 φοϐοῦ
1912 2761 1925 2776 ·

341 2835 494 2906 ἔχεις
523 2834 717 2889 ἐλπίδα
749 2835 1058 2907 σωτηρίαςο
1105 2833 1216 2903 ἐγὼ
1263 2835 1404 2903 ὑπὲρ
1457 2833 1551 2887 σοῦ
1597 2834 1934 2905 ἀπολογήσο-

334 2946 441 2999 μαι
464 2945 478 2960 °
521 2928 634 2998 ἐγὼ
658 2929 758 3000 τὴν
788 2928 966 2999 ψυχήν
997 2945 1101 2999 μου
1135 2929 1274 3000 ὑπὲρ
1303 2928 1397 2981 σοῦ
1444 2926 1615 3000 θήσω,
1646 2928 1723 2991 ὼς
1760 2928 1787 2980 ὁ
1820 2929 1932 2981 Κύ-

333 3038 454 3094 ριος
476 3022 616 3093 ὑπὲρ
634 3022 816 3093 ήμῶν.
838 3022 930 3092 Μὴ
949 3021 1142 3091 φοϐοῦ,
1174 3022 1387 3086 τέκνον,
1424 3021 1603 3091 στῆθιο
1638 3022 1932 3074 πίστευσον

334 3131 453 3185 μοι·
486 3118 516 3168 ὁ
544 3115 783 3186 Χριστός
816 3120 884 3186 με
916 3113 1264 3179 ἀπέστειλεν,
1302 3114 1497 3183 ἄφεσίν
1542 3131 1624 3166 σοι
1677 3114 1933 3183 ἐπιφερό-

2021 606 2214 662 Joanni
2251 609 2521 664 dixisseu
2543 625 2667 664 eum
2696 609 2809 679 jam
2842 619 3111 665 mortuum
3143 615 3419 667 θεεο.›ΑιΙ
3446 632 3609 683 quem

2022 698 2285 754 Joannem
2339 718 2352 753 :
2413 719 2430 750 ι
2470 699 2784 766 Quomodo,
2831 701 3040 771 inquit,
3098 709 3322 771 antqua
3395 706 3612 759 tandem

1978 782 1993 793 ”
2026 793 2235 847 morte?
2272 812 2291 846 ›
2331 794 2411 847 Ad
2442 810 2604 864 quem
2632 796 2946 865 episcopum
2984 813 2998 848 :
3030 813 3049 846 ι
3093 794 3355 859 Mortuus,
3413 797 3612 866 inquit,

2025 896 2102 941 ρει
2139 899 2314 940 morte
2345 888 2540 941 animze
2577 903 2591 953 ;
2629 887 2827 957 quippe
2871 886 3051 941 factus
3082 896 3166 940 est
3221 887 3500 958 improbus
3555 907 3617 945 ac

2025 980 2464 1048 perditissimus:
2511 996 2574 1035 ac
2621 981 2837 1035 tandem
2899 982 2952 1035 in
3000 982 3291 1038 immunem
3347 984 3614 1041 latronem

2026 1071 2314 1139 promovit.
2357 1090 2376 1124 ι
2411 1072 2488 1126 Ad
2516 1074 2632 1128 haec
2656 1060 2919 1128 Joannem
2946 1077 3200 1147 episcopo
3235 1096 3248 1133 :
3284 1097 3301 1130 t
3330 1079 3616 1150 Egregium

2029 1165 2240 1219 scilicet
2272 1175 2344 1229 te,
2382 1166 2584 1235 inquit,
2618 1169 2945 1239 oepiscope,
2982 1171 3181 1226 anima:
3219 1174 3375 1242 piteri
3425 1185 3615 1230 custo-

2029 1256 2151 1310 dem
2202 1255 2419 1325 prtefeci
2472 1261 2803 1328 :egregittm
2854 1269 2905 1316 te
2954 1271 3229 1329 pastorem
3271 1269 3386 1323 ovis
3414 1266 3617 1324 Christi

2030 1348 2175 1404 feci?
2206 1350 2311 1405 Sed
2333 1354 2572 1422 nunquid
2609 1368 2831 1425 equum,
2862 1357 3061 1428 inquit,
3086 1376 3231 1416 nunc
3254 1362 3491 1432 aliquem
3523 1365 3619 1418 ba-

2038 1443 2200 1508 betis,
2224 1455 2279 1497 et
2312 1444 2523 1501 itineris
2551 1446 2739 1512 duces,
2768 1450 2859 1518 qui
2908 1466 2993 1505 me
3040 1453 3109 1505 ad
3148 1453 3404 1523 juvenem
3438 1456 3618 1509 "dedu-

2029 1537 2196 1589 cant?
2234 1555 2252 1587 ι
2284 1535 2402 1591 Ilo:
2438 1553 2572 1601 vero
2597 1538 2862 1597 Joannem
2900 1543 3099 1599 ibidem
3131 1547 3198 1599 ab
3229 1547 3457 1603 ecclesia
3484 1564 3620 1603 con-

2030 1642 2227 1680 scenso
2259 1643 2421 1696 equo,
2451 1630 2501 1683 vi
2542 1639 2652 1684 tota
2689 1632 2970 1703 impulisse
3008 1638 3380 1707 requirentem
3424 1655 3619 1694 errauo

2033 1728 2138 1772 tem
2173 1734 2349 1774 ovem.
2390 1720 2525 1775 Cum
2553 1720 2874 1792 iamautem
2911 1726 2977 1779 ad
3014 1737 3229 1783 montes
3256 1732 3618 1799 pervenisset,

2032 1811 2083 1864 in
2122 1813 2320 1880 quibus
2372 1813 2643 1870 latronum
2683 1814 2904 1872 latibula
2956 1830 3157 1891 erant,
3188 1835 3497 1894 correptum
3554 1830 3622 1880 ab

2030 1904 2274 1958 excubiis
2302 1919 2423 1959 esse
2463 1905 2886 1973 nibilinvitum,
2928 1920 3023 1964 aut
3065 1926 3125 1966 se
3165 1922 3381 1980 captum
3436 1916 3624 1971 dolen-

2032 2004 2171 2059 tem;
2194 1995 2285 2049 sed
2309 1996 2672 2065 clamantem,
2699 2015 2762 2054 eo
2792 2000 2899 2055 line
2916 2003 3135 2060 venisse
3151 2013 3317 2075 atque
3345 2008 3413 2059 ad
3433 2023 3621 2063 eorum

2031 2088 2224 2142 ducem
2282 2090 2480 2144 adduci
2536 2092 2695 2146 velle.
2760 2091 2954 2150 Stabat
2994 2106 3174 2152 autem
3214 2099 3305 2155 ille
3333 2101 3384 2154 in
3416 2104 3623 2172 armis;

2033 2187 2199 2247 utque
2231 2188 2440 2232 tantum
2480 2181 2786 2251 aspexisset
2819 2185 3177 2241 accedentem
3214 2190 3280 2242 ad
3304 2204 3429 2244 eum
3457 2190 3626 2248 Joan-

2032 2286 2176 2339 nem,
2201 2272 2344 2326 senis
2364 2270 2561 2328 faciem
2599 2277 2920 2345 reveritum,
2954 2278 3007 2332 in
3042 2278 3218 2352 fugam
3236 2298 3451 2339 versuum
3482 2301 3622 2342 esse.

2031 2362 2317 2429 Joannem,
2347 2377 2605 2437 tanquam
2639 2385 2752 2425 sua).
2783 2372 2963 2428 aetatis
2979 2373 3234 2441 oblitum,
3269 2378 3439 2433 citato
3462 2395 3625 2436 cursu

2028 2457 2277 2524 juvenem
2302 2468 2670 2528 persecutum,
2706 2461 2759 2515 in
2789 2462 2903 2517 haec
2928 2467 3086 2519 venba
3112 2467 3363 2523 aﬂ'uttem
3398 2488 3413 2524 :
3441 2490 3458 2521 ι
3486 2472 3627 2538 Quid

2036 2548 2197 2615 fugis,
2240 2551 2335 2615 (ili,
2365 2548 2576 2621 patrem
2617 2557 2809 2610 tuum?
2838 2558 2975 2625 Quid
3012 2562 3147 2615 milii
3178 2563 3421 2619 laborem
3452 2565 3627 2619 facis?

2035 2642 2113 2696 Te
2147 2646 2250 2696 mei
2305 2646 2564 2700 misereat
2605 2650 2901 2720 peregrini,
2965 2652 3115 2715 nudi,
3157 2655 3329 2719 senis,
3369 2656 3626 2723 imbellis,

2036 2734 2311 2802 pauperis.
2361 2735 2507 2792 Siste
2560 2740 2928 2809 gradum,ne
2962 2742 3182 2799 timeas:
3235 2759 3487 2816 superest
3528 2752 3651 2805 tibio

2036 2827 2230 2881 Snlulis
2280 2842 2404 2898 spes
2428 2847 2455 2903 ;,
2499 2845 2601 2905 ego
2645 2847 2746 2902 pro
2789 2843 2840 2889 te
2886 2837 3195 2906 excusabo;
3241 2854 3341 2910 ego
3388 2842 3630 2897 animam

2037 2935 2211 2973 meam
2237 2936 2337 2991 pro
2374 2933 2425 2977 te
2457 2938 2682 2997 ponam,
2716 2926 2861 2981 sicut
2911 2927 3174 2986 Dominus
3210 2946 3311 3002 pro
3347 2930 3504 2990 nobis
3536 2952 3632 3006 po-

2034 3016 2164 3069 suit.
2200 3010 2279 3069 Ne
2311 3025 2544 3081 metuas,
2578 3016 2684 3086 fili;
2727 3021 2859 3076 siste
2894 3039 2910 3075 ε
2950 3022 3114 3079 crede
3148 3025 3315 3093 mihi;
3352 3042 3435 3082 me
3465 3027 3631 3084 Clu-i-

2035 3116 2154 3160 stus
2176 3106 2342 3169 misit,
2376 3119 2435 3162 ut
2465 3109 2559 3165 tibi
2585 3120 2934 3179 peccatorum
2965 3112 3223 3171 inferrem
3252 3117 3487 3172 veniam.
3517 3119 3631 3191 E30

333 3223 523 3277 μενον.
554 3205 699 3275 Ἐγὼ
722 3206 863 3276 ὑπὲρ
896 3204 991 3259 σοῦ
1024 3206 1288 3276 ὑπομένω
1312 3205 1562 3259 θάνατον.
1582 3206 1699 3258 Ἐπ’
1722 3207 1845 3276 ἐμοὶ
1871 3206 1928 3258 τὸ

2038 3213 2134 3267 pro
2167 3208 2223 3255 te
2242 3211 2473 3257 mortem
2500 3203 2689 3259 subire
2716 3213 2944 3277 paratus
2972 3222 3115 3261 sum.
3156 3207 3213 3262 lu
3249 3225 3334 3265 me
3383 3212 3451 3265 sit
3500 3229 3632 3266 san—

329 3293 481 3369 αἴμα
500 3300 639 3370 ὅπερ
684 3299 906 3371 ἐξέχεας
927 3316 942 3331 ο
992 3298 1081 3352 ἐπ’
1109 3300 1234 3364 ἐμοὶ
1258 3298 1319 3352 τὸ
1344 3300 1565 3369 φορτίον
1608 3299 1715 3351 τὼν
1749 3299 1931 3370 ἁμαρ-

329 3392 470 3445 τιῶν
521 3409 616 3463 σου
660 3394 753 3445 ἐπὶ
801 3395 894 3446 τὸν
939 3392 1236 3463 τράχηλον.
1271 3412 1289 3443 ι
1348 3387 1483 3446 Εἶτα
1537 3391 1670 3462 ἔστη
1703 3395 1730 3446 ὁ
1774 3394 1927 3455 παῖς·

330 3453 636 3557 ἔῤῥιψεοτὰ
656 3485 798 3539 ὅπλα
816 3453 1036 3557 τρέμων
1049 3453 1196 3555 ’δμοῦ
1216 3502 1271 3538 τε
1301 3485 1397 3538 καὶ
1430 3453 1678 3557 σφοδρῶς
1699 3453 1926 3540 κλαίωνο

331 3582 435 3634 καὶ
463 3578 529 3651 δὴ
557 3577 873 3651 προσελθὼν
900 3577 977 3648 τῷ
1018 3577 1249 3648 Ἰωάννη
1272 3577 1573 3647 ἠσπάζετο,
1607 3581 1727 3640 ταῖς
1755 3580 1925 3648 οἰμω-

330 3674 466 3741 γαῖς
516 3671 630 3727 τῶν
688 3670 943 3742 δακρύων
1012 3670 1180 3725 αὑτοῦ
1234 3670 1403 3740 μηδὲν
1441 3670 1579 3743 πρὸς
1629 3671 1931 3740 ἀπολογίαν

332 3762 682 3832 φθέγξασθαι
712 3762 1038 3833 δυνάμενος,
1087 3761 1252 3832 μόνον
1293 3761 1349 3814 δὲ
1402 3765 1501 3831 τὴν
1528 3762 1712 3828 δεξιὰν
1763 3762 1930 3816 αὐτοῦ

330 3859 498 3928 χεῖρα
526 3855 607 3909 ἔτι
652 3854 825 3927 αὐτὴν
862 3856 1194 3926 ᾑμαγμένην
1239 3854 1484 3922 ἐκράτει.
1533 3857 1591 3908 '0
1628 3854 1687 3908 δὲ
1747 3856 1933 3908 Ἰωάν-

332 3967 437 4020 νης
471 3950 623 4021 παρὰ
651 3948 731 4020 τῷ
757 3946 960 4002 ἑαυτοῦ
984 3947 1215 4018 στόματι
1246 3947 1346 4019 τὴν
1376 3946 1560 4012 δεξιὰν
1590 3947 1686 4001 τοῦ
1728 3947 1929 4020 λῃστοῦ

334 4048 648 4117 κατεφίλει,
680 4046 757 4111 ὡς
791 4047 895 4118 ἤδη
936 4045 1335 4117 βαπτισθεῖσαν
1381 4050 1495 4111 τοῖς
1533 4047 1795 4120 δάκρυσιο
1837 4049 1932 4100 καὶ

330 4148 397 4200 οὐ
434 4145 704 4218 πρότερον
733 4144 952 4214 ἀπέστη
983 4145 1089 4207 ἕως
1128 4142 1194 4198 ἂν
1228 4144 1321 4197 τὸν
1370 4145 1537 4199 παῖδα
1579 4145 1701 4216 μεθ’
1734 4144 1929 4198 ἑαυτοῦ

332 4240 397 4291 ἐν
411 4239 481 4308 τῇ
522 4235 822 4306 Ἐκκλησία
842 4235 1185 4305 συνήγαγενο
1221 4233 1401 4297 διδοὺς
1435 4235 1603 4287 πᾶσιν
1623 4233 1931 4302 ὑπόδειγμα

336 4328 636 4399 μετανοίας
682 4326 1034 4400 εἰλικρινοῦς,
1097 4326 1194 4380 καὶ
1252 4326 1516 4403 τρόπαιον
1578 4327 1930 4389 ἀναστάσεως

332 4421 708 4495 βλεπομένης.

2036 3291 2156 3361 guis
2182 3308 2343 3362 quem
2379 3292 2657 3363 eﬂ‘udisti;
2714 3298 2769 3352 in
2819 3312 2905 3353 me
2948 3315 3090 3357 onus
3127 3303 3368 3373 suscipio
3409 3316 3627 3361 tuorum

2035 3397 2407 3454 peccatorum,
2441 3403 2505 3442 ac
2528 3389 2799 3445 cervicem
2822 3407 2999 3447 meam
3043 3413 3088 3448 ι.
3124 3393 3261 3449 Tum
3294 3398 3499 3453 stitissc
3538 3399 3630 3468 ju-

2034 3493 2225 3536 venem
2263 3496 2278 3533 :
2320 3488 2669 3550 tremoreque
2702 3497 2767 3538 ac
2793 3485 2986 3555 grandi
3025 3486 3203 3552 luctu,
3241 3504 3392 3544 arma
3445 3490 3630 3562 proje-

2034 3572 2177 3626 cisse
2207 3586 2224 3624 :
2254 3580 2420 3642 atque
2447 3572 2513 3626 ad
2545 3571 2810 3629 Joannem
2841 3578 3217 3647 accedentem,
3256 3580 3625 3651 amplexatnm

2033 3677 2175 3726 esse,
2212 3678 2334 3717 cum
2388 3665 2636 3728 permiin
2687 3667 2947 3739 lacrymis
2970 3672 3206 3739 gemitus
3226 3673 3362 3743 (‘25),
3403 3690 3471 3729 ne
3499 3690 3626 3730 ver-

2037 3757 2162 3810 bum
2233 3756 2450 3826 quidem
2482 3758 2549 3812 ad
2619 3759 2999 3817 defensionem
3046 3765 3298 3835 proferre
3356 3769 3625 3827 sinerent.

2036 3851 2286 3922 Tumque
2319 3855 2407 3907 ιιΙ›ἰ
2437 3864 2643 3908 tantum
2673 3856 2955 3912 dexteram
2996 3862 3113 3926 ejus
3146 3879 3367 3918 manum
3429 3871 3628 3924 etiam-

2036 3962 2163 3998 num
2188 3949 2449 4017 sanguine
2474 3957 2817 4004 cruentatam
2855 3954 3149 4019 tenuisset,
3180 3953 3445 4011 Joannem
3478 3976 3624 4017 cant-

2034 4039 2154 4091 dcnt
2183 4039 2263 4091 ori
2295 4039 2598 4106 admotam,
2631 4050 2890 4112 tanquam
2923 4044 3179 4116 lacrymis
3202 4046 3315 4110 jam
3338 4049 3626 4106 intincunu

2034 4142 2198 4200 atque
2227 4143 2538 4202 purgatam,
2594 4137 2903 4190 OSCttlultltlI
2942 4152 3099 4201 esse,
3132 4157 3230 4193 nec
3264 4143 3413 4209 prius
3458 4146 3627 4199 desti-

2037 4224 2192 4292 tisse,
2219 4240 2384 4294 quam
2418 4240 2603 4281 secum
2631 4226 2887 4294 juvenem
2931 4230 2982 4283 in
3040 4229 3339 4287 Ecclesium
3383 4237 3627 4292 induxis-

2030 4326 2163 4371 set:
2215 4317 2344 4372 dato
2397 4318 2658 4374 omnibus
2702 4318 2932 4375 sincera:
2964 4325 3299 4390 pmnilettliu:
3352 4333 3626 4395 exetnpto,

2030 4411 2400 4480 subjectaaque
2433 4412 2609 4466 oculis
2644 4427 2708 4466 ac
2742 4429 3031 4482 corporum
3069 4419 3489 4474 resurrectionis
3514 4424 3627 4493 (26;

2035 4506 2177 4559 velut
2219 4505 2454 4576 quodam
2484 4516 2670 4561 erecto
2702 4518 2926 4578 ll'OpiBO.

1864 4663 2091 4720 NOTAE.

409 4830 523 4903 (25)
559 4830 694 4907 Cum
746 4827 991 4907 permisi}
1034 4829 1289 4907 Iacryptis
1313 4815 1548 4907 gemitus
1571 4869 1586 4893 ,
1612 4836 1756 4907 etc.,
1785 4828 1925 4907 Mala
1960 4837 2004 4892 ι)
2033 4845 2219 4907 quam
2249 4830 2456 4907 passim
2519 4831 2865 4888 affectionem
2907 4832 3148 4904 graviori
3211 4834 3394 4907 aliquo
3441 4837 3587 4892 luctu
3610 4879 3627 4904 ,

326 4899 610 4970 interpres
640 4901 1082 4968 interpunctione
1101 4941 1117 4965 ,
1151 4900 1213 4952 τὸ
1243 4901 1363 4970 ταῖς
1389 4901 1662 4970 οἰμωγαῖς
1688 4899 1799 4953 τῶν
1834 4901 1928 4954 δα-

331 4969 524 5046 κρύων
548 4970 740 5046 αὐτοῦ,
766 4970 1004 5046 jttngens
1026 4969 1487 5046 νεῲ-ἠσπάζετο,
1513 4970 1776 5046 absonum
1809 4985 1926 5025 sen-

330 5039 456 5096 sum
490 5042 668 5097 reddit
708 5060 724 5097 :
771 5039 1057 5099 Salutabat
1103 5039 1258 5094 illum
1311 5042 1506 5111 gemitu
1570 5040 1930 5110 lucrymarum

330 5127 598 5177 suarum;
653 5112 808 5182 quasi
844 5126 976 5182 vero
1032 5111 1291 5182 laerymis
1325 5127 1389 5166 ac
1433 5111 1761 5182 singultibus
1813 5129 1932 5166 aut-

333 5179 784 5252 plectamuﬂaut
813 5179 1443 5253 salutemusQEusebius
1468 5199 1489 5240 ι,
1526 5179 1930 5253 Ἀπολογούμε-

333 5251 428 5316 νος
463 5254 588 5316 ταῖς
621 5253 918 5323 οἰμωγαῖς,
946 5252 1024 5315 ὡς
1063 5251 1332 5322 ἠδύνατο*
1361 5252 1641 5305 Excusans
1669 5269 1732 5304 ac
1770 5251 1932 5306 salis-

334 5325 537 5394 faciem
568 5323 874 5391 gemitibus,
903 5335 1059 5391 prout
1088 5332 1297 5389 poterat
1327 5323 1790 5392 :proltibentibus
1828 5325 1927 5380 iis-

333 5396 459 5449 dem
496 5394 681 5463 loqui,
725 5407 788 5448 ae
818 5394 1002 5449 verbis
1039 5408 1349 5461 excusare,
1389 5402 1449 5447 ut
1499 5395 1636 5447 bene
1668 5396 1932 5463 exprimit

332 5466 616 5520 Anastasii
647 5464 1112 5533 paraphrasis,ut
1146 5465 1237 5519 hic
1264 5480 1294 5518 a
1329 5464 1489 5519 nobis
1521 5478 1784 5531 expresszt
1821 5475 1925 5529 est,

333 5546 390 5591 et
409 5534 628 5606 clarius
657 5534 831 5606 altera
859 5533 1448 5606 editioiﬂegiicodicis
1474 5553 1488 5589 :
1521 5534 1758 5606 Ipsum
1787 5534 1927 5606 ὁμοῦ

330 5605 431 5678 καὶ
458 5604 667 5678 κλαίων
703 5604 989 5678 σφοδρῶς,
1018 5605 1097 5669 ὡς
1132 5603 1270 5677 μηδὲ
1299 5603 1649 5678 φθέγγεσθαι
1671 5605 1777 5678 ὑπὸ
1816 5603 1928 5678 τῶν

330 5674 853 5749 δακρύων-ἰσχύειν,
885 5674 1230 5749 μάλιστατιρ
1255 5678 1323 5729 ὲκ
1350 5676 1446 5729 τοῦ
1471 5674 1704 5749 πένθους
1725 5675 1926 5747 λυγμῷ

331 5745 658 5817 τῆςφωνῆς
679 5745 1156 5817 ἐπικοπτομένης.
1188 5745 1439 5801 Tremore
1469 5763 1531 5800 ac
1563 5747 1692 5815 ﬂetu
1725 5745 1924 5813 ναιιιισ,

334 5816 398 5872 ut
421 5816 514 5872 nec
531 5834 641 5888 pra:
671 5818 921 5888 lacrymis
941 5816 1233 5887 quidquam
1259 5818 1419 5887 e/fari
1448 5826 1642 5885 posset,
1667 5818 1924 5887 singultu,

337 5905 487 5958 quem
520 5888 697 5947 luctus
738 5905 801 5944 ac
832 5903 1021 5945 tumor
1050 5889 1248 5958 facem
1277 5927 1294 5955 ,
1334 5903 1506 5945 vocem
1534 5888 1874 5945 intercidente
1905 5904 1924 5943 :

2032 4902 2387 4971 experimur.
2416 4901 2706 4965 Counsrts.

2105 4970 2219 5044 (26)
2252 4970 2620 5044 Subjectwque
2653 4973 2821 5028 oculis
2852 4991 2916 5027 ac
2954 4990 3234 5044 corporum
3270 4981 3622 5032 resurrectio-

2035 5041 2137 5119 nis.
2180 5041 2463 5119 Τρόπαιον
2495 5041 2854 5119 ἀναστάσεως
2884 5041 3252 5119 βλεπομένης.
3287 5050 3459 5119 Quam
3486 5051 3627 5119 bene

2032 5114 2244 5190 glossat
2291 5116 2621 5190 Anastasips
2668 5114 2839 5190 Regio
2874 5114 3103 5183 codice",
3136 5114 3232 5186 pro
3279 5118 3625 5190 βλεπομένης

2032 5184 2371 5259 sttbstituens
2412 5184 2784 5259 ἐλπιζομένης
2809 5201 2824 5215 ο
2859 5184 3356 5243 resurrectionis—in
3406 5184 3495 5255 spe
3526 5184 3625 5259 p64

2033 5256 2179 5329 sitm,
2205 5255 2499 5329 acfutura:
2524 5255 2673 5329 illius
2713 5255 3133 5329 resurrectionis
3171 5275 3487 5329 corporum,
3518 5255 3625 5329 qua

2033 5328 2260 5380 omnino
2286 5325 2704 5397 imtnutabimur
2742 5338 2887 5381 statu
2922 5328 3217 5385 iunuortali
3252 5325 3284 5397 ς’
3304 5341 3412 5383 tam
3440 5325 3581 5387 male
3610 5374 3624 5394 ,

2033 5397 2179 5469 quod
2210 5396 2418 5469 passim
2445 5397 2605 5469 solet,
2635 5396 2853 5452 Eusebii
2889 5398 3191 5469 interpres,
3222 5403 3349 5454 dum
3382 5403 3457 5454 ita
3489 5405 3629 5457 red-
3669 5421 3699 5469 ,ο

2030 5467 2112 5520 dit
2145 5484 2159 5521 :
2191 5467 2418 5538 illustre
2448 5468 2671 5537 denique
2719 5482 2978 5538 tropaeum
3026 5467 3058 5522 n'
3097 5473 3331 5537 percutis
3381 5488 3627 5528 resurre-

2032 5537 2225 5613 ctionis
2259 5576 2272 5601 ,
2304 5554 2398 5603 per
2428 5549 2691 5591 extertora
2716 5537 3042 5613 pmnitentiaz
3085 5544 3273 5613 signa,
3306 5552 3443 5609 etc.,
3475 5544 3629 5599 velut

2034 5608 2149 5678 ipsa
2184 5622 2216 5662 a
2264 5618 2509 5685 peccatis
2555 5611 2885 5685 resurrectio
2914 5626 3026 5685 _per
3061 5608 3441 5685 pqinitentiam
3468 5658 3485 5685 ,
3539 5617 3628 5669 sui

2034 5687 2298 5751 tropaeum
2332 5678 2571 5751 dicatur,
2624 5695 2734 5733 non
2771 5678 3273 5751 alterinsfsitque
3316 5699 3377 5738 ea
3435 5678 3626 5739 resur-

2030 5746 2568 5821 τιςοιὶονβλεπομένη,
2600 5752 2770 5821 oculis
2789 5752 3038 5818 ,subjectu
3071 5769 3134 5806 ac
3152 5746 3480 5821 conspicua,-
3515 5770 3622 5809 non

2027 5820 2298 5889 νοουμένη
2330 5859 2344 5881 ,
2366 5833 2463 5872 seu
2489 5820 2658 5890 νοητή
2688 5838 2702 5852 ο
2738 5823 3017 5875 intellectu
3044 5825 3159 5877 solo
3198 5840 3261 5877 at:
3282 5820 3287 5821 ί
3312 5836 3485 5878 mente
3531 5841 3628 5879 to-

2000 5890 2003 5897 “
2027 5890 2340 5960 gnoscibilis
2365 5904 2386 5955 ;
2414 5891 2591 5959 qualis
2615 5904 2668 5946 ct
2697 5891 2813 5962 ipsa
2842 5894 3024 5949 anima
3056 5904 3164 5963 est,
3196 5894 3349 5966 cujus
3375 5910 3631 5952 resurre-

3664 5449 3679 5533 ἴ
