4064 6414
280 414 431 479 1H3

1461 405 1746 467 ORATIO
1780 404 1863 465 IN
1901 402 2269 464 PSALMUM
2309 402 2408 462 VI.

3423 405 3560 470 illi

277 529 398 601 γάρ
435 543 502 597 με
536 526 592 578 αὶ
623 523 846 596 ἀνομίαι
880 539 986 595 μου
1012 523 1149 594 πρὸς
1182 521 1428 592 ἑσπέραν
1459 519 1743 585 φθάσαντα
1778 536 1878 574 κα-

1998 519 2223 588 ιιιίιαιρε
2259 534 2392 572 nacte
2411 518 2477 581 “,
2511 518 2602 587 qui
2643 516 2757 586 jam
2813 536 2955 578 ma.e
2990 524 3057 578 ad
3089 541 3367 596 vespetam
3401 547 3563 588 vene-

279 623 432 688 λῶςο
485 620 570 675 ὃτι
620 618 884 691 ἀμύθητά
923 634 1029 686 μου
1065 617 1134 670 τὰ
1189 616 1353 686 χρέη.
1415 613 1558 666 Ἀλλ’
1588 613 1664 678 ὡς
1710 612 1878 679 ἐδέξω

281 715 501 786 Πέτρου
541 713 638 767 τοῦ
684 709 994 768 ἀποστόλου
1038 726 1132 763 σου
1183 707 1276 762 τὸν
1322 707 1655 780 πικρότατον
1708 705 1878 760 κλαυ-

283 807 430 878 θμὸν
452 847 468 870 ,
501 805 679 868 οὕτως
729 804 1024 876 πρόσδεξαι
1053 803 1150 857 καὶ
1181 802 1275 855 τὸν
1297 801 1460 872 ἐμὸν,
1487 799 1842 870 φιλάνθρωπε
1862 837 1878 865 ,

285 898 531 969 ἐπιχέων
550 896 726 950 ταῦτα
747 895 816 949 τὰ
841 896 1056 968 δάκρυα
1086 895 1182 949 ἐπὶ
1210 895 1274 948 τὸ
1303 893 1414 948 τῶν
1445 893 1740 963 ἁμαρτιῶν
1775 909 1879 963 μου

283 993 699 1064 χειρόγραφον,
757 995 854 1045 καὶ
906 993 987 1062 τῷ
1045 991 1273 1061 σπόγγῳ
1321 990 1422 1059 τῆς
1470 989 1881 1058 εὐσπλαγχνίας

286 1103 391 1142 σου
428 1083 735 1155 ὲξαλείφων
771 1085 840 1138 τὰ
861 1083 1162 1138 ἀνείκαστά
1200 1100 1304 1154 μου
1342 1081 1819 1153 πλημμελήματα.
1855 1098 1875 1132 ι

363 1265 553 1320 Ταῦτα
587 1266 683 1319 καὶ
712 1265 783 1318 τὰ
832 1266 1061 1319 τοιαῦτα
1087 1267 1184 1318 ἐπὶ
1223 1266 1485 1328 πλείστας
1505 1265 1657 1335 ὧρας
1693 1266 1723 1317 ὁ
1781 1263 1882 1335 λῃ-

287 1360 430 1428 στὴς
476 1359 1018 1430 ἐξομολογούμενος,
1081 1361 1180 1413 καὶ
1210 1359 1289 1430 τῷ
1340 1359 1456 1430 ἰδίῳ
1495 1358 1766 1428 φακιολίῳ
1814 1360 1884 1411 τὰ

286 1452 512 1522 δάκρυα
556 1452 892 1520 ἐκμάσσων,
947 1452 1238 1521 παρέδωκε
1281 1452 1344 1505 τὸ
1385 1451 1643 1521 πνεῦμα,
1697 1449 1884 1514 καθὼς

290 1545 393 1595 καὶ
431 1544 482 1595 oi
519 1543 747 1613 πλησίον
779 1542 948 1595 αὑτοῦ
985 1542 1323 1613 κοιμώμενοι
1353 1542 1704 1612 διηγήσαντο.
1759 1541 1886 1613 Ἀρ-

288 1634 522 1707 χιατρὸς
553 1633 610 1685 δέ
649 1652 734 1695 τις
774 1634 984 1686 ἐκεῖνον
1015 1634 1108 1686 τὸν
1154 1634 1362 1699 ξενῶνα
1407 1634 1885 1704 ἐπισκεπτόμενος

289 1731 354 1779 ἓν
395 1727 474 1796 τῷ
521 1727 659 1796 οἴκῳ
706 1726 875 1780 αὐτοῦ
911 1727 1228 1791 καθεύδων,
1271 1730 1373 1799 ὁρᾷ
1418 1729 1543 1782 κατ’
1587 1727 1723 1798 ὄναρ
1761 1729 1884 1782 κατ’

289 1819 467 1888 αὐτὴν
499 1819 596 1889 τὴν
631 1819 784 1889 ὥραν
823 1822 882 1872 ἐν
1013 1821 1041 1872 ὁ
1071 1820 1280 1891 λῃστὴς
1329 1819 1654 1888 ἐτελεύτησε
1679 1858 1694 1882 ,
1733 1817 1886 1880 τινὰς

1983 613 2087 665 rim
2122 629 2136 665 :
2172 611 2443 682 siquidem
2480 625 2602 666 mea
2664 613 2846 670 debila
2889 619 3093 686 majora
3130 632 3260 676 sunt
3311 640 3470 690 quam
3507 637 3564 680 ut

1984 705 2212 775 cogitari
2253 707 2482 774 possint.
2522 708 2850 778 Enimvero,
2910 715 2986 769 uti
3018 716 3246 785 apostoli
3289 720 3366 774 tui
3419 720 3564 776 Petri

1983 797 2386 852 amarissimum
2411 801 2679 857 admisisti
2708 803 2933 874 luctum,
2969 807 3041 862 ita
3059 820 3111 862 et
3135 825 3312 865 meum
3336 853 3350 874 ,
3384 821 3438 866 tu
3470 813 3563 868 be-

1983 890 2144 960 nigne
2173 906 2238 946 ac
2265 891 2508 949 clemens
2531 935 2547 960 ,
2573 897 2894 966 suscipiens,
2917 901 3082 957 hasce
3113 918 3262 958 meas
3297 905 3566 978 lacrymas

1985 983 2038 1036 in
2112 998 2354 1038 meorum
2419 995 2762 1054 peccatorum
2835 990 3260 1064 chirographum
3315 997 3564 1068 effunde;

1984 1083 2198 1142 tuaeque
2242 1075 2328 1128 illa
2384 1080 2750 1136 miserationis
2793 1085 3017 1156 spongia
3046 1125 3061 1152 ,
3111 1087 3565 1160 incomparabilia

1985 1179 2104 1218 mea
2133 1164 2326 1219 delicta
2369 1166 2508 1220 dele.
2553 1185 2571 1218 ι

2063 1257 2210 1320 ίίιιιε,
2235 1267 2288 1311 et
2321 1257 2406 1312 his
2437 1260 2636 1314 similia
2668 1261 2734 1315 ad
2772 1263 2971 1319 multas
3003 1267 3166 1324 boras
3198 1271 3463 1327 confitens
3492 1274 3570 1329 la-

1990 1362 2096 1414 tro,
2163 1367 2226 1406 ac
2290 1355 2517 1408 sudario
2571 1371 2671 1409 suo
2723 1359 2994 1429 lacrymas
3022 1373 3332 1431 extergens,
3371 1366 3569 1424 eﬂlavit

1988 1447 2256 1513 animam,
2311 1451 2768 1517 quemadmodum
2840 1467 3204 1511 narraverunt
3255 1462 3344 1528 qui
3401 1478 3570 1534 prope

1986 1553 2112 1592 eum
2145 1537 2420 1606 jacebant.
2447 1538 2682 1608 Insignis
2713 1552 2892 1599 autem
2931 1548 3171 1603 medicus
3195 1551 3438 1620 quidam,
3478 1571 3572 1610 va-

1991 1631 2381 1684 letudinarium
2410 1633 2560 1685 illtttn
2594 1635 2819 1690 visitare
2864 1638 3074 1706 solitus,
3105 1642 3248 1696 domi
3303 1660 3414 1700 suae
3444 1648 3572 1702 dor-

1991 1723 2163 1778 miens
2191 1723 2337 1780 videt
2365 1727 2418 1780 iu
2453 1729 2680 1791 somnis,
2710 1730 2821 1798 ipsa
2861 1731 2990 1785 liora
3025 1749 3129 1803 qua
3160 1735 3298 1790 latro
3327 1752 3573 1795 mortuus

1989 1824 2073 1869 est
2096 1815 2381 1887 Ethiopes
2415 1820 2614 1874 multos
2638 1822 2702 1874 ad
2732 1822 2846 1890 ejus
2874 1827 3154 1883 venientes
3190 1829 3391 1885 lectum
3447 1849 3570 1888 cum

291 1908 565 1970 Αἰθίοπας
614 1909 844 1969 πολλοὺς
901 1911 1158 1974 ἐλθόντας
1213 1913 1349 1980 πρὸς
1392 1913 1492 1979 τὴν
1549 1910 1740 1980 κλίνην
1788 1909 1883 1963 τοῦ

1998 1908 2172 1962 multis
2199 1909 2406 1965 chartis
2427 1949 2441 1975 ,
2461 1913 2655 1980 quibus
2674 1913 2843 1982 ipsius
2873 1918 3282 1975 continerentur
3311 1924 3517 1979 scelera
3555 1946 3568 1981 :

294 2001 530 2075 λῃστοῦ,
583 2003 722 2072 μετὰ
773 2003 1044 2056 πλείστων
1105 2005 1326 2075 χαρτών
1390 2004 1767 2075 περιεχόντων
1816 2001 1887 2056 τὰ

295 2097 677 2165 ἁμαρτήματα
719 2095 816 2149 τοῦ
863 2097 1102 2170 λῃστοῖν
1155 2095 1277 2150 εἶτα
1321 2096 1415 2149 καὶ
1456 2096 1550 2149 δύο
1576 2097 1730 2159 τινὰς
1778 2113 1890 2164 cptu-

295 2191 506 2250 τεινοὺς
541 2189 768 2261 ἄνδρας.
802 2191 1084 2258 Ἴινεγκαν
1114 2185 1208 2244 οὖν
1242 2190 1438 2256 ζυγὸν,
1477 2189 1749 2260 βαλόντων
1779 2188 1889 2241 τῶν

294 2284 584 2337 Αἰθιόπων
621 2283 803 2341 πάντα
847 2283 916 2336 τὰ
950 2284 1305 2355 χειρόγραφα
1332 2282 1427 2334 τοῦ
1457 2281 1685 2355 λῃστοῦ,
1719 2297 1888 2334 κατε-

295 2376 546 2446 ϐἀρησεν
593 2375 626 2446 ἡ
663 2375 762 2444 μία
794 2374 1099 2444 πλάστιγξ·
1133 2377 1168 2446 ἡ
1199 2375 1255 2428 δὲ
1292 2375 1460 2445 ἑτέρα
1491 2376 1576 2442 ἐφ’
1620 2373 1790 2444 ὕψους
1821 2369 1892 2445 ἦν

303 2465 847 2535 ἀνακεκουφισμένη.
895 2465 1162 2533 Λέγουσιν
1209 2461 1304 2518 οὖν
1358 2467 1408 2518 οί
1440 2466 1528 2518 διὰ
1569 2464 1664 2518 τοῦ
1710 2465 1890 2534 φωτὸς

311 2558 554 2626 ᾶγγελοι·
607 2577 624 2609 ι
663 2554 799 2610 Εἶτα
831 2559 992 2627 ἡμεῖς
1041 2557 1196 2612 οὐδὲν
1243 2557 1442 2626 ἔχομεν
1476 2551 1613 2622 ὧδε;
1659 2576 1678 2608 ι
1727 2559 1892 2626 Λέγει

307 2651 339 2702 ὁ
361 2644 446 2712 εἷς
473 2649 603 2720 πρὸς
622 2649 715 2702 τὸν
746 2648 927 2702 ἄλλον
967 2668 983 2700 ι
1027 2649 1092 2700 Τί
1116 2648 1315 2718 ἔχομεν
1344 2649 1524 2718 ἐχειν;
1557 2648 1712 2700 οὔπω
1735 2647 1894 2702 δεκά-

303 2759 412 2813 την
445 2742 658 2813 ήμέραν
693 2741 810 2810 ἕχει
859 2741 1030 2796 ἐλθὼν
1071 2743 1136 2793 ἐκ
1167 2742 1276 2793 τῶν
1325 2743 1502 2809 φόνων
1537 2739 1751 2792 καὶτοῦ
1794 2740 1892 2810 λῃ-

303 2835 534 2906 στηρίου
564 2833 753 2897 αὑτοῦ,
781 2834 878 2886 καὶ
907 2834 960 2888 τί
984 2833 1186 2902 ἀγαθὸν
1215 2833 1487 2904 ζητοῦμεν
1511 2835 1576 2888 ἐκ
1603 2832 1834 2898 τούτου;
1869 2853 1888 2885 ›

300 2925 418 2983 Καὶ
452 2924 525 2986 ὡς
563 2923 736 2977 ταῦτα
765 2924 987 2992 ἔλεγον,
1029 2926 1509 2994 προσεποιήσαντο
1541 2925 1801 2995 ψηλαφᾷν
1834 2926 1892 2978 έν

301 3018 372 3086 τῇ
410 3013 571 3087 κλίνῃ
597 3013 790 3074 αὑτοῦ,
830 3017 878 3063 ε·’
902 3031 1019 3078 πως
1047 3013 1254 3082 εὕρωσι
1279 3015 1373 3068 καὶ
1402 3016 1556 3067 αύτοί
1580 3032 1632 3067 τι
1662 3015 1890 3083 ἀγαθόν.

305 3108 418 3160 Kal.
454 3106 632 3179 εὑρὼν
663 3103 744 3170 εἷς
781 3107 841 3160 τὸ
875 3109 1158 3176 φακιόλιον
1181 3107 1310 3161 ἔνθα
1337 3109 1428 3160 τὸν
1461 3107 1740 3179 κλαυθμὸν
1772 3109 1891 3175 ἐξέ-

307 3213 520 3270 μασσεν
566 3203 594 3254 ὁ
639 3201 878 3270 λῃστὴς,
927 3199 1077 3267 λέγει
1127 3200 1261 3274 πρὸς
1299 3200 1392 3255 τὸν
1432 3202 1648 3270 ἑταῖρον
1687 3203 1891 3268 αὑτοῦ,
1923 3240 1962 3291 C

309 3314 330 3346 ι
365 3296 573 3358 Ὀντως
598 3294 660 3348 τὸ
683 3295 963 3363 φακιόλιον
992 3294 1101 3346 τῶν
1125 3292 1378 3365 δακρύων
1400 3295 1565 3350 αὐτοῦ
1596 3291 1684 3366 ἦν.
1727 3297 1888 3353 Ἀλλὰ

303 3383 562 3454 βάλωμεν
597 3385 734 3440 αὐτὸ
771 3386 853 3446 είς
886 3385 987 3452 τὴν
1032 3385 1228 3457 ἑτέραν
1261 3386 1574 3455 πλάστιγγα
1600 3426 1613 3448 ,
1662 3388 1757 3440 καὶ
1787 3389 1886 3460 την

305 3476 725 3549 φιλανθρωπίαν
754 3477 850 3530 τοῦ
899 3479 1036 3530 Θεοῦ
1069 3479 1167 3531 σὺν
1198 3477 1349 3547 αὐτῷ
1372 3517 1386 3538 ,
1420 3480 1515 3530 καὶ
1547 3479 1764 3544 πάντως
1803 3481 1891 3550 γί-

303 3569 462 3621 νεταί
490 3568 543 3620 τί
582 3585 734 3623 ποτε.
779 3587 800 3622 θ
843 3571 955 3622 Καὶ
987 3569 1062 3633 ὼς
1095 3569 1257 3639 μόνον
1290 3570 1486 3622 ἔϐαλον
1516 3572 1649 3623 αὐτὸ
1679 3575 1759 3635 είς
1793 3573 1893 3644 τὴν

305 3659 630 3729 πλάστιγγα
699 3659 798 3732 τὴν
868 3661 1451 3733 ἁνακεκουφισμένην,
1508 3665 1890 3736 κατεϐάρησε,

308 3755 408 3813 καὶ
445 3753 894 3824 ἐσκορπίσθησαν
923 3754 1022 3807 ὅλα
1057 3755 1124 3806 τὰ
1167 3756 1513 3825 χειρόγραφα
1539 3757 1606 3807 τὰ
1640 3755 1770 3810 ὄντα
1815 3758 1894 3819 εἰς

300 3851 410 3918 την
458 3847 627 3918 ἄλλην
681 3847 1019 3916 πλάστιγγα.
1080 3849 1189 3899 Καὶ
1237 3849 1474 3915 ἐϐόησαν
1509 3849 1609 3920 μιᾷ
1651 3851 1803 3919 φωνῇ
1843 3849 1893 3904 οἱ

304 3938 538 4008 ἄγγελοι
609 3939 894 4008 λέγοντες·
970 3959 988 3991 ι
1078 3939 1366 4009 Ἐνίκησεν
1418 3941 1449 4008 ἡ
1511 3939 1896 4010 φιλανθρωπία

306 4031 407 4090 τοῦ
467 4030 758 4085 Δεσπότου.
823 4050 844 4085 ι
908 4033 1020 4086 Καὶ
1089 4031 1347 4094 λαϐόντες
1411 4031 1510 4105 τὴν
1565 4031 1744 4101 ψυχὴν
1799 4031 1893 4084 τοῦ

305 4123 549 4196 λῃστοῦ,
591 4125 884 4194 ἀπήγαγον
925 4123 1098 4195 αὐτὴν
1145 4122 1264 4193 μεθ’
1315 4123 1549 4177 ἑαυτῶν.
1594 4124 1658 4175 Οἱ
1707 4125 1764 4176 δέ
1796 4125 1894 4176 Al.

307 4220 506 4284 θεοπες
551 4220 780 4290 ἔφυγον,
819 4221 1334 4290 καταισχυνόμενοι.
1390 4220 1498 4272 Καὶ
1545 4218 1718 4271 ταῦτα
1771 4217 1896 4271 ἰδὼν

307 4314 341 4367 ὁ
383 4313 572 4384 ἰατρὸς
592 4352 608 4378 ,
645 4312 850 4374 εὐθέως
879 4313 1113 4378 ἔξυπνος
1145 4312 1467 4380 γενόμενος,
1508 4311 1801 4364 ἐνεδύσατο
1830 4311 1899 4367 τὰ

311 4404 514 4473 ἱμάτια
543 4402 714 4456 αὑτοῦ
733 4417 745 4431 ⁸
782 4405 878 4456 καὶ
911 4403 1190 4473 δρομαίως
1224 4399 1392 4474 ἦλθεν
1423 4403 1502 4464 είς
1523 4402 1618 4455 τὸν
1654 4401 1894 4468 ξενῶνα⁸

308 4494 414 4549 καὶ
445 4493 618 4547 ἐλθὼν
658 4497 739 4558 είς
771 4495 872 4561 τὴν
921 4493 1110 4561 κλίνην
1150 4495 1246 4547 τοῦ
1288 4493 1520 4566 λῃστοῦ,
1554 4487 1680 4566 εὗρε
1710 4492 1782 4546 τὸ
1797 4493 1900 4564 μὲν

1989 2008 2101 2054 ιυηι
2121 2016 2339 2071 quoque
2376 2003 2520 2059 videt
2569 2006 2704 2060 duos
2753 2007 3069 2076 splendidos
3092 2013 3257 2068 viros.
3303 2015 3436 2069 Cum
3467 2019 3571 2072 ita-

1987 2109 2094 2162 que
2118 2094 2274 2147 allata
2295 2104 2524 2159 statera,
2556 2096 2608 2150 in
2641 2111 2760 2150 eam
2794 2098 3085 2171 .iEtltiopes
3114 2105 3364 2160 universa
3405 2107 3571 2165 latro-

1989 2184 2076 2238 nis
2100 2185 2459 2253 conjecissent
2485 2186 2869 2258 chirographa,
2893 2193 3148 2262 depressa
3181 2207 3265 2252 est
3294 2214 3396 2252 una
3417 2199 3568 2264 lanx.

1991 2276 2159 2330 altera
2203 2277 2256 2331 in
2301 2277 2467 2332 altutn
2509 2279 2809 2335 sublevata.
2851 2284 3019 2340 Aiunt
3061 2297 3238 2341 autem
3283 2292 3391 2346 duo
3442 2293 3576 2349 lucis

1990 2369 2164 2437 angeli
2199 2388 2213 2424 :
2253 2388 2271 2421 ι
2319 2371 2410 2426 Sic
2453 2387 2519 2426 ne
2562 2373 2651 2428 hic
2695 2376 2830 2430 nihil
2873 2377 2972 2446 ipsi
3023 2379 3378 2439 habebimus?
3410 2405 3429 2438 ι
3464 2386 3574 2440 Re-

1991 2462 2208 2528 spondit
2243 2463 2381 2516 alter
2405 2465 2471 2518 ad
2502 2465 2733 2520 alterum
2771 2485 2788 2524 :
2827 2487 2845 2520 ι
2890 2470 3029 2538 Quid
3058 2473 3338 2531 enimvero
3377 2479 3576 2533 habere

1993 2566 2274 2619 ItOSSCIIIUa
2298 2553 2321 2606 ?
2345 2552 2439 2608 Vix
2473 2556 2715 2612 decimus
2739 2558 2858 2614 dies
2887 2569 2989 2624 est,
3027 2578 3148 2616 cum
3183 2568 3359 2620 caedes
3389 2583 3450 2620 ac
3500 2570 3570 2621 la-

1993 2651 2210 2696 tronmn
2250 2645 2423 2700 lustra
2467 2649 2687 2716 reliquit
2725 2667 2738 2704 :
2781 2652 2908 2719 quid
2943 2654 3065 2708 boni
3114 2670 3178 2710 ex
3226 2657 3313 2710 illo
3343 2661 3575 2728 requiri-

1996 2736 2154 2789 mus?
2193 2755 2210 2788 ι
2252 2737 2375 2790 llaec
2401 2748 2460 2792 ιιι
2489 2739 2783 2808 dixerunt,
2817 2745 2912 2798 visi
2941 2759 3064 2799 sunt
3093 2749 3359 2819 vestigare
3388 2754 3436 2804 in
3465 2754 3580 2820 ejus

1996 2826 2156 2891 lecto,
2211 2829 2256 2882 si
2288 2829 2429 2883 forte
2459 2841 2513 2885 et
2552 2833 2650 2901 ipsi
2683 2834 2809 2888 boni
2839 2836 3046 2906 aliquid
3082 2841 3404 2898 invenirent.
3439 2844 3577 2899 Cum

1996 2929 2177 2974 autem
2207 2939 2345 2977 unus
2369 2925 2648 2980 sudarium
2678 2928 3277 3001 invenisset,quolatro
3307 2937 3582 3009 lacrymas

1995 3032 2124 3069 suas
2161 3017 2498 3085 deterserat;
2543 3020 2619 3074 ait
2656 3023 2722 3076 ad
2757 3025 2964 3079 socium
3015 3043 3172 3081 suum
3203 3048 3216 3083 :
3269 3049 3287 3082 ι
3325 3033 3581 3090 Profecto

1997 3108 2360 3179 lacrymarun'i
2398 3113 2809 3180 ejussudarium
2830 3130 2968 3174 erat.
2997 3120 3240 3190 Agedum
3270 3124 3320 3178 in
3353 3126 3579 3180 alteram

1999 3199 2099 3252 huc
2143 3201 2349 3255 lancem
2399 3203 2696 3271 mittamus,
2746 3207 2927 3262 addita
2970 3209 3044 3264 illi
3074 3212 3164 3265 Dei
3195 3215 3480 3270 clementia
3519 3234 3584 3271 ac

2009 3292 2373 3360 benignitate;
2403 3311 2466 3348 ac
2503 3299 2717 3352 tandem
2751 3299 3084 3371 (ietaliquid.
3129 3325 3147 3358 ι
3185 3306 3354 3363 Porro
3383 3320 3439 3363 ut
3463 3322 3583 3365 Ian-

2008 3393 2118 3435 tum
2151 3401 2314 3438 unum
2345 3387 2472 3441 illud
2510 3389 2561 3442 in
2588 3389 2799 3445 lancem
2842 3393 3103 3449 elevatam
3126 3399 3420 3466 misissent,
3462 3419 3587 3457 mox

2002 3491 2063 3528 ea
2120 3478 2378 3546 depressa
2439 3491 2546 3544 est,
2600 3494 2654 3536 et
2689 3484 3084 3556 chirographa,
3140 3507 3260 3560 qua:
3311 3494 3362 3547 in
3419 3495 3586 3549 altera

2002 3580 2188 3631 erant,
2223 3572 2475 3626 universa
2509 3584 2638 3629 sunt.
2664 3577 2947 3647 dissipata.
2987 3581 3375 3640 ExclamarUnt
3405 3587 3589 3656 itaque

2005 3661 2204 3726 junctis
2235 3664 2457 3717 vocibus
2484 3669 2656 3735 angeli
2685 3686 2697 3720 :
2729 3688 2746 3720 ι
2783 3669 2921 3724 Vicit
2948 3672 3161 3728 Domini
3197 3679 3501 3747 benignitas
3525 3698 3590 3734 ac

2004 3752 2313 3807 clementia.
2363 3773 2382 3806 ι
2444 3755 2797 3814 Assuntenles
2835 3773 3012 3815 autem
3050 3765 3283 3819 animam
3338 3768 3587 3834 latronis,

2003 3859 2186 3898 Serum
2213 3847 2576 3901 abduxerunt.
2614 3851 2689 3904 Ac
2712 3843 2999 3922 Aitbiopes
3031 3871 3154 3909 cum
3189 3857 3479 3925 ignominia
3505 3860 3589 3912 fu-

2003 3949 2223 4002 gerunt.
2279 3939 2403 3994 llrec
2447 3946 2537 3998 ubi
2587 3947 2808 3998 vidissvt
2861 3946 3136 4011 medicus,
3173 3963 3292 4000 cum
3355 3948 3587 4017 primum

2005 4032 2339 4101 evigilasset,
2369 4037 2669 4105 assumptis
2709 4038 2952 4092 vestibus
2975 4079 2988 4100 ,
3022 4037 3249 4091 festinus
3273 4040 3337 4091 ad
3369 4041 3588 4093 domum

1953 4173 1968 4186 ,
2008 4123 2330 4190 hospitalem
2360 4128 2505 4180 venit
2539 4145 2552 4180 :
2601 4129 2974 4198 at‘cedensque
3012 4132 3078 4182 ad
3109 4131 3335 4184 latronis
3367 4131 3588 4196 lectum,

2008 4217 2208 4284 reperit
2236 4216 2352 4282 ejus
2396 4217 2613 4284 quidem
2643 4234 2840 4288 corpus
2860 4221 3036 4274 adhuc
3066 4221 3324 4286 calidum,
3355 4223 3588 4274 animam

2007 4317 2186 4358 autem
2228 4306 2336 4372 jam
2381 4307 2679 4375 profectam
2732 4310 2798 4361 ad
2842 4307 3153 4374 Dominum,
3201 4298 3592 4381 sudariumque

2008 4399 2224 4468 plenum
2265 4399 2522 4468 lacrymis
2557 4415 2725 4468 super
2751 4401 2940 4454 oculos
2967 4404 3224 4471 positmn.
3261 4402 3360 4457 Ubi
3411 4415 3590 4457 autem

2009 4495 2161 4549 abiis
2194 4494 2285 4563 qui
2307 4509 2473 4564 prope
2505 4494 2926 4558 deeumbebant,
2954 4511 3116 4561 quam
3148 4496 3286 4550 latro
3323 4497 3390 4551 ad
3427 4495 3592 4550 Deum

311 4584 479 4655 σῶμα
507 4586 674 4639 αὑτοῦ
706 4587 832 4649 ζέον
860 4626 875 4650 ,
909 4589 1011 4659 τὴν
1039 4587 1096 4640 δὲ
1127 4587 1309 4657 ψυχὴν
1341 4587 1508 4641 αὐτοῦ
1551 4586 1893 4644 ἀπελθοῦσαν

2009 4593 2228 4646 fecisset
2253 4590 2674 4652 confessionem,
2695 4589 3075 4652 intellexisset,
3104 4602 3326 4658 accepto
3346 4590 3594 4650 sudario.

311 4676 457 4747 πρὸς
496 4676 723 4748 Κύριον.
766 4678 840 4730 Τὸ
892 4677 948 4730 δὲ
989 4677 1273 4744 φακιόλιον
1322 4679 1415 4732 ἐπὶ
1457 4678 1569 4730 τῶν
1603 4677 1902 4747 ὀφθαλμῶν

314 4767 485 4821 αὐτοῦ
512 4768 768 4838 κείμενον
800 4773 1001 4839 μεστὸν
1029 4773 1140 4826 τῶν
1170 4771 1449 4842 δακρύων.
1477 4773 1590 4829 Καὶ
1618 4771 1682 4840 δὴ
1718 4769 1904 4841 μαθὼν

315 4861 473 4930 παρὰ
498 4862 607 4915 τῶν
643 4861 874 4932 πλησίον
901 4864 1264 4936 κοιμωμένων
1293 4864 1393 4932 τὴν
1426 4863 1815 4934 ἐξομολόγησιν
1841 4865 1906 4933 ἣν

317 4953 581 5024 ἐποίησεν
622 4955 651 5007 ὁ
685 4954 892 5027 λῃστὴς
937 4956 1073 5026 πρὸς
1115 4955 1293 5020 Θεὸν,
1322 4956 1504 5009 λαϐὼν
1535 4956 1594 5008 τὸ
1628 4954 1908 5025 φακιόλιον

317 5047 542 5115 εἰσῆλθε
593 5047 732 5119 πρὸς
779 5048 872 5104 τὸν
921 5049 1319 5104 εὐσεϐέστατον
1371 5049 1632 5119 βασιλέα,
1695 5047 1912 5111 δεικνὺς

2013 4688 2078 4738 ad
2112 4686 2412 4752 piissimum
2462 4685 2844 4753 imperatorem
2873 4692 3018 4737 recta
3057 4682 3334 4750 ingressus
3366 4693 3471 4743 est,
3506 4699 3595 4735 os-

2019 4778 2246 4831 tendens
2271 4793 2334 4830 ac
2367 4791 2598 4829 narrans
2643 4789 2982 4843 quascunque
3016 4772 3068 4826 in
3105 4773 3313 4827 solunis
3350 4773 3592 4837 vidisset,

2016 4882 2081 4920 ac
2129 4883 2156 4918 a
2196 4864 2650 4921 decumbentibus
2697 4865 2750 4916 itt
2796 4864 2974 4918 vicino
3003 4862 3051 4916 ei
3102 4863 3218 4914 loco
3246 4863 3593 4926 audisset,in

2019 4954 2134 5008 haec
2181 4958 2342 5007 verba
2396 4967 2518 5008 eum
2571 4952 2884 5022 alloquens:
2935 4950 3151 5006 Gratias
3207 4951 3417 5018 agimus
3465 4952 3592 5013 Dm,

2021 5044 2358 5113 pientissime
2410 5043 2652 5097 domine.
2699 5041 3020 5095 Audivitnus
3062 5040 3325 5093 latronem
3364 5041 3595 5094 salutem

315 5138 473 5211 αύτῷ
505 5140 602 5195 καὶ
622 5140 985 5212 διηγούμενος
1018 5141 1163 5214 ἆπερ
1183 5143 1306 5196 κατ’
1341 5141 1476 5212 ὄναρ
1507 5141 1796 5207 ἐθεάσατο,
1823 5157 1893 5193 κα

2025 5147 2377 5194 consecutqu
2435 5149 2533 5204 per
2584 5132 3016 5198 confessionem,
3057 5133 3183 5186 dum
3215 5131 3430 5186 interim
3485 5130 3597 5188 Rex

398 5295 444 5328 "
459 5295 605 5352 Psal.
635 5312 824 5368 nux,
871 5295 961 5351 l5.

1837 5402 2069 5459 NOTAE.

397 5527 513 5599 (29)
547 5525 653 5593 Qui
675 5529 789 5598 jam
835 5527 972 5582 male
1017 5528 1085 5581 ad
1126 5540 1392 5593 vesperum
1432 5522 1684 5604 venerim.
1727 5519 1905 5601 (Iug-ur

326 5600 408 5654 sic
439 5609 682 5663 mutare,
711 5610 938 5665 cogente
970 5613 1131 5653 sensu
1165 5611 1231 5650 ac
1265 5607 1374 5648 tota
1407 5600 1589 5647 serie:
1622 5606 1724 5665 nec
1757 5600 1904 5644 enim

325 5670 469 5726 bene
495 5683 559 5721 ac
597 5663 848 5727 feliciter.
886 5669 1030 5738 quod
1080 5668 1257 5723 reddit
1287 5668 1585 5738 interpres,
1613 5663 1678 5715 ad
1713 5675 1907 5738 vespe-

327 5755 451 5809 ram
501 5740 652 5792 venit
687 5755 750 5794 ac
784 5731 917 5793 vita!
934 5749 1129 5792 metam
1147 5777 1165 5809 ί,
1192 5738 1281 5809 qui
1311 5735 1389 5809 sic
1430 5735 1611 5809 _\en_irl!,
1653 5734 1728 5785 uti
1767 5731 1908 5809 latro

326 5808 616 5880 deplorat,
648 5825 709 5865 ac
741 5805 1241 5881 praioccupattlibua‘
1273 5805 1649 5876 iniquitatibus
1673 5843 1687 5870 ,
1720 5819 1747 5857 ει
1781 5805 1907 5871 qui-

2032 5523 2133 5576 bus
2167 5537 2310 5590 zegre
2341 5538 2400 5578 se
2427 5521 2528 5576 sub
2566 5524 2616 5578 id
2653 5533 2865 5590 tempus
2904 5522 3181 5592 expediat.
3220 5521 3388 5592 Porro
3425 5519 3601 5576 facilis

2019 5603 2104 5647 est
2135 5595 2295 5648 unius
2344 5595 2536 5647 litterae
2568 5595 2618 5647 in
2665 5595 2892 5647 alteram
2941 5591 3196 5647 currente
3226 5591 3434 5647 calamo
3477 5609 3600 5662 per-

2021 5663 2250 5716 mutatio
2277 5703 2291 5726 ,
2327 5673 2494 5732 utque
2522 5681 2589 5718 ex
2623 5663 2808 5728 κακῶς
2840 5707 2855 5726 ,
2885 5663 3226 5729 antiquarius
3257 5704 3272 5730 ,
3313 5678 3408 5717 seu
3442 5678 3504 5718 ex
3534 5680 3602 5716 eu

2018 5734 2360 5798 exscribens,
2387 5736 2577 5790 fecerit
2611 5734 2814 5798 καλῶς.
2847 5734 3143 5790 Constans.
