4064 6420
543 379 686 446 1115

1766 385 1827 445 S.
1867 383 2270 446 ANASTASII
2314 384 2646 446 SlNAlT/E

3697 384 3808 452 1116

541 501 784 558 cwlestis
811 500 864 555 in
895 515 1059 556 cruce
1093 501 1392 570 penderet,
1419 500 1760 568 vidimusque
1787 500 2134 556 nihilominus

2249 501 2397 572 ἅπερ
2445 502 2597 573 παρά
2638 499 2748 554 τῶν
2809 498 3176 570 κοιμωμένων
3228 499 3498 570 ἀκήκοεν,
3545 499 3706 567 λέγων
3746 501 3810 572 τιῖ,

542 596 809 647 latronem
851 591 1016 646 alium
1046 593 1262 660 imperii
1297 594 1370 646 tui
1411 595 1748 663 temporibus
1783 609 1882 662 per
1920 595 2139 647 confes-

541 685 751 740 sionem
784 683 1040 751 adeptutn
1074 684 1327 737 salutem.

2252 593 2501 661 βασιλεῖ·
2547 590 3002 675 Εὐχαριστοῦμεν
3031 589 3112 661 τῷ
3158 589 3308 660 Θεῷ,
3356 589 3706 642 εὐσεϐέστατε
3742 590 3811 644 δέ-

2253 700 2452 739 σποτα.
2497 685 2852 754 Ἦκούσαμεν
2887 682 3096 755 λῃστὴν
3126 681 3371 735 σωθέντα
3405 681 3473 734 δι’
3513 680 3812 751 ἐξομολογή-

539 791 682 837 σεως
715 774 810 826 ἐπὶ
842 776 938 828 τοῦ
993 773 1231 848 σταυροῦ
1301 773 1398 825 τοῦ
1471 774 1732 845 οὐρανίου
1771 774 2068 844 βασιλέως,
2099 773 2193 828 καὶ
2215 775 2430 846 εἴδομεν
2477 774 2683 847 λῃστὴν
2734 775 2980 828 σωθέντα
3013 773 3082 826 δι’
3126 771 3568 842 ὲξομολογήσεως
3606 772 3693 824 ἐπὶ
3730 771 3812 840 τῆς

543 866 642 935 σῆς
677 863 985 934 βασιλείας.

615 957 741 1011 liae
767 959 870 1012 etsi
912 958 1200 1014 audientes
1250 975 1374 1014 vera
1428 975 1550 1016 esse
1577 961 1880 1024 credimus,
1917 960 2138 1016 consul-

547 1060 658 1102 tum
692 1060 872 1103 tamen
910 1060 1166 1118 putamus
1209 1051 1508 1106 terribilem
1546 1055 1737 1107 mortis
1775 1053 1966 1106 horam
2004 1069 2142 1122 pra:-

544 1143 762 1206 venire,
798 1157 860 1196 ac
892 1153 1104 1197 matura
1145 1159 1242 1197 nos
1273 1146 1418 1213 ipsos
1449 1145 1769 1212 ptenitentia
1806 1157 2138 1214 praeparare.

541 1233 712 1298 Quam
736 1233 881 1286 enim
929 1235 1108 1299 multi,
1147 1245 1333 1303 putas,
1369 1237 1436 1289 de
1497 1223 1720 1305 repente
1765 1239 2139 1304 abripiuntur,

541 1325 630 1392 qui
663 1337 838 1392 neque
876 1323 1062 1394 loqui,
1121 1342 1297 1395 neque
1342 1326 1495 1394 ﬂere,
1539 1344 1715 1396 neque
1748 1340 2138 1385 testamentum

540 1417 775 1469 condere
823 1417 1092 1486 possunt?
1133 1418 1396 1484 Quisnam
1432 1423 1596 1472 etiam
1654 1437 1751 1489 pro
1807 1430 1857 1474 te
1909 1437 2143 1490 Sponsor

538 1509 663 1574 erit,
692 1509 1041 1563 inventurum
1074 1520 1123 1566 te
1147 1511 1234 1563 illa
1262 1511 1396 1565 hora
1425 1514 1699 1584 lacrymas
1726 1529 1787 1568 ea
1817 1521 1973 1583 copia
2005 1515 2138 1570 υσε-

540 1601 735 1656 rendas
770 1601 902 1666 Deo,
931 1617 1037 1672 qua
1076 1603 1218 1658 latro
1256 1604 1342 1658 ille
1381 1605 1615 1658 obtulit?
1645 1606 1909 1670 Quocirca
1949 1624 2013 1660 ne
2044 1624 2142 1662 ex-

536 1701 987 1758 Spectetnus,nee
1021 1693 1073 1744 in
1105 1695 1297 1748 mortis
1325 1694 1514 1749 borum
1544 1695 1858 1752 diﬂ‘eratnus
1886 1697 1996 1753 Deo
2012 1715 2143 1754 con-

538 1778 678 1834 literi
705 1790 922 1847 peccata
953 1793 1138 1835 nostra
1167 1798 1182 1846 ;
1212 1784 1343 1851 quin
1392 1785 1572 1852 potius
1607 1787 2006 1854 pneveniamus
2063 1790 2143 1842 fa-

536 1873 675 1925 cietn
703 1871 820 1938 ejus
847 1873 900 1926 in
935 1872 1314 1930 confessione.
1355 1875 1539 1947 Neque
1567 1895 1694 1932 vero
1730 1881 1917 1935 istbarc
1978 1899 2006 1935 a
2055 1899 2140 1938 me

536 1979 602 2017 eo
629 1965 828 2034 scripta
865 1977 1015 2033 sunt,
1044 1976 1102 2020 ut
1139 1968 1417 2023 molliores
1448 1987 1510 2023 ac
1544 1973 1891 2028 remissiores
1926 1976 2141 2030 animos

535 2065 748 2110 vestros
764 2055 1019 2121 etIiciatn,
1055 2058 1150 2111 sed
1183 2069 1242 2111 ut
1295 2059 1468 2128 magis
1485 2076 1579 2114 vos
1611 2064 1892 2129 excitem;
1939 2084 2043 2118 non
2086 2077 2141 2120 ut

538 2147 962 2216 negligentiores
987 2149 1232 2215 reddam,
1261 2151 1354 2204 sed
1381 2160 1438 2205 ut
1459 2152 1758 2209 alacriores
1788 2173 1800 2208 :
1827 2159 1968 2224 quod
1995 2169 2142 2225 post-

537 2255 698 2308 quam
755 2239 807 2292 in
852 2237 1189 2307 jejuniorum
1246 2245 1522 2300 curriculo
1543 2247 1656 2318 (50)
1691 2252 1913 2319 egregie
1967 2261 2140 2306 certa‘

535 2335 796 2396 verimus,
835 2334 1068 2390 victores
1107 2335 1262 2402 facti,
1293 2351 1654 2408 peccatorum
1712 2346 2037 2400 remissione
2075 2364 2140 2401 ac

539 2442 706 2495 regno
731 2427 997 2482 caelorum
1029 2429 1176 2499 digni
1213 2431 1546 2504 habeantur,
1599 2435 1776 2505 gratia
1806 2448 1860 2492 et
1891 2437 2140 2510 benigni-

538 2531 647 2573 tate
680 2518 892 2573 Domini
927 2523 1096 2575 nostri
1134 2521 1260 2577 Jesu
1292 2523 1530 2594 Christi;
1576 2542 1699 2584 cum
1737 2547 1845 2600 quo
1875 2531 1949 2586 sit
1991 2532 2137 2589 Patri

535 2614 740 2684 gloria,
787 2615 1062 2684 simulque
1117 2629 1312 2674 sancto
1345 2636 1408 2675 ac
1435 2623 1651 2680 riviﬁco
1700 2625 1962 2696 Spiritui,
1997 2645 2140 2686 nunc

533 2713 590 2756 et
627 2717 865 2772 semper,
907 2714 963 2759 et
1008 2705 1061 2758 ιιι
1104 2709 1302 2762 saecula
1344 2712 1700 2769 saeculorum.
1740 2717 1936 2772 Amen.

2310 959 2424 1012 Καὶ
2448 956 2624 1012 ταῦτα
2652 959 2750 1028 μὲν
2777 957 3075 1021 ἀκούοντες
3101 955 3438 1026 πιστεύομεν
3465 956 3637 1028 ἀληθῆ
3663 953 3810 1012 εἶναι’

2237 1051 2390 1121 ὅμως
2432 1050 2600 1104 καλὸν
2631 1052 2694 1102 τὸ
2735 1050 3034 1120 προλαϐεῖν
3065 1049 3166 1121 τὴν
3201 1048 3446 1119 φοϐερὰν
3498 1049 3645 1117 ὤραν
3673 1050 3810 1103 Gavi-

2238 1162 2334 1198 του
2371 1146 2466 1198 καὶ
2498 1146 2907 1215 προετοιμάσαι
2940 1145 3176 1204 ἑαυτοὺς
3202 1144 3289 1196 διὰ
3327 1143 3643 1213 μετανοίας.
3675 1145 3811 1199 Πόσοι

2239 1239 2368 1308 γὰρ,
2394 1238 2516 1290 εἰπέ
2555 1255 2667 1308 μοι,
2696 1238 2960 1306 ἐξαίφνης
2986 1237 3358 1306 ἀρπάζονται,
3400 1238 3540 1306 μήτε
3569 1236 3778 1306 λαλῆσαι
3800 1279 3812 1303 ,

2253 1333 2392 1401 μήτε
2427 1331 2699 1402 δακρῦσαι
2735 1371 2751 1394 ,
2788 1335 2924 1401 μήτε
2976 1329 3244 1400 διαθήκην
3282 1330 3516 1399 ποιῆσαι
3549 1329 3814 1400 iclum/15;;

2251 1424 2345 1488 Τίς
2371 1425 2428 1476 δέ
2477 1441 2534 1475 σε
2585 1424 2680 1476 καὶ
2725 1425 2752 1475 ὁ
2803 1421 3157 1491 ἀντιφωνῶν,
3203 1422 3284 1474 ὃτι
3329 1421 3593 1490 εὑρήσεις
3635 1423 3811 1493 δάκρυα

2252 1518 2391 1585 μετὰ
2429 1519 2530 1587 τὴν
2582 1516 2733 1587 ὥραν
2763 1517 2982 1586 ἐκείνην
3026 1515 3103 1584 τῷ
3137 1515 3257 1584 Θεῴ
3294 1517 3694 1584 προσαγαγεῖν,
3732 1518 3812 1569 ὅσα

2249 1612 2458 1674 ἐκεῖνος
2497 1613 2524 1663 ὁ
2554 1609 2756 1682 λῃστὴς
2807 1617 3164 1681 προσήγαγε;
3195 1608 3286 1661 Διὸ
3328 1610 3409 1680 μὴ
3461 1610 3810 1679 ἀναμείνωμεν

2254 1705 2390 1774 μηδὲ
2448 1703 2800 1772 ἐκδεξώμεοα
2843 1704 2898 1756 ὲν
2950 1703 3029 1771 τῷ
3073 1702 3290 1770 θανάτῳ
3320 1703 3403 1771 τῷ
3434 1701 3556 1770 Θεῷ
3596 1702 3810 1772 ἐξομολο-

2250 1793 2550 1862 γήσασθαι.
2593 1792 2757 1845 Ἀλλὰ
2795 1792 2996 1862 μᾶλλον
3020 1791 3438 1862 προφθάσωμεν
3471 1794 3530 1846 τὸ
3561 1793 3809 1861 πρόσωπον

2175 1903 2216 1956 Β
2247 1885 2415 1938 αὑτοῦ
2465 1890 2524 1939 ἐν
2562 1885 2973 1956 ἐξομολογήσει.
3020 1884 3096 1937 Οὐ
3145 1883 3254 1954 γὰρ
3305 1886 3397 1937 ἵνα
3436 1886 3694 1954 χαυνώσω
3733 1886 3809 1948 τὰς

2250 1979 2525 2049 ὑμετέρας
2581 1979 2758 2047 ψυχὰς
2795 1977 2974 2030 ταῦτα
3023 1978 3343 2047 συνέγραψα
3371 2018 3386 2042 ,
3425 1977 3565 2031 ἀλλὰ
3615 1978 3785 2048 μᾶλλον

2249 2071 2335 2124 ἵνα
2371 2072 2652 2142 διεγείρω⁶
2695 2072 2798 2142 οὐχ
2841 2073 2930 2123 ἵνα
2966 2070 3376 2142 ἀμελεστέρους
3436 2074 3664 2142 ποιήσω,
3706 2071 3810 2124 am

2248 2165 2736 2236 προθυμοτέρους,
2784 2166 2937 2230 ὅπως
2986 2166 3044 2218 ἐν
3079 2163 3160 2234 τῷ
3197 2165 3406 2236 σταδίῳ
3432 2165 3541 2218 τῶν
3581 2166 3810 2235 νηστειῶν

2252 2259 2436 2320 καλῶς
2490 2259 2932 2330 ἀγωνισάμενοι,
2999 2260 3326 2326 στεφανῖται
3371 2259 3689 2328 γενόμενοι,
3735 2259 3812 2326 τῆς

2246 2351 2498 2420 ἀφέσεως
2557 2351 2667 2404 τῶν
2722 2350 3014 2422 ἁμαρτιῶν
3077 2351 3174 2404 καὶ
3234 2351 3338 2420 τῆς
3400 2350 3678 2420 βασιλείας
3727 2349 3811 2402 τῶν

2245 2441 2494 2513 οὐρανῶν
2528 2440 2854 2513 ἀξιωθῶμεν
2929 2443 3113 2512 χάριτι
3167 2441 3262 2494 καὶ
3315 2441 3700 2512 φιλανθρωπίᾳ
3739 2441 3808 2493 τοῦ

2248 2536 2457 2606 Κυρίου
2504 2535 2668 2606 ήμῶν
2731 2535 2909 2607 Ἰησοῦ
2967 2533 3234 2605 Χριστοῦ,
3282 2534 3412 2603 μεθ’
3445 2530 3506 2590 οὗ
3555 2535 3632 2606 τῷ
3668 2534 3808 2605 Πατρὶ

2246 2629 2394 2694 δόξα.
2425 2631 2542 2701 ἅμα
2573 2628 2652 2700 τῷ
2688 2631 2830 2701 ἁγίῳ
2858 2630 2955 2684 καὶ
2986 2627 3238 2698 ζωοποιῷ
3270 2627 3582 2699 Πνεύματι,
3607 2629 3713 2698 νῦν,
3735 2628 3806 2684 καὶ

2249 2723 2368 2786 ἀεὶ,
2396 2723 2492 2776 καὶ
2517 2725 2598 2787 εἱς
2627 2723 2754 2786 τοὺς
2784 2722 2990 2784 αἰῶνας
3017 2719 3128 2772 τῶν
3156 2717 3398 2773 αἰώνων.
3445 2720 3641 2795 Ἀμήν,

2036 2872 2267 2931 NOTAE.

610 2997 1188 3081 (30)‘lnje_funiorum_
1212 3005 1503 3081 curriculo.
1533 3007 1646 3081 ΔἘν
1677 3005 1756 3076 τῷ
1799 3008 2000 3081 σταδίῳ
2026 3009 2138 3064 τῶν

534 3069 847 3148 νηστειῶν,
884 3072 1124 3148 Sic_jan_t
1175 3075 1334 3148 initio
1371 3069 1738 3148 jejunjorum'
1769 3069 2137 3148 meminerat,

537 3139 603 3217 ae
629 3139 731 3193 sub
765 3139 1212 3217 eorum'ittitiutn
1257 3139 1402 3201 hanc
1424 3139 1484 3202 se
1520 3146 1724 3202 Psalmi
1756 3150 1822 3201 ad
1859 3139 2132 3217 paeniteni

538 3213 669 3286 tiam
700 3214 1007 3286 compositi
1032 3217 1444 3270 enarrationem
1476 3231 1637 3274 orare
1666 3213 2082 3286 signiﬁcaverat
2115 3246 2126 3278 :

537 3282 710 3333 altera
764 3293 944 3355 tamen
981 3284 1132 3355 Regii
1169 3286 1295 3342 cod.
1333 3287 1503 3342 editio
1536 3289 1672 3344 nibil
1717 3282 1839 3350 Iale
1872 3292 2081 3346 indicat
2112 3312 2126 3349 :

534 3353 1084 3428 cumquestylofere
1111 3358 1321 3424 puriori
1344 3397 1359 3422 ,
1398 3359 1689 3428 minusque
1721 3360 1787 3412 ad
1818 3361 2128 3417 barbariem

532 3436 600 3476 ae
625 3422 1141 3504 settuiorisGraecia:
1173 3429 1380 3484 idioma
1406 3422 1682 3501 vergetiti,
1717 3437 1828 3486 tota
1848 3431 2128 3502 decurrat;

566 3622 3179 3649 ἡ--¹¹³-·--ι--ι--ι----ᾳ.-ι----ι----------------ι--------..---.,---..---

2247 3014 2571 3091 conjectura
2602 3017 2700 3091 _sit,
2729 3019 2931 3091 dictam
2959 3021 3129 3076 semel
3162 3023 3474 3086 bomiliam,
3498 3022 3670 3091 qualis
3691 3018 3800 3075 edita

2166 3105 2209 3162 ο
2247 3095 2329 3162 est
2367 3102 2395 3138 a
2427 3085 2651 3142 Canisio
2680 3129 2693 3152 ,
2727 3089 2900 3162 ipsum
2941 3094 3287 3159 postmodum
3339 3085 3699 3162 Anastasium
3729 3104 3803 3158 per

2240 3155 2411 3209 otium
2437 3155 2814 3233 retractasse;
2848 3155 2966 3229 ejus
2991 3162 3252 3233 pleraque
3281 3163 3484 3231 purius
3509 3155 3802 3233 reddidisse;

2242 3227 2505 3301 nonnulla
2537 3244 2641 3296 qua
2690 3227 3002 3296 addidisse,
3028 3247 3137 3301 qua
3163 3227 3470 3289 sustulisse
3491 3272 3507 3297 ,
3551 3247 3611 3286 ac
3651 3232 3697 3286 in
3719 3231 3800 3291 eis.

2238 3310 2362 3371 quae
2393 3298 2460 3371 ad
2490 3308 2703 3352 certum
2735 3309 2947 3369 tempus
2970 3341 2986 3366 ,
3025 3298 3221 3371 nempe
3249 3303 3590 3371 ieiuniorum
3621 3317 3679 3357 ac
3707 3312 3809 3370 qut-

2240 3369 2561 3437 dragesimae
2579 3407 2594 3434 ,
2625 3371 3046 3442 restringebant.
3074 3369 3375 3434 Consiliis.

1675 3789 2028 3924 ΤΟΥ
2106 3784 2688 3924 ΑΥΤΟΥ

1193 4033 1594 4121 ΟΜΙΛΙΑ
1650 4035 1823 4120 ΕΙΣ
1898 4037 2127 4120 ἸὉΝ

2202 4037 2585 4122 ΕΚΤΟΝ
2663 4031 3182 4126 ΨΑΛΜΟΝ.

1828 4394 2554 4525 EJUSDEM

964 4649 1504 4742 HOMILIA
1587 4649 1932 4739 DICTA
2016 4651 2140 4738 ΙΝ
2219 4653 2714 4742 SEXTUM
2793 4655 3409 4750 PSALMUM.

1679 4844 1792 4905 EX
1833 4843 2026 4905 ALIO
2075 4842 2374 4906 CODICE
2415 4845 2692 4908 EDITA.

597 5168 856 5238 Congrua
899 5167 1192 5223 admodum
1239 5166 1470 5220 sincera:
1524 5165 1859 5235 pmnitentize
1886 5166 2130 5220 doctrina

527 5273 630 5323 est,
687 5261 826 5316 sexti
881 5259 1079 5314 Psaltni
1134 5257 1459 5328 complexio.
1518 5257 1724 5312 Idcirco
1795 5257 1864 5310 ab
1920 5258 2126 5327 Spiritu

531 5363 723 5408 sancto
767 5354 1126 5422 scripta,quo
1155 5353 1246 5421 qui
1299 5360 1649 5421 peccatorum
1702 5349 1778 5404 rei
1837 5351 1903 5402 ad
1963 5353 2124 5404 Deum

528 5449 761 5512 atlt'illu,
824 5446 966 5502 scire
1008 5447 1252 5517 possint,
1310 5443 1586 5515 quomodo
1627 5443 1678 5499 id
1735 5459 1829 5498 eos
1865 5456 2127 5512 praestare

526 5547 797 5606 oporteat,
829 5553 896 5593 ex
933 5539 1119 5593 animo
1142 5537 1489 5603 confitentes,
1530 5552 1595 5590 ac
1631 5537 1844 5590 veniam
1889 5553 2121 5606 poscen-

529 5639 630 5694 tes,
661 5645 760 5699 pro
783 5629 852 5684 iis
875 5645 997 5699 qua:
1029 5639 1414 5699 peccaverunt.
1455 5628 1509 5682 1n
1543 5629 1645 5682 boc
1673 5628 1940 5698 siquidem
1973 5629 2120 5697 psal-

527 5735 613 5772 mo
646 5721 807 5774 ambo
854 5721 970 5775 Inec
1001 5721 1290 5784 docemur,
1321 5730 1590 5788 quatenus
1616 5720 1724 5785 ille,
1769 5730 1823 5775 et
1854 5723 2125 5790 pceuilen-

524 5813 656 5866 tium
685 5812 1048 5867 humilitatem
1091 5813 1497 5884 complectitur,
1539 5828 1835 5884 veramque
1890 5831 2110 5871 conver~

2311 5165 2612 5236 Πρέπουσα
2635 5165 2958 5222 διδασκαλία
2980 5169 3273 5239 μετανοίας
3295 5164 3633 5240 εἰλικρινοῦς,
3667 5150 3787 5228 ήτοῧ

2238 5259 2468 5329 Ψαλμοῦ
2519 5259 2615 5312 τοῦ
2678 5259 2842 5314 ἕκτου
2893 5263 3148 5332 περιοχή.
3187 5263 3285 5316 Διὰ
3322 5261 3484 5316 τοῦτο
3531 5253 3672 5325 παρὰ
3719 5242 3787 5300 τοῦ

2231 5352 2388 5421 ἁγίου
2432 5353 2754 5423 Πνεύματος
2785 5357 3167 5425 συγγραφεῖσα
3191 5395 3206 5420 ,
3239 5355 3378 5428 ὥστε
3403 5354 3528 5414 τοὺς
3551 5351 3604 5400 ἐν
3636 5346 3786 5412 ἁμαρ·

2230 5447 2374 5509 τίαις
2406 5447 2734 5516 προσιόντας
2769 5447 2889 5517 Θεῷ
2932 5447 3158 5502 -εἱδέναι
3195 5450 3375 5520 ἔχειν,
3411 5445 3527 5507 πῶς
3553 5441 3630 5494 δεῖ
3656 5430 3787 5487 τοῦτο

2232 5543 2442 5607 ποιεῖν,
2495 5543 2560 5594 ὲκ
2587 5541 2768 5613 ψυχῆς
2815 5542 3384 5616 ἐξομολογουμένους,
3427 5541 3521 5596 καὶ
3567 5536 3656 5602 τὴν
3693 5523 3783 5578 τῶν

2234 5635 2646 5705 ἡμαρτημένων
2671 5637 2960 5702 αἰτοῦντας
2981 5642 3355 5712 συγχώρησιν.
3399 5638 3482 5690 Ἐν
3512 5629 3670 5692 τούτῳ
3691 5615 3781 5712 γᾴρ

2229 5726 2308 5797 τῷ
2335 5727 2539 5798 ψαλμῷ
2557 5772 2571 5795 ,
2596 5729 2966 5799 διδασκόμεθα
3002 5709 3296 5805 ἀμφότερα
3329 5730 3516 5789 ταῦτα,
3552 5715 3673 5775 καθὸ
3695 5709 3777 5776 τήν

2232 5839 2289 5874 τε
2326 5822 2656 5877 ταπείνωσιν
2707 5827 2816 5878 τῶν
2862 5828 3271 5897 μετανοούντων
3309 5824 3570 5897 περιέχει,
3613 5809 3701 5878 τήν
3729 5813 3773 5854 τε

2165 5223 2207 5278 D
