  <div class='ocr_page' id='page_1' title='image "/cluster/home/n/w/nwhite01/storage/ocr_20150623/89/coo.31924054869932/572.png"; bbox 0 0 4064 6418; ppageno 0'>
   <div class='ocr_carea' id='block_1_1' title="bbox 281 409 428 475">
    <p class='ocr_par' dir='ltr' id='par_1_1' title="bbox 281 409 428 475">
     <span class='ocr_line' id='line_1_1' title="bbox 281 409 428 475; baseline -0.007 0"><span class='ocrx_word' id='word_1_1' title='bbox 281 409 428 475; x_wconf 75' lang='lat' dir='ltr'><strong>lll&#39;l</strong></span> 
     </span>
    </p>
   </div>
   <div class='ocr_carea' id='block_1_2' title="bbox 1465 411 2425 475">
    <p class='ocr_par' dir='ltr' id='par_1_2' title="bbox 1465 411 2425 475">
     <span class='ocr_line' id='line_1_2' title="bbox 1465 411 2425 475; baseline 0.002 -3"><span class='ocrx_word' id='word_1_2' title='bbox 1465 411 1752 473; x_wconf 65' lang='lat' dir='ltr'><strong>ORATIO</strong></span> <span class='ocrx_word' id='word_1_3' title='bbox 1795 413 1872 472; x_wconf 75' lang='grc' dir='ltr'><strong>ΙΝ</strong></span> <span class='ocrx_word' id='word_1_4' title='bbox 1918 414 2283 475; x_wconf 71' lang='lat' dir='ltr'><strong>PSALMUM</strong></span> <span class='ocrx_word' id='word_1_5' title='bbox 2325 415 2425 475; x_wconf 89' lang='lat' dir='ltr'><strong>VI.</strong></span> 
     </span>
    </p>
   </div>
   <div class='ocr_carea' id='block_1_3' title="bbox 3455 412 3596 480">
    <p class='ocr_par' dir='ltr' id='par_1_3' title="bbox 3455 412 3596 480">
     <span class='ocr_line' id='line_1_3' title="bbox 3455 412 3596 480; baseline 0.028 -4"><span class='ocrx_word' id='word_1_6' title='bbox 3455 412 3596 480; x_wconf 83' lang='grc'>1118</span> 
     </span>
    </p>
   </div>
   <div class='ocr_carea' id='block_1_4' title="bbox 279 520 1925 599">
    <p class='ocr_par' dir='ltr' id='par_1_4' title="bbox 279 520 1925 596">
     <span class='ocr_line' id='line_1_4' title="bbox 279 520 1925 596; baseline 0.002 -21"><span class='ocrx_word' id='word_1_7' title='bbox 279 520 530 593; x_wconf 72' lang='grc' dir='ltr'>γνησίαν</span> <span class='ocrx_word' id='word_1_8' title='bbox 581 521 956 592; x_wconf 72' lang='grc' dir='ltr'>ἐπιστροφὴν,</span> <span class='ocrx_word' id='word_1_9' title='bbox 1014 523 1084 576; x_wconf 70' lang='grc' dir='ltr'>τὰ</span> <span class='ocrx_word' id='word_1_10' title='bbox 1138 523 1389 594; x_wconf 72' lang='grc' dir='ltr'>δάκρυα,</span> <span class='ocrx_word' id='word_1_11' title='bbox 1442 525 1535 578; x_wconf 82' lang='grc' dir='ltr'>τὸν</span> <span class='ocrx_word' id='word_1_12' title='bbox 1582 527 1647 578; x_wconf 83' lang='grc' dir='ltr'><strong>ἐκ</strong></span> <span class='ocrx_word' id='word_1_13' title='bbox 1692 526 1925 596; x_wconf 47' lang='grc' dir='ltr'>βάθους,</span> 
     </span>
    </p>
   </div>
   <div class='ocr_carea' id='block_1_5' title="bbox 2031 520 3593 599">
    <p class='ocr_par' dir='ltr' id='par_1_5' title="bbox 2031 527 3593 599">
     <span class='ocr_line' id='line_1_5' title="bbox 2031 527 3593 599; baseline 0 -19"><span class='ocrx_word' id='word_1_14' title='bbox 2031 531 2230 593; x_wconf 70' lang='lat' dir='ltr'><strong>ionem,</strong></span> <span class='ocrx_word' id='word_1_15' title='bbox 2289 529 2563 599; x_wconf 84' lang='lat' dir='ltr'><strong>lacrymas</strong></span> <span class='ocrx_word' id='word_1_16' title='bbox 2585 568 2600 594; x_wconf 92' lang='lat'><strong>,</strong></span> <span class='ocrx_word' id='word_1_17' title='bbox 2628 529 2890 597; x_wconf 77' lang='lat' dir='ltr'><strong>gemitum</strong></span> <span class='ocrx_word' id='word_1_18' title='bbox 2934 543 2998 583; x_wconf 77' lang='lat' dir='ltr'><strong>ex</strong></span> <span class='ocrx_word' id='word_1_19' title='bbox 3031 527 3140 582; x_wconf 90' lang='lat' dir='ltr'><strong>imo</strong></span> <span class='ocrx_word' id='word_1_20' title='bbox 3167 535 3417 596; x_wconf 84' lang='lat' dir='ltr'><strong>pectore;</strong></span> <span class='ocrx_word' id='word_1_21' title='bbox 3458 547 3593 580; x_wconf 69' lang='lat' dir='ltr'><strong>ron-</strong></span> 
     </span>
    </p>
   </div>
   <div class='ocr_carea' id='block_1_6' title="bbox 284 614 1890 689">
    <p class='ocr_par' dir='ltr' id='par_1_6' title="bbox 284 614 1890 689">
     <span class='ocr_line' id='line_1_6' title="bbox 284 614 1890 689; baseline 0.002 -21"><span class='ocrx_word' id='word_1_22' title='bbox 284 615 608 684; x_wconf 81' lang='grc' dir='ltr'>στεναγμδν</span> <span class='ocrx_word' id='word_1_23' title='bbox 631 653 645 675; x_wconf 88' lang='grc'><strong>,</strong></span> <span class='ocrx_word' id='word_1_24' title='bbox 673 616 775 683; x_wconf 77' lang='grc' dir='ltr'><strong>τὴν</strong></span> <span class='ocrx_word' id='word_1_25' title='bbox 814 614 909 666; x_wconf 77' lang='grc' dir='ltr'>τοῦ</span> <span class='ocrx_word' id='word_1_26' title='bbox 935 615 1241 680; x_wconf 83' lang='grc' dir='ltr'><strong>συνειδότος</strong></span> <span class='ocrx_word' id='word_1_27' title='bbox 1279 617 1528 689; x_wconf 80' lang='grc' dir='ltr'>ταραχήν</span> <span class='ocrx_word' id='word_1_28' title='bbox 1548 658 1562 683; x_wconf 91' lang='grc'><strong>,</strong></span> <span class='ocrx_word' id='word_1_29' title='bbox 1600 620 1698 689; x_wconf 80' lang='grc' dir='ltr'><strong>τὴν</strong></span> <span class='ocrx_word' id='word_1_30' title='bbox 1725 618 1890 672; x_wconf 88' lang='grc' dir='ltr'>ἀσθέ-</span> 
     </span>
    </p>
   </div>
   <div class='ocr_carea' id='block_1_7' title="bbox 285 707 1888 782">
    <p class='ocr_par' dir='ltr' id='par_1_7' title="bbox 285 707 1888 782">
     <span class='ocr_line' id='line_1_7' title="bbox 285 707 1888 782; baseline 0.002 -22"><span class='ocrx_word' id='word_1_31' title='bbox 285 725 448 760; x_wconf 85' lang='grc' dir='ltr'>νειαν</span> <span class='ocrx_word' id='word_1_32' title='bbox 469 748 486 772; x_wconf 92' lang='grc'><strong>,</strong></span> <span class='ocrx_word' id='word_1_33' title='bbox 518 707 617 777; x_wconf 82' lang='grc' dir='ltr'><strong>τὴν</strong></span> <span class='ocrx_word' id='word_1_34' title='bbox 660 707 718 758; x_wconf 87' lang='grc' dir='ltr'><strong>ἐν</strong></span> <span class='ocrx_word' id='word_1_35' title='bbox 752 707 910 759; x_wconf 73' lang='grc' dir='ltr'>νυκτὶ</span> <span class='ocrx_word' id='word_1_36' title='bbox 940 709 1078 778; x_wconf 80' lang='grc' dir='ltr'>πρὸς</span> <span class='ocrx_word' id='word_1_37' title='bbox 1124 708 1258 762; x_wconf 71' lang='grc' dir='ltr'>Θεὸν</span> <span class='ocrx_word' id='word_1_38' title='bbox 1285 711 1504 780; x_wconf 71' lang='grc' dir='ltr'>ὁμιλίαν</span> <span class='ocrx_word' id='word_1_39' title='bbox 1531 751 1545 773; x_wconf 90' lang='grc'><strong>,</strong></span> <span class='ocrx_word' id='word_1_40' title='bbox 1581 713 1679 780; x_wconf 74' lang='grc' dir='ltr'><strong>τὴν</strong></span> <span class='ocrx_word' id='word_1_41' title='bbox 1718 713 1776 763; x_wconf 89' lang='grc' dir='ltr'><strong>ἐν</strong></span> <span class='ocrx_word' id='word_1_42' title='bbox 1823 713 1888 782; x_wconf 83' lang='grc' dir='ltr'>τῇ</span> 
     </span>
    </p>
   </div>
   <div class='ocr_carea' id='block_1_8' title="bbox 288 798 1895 874">
    <p class='ocr_par' dir='ltr' id='par_1_8' title="bbox 288 798 1895 874">
     <span class='ocr_line' id='line_1_8' title="bbox 288 798 1895 874; baseline 0.003 -22"><span class='ocrx_word' id='word_1_43' title='bbox 288 801 564 870; x_wconf 81' lang='grc' dir='ltr'><strong>στρωμνῇ</strong></span> <span class='ocrx_word' id='word_1_44' title='bbox 623 798 920 869; x_wconf 82' lang='grc' dir='ltr'><strong>γινομένην</strong></span> <span class='ocrx_word' id='word_1_45' title='bbox 972 799 1329 871; x_wconf 75' lang='grc' dir='ltr'>συναίσθησιν</span> <span class='ocrx_word' id='word_1_46' title='bbox 1368 803 1480 854; x_wconf 89' lang='grc' dir='ltr'><strong>τῶν</strong></span> <span class='ocrx_word' id='word_1_47' title='bbox 1515 802 1634 873; x_wconf 85' lang='grc' dir='ltr'>μεθ’</span> <span class='ocrx_word' id='word_1_48' title='bbox 1677 804 1895 874; x_wconf 73' lang='grc' dir='ltr'>ἡμέραν</span> 
     </span>
    </p>
   </div>
   <div class='ocr_carea' id='block_1_9' title="bbox 287 888 1895 962">
    <p class='ocr_par' dir='ltr' id='par_1_9' title="bbox 287 888 1895 962">
     <span class='ocr_line' id='line_1_9' title="bbox 287 888 1895 962; baseline 0.002 -21"><span class='ocrx_word' id='word_1_49' title='bbox 287 888 717 959; x_wconf 75' lang='grc' dir='ltr'><strong>πραττομένων,</strong></span> <span class='ocrx_word' id='word_1_50' title='bbox 747 888 841 940; x_wconf 73' lang='grc' dir='ltr'><strong>καὶ</strong></span> <span class='ocrx_word' id='word_1_51' title='bbox 863 889 951 942; x_wconf 71' lang='grc' dir='ltr'>διὰ</span> <span class='ocrx_word' id='word_1_52' title='bbox 977 888 1079 958; x_wconf 79' lang='grc' dir='ltr'>τῆς</span> <span class='ocrx_word' id='word_1_53' title='bbox 1104 889 1199 943; x_wconf 79' lang='grc' dir='ltr'><strong>τοῦ</strong></span> <span class='ocrx_word' id='word_1_54' title='bbox 1232 891 1388 958; x_wconf 83' lang='grc' dir='ltr'>ἁγίου</span> <span class='ocrx_word' id='word_1_55' title='bbox 1403 892 1722 962; x_wconf 83' lang='grc' dir='ltr'>Πνεύματος</span> <span class='ocrx_word' id='word_1_56' title='bbox 1753 910 1895 962; x_wconf 83' lang='grc' dir='ltr'>παρ-</span> 
     </span>
    </p>
   </div>
   <div class='ocr_carea' id='block_1_10' title="bbox 297 981 1896 1053">
    <p class='ocr_par' dir='ltr' id='par_1_10' title="bbox 297 981 1896 1053">
     <span class='ocr_line' id='line_1_10' title="bbox 297 981 1896 1053; baseline 0.001 -19"><span class='ocrx_word' id='word_1_57' title='bbox 297 981 506 1044; x_wconf 81' lang='grc' dir='ltr'>ουσίας</span> <span class='ocrx_word' id='word_1_58' title='bbox 544 981 859 1050; x_wconf 62' lang='grc' dir='ltr'>ἐπισκοπὴν</span> <span class='ocrx_word' id='word_1_59' title='bbox 889 998 901 1010; x_wconf 87' lang='grc'><strong>·</strong></span> <span class='ocrx_word' id='word_1_60' title='bbox 947 981 1008 1033; x_wconf 84' lang='grc' dir='ltr'><strong>ού</strong></span> <span class='ocrx_word' id='word_1_61' title='bbox 1039 982 1215 1035; x_wconf 78' lang='grc' dir='ltr'>ταῦτα</span> <span class='ocrx_word' id='word_1_62' title='bbox 1245 982 1302 1036; x_wconf 79' lang='grc' dir='ltr'>δὲ</span> <span class='ocrx_word' id='word_1_63' title='bbox 1335 984 1498 1053; x_wconf 86' lang='grc' dir='ltr'>μόνον</span> <span class='ocrx_word' id='word_1_64' title='bbox 1529 983 1770 1037; x_wconf 76' lang='grc' dir='ltr'>ἐνταῦθα</span> <span class='ocrx_word' id='word_1_65' title='bbox 1799 1001 1896 1036; x_wconf 86' lang='grc' dir='ltr'>πε-</span> 
     </span>
    </p>
   </div>
   <div class='ocr_carea' id='block_1_11' title="bbox 293 1073 1897 1147">
    <p class='ocr_par' dir='ltr' id='par_1_11' title="bbox 293 1073 1897 1147">
     <span class='ocr_line' id='line_1_11' title="bbox 293 1073 1897 1147; baseline 0.003 -23"><span class='ocrx_word' id='word_1_66' title='bbox 293 1073 602 1144; x_wconf 79' lang='grc' dir='ltr'>ριεχόμενά</span> <span class='ocrx_word' id='word_1_67' title='bbox 629 1090 711 1136; x_wconf 85' lang='grc' dir='ltr'><strong>τις</strong></span> <span class='ocrx_word' id='word_1_68' title='bbox 741 1073 1005 1144; x_wconf 77' lang='grc' dir='ltr'>εὑρήσει,</span> <span class='ocrx_word' id='word_1_69' title='bbox 1047 1074 1184 1127; x_wconf 77' lang='grc' dir='ltr'><strong>ἀλλά</strong></span> <span class='ocrx_word' id='word_1_70' title='bbox 1219 1074 1319 1144; x_wconf 85' lang='grc' dir='ltr'><strong>τὴν</strong></span> <span class='ocrx_word' id='word_1_71' title='bbox 1352 1076 1462 1128; x_wconf 73' lang='grc' dir='ltr'>ἀπὸ</span> <span class='ocrx_word' id='word_1_72' title='bbox 1499 1079 1600 1146; x_wconf 84' lang='grc' dir='ltr'><strong>τῆς</strong></span> <span class='ocrx_word' id='word_1_73' title='bbox 1637 1076 1897 1147; x_wconf 82' lang='grc' dir='ltr'>τοιαύτης</span> 
     </span>
    </p>
   </div>
   <div class='ocr_carea' id='block_1_12' title="bbox 295 1164 1903 1236">
    <p class='ocr_par' dir='ltr' id='par_1_12' title="bbox 295 1164 1903 1236">
     <span class='ocr_line' id='line_1_12' title="bbox 295 1164 1903 1236; baseline 0.002 -20"><span class='ocrx_word' id='word_1_74' title='bbox 295 1164 603 1234; x_wconf 85' lang='grc' dir='ltr'>μετανοίας</span> <span class='ocrx_word' id='word_1_75' title='bbox 659 1164 1106 1235; x_wconf 79' lang='grc' dir='ltr'>προσγινομένην</span> <span class='ocrx_word' id='word_1_76' title='bbox 1168 1166 1279 1218; x_wconf 88' lang='grc' dir='ltr'><strong>τῶν</strong></span> <span class='ocrx_word' id='word_1_77' title='bbox 1329 1166 1618 1236; x_wconf 81' lang='grc' dir='ltr'>ἁμαρτιῶν</span> <span class='ocrx_word' id='word_1_78' title='bbox 1681 1167 1903 1235; x_wconf 77' lang='grc' dir='ltr'>ἄφεσιν·</span> 
     </span>
    </p>
   </div>
   <div class='ocr_carea' id='block_1_13' title="bbox 301 1257 1902 1330">
    <p class='ocr_par' dir='ltr' id='par_1_13' title="bbox 301 1257 1902 1330">
     <span class='ocr_line' id='line_1_13' title="bbox 301 1257 1902 1330; baseline 0.002 -20"><span class='ocrx_word' id='word_1_79' title='bbox 301 1259 421 1330; x_wconf 79' lang='grc' dir='ltr'>τὴν</span> <span class='ocrx_word' id='word_1_80' title='bbox 453 1257 564 1309; x_wconf 86' lang='grc' dir='ltr'><strong>τῶν</strong></span> <span class='ocrx_word' id='word_1_81' title='bbox 596 1257 872 1327; x_wconf 73' lang='grc' dir='ltr'>δαιμόνων</span> <span class='ocrx_word' id='word_1_82' title='bbox 914 1257 1218 1329; x_wconf 74' lang='grc' dir='ltr'>αἰσχύνην,</span> <span class='ocrx_word' id='word_1_83' title='bbox 1255 1259 1350 1312; x_wconf 70' lang='grc' dir='ltr'><strong>καὶ</strong></span> <span class='ocrx_word' id='word_1_84' title='bbox 1389 1259 1488 1330; x_wconf 82' lang='grc' dir='ltr'><strong>τὴν</strong></span> <span class='ocrx_word' id='word_1_85' title='bbox 1524 1258 1617 1312; x_wconf 75' lang='grc' dir='ltr'>τοῦ</span> <span class='ocrx_word' id='word_1_86' title='bbox 1653 1261 1902 1312; x_wconf 88' lang='grc' dir='ltr'>παλαιω-</span> 
     </span>
    </p>
   </div>
   <div class='ocr_carea' id='block_1_14' title="bbox 296 1347 1654 1422">
    <p class='ocr_par' dir='ltr' id='par_1_14' title="bbox 296 1347 1654 1422">
     <span class='ocr_line' id='line_1_14' title="bbox 296 1347 1654 1422; baseline 0.004 -22"><span class='ocrx_word' id='word_1_87' title='bbox 296 1349 494 1412; x_wconf 81' lang='grc' dir='ltr'>οέντος</span> <span class='ocrx_word' id='word_1_88' title='bbox 519 1347 816 1418; x_wconf 83' lang='grc' dir='ltr'>ἀνθρώπου</span> <span class='ocrx_word' id='word_1_89' title='bbox 844 1352 962 1412; x_wconf 83' lang='grc' dir='ltr'>ταῖς</span> <span class='ocrx_word' id='word_1_90' title='bbox 993 1349 1295 1422; x_wconf 80' lang='grc' dir='ltr'>ἁμαρτίαις</span> <span class='ocrx_word' id='word_1_91' title='bbox 1319 1350 1654 1405; x_wconf 87' lang='grc' dir='ltr'>ἀνάπλασιν.</span> 
     </span>
    </p>
   </div>
   <div class='ocr_carea' id='block_1_15' title="bbox 392 1435 1896 1512">
    <p class='ocr_par' dir='ltr' id='par_1_15' title="bbox 392 1435 1896 1512">
     <span class='ocr_line' id='line_1_15' title="bbox 392 1435 1896 1512; baseline 0.001 -20"><span class='ocrx_word' id='word_1_92' title='bbox 392 1441 539 1492; x_wconf 82' lang='grc' dir='ltr'>Ἀλλ’</span> <span class='ocrx_word' id='word_1_93' title='bbox 573 1435 727 1503; x_wconf 68' lang='grc' dir='ltr'>οὗτος</span> <span class='ocrx_word' id='word_1_94' title='bbox 765 1441 864 1512; x_wconf 78' lang='grc' dir='ltr'><strong>μὲν</strong></span> <span class='ocrx_word' id='word_1_95' title='bbox 894 1443 922 1494; x_wconf 79' lang='grc' dir='ltr'>ὁ</span> <span class='ocrx_word' id='word_1_96' title='bbox 947 1441 1146 1504; x_wconf 72' lang='grc' dir='ltr'>σκοπὸς</span> <span class='ocrx_word' id='word_1_97' title='bbox 1177 1440 1272 1494; x_wconf 81' lang='grc' dir='ltr'>τοῦ</span> <span class='ocrx_word' id='word_1_98' title='bbox 1306 1441 1547 1512; x_wconf 77' lang='grc' dir='ltr'>ψαλμοῦ.</span> <span class='ocrx_word' id='word_1_99' title='bbox 1582 1441 1745 1494; x_wconf 82' lang='grc' dir='ltr'>Ἔστι</span> <span class='ocrx_word' id='word_1_100' title='bbox 1776 1442 1832 1495; x_wconf 85' lang='grc' dir='ltr'><strong>δὲ</strong></span> <span class='ocrx_word' id='word_1_101' title='bbox 1861 1443 1896 1512; x_wconf 84' lang='grc' dir='ltr'>ὴ</span> 
     </span>
    </p>
   </div>
   <div class='ocr_carea' id='block_1_16' title="bbox 299 1529 1905 1601">
    <p class='ocr_par' dir='ltr' id='par_1_16' title="bbox 299 1529 1905 1601">
     <span class='ocr_line' id='line_1_16' title="bbox 299 1529 1905 1601; baseline 0 -17"><span class='ocrx_word' id='word_1_102' title='bbox 299 1530 479 1584; x_wconf 76' lang='grc' dir='ltr'>αὑτοῦ</span> <span class='ocrx_word' id='word_1_103' title='bbox 510 1531 792 1601; x_wconf 81' lang='grc' dir='ltr'>ἐπιγραφὴ</span> <span class='ocrx_word' id='word_1_104' title='bbox 841 1532 936 1583; x_wconf 81' lang='grc' dir='ltr'><strong>ἐπὶ</strong></span> <span class='ocrx_word' id='word_1_105' title='bbox 964 1531 1168 1597; x_wconf 80' lang='grc' dir='ltr'>λέξεως</span> <span class='ocrx_word' id='word_1_106' title='bbox 1205 1529 1405 1600; x_wconf 79' lang='grc' dir='ltr'>ἔχουσα</span> <span class='ocrx_word' id='word_1_107' title='bbox 1442 1530 1651 1595; x_wconf 78' lang='grc' dir='ltr'>οὕτως’</span> <span class='ocrx_word' id='word_1_108' title='bbox 1692 1550 1710 1582; x_wconf 78' lang='grc' dir='ltr'><strong>ι</strong></span> <span class='ocrx_word' id='word_1_109' title='bbox 1748 1532 1905 1584; x_wconf 82' lang='grc' dir='ltr'>Ψαλ-</span> 
     </span>
    </p>
   </div>
   <div class='ocr_carea' id='block_1_17' title="bbox 306 1621 1905 1692">
    <p class='ocr_par' dir='ltr' id='par_1_17' title="bbox 306 1621 1905 1692">
     <span class='ocr_line' id='line_1_17' title="bbox 306 1621 1905 1692; baseline 0.001 -18"><span class='ocrx_word' id='word_1_110' title='bbox 306 1623 437 1692; x_wconf 78' lang='grc' dir='ltr'>μὸς,</span> <span class='ocrx_word' id='word_1_111' title='bbox 476 1623 632 1692; x_wconf 70' lang='grc' dir='ltr'>φησὶ,</span> <span class='ocrx_word' id='word_1_112' title='bbox 680 1621 760 1690; x_wconf 80' lang='grc' dir='ltr'>τῷ</span> <span class='ocrx_word' id='word_1_113' title='bbox 794 1621 965 1674; x_wconf 75' lang='grc' dir='ltr'>Δαὸὶδ</span> <span class='ocrx_word' id='word_1_114' title='bbox 997 1622 1126 1691; x_wconf 77' lang='grc' dir='ltr'>περὶ</span> <span class='ocrx_word' id='word_1_115' title='bbox 1159 1622 1260 1692; x_wconf 83' lang='grc' dir='ltr'>τῆς</span> <span class='ocrx_word' id='word_1_116' title='bbox 1297 1622 1514 1692; x_wconf 81' lang='grc' dir='ltr'><strong>ὀγδόης.</strong></span> <span class='ocrx_word' id='word_1_117' title='bbox 1566 1641 1586 1674; x_wconf 72' lang='grc' dir='ltr'><strong>ι</strong></span> <span class='ocrx_word' id='word_1_118' title='bbox 1636 1622 1905 1691; x_wconf 68' lang='grc' dir='ltr'>Ὀτδόην,</span> 
     </span>
    </p>
   </div>
   <div class='ocr_carea' id='block_1_18' title="bbox 307 1712 1906 1785">
    <p class='ocr_par' dir='ltr' id='par_1_18' title="bbox 307 1712 1906 1785">
     <span class='ocr_line' id='line_1_18' title="bbox 307 1712 1906 1785; baseline 0.001 -20"><span class='ocrx_word' id='word_1_119' title='bbox 307 1713 548 1783; x_wconf 85' lang='grc' dir='ltr'>σύνηθες</span> <span class='ocrx_word' id='word_1_120' title='bbox 588 1715 655 1784; x_wconf 77' lang='grc' dir='ltr'>τῇ</span> <span class='ocrx_word' id='word_1_121' title='bbox 695 1713 891 1784; x_wconf 73' lang='grc' dir='ltr'>Γραφῇ</span> <span class='ocrx_word' id='word_1_122' title='bbox 926 1713 1252 1782; x_wconf 69' lang='grc' dir='ltr'>ὀνομάζειν,</span> <span class='ocrx_word' id='word_1_123' title='bbox 1284 1713 1385 1784; x_wconf 81' lang='grc' dir='ltr'>τὴν</span> <span class='ocrx_word' id='word_1_124' title='bbox 1434 1713 1575 1783; x_wconf 85' lang='grc' dir='ltr'>μετὰ</span> <span class='ocrx_word' id='word_1_125' title='bbox 1606 1712 1706 1785; x_wconf 80' lang='grc' dir='ltr'><strong>τὴν</strong></span> <span class='ocrx_word' id='word_1_126' title='bbox 1752 1713 1906 1766; x_wconf 72' lang='grc' dir='ltr'>ἐϐδό-</span> 
     </span>
    </p>
   </div>
   <div class='ocr_carea' id='block_1_19' title="bbox 308 1803 1912 1876">
    <p class='ocr_par' dir='ltr' id='par_1_19' title="bbox 308 1803 1912 1876">
     <span class='ocr_line' id='line_1_19' title="bbox 308 1803 1912 1876; baseline -0.001 -18"><span class='ocrx_word' id='word_1_127' title='bbox 308 1823 423 1876; x_wconf 84' lang='grc' dir='ltr'><strong>μην</strong></span> <span class='ocrx_word' id='word_1_128' title='bbox 449 1821 462 1836; x_wconf 86' lang='grc'><strong>·</strong></span> <span class='ocrx_word' id='word_1_129' title='bbox 498 1805 787 1870; x_wconf 83' lang='grc' dir='ltr'>τουτέστι,</span> <span class='ocrx_word' id='word_1_130' title='bbox 820 1805 921 1873; x_wconf 80' lang='grc' dir='ltr'><strong>τὴν</strong></span> <span class='ocrx_word' id='word_1_131' title='bbox 955 1804 1048 1856; x_wconf 77' lang='grc' dir='ltr'>τοῦ</span> <span class='ocrx_word' id='word_1_132' title='bbox 1095 1803 1364 1875; x_wconf 64' lang='grc' dir='ltr'>παρόντος</span> <span class='ocrx_word' id='word_1_133' title='bbox 1395 1803 1591 1867; x_wconf 87' lang='grc' dir='ltr'>αἰῶνος</span> <span class='ocrx_word' id='word_1_134' title='bbox 1635 1803 1782 1873; x_wconf 78' lang='grc' dir='ltr'>ζωὴν</span> <span class='ocrx_word' id='word_1_135' title='bbox 1816 1805 1912 1857; x_wconf 51' lang='grc' dir='ltr'><strong>καὶ⁸</strong></span> 
     </span>
    </p>
   </div>
   <div class='ocr_carea' id='block_1_20' title="bbox 1994 621 3593 688">
    <p class='ocr_par' dir='ltr' id='par_1_20' title="bbox 1994 621 3593 688">
     <span class='ocr_line' id='line_1_20' title="bbox 1994 621 3593 688; baseline -0.002 -12"><span class='ocrx_word' id='word_1_136' title='bbox 1994 621 2234 676; x_wconf 70' lang='lat' dir='ltr'><strong>scientia:</strong></span> <span class='ocrx_word' id='word_1_137' title='bbox 2261 622 2648 688; x_wconf 89' lang='lat' dir='ltr'><strong>turbationem,</strong></span> <span class='ocrx_word' id='word_1_138' title='bbox 2682 621 3085 685; x_wconf 73' lang='lat' dir='ltr'><strong>infirmitatem,</strong></span> <span class='ocrx_word' id='word_1_139' title='bbox 3118 630 3442 674; x_wconf 89' lang='lat' dir='ltr'><strong>nocturnum</strong></span> <span class='ocrx_word' id='word_1_140' title='bbox 3469 637 3593 674; x_wconf 87' lang='lat' dir='ltr'><strong>cum</strong></span> 
     </span>
    </p>
   </div>
   <div class='ocr_carea' id='block_1_21' title="bbox 1996 712 3601 782">
    <p class='ocr_par' dir='ltr' id='par_1_21' title="bbox 1996 712 3601 782">
     <span class='ocr_line' id='line_1_21' title="bbox 1996 712 3601 782; baseline -0.002 -16"><span class='ocrx_word' id='word_1_141' title='bbox 1996 712 2108 767; x_wconf 88' lang='lat' dir='ltr'><strong>Deo</strong></span> <span class='ocrx_word' id='word_1_142' title='bbox 2142 713 2497 782; x_wconf 86' lang='lat' dir='ltr'><strong>colloquium,</strong></span> <span class='ocrx_word' id='word_1_143' title='bbox 2534 728 2716 768; x_wconf 87' lang='lat' dir='ltr'><strong>rerum</strong></span> <span class='ocrx_word' id='word_1_144' title='bbox 2751 713 2984 766; x_wconf 86' lang='lat' dir='ltr'><strong>interdiu</strong></span> <span class='ocrx_word' id='word_1_145' title='bbox 3039 720 3314 781; x_wconf 85' lang='lat' dir='ltr'><strong>gestarum</strong></span> <span class='ocrx_word' id='word_1_146' title='bbox 3368 724 3601 778; x_wconf 86' lang='lat' dir='ltr'><strong>percep-</strong></span> 
     </span>
    </p>
   </div>
   <div class='ocr_carea' id='block_1_22' title="bbox 2001 801 3596 873">
    <p class='ocr_par' dir='ltr' id='par_1_22' title="bbox 2001 801 3596 873">
     <span class='ocr_line' id='line_1_22' title="bbox 2001 801 3596 873; baseline -0.003 -15"><span class='ocrx_word' id='word_1_147' title='bbox 2001 815 2112 858; x_wconf 90' lang='lat' dir='ltr'><strong>tum</strong></span> <span class='ocrx_word' id='word_1_148' title='bbox 2139 806 2189 857; x_wconf 91' lang='lat' dir='ltr'><strong>in</strong></span> <span class='ocrx_word' id='word_1_149' title='bbox 2221 815 2394 860; x_wconf 89' lang='lat' dir='ltr'><strong>strato</strong></span> <span class='ocrx_word' id='word_1_150' title='bbox 2417 820 2664 869; x_wconf 87' lang='lat' dir='ltr'><strong>sensum,</strong></span> <span class='ocrx_word' id='word_1_151' title='bbox 2690 820 2753 858; x_wconf 88' lang='lat' dir='ltr'><strong>ac</strong></span> <span class='ocrx_word' id='word_1_152' title='bbox 2783 819 2924 866; x_wconf 89' lang='lat' dir='ltr'><strong>eam,</strong></span> <span class='ocrx_word' id='word_1_153' title='bbox 2952 819 3072 873; x_wconf 68' lang='lat' dir='ltr'><strong>qua:</strong></span> <span class='ocrx_word' id='word_1_154' title='bbox 3105 804 3381 857; x_wconf 87' lang='lat' dir='ltr'><strong>estsancli</strong></span> <span class='ocrx_word' id='word_1_155' title='bbox 3413 801 3596 871; x_wconf 86' lang='lat' dir='ltr'><strong>Spiri-</strong></span> 
     </span>
    </p>
   </div>
   <div class='ocr_carea' id='block_1_23' title="bbox 2001 893 3599 965">
    <p class='ocr_par' dir='ltr' id='par_1_23' title="bbox 2001 893 3599 965">
     <span class='ocr_line' id='line_1_23' title="bbox 2001 893 3599 965; baseline -0.001 -17"><span class='ocrx_word' id='word_1_156' title='bbox 2001 903 2088 950; x_wconf 88' lang='lat' dir='ltr'><strong>tus</strong></span> <span class='ocrx_word' id='word_1_157' title='bbox 2119 897 2376 960; x_wconf 91' lang='lat' dir='ltr'><strong>adventn,</strong></span> <span class='ocrx_word' id='word_1_158' title='bbox 2408 897 2798 965; x_wconf 87' lang='lat' dir='ltr'><strong>inspectionem</strong></span> <span class='ocrx_word' id='word_1_159' title='bbox 2834 911 2848 948; x_wconf 91' lang='lat'><strong>:</strong></span> <span class='ocrx_word' id='word_1_160' title='bbox 2882 909 2981 948; x_wconf 92' lang='lat' dir='ltr'><strong>nec</strong></span> <span class='ocrx_word' id='word_1_161' title='bbox 3002 910 3065 948; x_wconf 89' lang='lat' dir='ltr'><strong>ea</strong></span> <span class='ocrx_word' id='word_1_162' title='bbox 3099 902 3307 947; x_wconf 89' lang='lat' dir='ltr'><strong>tantum</strong></span> <span class='ocrx_word' id='word_1_163' title='bbox 3349 893 3472 960; x_wconf 87' lang='lat' dir='ltr'><strong>quis</strong></span> <span class='ocrx_word' id='word_1_164' title='bbox 3497 896 3599 946; x_wconf 92' lang='lat' dir='ltr'><strong>boc</strong></span> 
     </span>
    </p>
   </div>
   <div class='ocr_carea' id='block_1_24' title="bbox 2004 985 3605 1056">
    <p class='ocr_par' dir='ltr' id='par_1_24' title="bbox 2004 985 3605 1056">
     <span class='ocr_line' id='line_1_24' title="bbox 2004 985 3605 1056; baseline -0.001 -17"><span class='ocrx_word' id='word_1_165' title='bbox 2004 987 2121 1041; x_wconf 88' lang='lat' dir='ltr'><strong>loco</strong></span> <span class='ocrx_word' id='word_1_166' title='bbox 2150 988 2326 1041; x_wconf 76' lang='lat' dir='ltr'><strong>videat</strong></span> <span class='ocrx_word' id='word_1_167' title='bbox 2358 989 2776 1056; x_wconf 87' lang='lat' dir='ltr'><strong>comprehensa,</strong></span> <span class='ocrx_word' id='word_1_168' title='bbox 2817 1001 3005 1041; x_wconf 88' lang='lat' dir='ltr'><strong>verum</strong></span> <span class='ocrx_word' id='word_1_169' title='bbox 3031 987 3198 1040; x_wconf 88' lang='lat' dir='ltr'><strong>etiam</strong></span> <span class='ocrx_word' id='word_1_170' title='bbox 3235 1001 3299 1038; x_wconf 78' lang='lat' dir='ltr'><strong>ex</strong></span> <span class='ocrx_word' id='word_1_171' title='bbox 3351 985 3443 1038; x_wconf 91' lang='lat' dir='ltr'><strong>tali</strong></span> <span class='ocrx_word' id='word_1_172' title='bbox 3480 999 3605 1051; x_wconf 73' lang='lat' dir='ltr'><strong>pm-</strong></span> 
     </span>
    </p>
   </div>
   <div class='ocr_carea' id='block_1_25' title="bbox 2003 1073 3598 1145">
    <p class='ocr_par' dir='ltr' id='par_1_25' title="bbox 2003 1073 3598 1145">
     <span class='ocr_line' id='line_1_25' title="bbox 2003 1073 3598 1145; baseline -0.003 -15"><span class='ocrx_word' id='word_1_173' title='bbox 2003 1077 2226 1130; x_wconf 91' lang='lat' dir='ltr'><strong>nitentia</strong></span> <span class='ocrx_word' id='word_1_174' title='bbox 2257 1077 2609 1132; x_wconf 83' lang='lat' dir='ltr'><strong>accedentem</strong></span> <span class='ocrx_word' id='word_1_175' title='bbox 2637 1088 2983 1145; x_wconf 82' lang='lat' dir='ltr'><strong>peccatorum</strong></span> <span class='ocrx_word' id='word_1_176' title='bbox 3028 1074 3452 1140; x_wconf 84' lang='lat' dir='ltr'><strong>remissionem;</strong></span> <span class='ocrx_word' id='word_1_177' title='bbox 3484 1073 3598 1127; x_wconf 81' lang='lat' dir='ltr'><strong>dae—</strong></span> 
     </span>
    </p>
   </div>
   <div class='ocr_carea' id='block_1_26' title="bbox 2006 1168 3602 1238">
    <p class='ocr_par' dir='ltr' id='par_1_26' title="bbox 2006 1168 3602 1238">
     <span class='ocr_line' id='line_1_26' title="bbox 2006 1168 3602 1238; baseline -0.001 -15"><span class='ocrx_word' id='word_1_178' title='bbox 2006 1184 2336 1238; x_wconf 89' lang='lat' dir='ltr'><strong>monumque</strong></span> <span class='ocrx_word' id='word_1_179' title='bbox 2380 1170 2753 1224; x_wconf 80' lang='lat' dir='ltr'><strong>confusionem</strong></span> <span class='ocrx_word' id='word_1_180' title='bbox 2791 1185 2855 1224; x_wconf 89' lang='lat' dir='ltr'><strong>ac</strong></span> <span class='ocrx_word' id='word_1_181' title='bbox 2916 1169 3155 1224; x_wconf 84' lang='lat' dir='ltr'><strong>hominis</strong></span> <span class='ocrx_word' id='word_1_182' title='bbox 3205 1169 3494 1223; x_wconf 81' lang='lat' dir='ltr'><strong>inveterati</strong></span> <span class='ocrx_word' id='word_1_183' title='bbox 3548 1168 3602 1221; x_wconf 94' lang='lat' dir='ltr'><strong>in</strong></span> 
     </span>
    </p>
   </div>
   <div class='ocr_carea' id='block_1_27' title="bbox 2007 1261 2774 1330">
    <p class='ocr_par' dir='ltr' id='par_1_27' title="bbox 2007 1261 2774 1330">
     <span class='ocr_line' id='line_1_27' title="bbox 2007 1261 2774 1330; baseline -0.003 -14"><span class='ocrx_word' id='word_1_184' title='bbox 2007 1261 2248 1330; x_wconf 82' lang='lat' dir='ltr'><strong>peccatis</strong></span> <span class='ocrx_word' id='word_1_185' title='bbox 2306 1261 2774 1317; x_wconf 80' lang='lat' dir='ltr'><strong>reformationem.</strong></span> 
     </span>
    </p>
   </div>
   <div class='ocr_carea' id='block_1_28' title="bbox 2080 1434 3604 1506">
    <p class='ocr_par' dir='ltr' id='par_1_28' title="bbox 2080 1434 3604 1506">
     <span class='ocr_line' id='line_1_28' title="bbox 2080 1434 3604 1506; baseline -0.001 -14"><span class='ocrx_word' id='word_1_186' title='bbox 2080 1437 2394 1500; x_wconf 84' lang='lat' dir='ltr'><strong>Enimvero,</strong></span> <span class='ocrx_word' id='word_1_187' title='bbox 2435 1436 2524 1492; x_wconf 91' lang='lat' dir='ltr'><strong>bie</strong></span> <span class='ocrx_word' id='word_1_188' title='bbox 2571 1437 2792 1506; x_wconf 89' lang='lat' dir='ltr'><strong>quidem</strong></span> <span class='ocrx_word' id='word_1_189' title='bbox 2829 1437 3039 1506; x_wconf 90' lang='lat' dir='ltr'><strong>psalmo</strong></span> <span class='ocrx_word' id='word_1_190' title='bbox 3074 1436 3198 1490; x_wconf 86' lang='lat' dir='ltr'><strong>linis</strong></span> <span class='ocrx_word' id='word_1_191' title='bbox 3228 1445 3332 1490; x_wconf 90' lang='lat' dir='ltr'><strong>est.</strong></span> <span class='ocrx_word' id='word_1_192' title='bbox 3376 1434 3471 1488; x_wconf 90' lang='lat' dir='ltr'><strong>Sic</strong></span> <span class='ocrx_word' id='word_1_193' title='bbox 3503 1450 3604 1490; x_wconf 89' lang='lat' dir='ltr'><strong>au—</strong></span> 
     </span>
    </p>
   </div>
   <div class='ocr_carea' id='block_1_29' title="bbox 2013 1528 3610 1599">
    <p class='ocr_par' dir='ltr' id='par_1_29' title="bbox 2013 1528 3610 1599">
     <span class='ocr_line' id='line_1_29' title="bbox 2013 1528 3610 1599; baseline 0 -16"><span class='ocrx_word' id='word_1_194' title='bbox 2013 1538 2120 1583; x_wconf 90' lang='lat' dir='ltr'><strong>tem</strong></span> <span class='ocrx_word' id='word_1_195' title='bbox 2172 1531 2289 1599; x_wconf 87' lang='lat' dir='ltr'><strong>ejus</strong></span> <span class='ocrx_word' id='word_1_196' title='bbox 2329 1532 2397 1584; x_wconf 89' lang='lat' dir='ltr'><strong>ad</strong></span> <span class='ocrx_word' id='word_1_197' title='bbox 2429 1531 2655 1585; x_wconf 85' lang='lat' dir='ltr'><strong>verbum</strong></span> <span class='ocrx_word' id='word_1_198' title='bbox 2711 1531 2872 1585; x_wconf 86' lang='lat' dir='ltr'><strong>habet</strong></span> <span class='ocrx_word' id='word_1_199' title='bbox 2931 1531 3217 1597; x_wconf 89' lang='lat' dir='ltr'><strong>inscriptio</strong></span> <span class='ocrx_word' id='word_1_200' title='bbox 3256 1547 3269 1582; x_wconf 92' lang='lat'>:</span> <span class='ocrx_word' id='word_1_201' title='bbox 3307 1549 3325 1580; x_wconf 74' lang='grc' dir='ltr'><strong>ι</strong></span> <span class='ocrx_word' id='word_1_202' title='bbox 3360 1528 3610 1583; x_wconf 87' lang='lat' dir='ltr'><strong>Psalmus</strong></span> 
     </span>
    </p>
   </div>
   <div class='ocr_carea' id='block_1_30' title="bbox 2016 1622 3610 1690">
    <p class='ocr_par' dir='ltr' id='par_1_30' title="bbox 2016 1622 3610 1690">
     <span class='ocr_line' id='line_1_30' title="bbox 2016 1622 3610 1690; baseline -0.002 -13"><span class='ocrx_word' id='word_1_203' title='bbox 2016 1623 2205 1677; x_wconf 75' lang='lat' dir='ltr'><strong>Davidi</strong></span> <span class='ocrx_word' id='word_1_204' title='bbox 2249 1623 2318 1678; x_wconf 86' lang='lat' dir='ltr'><strong>de</strong></span> <span class='ocrx_word' id='word_1_205' title='bbox 2364 1635 2582 1678; x_wconf 87' lang='lat' dir='ltr'><strong>octava.</strong></span> <span class='ocrx_word' id='word_1_206' title='bbox 2629 1644 2648 1675; x_wconf 76' lang='grc' dir='ltr'><strong>ι</strong></span> <span class='ocrx_word' id='word_1_207' title='bbox 2688 1623 2990 1678; x_wconf 82' lang='lat' dir='ltr'><strong>Consuevit</strong></span> <span class='ocrx_word' id='word_1_208' title='bbox 3036 1622 3319 1690; x_wconf 85' lang='lat' dir='ltr'><strong>Scriptura</strong></span> <span class='ocrx_word' id='word_1_209' title='bbox 3369 1633 3610 1675; x_wconf 84' lang='lat' dir='ltr'><strong>octavam</strong></span> 
     </span>
    </p>
   </div>
   <div class='ocr_carea' id='block_1_31' title="bbox 2015 1715 3609 1785">
    <p class='ocr_par' dir='ltr' id='par_1_31' title="bbox 2015 1715 3609 1785">
     <span class='ocr_line' id='line_1_31' title="bbox 2015 1715 3609 1785; baseline -0.001 -17"><span class='ocrx_word' id='word_1_210' title='bbox 2015 1716 2289 1784; x_wconf 87' lang='lat' dir='ltr'><strong>appellare</strong></span> <span class='ocrx_word' id='word_1_211' title='bbox 2321 1731 2464 1782; x_wconf 90' lang='lat' dir='ltr'><strong>eam,</strong></span> <span class='ocrx_word' id='word_1_212' title='bbox 2491 1731 2612 1785; x_wconf 83' lang='lat' dir='ltr'><strong>quae</strong></span> <span class='ocrx_word' id='word_1_213' title='bbox 2643 1715 2995 1785; x_wconf 84' lang='lat' dir='ltr'><strong>subsequitur</strong></span> <span class='ocrx_word' id='word_1_214' title='bbox 3023 1715 3348 1782; x_wconf 89' lang='lat' dir='ltr'><strong>septimam,</strong></span> <span class='ocrx_word' id='word_1_215' title='bbox 3375 1716 3477 1768; x_wconf 90' lang='lat' dir='ltr'><strong>boc</strong></span> <span class='ocrx_word' id='word_1_216' title='bbox 3503 1723 3609 1779; x_wconf 89' lang='lat' dir='ltr'><strong>est,</strong></span> 
     </span>
    </p>
   </div>
   <div class='ocr_carea' id='block_1_32' title="bbox 2016 1797 3608 1877">
    <p class='ocr_par' dir='ltr' id='par_1_32' title="bbox 2016 1797 3608 1877">
     <span class='ocr_line' id='line_1_32' title="bbox 2016 1797 3608 1877; baseline -0.003 -18"><span class='ocrx_word' id='word_1_217' title='bbox 2016 1807 2180 1860; x_wconf 89' lang='lat' dir='ltr'><strong>vitam</strong></span> <span class='ocrx_word' id='word_1_218' title='bbox 2219 1817 2582 1876; x_wconf 67' lang='lat' dir='ltr'><strong>praesentem;</strong></span> <span class='ocrx_word' id='word_1_219' title='bbox 2613 1797 2770 1877; x_wconf 56' lang='lat' dir='ltr'><strong>c&#39;uj&#39;us</strong></span> <span class='ocrx_word' id='word_1_220' title='bbox 2793 1816 3000 1863; x_wconf 59' lang='lat' dir='ltr'><strong>octavae</strong></span> <span class='ocrx_word' id='word_1_221' title='bbox 3034 1807 3204 1876; x_wconf 84' lang='lat' dir='ltr'><strong>ﬁgura</strong></span> <span class='ocrx_word' id='word_1_222' title='bbox 3240 1805 3342 1858; x_wconf 81' lang='lat' dir='ltr'><strong>fuit</strong></span> <span class='ocrx_word' id='word_1_223' title='bbox 3369 1806 3608 1859; x_wconf 86' lang='lat' dir='ltr'><strong>circum-</strong></span> 
     </span>
    </p>
   </div>
   <div class='ocr_carea' id='block_1_33' title="bbox 305 1872 1925 1968">
    <p class='ocr_par' dir='ltr' id='par_1_33' title="bbox 305 1892 1910 1968">
     <span class='ocr_line' id='line_1_33' title="bbox 305 1892 1910 1968; baseline 0 -18"><span class='ocrx_word' id='word_1_224' title='bbox 305 1897 593 1968; x_wconf 76' lang='grc' dir='ltr'>διαγωγὴν</span> <span class='ocrx_word' id='word_1_225' title='bbox 617 1938 632 1959; x_wconf 87' lang='grc'><strong>,</strong></span> <span class='ocrx_word' id='word_1_226' title='bbox 689 1892 756 1968; x_wconf 86' lang='grc' dir='ltr'>ἧς</span> <span class='ocrx_word' id='word_1_227' title='bbox 789 1897 992 1961; x_wconf 82' lang='grc' dir='ltr'>τύπος,</span> <span class='ocrx_word' id='word_1_228' title='bbox 1042 1899 1074 1966; x_wconf 84' lang='grc' dir='ltr'><strong>ἡ</strong></span> <span class='ocrx_word' id='word_1_229' title='bbox 1118 1897 1471 1967; x_wconf 80' lang='grc' dir='ltr'>ὀκταήμερος</span> <span class='ocrx_word' id='word_1_230' title='bbox 1503 1898 1804 1966; x_wconf 86' lang='grc' dir='ltr'>περιτομή.</span> <span class='ocrx_word' id='word_1_231' title='bbox 1842 1896 1910 1950; x_wconf 87' lang='grc' dir='ltr'>Ὅ</span> 
     </span>
    </p>
   </div>
   <div class='ocr_carea' id='block_1_34' title="bbox 2031 1872 3611 1968">
    <p class='ocr_par' dir='ltr' id='par_1_34' title="bbox 2031 1872 3611 1967">
     <span class='ocr_line' id='line_1_34' title="bbox 2031 1872 3611 1967; baseline -0.003 -15"><span class='ocrx_word' id='word_1_232' title='bbox 2031 1901 2152 1953; x_wconf 85' lang='lat' dir='ltr'><strong>:isio</strong></span> <span class='ocrx_word' id='word_1_233' title='bbox 2188 1900 2292 1953; x_wconf 91' lang='lat' dir='ltr'><strong>diei</strong></span> <span class='ocrx_word' id='word_1_234' title='bbox 2349 1908 2580 1955; x_wconf 62' lang='lat' dir='ltr'><strong>octavae.</strong></span> <span class='ocrx_word' id='word_1_235' title='bbox 2637 1899 2742 1954; x_wconf 87' lang='lat' dir='ltr'><strong>Sed</strong></span> <span class='ocrx_word' id='word_1_236' title='bbox 2773 1909 2825 1952; x_wconf 90' lang='lat' dir='ltr'><strong>et</strong></span> <span class='ocrx_word' id='word_1_237' title='bbox 2862 1872 3097 1967; x_wconf 60' lang='lat' dir='ltr'><strong>sapiens</strong></span> <span class='ocrx_word' id='word_1_238' title='bbox 3143 1897 3424 1959; x_wconf 88' lang='lat' dir='ltr'><strong>Salomon,</strong></span> <span class='ocrx_word' id='word_1_239' title='bbox 3485 1898 3611 1950; x_wconf 89' lang='lat' dir='ltr'><strong>dtttn</strong></span> 
     </span>
    </p>
   </div>
   <div class='ocr_carea' id='block_1_35' title="bbox 308 1988 1906 2059">
    <p class='ocr_par' dir='ltr' id='par_1_35' title="bbox 308 1988 1906 2059">
     <span class='ocr_line' id='line_1_35' title="bbox 308 1988 1906 2059; baseline 0.001 -20"><span class='ocrx_word' id='word_1_240' title='bbox 308 2006 372 2040; x_wconf 82' lang='grc' dir='ltr'><strong>τε</strong></span> <span class='ocrx_word' id='word_1_241' title='bbox 410 1989 578 2055; x_wconf 55' lang='grc' dir='ltr'>σοφὸς</span> <span class='ocrx_word' id='word_1_242' title='bbox 611 1988 912 2058; x_wconf 84' lang='grc' dir='ltr'>Σολομῶν,</span> <span class='ocrx_word' id='word_1_243' title='bbox 959 2007 978 2040; x_wconf 71' lang='grc' dir='ltr'><strong>ε</strong></span> <span class='ocrx_word' id='word_1_244' title='bbox 1033 1989 1240 2042; x_wconf 86' lang='grc' dir='ltr'>διδόναι</span> <span class='ocrx_word' id='word_1_245' title='bbox 1290 1989 1487 2059; x_wconf 87' lang='grc' dir='ltr'>μερίδα</span> <span class='ocrx_word' id='word_1_246' title='bbox 1536 1993 1653 2051; x_wconf 82' lang='grc' dir='ltr'>τοῖς</span> <span class='ocrx_word' id='word_1_247' title='bbox 1690 1988 1834 2041; x_wconf 87' lang='grc' dir='ltr'><strong>ἐπτά</strong></span> <span class='ocrx_word' id='word_1_248' title='bbox 1888 2008 1906 2040; x_wconf 71' lang='grc' dir='ltr'><strong>ι</strong></span> 
     </span>
    </p>
   </div>
   <div class='ocr_carea' id='block_1_36' title="bbox 312 2081 1912 2152">
    <p class='ocr_par' dir='ltr' id='par_1_36' title="bbox 312 2081 1912 2152">
     <span class='ocr_line' id='line_1_36' title="bbox 312 2081 1912 2152; baseline 0.003 -20"><span class='ocrx_word' id='word_1_249' title='bbox 312 2081 605 2152; x_wconf 73' lang='grc' dir='ltr'>παραινῶν</span> <span class='ocrx_word' id='word_1_250' title='bbox 627 2121 644 2146; x_wconf 91' lang='grc'><strong>,</strong></span> <span class='ocrx_word' id='word_1_251' title='bbox 683 2101 700 2132; x_wconf 80' lang='grc' dir='ltr'><strong>ι</strong></span> <span class='ocrx_word' id='word_1_252' title='bbox 741 2082 835 2135; x_wconf 88' lang='grc' dir='ltr'><strong>καί</strong></span> <span class='ocrx_word' id='word_1_253' title='bbox 865 2098 930 2150; x_wconf 84' lang='grc' dir='ltr'><strong>γε</strong></span> <span class='ocrx_word' id='word_1_254' title='bbox 969 2085 1081 2144; x_wconf 85' lang='grc' dir='ltr'>τοῖς</span> <span class='ocrx_word' id='word_1_255' title='bbox 1110 2081 1256 2134; x_wconf 82' lang='grc' dir='ltr'>ὀκτὼ</span> <span class='ocrx_word' id='word_1_256' title='bbox 1280 2123 1295 2146; x_wconf 93' lang='grc'><strong>,</strong></span> <span class='ocrx_word' id='word_1_257' title='bbox 1336 2101 1353 2133; x_wconf 76' lang='grc' dir='ltr'><strong>ι</strong></span> <span class='ocrx_word' id='word_1_258' title='bbox 1400 2083 1502 2151; x_wconf 85' lang='grc' dir='ltr'>τὴν</span> <span class='ocrx_word' id='word_1_259' title='bbox 1533 2082 1746 2135; x_wconf 87' lang='grc' dir='ltr'>ἐκεῖθεν</span> <span class='ocrx_word' id='word_1_260' title='bbox 1772 2084 1912 2136; x_wconf 83' lang='grc' dir='ltr'>ἁπο-</span> 
     </span>
    </p>
   </div>
   <div class='ocr_carea' id='block_1_37' title="bbox 313 2173 1912 2245">
    <p class='ocr_par' dir='ltr' id='par_1_37' title="bbox 313 2173 1912 2245">
     <span class='ocr_line' id='line_1_37' title="bbox 313 2173 1912 2245; baseline 0.001 -18"><span class='ocrx_word' id='word_1_261' title='bbox 313 2175 684 2238; x_wconf 79' lang='grc' dir='ltr'>κατάστασιν,</span> <span class='ocrx_word' id='word_1_262' title='bbox 713 2175 925 2228; x_wconf 79' lang='grc' dir='ltr'>καὶτὸν</span> <span class='ocrx_word' id='word_1_263' title='bbox 955 2173 1192 2228; x_wconf 79' lang='grc' dir='ltr'>ἐνταῦθα</span> <span class='ocrx_word' id='word_1_264' title='bbox 1221 2174 1336 2244; x_wconf 83' lang='grc' dir='ltr'>βίον</span> <span class='ocrx_word' id='word_1_265' title='bbox 1358 2177 1488 2245; x_wconf 78' lang='grc' dir='ltr'>ἡμῖν</span> <span class='ocrx_word' id='word_1_266' title='bbox 1517 2174 1912 2229; x_wconf 83' lang='grc' dir='ltr'>ὑπαινίττεται.</span> 
     </span>
    </p>
   </div>
   <div class='ocr_carea' id='block_1_38' title="bbox 316 2257 1916 2340">
    <p class='ocr_par' dir='ltr' id='par_1_38' title="bbox 316 2257 1916 2340">
     <span class='ocr_line' id='line_1_38' title="bbox 316 2257 1916 2340; baseline 0.003 -20"><span class='ocrx_word' id='word_1_267' title='bbox 316 2268 557 2337; x_wconf 80' lang='grc' dir='ltr'>Ἴδωμεν</span> <span class='ocrx_word' id='word_1_268' title='bbox 619 2268 679 2322; x_wconf 82' lang='grc' dir='ltr'>δὲ</span> <span class='ocrx_word' id='word_1_269' title='bbox 736 2270 821 2321; x_wconf 79' lang='grc' dir='ltr'>κα¹</span> <span class='ocrx_word' id='word_1_270' title='bbox 893 2257 1078 2338; x_wconf 77' lang='grc' dir='ltr'>αὐτὴν</span> <span class='ocrx_word' id='word_1_271' title='bbox 1144 2268 1334 2322; x_wconf 77' lang='grc' dir='ltr'>λοιπον</span> <span class='ocrx_word' id='word_1_272' title='bbox 1397 2269 1488 2322; x_wconf 82' lang='grc' dir='ltr'>τοῦ</span> <span class='ocrx_word' id='word_1_273' title='bbox 1543 2269 1764 2340; x_wconf 73' lang='grc' dir='ltr'>ψαλμοῦ</span> <span class='ocrx_word' id='word_1_274' title='bbox 1818 2270 1916 2340; x_wconf 78' lang='grc' dir='ltr'>τὴν</span> 
     </span>
    </p>
   </div>
   <div class='ocr_carea' id='block_1_39' title="bbox 317 2361 522 2431">
    <p class='ocr_par' dir='ltr' id='par_1_39' title="bbox 317 2361 522 2431">
     <span class='ocr_line' id='line_1_39' title="bbox 317 2361 522 2431; baseline 0.005 -17"><span class='ocrx_word' id='word_1_275' title='bbox 317 2361 522 2431; x_wconf 73' lang='grc' dir='ltr'>ἀρχήν.</span> 
     </span>
    </p>
   </div>
   <div class='ocr_carea' id='block_1_40' title="bbox 401 2453 1919 2526">
    <p class='ocr_par' dir='ltr' id='par_1_40' title="bbox 401 2453 1919 2526">
     <span class='ocr_line' id='line_1_40' title="bbox 401 2453 1919 2526; baseline 0.003 -21"><span class='ocrx_word' id='word_1_276' title='bbox 401 2471 422 2504; x_wconf 73' lang='grc' dir='ltr'><strong>ι</strong></span> <span class='ocrx_word' id='word_1_277' title='bbox 461 2453 660 2526; x_wconf 78' lang='grc' dir='ltr'>Κύριε,</span> <span class='ocrx_word' id='word_1_278' title='bbox 697 2454 776 2524; x_wconf 76' lang='grc' dir='ltr'>μὴ</span> <span class='ocrx_word' id='word_1_279' title='bbox 805 2453 883 2524; x_wconf 82' lang='grc' dir='ltr'>τῷ</span> <span class='ocrx_word' id='word_1_280' title='bbox 915 2453 1074 2524; x_wconf 86' lang='grc' dir='ltr'>θυμῷ</span> <span class='ocrx_word' id='word_1_281' title='bbox 1106 2471 1196 2507; x_wconf 81' lang='grc' dir='ltr'><strong>σου</strong></span> <span class='ocrx_word' id='word_1_282' title='bbox 1227 2454 1455 2525; x_wconf 78' lang='grc' dir='ltr'>ἐλέγξῃς</span> <span class='ocrx_word' id='word_1_283' title='bbox 1479 2472 1567 2525; x_wconf 89' lang='grc' dir='ltr'>με.</span> <span class='ocrx_word' id='word_1_284' title='bbox 1602 2474 1620 2506; x_wconf 74' lang='grc' dir='ltr'><strong>ι</strong></span> <span class='ocrx_word' id='word_1_285' title='bbox 1665 2455 1919 2526; x_wconf 78' lang='grc' dir='ltr'>Ὃμμασι</span> 
     </span>
    </p>
   </div>
   <div class='ocr_carea' id='block_1_41' title="bbox 327 2546 1921 2619">
    <p class='ocr_par' dir='ltr' id='par_1_41' title="bbox 327 2546 1921 2619">
     <span class='ocr_line' id='line_1_41' title="bbox 327 2546 1921 2619; baseline 0.005 -25"><span class='ocrx_word' id='word_1_286' title='bbox 327 2547 538 2614; x_wconf 80' lang='grc' dir='ltr'>νοεροῖς</span> <span class='ocrx_word' id='word_1_287' title='bbox 575 2548 602 2599; x_wconf 78' lang='grc' dir='ltr'><strong>ό</strong></span> <span class='ocrx_word' id='word_1_288' title='bbox 639 2547 932 2616; x_wconf 78' lang='grc' dir='ltr'>προφήτης</span> <span class='ocrx_word' id='word_1_289' title='bbox 966 2546 1029 2598; x_wconf 83' lang='grc' dir='ltr'><strong>τὸ</strong></span> <span class='ocrx_word' id='word_1_290' title='bbox 1062 2547 1295 2617; x_wconf 77' lang='grc' dir='ltr'>φοϐερὸν</span> <span class='ocrx_word' id='word_1_291' title='bbox 1344 2550 1521 2600; x_wconf 83' lang='grc' dir='ltr'>ἐκεῖνο</span> <span class='ocrx_word' id='word_1_292' title='bbox 1563 2548 1921 2619; x_wconf 83' lang='grc' dir='ltr'>δικαστήριον</span> 
     </span>
    </p>
   </div>
   <div class='ocr_carea' id='block_1_42' title="bbox 325 2637 1922 2712">
    <p class='ocr_par' dir='ltr' id='par_1_42' title="bbox 325 2637 1922 2712">
     <span class='ocr_line' id='line_1_42' title="bbox 325 2637 1922 2712; baseline 0.004 -24"><span class='ocrx_word' id='word_1_293' title='bbox 325 2637 693 2710; x_wconf 84' lang='grc' dir='ltr'>προθεωρῶν,</span> <span class='ocrx_word' id='word_1_294' title='bbox 743 2639 911 2692; x_wconf 75' lang='grc' dir='ltr'>οἱονεὶ</span> <span class='ocrx_word' id='word_1_295' title='bbox 955 2639 1416 2710; x_wconf 69' lang='grc' dir='ltr'>ἀπαρρησίαστος</span> <span class='ocrx_word' id='word_1_296' title='bbox 1470 2641 1578 2703; x_wconf 85' lang='grc' dir='ltr'><strong>ῶν,</strong></span> <span class='ocrx_word' id='word_1_297' title='bbox 1633 2642 1729 2693; x_wconf 81' lang='grc' dir='ltr'><strong>καὶ</strong></span> <span class='ocrx_word' id='word_1_298' title='bbox 1786 2642 1922 2712; x_wconf 87' lang='grc' dir='ltr'><strong>μηδέ</strong></span> 
     </span>
    </p>
   </div>
   <div class='ocr_carea' id='block_1_43' title="bbox 321 2723 1924 2804">
    <p class='ocr_par' dir='ltr' id='par_1_43' title="bbox 321 2723 1924 2804">
     <span class='ocr_line' id='line_1_43' title="bbox 321 2723 1924 2804; baseline 0.002 -21"><span class='ocrx_word' id='word_1_299' title='bbox 321 2730 631 2798; x_wconf 70' lang='grc' dir='ltr'>ἀπολογίαν</span> <span class='ocrx_word' id='word_1_300' title='bbox 658 2731 802 2802; x_wconf 77' lang='grc' dir='ltr'>ἔχων</span> <span class='ocrx_word' id='word_1_301' title='bbox 827 2731 972 2800; x_wconf 79' lang='grc' dir='ltr'>ὑπὲρ</span> <span class='ocrx_word' id='word_1_302' title='bbox 991 2723 1065 2784; x_wconf 79' lang='grc' dir='ltr'>ὧν</span> <span class='ocrx_word' id='word_1_303' title='bbox 1088 2732 1305 2802; x_wconf 75' lang='grc' dir='ltr'>ἥμαρτε</span> <span class='ocrx_word' id='word_1_304' title='bbox 1334 2731 1764 2800; x_wconf 80' lang='grc' dir='ltr'>προϐάλλεσθαι,</span> <span class='ocrx_word' id='word_1_305' title='bbox 1787 2734 1924 2804; x_wconf 84' lang='grc' dir='ltr'>μήτε</span> 
     </span>
    </p>
   </div>
   <div class='ocr_carea' id='block_1_44' title="bbox 321 2821 1924 2895">
    <p class='ocr_par' dir='ltr' id='par_1_44' title="bbox 321 2821 1924 2895">
     <span class='ocr_line' id='line_1_44' title="bbox 321 2821 1924 2895; baseline 0.002 -21"><span class='ocrx_word' id='word_1_306' title='bbox 321 2821 386 2886; x_wconf 76' lang='grc' dir='ltr'>ἐξ</span> <span class='ocrx_word' id='word_1_307' title='bbox 416 2821 596 2893; x_wconf 77' lang='grc' dir='ltr'>ἔργων</span> <span class='ocrx_word' id='word_1_308' title='bbox 619 2823 759 2894; x_wconf 80' lang='grc' dir='ltr'>ἔχων</span> <span class='ocrx_word' id='word_1_309' title='bbox 785 2824 848 2878; x_wconf 83' lang='grc' dir='ltr'><strong>τὸ</strong></span> <span class='ocrx_word' id='word_1_310' title='bbox 879 2823 1174 2889; x_wconf 73' lang='grc' dir='ltr'>σώζεσθαι,</span> <span class='ocrx_word' id='word_1_311' title='bbox 1203 2824 1355 2877; x_wconf 75' lang='grc' dir='ltr'>οὐδὲν</span> <span class='ocrx_word' id='word_1_312' title='bbox 1378 2825 1507 2879; x_wconf 84' lang='grc' dir='ltr'>ἄλλο</span> <span class='ocrx_word' id='word_1_313' title='bbox 1535 2824 1626 2878; x_wconf 84' lang='grc' dir='ltr'><strong>τὸν</strong></span> <span class='ocrx_word' id='word_1_314' title='bbox 1651 2827 1924 2895; x_wconf 76' lang='grc' dir='ltr'>Δικαστὴν</span> 
     </span>
    </p>
   </div>
   <div class='ocr_carea' id='block_1_45' title="bbox 322 2911 1926 2988">
    <p class='ocr_par' dir='ltr' id='par_1_45' title="bbox 322 2911 1926 2988">
     <span class='ocr_line' id='line_1_45' title="bbox 322 2911 1926 2988; baseline 0.001 -21"><span class='ocrx_word' id='word_1_315' title='bbox 322 2911 567 2980; x_wconf 77' lang='grc' dir='ltr'>ἐξαιτεῖ,</span> <span class='ocrx_word' id='word_1_316' title='bbox 603 2917 721 2970; x_wconf 84' lang='grc' dir='ltr'>ἀλλ’</span> <span class='ocrx_word' id='word_1_317' title='bbox 751 2917 784 2988; x_wconf 80' lang='grc' dir='ltr'>ἢ</span> <span class='ocrx_word' id='word_1_318' title='bbox 815 2916 973 2970; x_wconf 84' lang='grc' dir='ltr'>τοῦτο</span> <span class='ocrx_word' id='word_1_319' title='bbox 1003 2915 1204 2984; x_wconf 87' lang='grc' dir='ltr'>λέγων·</span> <span class='ocrx_word' id='word_1_320' title='bbox 1242 2937 1261 2968; x_wconf 74' lang='grc' dir='ltr'><strong>ι</strong></span> <span class='ocrx_word' id='word_1_321' title='bbox 1315 2917 1508 2988; x_wconf 86' lang='grc' dir='ltr'>Κύριε,</span> <span class='ocrx_word' id='word_1_322' title='bbox 1547 2917 1622 2988; x_wconf 82' lang='grc' dir='ltr'>μὴ</span> <span class='ocrx_word' id='word_1_323' title='bbox 1657 2917 1734 2988; x_wconf 81' lang='grc' dir='ltr'>τῷ</span> <span class='ocrx_word' id='word_1_324' title='bbox 1767 2916 1926 2988; x_wconf 80' lang='grc' dir='ltr'>θυμῷ</span> 
     </span>
    </p>
   </div>
   <div class='ocr_carea' id='block_1_46' title="bbox 325 3003 1928 3078">
    <p class='ocr_par' dir='ltr' id='par_1_46' title="bbox 325 3003 1928 3078">
     <span class='ocr_line' id='line_1_46' title="bbox 325 3003 1928 3078; baseline 0.004 -22"><span class='ocrx_word' id='word_1_325' title='bbox 325 3021 427 3058; x_wconf 85' lang='grc' dir='ltr'><strong>σου</strong></span> <span class='ocrx_word' id='word_1_326' title='bbox 463 3005 758 3078; x_wconf 81' lang='grc' dir='ltr'>ἐξελέγξῃς</span> <span class='ocrx_word' id='word_1_327' title='bbox 795 3025 883 3077; x_wconf 90' lang='grc' dir='ltr'>με.</span> <span class='ocrx_word' id='word_1_328' title='bbox 940 3026 958 3058; x_wconf 74' lang='grc' dir='ltr'><strong>ι</strong></span> <span class='ocrx_word' id='word_1_329' title='bbox 1008 3003 1176 3069; x_wconf 75' lang='grc' dir='ltr'>Οἶδα,</span> <span class='ocrx_word' id='word_1_330' title='bbox 1229 3008 1518 3070; x_wconf 83' lang='grc' dir='ltr'>Δέσποτα,</span> <span class='ocrx_word' id='word_1_331' title='bbox 1567 3009 1651 3061; x_wconf 82' lang='grc' dir='ltr'>ὅτι</span> <span class='ocrx_word' id='word_1_332' title='bbox 1698 3009 1928 3078; x_wconf 78' lang='grc' dir='ltr'>φρικτὸν</span> 
     </span>
    </p>
   </div>
   <div class='ocr_carea' id='block_1_47' title="bbox 328 3099 1929 3172">
    <p class='ocr_par' dir='ltr' id='par_1_47' title="bbox 328 3099 1929 3172">
     <span class='ocr_line' id='line_1_47' title="bbox 328 3099 1929 3172; baseline 0.001 -20"><span class='ocrx_word' id='word_1_333' title='bbox 328 3099 623 3170; x_wconf 85' lang='grc' dir='ltr'>περιμένει</span> <span class='ocrx_word' id='word_1_334' title='bbox 659 3118 726 3170; x_wconf 89' lang='grc' dir='ltr'><strong>με</strong></span> <span class='ocrx_word' id='word_1_335' title='bbox 760 3101 1150 3172; x_wconf 84' lang='grc' dir='ltr'>δικαστήριον·</span> <span class='ocrx_word' id='word_1_336' title='bbox 1179 3102 1269 3154; x_wconf 84' lang='grc' dir='ltr'><strong>ὅτε</strong></span> <span class='ocrx_word' id='word_1_337' title='bbox 1304 3101 1651 3172; x_wconf 81' lang='grc' dir='ltr'>προκαθίσας</span> <span class='ocrx_word' id='word_1_338' title='bbox 1685 3103 1776 3153; x_wconf 81' lang='grc' dir='ltr'><strong>ἐπὶ</strong></span> <span class='ocrx_word' id='word_1_339' title='bbox 1803 3102 1929 3171; x_wconf 87' lang='grc' dir='ltr'>θρό-</span> 
     </span>
    </p>
   </div>
   <div class='ocr_carea' id='block_1_48' title="bbox 2021 1989 3612 2061">
    <p class='ocr_par' dir='ltr' id='par_1_48' title="bbox 2021 1989 3612 2061">
     <span class='ocr_line' id='line_1_48' title="bbox 2021 1989 3612 2061; baseline -0.003 -17"><span class='ocrx_word' id='word_1_340' title='bbox 2021 2011 2038 2044; x_wconf 79' lang='grc' dir='ltr'><strong>ι</strong></span> <span class='ocrx_word' id='word_1_341' title='bbox 2089 2003 2299 2060; x_wconf 87' lang='lat' dir='ltr'><strong>partem</strong></span> <span class='ocrx_word' id='word_1_342' title='bbox 2340 1993 2472 2047; x_wconf 86' lang='lat' dir='ltr'><strong>dare</strong></span> <span class='ocrx_word' id='word_1_343' title='bbox 2503 2003 2733 2061; x_wconf 90' lang='lat' dir='ltr'><strong>septem,</strong></span> <span class='ocrx_word' id='word_1_344' title='bbox 2767 1993 2898 2061; x_wconf 90' lang='lat' dir='ltr'><strong>quin</strong></span> <span class='ocrx_word' id='word_1_345' title='bbox 2935 2000 2990 2045; x_wconf 92' lang='lat' dir='ltr'><strong>et</strong></span> <span class='ocrx_word' id='word_1_346' title='bbox 3020 2001 3146 2046; x_wconf 91' lang='lat' dir='ltr'><strong>octo</strong></span> <span class='ocrx_word' id='word_1_347' title='bbox 3178 1991 3249 2053; x_wconf 91' lang='grc'><strong>⁷⁰,</strong></span> <span class='ocrx_word' id='word_1_348' title='bbox 3285 2008 3303 2040; x_wconf 79' lang='grc' dir='ltr'><strong>ι</strong></span> <span class='ocrx_word' id='word_1_349' title='bbox 3333 1989 3612 2051; x_wconf 86' lang='lat' dir='ltr'><strong>admonet,</strong></span> 
     </span>
    </p>
   </div>
   <div class='ocr_carea' id='block_1_49' title="bbox 2015 2082 3618 2153">
    <p class='ocr_par' dir='ltr' id='par_1_49' title="bbox 2015 2082 3618 2153">
     <span class='ocr_line' id='line_1_49' title="bbox 2015 2082 3618 2153; baseline -0.002 -16"><span class='ocrx_word' id='word_1_350' title='bbox 2015 2083 2165 2137; x_wconf 86' lang='lat' dir='ltr'><strong>illam</strong></span> <span class='ocrx_word' id='word_1_351' title='bbox 2217 2085 2270 2138; x_wconf 93' lang='lat' dir='ltr'><strong>in</strong></span> <span class='ocrx_word' id='word_1_352' title='bbox 2326 2085 2602 2153; x_wconf 84' lang='lat' dir='ltr'><strong>integrum</strong></span> <span class='ocrx_word' id='word_1_353' title='bbox 2648 2099 2764 2138; x_wconf 68' lang='grc' dir='ltr'><strong>αινο</strong></span> <span class='ocrx_word' id='word_1_354' title='bbox 2822 2084 3006 2138; x_wconf 83' lang='lat' dir='ltr'><strong>futuro</strong></span> <span class='ocrx_word' id='word_1_355' title='bbox 3073 2082 3504 2141; x_wconf 81' lang='lat' dir='ltr'><strong>restitutionem,</strong></span> <span class='ocrx_word' id='word_1_356' title='bbox 3552 2095 3618 2134; x_wconf 84' lang='lat' dir='ltr'><strong>ac</strong></span> 
     </span>
    </p>
   </div>
   <div class='ocr_carea' id='block_1_50' title="bbox 2019 2171 3616 2246">
    <p class='ocr_par' dir='ltr' id='par_1_50' title="bbox 2019 2171 3616 2246">
     <span class='ocr_line' id='line_1_50' title="bbox 2019 2171 3616 2246; baseline -0.003 -19"><span class='ocrx_word' id='word_1_357' title='bbox 2019 2178 2304 2246; x_wconf 66' lang='lat' dir='ltr'><strong>praesentis</strong></span> <span class='ocrx_word' id='word_1_358' title='bbox 2334 2177 2516 2230; x_wconf 76' lang='lat' dir='ltr'><strong>saeculi</strong></span> <span class='ocrx_word' id='word_1_359' title='bbox 2539 2177 2706 2229; x_wconf 89' lang='lat' dir='ltr'><strong>vitam</strong></span> <span class='ocrx_word' id='word_1_360' title='bbox 2734 2175 2888 2228; x_wconf 86' lang='lat' dir='ltr'><strong>nobis</strong></span> <span class='ocrx_word' id='word_1_361' title='bbox 2910 2174 3109 2228; x_wconf 91' lang='lat' dir='ltr'><strong>innuit.</strong></span> <span class='ocrx_word' id='word_1_362' title='bbox 3132 2171 3251 2227; x_wconf 83' lang='lat' dir='ltr'><strong>Jam</strong></span> <span class='ocrx_word' id='word_1_363' title='bbox 3281 2187 3408 2227; x_wconf 88' lang='lat' dir='ltr'><strong>vero</strong></span> <span class='ocrx_word' id='word_1_364' title='bbox 3440 2171 3616 2240; x_wconf 92' lang='lat' dir='ltr'><strong>ipsum</strong></span> 
     </span>
    </p>
   </div>
   <div class='ocr_carea' id='block_1_51' title="bbox 2019 2264 3048 2335">
    <p class='ocr_par' dir='ltr' id='par_1_51' title="bbox 2019 2264 3048 2335">
     <span class='ocr_line' id='line_1_51' title="bbox 2019 2264 3048 2335; baseline -0.002 -15"><span class='ocrx_word' id='word_1_365' title='bbox 2019 2279 2238 2335; x_wconf 89' lang='lat' dir='ltr'><strong>quoque</strong></span> <span class='ocrx_word' id='word_1_366' title='bbox 2267 2265 2551 2320; x_wconf 84' lang='lat' dir='ltr'><strong>videamus</strong></span> <span class='ocrx_word' id='word_1_367' title='bbox 2587 2265 2782 2335; x_wconf 85' lang='lat' dir='ltr'><strong>psalmi</strong></span> <span class='ocrx_word' id='word_1_368' title='bbox 2810 2264 3048 2318; x_wconf 90' lang='lat' dir='ltr'><strong>initium.</strong></span> 
     </span>
    </p>
   </div>
   <div class='ocr_carea' id='block_1_52' title="bbox 2100 2440 3620 2512">
    <p class='ocr_par' dir='ltr' id='par_1_52' title="bbox 2100 2440 3620 2512">
     <span class='ocr_line' id='line_1_52' title="bbox 2100 2440 3620 2512; baseline -0.001 -17"><span class='ocrx_word' id='word_1_369' title='bbox 2100 2463 2118 2495; x_wconf 75' lang='grc' dir='ltr'><strong>ι</strong></span> <span class='ocrx_word' id='word_1_370' title='bbox 2156 2441 2408 2507; x_wconf 87' lang='lat' dir='ltr'><strong>Domine,</strong></span> <span class='ocrx_word' id='word_1_371' title='bbox 2435 2457 2504 2497; x_wconf 91' lang='lat' dir='ltr'><strong>ne</strong></span> <span class='ocrx_word' id='word_1_372' title='bbox 2540 2441 2593 2496; x_wconf 91' lang='lat' dir='ltr'><strong>in</strong></span> <span class='ocrx_word' id='word_1_373' title='bbox 2625 2443 2811 2499; x_wconf 80' lang='lat' dir='ltr'><strong>furore</strong></span> <span class='ocrx_word' id='word_1_374' title='bbox 2847 2453 2942 2499; x_wconf 92' lang='lat' dir='ltr'><strong>tuo</strong></span> <span class='ocrx_word' id='word_1_375' title='bbox 2972 2457 3170 2512; x_wconf 80' lang='lat' dir='ltr'><strong>arguas</strong></span> <span class='ocrx_word' id='word_1_376' title='bbox 3203 2456 3308 2495; x_wconf 90' lang='lat' dir='ltr'><strong>me.</strong></span> <span class='ocrx_word' id='word_1_377' title='bbox 3343 2460 3361 2494; x_wconf 75' lang='grc' dir='ltr'><strong>ι</strong></span> <span class='ocrx_word' id='word_1_378' title='bbox 3397 2440 3620 2508; x_wconf 75' lang='lat' dir='ltr'><strong>Prospi-</strong></span> 
     </span>
    </p>
   </div>
   <div class='ocr_carea' id='block_1_53' title="bbox 2023 2523 3616 2607">
    <p class='ocr_par' dir='ltr' id='par_1_53' title="bbox 2023 2523 3616 2607">
     <span class='ocr_line' id='line_1_53' title="bbox 2023 2523 3616 2607; baseline -0.006 -13"><span class='ocrx_word' id='word_1_379' title='bbox 2023 2539 2176 2594; x_wconf 89' lang='lat' dir='ltr'><strong>ciens</strong></span> <span class='ocrx_word' id='word_1_380' title='bbox 2208 2539 2470 2607; x_wconf 85' lang='lat' dir='ltr'><strong>pr0pbeta</strong></span> <span class='ocrx_word' id='word_1_381' title='bbox 2504 2537 2681 2591; x_wconf 86' lang='lat' dir='ltr'><strong>oculis</strong></span> <span class='ocrx_word' id='word_1_382' title='bbox 2713 2539 2881 2591; x_wconf 88' lang='lat' dir='ltr'><strong>animi</strong></span> <span class='ocrx_word' id='word_1_383' title='bbox 2919 2537 3166 2591; x_wconf 82' lang='lat' dir='ltr'><strong>terribile</strong></span> <span class='ocrx_word' id='word_1_384' title='bbox 3198 2535 3328 2588; x_wconf 87' lang='lat' dir='ltr'><strong>illud</strong></span> <span class='ocrx_word' id='word_1_385' title='bbox 3355 2523 3616 2596; x_wconf 73' lang='lat' dir='ltr'><strong>tribunal,</strong></span> 
     </span>
    </p>
   </div>
   <div class='ocr_carea' id='block_1_54' title="bbox 2027 2625 3624 2699">
    <p class='ocr_par' dir='ltr' id='par_1_54' title="bbox 2027 2625 3624 2699">
     <span class='ocr_line' id='line_1_54' title="bbox 2027 2625 3624 2699; baseline -0.003 -16"><span class='ocrx_word' id='word_1_386' title='bbox 2027 2639 2285 2699; x_wconf 82' lang='lat' dir='ltr'><strong>tanquam</strong></span> <span class='ocrx_word' id='word_1_387' title='bbox 2316 2630 2462 2682; x_wconf 90' lang='lat' dir='ltr'><strong>omni</strong></span> <span class='ocrx_word' id='word_1_388' title='bbox 2503 2630 2799 2684; x_wconf 89' lang='lat' dir='ltr'><strong>destitutus</strong></span> <span class='ocrx_word' id='word_1_389' title='bbox 2845 2629 3066 2691; x_wconf 80' lang='lat' dir='ltr'><strong>ﬁducia,</strong></span> <span class='ocrx_word' id='word_1_390' title='bbox 3120 2642 3221 2681; x_wconf 91' lang='lat' dir='ltr'><strong>nec</strong></span> <span class='ocrx_word' id='word_1_391' title='bbox 3255 2626 3464 2679; x_wconf 85' lang='lat' dir='ltr'><strong>habens</strong></span> <span class='ocrx_word' id='word_1_392' title='bbox 3494 2625 3624 2692; x_wconf 90' lang='lat' dir='ltr'><strong>quid</strong></span> 
     </span>
    </p>
   </div>
   <div class='ocr_carea' id='block_1_55' title="bbox 2027 2718 3625 2792">
    <p class='ocr_par' dir='ltr' id='par_1_55' title="bbox 2027 2718 3625 2792">
     <span class='ocr_line' id='line_1_55' title="bbox 2027 2718 3625 2792; baseline -0.003 -16"><span class='ocrx_word' id='word_1_393' title='bbox 2027 2722 2271 2792; x_wconf 83' lang='lat' dir='ltr'><strong>proferat</strong></span> <span class='ocrx_word' id='word_1_394' title='bbox 2320 2719 2654 2775; x_wconf 80' lang='lat' dir='ltr'><strong>defensionis</strong></span> <span class='ocrx_word' id='word_1_395' title='bbox 2695 2736 2792 2790; x_wconf 90' lang='lat' dir='ltr'><strong>pro</strong></span> <span class='ocrx_word' id='word_1_396' title='bbox 2835 2720 2906 2775; x_wconf 88' lang='lat' dir='ltr'><strong>iis</strong></span> <span class='ocrx_word' id='word_1_397' title='bbox 2950 2735 3074 2788; x_wconf 69' lang='lat' dir='ltr'><strong>qua:</strong></span> <span class='ocrx_word' id='word_1_398' title='bbox 3118 2718 3388 2787; x_wconf 87' lang='lat' dir='ltr'><strong>peccavit,</strong></span> <span class='ocrx_word' id='word_1_399' title='bbox 3447 2732 3625 2784; x_wconf 89' lang='lat' dir='ltr'><strong>neque</strong></span> 
     </span>
    </p>
   </div>
   <div class='ocr_carea' id='block_1_56' title="bbox 2026 2799 3626 2884">
    <p class='ocr_par' dir='ltr' id='par_1_56' title="bbox 2026 2799 3626 2884">
     <span class='ocr_line' id='line_1_56' title="bbox 2026 2799 3626 2884; baseline -0.003 -16"><span class='ocrx_word' id='word_1_400' title='bbox 2026 2830 2094 2868; x_wconf 83' lang='lat' dir='ltr'><strong>ex</strong></span> <span class='ocrx_word' id='word_1_401' title='bbox 2150 2815 2411 2884; x_wconf 84' lang='lat' dir='ltr'><strong>operibus</strong></span> <span class='ocrx_word' id='word_1_402' title='bbox 2478 2813 2678 2867; x_wconf 87' lang='lat' dir='ltr'><strong>salvari</strong></span> <span class='ocrx_word' id='word_1_403' title='bbox 2725 2815 2930 2877; x_wconf 86' lang='lat' dir='ltr'><strong>valens,</strong></span> <span class='ocrx_word' id='word_1_404' title='bbox 2989 2813 3120 2866; x_wconf 92' lang='lat' dir='ltr'><strong>nibil</strong></span> <span class='ocrx_word' id='word_1_405' title='bbox 3178 2812 3324 2866; x_wconf 86' lang='lat' dir='ltr'><strong>aliud</strong></span> <span class='ocrx_word' id='word_1_406' title='bbox 3363 2799 3392 2864; x_wconf 66' lang='grc' dir='ltr'><strong>ιι</strong></span> <span class='ocrx_word' id='word_1_407' title='bbox 3435 2809 3626 2864; x_wconf 81' lang='lat' dir='ltr'><strong>Judice</strong></span> 
     </span>
    </p>
   </div>
   <div class='ocr_carea' id='block_1_57' title="bbox 2028 2901 3628 2977">
    <p class='ocr_par' dir='ltr' id='par_1_57' title="bbox 2028 2901 3628 2977">
     <span class='ocr_line' id='line_1_57' title="bbox 2028 2901 3628 2977; baseline -0.003 -17"><span class='ocrx_word' id='word_1_408' title='bbox 2028 2908 2290 2977; x_wconf 87' lang='lat' dir='ltr'><strong>postulat,</strong></span> <span class='ocrx_word' id='word_1_409' title='bbox 2310 2921 2473 2977; x_wconf 91' lang='lat' dir='ltr'><strong>quam</strong></span> <span class='ocrx_word' id='word_1_410' title='bbox 2509 2906 2650 2960; x_wconf 86' lang='lat' dir='ltr'><strong>istud</strong></span> <span class='ocrx_word' id='word_1_411' title='bbox 2677 2906 2866 2960; x_wconf 85' lang='lat' dir='ltr'><strong>dicens</strong></span> <span class='ocrx_word' id='word_1_412' title='bbox 2895 2923 2908 2959; x_wconf 90' lang='lat'><strong>:</strong></span> <span class='ocrx_word' id='word_1_413' title='bbox 2941 2923 2961 2956; x_wconf 72' lang='grc' dir='ltr'><strong>ι</strong></span> <span class='ocrx_word' id='word_1_414' title='bbox 2995 2905 3244 2968; x_wconf 90' lang='lat' dir='ltr'><strong>Domine,</strong></span> <span class='ocrx_word' id='word_1_415' title='bbox 3271 2919 3336 2958; x_wconf 91' lang='lat' dir='ltr'><strong>ne</strong></span> <span class='ocrx_word' id='word_1_416' title='bbox 3359 2904 3411 2956; x_wconf 87' lang='lat' dir='ltr'><strong>itt</strong></span> <span class='ocrx_word' id='word_1_417' title='bbox 3442 2901 3628 2956; x_wconf 78' lang='lat' dir='ltr'><strong>furore</strong></span> 
     </span>
    </p>
   </div>
   <div class='ocr_carea' id='block_1_58' title="bbox 2031 2994 3626 3068">
    <p class='ocr_par' dir='ltr' id='par_1_58' title="bbox 2031 2994 3626 3068">
     <span class='ocr_line' id='line_1_58' title="bbox 2031 2994 3626 3068; baseline -0.006 -13"><span class='ocrx_word' id='word_1_418' title='bbox 2031 3009 2124 3055; x_wconf 88' lang='lat' dir='ltr'><strong>tuo</strong></span> <span class='ocrx_word' id='word_1_419' title='bbox 2159 3015 2358 3068; x_wconf 81' lang='lat' dir='ltr'><strong>arguas</strong></span> <span class='ocrx_word' id='word_1_420' title='bbox 2387 3013 2491 3053; x_wconf 89' lang='lat' dir='ltr'><strong>me.</strong></span> <span class='ocrx_word' id='word_1_421' title='bbox 2529 3017 2549 3050; x_wconf 72' lang='grc' dir='ltr'><strong>ι</strong></span> <span class='ocrx_word' id='word_1_422' title='bbox 2589 2999 2741 3061; x_wconf 84' lang='lat' dir='ltr'><strong>Scio,</strong></span> <span class='ocrx_word' id='word_1_423' title='bbox 2773 2995 3024 3061; x_wconf 89' lang='lat' dir='ltr'><strong>Domine,</strong></span> <span class='ocrx_word' id='word_1_424' title='bbox 3077 3012 3162 3050; x_wconf 90' lang='lat' dir='ltr'><strong>me</strong></span> <span class='ocrx_word' id='word_1_425' title='bbox 3196 3010 3417 3050; x_wconf 88' lang='lat' dir='ltr'><strong>manere</strong></span> <span class='ocrx_word' id='word_1_426' title='bbox 3464 2994 3626 3048; x_wconf 84' lang='lat' dir='ltr'><strong>terri-</strong></span> 
     </span>
    </p>
   </div>
   <div class='ocr_carea' id='block_1_59' title="bbox 2033 3083 3630 3158">
    <p class='ocr_par' dir='ltr' id='par_1_59' title="bbox 2033 3083 3630 3158">
     <span class='ocr_line' id='line_1_59' title="bbox 2033 3083 3630 3158; baseline -0.003 -15"><span class='ocrx_word' id='word_1_427' title='bbox 2033 3089 2457 3154; x_wconf 82' lang='lat' dir='ltr'><strong>bilejudicium,</strong></span> <span class='ocrx_word' id='word_1_428' title='bbox 2505 3088 2724 3158; x_wconf 91' lang='lat' dir='ltr'><strong>quando</strong></span> <span class='ocrx_word' id='word_1_429' title='bbox 2787 3087 2839 3141; x_wconf 91' lang='lat' dir='ltr'><strong>in</strong></span> <span class='ocrx_word' id='word_1_430' title='bbox 2897 3087 3027 3143; x_wconf 89' lang='lat' dir='ltr'><strong>sede</strong></span> <span class='ocrx_word' id='word_1_431' title='bbox 3077 3085 3382 3154; x_wconf 72' lang='lat' dir='ltr'><strong>maiestatis</strong></span> <span class='ocrx_word' id='word_1_432' title='bbox 3407 3083 3630 3139; x_wconf 79' lang='lat' dir='ltr'><strong>excelso</strong></span> 
     </span>
    </p>
   </div>
   <div class='ocr_carea' id='block_1_60' title="bbox 326 3180 1925 3268">
    <p class='ocr_par' dir='ltr' id='par_1_60' title="bbox 326 3189 1925 3260">
     <span class='ocr_line' id='line_1_60' title="bbox 326 3189 1925 3260; baseline 0.002 -20"><span class='ocrx_word' id='word_1_433' title='bbox 326 3205 423 3242; x_wconf 86' lang='grc' dir='ltr'><strong>νου</strong></span> <span class='ocrx_word' id='word_1_434' title='bbox 477 3189 789 3256; x_wconf 84' lang='grc' dir='ltr'>ἀστέκτου,</span> <span class='ocrx_word' id='word_1_435' title='bbox 832 3189 1070 3244; x_wconf 82' lang='grc' dir='ltr'>ἐνώπιον</span> <span class='ocrx_word' id='word_1_436' title='bbox 1133 3191 1387 3259; x_wconf 87' lang='grc' dir='ltr'>ἀγγέλων</span> <span class='ocrx_word' id='word_1_437' title='bbox 1422 3191 1518 3243; x_wconf 81' lang='grc' dir='ltr'><strong>καὶ</strong></span> <span class='ocrx_word' id='word_1_438' title='bbox 1575 3191 1758 3260; x_wconf 83' lang='grc' dir='ltr'>πάσης</span> <span class='ocrx_word' id='word_1_439' title='bbox 1811 3191 1925 3244; x_wconf 85' lang='grc' dir='ltr'>κτί-</span> 
     </span>
    </p>
   </div>
   <div class='ocr_carea' id='block_1_61' title="bbox 2031 3180 3630 3268">
    <p class='ocr_par' dir='ltr' id='par_1_61' title="bbox 2034 3180 3630 3253">
     <span class='ocr_line' id='line_1_61' title="bbox 2034 3180 3630 3253; baseline -0.002 -19"><span class='ocrx_word' id='word_1_440' title='bbox 2034 3183 2354 3253; x_wconf 73' lang='lat' dir='ltr'><strong>praesidens,</strong></span> <span class='ocrx_word' id='word_1_441' title='bbox 2408 3197 2594 3236; x_wconf 87' lang='lat' dir='ltr'><strong>coram</strong></span> <span class='ocrx_word' id='word_1_442' title='bbox 2649 3180 2856 3250; x_wconf 78' lang='lat' dir='ltr'><strong>angelis</strong></span> <span class='ocrx_word' id='word_1_443' title='bbox 2896 3195 2964 3234; x_wconf 89' lang='lat' dir='ltr'><strong>ac</strong></span> <span class='ocrx_word' id='word_1_444' title='bbox 2991 3180 3140 3234; x_wconf 90' lang='lat' dir='ltr'><strong>omni</strong></span> <span class='ocrx_word' id='word_1_445' title='bbox 3192 3190 3470 3244; x_wconf 83' lang='lat' dir='ltr'><strong>creatura,</strong></span> <span class='ocrx_word' id='word_1_446' title='bbox 3507 3192 3630 3246; x_wconf 72' lang='lat' dir='ltr'><strong>quae</strong></span> 
     </span>
    </p>
   </div>
   <div class='ocr_carea' id='block_1_62' title="bbox 331 3281 1926 3353">
    <p class='ocr_par' dir='ltr' id='par_1_62' title="bbox 331 3281 1926 3353">
     <span class='ocr_line' id='line_1_62' title="bbox 331 3281 1926 3353; baseline 0.003 -22"><span class='ocrx_word' id='word_1_447' title='bbox 331 3295 512 3345; x_wconf 87' lang='grc' dir='ltr'>σεως,</span> <span class='ocrx_word' id='word_1_448' title='bbox 565 3281 637 3333; x_wconf 78' lang='grc' dir='ltr'><strong>τά</strong></span> <span class='ocrx_word' id='word_1_449' title='bbox 685 3282 874 3353; x_wconf 79' lang='grc' dir='ltr'>κρυφῆ</span> <span class='ocrx_word' id='word_1_450' title='bbox 933 3283 1335 3353; x_wconf 87' lang='grc' dir='ltr'>πεπραγμένα,</span> <span class='ocrx_word' id='word_1_451' title='bbox 1386 3284 1554 3335; x_wconf 74' lang='grc' dir='ltr'>πᾶσιν</span> <span class='ocrx_word' id='word_1_452' title='bbox 1615 3282 1926 3352; x_wconf 80' lang='grc' dir='ltr'>ἀνθρώποις</span> 
     </span>
    </p>
   </div>
   <div class='ocr_carea' id='block_1_63' title="bbox 329 3373 1929 3444">
    <p class='ocr_par' dir='ltr' id='par_1_63' title="bbox 329 3373 1929 3444">
     <span class='ocr_line' id='line_1_63' title="bbox 329 3373 1929 3444; baseline 0.001 -16"><span class='ocrx_word' id='word_1_453' title='bbox 329 3373 751 3438; x_wconf 82' lang='grc' dir='ltr'>ἀποκαλύπτεις</span> <span class='ocrx_word' id='word_1_454' title='bbox 772 3417 786 3437; x_wconf 88' lang='grc'><strong>,</strong></span> <span class='ocrx_word' id='word_1_455' title='bbox 844 3375 939 3428; x_wconf 69' lang='grc' dir='ltr'><strong>καὶ</strong></span> <span class='ocrx_word' id='word_1_456' title='bbox 979 3376 1047 3429; x_wconf 76' lang='grc' dir='ltr'><strong>τὰ</strong></span> <span class='ocrx_word' id='word_1_457' title='bbox 1078 3376 1219 3440; x_wconf 87' lang='grc' dir='ltr'>τέως</span> <span class='ocrx_word' id='word_1_458' title='bbox 1247 3375 1586 3428; x_wconf 85' lang='grc' dir='ltr'>λανθάνοντα</span> <span class='ocrx_word' id='word_1_459' title='bbox 1614 3378 1792 3439; x_wconf 84' lang='grc' dir='ltr'>ποιεῖς</span> <span class='ocrx_word' id='word_1_460' title='bbox 1827 3393 1929 3444; x_wconf 72' lang='grc' dir='ltr'>ερα-</span> 
     </span>
    </p>
   </div>
   <div class='ocr_carea' id='block_1_64' title="bbox 329 3465 1930 3540">
    <p class='ocr_par' dir='ltr' id='par_1_64' title="bbox 329 3465 1930 3540">
     <span class='ocr_line' id='line_1_64' title="bbox 329 3465 1930 3540; baseline 0.002 -22"><span class='ocrx_word' id='word_1_461' title='bbox 329 3465 488 3535; x_wconf 83' lang='grc' dir='ltr'>νερά.</span> <span class='ocrx_word' id='word_1_462' title='bbox 519 3465 687 3519; x_wconf 88' lang='grc' dir='ltr'>Ὅθεν</span> <span class='ocrx_word' id='word_1_463' title='bbox 710 3466 833 3520; x_wconf 86' lang='grc' dir='ltr'>οὐδὲ</span> <span class='ocrx_word' id='word_1_464' title='bbox 856 3467 1043 3538; x_wconf 86' lang='grc' dir='ltr'>τολμῶ</span> <span class='ocrx_word' id='word_1_465' title='bbox 1068 3466 1418 3539; x_wconf 82' lang='grc' dir='ltr'>συγχώρησιν</span> <span class='ocrx_word' id='word_1_466' title='bbox 1437 3469 1547 3521; x_wconf 88' lang='grc' dir='ltr'><strong>τῶν</strong></span> <span class='ocrx_word' id='word_1_467' title='bbox 1578 3468 1728 3536; x_wconf 88' lang='grc' dir='ltr'>ἐμῶν</span> <span class='ocrx_word' id='word_1_468' title='bbox 1751 3469 1930 3540; x_wconf 83' lang='grc' dir='ltr'>ἀμαρ-</span> 
     </span>
    </p>
   </div>
   <div class='ocr_carea' id='block_1_65' title="bbox 329 3553 1929 3630">
    <p class='ocr_par' dir='ltr' id='par_1_65' title="bbox 329 3553 1929 3630">
     <span class='ocr_line' id='line_1_65' title="bbox 329 3553 1929 3630; baseline 0.002 -20"><span class='ocrx_word' id='word_1_469' title='bbox 329 3556 466 3610; x_wconf 88' lang='grc' dir='ltr'>τιῶν</span> <span class='ocrx_word' id='word_1_470' title='bbox 493 3556 888 3627; x_wconf 73' lang='grc' dir='ltr'>ἐξαιτήσασθαι</span> <span class='ocrx_word' id='word_1_471' title='bbox 909 3576 924 3591; x_wconf 79' lang='grc' dir='ltr'><strong>ο</strong></span> <span class='ocrx_word' id='word_1_472' title='bbox 955 3559 1041 3614; x_wconf 81' lang='grc' dir='ltr'><strong>ὅτι</strong></span> <span class='ocrx_word' id='word_1_473' title='bbox 1070 3559 1291 3630; x_wconf 77' lang='grc' dir='ltr'>μείζους</span> <span class='ocrx_word' id='word_1_474' title='bbox 1318 3553 1501 3624; x_wconf 79' lang='grc' dir='ltr'>αὗται,</span> <span class='ocrx_word' id='word_1_475' title='bbox 1535 3559 1676 3630; x_wconf 81' lang='grc' dir='ltr'>ὑπὲρ</span> <span class='ocrx_word' id='word_1_476' title='bbox 1705 3560 1765 3612; x_wconf 69' lang='grc' dir='ltr'>τὺ</span> <span class='ocrx_word' id='word_1_477' title='bbox 1791 3561 1929 3627; x_wconf 86' lang='grc' dir='ltr'>ἀφε-</span> 
     </span>
    </p>
   </div>
   <div class='ocr_carea' id='block_1_66' title="bbox 335 3647 1929 3724">
    <p class='ocr_par' dir='ltr' id='par_1_66' title="bbox 335 3647 1929 3724">
     <span class='ocr_line' id='line_1_66' title="bbox 335 3647 1929 3724; baseline 0.004 -24"><span class='ocrx_word' id='word_1_478' title='bbox 335 3647 500 3718; x_wconf 81' lang='grc' dir='ltr'>Θῆναί</span> <span class='ocrx_word' id='word_1_479' title='bbox 525 3666 594 3718; x_wconf 87' lang='grc' dir='ltr'><strong>με</strong></span> <span class='ocrx_word' id='word_1_480' title='bbox 615 3666 628 3679; x_wconf 91' lang='grc'><strong>·</strong></span> <span class='ocrx_word' id='word_1_481' title='bbox 660 3649 743 3702; x_wconf 87' lang='grc' dir='ltr'><strong>ὅτι</strong></span> <span class='ocrx_word' id='word_1_482' title='bbox 770 3649 944 3704; x_wconf 90' lang='grc' dir='ltr'>πλείω</span> <span class='ocrx_word' id='word_1_483' title='bbox 970 3651 1174 3714; x_wconf 79' lang='grc' dir='ltr'>παντὸς</span> <span class='ocrx_word' id='word_1_484' title='bbox 1197 3649 1489 3722; x_wconf 84' lang='grc' dir='ltr'>ἀνθρώπου</span> <span class='ocrx_word' id='word_1_485' title='bbox 1516 3653 1595 3715; x_wconf 84' lang='grc' dir='ltr'>εὶς</span> <span class='ocrx_word' id='word_1_486' title='bbox 1628 3652 1688 3704; x_wconf 86' lang='grc' dir='ltr'><strong>σὲ</strong></span> <span class='ocrx_word' id='word_1_487' title='bbox 1711 3652 1929 3724; x_wconf 81' lang='grc' dir='ltr'>ἐπλημ-</span> 
     </span>
    </p>
   </div>
   <div class='ocr_carea' id='block_1_67' title="bbox 339 3741 1931 3818">
    <p class='ocr_par' dir='ltr' id='par_1_67' title="bbox 339 3741 1931 3818">
     <span class='ocr_line' id='line_1_67' title="bbox 339 3741 1931 3818; baseline 0.004 -25"><span class='ocrx_word' id='word_1_488' title='bbox 339 3741 556 3812; x_wconf 87' lang='grc' dir='ltr'>μέλησα</span> <span class='ocrx_word' id='word_1_489' title='bbox 582 3759 596 3773; x_wconf 83' lang='lat'><strong><em>°</em></strong></span> <span class='ocrx_word' id='word_1_490' title='bbox 637 3743 719 3796; x_wconf 81' lang='grc' dir='ltr'><strong>ὅτι</strong></span> <span class='ocrx_word' id='word_1_491' title='bbox 754 3742 896 3812; x_wconf 81' lang='grc' dir='ltr'>ὑπὲρ</span> <span class='ocrx_word' id='word_1_492' title='bbox 935 3743 1028 3797; x_wconf 82' lang='grc' dir='ltr'>τὸν</span> <span class='ocrx_word' id='word_1_493' title='bbox 1061 3744 1274 3797; x_wconf 85' lang='grc' dir='ltr'>ἄσωτον</span> <span class='ocrx_word' id='word_1_494' title='bbox 1311 3743 1610 3814; x_wconf 74' lang='grc' dir='ltr'>ἥμαρτονο</span> <span class='ocrx_word' id='word_1_495' title='bbox 1668 3745 1752 3798; x_wconf 82' lang='grc' dir='ltr'>ὅτι</span> <span class='ocrx_word' id='word_1_496' title='bbox 1789 3746 1931 3818; x_wconf 84' lang='grc' dir='ltr'>ὑπὲρ</span> 
     </span>
    </p>
   </div>
   <div class='ocr_carea' id='block_1_68' title="bbox 337 3835 1934 3907">
    <p class='ocr_par' dir='ltr' id='par_1_68' title="bbox 337 3835 1934 3907">
     <span class='ocr_line' id='line_1_68' title="bbox 337 3835 1934 3907; baseline 0.001 -19"><span class='ocrx_word' id='word_1_497' title='bbox 337 3837 552 3888; x_wconf 80' lang='grc' dir='ltr'>ἐκεῖνον</span> <span class='ocrx_word' id='word_1_498' title='bbox 593 3835 685 3888; x_wconf 79' lang='grc' dir='ltr'><strong>τὸν</strong></span> <span class='ocrx_word' id='word_1_499' title='bbox 715 3835 786 3889; x_wconf 86' lang='grc' dir='ltr'>τὰ</span> <span class='ocrx_word' id='word_1_500' title='bbox 819 3836 995 3907; x_wconf 87' lang='grc' dir='ltr'>μύριά</span> <span class='ocrx_word' id='word_1_501' title='bbox 1038 3853 1122 3889; x_wconf 88' lang='grc' dir='ltr'><strong>σοι</strong></span> <span class='ocrx_word' id='word_1_502' title='bbox 1165 3835 1453 3905; x_wconf 82' lang='grc' dir='ltr'>ὀφείλοντα</span> <span class='ocrx_word' id='word_1_503' title='bbox 1484 3836 1726 3890; x_wconf 87' lang='grc' dir='ltr'>τάλαντα</span> <span class='ocrx_word' id='word_1_504' title='bbox 1781 3837 1934 3906; x_wconf 82' lang='grc' dir='ltr'>ὀφει-</span> 
     </span>
    </p>
   </div>
   <div class='ocr_carea' id='block_1_69' title="bbox 336 3922 1933 3998">
    <p class='ocr_par' dir='ltr' id='par_1_69' title="bbox 336 3922 1933 3998">
     <span class='ocr_line' id='line_1_69' title="bbox 336 3922 1933 3998; baseline 0.003 -20"><span class='ocrx_word' id='word_1_505' title='bbox 336 3924 502 3994; x_wconf 82' lang='grc' dir='ltr'>λέτης</span> <span class='ocrx_word' id='word_1_506' title='bbox 534 3942 618 3978; x_wconf 90' lang='grc' dir='ltr'><strong>σοι</strong></span> <span class='ocrx_word' id='word_1_507' title='bbox 655 3925 924 3997; x_wconf 85' lang='grc' dir='ltr'>κατέστην</span> <span class='ocrx_word' id='word_1_508' title='bbox 959 3925 1092 3993; x_wconf 83' lang='grc' dir='ltr'>ἐγώ.</span> <span class='ocrx_word' id='word_1_509' title='bbox 1131 3922 1266 3980; x_wconf 80' lang='grc' dir='ltr'>Οἶδα</span> <span class='ocrx_word' id='word_1_510' title='bbox 1309 3927 1421 3997; x_wconf 76' lang='grc' dir='ltr'>γὰρ</span> <span class='ocrx_word' id='word_1_511' title='bbox 1481 3928 1722 3998; x_wconf 84' lang='grc' dir='ltr'>ἐμαυτὸν</span> <span class='ocrx_word' id='word_1_512' title='bbox 1768 3929 1933 3983; x_wconf 88' lang='grc' dir='ltr'>πλέον</span> 
     </span>
    </p>
   </div>
   <div class='ocr_carea' id='block_1_70' title="bbox 336 4017 1935 4093">
    <p class='ocr_par' dir='ltr' id='par_1_70' title="bbox 336 4017 1935 4093">
     <span class='ocr_line' id='line_1_70' title="bbox 336 4017 1935 4093; baseline 0.003 -21"><span class='ocrx_word' id='word_1_513' title='bbox 336 4017 371 4084; x_wconf 81' lang='grc' dir='ltr'><strong>ἢ</strong></span> <span class='ocrx_word' id='word_1_514' title='bbox 392 4019 487 4072; x_wconf 78' lang='grc' dir='ltr'><strong>τδν</strong></span> <span class='ocrx_word' id='word_1_515' title='bbox 512 4018 767 4090; x_wconf 86' lang='grc' dir='ltr'>Τελώνην</span> <span class='ocrx_word' id='word_1_516' title='bbox 791 4019 946 4090; x_wconf 79' lang='grc' dir='ltr'>παρᾶ</span> <span class='ocrx_word' id='word_1_517' title='bbox 975 4019 1071 4074; x_wconf 81' lang='lat'><strong>1:06</strong></span> <span class='ocrx_word' id='word_1_518' title='bbox 1106 4019 1307 4090; x_wconf 80' lang='grc' dir='ltr'>ἐχθροῦ</span> <span class='ocrx_word' id='word_1_519' title='bbox 1339 4020 1726 4091; x_wconf 84' lang='grc' dir='ltr'>τελωνηθέντα</span> <span class='ocrx_word' id='word_1_520' title='bbox 1746 4039 1760 4053; x_wconf 86' lang='grc'><strong>·</strong></span> <span class='ocrx_word' id='word_1_521' title='bbox 1789 4022 1935 4093; x_wconf 82' lang='grc' dir='ltr'>ὑπὲρ</span> 
     </span>
    </p>
   </div>
   <div class='ocr_carea' id='block_1_71' title="bbox 330 4109 1936 4184">
    <p class='ocr_par' dir='ltr' id='par_1_71' title="bbox 330 4109 1936 4184">
     <span class='ocr_line' id='line_1_71' title="bbox 330 4109 1936 4184; baseline 0.002 -21"><span class='ocrx_word' id='word_1_522' title='bbox 330 4112 433 4164; x_wconf 69' lang='grc' dir='ltr'>’τὸν</span> <span class='ocrx_word' id='word_1_523' title='bbox 475 4111 694 4184; x_wconf 78' lang='grc' dir='ltr'>Λῃστὴν</span> <span class='ocrx_word' id='word_1_524' title='bbox 724 4110 1038 4182; x_wconf 82' lang='grc' dir='ltr'>λῃστρικῶς</span> <span class='ocrx_word' id='word_1_525' title='bbox 1072 4109 1339 4181; x_wconf 82' lang='grc' dir='ltr'>ζήσαντα,</span> <span class='ocrx_word' id='word_1_526' title='bbox 1369 4111 1465 4164; x_wconf 73' lang='grc' dir='ltr'>καὶ</span> <span class='ocrx_word' id='word_1_527' title='bbox 1493 4111 1634 4182; x_wconf 79' lang='grc' dir='ltr'>ὑπὲρ</span> <span class='ocrx_word' id='word_1_528' title='bbox 1665 4111 1764 4184; x_wconf 81' lang='grc' dir='ltr'>τὴν</span> <span class='ocrx_word' id='word_1_529' title='bbox 1790 4114 1936 4184; x_wconf 89' lang='grc' dir='ltr'>Πόρ-</span> 
     </span>
    </p>
   </div>
   <div class='ocr_carea' id='block_1_72' title="bbox 340 4199 1934 4276">
    <p class='ocr_par' dir='ltr' id='par_1_72' title="bbox 340 4199 1934 4276">
     <span class='ocr_line' id='line_1_72' title="bbox 340 4199 1934 4276; baseline 0 -17"><span class='ocrx_word' id='word_1_530' title='bbox 340 4220 443 4273; x_wconf 85' lang='grc' dir='ltr'><strong>νην</strong></span> <span class='ocrx_word' id='word_1_531' title='bbox 496 4220 577 4256; x_wconf 91' lang='grc' dir='ltr'><strong>σοι</strong></span> <span class='ocrx_word' id='word_1_532' title='bbox 635 4203 965 4257; x_wconf 87' lang='grc' dir='ltr'>πταίσαντα.</span> <span class='ocrx_word' id='word_1_533' title='bbox 1021 4199 1156 4257; x_wconf 79' lang='grc' dir='ltr'>Οἶδα</span> <span class='ocrx_word' id='word_1_534' title='bbox 1188 4204 1268 4256; x_wconf 86' lang='grc' dir='ltr'><strong>ὅτι</strong></span> <span class='ocrx_word' id='word_1_535' title='bbox 1305 4205 1402 4257; x_wconf 75' lang='grc' dir='ltr'><strong>καὶ</strong></span> <span class='ocrx_word' id='word_1_536' title='bbox 1449 4204 1542 4258; x_wconf 83' lang='grc' dir='ltr'><strong>τὸν</strong></span> <span class='ocrx_word' id='word_1_537' title='bbox 1589 4206 1934 4276; x_wconf 85' lang='grc' dir='ltr'>Μανασσῆν,</span> 
     </span>
    </p>
   </div>
   <div class='ocr_carea' id='block_1_73' title="bbox 341 4293 1938 4368">
    <p class='ocr_par' dir='ltr' id='par_1_73' title="bbox 341 4293 1938 4368">
     <span class='ocr_line' id='line_1_73' title="bbox 341 4293 1938 4368; baseline 0.001 -22"><span class='ocrx_word' id='word_1_538' title='bbox 341 4294 626 4364; x_wconf 86' lang='grc' dir='ltr'>ἀνομήσας</span> <span class='ocrx_word' id='word_1_539' title='bbox 679 4293 998 4364; x_wconf 82' lang='grc' dir='ltr'>παρήλασα.</span> <span class='ocrx_word' id='word_1_540' title='bbox 1038 4293 1203 4347; x_wconf 83' lang='grc' dir='ltr'>’Ὅθεν</span> <span class='ocrx_word' id='word_1_541' title='bbox 1263 4313 1282 4344; x_wconf 86' lang='grc'><strong><em>‹</em></strong></span> <span class='ocrx_word' id='word_1_542' title='bbox 1323 4295 1379 4347; x_wconf 91' lang='grc' dir='ltr'>αἱ</span> <span class='ocrx_word' id='word_1_543' title='bbox 1433 4295 1658 4365; x_wconf 88' lang='grc' dir='ltr'>ἀνομίαι</span> <span class='ocrx_word' id='word_1_544' title='bbox 1695 4313 1798 4365; x_wconf 84' lang='grc' dir='ltr'><strong>μου</strong></span> <span class='ocrx_word' id='word_1_545' title='bbox 1838 4295 1938 4368; x_wconf 80' lang='grc' dir='ltr'>τὴν</span> 
     </span>
    </p>
   </div>
   <div class='ocr_carea' id='block_1_74' title="bbox 344 4385 1937 4458">
    <p class='ocr_par' dir='ltr' id='par_1_74' title="bbox 344 4385 1937 4458">
     <span class='ocr_line' id='line_1_74' title="bbox 344 4385 1937 4458; baseline 0 -18"><span class='ocrx_word' id='word_1_546' title='bbox 344 4386 595 4457; x_wconf 80' lang='grc' dir='ltr'>κεφαλήν</span> <span class='ocrx_word' id='word_1_547' title='bbox 625 4404 731 4458; x_wconf 90' lang='grc' dir='ltr'><strong>μου</strong></span> <span class='ocrx_word' id='word_1_548' title='bbox 781 4387 1167 4457; x_wconf 83' lang='grc' dir='ltr'>ὑπεράρασαι,</span> <span class='ocrx_word' id='word_1_549' title='bbox 1198 4385 1332 4438; x_wconf 71' lang='grc' dir='ltr'>ὡσεὶ</span> <span class='ocrx_word' id='word_1_550' title='bbox 1365 4387 1587 4455; x_wconf 83' lang='grc' dir='ltr'>φορτίον</span> <span class='ocrx_word' id='word_1_551' title='bbox 1622 4386 1762 4458; x_wconf 79' lang='grc' dir='ltr'>βαρὺ</span> <span class='ocrx_word' id='word_1_552' title='bbox 1804 4388 1937 4440; x_wconf 79' lang='grc' dir='ltr'>ἐϐα-</span> 
     </span>
    </p>
   </div>
   <div class='ocr_carea' id='block_1_75' title="bbox 349 4477 1939 4551">
    <p class='ocr_par' dir='ltr' id='par_1_75' title="bbox 349 4477 1939 4551">
     <span class='ocr_line' id='line_1_75' title="bbox 349 4477 1939 4551; baseline 0 -19"><span class='ocrx_word' id='word_1_553' title='bbox 349 4477 626 4551; x_wconf 90' lang='grc' dir='ltr'>ρύνθησαν</span> <span class='ocrx_word' id='word_1_554' title='bbox 677 4479 765 4532; x_wconf 74' lang='grc' dir='ltr'>ἐπ’</span> <span class='ocrx_word' id='word_1_555' title='bbox 804 4479 942 4548; x_wconf 86' lang='grc' dir='ltr'>ἐμέ·</span> <span class='ocrx_word' id='word_1_556' title='bbox 993 4478 1088 4531; x_wconf 77' lang='grc' dir='ltr'><strong>καὶ</strong></span> <span class='ocrx_word' id='word_1_557' title='bbox 1136 4477 1607 4550; x_wconf 81' lang='grc' dir='ltr'>ταλαιπωρήσας,</span> <span class='ocrx_word' id='word_1_558' title='bbox 1655 4480 1939 4549; x_wconf 86' lang='grc' dir='ltr'>κατεκάμ-</span> 
     </span>
    </p>
   </div>
   <div class='ocr_carea' id='block_1_76' title="bbox 2032 3271 3629 3337">
    <p class='ocr_par' dir='ltr' id='par_1_76' title="bbox 2032 3271 3629 3337">
     <span class='ocr_line' id='line_1_76' title="bbox 2032 3271 3629 3337; baseline -0.004 -7"><span class='ocrx_word' id='word_1_559' title='bbox 2032 3285 2159 3330; x_wconf 91' lang='lat' dir='ltr'><strong>sunt</strong></span> <span class='ocrx_word' id='word_1_560' title='bbox 2195 3275 2488 3330; x_wconf 89' lang='lat' dir='ltr'><strong>commissa</strong></span> <span class='ocrx_word' id='word_1_561' title='bbox 2536 3275 2589 3328; x_wconf 88' lang='lat' dir='ltr'><strong>itt</strong></span> <span class='ocrx_word' id='word_1_562' title='bbox 2625 3273 2865 3337; x_wconf 90' lang='lat' dir='ltr'><strong>occulto,</strong></span> <span class='ocrx_word' id='word_1_563' title='bbox 2911 3272 3166 3326; x_wconf 90' lang='lat' dir='ltr'><strong>omnibus</strong></span> <span class='ocrx_word' id='word_1_564' title='bbox 3218 3271 3530 3324; x_wconf 88' lang='lat' dir='ltr'><strong>hominibus</strong></span> <span class='ocrx_word' id='word_1_565' title='bbox 3567 3284 3629 3324; x_wconf 89' lang='lat' dir='ltr'><strong>es</strong></span> 
     </span>
    </p>
   </div>
   <div class='ocr_carea' id='block_1_77' title="bbox 2033 3359 3632 3435">
    <p class='ocr_par' dir='ltr' id='par_1_77' title="bbox 2033 3359 3632 3435">
     <span class='ocr_line' id='line_1_77' title="bbox 2033 3359 3632 3435; baseline -0.004 -13"><span class='ocrx_word' id='word_1_566' title='bbox 2033 3366 2395 3432; x_wconf 86' lang='lat' dir='ltr'><strong>revelaturus,</strong></span> <span class='ocrx_word' id='word_1_567' title='bbox 2421 3359 2492 3422; x_wconf 73' lang='lat' dir='ltr'><strong>&#39;ac</strong></span> <span class='ocrx_word' id='word_1_568' title='bbox 2517 3365 2697 3435; x_wconf 84' lang='lat' dir='ltr'><strong>palam</strong></span> <span class='ocrx_word' id='word_1_569' title='bbox 2744 3364 3013 3431; x_wconf 80' lang='lat' dir='ltr'><strong>facturus,</strong></span> <span class='ocrx_word' id='word_1_570' title='bbox 3045 3379 3166 3434; x_wconf 56' lang='lat' dir='ltr'><strong>quae</strong></span> <span class='ocrx_word' id='word_1_571' title='bbox 3219 3364 3480 3416; x_wconf 87' lang='lat' dir='ltr'><strong>hactenus</strong></span> <span class='ocrx_word' id='word_1_572' title='bbox 3509 3361 3632 3416; x_wconf 79' lang='lat' dir='ltr'><strong>lue--</strong></span> 
     </span>
    </p>
   </div>
   <div class='ocr_carea' id='block_1_78' title="bbox 2033 3456 3629 3538">
    <p class='ocr_par' dir='ltr' id='par_1_78' title="bbox 2033 3456 3629 3538">
     <span class='ocr_line' id='line_1_78' title="bbox 2033 3456 3629 3538; baseline -0.006 -22"><span class='ocrx_word' id='word_1_573' title='bbox 2033 3471 2164 3516; x_wconf 90' lang='lat' dir='ltr'><strong>runt</strong></span> <span class='ocrx_word' id='word_1_574' title='bbox 2201 3461 2544 3516; x_wconf 87' lang='lat' dir='ltr'><strong>abscondita.</strong></span> <span class='ocrx_word' id='word_1_575' title='bbox 2581 3460 2977 3528; x_wconf 85' lang='lat' dir='ltr'><strong>Quamobrem,</strong></span> <span class='ocrx_word' id='word_1_576' title='bbox 3013 3473 3079 3512; x_wconf 94' lang='lat' dir='ltr'><strong>ne</strong></span> <span class='ocrx_word' id='word_1_577' title='bbox 3111 3456 3629 3538; x_wconf 63' lang='lat' dir='ltr'><strong>quidemmteorum</strong></span> 
     </span>
    </p>
   </div>
   <div class='ocr_carea' id='block_1_79' title="bbox 2033 3547 3631 3624">
    <p class='ocr_par' dir='ltr' id='par_1_79' title="bbox 2033 3547 3631 3624">
     <span class='ocr_line' id='line_1_79' title="bbox 2033 3547 3631 3624; baseline -0.005 -15"><span class='ocrx_word' id='word_1_578' title='bbox 2033 3557 2248 3612; x_wconf 91' lang='lat' dir='ltr'><strong>veniam</strong></span> <span class='ocrx_word' id='word_1_579' title='bbox 2309 3563 2658 3624; x_wconf 82' lang='lat' dir='ltr'><strong>peccatorum</strong></span> <span class='ocrx_word' id='word_1_580' title='bbox 2713 3553 2888 3608; x_wconf 91' lang='lat' dir='ltr'><strong>audeo</strong></span> <span class='ocrx_word' id='word_1_581' title='bbox 2938 3551 3220 3621; x_wconf 89' lang='lat' dir='ltr'><strong>postulare</strong></span> <span class='ocrx_word' id='word_1_582' title='bbox 3255 3567 3269 3604; x_wconf 90' lang='lat'><strong>:</strong></span> <span class='ocrx_word' id='word_1_583' title='bbox 3306 3550 3503 3619; x_wconf 90' lang='lat' dir='ltr'><strong>quippe</strong></span> <span class='ocrx_word' id='word_1_584' title='bbox 3539 3547 3631 3601; x_wconf 87' lang='lat' dir='ltr'><strong>illa</strong></span> 
     </span>
    </p>
   </div>
   <div class='ocr_carea' id='block_1_80' title="bbox 2036 3641 3630 3720">
    <p class='ocr_par' dir='ltr' id='par_1_80' title="bbox 2036 3641 3630 3720">
     <span class='ocr_line' id='line_1_80' title="bbox 2036 3641 3630 3720; baseline -0.006 -16"><span class='ocrx_word' id='word_1_585' title='bbox 2036 3650 2239 3720; x_wconf 83' lang='lat' dir='ltr'><strong>majora</strong></span> <span class='ocrx_word' id='word_1_586' title='bbox 2281 3657 2430 3714; x_wconf 89' lang='lat' dir='ltr'><strong>sunt,</strong></span> <span class='ocrx_word' id='word_1_587' title='bbox 2469 3661 2631 3718; x_wconf 90' lang='lat' dir='ltr'><strong>quam</strong></span> <span class='ocrx_word' id='word_1_588' title='bbox 2667 3655 2726 3701; x_wconf 86' lang='lat' dir='ltr'><strong>ut</strong></span> <span class='ocrx_word' id='word_1_589' title='bbox 2763 3647 2895 3700; x_wconf 90' lang='lat' dir='ltr'><strong>mibi</strong></span> <span class='ocrx_word' id='word_1_590' title='bbox 2925 3645 3126 3700; x_wconf 84' lang='lat' dir='ltr'><strong>remitti</strong></span> <span class='ocrx_word' id='word_1_591' title='bbox 3169 3644 3370 3697; x_wconf 89' lang='lat' dir='ltr'><strong>debere</strong></span> <span class='ocrx_word' id='word_1_592' title='bbox 3402 3641 3630 3695; x_wconf 87' lang='lat' dir='ltr'><strong>videan-</strong></span> 
     </span>
    </p>
   </div>
   <div class='ocr_carea' id='block_1_81' title="bbox 2037 3734 3628 3812">
    <p class='ocr_par' dir='ltr' id='par_1_81' title="bbox 2037 3734 3628 3812">
     <span class='ocr_line' id='line_1_81' title="bbox 2037 3734 3628 3812; baseline -0.006 -17"><span class='ocrx_word' id='word_1_593' title='bbox 2037 3753 2144 3797; x_wconf 91' lang='lat' dir='ltr'><strong>tur.</strong></span> <span class='ocrx_word' id='word_1_594' title='bbox 2180 3742 2390 3796; x_wconf 87' lang='lat' dir='ltr'><strong>Etenim</strong></span> <span class='ocrx_word' id='word_1_595' title='bbox 2421 3741 2570 3796; x_wconf 92' lang='lat' dir='ltr'><strong>omni</strong></span> <span class='ocrx_word' id='word_1_596' title='bbox 2606 3741 2826 3812; x_wconf 82' lang='lat' dir='ltr'><strong>gravius</strong></span> <span class='ocrx_word' id='word_1_597' title='bbox 2853 3739 3072 3793; x_wconf 83' lang='lat' dir='ltr'><strong>bomine</strong></span> <span class='ocrx_word' id='word_1_598' title='bbox 3103 3738 3156 3791; x_wconf 92' lang='lat' dir='ltr'><strong>in</strong></span> <span class='ocrx_word' id='word_1_599' title='bbox 3191 3749 3244 3791; x_wconf 92' lang='lat' dir='ltr'><strong>te</strong></span> <span class='ocrx_word' id='word_1_600' title='bbox 3271 3735 3491 3804; x_wconf 88' lang='lat' dir='ltr'><strong>deliqui.</strong></span> <span class='ocrx_word' id='word_1_601' title='bbox 3532 3734 3628 3788; x_wconf 78' lang='lat' dir='ltr'><strong>Su-</strong></span> 
     </span>
    </p>
   </div>
   <div class='ocr_carea' id='block_1_82' title="bbox 2035 3826 3634 3907">
    <p class='ocr_par' dir='ltr' id='par_1_82' title="bbox 2035 3826 3634 3907">
     <span class='ocr_line' id='line_1_82' title="bbox 2035 3826 3634 3907; baseline -0.008 -17"><span class='ocrx_word' id='word_1_602' title='bbox 2035 3851 2132 3907; x_wconf 87' lang='lat' dir='ltr'><strong>pra</strong></span> <span class='ocrx_word' id='word_1_603' title='bbox 2167 3835 2462 3904; x_wconf 81' lang='lat' dir='ltr'><strong>Prodigum</strong></span> <span class='ocrx_word' id='word_1_604' title='bbox 2504 3833 2723 3902; x_wconf 86' lang='lat' dir='ltr'><strong>peccavi</strong></span> <span class='ocrx_word' id='word_1_605' title='bbox 2758 3834 2802 3864; x_wconf 88' lang='lat'>&#39;”</span> <span class='ocrx_word' id='word_1_606' title='bbox 2840 3849 2853 3886; x_wconf 94' lang='lat'><strong>:</strong></span> <span class='ocrx_word' id='word_1_607' title='bbox 2891 3846 3053 3900; x_wconf 89' lang='lat' dir='ltr'><strong>supra</strong></span> <span class='ocrx_word' id='word_1_608' title='bbox 3092 3829 3240 3884; x_wconf 90' lang='lat' dir='ltr'><strong>illum</strong></span> <span class='ocrx_word' id='word_1_609' title='bbox 3285 3827 3376 3896; x_wconf 91' lang='lat' dir='ltr'><strong>qui</strong></span> <span class='ocrx_word' id='word_1_610' title='bbox 3413 3826 3634 3880; x_wconf 85' lang='lat' dir='ltr'><strong>debitor</strong></span> 
     </span>
    </p>
   </div>
   <div class='ocr_carea' id='block_1_83' title="bbox 2036 3919 3635 3990">
    <p class='ocr_par' dir='ltr' id='par_1_83' title="bbox 2036 3919 3635 3990">
     <span class='ocr_line' id='line_1_83' title="bbox 2036 3919 3635 3990; baseline -0.009 -5"><span class='ocrx_word' id='word_1_611' title='bbox 2036 3939 2154 3985; x_wconf 89' lang='lat' dir='ltr'><strong>erat</strong></span> <span class='ocrx_word' id='word_1_612' title='bbox 2201 3929 2388 3982; x_wconf 88' lang='lat' dir='ltr'><strong>decem</strong></span> <span class='ocrx_word' id='word_1_613' title='bbox 2441 3926 2669 3980; x_wconf 91' lang='lat' dir='ltr'><strong>millium</strong></span> <span class='ocrx_word' id='word_1_614' title='bbox 2708 3925 3035 3979; x_wconf 88' lang='lat' dir='ltr'><strong>talentorum</strong></span> <span class='ocrx_word' id='word_1_615' title='bbox 3067 3923 3134 3988; x_wconf 71' lang='lat'><strong>7&#39;,</strong></span> <span class='ocrx_word' id='word_1_616' title='bbox 3168 3920 3266 3976; x_wconf 84' lang='lat' dir='ltr'><strong>tibi</strong></span> <span class='ocrx_word' id='word_1_617' title='bbox 3297 3933 3397 3990; x_wconf 84' lang='lat' dir='ltr'><strong>ego</strong></span> <span class='ocrx_word' id='word_1_618' title='bbox 3418 3919 3635 3974; x_wconf 87' lang='lat' dir='ltr'><strong>debitor</strong></span> 
     </span>
    </p>
   </div>
   <div class='ocr_carea' id='block_1_84' title="bbox 2038 4013 3634 4084">
    <p class='ocr_par' dir='ltr' id='par_1_84' title="bbox 2038 4013 3634 4084">
     <span class='ocr_line' id='line_1_84' title="bbox 2038 4013 3634 4084; baseline -0.009 -9"><span class='ocrx_word' id='word_1_619' title='bbox 2038 4021 2366 4076; x_wconf 90' lang='lat' dir='ltr'><strong>constitutus</strong></span> <span class='ocrx_word' id='word_1_620' title='bbox 2398 4035 2538 4074; x_wconf 90' lang='lat' dir='ltr'><strong>sum.</strong></span> <span class='ocrx_word' id='word_1_621' title='bbox 2577 4018 2706 4074; x_wconf 90' lang='lat' dir='ltr'><strong>Scio</strong></span> <span class='ocrx_word' id='word_1_622' title='bbox 2732 4018 2874 4072; x_wconf 92' lang='lat' dir='ltr'><strong>enim</strong></span> <span class='ocrx_word' id='word_1_623' title='bbox 2907 4030 3072 4084; x_wconf 85' lang='lat' dir='ltr'><strong>supra</strong></span> <span class='ocrx_word' id='word_1_624' title='bbox 3118 4013 3475 4068; x_wconf 87' lang='lat' dir='ltr'><strong>Publicanum</strong></span> <span class='ocrx_word' id='word_1_625' title='bbox 3505 4026 3634 4081; x_wconf 90' lang='lat' dir='ltr'><strong>gra-</strong></span> 
     </span>
    </p>
   </div>
   <div class='ocr_carea' id='block_1_85' title="bbox 2041 4103 3632 4179">
    <p class='ocr_par' dir='ltr' id='par_1_85' title="bbox 2041 4103 3632 4179">
     <span class='ocr_line' id='line_1_85' title="bbox 2041 4103 3632 4179; baseline -0.006 -14"><span class='ocrx_word' id='word_1_626' title='bbox 2041 4113 2189 4166; x_wconf 87' lang='lat' dir='ltr'><strong>viora</strong></span> <span class='ocrx_word' id='word_1_627' title='bbox 2247 4112 2380 4166; x_wconf 89' lang='lat' dir='ltr'><strong>mibi</strong></span> <span class='ocrx_word' id='word_1_628' title='bbox 2439 4111 2507 4166; x_wconf 88' lang='lat' dir='ltr'><strong>ab</strong></span> <span class='ocrx_word' id='word_1_629' title='bbox 2561 4110 2717 4166; x_wconf 86' lang='lat' dir='ltr'><strong>hoste</strong></span> <span class='ocrx_word' id='word_1_630' title='bbox 2771 4111 3034 4179; x_wconf 86' lang='lat' dir='ltr'><strong>imperata</strong></span> <span class='ocrx_word' id='word_1_631' title='bbox 3094 4107 3296 4162; x_wconf 89' lang='lat' dir='ltr'><strong>tributa</strong></span> <span class='ocrx_word' id='word_1_632' title='bbox 3332 4103 3378 4135; x_wconf 82' lang='grc'><strong>⁷³</strong></span> <span class='ocrx_word' id='word_1_633' title='bbox 3415 4122 3428 4158; x_wconf 91' lang='lat'>:</span> <span class='ocrx_word' id='word_1_634' title='bbox 3463 4118 3632 4171; x_wconf 91' lang='lat' dir='ltr'><strong>supra</strong></span> 
     </span>
    </p>
   </div>
   <div class='ocr_carea' id='block_1_86' title="bbox 2040 4199 3634 4268">
    <p class='ocr_par' dir='ltr' id='par_1_86' title="bbox 2040 4199 3634 4268">
     <span class='ocr_line' id='line_1_86' title="bbox 2040 4199 3634 4268; baseline -0.008 -2"><span class='ocrx_word' id='word_1_635' title='bbox 2040 4211 2332 4266; x_wconf 86' lang='lat' dir='ltr'><strong>Latronem</strong></span> <span class='ocrx_word' id='word_1_636' title='bbox 2389 4209 2591 4263; x_wconf 77' lang='lat' dir='ltr'><strong>vixisse</strong></span> <span class='ocrx_word' id='word_1_637' title='bbox 2623 4207 2899 4261; x_wconf 77' lang='lat' dir='ltr'><strong>latronum</strong></span> <span class='ocrx_word' id='word_1_638' title='bbox 2931 4219 3082 4260; x_wconf 91' lang='lat' dir='ltr'><strong>more</strong></span> <span class='ocrx_word' id='word_1_639' title='bbox 3111 4204 3195 4268; x_wconf 55' lang='lat'><strong>7‘;</strong></span> <span class='ocrx_word' id='word_1_640' title='bbox 3223 4217 3288 4258; x_wconf 89' lang='lat' dir='ltr'><strong>ac</strong></span> <span class='ocrx_word' id='word_1_641' title='bbox 3323 4215 3486 4268; x_wconf 88' lang='lat' dir='ltr'><strong>supra</strong></span> <span class='ocrx_word' id='word_1_642' title='bbox 3522 4199 3634 4254; x_wconf 88' lang='lat' dir='ltr'><strong>Me-</strong></span> 
     </span>
    </p>
   </div>
   <div class='ocr_carea' id='block_1_87' title="bbox 2040 4293 3636 4357">
    <p class='ocr_par' dir='ltr' id='par_1_87' title="bbox 2040 4293 3636 4357">
     <span class='ocr_line' id='line_1_87' title="bbox 2040 4293 3636 4357; baseline -0.008 0"><span class='ocrx_word' id='word_1_643' title='bbox 2040 4303 2294 4357; x_wconf 88' lang='lat' dir='ltr'><strong>retricem</strong></span> <span class='ocrx_word' id='word_1_644' title='bbox 2341 4309 2446 4354; x_wconf 88' lang='lat' dir='ltr'><strong>tete</strong></span> <span class='ocrx_word' id='word_1_645' title='bbox 2477 4298 2767 4352; x_wconf 77' lang='lat' dir='ltr'><strong>OlTeutlisse</strong></span> <span class='ocrx_word' id='word_1_646' title='bbox 2795 4299 2862 4349; x_wconf 82' lang='grc'><strong>⁷⁵.</strong></span> <span class='ocrx_word' id='word_1_647' title='bbox 2883 4296 2988 4350; x_wconf 88' lang='lat' dir='ltr'><strong>Sed</strong></span> <span class='ocrx_word' id='word_1_648' title='bbox 3011 4306 3064 4351; x_wconf 89' lang='lat' dir='ltr'><strong>et</strong></span> <span class='ocrx_word' id='word_1_649' title='bbox 3093 4297 3197 4350; x_wconf 82' lang='lat' dir='ltr'><strong>hoc</strong></span> <span class='ocrx_word' id='word_1_650' title='bbox 3225 4296 3374 4357; x_wconf 90' lang='lat' dir='ltr'><strong>scio,</strong></span> <span class='ocrx_word' id='word_1_651' title='bbox 3425 4293 3636 4345; x_wconf 76' lang='lat' dir='ltr'><strong>Manas-</strong></span> 
     </span>
    </p>
   </div>
   <div class='ocr_carea' id='block_1_88' title="bbox 2042 4383 3634 4459">
    <p class='ocr_par' dir='ltr' id='par_1_88' title="bbox 2042 4383 3634 4459">
     <span class='ocr_line' id='line_1_88' title="bbox 2042 4383 3634 4459; baseline -0.008 -10"><span class='ocrx_word' id='word_1_652' title='bbox 2042 4408 2137 4449; x_wconf 88' lang='lat' dir='ltr'><strong>sen</strong></span> <span class='ocrx_word' id='word_1_653' title='bbox 2189 4405 2274 4445; x_wconf 89' lang='lat' dir='ltr'><strong>me</strong></span> <span class='ocrx_word' id='word_1_654' title='bbox 2316 4390 2606 4459; x_wconf 88' lang='lat' dir='ltr'><strong>iniquitate</strong></span> <span class='ocrx_word' id='word_1_655' title='bbox 2673 4389 2874 4442; x_wconf 77' lang='lat' dir='ltr'><strong>vicisse</strong></span> <span class='ocrx_word' id='word_1_656' title='bbox 2919 4387 2987 4440; x_wconf 79' lang='lat'><strong>&quot;.</strong></span> <span class='ocrx_word' id='word_1_657' title='bbox 3028 4384 3185 4441; x_wconf 89' lang='lat' dir='ltr'><strong>Unde</strong></span> <span class='ocrx_word' id='word_1_658' title='bbox 3237 4404 3256 4436; x_wconf 73' lang='grc' dir='ltr'><strong>ι</strong></span> <span class='ocrx_word' id='word_1_659' title='bbox 3315 4383 3634 4453; x_wconf 88' lang='lat' dir='ltr'><strong>iniquitates</strong></span> 
     </span>
    </p>
   </div>
   <div class='ocr_carea' id='block_1_89' title="bbox 2046 4480 3636 4554">
    <p class='ocr_par' dir='ltr' id='par_1_89' title="bbox 2046 4480 3636 4554">
     <span class='ocr_line' id='line_1_89' title="bbox 2046 4480 3636 4554; baseline -0.006 -16"><span class='ocrx_word' id='word_1_660' title='bbox 2046 4502 2178 4541; x_wconf 77' lang='lat' dir='ltr'><strong>mea:</strong></span> <span class='ocrx_word' id='word_1_661' title='bbox 2218 4497 2585 4554; x_wconf 54' lang='lat' dir='ltr'><strong>supergressa;</strong></span> <span class='ocrx_word' id='word_1_662' title='bbox 2631 4491 2795 4550; x_wconf 88' lang='lat' dir='ltr'><strong>caput</strong></span> <span class='ocrx_word' id='word_1_663' title='bbox 2851 4495 3064 4544; x_wconf 92' lang='lat' dir='ltr'><strong>meum,</strong></span> <span class='ocrx_word' id='word_1_664' title='bbox 3114 4480 3257 4534; x_wconf 90' lang='lat' dir='ltr'><strong>sicut</strong></span> <span class='ocrx_word' id='word_1_665' title='bbox 3287 4493 3428 4530; x_wconf 86' lang='lat' dir='ltr'><strong>onus</strong></span> <span class='ocrx_word' id='word_1_666' title='bbox 3469 4490 3636 4547; x_wconf 82' lang='lat' dir='ltr'><strong>grave</strong></span> 
     </span>
    </p>
   </div>
   <div class='ocr_carea' id='block_1_90' title="bbox 349 4552 1925 4644">
    <p class='ocr_par' dir='ltr' id='par_1_90' title="bbox 349 4566 1925 4640">
     <span class='ocr_line' id='line_1_90' title="bbox 349 4566 1925 4640; baseline -0.002 -17"><span class='ocrx_word' id='word_1_667' title='bbox 349 4568 495 4640; x_wconf 78' lang='grc' dir='ltr'>φθην</span> <span class='ocrx_word' id='word_1_668' title='bbox 536 4570 643 4632; x_wconf 76' lang='grc' dir='ltr'>ἕως</span> <span class='ocrx_word' id='word_1_669' title='bbox 671 4569 881 4632; x_wconf 86' lang='grc' dir='ltr'>τέλους.</span> <span class='ocrx_word' id='word_1_670' title='bbox 924 4588 941 4620; x_wconf 77' lang='grc' dir='ltr'><strong>ι</strong></span> <span class='ocrx_word' id='word_1_671' title='bbox 991 4569 1064 4620; x_wconf 89' lang='grc' dir='ltr'>Τὸ</span> <span class='ocrx_word' id='word_1_672' title='bbox 1096 4567 1270 4637; x_wconf 76' lang='grc' dir='ltr'>ὄνομά</span> <span class='ocrx_word' id='word_1_673' title='bbox 1306 4584 1401 4620; x_wconf 89' lang='grc' dir='ltr'><strong>σου</strong></span> <span class='ocrx_word' id='word_1_674' title='bbox 1431 4567 1494 4619; x_wconf 87' lang='grc' dir='ltr'>τὸ</span> <span class='ocrx_word' id='word_1_675' title='bbox 1528 4567 1683 4634; x_wconf 83' lang='grc' dir='ltr'>ἆγιον</span> <span class='ocrx_word' id='word_1_676' title='bbox 1707 4566 1925 4640; x_wconf 84' lang='grc' dir='ltr'>παρώρ·</span> 
     </span>
    </p>
   </div>
   <div class='ocr_carea' id='block_1_91' title="bbox 2031 4552 3638 4644">
    <p class='ocr_par' dir='ltr' id='par_1_91' title="bbox 2047 4565 3638 4644">
     <span class='ocr_line' id='line_1_91' title="bbox 2047 4565 3638 4644; baseline -0.008 -16"><span class='ocrx_word' id='word_1_677' title='bbox 2047 4585 2289 4644; x_wconf 68' lang='lat' dir='ltr'><strong>gravata:</strong></span> <span class='ocrx_word' id='word_1_678' title='bbox 2317 4583 2444 4627; x_wconf 91' lang='lat' dir='ltr'><strong>sunt</strong></span> <span class='ocrx_word' id='word_1_679' title='bbox 2473 4587 2640 4642; x_wconf 86' lang='lat' dir='ltr'><strong>super</strong></span> <span class='ocrx_word' id='word_1_680' title='bbox 2669 4586 2753 4626; x_wconf 89' lang='lat' dir='ltr'><strong>me</strong></span> <span class='ocrx_word' id='word_1_681' title='bbox 2779 4588 2792 4623; x_wconf 89' lang='lat'><strong>:</strong></span> <span class='ocrx_word' id='word_1_682' title='bbox 2834 4569 3108 4638; x_wconf 80' lang='lat' dir='ltr'><strong>miserque</strong></span> <span class='ocrx_word' id='word_1_683' title='bbox 3147 4565 3395 4628; x_wconf 77' lang='lat' dir='ltr'><strong>effectus,</strong></span> <span class='ocrx_word' id='word_1_684' title='bbox 3437 4580 3602 4618; x_wconf 89' lang='lat' dir='ltr'><strong>curva</strong></span> <span class='ocrx_word' id='word_1_685' title='bbox 3625 4590 3638 4605; x_wconf 82' lang='lat'><strong>-</strong></span> 
     </span>
    </p>
   </div>
   <div class='ocr_carea' id='block_1_92' title="bbox 345 4659 1938 4732">
    <p class='ocr_par' dir='ltr' id='par_1_92' title="bbox 345 4659 1938 4732">
     <span class='ocr_line' id='line_1_92' title="bbox 345 4659 1938 4732; baseline -0.003 -15"><span class='ocrx_word' id='word_1_686' title='bbox 345 4679 515 4732; x_wconf 89' lang='grc' dir='ltr'>γισα,</span> <span class='ocrx_word' id='word_1_687' title='bbox 552 4663 615 4716; x_wconf 82' lang='grc' dir='ltr'><strong>τὸ</strong></span> <span class='ocrx_word' id='word_1_688' title='bbox 669 4661 898 4732; x_wconf 84' lang='grc' dir='ltr'><strong>Πνεῦμά</strong></span> <span class='ocrx_word' id='word_1_689' title='bbox 952 4678 1046 4714; x_wconf 89' lang='grc' dir='ltr'><strong>σου</strong></span> <span class='ocrx_word' id='word_1_690' title='bbox 1099 4659 1351 4729; x_wconf 85' lang='grc' dir='ltr'>ἐλύπησα</span> <span class='ocrx_word' id='word_1_691' title='bbox 1377 4697 1391 4722; x_wconf 92' lang='grc'><strong>,</strong></span> <span class='ocrx_word' id='word_1_692' title='bbox 1424 4659 1534 4712; x_wconf 88' lang='grc' dir='ltr'><strong>τῶν</strong></span> <span class='ocrx_word' id='word_1_693' title='bbox 1569 4659 1800 4712; x_wconf 86' lang='grc' dir='ltr'>ἐντολῶν</span> <span class='ocrx_word' id='word_1_694' title='bbox 1843 4677 1938 4713; x_wconf 87' lang='grc' dir='ltr'><strong>σου</strong></span> 
     </span>
    </p>
   </div>
   <div class='ocr_carea' id='block_1_93' title="bbox 345 4751 1938 4828">
    <p class='ocr_par' dir='ltr' id='par_1_93' title="bbox 345 4751 1938 4828">
     <span class='ocr_line' id='line_1_93' title="bbox 345 4751 1938 4828; baseline -0.003 -19"><span class='ocrx_word' id='word_1_695' title='bbox 345 4756 711 4828; x_wconf 87' lang='grc' dir='ltr'>παρήκουσα¹,</span> <span class='ocrx_word' id='word_1_696' title='bbox 757 4756 852 4808; x_wconf 77' lang='grc' dir='ltr'><strong>τὸν</strong></span> <span class='ocrx_word' id='word_1_697' title='bbox 906 4752 1140 4806; x_wconf 78' lang='grc' dir='ltr'>πλοῦτόν</span> <span class='ocrx_word' id='word_1_698' title='bbox 1187 4770 1283 4806; x_wconf 91' lang='grc' dir='ltr'><strong>σου</strong></span> <span class='ocrx_word' id='word_1_699' title='bbox 1319 4752 1507 4816; x_wconf 86' lang='grc' dir='ltr'>κακῶς</span> <span class='ocrx_word' id='word_1_700' title='bbox 1547 4751 1938 4822; x_wconf 81' lang='grc' dir='ltr'>διεσκόρπισα,</span> 
     </span>
    </p>
   </div>
   <div class='ocr_carea' id='block_1_94' title="bbox 347 4845 1940 4919">
    <p class='ocr_par' dir='ltr' id='par_1_94' title="bbox 347 4845 1940 4919">
     <span class='ocr_line' id='line_1_94' title="bbox 347 4845 1940 4919; baseline -0.003 -16"><span class='ocrx_word' id='word_1_701' title='bbox 347 4851 445 4903; x_wconf 79' lang='grc' dir='ltr'><strong>καὶ</strong></span> <span class='ocrx_word' id='word_1_702' title='bbox 475 4849 535 4902; x_wconf 80' lang='grc' dir='ltr'>ὃν</span> <span class='ocrx_word' id='word_1_703' title='bbox 560 4867 651 4919; x_wconf 92' lang='grc' dir='ltr'><strong>μοι</strong></span> <span class='ocrx_word' id='word_1_704' title='bbox 678 4848 918 4910; x_wconf 85' lang='grc' dir='ltr'>δέδωκας</span> <span class='ocrx_word' id='word_1_705' title='bbox 942 4847 1263 4919; x_wconf 76' lang='grc' dir='ltr'>ἀρραϐῶνα,</span> <span class='ocrx_word' id='word_1_706' title='bbox 1292 4848 1351 4899; x_wconf 85' lang='grc' dir='ltr'><strong>ἐν</strong></span> <span class='ocrx_word' id='word_1_707' title='bbox 1373 4845 1638 4908; x_wconf 79' lang='grc' dir='ltr'>ἀσωτίαις</span> <span class='ocrx_word' id='word_1_708' title='bbox 1662 4847 1940 4916; x_wconf 75' lang='grc' dir='ltr'>ἀνήλωσα,</span> 
     </span>
    </p>
   </div>
   <div class='ocr_carea' id='block_1_95' title="bbox 344 4937 1937 5012">
    <p class='ocr_par' dir='ltr' id='par_1_95' title="bbox 344 4937 1937 5012">
     <span class='ocr_line' id='line_1_95' title="bbox 344 4937 1937 5012; baseline -0.002 -18"><span class='ocrx_word' id='word_1_709' title='bbox 344 4941 441 4995; x_wconf 84' lang='grc' dir='ltr'><strong>τὸν</strong></span> <span class='ocrx_word' id='word_1_710' title='bbox 487 4941 582 4995; x_wconf 84' lang='grc' dir='ltr'>τοῦ</span> <span class='ocrx_word' id='word_1_711' title='bbox 615 4940 872 5012; x_wconf 87' lang='grc' dir='ltr'>σώματος</span> <span class='ocrx_word' id='word_1_712' title='bbox 906 4940 1036 4993; x_wconf 73' lang='grc' dir='ltr'>ναὸν</span> <span class='ocrx_word' id='word_1_713' title='bbox 1077 4939 1396 5004; x_wconf 85' lang='grc' dir='ltr'>ἐσπίλωσα,</span> <span class='ocrx_word' id='word_1_714' title='bbox 1444 4937 1544 5010; x_wconf 83' lang='grc' dir='ltr'>τὴν</span> <span class='ocrx_word' id='word_1_715' title='bbox 1597 4937 1720 4994; x_wconf 85' lang='grc' dir='ltr'>κατ’</span> <span class='ocrx_word' id='word_1_716' title='bbox 1752 4938 1937 4992; x_wconf 77' lang='grc' dir='ltr'>εἰκόνα</span> 
     </span>
    </p>
   </div>
   <div class='ocr_carea' id='block_1_96' title="bbox 349 5030 1941 5104">
    <p class='ocr_par' dir='ltr' id='par_1_96' title="bbox 349 5030 1941 5104">
     <span class='ocr_line' id='line_1_96' title="bbox 349 5030 1941 5104; baseline -0.003 -15"><span class='ocrx_word' id='word_1_717' title='bbox 349 5053 448 5089; x_wconf 91' lang='grc' dir='ltr'><strong>σου</strong></span> <span class='ocrx_word' id='word_1_718' title='bbox 506 5034 666 5100; x_wconf 78' lang='grc' dir='ltr'>ἀξίαν</span> <span class='ocrx_word' id='word_1_719' title='bbox 714 5033 1059 5104; x_wconf 83' lang='grc' dir='ltr'>καθύϐρισα,</span> <span class='ocrx_word' id='word_1_720' title='bbox 1111 5032 1170 5086; x_wconf 88' lang='grc' dir='ltr'>ὃν</span> <span class='ocrx_word' id='word_1_721' title='bbox 1205 5031 1464 5096; x_wconf 81' lang='grc' dir='ltr'>ἐνέδυσάς</span> <span class='ocrx_word' id='word_1_722' title='bbox 1522 5049 1590 5103; x_wconf 89' lang='grc' dir='ltr'><strong>με</strong></span> <span class='ocrx_word' id='word_1_723' title='bbox 1635 5030 1941 5103; x_wconf 80' lang='grc' dir='ltr'>ἐρῤύπωσα</span> 
     </span>
    </p>
   </div>
   <div class='ocr_carea' id='block_1_97' title="bbox 349 5123 1941 5198">
    <p class='ocr_par' dir='ltr' id='par_1_97' title="bbox 349 5123 1941 5198">
     <span class='ocr_line' id='line_1_97' title="bbox 349 5123 1941 5198; baseline -0.002 -18"><span class='ocrx_word' id='word_1_724' title='bbox 349 5127 588 5198; x_wconf 88' lang='grc' dir='ltr'>χιτῶνα,</span> <span class='ocrx_word' id='word_1_725' title='bbox 623 5126 686 5179; x_wconf 84' lang='grc' dir='ltr'>τὸ</span> <span class='ocrx_word' id='word_1_726' title='bbox 723 5126 1016 5196; x_wconf 90' lang='grc' dir='ltr'>πρόσωπον</span> <span class='ocrx_word' id='word_1_727' title='bbox 1063 5125 1092 5176; x_wconf 82' lang='grc' dir='ltr'><strong>ὃ</strong></span> <span class='ocrx_word' id='word_1_728' title='bbox 1147 5141 1240 5194; x_wconf 88' lang='grc' dir='ltr'><strong>μοι</strong></span> <span class='ocrx_word' id='word_1_729' title='bbox 1275 5127 1340 5194; x_wconf 83' lang='grc' dir='ltr'>τῇ</span> <span class='ocrx_word' id='word_1_730' title='bbox 1379 5125 1742 5194; x_wconf 86' lang='grc' dir='ltr'>ἀναγεννήσει</span> <span class='ocrx_word' id='word_1_731' title='bbox 1780 5123 1941 5193; x_wconf 83' lang='grc' dir='ltr'>ἐφαί-</span> 
     </span>
    </p>
   </div>
   <div class='ocr_carea' id='block_1_98' title="bbox 347 5215 1942 5292">
    <p class='ocr_par' dir='ltr' id='par_1_98' title="bbox 347 5215 1942 5292">
     <span class='ocr_line' id='line_1_98' title="bbox 347 5215 1942 5292; baseline -0.003 -20"><span class='ocrx_word' id='word_1_732' title='bbox 347 5221 584 5292; x_wconf 89' lang='grc' dir='ltr'>δρυνας,</span> <span class='ocrx_word' id='word_1_733' title='bbox 626 5217 1052 5288; x_wconf 86' lang='grc' dir='ltr'>κατηχρείωσα,</span> <span class='ocrx_word' id='word_1_734' title='bbox 1087 5216 1218 5280; x_wconf 80' lang='grc' dir='ltr'>τοὺς</span> <span class='ocrx_word' id='word_1_735' title='bbox 1248 5216 1567 5287; x_wconf 77' lang='grc' dir='ltr'>ὀφθαλμοὺς</span> <span class='ocrx_word' id='word_1_736' title='bbox 1600 5215 1695 5280; x_wconf 81' lang='grc' dir='ltr'><strong>οὓς</strong></span> <span class='ocrx_word' id='word_1_737' title='bbox 1742 5216 1942 5284; x_wconf 71' lang='grc' dir='ltr'>ἐφώτι-</span> 
     </span>
    </p>
   </div>
   <div class='ocr_carea' id='block_1_99' title="bbox 351 5309 1942 5380">
    <p class='ocr_par' dir='ltr' id='par_1_99' title="bbox 351 5309 1942 5380">
     <span class='ocr_line' id='line_1_99' title="bbox 351 5309 1942 5380; baseline -0.004 -14"><span class='ocrx_word' id='word_1_738' title='bbox 351 5330 477 5379; x_wconf 85' lang='grc' dir='ltr'>σας,</span> <span class='ocrx_word' id='word_1_739' title='bbox 514 5312 678 5366; x_wconf 84' lang='grc' dir='ltr'>πάλιν</span> <span class='ocrx_word' id='word_1_740' title='bbox 717 5310 1031 5380; x_wconf 83' lang='grc' dir='ltr'>ἐτύφλωσα,</span> <span class='ocrx_word' id='word_1_741' title='bbox 1055 5309 1128 5362; x_wconf 85' lang='grc' dir='ltr'>τὰ</span> <span class='ocrx_word' id='word_1_742' title='bbox 1160 5309 1314 5380; x_wconf 88' lang='grc' dir='ltr'>χείλη</span> <span class='ocrx_word' id='word_1_743' title='bbox 1351 5326 1456 5379; x_wconf 85' lang='grc' dir='ltr'><strong>μου</strong></span> <span class='ocrx_word' id='word_1_744' title='bbox 1492 5309 1637 5378; x_wconf 77' lang='grc' dir='ltr'>ἅπερ</span> <span class='ocrx_word' id='word_1_745' title='bbox 1667 5309 1942 5379; x_wconf 84' lang='grc' dir='ltr'>ἡγίασας,</span> 
     </span>
    </p>
   </div>
   <div class='ocr_carea' id='block_1_100' title="bbox 352 5406 1942 5478">
    <p class='ocr_par' dir='ltr' id='par_1_100' title="bbox 352 5406 1942 5478">
     <span class='ocr_line' id='line_1_100' title="bbox 352 5406 1942 5478; baseline -0.001 -16"><span class='ocrx_word' id='word_1_746' title='bbox 352 5409 522 5463; x_wconf 81' lang='grc' dir='ltr'>πάλιν</span> <span class='ocrx_word' id='word_1_747' title='bbox 559 5409 820 5478; x_wconf 82' lang='grc' dir='ltr'>ἐμόλυνα.</span> <span class='ocrx_word' id='word_1_748' title='bbox 857 5406 1075 5460; x_wconf 87' lang='grc' dir='ltr'>Τούτων</span> <span class='ocrx_word' id='word_1_749' title='bbox 1107 5407 1366 5462; x_wconf 84' lang='grc' dir='ltr'>ἁπάντων</span> <span class='ocrx_word' id='word_1_750' title='bbox 1403 5407 1636 5471; x_wconf 76' lang='grc' dir='ltr'>εὐθύνας</span> <span class='ocrx_word' id='word_1_751' title='bbox 1669 5425 1738 5476; x_wconf 91' lang='grc' dir='ltr'><strong>με</strong></span> <span class='ocrx_word' id='word_1_752' title='bbox 1775 5409 1942 5460; x_wconf 87' lang='grc' dir='ltr'>ἀπαι-</span> 
     </span>
    </p>
   </div>
   <div class='ocr_carea' id='block_1_101' title="bbox 349 5497 1942 5571">
    <p class='ocr_par' dir='ltr' id='par_1_101' title="bbox 349 5497 1942 5571">
     <span class='ocr_line' id='line_1_101' title="bbox 349 5497 1942 5571; baseline -0.004 -13"><span class='ocrx_word' id='word_1_753' title='bbox 349 5503 483 5566; x_wconf 83' lang='grc' dir='ltr'>τῶν,</span> <span class='ocrx_word' id='word_1_754' title='bbox 525 5499 644 5555; x_wconf 77' lang='grc' dir='ltr'>οἶδα</span> <span class='ocrx_word' id='word_1_755' title='bbox 692 5502 778 5555; x_wconf 84' lang='grc' dir='ltr'><strong>ὅτι</strong></span> <span class='ocrx_word' id='word_1_756' title='bbox 819 5501 1200 5571; x_wconf 82' lang='grc' dir='ltr'>παραστήσεις</span> <span class='ocrx_word' id='word_1_757' title='bbox 1239 5517 1306 5570; x_wconf 88' lang='grc' dir='ltr'><strong>με</strong></span> <span class='ocrx_word' id='word_1_758' title='bbox 1358 5501 1568 5571; x_wconf 73' lang='grc' dir='ltr'>γυμνὸν</span> <span class='ocrx_word' id='word_1_759' title='bbox 1611 5499 1690 5570; x_wconf 82' lang='grc' dir='ltr'>τῷ</span> <span class='ocrx_word' id='word_1_760' title='bbox 1732 5497 1942 5569; x_wconf 79' lang='grc' dir='ltr'>βήματι</span> 
     </span>
    </p>
   </div>
   <div class='ocr_carea' id='block_1_102' title="bbox 355 5593 1938 5666">
    <p class='ocr_par' dir='ltr' id='par_1_102' title="bbox 355 5593 1938 5666">
     <span class='ocr_line' id='line_1_102' title="bbox 355 5593 1938 5666; baseline -0.004 -14"><span class='ocrx_word' id='word_1_761' title='bbox 355 5617 485 5666; x_wconf 84' lang='grc' dir='ltr'>σου,</span> <span class='ocrx_word' id='word_1_762' title='bbox 517 5599 614 5651; x_wconf 82' lang='grc' dir='ltr'><strong>καὶ</strong></span> <span class='ocrx_word' id='word_1_763' title='bbox 650 5595 722 5650; x_wconf 84' lang='grc' dir='ltr'><strong>τὰ</strong></span> <span class='ocrx_word' id='word_1_764' title='bbox 773 5593 1149 5666; x_wconf 60' lang='grc' dir='ltr'>πεπραγμένα</span> <span class='ocrx_word' id='word_1_765' title='bbox 1190 5610 1281 5664; x_wconf 91' lang='grc' dir='ltr'><strong>μοι</strong></span> <span class='ocrx_word' id='word_1_766' title='bbox 1332 5594 1512 5648; x_wconf 76' lang='grc' dir='ltr'>πάντα</span> <span class='ocrx_word' id='word_1_767' title='bbox 1549 5593 1815 5663; x_wconf 78' lang='grc' dir='ltr'>ἐλέγξεις,</span> <span class='ocrx_word' id='word_1_768' title='bbox 1841 5593 1938 5647; x_wconf 80' lang='grc' dir='ltr'><strong>καὶ</strong></span> 
     </span>
    </p>
   </div>
   <div class='ocr_carea' id='block_1_103' title="bbox 430 5768 2064 5851">
    <p class='ocr_par' dir='ltr' id='par_1_103' title="bbox 430 5768 2064 5851">
     <span class='ocr_line' id='line_1_103' title="bbox 430 5768 2064 5851; baseline 0 -28"><span class='ocrx_word' id='word_1_769' title='bbox 430 5773 478 5806; x_wconf 76' lang='grc'><strong>’⁸</strong></span> <span class='ocrx_word' id='word_1_770' title='bbox 495 5772 796 5851; x_wconf 41' lang='lat' dir='ltr'><strong>Pudeat.</strong></span> <span class='ocrx_word' id='word_1_771' title='bbox 823 5772 878 5826; x_wconf 70' lang='grc'><strong>2.</strong></span> <span class='ocrx_word' id='word_1_772' title='bbox 957 5772 1002 5805; x_wconf 85' lang='lat'>“</span> <span class='ocrx_word' id='word_1_773' title='bbox 1033 5771 1371 5851; x_wconf 43' lang='grc' dir='ltr'><strong>ικροΛ-νΰ.</strong></span> <span class='ocrx_word' id='word_1_774' title='bbox 1406 5842 1416 5851; x_wconf 82' lang='lat'><em>_</em></span> <span class='ocrx_word' id='word_1_775' title='bbox 1451 5771 1498 5800; x_wconf 81' lang='lat'>&quot;</span> <span class='ocrx_word' id='word_1_776' title='bbox 1535 5769 1933 5851; x_wconf 48' lang='lat' dir='ltr'><strong>Mattlt.“xvttt,</strong></span> <span class='ocrx_word' id='word_1_777' title='bbox 1975 5768 2064 5823; x_wconf 63' lang='lat'><strong>2‘.</strong></span> 
     </span>
    </p>
   </div>
   <div class='ocr_carea' id='block_1_104' title="bbox 357 5839 1881 5913">
    <p class='ocr_par' dir='ltr' id='par_1_104' title="bbox 357 5839 1881 5913">
     <span class='ocr_line' id='line_1_104' title="bbox 357 5839 1881 5913; baseline -0.006 -16"><span class='ocrx_word' id='word_1_778' title='bbox 357 5841 448 5897; x_wconf 78' lang='grc'><strong>57.</strong></span> <span class='ocrx_word' id='word_1_779' title='bbox 495 5844 544 5876; x_wconf 74' lang='grc'><strong>’⁸</strong></span> <span class='ocrx_word' id='word_1_780' title='bbox 589 5842 663 5900; x_wconf 81' lang='grc' dir='ltr'><strong>ιν</strong></span> <span class='ocrx_word' id='word_1_781' title='bbox 704 5844 839 5913; x_wconf 71' lang='lat' dir='ltr'><strong>lteg.</strong></span> <span class='ocrx_word' id='word_1_782' title='bbox 883 5859 996 5909; x_wconf 74' lang='lat' dir='ltr'><strong>XXI,</strong></span> <span class='ocrx_word' id='word_1_783' title='bbox 1043 5844 1129 5897; x_wconf 79' lang='grc'><strong>16.</strong></span> <span class='ocrx_word' id='word_1_784' title='bbox 1210 5845 1252 5874; x_wconf 80' lang='grc'><strong>’⁷⁷</strong></span> <span class='ocrx_word' id='word_1_785' title='bbox 1298 5842 1436 5898; x_wconf 68' lang='lat' dir='ltr'><strong>PSaI.</strong></span> <span class='ocrx_word' id='word_1_786' title='bbox 1483 5857 1692 5910; x_wconf 72' lang='lat' dir='ltr'><strong>xxxv&quot;,</strong></span> <span class='ocrx_word' id='word_1_787' title='bbox 1737 5840 1792 5908; x_wconf 76' lang='grc'>5,</span> <span class='ocrx_word' id='word_1_788' title='bbox 1828 5839 1881 5892; x_wconf 88' lang='grc'><strong>6.</strong></span> 
     </span>
    </p>
   </div>
   <div class='ocr_carea' id='block_1_105' title="bbox 2050 4659 3633 4733">
    <p class='ocr_par' dir='ltr' id='par_1_105' title="bbox 2050 4659 3633 4733">
     <span class='ocr_line' id='line_1_105' title="bbox 2050 4659 3633 4733; baseline -0.011 -12"><span class='ocrx_word' id='word_1_789' title='bbox 2050 4678 2138 4721; x_wconf 89' lang='lat' dir='ltr'><strong>tus</strong></span> <span class='ocrx_word' id='word_1_790' title='bbox 2167 4681 2288 4721; x_wconf 90' lang='lat' dir='ltr'><strong>sum</strong></span> <span class='ocrx_word' id='word_1_791' title='bbox 2329 4679 2498 4733; x_wconf 88' lang='lat' dir='ltr'><strong>usque</strong></span> <span class='ocrx_word' id='word_1_792' title='bbox 2527 4665 2578 4717; x_wconf 92' lang='lat' dir='ltr'><strong>in</strong></span> <span class='ocrx_word' id='word_1_793' title='bbox 2615 4663 2776 4716; x_wconf 76' lang='lat' dir='ltr'><strong>linem</strong></span> <span class='ocrx_word' id='word_1_794' title='bbox 2805 4662 2872 4714; x_wconf 86' lang='grc'><strong>⁷⁷.</strong></span> <span class='ocrx_word' id='word_1_795' title='bbox 2921 4679 2940 4712; x_wconf 74' lang='grc' dir='ltr'><strong>ι</strong></span> <span class='ocrx_word' id='word_1_796' title='bbox 2968 4659 3172 4714; x_wconf 88' lang='lat' dir='ltr'><strong>Nomen</strong></span> <span class='ocrx_word' id='word_1_797' title='bbox 3209 4666 3456 4711; x_wconf 87' lang='lat' dir='ltr'><strong>sanctum</strong></span> <span class='ocrx_word' id='word_1_798' title='bbox 3487 4668 3633 4708; x_wconf 89' lang='lat' dir='ltr'><strong>tuum</strong></span> 
     </span>
    </p>
   </div>
   <div class='ocr_carea' id='block_1_106' title="bbox 2051 4746 3638 4822">
    <p class='ocr_par' dir='ltr' id='par_1_106' title="bbox 2051 4746 3638 4822">
     <span class='ocr_line' id='line_1_106' title="bbox 2051 4746 3638 4822; baseline -0.008 -10"><span class='ocrx_word' id='word_1_799' title='bbox 2051 4755 2289 4820; x_wconf 86' lang='lat' dir='ltr'><strong>irritavi,</strong></span> <span class='ocrx_word' id='word_1_800' title='bbox 2333 4754 2598 4822; x_wconf 88' lang='lat' dir='ltr'><strong>Spiritutu</strong></span> <span class='ocrx_word' id='word_1_801' title='bbox 2648 4763 2796 4806; x_wconf 92' lang='lat' dir='ltr'><strong>tuum</strong></span> <span class='ocrx_word' id='word_1_802' title='bbox 2844 4750 3184 4811; x_wconf 88' lang='lat' dir='ltr'><strong>coutristavi,</strong></span> <span class='ocrx_word' id='word_1_803' title='bbox 3228 4748 3498 4801; x_wconf 81' lang='lat' dir='ltr'><strong>mandatis</strong></span> <span class='ocrx_word' id='word_1_804' title='bbox 3533 4746 3638 4799; x_wconf 89' lang='lat' dir='ltr'><strong>tuis</strong></span> 
     </span>
    </p>
   </div>
   <div class='ocr_carea' id='block_1_107' title="bbox 2051 4841 3636 4915">
    <p class='ocr_par' dir='ltr' id='par_1_107' title="bbox 2051 4841 3636 4915">
     <span class='ocr_line' id='line_1_107' title="bbox 2051 4841 3636 4915; baseline -0.008 -12"><span class='ocrx_word' id='word_1_805' title='bbox 2051 4865 2157 4903; x_wconf 89' lang='lat' dir='ltr'><strong>non</strong></span> <span class='ocrx_word' id='word_1_806' title='bbox 2180 4845 2574 4915; x_wconf 85' lang='lat' dir='ltr'><strong>obtemperavi,</strong></span> <span class='ocrx_word' id='word_1_807' title='bbox 2601 4853 2723 4899; x_wconf 84' lang='lat' dir='ltr'><strong>tuas</strong></span> <span class='ocrx_word' id='word_1_808' title='bbox 2751 4859 2885 4913; x_wconf 88' lang='lat' dir='ltr'><strong>opes</strong></span> <span class='ocrx_word' id='word_1_809' title='bbox 2914 4843 3051 4896; x_wconf 87' lang='lat' dir='ltr'><strong>male</strong></span> <span class='ocrx_word' id='word_1_810' title='bbox 3079 4841 3360 4910; x_wconf 85' lang='lat' dir='ltr'><strong>dissipavi,</strong></span> <span class='ocrx_word' id='word_1_811' title='bbox 3386 4855 3449 4891; x_wconf 87' lang='lat' dir='ltr'><strong>ac</strong></span> <span class='ocrx_word' id='word_1_812' title='bbox 3474 4854 3636 4906; x_wconf 86' lang='lat' dir='ltr'><strong>quam</strong></span> 
     </span>
    </p>
   </div>
   <div class='ocr_carea' id='block_1_108' title="bbox 2046 4929 3636 4998">
    <p class='ocr_par' dir='ltr' id='par_1_108' title="bbox 2046 4929 3636 4998">
     <span class='ocr_line' id='line_1_108' title="bbox 2046 4929 3636 4998; baseline -0.011 -1"><span class='ocrx_word' id='word_1_813' title='bbox 2046 4941 2178 4997; x_wconf 86' lang='lat' dir='ltr'><strong>tuilti</strong></span> <span class='ocrx_word' id='word_1_814' title='bbox 2215 4939 2436 4993; x_wconf 85' lang='lat' dir='ltr'><strong>arrltam</strong></span> <span class='ocrx_word' id='word_1_815' title='bbox 2486 4938 2686 4992; x_wconf 89' lang='lat' dir='ltr'><strong>dedisti</strong></span> <span class='ocrx_word' id='word_1_816' title='bbox 2741 4937 2792 4989; x_wconf 90' lang='lat' dir='ltr'><strong>in</strong></span> <span class='ocrx_word' id='word_1_817' title='bbox 2841 4935 3072 4989; x_wconf 79' lang='lat' dir='ltr'><strong>luxuriis</strong></span> <span class='ocrx_word' id='word_1_818' title='bbox 3125 4929 3464 4998; x_wconf 83' lang='lat' dir='ltr'><strong>consumpsi,</strong></span> <span class='ocrx_word' id='word_1_819' title='bbox 3504 4943 3636 4982; x_wconf 92' lang='lat' dir='ltr'><strong>tent-</strong></span> 
     </span>
    </p>
   </div>
   <div class='ocr_carea' id='block_1_109' title="bbox 2045 5021 3638 5104">
    <p class='ocr_par' dir='ltr' id='par_1_109' title="bbox 2045 5021 3638 5104">
     <span class='ocr_line' id='line_1_109' title="bbox 2045 5021 3638 5104; baseline -0.011 -15"><span class='ocrx_word' id='word_1_820' title='bbox 2045 5035 2189 5104; x_wconf 92' lang='lat' dir='ltr'><strong>plum</strong></span> <span class='ocrx_word' id='word_1_821' title='bbox 2221 5032 2467 5100; x_wconf 83' lang='lat' dir='ltr'><strong>corporis</strong></span> <span class='ocrx_word' id='word_1_822' title='bbox 2484 5029 2880 5095; x_wconf 89' lang='lat' dir='ltr'><strong>contaminavi,</strong></span> <span class='ocrx_word' id='word_1_823' title='bbox 2909 5027 3225 5096; x_wconf 89' lang='lat' dir='ltr'><strong>dignitatem</strong></span> <span class='ocrx_word' id='word_1_824' title='bbox 3249 5033 3354 5075; x_wconf 63' lang='lat' dir='ltr'><strong>tua:</strong></span> <span class='ocrx_word' id='word_1_825' title='bbox 3383 5021 3638 5089; x_wconf 79' lang='lat' dir='ltr'><strong>imaginis</strong></span> 
     </span>
    </p>
   </div>
   <div class='ocr_carea' id='block_1_110' title="bbox 2047 5111 3636 5193">
    <p class='ocr_par' dir='ltr' id='par_1_110' title="bbox 2047 5111 3636 5193">
     <span class='ocr_line' id='line_1_110' title="bbox 2047 5111 3636 5193; baseline -0.008 -14"><span class='ocrx_word' id='word_1_826' title='bbox 2047 5123 2266 5186; x_wconf 79' lang='lat' dir='ltr'><strong>violavi,</strong></span> <span class='ocrx_word' id='word_1_827' title='bbox 2295 5136 2459 5193; x_wconf 90' lang='lat' dir='ltr'><strong>quam</strong></span> <span class='ocrx_word' id='word_1_828' title='bbox 2486 5137 2572 5176; x_wconf 90' lang='lat' dir='ltr'><strong>me</strong></span> <span class='ocrx_word' id='word_1_829' title='bbox 2591 5121 2848 5175; x_wconf 89' lang='lat' dir='ltr'><strong>indueras</strong></span> <span class='ocrx_word' id='word_1_830' title='bbox 2873 5117 3111 5172; x_wconf 90' lang='lat' dir='ltr'><strong>tunicam</strong></span> <span class='ocrx_word' id='word_1_831' title='bbox 3136 5114 3390 5170; x_wconf 80' lang='lat' dir='ltr'><strong>sordibus</strong></span> <span class='ocrx_word' id='word_1_832' title='bbox 3415 5111 3636 5168; x_wconf 67' lang='lat' dir='ltr'><strong>fmilavi.</strong></span> 
     </span>
    </p>
   </div>
   <div class='ocr_carea' id='block_1_111' title="bbox 2050 5205 3641 5286">
    <p class='ocr_par' dir='ltr' id='par_1_111' title="bbox 2050 5205 3641 5286">
     <span class='ocr_line' id='line_1_111' title="bbox 2050 5205 3641 5286; baseline -0.011 -14"><span class='ocrx_word' id='word_1_833' title='bbox 2050 5217 2254 5272; x_wconf 87' lang='lat' dir='ltr'><strong>vultum</strong></span> <span class='ocrx_word' id='word_1_834' title='bbox 2283 5231 2444 5286; x_wconf 91' lang='lat' dir='ltr'><strong>quem</strong></span> <span class='ocrx_word' id='word_1_835' title='bbox 2481 5215 2614 5268; x_wconf 89' lang='lat' dir='ltr'><strong>mibi</strong></span> <span class='ocrx_word' id='word_1_836' title='bbox 2641 5211 3053 5281; x_wconf 81' lang='lat' dir='ltr'><strong>rcgeneratione</strong></span> <span class='ocrx_word' id='word_1_837' title='bbox 3086 5221 3435 5278; x_wconf 85' lang='lat' dir='ltr'><strong>perornaras,</strong></span> <span class='ocrx_word' id='word_1_838' title='bbox 3471 5205 3641 5274; x_wconf 84' lang='lat' dir='ltr'><strong>turpi-</strong></span> 
     </span>
    </p>
   </div>
   <div class='ocr_carea' id='block_1_112' title="bbox 2053 5289 3639 5373">
    <p class='ocr_par' dir='ltr' id='par_1_112' title="bbox 2053 5289 3639 5373">
     <span class='ocr_line' id='line_1_112' title="bbox 2053 5289 3639 5373; baseline -0.011 -7"><span class='ocrx_word' id='word_1_839' title='bbox 2053 5320 2136 5366; x_wconf 88' lang='lat' dir='ltr'><strong>ter</strong></span> <span class='ocrx_word' id='word_1_840' title='bbox 2161 5308 2459 5365; x_wconf 83' lang='lat' dir='ltr'><strong>delortnavi</strong></span> <span class='ocrx_word' id='word_1_841' title='bbox 2495 5325 2510 5362; x_wconf 88' lang='lat'><strong>:</strong></span> <span class='ocrx_word' id='word_1_842' title='bbox 2561 5307 2747 5362; x_wconf 87' lang='lat' dir='ltr'><strong>oculos</strong></span> <span class='ocrx_word' id='word_1_843' title='bbox 2785 5289 2920 5373; x_wconf 77' lang='lat' dir='ltr'><strong>quos</strong></span> <span class='ocrx_word' id='word_1_844' title='bbox 2960 5301 3396 5358; x_wconf 69' lang='lat' dir='ltr'><strong>illuminaveras,</strong></span> <span class='ocrx_word' id='word_1_845' title='bbox 3445 5299 3639 5351; x_wconf 89' lang='lat' dir='ltr'><strong>iterum</strong></span> 
     </span>
    </p>
   </div>
   <div class='ocr_carea' id='block_1_113' title="bbox 2050 5393 3642 5467">
    <p class='ocr_par' dir='ltr' id='par_1_113' title="bbox 2050 5393 3642 5467">
     <span class='ocr_line' id='line_1_113' title="bbox 2050 5393 3642 5467; baseline -0.013 -9"><span class='ocrx_word' id='word_1_846' title='bbox 2050 5403 2353 5467; x_wconf 62' lang='lat' dir='ltr'><strong>excaecavi;</strong></span> <span class='ocrx_word' id='word_1_847' title='bbox 2406 5400 2550 5453; x_wconf 88' lang='lat' dir='ltr'><strong>labia</strong></span> <span class='ocrx_word' id='word_1_848' title='bbox 2597 5415 2714 5454; x_wconf 89' lang='lat' dir='ltr'><strong>tnea</strong></span> <span class='ocrx_word' id='word_1_849' title='bbox 2757 5414 2877 5466; x_wconf 77' lang='lat' dir='ltr'><strong>qua:</strong></span> <span class='ocrx_word' id='word_1_850' title='bbox 2925 5393 3395 5456; x_wconf 82' lang='lat' dir='ltr'><strong>sanctiﬁcaveras,</strong></span> <span class='ocrx_word' id='word_1_851' title='bbox 3453 5404 3642 5443; x_wconf 84' lang='lat' dir='ltr'><strong>rursus</strong></span> 
     </span>
    </p>
   </div>
   <div class='ocr_carea' id='block_1_114' title="bbox 2051 5481 3646 5568">
    <p class='ocr_par' dir='ltr' id='par_1_114' title="bbox 2051 5481 3646 5568">
     <span class='ocr_line' id='line_1_114' title="bbox 2051 5481 3646 5568; baseline -0.012 -18"><span class='ocrx_word' id='word_1_852' title='bbox 2051 5496 2237 5568; x_wconf 87' lang='lat' dir='ltr'><strong>pollui.</strong></span> <span class='ocrx_word' id='word_1_853' title='bbox 2297 5495 2500 5549; x_wconf 31' lang='lat' dir='ltr'><strong>l’lorunt</strong></span> <span class='ocrx_word' id='word_1_854' title='bbox 2552 5493 2796 5548; x_wconf 90' lang='lat' dir='ltr'><strong>omnium</strong></span> <span class='ocrx_word' id='word_1_855' title='bbox 2823 5507 2852 5544; x_wconf 90' lang='lat' dir='ltr'><strong>a</strong></span> <span class='ocrx_word' id='word_1_856' title='bbox 2893 5505 2980 5544; x_wconf 88' lang='lat' dir='ltr'><strong>me</strong></span> <span class='ocrx_word' id='word_1_857' title='bbox 3015 5487 3242 5556; x_wconf 84' lang='lat' dir='ltr'><strong>exigens</strong></span> <span class='ocrx_word' id='word_1_858' title='bbox 3275 5498 3488 5554; x_wconf 72' lang='lat' dir='ltr'><strong>poenas.</strong></span> <span class='ocrx_word' id='word_1_859' title='bbox 3528 5481 3646 5534; x_wconf 82' lang='lat' dir='ltr'><strong>fore</strong></span> 
     </span>
    </p>
   </div>
   <div class='ocr_carea' id='block_1_115' title="bbox 2057 5573 3646 5645">
    <p class='ocr_par' dir='ltr' id='par_1_115' title="bbox 2057 5573 3646 5645">
     <span class='ocr_line' id='line_1_115' title="bbox 2057 5573 3646 5645; baseline -0.013 0"><span class='ocrx_word' id='word_1_860' title='bbox 2057 5591 2172 5645; x_wconf 88' lang='lat' dir='ltr'><strong>scio</strong></span> <span class='ocrx_word' id='word_1_861' title='bbox 2199 5597 2257 5643; x_wconf 89' lang='grc' dir='ltr'><strong>ιιι</strong></span> <span class='ocrx_word' id='word_1_862' title='bbox 2292 5590 2493 5644; x_wconf 91' lang='lat' dir='ltr'><strong>nudum</strong></span> <span class='ocrx_word' id='word_1_863' title='bbox 2533 5601 2618 5641; x_wconf 89' lang='lat' dir='ltr'><strong>me</strong></span> <span class='ocrx_word' id='word_1_864' title='bbox 2649 5598 2776 5640; x_wconf 91' lang='lat' dir='ltr'><strong>ante</strong></span> <span class='ocrx_word' id='word_1_865' title='bbox 2833 5595 2982 5638; x_wconf 89' lang='lat' dir='ltr'><strong>tttum</strong></span> <span class='ocrx_word' id='word_1_866' title='bbox 3031 5590 3242 5636; x_wconf 87' lang='lat' dir='ltr'><strong>statuas</strong></span> <span class='ocrx_word' id='word_1_867' title='bbox 3291 5573 3552 5639; x_wconf 90' lang='lat' dir='ltr'><strong>tribunal,</strong></span> <span class='ocrx_word' id='word_1_868' title='bbox 3584 5586 3646 5626; x_wconf 88' lang='lat' dir='ltr'><strong>ac</strong></span> 
     </span>
    </p>
   </div>
   <div class='ocr_carea' id='block_1_116' title="bbox 3322 5749 3650 5820">
    <p class='ocr_par' dir='ltr' id='par_1_116' title="bbox 3322 5749 3650 5820">
     <span class='ocr_line' id='line_1_116' title="bbox 3322 5749 3650 5820; baseline 0.009 -14"><span class='ocrx_word' id='word_1_869' title='bbox 3322 5752 3370 5784; x_wconf 85' lang='lat'><strong>&quot;</strong></span> <span class='ocrx_word' id='word_1_870' title='bbox 3393 5749 3530 5806; x_wconf 84' lang='lat' dir='ltr'><strong>Luc.</strong></span> <span class='ocrx_word' id='word_1_871' title='bbox 3561 5770 3650 5820; x_wconf 84' lang='lat' dir='ltr'><strong>vn,</strong></span> 
     </span>
    </p>
   </div>
   <div class='ocr_carea' id='block_1_117' title="bbox 2180 5755 3245 5831">
    <p class='ocr_par' dir='ltr' id='par_1_117' title="bbox 2180 5755 3245 5831">
     <span class='ocr_line' id='line_1_117' title="bbox 2180 5755 3245 5831; baseline -0.013 -8"><span class='ocrx_word' id='word_1_872' title='bbox 2180 5769 2226 5800; x_wconf 87' lang='grc'><strong>⁷³</strong></span> <span class='ocrx_word' id='word_1_873' title='bbox 2259 5767 2392 5823; x_wconf 89' lang='lat' dir='ltr'><strong>Luc.</strong></span> <span class='ocrx_word' id='word_1_874' title='bbox 2422 5780 2578 5831; x_wconf 80' lang='lat' dir='ltr'><strong>xvttt,</strong></span> <span class='ocrx_word' id='word_1_875' title='bbox 2613 5764 2700 5818; x_wconf 82' lang='lat' dir='ltr'><strong>lC.</strong></span> <span class='ocrx_word' id='word_1_876' title='bbox 2827 5761 2873 5794; x_wconf 68' lang='grc'><strong>⁷⁵</strong></span> <span class='ocrx_word' id='word_1_877' title='bbox 2904 5759 3036 5815; x_wconf 87' lang='lat' dir='ltr'><strong>Luc.</strong></span> <span class='ocrx_word' id='word_1_878' title='bbox 3073 5774 3126 5824; x_wconf 70' lang='grc' dir='ltr'>κ,</span> <span class='ocrx_word' id='word_1_879' title='bbox 3153 5755 3245 5811; x_wconf 83' lang='grc'><strong>50.</strong></span> 
     </span>
    </p>
   </div>
  </div>
