4064 6414
290 270 432 334 1121

1473 284 1759 348 ORATIO
1802 284 1883 351 ΙΝ
1920 290 2288 357 PSALMUII
2326 294 2429 358 VI.

3441 296 3586 364 1122

289 383 550 451 μάσαντα
578 383 641 439 τὸ
686 383 868 442 ἔλαιον
889 429 903 451 ,
937 390 1037 462 τὴν
1076 391 1285 466 τρουὴν
1310 395 1406 449 τοῦ
1443 401 1643 467 φωτός.
1677 402 1771 473 Μὴ
1802 403 1889 456 λά-

1997 408 2248 476 nuptiali,
2282 425 2383 465 nec
2419 410 2710 467 habentem
2752 409 2962 468 fructus
3013 410 3219 482 aliquid
3262 414 3408 484 quod
3447 413 3583 471 οσο-

285 475 393 549 ἦῃς
426 494 495 547 με
531 478 713 548 γάμου
742 480 819 553 μὴ
850 480 1044 552 ἔχοντα
1069 483 1297 557 ἔνδυμα,
1333 490 1470 560 μηδὲ
1501 492 1639 563 πρὸς
1674 511 1883 565 trapeto.

285 570 493 642 φορίαν
523 579 922 644 προσενεγκεῖν
957 577 1041 630 σοί
1070 596 1125 633 τι
1154 580 1349 651 ἔχοντα
1374 599 1387 611 ·
1421 583 1558 638 ἁλλά
1579 589 1888 659 φιλανθρωο

288 664 565 747 πεθθητι,
615 666 760 721 ἀλλὰ
793 672 893 740 τῆς
938 673 1314 742 χρηστὼητὸς
1365 693 1460 733 σου
1508 677 1602 732 τὸν
1650 680 1886 738 πλοῦτον

285 756 591 825 ἐπίδειξον,
621 759 760 813 ἀλλὰ
786 763 1225 837 μακροθύμησον
1249 766 1332 822 ἔτι
1353 786 1463 839 ,μοι
1497 769 1539 835 ι,
1558 771 1638 844 τῷ
1665 773 1884 843 ἀμελεῖ,

284 848 371 917 τῷ
426 851 772 923 ἁμαρτωλῷ,
832 853 913 924 τῷ
963 856 1186 929 ἀσώτῳ,
1248 858 1372 933 [τῷ]
1441 862 1754 935 ἀγνώμονι,
1805 866 1886 937 τῷ

286 940 660 1014 ἀσπλάγχνῳ,
692 945 772 1016 τῷ
798 947 1166 1022 ταλαιπώρῳ,
1204 953 1283 1022 τῷ
1329 952 1542 1027 ἀναξίῳ
1569 956 1886 1030 φιλανθρωο

287 1034 454 1096 πίας,
482 1035 580 1087 καὶ
613 1036 794 1108 πάσης
819 1040 1094 1109 τιμωρίας
1121 1041 1284 1113 ἀξίῳ.

368 1144 386 1177 ι
438 1125 691 1198 Ἐλέησόν
724 1114 816 1198 με,
854 1130 1048 1201 Κύριε,
1078 1133 1161 1188 ὅτι
1189 1134 1429 1207 ἀσθενής
1461 1139 1599 1209 εἰμι.
1640 1159 1659 1192 ι
1693 1139 1885 1196 ’Δσθε-

286 1220 375 1271 νεῖ
406 1235 509 1289 μου
540 1222 574 1290 ἡ
602 1220 821 1292 γνώμη,
854 1224 1074 1279 ἀσθενεῖ
1098 1244 1201 1297 μου
1230 1229 1260 1281 ὁ
1288 1229 1573 1301 λογισμός.
1604 1233 1887 1302 Ἐξέλιπεν

285 1308 325 1373 ὴ
372 1307 487 1378 ζωή
524 1326 650 1380 μου.
688 1329 704 1363 ι
756 1312 1039 1380 Ἐξέλιπον
1069 1318 1128 1371 ὲν
1181 1320 1508 1393 ματαιότητι
1564 1325 1624 1381 αἱ
1673 1327 1885 1400 ἡμέραι

289 1415 422 1468 μου,
460 1418 479 1451 ι
541 1401 636 1454 καὶ
680 1403 741 1455 τὸ
799 1404 956 1470 τέλος
995 1406 1238 1476 ἐγγίζον.
1305 1412 1448 1466 Ἀλλ’
1492 1413 1744 1473 ἔκτεινόν
1790 1437 1883 1488 μοι

284 1492 471 1562 χεῖρα,
496 1490 647 1563 βυθῷ
669 1497 1054 1570 χειμαζομένῳ
1073 1501 1151 1573 τῷ
1167 1503 1279 1557 τῶν
1301 1504 1610 1575 ἁμαρτιῶν.
1636 1510 1885 1578 ’Δνοιξον

285 1585 482 1654 κάμοὶ,
513 1585 782 1649 Δέσποτα,
816 1590 915 1661 τὴν
941 1591 1111 1664 θύραν
1140 1595 1237 1648 τοῦ
1270 1597 1454 1660 ἐλέους
1486 1616 1604 1654 σου.
1635 1601 1886 1668 ’Δνοιξον

286 1678 547 1746 κρούοντι
581 1681 841 1746 ἀναξίως,
879 1684 974 1738 καὶ
1007 1687 1083 1757 μὴ
1123 1688 1346 1762 κλείσῃς
1390 1693 1562 1765 αὐτὴν
1590 1696 1687 1749 ἀπ’
1718 1697 1883 1767 ἐμοῦ.

1994 514 2134 564 ram,
2164 502 2258 556 sed
2290 501 2424 557 mihi
2456 512 2576 559 esto
2606 504 2849 560 clemens
2872 520 2933 559 ac
2967 505 3273 576 benignus;
3301 507 3396 561 sed
3429 508 3584 564 boni-

1994 591 2125 647 tatis
2149 602 2260 647 tua
2293 594 2519 650 divitias
2546 595 2764 661 exhibe,
2797 596 2893 651 sed
2934 598 2986 651 in
3022 612 3108 652 me
3137 597 3464 669 longanimis
3486 614 3582 670 pa-

1996 682 2240 741 tientiam
2276 686 2414 741 habe
2436 704 2452 740 :
2474 702 2585 754 me,
2610 687 2856 759 inquam,
2891 687 3181 752 incuriam.
3211 699 3580 760 peecatorem,

1994 770 2360 839 luxuriosum,
2398 777 2693 845 ingratum,
2742 779 3260 847 immisericordem,
3292 780 3579 844 miserum,

1992 866 2280 936 indignum
2307 869 2597 925 clementia
2629 887 2694 928 ac
2726 872 3090 944 benignitate,
3131 886 3400 943 poenaque
3430 873 3580 929 omni

1995 973 2060 1015 ac
2092 961 2361 1030 Supplicia
2383 963 2634 1034 dignum.

2070 1157 2091 1197 ι
2129 1141 2387 1199 Miserere
2415 1145 2544 1209 mei,
2573 1143 2825 1209 Domine,
2847 1144 3105 1215 quoniam
3125 1144 3379 1200 inﬁrmus
3399 1158 3578 1198 sum.»

1994 1231 2211 1292 Inﬁrma
2240 1244 2324 1289 est
2362 1251 2517 1292 mens
2548 1251 2670 1293 mea
2704 1255 2718 1291 :
2751 1236 2967 1292 inﬁrma
3016 1235 3179 1291 ratio.
3230 1233 3438 1291 Deiecit
3472 1235 3581 1288 vita

1993 1339 2136 1379 mea.
2174 1344 2194 1376 ι
2229 1325 2552 1383 Defecerunt
2574 1328 2630 1385 in
2663 1329 2907 1384 vanitate
2929 1328 3048 1383 dies
3079 1327 3183 1382 mei
3207 1326 3277 1392 “,
3305 1344 3324 1379 ι
3350 1325 3584 1397 ﬁnisque

1994 1434 2163 1490 prope
2188 1429 2294 1474 est.
2332 1416 2534 1477 Verum
2560 1422 2694 1477 mihi
2720 1437 2945 1477 manum
2972 1420 3209 1491 porrige,
3238 1422 3332 1490 qui
3364 1420 3416 1474 in
3450 1434 3582 1490 pec.

1993 1522 2239 1568 calorum
2279 1513 2553 1582 profundo
2588 1513 2763 1583 jacter
2786 1522 3135 1585 tempestate.
3170 1512 3300 1567 libi
3333 1526 3580 1584 quoque.

1994 1600 2245 1661 Domine.
2296 1604 2445 1670 apt-ri
2489 1603 2719 1670 ianuam
2768 1612 2877 1658 tum
2925 1602 3342 1659 misericordiae.
3393 1602 3579 1671 Aperi,

1994 1709 2308 1769 quanquam
2342 1696 2559 1767 indigne
2586 1696 2850 1766 pulsanti,
2884 1711 2985 1753 nec
3015 1711 3133 1749 eam
3166 1694 3299 1750 mihi
3329 1695 3581 1750 occluse-

300 1771 431 1824 Ἐὰν
454 1774 563 1842 γάρ
584 1775 650 1828 σὺ
682 1774 925 1849 κλείσῃς,
950 1779 1036 1842 τίς
1068 1780 1308 1850 ἀνοίξεις
1352 1786 1480 1839 Ἐὰν
1512 1787 1577 1841 σὺ
1611 1786 1687 1859 μὴ
1714 1788 1889 1843 σπεύ-

1997 1787 2090 1841 ris.
2126 1785 2182 1842 Si
2215 1789 2362 1844 enim
2389 1801 2443 1843 tu
2475 1790 2763 1855 clauseris,
2787 1790 2910 1859 quis
2928 1804 3053 1845 eam
3086 1789 3305 1844 tandem
3335 1786 3581 1858 aperiet?

287 1880 394 1937 σῃς
413 1905 427 1926 ,
476 1868 561 1931 τίς
588 1867 783 1921 λοιπὸν
828 1868 1091 1941 βοηθήσει
1120 1888 1135 1935 ;
1163 1874 1339 1937 Αὐτὸς
1367 1876 1444 1940 ὠς
1498 1879 1661 1947 φύσει
1693 1879 1886 1948 φιλάν-

288 1957 537 2028 θρωπος,
573 1958 664 2022 δδς
708 1961 902 2032 καιρὸν
938 1964 1255 2032 μετανοίας,
1305 1965 1396 2029 δὸς
1434 1968 1777 2041 ἐπιστροφῆς
1809 1970 1889 2026 λο-

287 2051 511 2120 γισμόν.
550 2052 690 2105 Ὅσα
724 2052 792 2106 ἂν
828 2054 942 2123 ἐγὼ
983 2058 1216 2127 ποιήσω,
1256 2058 1497 2114 ἀδύνατα
1522 2062 1620 2117 καὶ
1648 2064 1887 2118 εὐκατά-

289 2143 428 2196 λυτα
460 2143 741 2213 μένουσιν.
773 2147 866 2202 Ei:
891 2148 994 2201 ὅσα
1023 2150 1091 2203 ἂν
1118 2151 1483 2225 ἐπιχειρήσω,
1505 2154 1768 2225 ἄπρακτα
1795 2159 1889 2215 καὶ

291 2235 466 2305 ἀτελῆ
481 2236 746 2303 γίνονται.
779 2237 871 2310 Μὴ
898 2240 1235 2313 ἀναϐάλλῃς,
1265 2244 1536 2312 Δέσποτα,
1561 2247 1661 2316 τὴν
1693 2249 1887 2321 ἀκοὴν,

290 2328 436 2381 ἀλλὰ
468 2328 658 2392 σώζων
696 2332 756 2385 τὸ
802 2332 1029 2403 πλάσμα
1064 2352 1159 2388 σου
1196 2337 1538 2407 πρὸφθασον.
1579 2341 1651 2394 Σὺ
1680 2338 1848 2406 εἶπας
1870 2383 1886 2409 ,

294 2419 383 2472 ’ὁτι
417 2440 435 2471 r
471 2421 546 2474 Οὐ
581 2422 853 2477 ἀδύνασθε
882 2426 1052 2494 χωρὶς
1086 2426 1223 2496 ἐμοῦ
1259 2431 1438 2482 ποιεῖν
1472 2430 1649 2484 οὐδέν.
1678 2450 1696 2483 ι
1742 2434 1889 2504 Πρό-

300 2511 441 2564 λαϐε
472 2504 536 2583 τῇ
582 2514 894 2586 ἐπιστροφῇ
944 2517 1045 2586 τῆς
1073 2519 1256 2589 ψυχῆς
1297 2537 1400 2589 μου
1440 2521 1540 2592 τῆς
1586 2523 1891 2594 παρώικῆς

303 2600 455 2671 ζωῆς
493 2601 579 2656 τὸν
619 2605 834 2673 χρόνον.
883 2605 1020 2658 Ὑπὸ
1067 2606 1170 2676 τῆς
1217 2607 1437 2676 φύσεως
1485 2612 1887 2683 τυραννοῦμαιλ,

297 2693 408 2746 ὑπὸ
437 2694 532 2766 τῆς
574 2697 756 2767 κακῆς
798 2692 1182 2771 ’προαιρέσεως
1238 2702 1605 2771 ὲκϐιάζομαι,
1640 2708 1747 2760 ὑπὸ
1793 2710 1891 2778 τῆς

294 2792 544 2860 πονηρᾶς
600 2792 993 2863 ἀναγκάζομαι
1050 2796 1374 2866 συνηθείας·
1420 2799 1504 2852 διὸ
1563 2818 1581 2851 ι
1635 2801 1891 2870 Ἐλέησόν

294 2899 393 2952 με.
417 2883 500 2936 ὅτι
529 2882 765 2956 ἀσθενής
786 2888 924 2956 εἰμι.
962 2906 982 2938 ι
1027 2887 1387 2959 Ἑκνευρῖσας
1413 2891 1524 2962 γάρ
1548 2909 1617 2963 με
1641 2895 1668 2947 ὁ
1697 2895 1892 2965 ἐχθρός

293 2992 441 3045 μου,
508 2976 712 3047 ἀσθενῆ
776 2978 871 3031 καὶ
928 2981 1409 3050 τεταπεινωμένον
1461 2976 1742 3054 ἐποίήσεν.
1833 2987 1891 3040 '0

1990 1876 2105 1933 Nisi
2142 1889 2197 1933 tu
2226 1878 2593 1949 festinaveris,
2627 1882 2752 1951 quis
2780 1882 2998 1936 demum
3021 1881 3127 1936 erit
3151 1879 3391 1935 auxilio?
3420 1878 3582 1933 Plane

1992 1987 2172 2026 nemo.
2225 1971 2303 2026 Tu
2354 1974 2445 2043 qui
2483 1972 2627 2029 Deus
2678 1974 2921 2029 clemens
2970 1973 3048 2028 sis
3081 1988 3148 2027 ac
3176 1972 3476 2039 benignus,
3510 1973 3581 2028 da

1992 2062 2327 2130 poenitentia:
2356 2074 2571 2132 tempus
2595 2079 2612 2127 ;
2644 2065 2890 2118 cancede
2918 2062 3299 2117 conversionis
3326 2061 3582 2132 preposi-

1993 2162 2128 2208 tum.
2180 2154 2536 2225 Quaecunque
2583 2156 2731 2210 enim
2780 2152 2984 2215 fecero,
3023 2152 3254 2207 invalida
3303 2160 3484 2217 erunt,
3525 2160 3583 2204 et

1990 2260 2112 2315 qua:
2139 2245 2298 2301 fat-ile
2329 2256 2685 2304 evanescant.
2714 2245 3067 2314 Quaecunque
3098 2242 3252 2299 fuero
3272 2256 3579 2313 aggressus,

1989 2352 2147 2392 erunt
2166 2338 2463 2395 iueﬁicacia
2485 2339 2908 2409 acimperfecta.
2931 2338 3030 2403 Ne,
3054 2337 3304 2401 Domine,
3320 2334 3583 2390 exaudire

1993 2430 2236 2495 tliﬂeras,
2274 2434 2368 2486 sed
2397 2432 2509 2486 cito
2534 2444 2684 2486 tuum
2710 2432 3030 2501 ﬁgmentum
3052 2429 3220 2484 salva.
3248 2427 3326 2481 Tu
3355 2428 3580 2484 dixisti:

2000 2543 2019 2576 ι
2068 2523 2201 2578 Sine
2229 2540 2315 2579 me
2350 2524 2488 2578 nihil
2524 2523 2753 2594 potestis
2783 2522 2966 2577 facere
2995 2521 3066 2576 ”.
3107 2540 3126 2573 ι
3169 2520 3443 2576 [’rzeverte
3477 2520 3582 2590 igi-

1995 2625 2085 2670 tur
2113 2617 2476 2685 conversione
2520 2615 2717 2670 animaa
2764 2628 2934 2676 mete,
2987 2623 3202 2682 tempus
3253 2610 3583 2667 transitoria:

1992 2708 2119 2762 vitae
2149 2723 2300 2761 mean
2334 2707 2463 2762 Mihi
2510 2719 2704 2760 natura
2736 2705 2842 2759 vim
2879 2703 3067 2769 infert,
3116 2702 3282 2761 infert
3317 2704 3455 2757 mala
3489 2717 3586 2759 vo-

1996 2800 2213 2864 luntas,
2273 2799 2442 2855 infert
2504 2796 2674 2872 prava
2729 2799 3092 2854 consuetudo.
3161 2796 3585 2866 Quamobrem:

1999 2913 2018 2946 ι
2065 2895 2320 2951 Miserere
2344 2898 2470 2959 mei,
2490 2894 2744 2965 quaniam
2780 2892 3030 2948 inﬁrmus
3056 2906 3200 2948 sum.
3225 2910 3247 2944 ι
3280 2889 3361 2945 Me
3384 2889 3586 2961 quippe

1999 2987 2175 3041 hostis
2213 3003 2366 3041 mens
2400 3000 2695 3052 enervans,
2724 2983 3003 3041 inﬁrmum
3039 2982 3170 3039 fecit
3193 2997 3257 3037 ac
3287 2980 3584 3050 abiectum.

291 3066 532 3139 ἀσθενὴς
569 3071 828 3124 ἰάσασθαι
859 3071 921 3124 οὐ
954 3071 1194 3136 δύναται
1225 3073 1418 3127 ἑαυτὸν
1439 3091 1452 3105 ’
1502 3078 1531 3128 ὁ
1563 3093 1890 3147 συντετριμ-

1998 3080 2101 3147 Qui
2130 3090 2216 3134 est
2244 3079 2516 3144 inﬁrmus,
2552 3078 2657 3133 sibi
2691 3077 2808 3146 ipse
2854 3076 3063 3133 mederi
3101 3091 3208 3130 non
3247 3084 3423 3144 potest
3452 3071 3587 3144 :qui

293 3161 497 3229 μένος,
534 3161 806 3233 βοηθῆσαι
864 3165 1048 3237 ἐαυτῷ
1096 3167 1155 3218 ὲν
1202 3165 1415 3236 ἰσχύει·
1472 3169 1500 3220 ὁ
1560 3166 1890 3235 πεπτωκὼς,

1997 3174 2274 3228 contritus
2295 3181 2400 3234 est,
2434 3186 2540 3226 non
2564 3170 2706 3226 valet
2727 3169 2834 3225 sibi
2861 3184 3018 3239 opem
3047 3167 3191 3224 ferre
3214 3214 3219 3220 .
3246 3169 3337 3237 qui
3365 3166 3585 3233 cecidit,

289 3253 398 3307 οὐκ
446 3255 739 3326 ἀνίστησιν
788 3256 1003 3311 ἑαυτόν.
1048 3276 1065 3309 ι
1115 3257 1374 3329 Ἐλέησόν
1411 3275 1509 3329 με,
1551 3259 1759 3329 Κύριε,
1810 3261 1891 3315 ὅτι

1997 3282 2106 3319 non
2143 3266 2256 3332 ipse
2287 3280 2345 3318 se
2390 3264 2554 3332 erigit
2591 3281 2606 3318 :
2640 3281 2661 3316 ι
2705 3262 2971 3318 Miserere
3002 3260 3131 3328 mei,
3168 3260 3419 3323 Domine,
3452 3274 3589 3329 quoo

288 3347 529 3419 ἀσθενής
559 3350 676 3419 εἰμι
731 3368 748 3400 ›
801 3349 861 3403 ’0
890 3349 1136 3404 ἀσθενῶν
1162 3351 1226 3404 οὐ
1270 3350 1498 3404 δύναται
1524 3353 1891 3422 ἐργάσασθαι·

2000 3354 2146 3408 niam
2180 3354 2431 3407 inﬁrmus
2467 3367 2612 3409 sum.
2652 3369 2674 3405 ι
2707 3350 2811 3418 Qui
2843 3359 2928 3405 est
2961 3348 3237 3413 inﬁrmus,
3276 3363 3386 3402 non
3410 3353 3591 3416 potest

287 3443 320 3493 ὁ
376 3442 603 3512 κάμνων
663 3443 847 3513 πάσης
916 3444 1202 3515 ἐνεργείας
1258 3444 1610 3516 ἀπείργεται.
1648 3465 1666 3497 ι
1710 3449 1891 3501 Ἴασαί

1997 3445 2212 3515 operari
2249 3463 2263 3499 :
2297 3444 2389 3514 qui
2421 3458 2566 3514 aeger
2586 3453 2693 3508 est,
2722 3444 2791 3497 ab
2818 3441 2967 3496 οηιηὶ
3000 3440 3325 3513 prohibetur
3346 3438 3586 3493 actione.

292 3550 393 3602 με,
433 3533 629 3604 Κύριε,
662 3536 745 3589 ὅτι
778 3535 1052 3608 ἐταράχθη
1087 3536 1157 3591 τὰ
1185 3538 1322 3591 ὀστᾶ
1344 3554 1469 3606 μου.
1521 3558 1539 3587 ι
1584 3537 1891 3613 Ἐταράχθη

2003 3555 2022 3588 ι
2065 3537 2208 3591 Sana
2263 3553 2369 3601 me,
2425 3535 2670 3599 Domine,
2722 3534 2981 3605 quoniam
3021 3532 3236 3588 turbata
3292 3538 3419 3586 sunt
3463 3544 3587 3585 ossa

293 3626 392 3679 καὶ
425 3627 719 3697 συνετρίϐη
754 3645 858 3697 μου
891 3628 961 3683 τὰ
988 3629 1124 3682 ὀστᾶ
1154 3628 1256 3699 τῆς
1283 3630 1467 3701 ψυχῆς
1486 3648 1500 3663 ’
1531 3632 1560 3685 ὀ
1581 3630 1639 3684 δὲ
1668 3631 1738 3687 τὰ
1762 3634 1898 3687 ὀστᾶ

291 3716 441 3787 ἔχων
499 3720 962 3789 συντετρῑμμὲνα,
1009 3719 1073 3773 οὐ
1119 3720 1347 3775 δύναται
1400 3722 1644 3788 ἀναστὰς
1702 3725 1898 3797 ἐπιζη-

290 3810 467 3877 τῆσαι
527 3811 743 3883 ἰατρόν·
795 3813 857 3865 οὐ
907 3811 1134 3867 δύναται
1174 3812 1431 3884 δραμεῖν,
1490 3818 1587 3871 καὶ
1628 3818 1896 3889 ρυσθῆναι

293 3901 411 3954 τῶν
452 3901 688 3973 ἐχθρῶν.
741 3903 968 3971 Λοιπὸν,
1024 3924 1043 3958 ι
1086 3906 1162 3959 Σὺ
1213 3908 1474 3978 ζήτησον,
1526 3910 1807 3976 Δέσποτα,
1869 3916 1899 3968 ὁ

293 3996 480 4051 ἐλθὼν
512 3997 743 4070 ζητῆσαι
780 4000 879 4054 καὶ
906 4000 1080 4054 σῶσαι
1127 4002 1188 4056 τὸ
1219 4005 1524 4069 ἀπολωλός.
1570 4024 1589 4058 ι
1628 4008 1703 4062 Σὺ
1733 4009 1897 4063 πάλιν

294 4089 426 4144 ἐλθὲ
476 4091 617 4161 πρὸς
668 4092 769 4162 ἐμὲ
801 4093 894 4148 τὸν
946 4096 1326 4165 περιπεσόντα
1372 4101 1625 4168 λῃσταῖς,
1659 4102 1754 4154 καὶ
1797 4102 1899 4172 οὐχ

295 4183 585 4254 ἡμιθανῆ,
638 4185 776 4239 ἀλλὰ
809 4186 1005 4255 νεκρὸν
1034 4188 1157 4241 ὅλον
1208 4194 1597 4260 πεποιηκόσιν.
1652 4212 1672 4245 ι
1716 4193 1899 4248 Ἴασαί

299 4292 399 4344 με,
441 4276 637 4348 Κύριε,
676 4279 771 4331 καὶ
804 4278 1122 4349 ίαθήσομαι.
1156 4299 1175 4333 ι
1216 4282 1401 4336 Ἴασαί
1435 4301 1527 4353 με,
1558 4286 1639 4338 ὅτι
1673 4287 1702 4338 ὁ
1731 4302 1901 4359 πονη-

300 4368 401 4437 po;
429 4366 557 4438 ὄφις
608 4369 812 4442 ἀσθενῆ
845 4388 913 4440 με
943 4371 1220 4442 διέθηκεν.
1260 4374 1321 4427 Ὀ
1348 4374 1587 4448 ἀσθενὴς
1620 4377 1758 4442 ὅλως
1797 4378 1894 4451 έρ-

1998 3646 2140 3685 mea.
2179 3647 2199 3682 ι
2242 3628 2478 3685 Turbata
2505 3638 2636 3685 sunt
2657 3643 2722 3685 ac
2751 3628 2988 3683 contrita
3017 3638 3154 3682 mea:
3186 3623 3384 3678 animae
3411 3637 3536 3677 ossa
3570 3640 3584 3677 :

1985 3730 2043 3780 at
2061 3720 2150 3791 qui
2178 3720 2389 3776 habens
2409 3720 2645 3775 contrita
2680 3734 2829 3785 ossa,
2862 3733 2971 3773 non
2997 3725 3178 3785 potest
3205 3730 3439 3785 surgens
3468 3730 3586 3769 me-

1998 3813 2180 3865 dicunt
2239 3825 2483 3878 qua'rerc
2517 3828 2530 3862 :
2569 3826 2676 3863 non
2737 3818 2914 3879 potest
2970 3821 3231 3870 currere,
3280 3821 3343 3860 ac
3399 3805 3587 3862 hostes

1998 3904 2258 3973 eil'ngerr.
2293 3905 2445 3971 Quod
2474 3913 2748 3972 superest,
2780 3921 2799 3954 ι
2828 3902 2913 3957 Tu
2945 3917 3051 3968 me,
3079 3901 3330 3965 Domine,
3348 3917 3586 3973 quaeras,

1998 3998 2090 4067 qui
2142 3995 2341 4076 venisti
2406 4010 2680 4064 quaarere,
2713 4008 2778 4049 ac
2828 3994 3039 4049 salvum
3085 3993 3268 4050 facere
3310 3994 3455 4063 quod
3492 4008 3589 4063 pe-

2003 4090 2169 4143 rierat
2200 4089 2270 4143 ⁸⁸.
2304 4109 2322 4140 ›
2356 4088 2433 4142 Tu
2468 4089 2667 4142 iterum
2717 4087 2784 4142 ad
2816 4100 2903 4141 me
2939 4087 3171 4151 accede,
3211 4088 3303 4157 qui
3339 4088 3388 4140 in
3416 4086 3588 4141 Iatro-

2002 4199 2098 4238 ues
2138 4182 2425 4238 inciderint
2463 4181 2547 4246 ";
2581 4197 2609 4234 a
2640 4179 2861 4250 quibus,
2908 4195 3013 4233 non
3044 4179 3455 4243 semimortuus,
3492 4178 3589 4235 sed

2002 4290 2252 4332 mortuus
2281 4286 2432 4332 totus
2462 4274 2707 4331 redditus
2729 4271 2859 4327 sint.
2899 4289 2918 4323 ι
2951 4271 3094 4327 Sana
3121 4285 3227 4335 me,
3254 4270 3505 4334 Domine,
3536 4279 3592 4324 et

2001 4372 2241 4425 satrahor
2274 4369 2345 4425 ⁸⁵.
2386 4387 2407 4421 ι
2444 4367 2588 4423 Sana
2627 4380 2732 4431 me,
2762 4365 2890 4434 quia
2925 4378 3014 4420 me
3042 4363 3219 4418 malus
3246 4362 3334 4417 ille
3365 4378 3594 4433 serpens

297 4461 501 4531 ριπται
533 4462 772 4534 πτῶμα,
803 4462 925 4526 ὅλος
974 4464 1172 4536 ἀργεῖ,
1233 4467 1398 4534 μόνον
1442 4471 1511 4540 τῇ
1559 4473 1711 4542 φωνῇ
1744 4472 1891 4527 καλεῖ

2002 4461 2280 4516 inﬁrmum
2315 4460 2463 4515 fecit.
2490 4458 2596 4528 Qui
2632 4467 2716 4514 est
2744 4457 3017 4520 inﬁrmus,
3047 4464 3196 4512 totus
3220 4455 3467 4523 abiectus
3510 4464 3596 4512 est

292 4550 399 4602 τὸν
438 4551 644 4621 ίατρὸν,
680 4551 845 4623 μόνον
876 4552 997 4625 βοᾷ,
1029 4555 1124 4609 καὶ
1154 4555 1246 4610 τὸν
1271 4558 1539 4628 ῥυόμενον
1569 4558 1745 4632 ζητεῖ.
1782 4563 1898 4617 Μό-

293 4655 397 4692 νον
419 4640 547 4704 τοὺς
573 4639 887 4713 ὀφθαλμοὺς
910 4645 1080 4716 αἴρει,
1102 4647 1198 4700 καὶ
1229 4647 1361 4701 πότε
1385 4647 1506 4721 ἥξει
1528 4655 1893 4722 περισκοπεῖ,

294 4730 402 4784 και
455 4732 815 4803 ἐπισκέψεται
883 4736 1051 4791 αὑτὸν
1114 4739 1143 4792 ὁ
1206 4742 1335 4805 τοὺς
1394 4746 1897 4817 συντετριμμένους

293 4821 615 4892 δεσμεύων,
650 4827 756 4906 ,καὶ
802 4827 1049 4898 ἀνορθῶν
1092 4832 1220 4894 τοὺς
1256 4835 1769 4906 κατερῤαγμένους,
1802 4840 1899 4892 καὶ

296 4914 498 4980 σώζων
527 4904 656 4982 τοὺς
682 4922 1200 4992 κατεγνωσμένους.

384 5109 404 5141 ο
440 5091 626 5147 Ἵασαί
661 5111 752 5165 με,
801 5094 1000 5167 Κύριε,
1037 5097 1121 5152 ὅτι
1169 5100 1450 5175 ἐταράχθη
1484 5102 1552 5157 τά
1580 5104 1716 5159 ὀστᾶ
1760 5122 1895 5177 μου’

298 5187 404 5242 καὶ
457 5189 491 5259 ἠ
537 5187 685 5261 ψυχή
748 5207 855 5260 μου
907 5193 1191 5265 ἐταράχθη
1244 5198 1476 5268 σφόδρα.
1518 5219 1537 5252 ι
1576 5200 1900 5271 Σωματικὸς

299 5281 429 5351 ἅμα
473 5281 572 5336 καὶ
601 5281 837 5353 ψυχικὸς
880 5285 1152 5340 κατέλαϐέ
1205 5305 1274 5359 με
1307 5291 1570 5362 τάραχος,
1614 5294 1897 5359 Δέσποτα,

298 5372 391 5428 ὅτι
456 5377 746 5445 σαρκικοῖς
798 5377 895 5429 καὶ
943 5376 1199 5449 ψυχικοῖς
1256 5384 1591 5456 περιέπεσον
1644 5388 1900 5443 πάθεσιν.

2005 4553 2179 4608 instar
2211 4551 2521 4618 cadaveris,
2556 4561 2641 4607 est
2667 4558 2815 4605 totus
2843 4549 2990 4603 iners
3022 4565 3037 4602 :
3072 4559 3285 4604 tantum
3316 4563 3410 4604 ore
3437 4558 3597 4605 vocat

2003 4648 2297 4709 medicum,
2335 4654 2545 4700 tantum
2590 4644 2814 4705 clamat.
2851 4657 2915 4697 ac
2942 4641 3142 4711 quaerit
3179 4656 3302 4695 eum
3332 4640 3423 4712 qui
3455 4640 3597 4696 liber
3630 4686 3633 4689 .

2008 4748 2108 4794 ret.
2140 4738 2253 4793 lloe
2282 4753 2452 4794 unum
2482 4736 2750 4805 reliquum
2780 4734 2964 4797 habet,
2997 4745 3055 4786 ut
3082 4734 3271 4788 oculos
3321 4731 3498 4796 tollat,
3527 4748 3597 4786 ac

2004 4830 2433 4902 circumspiciat,
2458 4829 2678 4901 quando
2694 4827 2739 4883 is
2766 4836 3029 4882 venturus
3053 4826 3123 4881 sit
3141 4840 3203 4879 ac
3225 4826 3593 4892 inspecturus,

2003 4925 2098 4996 qui
2133 4944 2153 4978 ι
2190 4926 2410 4996 colligat
2467 4923 2738 4978 contrilos
2785 4921 2855 4986 ⁸⁸,
2904 4936 2970 4976 ac
3015 4919 3181 4974 elisos
3232 4919 3393 4988 erigit
3435 4916 3530 4972 ":
3568 4936 3591 4970 ν

2006 5033 2210 5087 eosque
2234 5016 2430 5083 salvat,
2460 5030 2693 5086 quarunt
2726 5014 2918 5070 salutis
2950 5028 3076 5083 spes
3105 5012 3252 5067 nulla
3279 5018 3416 5066 erat.

2089 5130 2109 5164 ι
2158 5111 2304 5166 Sana
2333 5124 2439 5173 tne,
2487 5107 2736 5171 Domine,
2786 5107 3043 5178 quoniam
3093 5104 3412 5159 ronturbata
3467 5113 3596 5159 sunt

2007 5219 2131 5260 ossa
2172 5216 2323 5267 mea;
2356 5209 2413 5256 et
2444 5200 2626 5255 anima
2659 5214 2778 5253 mea
2820 5201 3035 5253 turhala
3068 5206 3151 5253 est
3181 5197 3357 5252 valde.
3396 5214 3416 5248 ι
3458 5195 3597 5251 Cor-

2006 5298 2158 5370 poris
2189 5294 2352 5352 simul
2382 5303 2439 5351 et
2467 5292 2666 5349 animae
2695 5292 2936 5347 turbatio
2970 5290 3168 5345 invasit
3205 5306 3311 5355 me,
3342 5287 3597 5354 Domine,

2005 5388 2208 5459 quippe
2235 5386 2329 5456 qui
2355 5385 2409 5440 in
2437 5383 2619 5439 carnis
2650 5398 2715 5438 ac
2757 5382 2925 5436 animi
2958 5380 3245 5451 passiones
3273 5396 3338 5436 ac
3374 5379 3599 5436 merbos

381 5489 430 5570 ’ξ
460 5488 607 5570 Psal.
640 5507 851 5570 LX!V!I_.
874 5493 964 5549 55.
1041 5496 1088 5529 ⁸³
1110 5496 1269 5554 Joan.
1297 5516 1385 5569 xv,
1413 5502 1469 5558 5.
1523 5497 1572 5531 ⁸³
1592 5495 1885 5563 Lucme

1997 5498 2037 5531 ⁵⁵
2061 5499 2363 5570 l.uc.x,50.
2412 5501 2458 5535 ⁸⁸
2486 5499 2689 5556 Jereut.
2722 5513 2858 5564 xvu,
2895 5499 2985 5554 Η.
3053 5497 3099 5532 ⁸⁸
3131 5495 3280 5553 Psal.
3319 5510 3501 5562 ornt,
3531 5494 3593 5550 δ.

301 5558 356 5592 ⁸¹
390 5560 538 5616 Psal.
565 5575 749 5628 cxuv,
783 5564 869 5618 14.
1337 5602 1341 5607 —

1618 5684 1852 5740 VARH’.
1904 5683 2311 5741 LECTHINES.

385 5742 401 5777 '
435 5744 563 5815 Leg.
598 5744 693 5800 ἐπί
722 5764 835 5816 μοι.
