4064 6422
586 287 723 349 1123

1750 275 1756 282 ’
1798 289 1858 353 s.
1899 288 2303 352 ANASTASlI
2346 288 2676 354 StNAtM;

3699 298 3810 367 1124

582 396 889 452 inciderim.
927 414 947 449 ι
991 397 1135 454 Sana
1171 414 1276 465 me,
1311 400 1567 469 quoniam
1614 400 1828 455 turbata
1878 412 2006 456 sunt
2041 417 2165 458 ossa

2277 420 2295 453 ι
2342 404 2524 456 Ἰασαί
2563 420 2632 474 με
2655 444 2695 477 ,.
2716 404 2797 456 ὅτι
2832 403 3116 475 ἐταράχθη
3139 405 3207 458 τὰ
3235 403 3368 459 ὀστᾶ
3404 424 3532 477 μου,
3571 429 3590 461 ι
3624 404 3687 467 τά
3709 432 3809 470 συν.

581 506 700 544 mea
733 507 747 544 :
787 509 807 543 ι
847 504 967 559 quae.
1004 490 1266 546 nimirum
1308 494 1595 548 continent
1637 508 1701 548 ac
1728 494 2045 561 astringunt
2093 494 2178 548 in-

577 583 838 637 teriorem
867 599 1045 639 meum
1075 583 1379 640 hominem.
1410 585 1669 653 Quanam
1711 601 1842 641 vero
1883 586 2021 641 illa?
2063 586 2179 644 Uti-

580 689 688 740 que
725 673 879 740 fides,
933 677 1241 745 prudentia,
1278 694 1423 749 spes,
1477 679 1740 744 charitas,
1790 679 2171 748 temperantia,

581 766 943 832 continentia,
963 767 1203 838 iustitia,
1228 769 1424 839 pietas,
1453 770 1841 834 mansuetudo,
1872 770 2172 826 humilitas.

578 859 713 912 Ossa
746 858 858 914 haec
886 859 937 912 in
960 875 1049 915 me
1075 862 1477 917 contritasunt
1505 881 1519 916 :
1548 878 1706 918 secus
1736 873 1919 918 autem
1946 871 2174 917 sancto-

577 966 697 1004 rum
730 966 875 1005 ossa.
911 950 1052 1018 Quid
1097 952 1243 1009 enim
1276 954 1322 1009 is
1355 955 1470 1022 ipse
1502 953 1777 1025 Propheta
1814 955 1883 1010 de
1904 955 2013 1010 illis
2041 955 2120 1010 ait
2143 955 2174 1007 Ρ

587 1061 605 1093 ι
649 1040 901 1097 Custodit
930 1042 1197 1101 Dominus
1240 1046 1422 1100 omnia
1464 1061 1587 1102 ossa
1633 1061 1822 1102 eorum
1858 1064 1873 1102 :
1911 1062 2078 1102 unum
2106 1062 2174 1103 ex

580 1135 665 1189 his
705 1149 813 1189 non
864 1146 1204 1191 conteretur.
1232 1153 1309 1191 ιιι
1328 1138 1470 1195 Sana
1488 1150 1602 1205 me,
1629 1139 1878 1205 Domine,
1911 1139 2173 1210 queniam

578 1226 795 1282 turbata
820 1234 949 1281 sunt
970 1243 1096 1283 ossa
1118 1243 1233 1285 mea
1254 1246 1267 1282 :
1290 1238 1338 1283 et
1356 1231 1539 1284 anima
1564 1245 1684 1286 mea
1709 1230 1925 1285 turbata
1952 1241 2040 1287 est
2061 1231 2166 1288 ⁸³.»

578 1318 849 1385 Quorsum
886 1319 1056 1374 vero?
1098 1318 1391 1389 Nimirum,
1423 1322 1656 1394 quijam
1695 1340 1829 1381 meae
1862 1326 1988 1381 vitae
2034 1335 2173 1381 tem-

577 1424 678 1477 pus
708 1408 943 1463 deﬁcere
994 1410 1234 1476 videam,
1267 1414 1643 1483 propinquare
1674 1415 1865 1480 linem,
1900 1408 2170 1471 defectam

577 1507 913 1554 senectutem
948 1504 1321 1570 praenuntiare
1343 1506 1706 1573 excisiouem,
1741 1521 2039 1563 messorem
2058 1506 2173 1564 fes-

579 1592 844 1646 tinantem
895 1592 963 1658 ⁸³,
1022 1607 1086 1648 ac
1145 1594 1338 1649 falcem
1384 1597 1811 1653 ostendentem:
1861 1607 2168 1669 gestantem

577 1684 815 1739 securim
898 1726 913 1751 ,
947 1700 1011 1740 ac
1043 1686 1424 1757 iufrugiferam
1469 1689 1710 1744 animam
1740 1705 1918 1746 meam
1945 1691 2168 1746 exscin-

577 1777 812 1831 dendam
843 1778 1005 1833 citius
1034 1778 1671 1842 indicantem°°,tAnima
1698 1796 1816 1836 mea
1843 1782 2057 1837 turbata
2088 1789 2174 1837 est

576 1868 732 1923 valde
763 1907 776 1919 .
875 1889 896 1922 ι
945 1869 1114 1926 Video
1147 1887 1234 1927 res
1265 1886 1417 1928 meas
1444 1872 1579 1928 nihil
1609 1874 1951 1938 emendatas,
1978 1888 2174 1945 meque

578 1960 632 2013 iu
661 1962 777 2017 dies
814 1962 866 2015 in
895 1963 1140 2019 deterius
1171 1965 1400 2034 prolabi.
1443 1984 1463 2019 ι
1502 1967 1570 2021 Et.
1595 1966 1776 2021 anima
1809 1980 1927 2022 inea
1955 1968 2172 2022 turbata

575 2065 660 2110 est
687 2057 863 2112 valde.
912 2076 931 2109 ι
970 2057 1141 2115 Video
1182 2059 1358 2115 furem
1392 2059 1764 2123 accedentem,
1798 2074 1863 2114 ac
1895 2074 1980 2113 me
2007 2074 2038 2114 e
2066 2058 2172 2113 vita

579 2162 775 2217 rapere
823 2147 1174 2206 festinantem
1209 2168 1225 2206 :
1265 2169 1285 2203 ι
1326 2151 1394 2206 Et
1437 2152 1618 2205 anima
1660 2166 1780 2205 mea
1837 2150 2048 2205 turbata
2087 2157 2173 2205 est

581 2239 756 2294 valde.
812 2259 832 2293 ι
872 2240 1046 2297 Video
1090 2243 1385 2299 instantem
1417 2244 1542 2298 vita:
1591 2243 1799 2296 exitum
1849 2257 2043 2312 meque
2077 2241 2174 2297 de-

581 2330 835 2385 stitutum
868 2332 1094 2389 viatico.
1109 2330 1584 2388 Videorationum
1600 2332 1936 2402 prasfectum,
1968 2332 2176 2386 instru-

578 2432 824 2478 mentum
860 2425 991 2479 mihi
1036 2426 1442 2493 ostendentem,
1475 2442 1541 2481 ac
1570 2426 1792 2481 lictores
1843 2426 1982 2480 truci
2033 2438 2173 2493 quo-

579 2516 704 2571 dam
733 2527 958 2587 aspectu
991 2528 1337 2574 contuentes.
1372 2517 1545 2573 Video
1569 2519 1770 2574 multos
1800 2526 2170 2581 accusatores,

578 2618 864 2679 patronem
897 2620 1077 2667 autem
1114 2611 1369 2666 nullum:
1408 2630 1427 2663 ι
1473 2611 1542 2666 Et
1569 2612 1752 2666 anima
1800 2626 1919 2666 mea
1960 2610 2171 2673 turbata

578 2712 665 2756 est
697 2701 873 2759 valde.
918 2720 938 2755 ι
971 2702 1181 2759 Idcirco
1210 2704 1409 2760 horreo
1435 2719 1500 2759 ac
1520 2705 1717 2759 anxius
1744 2720 1887 2771 sum,
1920 2718 2020 2760 nec
2042 2702 2171 2773 quid

580 2795 778 2850 faciam
823 2794 1025 2862 habeo;
1065 2796 1336 2866 siquidem
1371 2798 1517 2851 enim
1562 2798 1688 2853 vitae
1718 2797 1950 2867 spatium
1985 2805 2174 2867 postu-

578 2887 788 2952 lavere,
830 2902 1027 2943 vereor
1056 2904 1123 2944 ne
1153 2889 1284 2944 illud
1318 2905 1511 2945 rursus
1544 2889 1600 2944 in
1634 2899 1985 2960 peccatorum
2019 2889 2177 2943 cedat

579 2982 858 3037 cumulum
890 3000 904 3036 :
943 2984 1028 3040 sin
1062 2984 1367 3053 imparatus
1394 2983 1601 3047 abiero,
1637 2982 1836 3051 quibus
1876 2982 2052 3036 oculis
2081 2996 2175 3037 ve-

2281 493 2482 564 έχοντα
2530 500 2630 548 καὶ
2684 495 3062 565 συσφίγγοντα
3101 497 3194 550 τὸν
3239 496 3345 552 ἐσω
3393 515 3493 569 μου
3546 501 3808 573 ἄνθρωπον.

2280 583 2470 638 Ταῦτα
2506 586 2565 640 δὲ
2607 587 2731 640 τίνα
2782 589 2968 659 ἐστίν;
3019 590 3086 644 Ἥ
3140 592 3360 658 πίστις,
3414 595 3448 665 ή
3494 596 3811 674 φρόνησις,ή

2278 679 2496 751 ἀγάπη,
2530 681 2563 751 ἡ
2595 683 2924 754 σωφροσύνη
2947 725 2961 748 ,
2994 685 3029 755 ή
3070 686 3399 755 ἐγκράτεια,
3441 689 3473 758 ή
3504 687 3808 763 δικαιοσύνη,

2276 773 2311 842 ἡ
2339 770 2618 835 εὐσέϐεια,
2653 775 2685 844 ἡ
2708 775 2976 845 πραότης,
3004 778 3037 845 ἡ
3059 779 3548 850 ταπεινοφροσύνη.
3577 778 3741 837 Ταῦτα
3758 787 3811 839 τὰ

2275 866 2414 919 ὀστᾶ
2445 866 2845 937 συνετρίϐησαν
2881 869 2969 921 ἐπ’
3011 869 3137 939 ἐμοὶ
3156 908 3173 935 ,
3200 869 3315 924 ἀλλ’
3343 871 3404 924 οὐ
3430 870 3533 925 τῶν
3560 867 3729 942 ἁγίων.
3762 874 3812 931 Τί

2275 958 2389 1031 γάρ
2434 977 2573 1030 φησι
2630 960 2763 1030 περὶ
2797 960 2980 1014 αὐτῶν
3024 964 3053 1014 ὁ
3106 961 3271 1025 αῦτδς
3328 955 3481 1026 οὗτος
3531 964 3809 1037 Προφήτηςε

2281 1071 2301 1104 ι
2334 1052 2606 1107 Φυλάσσει
2648 1052 2860 1124 Κύριος
2908 1054 3093 1109 πάντα
3141 1055 3211 1108 τὰ
3247 1054 3383 1109 ὀστᾶ
3433 1056 3626 1112 αὐτῶν.
3665 1058 3813 1125 Ἓνὲξ

2274 1145 2456 1199 αὐτῶν
2496 1147 2559 1199 οὐ
2594 1146 3041 1217 συντριϐήσεται.
3082 1166 3102 1199 ι
3140 1178 3213 1188 —
3247 1167 3264 1199 ι
3295 1147 3475 1202 Ἴασαί
3517 1162 3613 1218 με,
3651 1150 3810 1221 Κύριε,

2274 1238 2358 1291 ὅτι
2374 1238 2655 1310 ἐταράχθη
2675 1239 2747 1292 τὰ
2764 1239 2901 1292 ὀστᾶ
2926 1252 3052 1309 μου,
3073 1240 3170 1294 καὶ
3188 1241 3222 1310 ἡ
3240 1238 3384 1311 ψυχή
3412 1256 3513 1310 μου
3528 1240 3808 1311 ἐταράχθη.»

2273 1331 2375 1385 Διὰ
2401 1330 2486 1398 τί;
2533 1330 2682 1401 Ὀρῶ
2716 1332 2828 1403 γὰρ
2873 1332 2978 1404 ήδη
3010 1333 3203 1387 λοιπὸν
3237 1332 3329 1386 τὸν
3359 1333 3551 1403 χρόνον
3577 1337 3665 1404 τῆς
3697 1334 3811 1406 ζωῆς

2276 1440 2383 1493 μου
2435 1423 2796 1491 ἐκλείποντα,
2831 1425 2892 1479 τὸ
2942 1426 3100 1490 τέλος
3150 1426 3372 1495 ἐγγίζον
3394 1469 3407 1491 ,
3434 1427 3495 1480 τὸ
3535 1427 3700 1498 γῆρας
3733 1429 3810 1500 τὴν

2273 1519 2454 1591 τομὴν
2475 1519 2877 1592 προαγγέλλον,
2903 1522 2998 1575 τὸν
3030 1520 3289 1591 θεριστὴν
3313 1521 3624 1585 σπεύδοντα,
3645 1523 3724 1575 καὶ
3735 1523 3809 1595 τὴν

2272 1609 2558 1681 δρεπάνην
2603 1610 2950 1678 δεικνύοντα,
2984 1612 3086 1683 τὴν
3134 1611 3329 1683 ἀξίνην
3377 1612 3709 1682 βαστάζοντα,
3739 1616 3811 1667 καὶ

2273 1701 2373 1774 τὴν
2426 1704 2672 1775 ἐκκοπὴν
2720 1702 3003 1775 μηνύοντα
3054 1703 3158 1775 τῆς
3192 1704 3474 1776 ἀκαρπίαν
3508 1702 3714 1775 ἐχούσης
3736 1703 3811 1772 ψυ-

2272 1795 2397 1866 Χῆς-
2439 1814 2459 1846 ι
2516 1795 2581 1850 Ἦ
2619 1795 2767 1868 ψυχή
2803 1812 2909 1868 μου
2956 1795 3233 1868 ἐταράχθη
3286 1796 3513 1869 σφόδρα.
3549 1814 3568 1848 ι
3612 1796 3734 1869 ὀρῶ
3762 1799 3811 1849 τὰ

2274 1888 2397 1942 κατ’
2447 1888 2551 1959 ἐμὲ
2590 1888 2928 1961 ἀδιόρθωτα,
2970 1890 3063 1943 καὶ
3111 1890 3251 1962 πρὸς
3294 1890 3359 1944 τὸ
3410 1892 3588 1961 χεῖρον
3621 1891 3811 1961 ἐμαυτὸν

2274 1982 2403 2037 καθ’
2431 1982 2651 2054 ἡμέραν
2678 1983 3001 2054 ἐρχόμενον.
3038 2003 3056 2035 ι
3086 1985 3201 2039 Kal.
3223 1985 3256 2054 ἡ
3283 1984 3431 2055 ψυχή
3462 2001 3561 2053 μου
3585 1982 3809 2053 ἐταράχθη

2276 2073 2505 2146 σφόδρα.
2543 2094 2563 2128 ι
2619 2075 2762 2144 Ὀρῶ
2817 2076 2910 2131 τὸν
2948 2076 3192 2146 κλέπτην
3238 2076 3694 2148 προσεγγίζοντα,
3742 2076 3811 2128 καὶ

2273 2164 2524 2235 ἁρπάσαι
2552 2164 2651 2218 τοῦ
2679 2164 2798 2236 βίου
2842 2184 2910 2237 με
2939 2167 3245 2220 σπεύδοντα
3265 2184 3281 2197 θ
3324 2186 3343 2217 ι
3388 2168 3497 2222 Kal.
3530 2168 3561 2238 ἡ
3588 2167 3716 2237 ψυχή
3738 2183 3810 2235 μου

2275 2256 2556 2328 ἐταράχθη
2593 2258 2831 2327 σφόδρα.
2872 2276 2890 2310 ι
2938 2258 3082 2327 ’0ρῶ
3110 2259 3211 2329 τὴν
3250 2258 3433 2326 ἔξοδον
3463 2256 3553 2310 τοῦ
3583 2257 3688 2326 βίου
3722 2258 3813 2308 ἐπι-

2276 2350 2505 2415 στᾶσαν,
2535 2349 2684 2420 κάμέ
2713 2350 2789 2420 μὴ
2821 2348 3019 2420 ἔχοντα
3050 2349 3288 2419 ἐφόδιον.
3332 2350 3480 2420 Ὀρῶ
3518 2349 3606 2403 τὸν
3640 2348 3812 2416 λογοθε-

2274 2442 2472 2496 τοῦντα
2500 2441 2563 2495 τὸ
2608 2440 2889 2512 ἐγγραφόν
2929 2458 3022 2511 μοι
3064 2440 3500 2505 ἐπιδεικνύοντα,
3536 2441 3625 2495 καὶ
3658 2438 3811 2509 πικρὸν

2274 2533 2403 2596 τοὺς
2428 2531 2663 2603 δημίους
2707 2530 3111 2598 ἐμϐλέποντας.
3171 2530 3317 2601 Ὀρῶ
3353 2530 3576 2594 πολλοὺς
3605 2529 3717 2592 τοὺς
3737 2544 3809 2579 κα-

2273 2625 2584 2696 τηγὸρους,
2632 2624 2728 2678 καὶ
2778 2622 2972 2678 οὐδένα
3019 2624 3366 2696 συνήγορον
3414 2643 3433 2675 ⁴
3488 2622 3595 2677 Καὶ
3633 2623 3662 2693 ἡ
3698 2620 3806 2690 Ψυκή

2279 2735 2383 2791 μου
2436 2718 2718 2793 ἐταράχθη
2782 2718 3012 2789 σφόδρα.
3061 2736 3077 2769 ι
3140 2718 3241 2770 Διὰ
3290 2715 3449 2769 τοῦτο
3511 2716 3701 2788 φρίττω
3740 2713 3808 2767 καὶ

2276 2813 2529 2882 ἀγωνιῶ,
2568 2814 2663 2867 καὶ
2703 2811 2757 2866 τί
2813 2811 3013 2883 πράξω
3059 2811 3160 2864 οὐκ
3207 2806 3350 2865 οἶδα.
3386 2811 3484 2864 Ἂν
3532 2810 3635 2880 γὰρ
3664 2807 3807 2879 χρόνον

2277 2907 2492 2979 αἰτήσω
2517 2905 2687 2977 ζωῆς,
2713 2903 2991 2975 φοϐοῦμαι
3023 2904 3098 2975 μὴ
3139 2901 3467 2973 προσθήκην
3494 2901 3646 2957 αὑτὸν
3673 2901 3808 2970 ἁμαρ-

2276 3001 2544 3072 τημάτων
2584 3001 2931 3070 ποιήσωμαι.
2989 2998 3088 3050 Ἂν
3137 2996 3212 3067 μὴ
3259 2993 3701 3067 προετοιμασθεὶς
3737 3006 3809 3042 πο-

580 3075 827 3132 nientem
855 3075 1098 3147 judicem
1133 3076 1238 3133 sim
1263 3082 1669 3147 aspectaturus,
1715 3076 1930 3147 ignoro.
1966 3073 2175 3143 Quippe

2282 3093 2488 3165 ρευθῶ,
2548 3092 2726 3155 ποίοις
2770 3090 3076 3162 ὀφθαλμοῖς
3119 3089 3392 3159 θεάσομαι
3422 3087 3513 3141 τὸν
3551 3081 3809 3157 κριτὴνὲλ·

579 3168 802 3237 provexi
854 3168 923 3225 ad
976 3183 1248 3224 summum
1309 3182 1481 3239 usque
1534 3168 1788 3234 malitiae;
1829 3184 1937 3223 non
1996 3177 2177 3223 cessat

581 3262 1169 3333 malignus-molestiam
1191 3261 1400 3331 facere;
1422 3264 1607 3319 hostes
1617 3262 2174 3334 jugiterimpugnant;

582 3355 902 3411 intestinum
934 3356 1115 3411 carnis
1147 3355 1348 3411 bellum
1385 3355 1762 3412 vehementius
1795 3354 1924 3410 furit
1951 3372 1965 3419 ;
1995 3368 2178 3423 pravae

581 3446 945 3516 cogitationes
976 3461 1084 3501 non
1125 3448 1448 3519 quiescunt;
1487 3463 1590 3505 nec
1621 3463 1849 3519 usquam
1885 3458 1969 3505 est
1997 3448 2175 3519 pumi-

584 3540 778 3594 tentia.

659 3650 678 3684 ι
719 3632 824 3689 Sed
876 3641 957 3698 tu,
995 3634 1246 3703 Domine,
1298 3634 1624 3705 usquequo?
1675 3654 1695 3686 ι
1731 3633 1850 3690 Non
1900 3635 2177 3705 expressit

578 3727 848 3795 propheta
881 3727 1012 3798 quid
1064 3728 1185 3783 istis
1233 3729 1549 3800 significare
1590 3728 1770 3784 vellet.
1818 3728 1984 3785 Forte
2016 3742 2175 3795 vero,

579 3834 701 3873 cum
730 3834 795 3873 ex
819 3820 1020 3874 summi
1054 3820 1201 3877 illius
1229 3822 1484 3877 maeroris
1514 3821 1587 3886 vi,
1618 3823 1793 3877 audax
1826 3820 2033 3892 aliquid
2065 3821 2175 3875 Deo
2205 3837 2215 3847 ’

581 3910 741 3965 vellet
778 3912 979 3976 dicere,
1034 3913 1272 3981 seipsum
1335 3913 1695 3969 nihilominus
1757 3912 2033 3978 cohibuit,
2075 3927 2175 3968 nec

581 4007 745 4059 audet
775 4004 826 4058 in
851 4005 1027 4075 palam
1052 4006 1374 4074 producere,
1405 4007 1501 4062 sed
1531 4007 1608 4061 ait
1639 4028 1651 4063 :
1678 4025 1697 4058 ι
1721 4008 1787 4063 Et
1811 4016 1893 4074 tu,
1925 4007 2173 4075 Domine,

580 4098 905 4167 usquequo?
949 4118 968 4151 ›
1012 4099 1153 4155 Ecce
1181 4100 1337 4155 vides
1372 4100 1623 4170 pertinax
1670 4102 1972 4157 adversarii
2002 4102 2055 4157 in
2088 4115 2174 4156 me

580 4204 859 4247 certamen
894 4211 907 4248 :
942 4194 1124 4248 carnis
1157 4209 1393 4264 pugnam
1435 4196 1986 4263 irreconciliabilem;
2017 4206 2174 4249 atrox

581 4284 715 4339 illud
748 4302 811 4339 ac
842 4294 1163 4357 perpetuum
1216 4289 1439 4354 bellum,
1469 4304 1533 4343 ac
1563 4290 1762 4345 viriqu
1800 4304 2042 4343 mearum
2077 4291 2176 4342 im-

585 4379 957 4434 becillitatem.
986 4379 1103 4434 1am
1128 4396 1279 4452 ergo,
1306 4396 1612 4451 usquequo,
1632 4382 1880 4448 Domine,
1907 4381 2178 4451 patienter

585 4472 861 4526 sustines?
893 4488 1174 4543 usqueqno
1213 4490 1318 4529 non
1368 4474 1695 4531 ulcisceris?
1746 4490 2030 4545 nsquequo
2070 4489 2175 4529 non
2208 4472 2255 4529 ι)

584 4565 804 4634 aspicis,
842 4574 941 4620 hec
965 4566 1035 4621 ab
1062 4566 1129 4620 iis
1157 4566 1376 4634 liberas,
1411 4582 1641 4637 quorum
1678 4579 1909 4638 appetor
1939 4566 2182 4623 insidiis?

584 4658 909 4728 Quanquam
936 4661 1080 4714 enim
1113 4675 1212 4729 ego
1242 4660 1495 4732 indignus
1523 4677 1641 4718 sum
1665 4679 1680 4728 ;
1708 4671 1762 4716 tu
1792 4672 1970 4717 tamen
1997 4659 2179 4714 multa!

586 4752 980 4807 misericordiae
1015 4769 1079 4807 ac
1110 4754 1354 4809 clemens
1387 4768 1469 4810 es.
1504 4753 1660 4822 Quod
1693 4754 1938 4824 negligas
1971 4768 2034 4808 ac
2084 4754 2178 4807 de-

582 4846 808 4915 spicias,
833 4845 1006 4900 ruime
1035 4848 1252 4902 occasio
1285 4847 1345 4901 fit
1380 4848 1468 4912 iis,
1501 4862 1641 4918 quos
1665 4848 1899 4903 deseris.
1937 4845 2080 4907 Hmc.
2114 4861 2181 4901 ac

585 4939 653 4993 iis
679 4939 900 5002 similia,
926 4940 1174 5010 cogitans
1198 4942 1463 5010 propheta
1496 4939 1608 4996 Deo
1634 4941 1907 5011 proloqui,
1940 4941 2178 5009 seipsum

584 5032 852 5097 coercuit,
903 5042 1061 5086 utne
1107 5033 1186 5088 sic
1237 5033 1488 5103 loquens,
1536 5048 1798 5104 pugnare,
1833 5049 1899 5089 ac
1927 5032 2074 5088 velut
2125 5033 2179 5087 in

586 5138 808 5179 causam
862 5125 1030 5180 Deum
1083 5139 1288 5181 vocare
1340 5128 1635 5182 videretur.
1692 5127 2069 5197 Deincepsque
2110 5125 2180 5180 ad

594 5216 685 5269 Dei
714 5217 1164 5285 supplicationem
1198 5220 1444 5274 animum
1478 5218 1845 5284 transferens,
1878 5220 1954 5273 ait
1993 5238 2006 5274 :

666 5326 685 5359 ι
727 5309 1020 5377 Converte,
1053 5311 1319 5376 Domine;
1354 5313 1505 5381 eripe
1535 5314 1777 5367 animam
1806 5326 1982 5367 meam
2017 5331 2032 5367 :
2068 5312 2180 5366 sal-

590 5387 720 5453 vum
752 5415 836 5454 me
870 5399 957 5456 fac
996 5414 1220 5471 propter
1268 5402 1702 5458 misericordiam
1739 5412 1912 5457 tuam.
1956 5422 1975 5455 »
2013 5401 2180 5457 Juxta

592 5490 807 5547 Domini
835 5494 1084 5562 proprias
1102 5496 1365 5561 rationes,
1389 5497 1554 5552 etiam
1580 5497 1850 5566 propheta
1873 5510 2179 5551 sermonem

591 5584 863 5658 producit.
898 5585 999 5641 Ubi
1048 5589 1193 5643 enim
1245 5589 1498 5659 superius
1549 5590 1821 5647 dixisset:
1864 5608 1883 5642 ι
1922 5588 2177 5645 Miserere

2287 5589 2472 5643 Εἰπὼν
2499 5589 2611 5661 γὰρ
2641 5590 2924 5661 ἀνωτέρω,
2972 5606 2991 5639 ι
3050 5585 3307 5657 Ἐλέησόν
3352 5598 3440 5654 με,
3469 5575 3687 5645 Κύριεῗ

2285 3186 2451 3241 θόντα
2479 3184 2775 3257 ἀμηχανῶ.
2828 3181 2946 3237 Ἐπ’
2976 3183 3147 3253 ἄκρον
3184 3180 3388 3244 κακίας
3425 3177 3671 3251 ἐλήλυθα’
3698 3172 3810 3227 καὶὸ

2284 3281 2526 3377 πονηρὸς
2570 3276 2800 3351 διοχλῶν
2852 3279 2914 3333 οὐ
2969 3276 3223 3343 παύεται,
3259 3277 3312 3330 oi
3363 3273 3548 3347 ἐχθροὶ
3604 3269 3809 3338 πολεμεῖν

2282 3375 2385 3431 οὐκ
2422 3366 2796 3445 ὀφίστανται,
2841 3373 2871 3426 ὁ
2916 3370 3065 3426 ἔνδον
3094 3373 3196 3441 τῆς
3229 3369 3435 3440 σαρκὸς
3457 3366 3678 3445 πόλεμος
3711 3377 3809 3429 σφο-

2302 3465 2556 3537 δρότερον
2578 3465 2955 3536 ἁγριαίνεται,
2988 3463 3038 3515 οἱ
3070 3460 3309 3532 πονηροὶ
3339 3456 3586 3530 λογισμοὶ
3612 3455 3699 3508 οὐκ
3717 3454 3809 3523 i195-

2286 3556 2480 3629 ptoﬁct'
2509 3557 2604 3611 καὶ
2640 3557 2903 3627 μετάνοια
2925 3553 3188 3624 οὐδαμοῦ.

2359 3666 2379 3700 ι
2421 3648 2532 3702 Καὶ
2562 3649 2650 3713 σὺ,
2681 3647 2880 3718 Κύριε,
2900 3645 3007 3711 ἕως
3038 3648 3206 3713 πότε;
3242 3666 3264 3696 ι
3301 3647 3368 3701 Τί
3397 3643 3586 3717 δηλοῦν
3614 3632 3810 3693 ἐντεῦθεν

2246 3776 2247 3781 η
2286 3742 2563 3813 βούλεται,
2589 3741 2691 3795 οὐκ
2724 3741 2988 3811 ἐσήμανε.
3025 3740 3178 3810 Τάχα
3217 3741 3297 3805 δέ,
3329 3743 3390 3807 ἐξ
3425 3741 3594 3810 ἄκρας
3624 3727 3810 3796 ἀθυμίας

2282 3834 2562 3907 τολμηρόν
2603 3850 2658 3887 τι
2707 3832 2947 3904 θελήσας
2996 3835 3175 3886 εἰπεῖν
3222 3834 3365 3904 πρὸς
3393 3832 3488 3886 τὸν
3532 3828 3671 3887 Θεὸν,
3696 3824 3810 3888 ὅμως

2232 3966 2239 3973 .
2283 3929 2474 3999 ἐπέχει
2505 3926 2722 3993 ἐαυτὸν,
2754 3925 3033 3983 καὶτοῦτο
3057 3926 3148 3979 ὑπ’
3174 3926 3302 3994 ὄψιν
3325 3925 3550 3995 ἀγαγεῖν
3574 3920 3628 3973 οὐ
3656 3910 3809 3982 τολμᾷν

2282 4022 2422 4078 ἀλλά
2473 4038 2643 4093 φησιο
2692 4039 2712 4071 ι
2760 4019 2872 4072 Καὶ
2906 4017 3004 4088 ob},
3059 4012 3259 4086 Κύριε,
3296 4018 3404 4082 ’έως
3455 4015 3608 4077 πότε;
3638 4000 3811 4103 ι-Ίδνῦ

2287 4113 2508 4183 βλέπεις
2553 4112 2656 4182 τὴν
2687 4112 2810 4164 κατ’
2860 4108 3000 4180 ἐμοῦ
3052 4108 3312 4162 ἔνστασιν
3366 4107 3463 4162 τοῦ
3510 4097 3706 4176 ἐχθροῦ,
3736 4097 3810 4183 τὴν

2284 4180 2550 4260 ἄσπονδον
2574 4180 2676 4273 τῆς
2719 4200 2925 4273 σαρκὸς
2966 4200 3169 4271 μάχην,
3201 4198 3295 4252 τὸν
3328 4195 3713 4252 ἀκατάλλακτον
3736 4180 3810 4250 πό·

2283 4299 2474 4370 λεμον,
2506 4297 2603 4351 καὶ
2631 4294 2732 4367 τὴν
2749 4295 2969 4349 ἀτονίαν
2996 4293 3098 4362 τῆς
3127 4292 3270 4363 ἐμῆς
3301 4291 3603 4362 δυνάμεως.
3625 4274 3808 4378 dotalia

2283 4392 2391 4455 ἓως
2416 4391 2547 4444 πότε
2580 4388 2984 4460 μακροθυμεῖς,
3021 4384 3230 4457 Κύριε;
3284 4384 3393 4444 ἐως
3430 4381 3557 4435 πότε
3587 4375 3677 4429 οὐκ
3701 4371 3811 4460 ἐκδι-

2283 4487 2434 4550 κεῖς;
2485 4458 2591 4547 ἓως
2638 4458 2773 4535 πότε
2798 4458 2901 4534 οῦκ
2938 4478 3291 4540 ἐπιϐλέπεις,
3345 4475 3440 4529 καὶ
3483 4471 3587 4525 τῶν
3640 4458 3811 4516 ἐπιϐου-

2284 4578 2554 4631 λευόντων
2598 4574 2700 4628 οὐκ
2755 4571 3171 4633 ἀπαλλάσσεις;
3207 4570 3270 4622 Εἰ
3320 4567 3433 4637 γὰρ
3470 4563 3561 4618 καὶ
3600 4554 3697 4626 ἐγὼ
3743 4551 3812 4637 ἀνξ

2285 4665 2474 4730 άξιος,
2507 4662 2646 4717 ἀλλὰ
2700 4663 2764 4716 σὺ
2800 4660 3086 4722 πολυέλεος
3125 4660 3223 4711 καὶ
3268 4635 3668 4727 φιλάνθρωπος·
3710 4635 3811 4710 ﬁdi

2285 4758 2599 4831 παρόρασις
2665 4755 3024 4817 κατάπτωσις
3055 4752 3269 4821 γίνεται
3298 4752 3416 4813 τοῖς
3450 4739 3811 4816 ἐγκαταλιμπα“

2284 4852 2557 4922 νομένοις.
2605 4847 2795 4902 Ταῦτα
2840 4846 2937 4901 καὶ
2980 4844 3050 4898 τὰ
3082 4843 3310 4898 τοιαῦτα
3344 4841 3479 4914 πρὸς
3505 4831 3681 4931 ΘεδνΑὸ
3707 4839 3810 4931 πξω

2281 4944 2460 5014 φήτης
2490 4940 2928 5013 βουλευσάμενος
2959 4937 3339 5008 προενεγκεῖν,
3375 4931 3601 5000 ἐπέσχεν
3629 4926 3807 5020 totum?

2280 5036 2371 5089 ἴνα
2406 5035 2481 5106 μὴ
2511 5033 2843 5106 μαχόμενος,
2866 5031 2961 5084 καὶ
2982 5027 3097 5083 οἷον
3120 5027 3499 5097 δικαζόμενος,
3523 5020 3661 5074 ἔνθεν
3682 5017 3807 5106 Ῡανῗΐ

2281 5127 2377 5182 καὶ
2409 5105 2599 5180 λοιπὸν
2629 5127 2711 5188 εἰς
2755 5123 2968 5178 ἱκεσίαν
3021 5120 3159 5176 Θεοῦ
3208 5118 3506 5192 μεταφέρει
3569 5110 3651 5164 τὸν
3696 5105 3809 5165 λογι’

2283 5219 2446 5290 σμδν,
2469 5217 2567 5271 καί
2596 5233 2764 5289 φησιν
2784 5232 2800 5246 ⁸

2359 5332 2377 5365 ι
2441 5310 2828 5381 Ἐπίστρεψον,
2883 5308 3095 5381 Κύριε,

2284 5406 2460 5461 σῶσόν
2490 5423 2558 5478 με
2576 5406 2766 5460 ἕνεκεν
2789 5403 2883 5458 τοῦ
2908 5404 3091 5465 ἐλέους
3115 5418 3230 5456 σου.
3271 5418 3288 5451 ι
3322 5398 3475 5453 Κατὰ
3496 5394 3560 5446 τά
3592 5384 3806 5452 ἰδιώματα

2282 5497 2380 5551 τοῦ
2414 5496 2713 5558 Δεσπότου,
2746 5495 2983 5568 προάγει
3022 5494 3115 5548 τὸν
3147 5493 3306 5561 λόγον
3342 5490 3432 5543 καὶ
3476 5488 3504 5539 ὁ
3547 5481 3803 5550 προφητηςι

2287 5589 2472 5614 152-5...
2500 5589 2608 5614 μὶ.-
2646 5590 2902 5614 2.-...-1-..
2975 5606 2990 5614 -
3050 5585 3307 5614 ἰς”ιλ..-ι..
3354 5598 3416 5614 ..ε
3469 5575 3661 5614 Ιζιῖηιε·
3706 5549 3806 5614 ἆσαι

3166 5308 3327 5377 ῥῦσαι
3363 5302 3461 5375 τὴν
3510 5295 3673 5371 ψυχήν
3712 5298 3805 5356 μου·

648 5713 695 5745 ⁸⁸
724 5712 872 5770 Psal.
925 5730 1082 5786 χχιιι,
1113 5717 1218 5788 2|;
1261 5737 1333 5787 vr,
1376 5722 1427 5789 ὅ,
1478 5724 1530 5777 4.
1608 5721 1653 5755 ⁸³⁵
1687 5722 1880 5778 Matth.
1914 5737 2032 5787 xm,
2069 5719 2159 5776 50.

2276 5724 2281 5749 ’
2316 5721 2449 5777 Luc.
2484 5738 2600 5792 xm,
2633 5723 2688 5780 6.
