4064 6490
388 299 534 369 1125
1577 315 1862 378 ORATIO

2031 320 2393 385 PSALMUM
2423 326 2524 388 VI.

3540 331 3678 401 1126

384 436 480 489 pe,
514 419 712 488 Κύριε,
738 439 754 469 ι
793 420 986 489 ἐπάγει
1018 421 1228 487 τούτοις
1260 423 1388 494 ἑξῆς
1418 426 1497 491 τὸ,
1523 446 1541 478 ι
1580 427 1941 501 Ἐπίστρεψον

2089 436 2214 498 mei,
2246 436 2504 504 Domine;
2526 453 2658 491 sana
2689 452 2795 502 me,
2823 438 3053 496 Domine
3079 459 3093 496 :
3124 460 3142 493 ι
3168 440 3452 502 iisdeinde
3475 446 3678 500 subne-

376 510 460 575 ὡς
493 512 705 582 ποιμὴν
740 512 1077 585 ἐπίστρεψον
1098 533 1111 546 ·
1146 536 1164 567 ι
1189 518 1287 570 καὶ
1314 518 1391 582 ὼς
1414 519 1610 590 όδηγὸς
1629 561 1643 586 ,
1676 523 1838 591 ῥῦσαι
1861 543 1874 555 ·
1907 526 1982 590 ὼς

373 603 647 669 δυνατὸς,
685 623 703 654 ι
744 602 929 659 Σῶσόν
970 624 1038 677 με
1068 607 1260 663 ἕνεκεν
1289 613 1384 665 τοῦ
1434 611 1620 678 ἐλέους
1656 630 1772 668 σου.
1812 636 1831 668 ι
1869 619 1982 688 Οὐχ

375 693 549 746 ἕνεκα
579 692 692 748 τῶν
722 694 901 766 ἔργων
932 714 1058 767 μου,
1093 702 1310 775 πονηρὰ
1335 702 1445 774 γάρ
1475 704 1616 758 εἰσιν
1641 721 1656 734 ·
1685 707 1786 779 οὐχ
1814 707 1981 764 ἕνεκα

375 785 494 838 τῶν
522 786 701 854 λόγων
732 805 861 859 μου,
898 789 1122 859 μάταιοι
1154 793 1264 865 γάρ
1297 796 1436 848 εἰσιν
1457 811 1470 825 ·
1526 797 1626 868 οὐχ
1673 798 1840 853 ’ἑνεκα
1868 801 1979 854 τῶν

375 876 665 946 λογισμῶν
712 897 840 949 μου,
893 883 1133 954 ῥυπαροὶ
1179 885 1289 957 γάρ
1319 888 1492 941 εἰσιν⁶
1527 889 1685 955 ἀλλὰ,
1740 911 1759 943 ι
1795 892 1978 947 Σῶσόν

379 988 453 1042 με
485 972 671 1026 ἕνεκεν
698 973 793 1027 τοῦ
822 973 1011 1038 ἐλέους
1045 992 1164 1032 σου.
1202 997 1222 1030 ι
1255 979 1318 1032 Ei
1349 980 1406 1033 δὲ
1455 981 1789 1038 δικάσασθαι
1837 988 1977 1056 πρός

376 1084 453 1137 με
491 1066 705 1138 βούλει,
752 1069 864 1138 ἐγὼ
912 1072 1292 1144 προλαμϐάνω
1326 1074 1427 1145 τὴν
1461 1077 1563 1147 σὴν
1618 1079 1828 1150 κρίσιν,
1882 1082 1975 1135 καὶ

371 1160 505 1214 κατ’
533 1162 779 1231 ἐμαυτοῦ
803 1163 904 1236 τὴν
949 1165 1230 1235 ἀπόφασιν
1268 1169 1513 1240 ἐκφέρω,
1551 1172 1646 1224 καὶ
1681 1172 1933 1245 ὁμολογῶ
1955 1216 1969 1241 ,

368 1253 456 1305 ὅτι
487 1252 635 1317 ἄξιος
664 1254 903 1309 θανάτου
944 1257 1081 1326 ἐγώ.
1113 1258 1340 1324 Λοιπὸν,
1381 1280 1399 1312 t
1446 1261 1634 1317 Σῶσόν
1668 1282 1736 1335 με
1781 1266 1972 1322 ἕνεκεν

363 1341 473 1395 τοῦ
503 1340 695 1406 ἐλέους
741 1360 858 1400 σου.
897 1366 915 1399 ι
954 1347 1049 1410 Et;
1076 1348 1137 1401 τὸ
1173 1348 1323 1413 ἔλεός
1354 1369 1451 1405 σου
1491 1355 1852 1425 καταφεύγω,
1883 1358 1973 1411 οὐ-

364 1433 462 1487 δὲν
514 1434 656 1505 ἔχων
686 1441 1063 1510 προσαγαγεῖν
1107 1458 1212 1495 σοι.
1249 1442 1440 1507 Ἔλεος
1471 1446 1611 1516 αἰτῶ
1652 1448 1807 1517 παρὰ
1835 1448 1929 1502 σοῦ
1953 1467 1967 1481 ο

370 1528 452 1598 μὴ
480 1525 727 1603 ζητήσῃς
760 1549 829 1601 με
862 1531 964 1604 τὴν
997 1532 1195 1589 τούτου
1235 1538 1431 1608 τιμήν.
1475 1538 1670 1605 Οὐδεὶς
1699 1543 1810 1614 γάρ
1836 1560 1969 1596 ποτε

362 1619 470 1690 τὴν
521 1620 902 1693 ἐλεημοσύνην
955 1626 1302 1698 πιπράσκει,
1348 1629 1488 1684 ἀλλὰ
1533 1631 1709 1704 δῶρον
1759 1635 1969 1706 ταύτην

362 1714 625 1784 παρέχει.
655 1716 768 1782 Διὸ,
811 1734 831 1767 ι
867 1717 1053 1772 Σῶσόν
1102 1736 1170 1789 με
1201 1720 1392 1775 ἕνεκεν
1420 1724 1516 1777 τοῦ
1555 1724 1740 1790 ἐλέους
1780 1744 1899 1783 σου.
1940 1747 1959 1779 ι

363 1808 659 1880 Μνήσθητι
689 1811 799 1865 τῶν
825 1812 1003 1883 λόγων
1033 1807 1108 1868 ὧν
1137 1817 1196 1868 ἐν
1229 1819 1350 1881 ταῖς
1376 1818 1562 1888 ἁγίαις
1592 1837 1686 1875 σου
1718 1822 1965 1894 Γραφαῖς

360 1905 635 1976 εἴρηκαςο
670 1908 753 1962 ὅτι
794 1927 814 1960 ι
867 1908 1179 1983 Ἐπιμελῶς
1207 1913 1460 1982 ἔγκειται
1497 1915 1711 1969 διάνοια
1741 1917 1836 1970 τοῦ
1871 1920 1966 1972 ἁν-

362 1999 592 2071 θρώπου
622 2002 715 2056 ἐπὶ
751 2002 820 2056 τὰ
845 2005 1063 2077 πονηρὰ
1133 2009 1198 2061 ἐκ
1240 2008 1493 2079 νεότητος
1531 2010 1722 2065 αὐτοῦ.
1757 2031 1776 2064 ι
1809 2014 1962 2083 Μνή-

359 2092 530 2165 σθητι
558 2095 641 2149 ὅτι
661 2095 951 2167 ἄνθρωπος
979 2101 1302 2171 ματαιότητι
1332 2100 1613 2173 ὡμοιώθη,
1648 2105 1741 2158 καὶ
1770 2104 1852 2158 ὅτι
1901 2107 1960 2159 οὐ

350 2185 780 2258 δικαιωθήσεται
805 2189 1042 2245 ἐνώπιόν
1068 2210 1162 2246 σου
1196 2196 1305 2258 πᾶς
1333 2192 1462 2258 ζῶν.
1504 2212 1523 2245 ι
1574 2195 1701 2248 Ἐάν
1732 2196 1963 2267 ἀνομίας

360 2282 763 2354 παρατηρήσῃ,
802 2282 885 2347 τίς
911 2284 1323 2357 ύποστήσεται;
1364 2306 1383 2340 ι
1427 2289 1714 2358 Μνήσθητι
1744 2290 1826 2342 ὅτι
1866 2292 1960 2343 οὐ·
1994 2320 2001 2323 -

356 2369 478 2435 δεὶς
507 2371 751 2444 καθαρὸς
778 2374 889 2429 ἀπὸ
921 2376 1122 2448 ῥύπου,
1151 2378 1263 2431 οὐδ’
1292 2379 1360 2433 ἂν
1460 2380 1559 2448 μία
1580 2382 1818 2451 ἡμέραή
1846 2382 1959 2452 ζωὴ

364 2462 566 2531 αὐτοῦς
609 2466 706 2518 καὶ
749 2466 833 2519 ὅτι
891 2485 910 2518 ι
950 2470 1008 2521 ἐν
1043 2469 1303 2539 ἁνομὶαις
1354 2458 1719 2542 συνελήφθην,
1769 2474 1863 2526 καὶ
1903 2475 1960 2528 ἐν

368 2552 670 2627 ἁμαρτίαις
715 2557 978 2627 ὲκίσσησέ
1023 2576 1090 2628 με
1122 2561 1156 2629 ἡ
1188 2562 1371 2631 μήτηρ
1410 2579 1535 2631 μου.
1592 2582 1611 2613 ι
1669 2563 1959 2634 Μνήσθητι

364 2644 453 2698 ὃτι
478 2646 592 2700 οὐδὲ
625 2648 791 2712 αὐτὸς
818 2651 847 2703 ὁ
867 2650 1099 2721 οὐρανὸς
1128 2652 1374 2723 καθαρὸς
1406 2652 1639 2706 ἐνώπιόν
1675 2671 1802 2707 σου·
1837 2656 1958 2708 οὐδὲ

358 2739 410 2790 oi
432 2739 654 2807 ἄγγελοι
685 2742 844 2795 αὐτοὶ
869 2743 1253 2815 ἀναμάρτητοι
1290 2744 1524 2800 ἐνώπιόν
1555 2763 1675 2811 σου,
1698 2746 1753 2798 εἴ
1776 2764 1836 2814 γε
1863 2746 1959 2800 καὶ

354 2830 421 2896 ἐξ
461 2833 695 2905 ούρανοῦ
747 2834 946 2891 ἔπεσόν
1001 2854 1151 2901 τινες
1195 2836 1264 2890 δι’
1317 2821 1706 2909 ὑπερηφανίαν
1750 2837 1954 2891 αὐτῶν.

362 2944 382 2976 ι
426 2925 658 2982 ’Ἕνεκεν
677 2928 772 2983 τοῦ
794 2929 982 2995 ἐλέους
1008 2948 1102 2984 σου
1138 2930 1315 2984 σῶσόν
1343 2948 1411 3002 με
1431 2945 1445 2960 ⁸
1484 2951 1503 2984 ι
1531 2931 1631 3001 ἐμὲ
1663 2930 1755 2984 τὸν
1774 2929 1957 2995 ἐλέους

351 3019 637 3090 δεόμενον.
690 3023 753 3076 Εί
797 3022 909 3095 γὰρ
943 3023 1034 3077 τὸν
1062 3023 1214 3088 ἄξιον
1263 3022 1496 3091 σώζεις,
1527 3026 1576 3077 εί
1609 3022 1702 3077 τὸν
1747 3022 1957 3079 δίκαιον

2086 528 2180 582 ctit
2211 529 2366 593 illud,
2402 548 2421 581 ι
2457 529 2752 593 Converte,
2783 542 3064 595 converte,
3146 542 3205 588 ιιι
3239 540 3551 603 pa'stornut
3577 553 3678 592 me

2082 618 2216 685 dux,
2247 621 2438 688 eripe;
2472 629 2533 674 ut
2580 632 2800 690 p0tens,
2842 642 2860 675 ι
2900 622 3121 677 Salvum
3176 639 3262 679 me
3313 622 3401 678 fac
3454 637 3675 697 propter

2083 712 2519 767 miscricordiam
2570 721 2742 769 tuam.
2787 735 2805 767 ι
2843 715 2955 769 Νοιι
3014 726 3237 786 propter
3290 730 3458 787 Opera
3510 732 3668 785 mea;

2080 805 2281 873 quippe
2325 807 2464 860 mala
2512 815 2668 875 sunt;
2709 823 2815 862 non
2865 818 3092 877 propter
3136 823 3289 864 meos
3339 824 3669 865 sermones:

2080 911 2205 950 nam
2239 909 2367 953 sunt
2412 900 2561 964 vani;
2617 916 2723 955 non
2775 909 3001 969 promer
3055 914 3205 955 meas
3255 901 3616 970 cogitationes
3653 920 3672 959 :

2079 989 2353 1061 siquidem
2403 1004 2526 1046 sunt
2581 994 2918 1048 immundae:
2956 994 3075 1057 sed,
3113 1012 3133 1044 ι
3183 992 3407 1048 Salvum
3452 1009 3539 1049 me
3587 995 3672 1051 fae

2077 1095 2304 1155 propter
2351 1086 2790 1141 misericordiam
2826 1096 2993 1140 tuam.
3045 1105 3062 1136 ι
3099 1084 3255 1152 Quod
3284 1086 3331 1140 si
3363 1085 3500 1140 velis
3534 1087 3667 1141 mihi

2076 1176 2226 1232 litem
2261 1179 2559 1247 intentare,
2608 1190 2757 1233 tuum
2804 1195 2903 1250 ego
2934 1178 3196 1246 judicium
3233 1193 3462 1247 occupo,
3507 1179 3671 1249 inque

2057 1269 2346 1341 'meipsum
2392 1273 2727 1343 pronuntio,
2764 1287 2827 1327 ac
2861 1288 2946 1327 me
2974 1286 3127 1326 reum
3161 1271 3354 1326 mortis
3404 1271 3671 1327 conﬁteor

2074 1380 2138 1420 ac
2190 1380 2449 1436 agnosco.
2505 1363 2801 1429 Caeterum,
2836 1382 2855 1414 ι
2893 1363 3116 1419 Salvum
3170 1380 3254 1419 me
3308 1361 3396 1418 fac
3443 1372 3669 1434 propter

2074 1458 2507 1514 miscricordiam
2563 1469 2731 1513 tuam.
2775 1478 2794 1510 ι
2828 1457 2911 1512 Ad
2947 1468 3097 1513 tuam
3143 1456 3406 1527 confugio
3451 1458 3669 1513 miseri-

2071 1551 2338 1615 cordiam,
2374 1566 2499 1606 cum
2536 1551 2669 1605 mihi
2704 1550 2846 1604 desit
2887 1550 3019 1619 quid
3059 1548 3313 1604 olferam.
3344 1546 3457 1603 Abs
3491 1556 3542 1603 te
3571 1548 3669 1601 mi:

2069 1644 2427 1698 sericordiam
2455 1642 2640 1711 ﬂagito
2672 1660 2684 1696 :
2715 1649 2771 1695 tu
2810 1657 2880 1696 ne
2906 1641 3028 1711 ejus
3075 1641 3311 1710 pretium
3344 1654 3374 1693 a
3409 1653 3496 1694 me
3517 1653 3663 1708 qna:-

2071 1728 2389 1788 ras.'Nemo
2433 1732 2632 1800 quippe
2679 1729 3114 1785 miscricordiam
3161 1727 3370 1793 vendit,
3418 1728 3511 1782 sed
3540 1742 3663 1782 eam

2070 1826 2244 1895 gratis
2293 1824 2503 1878 tribuit.
2562 1822 2790 1887 Idcirco,
2830 1840 2848 1873 ι
2898 1819 3122 1876 Salvum
3169 1834 3256 1874 me
3304 1820 3392 1875 fac
3438 1829 3664 1891 propter

2071 1914 2502 1971 misericordiam
2537 1923 2703 1968 tuam.
2739 1932 2758 1965 ι
2789 1911 3060 1966 Memento
3095 1910 3389 1965 verborum
3413 1920 3657 1974 tuorum,

2066 2024 2188 2078 qua:
2223 2007 2277 2062 in
2302 2008 2479 2062 sacris
2507 2005 2735 2060 Litteris
2761 2005 3080 2075 prolocutus
3103 2017 3183 2058 es.
3202 2001 3525 2067 Nimirum,t
3559 2001 3662 2056 bo-

2066 2102 2230 2156 minis
2276 2110 2511 2156 mentetn
2564 2098 2853 2168 diligenter
2898 2096 2952 2150 in
2996 2093 3139 2149 mala
3182 2095 3446 2149 intentam
3487 2109 3517 2148 a
3561 2108 3660 2149 sna

2060 2191 2807 2265 jnventute’U’.»Memento
2845 2189 3124 2244 hominem
3162 2187 3387 2241 vanitati
3434 2186 3660 2243 assimi-

2065 2287 2232 2342 latum
2264 2300 2406 2351 esse,
2435 2300 2500 2340 ac
2532 2283 2647 2338 fore
2677 2292 2735 2337 ut
2768 2295 2871 2336 ηοιι
2903 2277 3236 2348 justilicetur
3260 2278 3442 2334 omnis
3466 2277 3656 2335 vivens

2064 2396 2247 2436 coram
2302 2390 2355 2434 te
2399 2379 2466 2432 ³³.
2507 2395 2526 2429 ι
2574 2375 2631 2431 Si
2684 2373 3009 2444 iniquitates
3079 2371 3482 2437 observaveris,
3529 2372 3654 2442 quis

2062 2471 2358 2527 sustinebit
2383 2468 2455 2523 “‘2
2489 2487 2508 2520 ι
2548 2468 2818 2521 Memento
2844 2465 3117 2519 neminem
3147 2478 3176 2517 a
3208 2463 3368 2519 sorde
3392 2464 3656 2519 mundum

2062 2579 2202 2629 esse,
2232 2579 2299 2616 ne
2325 2564 2369 2617 si
2398 2578 2502 2616 una
2535 2562 2650 2615 dies
2681 2560 2755 2615 sit
2781 2560 2889 2614 vita
2920 2559 3037 2629 ejus
3072 2576 3088 2613 :
3118 2565 3288 2626 utque
3316 2574 3336 2607 ι
3370 2556 3423 2610 in
3454 2557 3657 2627 iniqui-

2064 2655 2267 2707 tatibus
2298 2659 2597 2719 conceptus
2628 2650 2754 2715 sim,
2780 2660 2827 2704 et
2861 2651 2913 2702 in
2949 2647 3193 2720 peccatis
3220 2646 3536 2716 conceperit
3568 2662 3656 2702 me

2063 2756 2237 2801 mater
2266 2760 2383 2798 mea
2418 2742 2488 2796 ".
2534 2762 2555 2795 ι
2589 2741 2863 2797 Memento
2900 2756 2968 2795 ne
2996 2740 3194 2795 coelum
3242 2740 3418 2810 ipsum
3459 2753 3649 2794 coram

2064 2848 2115 2892 te
2145 2837 2404 2891 umndnm
2441 2848 2565 2890 esse
2591 2834 2663 2898 ’°,
2699 2847 2877 2902 neque
2908 2832 3134 2904 angelos
3164 2847 3288 2888 esse
3317 2847 3501 2886 coram
3533 2840 3585 2886 te
3616 2845 3649 2886 ι

2061 2939 2285 3000 peccato
2323 2930 2594 2984 immunes
2616 2928 2684 2993 ⁸⁷,
2717 2926 2985 2995 siquidem
3015 2940 3203 2980 eorum
3241 2924 3409 2994 aliqui
3437 2923 3655 2979 cecide-

2062 3031 2190 3076 rnut
2219 3038 2249 3077 e
2279 3023 2419 3079 caelo
2466 3028 2691 3092 promer
2743 3016 3075 3088 superbiam.
3115 3034 3134 3067 ι
3184 3015 3407 3071 Salvum
3446 3028 3532 3070 me
3567 3014 3656 3070 l‘ac

352 3110 629 3183 ἑλεήσεις,
655 3113 810 3169 οὐδὲν
845 3114 1164 3186 θαυμαστόν
1188 3133 1201 3146 ·
1242 3115 1358 3169 ἀλλ’
1389 3117 1438 3168 εί
1467 3115 1569 3185 ἐμὲ
1592 3116 1684 3168 τὸν
1709 3115 1950 3181 ἀνάξιον,

2069 3124 2285 3183 pr0ptcr
2333 3110 2768 3168 misericordiam
2813 3118 3013 3163 tuam:
3058 3128 3078 3161 ι
3120 3123 3228 3174 me,
3267 3108 3510 3178 inquam,
3560 3106 3654 3176 qui

352 3204 454 3258 τοῦ
488 3204 672 3270 ἐλέους
700 3224 795 3261 σου
827 3206 1106 3273 ἀξιώσεις,
1143 3207 1307 3262 τοῦτο
1336 3208 1431 3261 καὶ
1457 3209 1611 3274 ξένον
1632 3224 1644 3237 ⁸
1674 3206 1836 3261 τοῦτο
1863 3208 1958 3262 καὶ

355 3297 527 3369 μέγα.
563 3299 676 3353 Καὶ
705 3299 814 3371 γάρ
860 3300 1046 3372 ἰατρὸς
1079 3299 1200 3354 τότε
1236 3300 1607 3370 θαυμάζεται,
1643 3301 1732 3355 ὅτε
1765 3301 1957 3365 νόσους

351 3390 613 3456 ἀνιάτους
664 3393 839 3462 ἰᾶται,
903 3396 998 3449 καὶ
1040 3393 1367 3465 ἀνθρώπους
1419 3394 1673 3464 χαλεπῶς
1703 3393 1931 3466 ἔχοντας

351 3468 702 3553 ἐπαναγάγει
746 3485 886 3557 πρὸς
938 3487 1306 3559 εύρρωστίαν.
1356 3487 1468 3541 Καὶ
1515 3486 1770 3558 βασιλεὺς
1829 3487 1952 3540 τότε

351 3577 686 3641 ἐπαινεῖται,
728 3578 818 3631 ὅτε
867 3580 987 3642 τοῖς
1030 3579 1273 3647 ἀναξίοις
1314 3580 1625 3652 χαρίζεται.
1658 3576 1820 3643 Οἶδας
1854 3578 1953 3650 τήν

350 3668 644 3723 ἀσθένειαν
687 3669 790 3740 τῆς
835 3668 1091 3740 φύσεως,
1121 3672 1199 3734 ὡς
1232 3675 1327 3726 καὶ
1367 3672 1580 3736 πλάσας
1624 3672 1816 3744 αὐτὴν,
1854 3672 1953 3726 καὶ

352 3761 433 3833 μὴ
464 3759 787 3827 ἀπαξιώσας
823 3762 1031 3833 ταύτην
1065 3764 1411 3819 ἐνδύσασθαι.

2061 3206 2439 3262 misericordia
2488 3220 2696 3275 egeam.
2747 3204 3030 3273 Siquidem
3073 3203 3219 3257 enim
3270 3216 3396 3256 eum
3438 3200 3653 3255 salvum

2058 3298 2216 3362 facis,
2266 3297 2359 3367 qui
2406 3298 2607 3368 dignus
2653 3305 2790 3351 est:
2826 3295 3095 3364 siquidem
3155 3293 3436 3348 misereris
3491 3292 3649 3363 justi,

2060 3392 2197 3446 nihil
2231 3406 2317 3446 res
2356 3391 2740 3445 admirationis
2772 3390 2939 3444 habet
2979 3412 2991 3445 :
3025 3388 3108 3443 sin
3144 3399 3329 3441 autem
3363 3386 3650 3452 indignum

2059 3500 2164 3547 me,
2207 3494 2295 3538 tua
2328 3485 2699 3540 misericordia
2761 3485 3093 3552 impertieris
3124 3499 3137 3535 :
3174 3483 3277 3537 hoc
3332 3481 3519 3548 utique
3550 3493 3652 3533 no—

2058 3593 2221 3642 vum;
2259 3578 2360 3632 hoc
2410 3593 2662 3647 magnum
2708 3580 2821 3632 ﬁet.
2856 3578 3008 3633 Tunc
3037 3577 3238 3647 quippe
3270 3574 3513 3628 medicus
3545 3570 3651 3625 ad-

2057 3671 2333 3725 mirationi
2381 3670 2636 3746 habetur,
2673 3686 2797 3726 cum
2844 3673 3064 3727 morbos
3098 3667 3429 3724 incurabilcs
3462 3673 3645 3729 sanat,

2055 3763 2310 3831 maleque
2344 3762 2566 3816 allectos
2598 3762 2843 3828 pristinae
2889 3759 3190 3817 valetudini
3237 3767 3475 3828 reparat.
3528 3755 3647 3810 Rex

350 3870 574 3924 quoque
624 3867 755 3911 tunc
799 3856 1112 3912 celebratur
1149 3857 1420 3921 laudibus,
1457 3872 1581 3913 cum
1649 3859 1701 3911 in
1740 3857 2046 3912 immeritos
2105 3856 2393 3910 munilicns
2411 3856 2660 3910 e.t.Seis
2713 3868 2923 3909 natura:
2968 3852 3648 3922 imbecillitatem,quippe

347 3946 444 4016 qui
481 3961 599 4000 eam
634 3944 980 4012 formaveris,
1030 3963 1131 4002 nec
1180 3948 1350 4018 ipsam
1406 3949 1633 4003 induere
1677 3949 2003 4020 dedignatus
2028 3947 2123 4003 sis.
2220 3992 2227 3999 .

424 4036 546 4101 Διὸ,
604 4056 624 4089 t
660 4038 843 4092 Σῶσὸν
885 4057 951 4111 με
1000 4040 1191 4094 ἕνεκεν
1237 4041 1330 4095 τοῦ
1385 4040 1572 4105 ἐλέους
1618 4059 1738 4096 σου.
1779 4061 1798 4093 ι
1853 4043 1948 4113 Μὴ

2120 4038 2481 4110 Quapropter,
2520 4059 2539 4091 ι
2578 4040 2799 4094 Salvum
2830 4055 2915 4095 me
2948 4039 3036 4095 l‘ac
3066 4048 3291 4111 prOpter
3327 4038 3645 4094 misericor-

348 4129 558 4202 νικήσῃ
605 4130 637 4199 ἠ
682 4130 792 4201 ἐμὴ
844 4130 1094 4203 ῥᾳθυμία
1124 4133 1223 4204 τὴν
1248 4133 1490 4204 ἄμετρόν
1517 4150 1612 4186 σου
1637 4133 1951 4206 φιλανθρω-

2069 4135 2194 4189 liam
2234 4143 2405 4187 tuam.
2450 4151 2468 4184 ι
2506 4132 2584 4188 Ne
2619 4136 2823 4197 vincat,
2857 4148 3065 4202 quaeso,
3100 4147 3218 4186 mea
3256 4130 3518 4199 segnities
3543 4129 3645 4182 itu-

349 4220 516 4274 πίαν·
547 4238 566 4271 ι
603 4221 694 4292 Μὴ
724 4223 807 4286 εἰς
835 4223 1018 4294 κρίσιν
1039 4224 1201 4296 ἔλθῃς
1228 4225 1371 4295 μετὰ
1397 4224 1505 4279 τῶν
1534 4225 1738 4280 δούλων
1773 4242 1889 4280 σου.
1921 4246 1941 4279 ι

2069 4241 2294 4282 nensam
2342 4226 2690 4281 cletnentiam
2739 4242 2804 4281 ac
2847 4226 3238 4295 benignitatem
3274 4233 3461 4278 tuam:
3506 4240 3524 4272 ι
3567 4220 3644 4275 Ne

350 4315 417 4368 Ei
465 4318 575 4386 γὰρ
623 4316 886 4387 κριθῆναι
928 4316 1203 4390 βουληθῇς
1233 4319 1373 4388 πρὸς
1404 4319 1587 4388 ἡμᾶς,
1634 4321 1743 4374 πᾶν
1772 4321 1951 4392 στόμα

2072 4330 2219 4372 utres
2270 4318 2324 4372 in
2370 4317 2638 4387 judicium
2688 4332 2812 4371 eum
2852 4318 3030 4372 servis
3079 4317 3190 4370 tuis
3236 4314 3307 4368 ⁹⁸.
3350 4335 3369 4367 ι
3403 4315 3459 4367 Si
3497 4314 3641 4367 enim

347 4410 745 4479 φραγήσεται,
805 4409 974 4479 μηδὲν
1024 4410 1147 4480 ἔχον
1200 4410 1676 4481 ἀπολογήσασθαι.
1709 4411 1775 4465 Τί
1834 4412 1945 4483 γάρ

2069 4411 2287 4465 volueris
2321 4408 2531 4478 judicio
2581 4410 2867 4465 nobiscmn
2922 4410 3282 4473 contendere,
3323 4407 3642 4461 obstruatur

345 4499 622 4571 ὲρούμεν;
677 4500 771 4570 Μὴ
820 4500 985 4565 ὄντας
1035 4503 1185 4572 ἡμᾶς
1228 4504 1537 4574 ἐποίησας,
1567 4504 1944 4574 πλανηθέντας

2069 4511 2263 4573 iportet
2292 4516 2455 4556 omne
2481 4516 2564 4566 os,
2591 4502 2739 4556 omni
2773 4502 3098 4556 destitutum
3131 4501 3467 4557 defensione.
3502 4499 3640 4567 Quid

345 4591 733 4662 ἐπέστρεψας,
785 4592 1141 4657 ἀπολωλότας
1181 4593 1496 4667 ἐζήτησας,
1544 4595 1715 4667 τιμίῳ
1747 4595 1944 4665 ἐξηγόο

2069 4595 2192 4649 :nim
2231 4593 2434 4650 dicturi
2487 4594 2720 4649 sumus?
2752 4594 2886 4649 Cum
2942 4610 3046 4649 non
3090 4608 3361 4658 essemus,
3398 4592 3640 4653 creasti;

346 4702 526 4757 ρασας
567 4686 793 4757 αἵματι,
844 4687 996 4750 υίοῦς
1038 4687 1188 4756 ἡμᾶς
1242 4685 1380 4740 Θεοῦ
1429 4686 1525 4740 καὶ
1568 4685 1947 4759 κληρονόμους

2069 4702 2236 4742 :rrore
2299 4685 2523 4757 lapsos,
2593 4687 2942 4753 convertisti;
3004 4685 3250 4754 perditos
3305 4685 3637 4755 quae-ivisti;

345 4778 714 4849 κατέστησας.
735 4778 850 4843 Διὸ,
875 4797 893 4830 ι
924 4779 1017 4850 Μὴ
1040 4778 1288 4849 μνησθῇς
1316 4777 1425 4832 τῶν
1447 4777 1689 4847 ἀνομιῶν
1713 4778 1893 4849 ἡμῶνο
1920 4797 1939 4831 ι

2069 4781 2291 4836 tretioso
2322 4779 2607 4836 redemisti
2641 4780 2948 4850 sanguine;
2989 4780 3079 4833 Dei
3104 4794 3203 4833 nos
3230 4779 3370 4833 lilios
3387 4792 3451 4832 ac
3475 4784 3638 4833 ttat-rc-

348 4869 490 4939 μηδὲ
507 4868 947 4942 άντισταθμίσῃς
972 4872 1095 4933 ταῖς
1115 4868 1413 4941 ἁμαρτίαις
1436 4868 1536 4939 τὴν
1555 4867 1655 4941 σὴν
1685 4869 1944 4941 ἀπειλήν·

2069 4874 2143 4929 les
2174 4873 2528 4928 constituisti.
2582 4872 2945 4943 Quapropter,
2983 4890 3003 4922 ι
3044 4870 3126 4925 Ne
3162 4870 3476 4925 memineris
3531 4871 3636 4922 ini-

345 4957 489 5012 ἀλλά
514 4959 605 5013 τὸν
648 4959 860 5015 δίκαιόν
911 4978 1004 5015 σου
1040 4957 1205 5029 ζυγὸν
1265 4979 1283 5012 t
1320 4960 1504 5013 κλῖνον
1536 4961 1602 5013 ἐκ
1646 4959 1838 5014 τούτου
1862 4964 1943 5027 είς

2069 4964 2319 5035 [uitatum
2370 4975 2682 5022 nostrarum
2718 4965 2767 4997 ⁹⁹
2802 4982 2820 5021 :
2860 4983 2879 5015 ι
2923 4979 3098 5033 neque
3142 4964 3380 5034 peccatis
3430 4966 3637 5017 nostris

343 5050 544 5105 τοῦτον
590 5072 609 5104 ι
654 5054 721 5107 ἐκ
772 5052 869 5106 τοῦ
916 5053 1192 5124 ἡμετέρου
1249 5051 1478 5122 φορτίου
1558 5053 1639 5117 είς
1692 5052 1753 5106 τὸ
1802 5053 1947 5123 μέγα

2072 5036 2196 5113 nam
2221 5072 2288 5112 ex
2325 5058 2561 5112 adverso
2588 5057 3066 5113 comminatione-nt
3099 5055 3426 5126 appenderis
3463 5057 3632 5125 :quiu

345 5144 503 5208 ἔλεός
543 5161 662 5200 σου.
717 5145 906 5199 Σῶσόν
952 5162 1020 5216 με
1048 5144 1242 5198 ἕνεκεν
1280 5143 1379 5212 τῆς
1412 5144 1783 5216 χρηστότητός
1819 5163 1945 5207 σου.

2069 5150 2248 5214 totius,
2279 5151 2485 5220 justam
2525 5149 2671 5215 illam
2710 5158 2856 5202 tuam
2906 5149 3097 5202 libram
3142 5166 3161 5198 ι
3201 5147 3402 5201 inclina
3432 5162 3498 5199 ex
3528 5147 3633 5200 hoc

342 5237 416 5292 δι’
452 5231 521 5310 ἧς
556 5237 764 5309 κόσμον
794 5236 1173 5307 ἀπολλύμενον
1212 5234 1459 5298 ἔσωσας·
1499 5236 1594 5290 καί
1639 5237 1841 5301 πάντες
1896 5239 1946 5292 οί

2069 5261 2099 5298 ιι
2127 5244 2231 5301 hoc
2267 5244 2318 5310 ¹;
2358 5262 2377 5296 ι
2412 5258 2479 5298 ex
2520 5252 2708 5297 nostro
2745 5256 2914 5297 onere
2946 5243 2999 5294 in
3027 5256 3275 5308 magnam
3311 5241 3455 5294 illaut
3486 5252 3630 5294 tuam

346 5330 445 5386 ἀπ’
493 5320 693 5390 αἰῶνος
725 5329 1115 5393 δικαιωθέντες
1176 5331 1267 5385 διὰ
1310 5331 1517 5402 ταύτης
1548 5315 1742 5385 τῶνέν
1772 5334 1945 5400 ἐπαγ-

2069 5330 2509 5390 nisericordiam.
2566 5333 2789 5390 Saqum
2824 5350 2909 5390 me
2942 5336 3028 5392 l'ac
3059 5345 3282 5405 propter
3333 5335 3628 5390 bonitatem

345 5422 561 5491 γελιαις
607 5421 932 5495 ἠξιώθησαν
980 5423 1225 5491 ἀγαθῶν.
1272 5424 1395 5477 Κᾶν
1450 5427 1559 5494 γὰρ
1609 5425 1814 5479 Μωσέα
1862 5443 1946 5489 τις

2072 5442 2214 5493 nam,
2247 5442 2345 5497 per
2373 5441 2537 5498 quam
2565 5426 2826 5481 mundum
2858 5428 3129 5497 perditum
3163 5428 3374 5481 salvum
3410 5426 3586 5481 feciin
3614 5443 3628 5477 :

345 5516 513 5587 εἴπῃ,
559 5515 662 5569 κᾶν
732 5515 968 5587 Ἀαρὼν,
1017 5518 1123 5572 κᾶν
1174 5517 1369 5580 Δαϐὶδ,
1427 5520 1533 5573 κᾶν
1590 5518 1797 5589 Πέτρον
1847 5519 1939 5572 τὸν

2069 5536 2345 5592 unnesque
2380 5537 2410 5576 a
2445 5520 2647 5577 saeculo
2680 5519 2808 5591 justi
2845 5535 2941 5591 per
2978 5536 3097 5576 eam
3133 5521 3271 5574 bona
3301 5519 3630 5589 repromissa

341 5667 792 5745 "’"_geli.u\'lll,
816 5671 912 5745 2|.
947 5715 954 5723 .
991 5669 1197 5745 “Psal.
1235 5687 1426 5745 cxttu,
1464 5675 1526 5735 ις
1569 5689 1738 5731 CXLII.
1762 5674 1817 5729 2.
1895 5676 1944 5707 ’³
1976 5675 2119 5731 Psal.
2147 5692 2334 5738 enix.
2365 5678 2417 5734 '5.
2496 5679 2543 5711 "
2567 5677 2711 5736 Psal.
2741 5696 2794 5745 ι,
2823 5679 2875 5734 7.
2953 5680 3000 5712 "
3022 5677 3120 5734 Job
3156 5694 3242 5745 xv,
3288 5677 3372 5734 15.
3452 5677 3498 5711 ⁹τ
3528 5675 3631 5733 Job

348 5755 428 5808 tv,
457 5740 547 5799 18.
625 5741 672 5774 ⁸⁸
708 5741 848 5797 Psal.
883 5757 1052 5807 cum,
1085 5742 1140 5796 2.
1218 5745 1262 5775 ’9
1290 5744 1668 5808 Psalmuvm,
1717 5745 1767 5798 8.
1854 5749 1866 5777 ¹
1917 5745 1964 5799 P:

2109 5764 2294 5815 antv,
2331 5753 2380 5803 υ.
