  <div class='ocr_page' id='page_1' title='image "/cluster/home/n/w/nwhite01/storage/ocr_20150623/89/coo.31924054869932/577.png"; bbox 0 0 4064 6404; ppageno 0'>
   <div class='ocr_carea' id='block_1_1' title="bbox 390 280 3666 351">
    <p class='ocr_par' dir='ltr' id='par_1_1' title="bbox 390 280 3666 351">
     <span class='ocr_line' id='line_1_1' title="bbox 390 280 3666 351; baseline 0.001 -5"><span class='ocrx_word' id='word_1_1' title='bbox 390 280 520 349; x_wconf 57' lang='grc' dir='ltr'>ιιι-ι</span> <span class='ocrx_word' id='word_1_2' title='bbox 1595 289 1656 350; x_wconf 89' lang='lat' dir='ltr'><strong>S.</strong></span> <span class='ocrx_word' id='word_1_3' title='bbox 1700 289 2097 348; x_wconf 67' lang='lat' dir='ltr'><strong>ANASTASII</strong></span> <span class='ocrx_word' id='word_1_4' title='bbox 2159 287 2484 348; x_wconf 60' lang='lat' dir='ltr'><strong>SINAITJK</strong></span> <span class='ocrx_word' id='word_1_5' title='bbox 3532 283 3666 351; x_wconf 68' lang='lat'><strong>“‘23</strong></span> 
     </span>
    </p>
   </div>
   <div class='ocr_carea' id='block_1_2' title="bbox 389 396 2010 470">
    <p class='ocr_par' dir='ltr' id='par_1_2' title="bbox 389 396 2010 470">
     <span class='ocr_line' id='line_1_2' title="bbox 389 396 2010 470; baseline 0.002 -19"><span class='ocrx_word' id='word_1_6' title='bbox 389 396 652 464; x_wconf 84' lang='lat' dir='ltr'><strong>consequi</strong></span> <span class='ocrx_word' id='word_1_7' title='bbox 695 407 1034 452; x_wconf 85' lang='lat' dir='ltr'><strong>meruerunt.</strong></span> <span class='ocrx_word' id='word_1_8' title='bbox 1079 397 1401 468; x_wconf 79' lang='lat' dir='ltr'><strong>Quanquam</strong></span> <span class='ocrx_word' id='word_1_9' title='bbox 1435 403 1580 455; x_wconf 84' lang='lat' dir='ltr'><strong>cnim</strong></span> <span class='ocrx_word' id='word_1_10' title='bbox 1617 403 1740 470; x_wconf 83' lang='lat' dir='ltr'><strong>quis</strong></span> <span class='ocrx_word' id='word_1_11' title='bbox 1783 401 1966 454; x_wconf 63' lang='lat' dir='ltr'><strong>Mosen</strong></span> <span class='ocrx_word' id='word_1_12' title='bbox 2004 445 2010 464; x_wconf 41' lang='grc' dir='ltr'><strong><em>ι</em></strong></span> 
     </span>
    </p>
   </div>
   <div class='ocr_carea' id='block_1_3' title="bbox 2111 396 3669 470">
    <p class='ocr_par' dir='ltr' id='par_1_3' title="bbox 2111 397 3669 466">
     <span class='ocr_line' id='line_1_3' title="bbox 2111 397 3669 466; baseline 0.001 -18"><span class='ocrx_word' id='word_1_13' title='bbox 2111 401 2292 466; x_wconf 70' lang='grc' dir='ltr'>πρῶτον</span> <span class='ocrx_word' id='word_1_14' title='bbox 2323 400 2432 450; x_wconf 82' lang='grc' dir='ltr'><strong>τῶν</strong></span> <span class='ocrx_word' id='word_1_15' title='bbox 2468 397 2805 461; x_wconf 74' lang='grc' dir='ltr'><strong>ἀποστόλων,</strong></span> <span class='ocrx_word' id='word_1_16' title='bbox 2853 398 2956 450; x_wconf 66' lang='grc' dir='ltr'><strong>κᾶν</strong></span> <span class='ocrx_word' id='word_1_17' title='bbox 2993 398 3200 452; x_wconf 67' lang='grc' dir='ltr'>Παῦλον</span> <span class='ocrx_word' id='word_1_18' title='bbox 3237 400 3329 452; x_wconf 79' lang='grc' dir='ltr'><strong>τὸν</strong></span> <span class='ocrx_word' id='word_1_19' title='bbox 3367 403 3449 462; x_wconf 81' lang='grc' dir='ltr'><strong>είς</strong></span> <span class='ocrx_word' id='word_1_20' title='bbox 3489 401 3669 456; x_wconf 77' lang='grc' dir='ltr'>τοίτυν</span> 
     </span>
    </p>
   </div>
   <div class='ocr_carea' id='block_1_4' title="bbox 392 462 3535 562">
    <p class='ocr_par' dir='ltr' id='par_1_4' title="bbox 392 462 3535 562">
     <span class='ocr_line' id='line_1_4' title="bbox 392 462 3535 562; baseline 0.001 -20"><span class='ocrx_word' id='word_1_21' title='bbox 392 491 536 543; x_wconf 82' lang='lat' dir='ltr'><strong>dicat</strong></span> <span class='ocrx_word' id='word_1_22' title='bbox 566 491 621 556; x_wconf 67' lang='grc' dir='ltr'>’ς</span> <span class='ocrx_word' id='word_1_23' title='bbox 655 505 964 559; x_wconf 80' lang='lat' dir='ltr'><strong>quanquam</strong></span> <span class='ocrx_word' id='word_1_24' title='bbox 996 491 1145 546; x_wconf 90' lang='lat' dir='ltr'><strong>dicat</strong></span> <span class='ocrx_word' id='word_1_25' title='bbox 1175 493 1354 547; x_wconf 89' lang='lat' dir='ltr'><strong>Aarou</strong></span> <span class='ocrx_word' id='word_1_26' title='bbox 1385 493 1443 558; x_wconf 83' lang='grc'><strong>³;</strong></span> <span class='ocrx_word' id='word_1_27' title='bbox 1477 509 1780 562; x_wconf 78' lang='lat' dir='ltr'><strong>quanquam</strong></span> <span class='ocrx_word' id='word_1_28' title='bbox 1814 494 1969 544; x_wconf 63' lang='lat' dir='ltr'><strong>Daxi-</strong></span> <span class='ocrx_word' id='word_1_29' title='bbox 2071 492 2304 562; x_wconf 63' lang='lat' dir='ltr'><strong>obpav‘w</strong></span> <span class='ocrx_word' id='word_1_30' title='bbox 2345 491 2670 558; x_wconf 79' lang='grc' dir='ltr'><strong>ἁρπαγέντα</strong></span> <span class='ocrx_word' id='word_1_31' title='bbox 2692 530 2708 554; x_wconf 98' lang='grc'><strong>,</strong></span> <span class='ocrx_word' id='word_1_32' title='bbox 2765 490 2957 542; x_wconf 73' lang='grc' dir='ltr'>οὐδένα</span> <span class='ocrx_word' id='word_1_33' title='bbox 3014 491 3220 545; x_wconf 85' lang='grc' dir='ltr'>τούτων</span> <span class='ocrx_word' id='word_1_34' title='bbox 3273 462 3535 562; x_wconf 74' lang='grc' dir='ltr'>ἀναμὰρτ</span> 
     </span>
    </p>
   </div>
   <div class='ocr_carea' id='block_1_5' title="bbox 395 582 1970 653">
    <p class='ocr_par' dir='ltr' id='par_1_5' title="bbox 395 582 1970 653">
     <span class='ocr_line' id='line_1_5' title="bbox 395 582 1970 653; baseline 0.001 -19"><span class='ocrx_word' id='word_1_35' title='bbox 395 583 514 635; x_wconf 80' lang='lat' dir='ltr'><strong>dem</strong></span> <span class='ocrx_word' id='word_1_36' title='bbox 539 582 592 649; x_wconf 61' lang='grc' dir='ltr'><strong>ις</strong></span> <span class='ocrx_word' id='word_1_37' title='bbox 614 598 922 651; x_wconf 85' lang='lat' dir='ltr'><strong>quanquam</strong></span> <span class='ocrx_word' id='word_1_38' title='bbox 951 582 1174 638; x_wconf 88' lang='lat' dir='ltr'><strong>Petrum</strong></span> <span class='ocrx_word' id='word_1_39' title='bbox 1203 585 1567 652; x_wconf 89' lang='lat' dir='ltr'><strong>apostolorum</strong></span> <span class='ocrx_word' id='word_1_40' title='bbox 1599 586 1894 653; x_wconf 79' lang='lat' dir='ltr'><strong>principem</strong></span> <span class='ocrx_word' id='word_1_41' title='bbox 1916 585 1970 649; x_wconf 67' lang='lat'><strong>8;</strong></span> 
     </span>
    </p>
   </div>
   <div class='ocr_carea' id='block_1_6' title="bbox 396 672 1974 746">
    <p class='ocr_par' dir='ltr' id='par_1_6' title="bbox 396 672 1974 746">
     <span class='ocr_line' id='line_1_6' title="bbox 396 672 1974 746; baseline 0.003 -22"><span class='ocrx_word' id='word_1_42' title='bbox 396 687 704 740; x_wconf 82' lang='lat' dir='ltr'><strong>quanquam</strong></span> <span class='ocrx_word' id='word_1_43' title='bbox 757 672 1004 738; x_wconf 89' lang='lat' dir='ltr'><strong>Paulum,</strong></span> <span class='ocrx_word' id='word_1_44' title='bbox 1045 676 1138 742; x_wconf 91' lang='lat' dir='ltr'><strong>qui</strong></span> <span class='ocrx_word' id='word_1_45' title='bbox 1185 677 1251 728; x_wconf 89' lang='lat' dir='ltr'><strong>ad</strong></span> <span class='ocrx_word' id='word_1_46' title='bbox 1287 677 1502 730; x_wconf 87' lang='lat' dir='ltr'><strong>tertium</strong></span> <span class='ocrx_word' id='word_1_47' title='bbox 1561 693 1732 746; x_wconf 88' lang='lat' dir='ltr'><strong>usque</strong></span> <span class='ocrx_word' id='word_1_48' title='bbox 1780 677 1974 731; x_wconf 84' lang='lat' dir='ltr'><strong>cu-lum</strong></span> 
     </span>
    </p>
   </div>
   <div class='ocr_carea' id='block_1_7' title="bbox 399 769 1980 838">
    <p class='ocr_par' dir='ltr' id='par_1_7' title="bbox 399 769 1980 838">
     <span class='ocr_line' id='line_1_7' title="bbox 399 769 1980 838; baseline 0.002 -19"><span class='ocrx_word' id='word_1_49' title='bbox 399 778 590 834; x_wconf 85' lang='lat' dir='ltr'><strong>raptus</strong></span> <span class='ocrx_word' id='word_1_50' title='bbox 623 775 707 821; x_wconf 87' lang='lat' dir='ltr'><strong>est</strong></span> <span class='ocrx_word' id='word_1_51' title='bbox 734 769 755 800; x_wconf 79' lang='grc'>⁸</span> <span class='ocrx_word' id='word_1_52' title='bbox 785 781 800 820; x_wconf 92' lang='lat'><strong>:</strong></span> <span class='ocrx_word' id='word_1_53' title='bbox 835 783 904 822; x_wconf 89' lang='lat' dir='ltr'><strong>ne</strong></span> <span class='ocrx_word' id='word_1_54' title='bbox 935 784 1098 820; x_wconf 90' lang='lat' dir='ltr'><strong>unum</strong></span> <span class='ocrx_word' id='word_1_55' title='bbox 1127 769 1345 837; x_wconf 79' lang='lat' dir='ltr'><strong>quidem</strong></span> <span class='ocrx_word' id='word_1_56' title='bbox 1379 770 1568 822; x_wconf 88' lang='lat' dir='ltr'><strong>horum</strong></span> <span class='ocrx_word' id='word_1_57' title='bbox 1601 772 1771 838; x_wconf 68' lang='lat' dir='ltr'><strong>pOSs‘it</strong></span> <span class='ocrx_word' id='word_1_58' title='bbox 1798 771 1980 823; x_wconf 77' lang='lat' dir='ltr'><strong>dicere</strong></span> 
     </span>
    </p>
   </div>
   <div class='ocr_carea' id='block_1_8' title="bbox 398 858 1979 931">
    <p class='ocr_par' dir='ltr' id='par_1_8' title="bbox 398 858 1979 931">
     <span class='ocr_line' id='line_1_8' title="bbox 398 858 1979 931; baseline 0.003 -21"><span class='ocrx_word' id='word_1_59' title='bbox 398 873 426 910; x_wconf 83' lang='lat' dir='ltr'><strong>a</strong></span> <span class='ocrx_word' id='word_1_60' title='bbox 459 868 682 926; x_wconf 88' lang='lat' dir='ltr'><strong>peccato</strong></span> <span class='ocrx_word' id='word_1_61' title='bbox 730 858 1044 912; x_wconf 77' lang='lat' dir='ltr'><strong>inimum-ni.</strong></span> <span class='ocrx_word' id='word_1_62' title='bbox 1087 860 1602 931; x_wconf 80' lang='lat' dir='ltr'><strong>Quatnobrem,ipse</strong></span> <span class='ocrx_word' id='word_1_63' title='bbox 1620 877 1836 930; x_wconf 91' lang='lat' dir='ltr'><strong>quoque</strong></span> <span class='ocrx_word' id='word_1_64' title='bbox 1867 864 1979 915; x_wconf 89' lang='lat' dir='ltr'><strong>sola</strong></span> 
     </span>
    </p>
   </div>
   <div class='ocr_carea' id='block_1_9' title="bbox 403 949 1981 1027">
    <p class='ocr_par' dir='ltr' id='par_1_9' title="bbox 403 949 1981 1027">
     <span class='ocr_line' id='line_1_9' title="bbox 403 949 1981 1027; baseline 0.003 -25"><span class='ocrx_word' id='word_1_65' title='bbox 403 950 506 1003; x_wconf 74' lang='lat' dir='ltr'><strong>[ide</strong></span> <span class='ocrx_word' id='word_1_66' title='bbox 557 949 752 1002; x_wconf 87' lang='lat' dir='ltr'><strong>salvari</strong></span> <span class='ocrx_word' id='word_1_67' title='bbox 815 967 1020 1017; x_wconf 74' lang='lat' dir='ltr'><strong>quzero.</strong></span> <span class='ocrx_word' id='word_1_68' title='bbox 1076 950 1240 1014; x_wconf 84' lang='lat' dir='ltr'><strong>Fide,</strong></span> <span class='ocrx_word' id='word_1_69' title='bbox 1296 954 1536 1027; x_wconf 80' lang='lat' dir='ltr'><strong>inquam,</strong></span> <span class='ocrx_word' id='word_1_70' title='bbox 1589 969 1693 1006; x_wconf 89' lang='lat' dir='ltr'><strong>non</strong></span> <span class='ocrx_word' id='word_1_71' title='bbox 1741 970 1807 1008; x_wconf 77' lang='lat' dir='ltr'><strong>ex</strong></span> <span class='ocrx_word' id='word_1_72' title='bbox 1861 972 1981 1007; x_wconf 77' lang='lat' dir='ltr'><strong>meo</strong></span> 
     </span>
    </p>
   </div>
   <div class='ocr_carea' id='block_1_10' title="bbox 2071 490 3667 562">
    <p class='ocr_par' dir='ltr' id='par_1_10' title="bbox 2071 490 3667 562">
     <span class='ocr_line' id='line_1_10' title="bbox 2071 490 3667 562; baseline 0.001 -19"><span class='ocrx_word' id='word_1_73' title='bbox 2071 492 2304 562; x_wconf 60' lang='lat' dir='ltr'><strong>obpavbv</strong></span> <span class='ocrx_word' id='word_1_74' title='bbox 2345 491 2708 558; x_wconf 79' lang='grc' dir='ltr'><strong>ἁρπαγέντα,</strong></span> <span class='ocrx_word' id='word_1_75' title='bbox 2765 490 2957 542; x_wconf 72' lang='grc' dir='ltr'>οὐδένα</span> <span class='ocrx_word' id='word_1_76' title='bbox 3014 491 3220 545; x_wconf 83' lang='grc' dir='ltr'>τούτων</span> <span class='ocrx_word' id='word_1_77' title='bbox 3273 494 3667 562; x_wconf 72' lang='grc' dir='ltr'><strong>ἀναμάρτητον</strong></span> 
     </span>
    </p>
   </div>
   <div class='ocr_carea' id='block_1_11' title="bbox 2074 581 3631 654">
    <p class='ocr_par' dir='ltr' id='par_1_11' title="bbox 2074 581 3631 654">
     <span class='ocr_line' id='line_1_11' title="bbox 2074 581 3631 654; baseline 0 -19"><span class='ocrx_word' id='word_1_78' title='bbox 2074 583 2187 647; x_wconf 75' lang='grc' dir='ltr'>ἕξει</span> <span class='ocrx_word' id='word_1_79' title='bbox 2230 584 2427 637; x_wconf 86' lang='grc' dir='ltr'>εἰπεῖν.</span> <span class='ocrx_word' id='word_1_80' title='bbox 2475 583 2568 634; x_wconf 84' lang='grc' dir='ltr'>Διὸ</span> <span class='ocrx_word' id='word_1_81' title='bbox 2622 582 2806 634; x_wconf 78' lang='grc' dir='ltr'><strong>πίστει</strong></span> <span class='ocrx_word' id='word_1_82' title='bbox 2846 582 2983 654; x_wconf 73' lang='grc' dir='ltr'>μόνῃ</span> <span class='ocrx_word' id='word_1_83' title='bbox 3014 581 3170 650; x_wconf 76' lang='grc' dir='ltr'><strong>κάγὼ</strong></span> <span class='ocrx_word' id='word_1_84' title='bbox 3199 585 3443 653; x_wconf 78' lang='grc' dir='ltr'>σωθῆναι</span> <span class='ocrx_word' id='word_1_85' title='bbox 3482 584 3631 654; x_wconf 76' lang='grc' dir='ltr'><strong>ζητῶ</strong></span> 
     </span>
    </p>
   </div>
   <div class='ocr_carea' id='block_1_12' title="bbox 2081 673 3673 747">
    <p class='ocr_par' dir='ltr' id='par_1_12' title="bbox 2081 673 3673 747">
     <span class='ocr_line' id='line_1_12' title="bbox 2081 673 3673 747; baseline 0.001 -20"><span class='ocrx_word' id='word_1_86' title='bbox 2081 675 2289 738; x_wconf 78' lang='grc' dir='ltr'>πίστει,</span> <span class='ocrx_word' id='word_1_87' title='bbox 2321 675 2382 727; x_wconf 74' lang='grc' dir='ltr'>οὐ</span> <span class='ocrx_word' id='word_1_88' title='bbox 2415 673 2636 744; x_wconf 71' lang='grc' dir='ltr'>πράξει,</span> <span class='ocrx_word' id='word_1_89' title='bbox 2675 674 2763 726; x_wconf 85' lang='grc' dir='ltr'>ἵνα</span> <span class='ocrx_word' id='word_1_90' title='bbox 2792 674 2886 724; x_wconf 80' lang='grc' dir='ltr'><strong>καὶ</strong></span> <span class='ocrx_word' id='word_1_91' title='bbox 2920 673 3052 743; x_wconf 81' lang='grc' dir='ltr'>πρὸς</span> <span class='ocrx_word' id='word_1_92' title='bbox 3098 675 3199 744; x_wconf 80' lang='grc' dir='ltr'>ἐμὲ</span> <span class='ocrx_word' id='word_1_93' title='bbox 3223 677 3251 727; x_wconf 99' lang='lat'><strong>6</strong></span> <span class='ocrx_word' id='word_1_94' title='bbox 3282 675 3673 747; x_wconf 79' lang='grc' dir='ltr'>φιλάνθρωπος</span> 
     </span>
    </p>
   </div>
   <div class='ocr_carea' id='block_1_13' title="bbox 2085 765 3677 836">
    <p class='ocr_par' dir='ltr' id='par_1_13' title="bbox 2085 765 3677 836">
     <span class='ocr_line' id='line_1_13' title="bbox 2085 765 3677 836; baseline 0.001 -19"><span class='ocrx_word' id='word_1_95' title='bbox 2085 765 2278 836; x_wconf 74' lang='grc' dir='ltr'>εἴπῃς·</span> <span class='ocrx_word' id='word_1_96' title='bbox 2317 784 2335 817; x_wconf 85' lang='grc' dir='ltr'><strong>ι</strong></span> <span class='ocrx_word' id='word_1_97' title='bbox 2378 767 2442 818; x_wconf 86' lang='grc' dir='ltr'><strong>Ἠ</strong></span> <span class='ocrx_word' id='word_1_98' title='bbox 2474 765 2657 828; x_wconf 83' lang='grc' dir='ltr'>πίστις</span> <span class='ocrx_word' id='word_1_99' title='bbox 2703 783 2796 818; x_wconf 90' lang='grc' dir='ltr'><strong>σου</strong></span> <span class='ocrx_word' id='word_1_100' title='bbox 2849 766 3057 818; x_wconf 83' lang='grc' dir='ltr'>σέσωκέ</span> <span class='ocrx_word' id='word_1_101' title='bbox 3095 782 3185 818; x_wconf 86' lang='grc' dir='ltr'>σε·</span> <span class='ocrx_word' id='word_1_102' title='bbox 3219 766 3456 836; x_wconf 83' lang='grc' dir='ltr'><strong>πορεύου</strong></span> <span class='ocrx_word' id='word_1_103' title='bbox 3486 768 3564 828; x_wconf 82' lang='grc' dir='ltr'>εἰς</span> <span class='ocrx_word' id='word_1_104' title='bbox 3593 768 3677 820; x_wconf 77' lang='lat' dir='ltr'><strong>el-</strong></span> 
     </span>
    </p>
   </div>
   <div class='ocr_carea' id='block_1_14' title="bbox 2092 853 3678 931">
    <p class='ocr_par' dir='ltr' id='par_1_14' title="bbox 2092 853 3678 931">
     <span class='ocr_line' id='line_1_14' title="bbox 2092 853 3678 931; baseline 0.001 -21"><span class='ocrx_word' id='word_1_105' title='bbox 2092 861 2284 931; x_wconf 77' lang='grc' dir='ltr'>ρὴνην.</span> <span class='ocrx_word' id='word_1_106' title='bbox 2325 879 2342 910; x_wconf 73' lang='grc' dir='ltr'><strong>ι</strong></span> <span class='ocrx_word' id='word_1_107' title='bbox 2400 861 2590 921; x_wconf 65' lang='lat' dir='ltr'><strong>&quot;Usen;</strong></span> <span class='ocrx_word' id='word_1_108' title='bbox 2637 860 2915 925; x_wconf 75' lang='grc' dir='ltr'>συνέγνως</span> <span class='ocrx_word' id='word_1_109' title='bbox 2959 859 3069 912; x_wconf 86' lang='grc' dir='ltr'><strong>τῶν</strong></span> <span class='ocrx_word' id='word_1_110' title='bbox 3124 858 3430 930; x_wconf 83' lang='grc' dir='ltr'>ἀνθρώπων</span> <span class='ocrx_word' id='word_1_111' title='bbox 3462 859 3546 928; x_wconf 78' lang='grc' dir='ltr'><strong>ἐφ’</strong></span> <span class='ocrx_word' id='word_1_112' title='bbox 3589 853 3678 921; x_wconf 77' lang='grc' dir='ltr'>οἷς</span> 
     </span>
    </p>
   </div>
   <div class='ocr_carea' id='block_1_15' title="bbox 2089 950 3683 1023">
    <p class='ocr_par' dir='ltr' id='par_1_15' title="bbox 2089 950 3683 1023">
     <span class='ocr_line' id='line_1_15' title="bbox 2089 950 3683 1023; baseline -0.002 -19"><span class='ocrx_word' id='word_1_113' title='bbox 2089 955 2360 1023; x_wconf 71' lang='grc' dir='ltr'>ἥμαρτον,</span> <span class='ocrx_word' id='word_1_114' title='bbox 2411 953 2682 1011; x_wconf 81' lang='grc' dir='ltr'>Δέσποτα.</span> <span class='ocrx_word' id='word_1_115' title='bbox 2712 950 2888 1002; x_wconf 66' lang='grc' dir='ltr'>οὐδενὶ</span> <span class='ocrx_word' id='word_1_116' title='bbox 2919 951 3101 1003; x_wconf 78' lang='grc' dir='ltr'>αὐτῶν</span> <span class='ocrx_word' id='word_1_117' title='bbox 3129 951 3360 1020; x_wconf 72' lang='grc' dir='ltr'>εἴρηκας</span> <span class='ocrx_word' id='word_1_118' title='bbox 3381 965 3394 977; x_wconf 87' lang='lat'><strong><em>°</em></strong></span> <span class='ocrx_word' id='word_1_119' title='bbox 3427 951 3510 1003; x_wconf 82' lang='grc' dir='ltr'>Τὰ</span> <span class='ocrx_word' id='word_1_120' title='bbox 3537 951 3683 1020; x_wconf 75' lang='grc' dir='ltr'>ἔργα</span> 
     </span>
    </p>
   </div>
   <div class='ocr_carea' id='block_1_16' title="bbox 2093 1041 3682 1112">
    <p class='ocr_par' dir='ltr' id='par_1_16' title="bbox 2093 1041 3682 1112">
     <span class='ocr_line' id='line_1_16' title="bbox 2093 1041 3682 1112; baseline -0.003 -15"><span class='ocrx_word' id='word_1_121' title='bbox 2093 1063 2187 1098; x_wconf 86' lang='grc' dir='ltr'><strong>σου</strong></span> <span class='ocrx_word' id='word_1_122' title='bbox 2239 1046 2446 1097; x_wconf 81' lang='grc' dir='ltr'>σέσωκέ</span> <span class='ocrx_word' id='word_1_123' title='bbox 2494 1061 2584 1106; x_wconf 89' lang='grc' dir='ltr'><strong>σε,</strong></span> <span class='ocrx_word' id='word_1_124' title='bbox 2631 1045 2714 1096; x_wconf 83' lang='grc' dir='ltr'>ὅτι</span> <span class='ocrx_word' id='word_1_125' title='bbox 2747 1062 2764 1093; x_wconf 85' lang='grc' dir='ltr'><strong>ι</strong></span> <span class='ocrx_word' id='word_1_126' title='bbox 2811 1043 2966 1094; x_wconf 74' lang='grc' dir='ltr'>Πᾶσα</span> <span class='ocrx_word' id='word_1_127' title='bbox 2987 1041 3308 1097; x_wconf 80' lang='grc' dir='ltr'>δικαιοσύνη</span> <span class='ocrx_word' id='word_1_128' title='bbox 3345 1042 3682 1112; x_wconf 82' lang='grc' dir='ltr'>ἀνθρώπου,</span> 
     </span>
    </p>
   </div>
   <div class='ocr_carea' id='block_1_17' title="bbox 2085 1135 3688 1207">
    <p class='ocr_par' dir='ltr' id='par_1_17' title="bbox 2085 1135 3688 1207">
     <span class='ocr_line' id='line_1_17' title="bbox 2085 1135 3688 1207; baseline -0.004 -17"><span class='ocrx_word' id='word_1_129' title='bbox 2085 1139 2318 1190; x_wconf 74' lang='grc' dir='ltr'>ἐνώπιόν</span> <span class='ocrx_word' id='word_1_130' title='bbox 2377 1154 2506 1194; x_wconf 86' lang='grc' dir='ltr'>σου,</span> <span class='ocrx_word' id='word_1_131' title='bbox 2553 1137 2724 1207; x_wconf 75' lang='grc' dir='ltr'>ῥάκος</span> <span class='ocrx_word' id='word_1_132' title='bbox 2767 1137 3224 1206; x_wconf 76' lang='grc' dir='ltr'>ἁποκαθημένης.</span> <span class='ocrx_word' id='word_1_133' title='bbox 3287 1163 3304 1186; x_wconf 78' lang='grc' dir='ltr'><strong><em>ο</em></strong></span> <span class='ocrx_word' id='word_1_134' title='bbox 3362 1136 3454 1187; x_wconf 80' lang='grc' dir='ltr'>Διδ</span> <span class='ocrx_word' id='word_1_135' title='bbox 3513 1135 3688 1186; x_wconf 81' lang='grc' dir='ltr'>πάλιν</span> 
     </span>
    </p>
   </div>
   <div class='ocr_carea' id='block_1_18' title="bbox 2086 1228 3689 1301">
    <p class='ocr_par' dir='ltr' id='par_1_18' title="bbox 2086 1228 3689 1301">
     <span class='ocr_line' id='line_1_18' title="bbox 2086 1228 3689 1301; baseline -0.002 -19"><span class='ocrx_word' id='word_1_136' title='bbox 2086 1233 2230 1298; x_wconf 79' lang='grc' dir='ltr'>λέγω</span> <span class='ocrx_word' id='word_1_137' title='bbox 2257 1248 2267 1259; x_wconf 90' lang='grc'><strong>·</strong></span> <span class='ocrx_word' id='word_1_138' title='bbox 2307 1250 2323 1280; x_wconf 87' lang='grc' dir='ltr'><strong>ι</strong></span> <span class='ocrx_word' id='word_1_139' title='bbox 2365 1231 2548 1282; x_wconf 82' lang='grc' dir='ltr'>Σῶσόν</span> <span class='ocrx_word' id='word_1_140' title='bbox 2583 1245 2646 1301; x_wconf 64' lang='grc' dir='ltr'><strong>με</strong></span> <span class='ocrx_word' id='word_1_141' title='bbox 2673 1230 2861 1281; x_wconf 71' lang='grc' dir='ltr'>ἕνεκεν</span> <span class='ocrx_word' id='word_1_142' title='bbox 2893 1229 2984 1281; x_wconf 74' lang='grc' dir='ltr'><strong>τοῦ</strong></span> <span class='ocrx_word' id='word_1_143' title='bbox 3015 1231 3200 1291; x_wconf 81' lang='grc' dir='ltr'>ἐλέους</span> <span class='ocrx_word' id='word_1_144' title='bbox 3238 1245 3331 1281; x_wconf 87' lang='grc' dir='ltr'><strong>σου</strong></span> <span class='ocrx_word' id='word_1_145' title='bbox 3353 1245 3366 1257; x_wconf 91' lang='grc'><strong>·</strong></span> <span class='ocrx_word' id='word_1_146' title='bbox 3395 1228 3489 1280; x_wconf 73' lang='grc' dir='ltr'>καὶ</span> <span class='ocrx_word' id='word_1_147' title='bbox 3517 1244 3689 1279; x_wconf 83' lang='grc' dir='ltr'>κατα.-</span> 
     </span>
    </p>
   </div>
   <div class='ocr_carea' id='block_1_19' title="bbox 2085 1319 3688 1394">
    <p class='ocr_par' dir='ltr' id='par_1_19' title="bbox 2085 1319 3688 1394">
     <span class='ocr_line' id='line_1_19' title="bbox 2085 1319 3688 1394; baseline 0.002 -18"><span class='ocrx_word' id='word_1_148' title='bbox 2085 1324 2266 1390; x_wconf 76' lang='grc' dir='ltr'>διὼξει</span> <span class='ocrx_word' id='word_1_149' title='bbox 2295 1341 2361 1394; x_wconf 85' lang='grc' dir='ltr'><strong>με</strong></span> <span class='ocrx_word' id='word_1_150' title='bbox 2388 1323 2447 1376; x_wconf 76' lang='grc' dir='ltr'>τὸ</span> <span class='ocrx_word' id='word_1_151' title='bbox 2474 1324 2622 1386; x_wconf 79' lang='grc' dir='ltr'>ἔλεός</span> <span class='ocrx_word' id='word_1_152' title='bbox 2655 1339 2750 1374; x_wconf 87' lang='grc' dir='ltr'><strong>σου</strong></span> <span class='ocrx_word' id='word_1_153' title='bbox 2791 1325 2973 1386; x_wconf 81' lang='grc' dir='ltr'>πάσας</span> <span class='ocrx_word' id='word_1_154' title='bbox 3007 1323 3105 1385; x_wconf 78' lang='grc' dir='ltr'><strong>τὰς</strong></span> <span class='ocrx_word' id='word_1_155' title='bbox 3145 1322 3358 1392; x_wconf 71' lang='grc' dir='ltr'>ἡμέρας</span> <span class='ocrx_word' id='word_1_156' title='bbox 3396 1321 3496 1388; x_wconf 66' lang='grc' dir='ltr'><strong>τῆς</strong></span> <span class='ocrx_word' id='word_1_157' title='bbox 3529 1319 3688 1386; x_wconf 72' lang='grc' dir='ltr'><strong>ζωῆς</strong></span> 
     </span>
    </p>
   </div>
   <div class='ocr_carea' id='block_1_20' title="bbox 2095 1436 2272 1488">
    <p class='ocr_par' dir='ltr' id='par_1_20' title="bbox 2095 1436 2272 1488">
     <span class='ocr_line' id='line_1_20' title="bbox 2095 1436 2272 1488; baseline -0.017 -17"><span class='ocrx_word' id='word_1_158' title='bbox 2095 1436 2218 1488; x_wconf 87' lang='grc' dir='ltr'>μου.</span> <span class='ocrx_word' id='word_1_159' title='bbox 2256 1438 2272 1468; x_wconf 76' lang='grc' dir='ltr'><strong>ι</strong></span> 
     </span>
    </p>
   </div>
   <div class='ocr_carea' id='block_1_21' title="bbox 407 1505 3695 1586">
    <p class='ocr_par' dir='ltr' id='par_1_21' title="bbox 407 1505 3695 1586">
     <span class='ocr_line' id='line_1_21' title="bbox 407 1505 3695 1586; baseline -0.007 -3"><span class='ocrx_word' id='word_1_160' title='bbox 407 1518 626 1560; x_wconf 55' lang='lat' dir='ltr'><strong>“mam</strong></span> <span class='ocrx_word' id='word_1_161' title='bbox 659 1508 680 1539; x_wconf 75' lang='grc'><em>’</em></span> <span class='ocrx_word' id='word_1_162' title='bbox 722 1527 739 1558; x_wconf 81' lang='grc'><em>³</em></span> <span class='ocrx_word' id='word_1_163' title='bbox 781 1509 832 1560; x_wconf 75' lang='grc' dir='ltr'>ίη</span> <span class='ocrx_word' id='word_1_164' title='bbox 863 1518 1160 1576; x_wconf 64' lang='grc' dir='ltr'><strong>(ῗοηεβθείυ</strong></span> <span class='ocrx_word' id='word_1_165' title='bbox 1196 1518 1308 1562; x_wconf 78' lang='grc' dir='ltr'><strong>¹¹¹οο</strong></span> <span class='ocrx_word' id='word_1_166' title='bbox 1362 1509 1547 1578; x_wconf 72' lang='lat' dir='ltr'><strong>Itaque</strong></span> <span class='ocrx_word' id='word_1_167' title='bbox 1591 1526 1805 1562; x_wconf 81' lang='lat' dir='ltr'><strong>rursum</strong></span> <span class='ocrx_word' id='word_1_168' title='bbox 1874 1514 2003 1567; x_wconf 87' lang='lat' dir='ltr'><strong>aio:</strong></span> <span class='ocrx_word' id='word_1_169' title='bbox 2053 1533 2070 1564; x_wconf 84' lang='grc' dir='ltr'><strong>ι</strong></span> <span class='ocrx_word' id='word_1_170' title='bbox 2115 1516 2332 1569; x_wconf 77' lang='grc' dir='ltr'>8.1ι·ιιιιι</span> <span class='ocrx_word' id='word_1_171' title='bbox 2379 1532 2464 1570; x_wconf 89' lang='lat' dir='ltr'><strong>me</strong></span> <span class='ocrx_word' id='word_1_172' title='bbox 2500 1514 2585 1570; x_wconf 82' lang='lat' dir='ltr'><strong>fac</strong></span> <span class='ocrx_word' id='word_1_173' title='bbox 2632 1523 2850 1586; x_wconf 76' lang='lat' dir='ltr'><strong>propter</strong></span> <span class='ocrx_word' id='word_1_174' title='bbox 2899 1511 3326 1568; x_wconf 87' lang='lat' dir='ltr'><strong>misericordiam</strong></span> <span class='ocrx_word' id='word_1_175' title='bbox 3376 1519 3542 1564; x_wconf 90' lang='lat' dir='ltr'><strong>tuam.</strong></span> <span class='ocrx_word' id='word_1_176' title='bbox 3617 1505 3695 1561; x_wconf 83' lang='grc' dir='ltr'>Ει</span> 
     </span>
    </p>
   </div>
   <div class='ocr_carea' id='block_1_22' title="bbox 411 1602 2475 1672">
    <p class='ocr_par' dir='ltr' id='par_1_22' title="bbox 411 1602 2475 1672">
     <span class='ocr_line' id='line_1_22' title="bbox 411 1602 2475 1672; baseline 0.005 -17"><span class='ocrx_word' id='word_1_177' title='bbox 411 1602 783 1655; x_wconf 85' lang='lat' dir='ltr'><strong>misericordia</strong></span> <span class='ocrx_word' id='word_1_178' title='bbox 835 1611 921 1654; x_wconf 91' lang='lat' dir='ltr'><strong>tua</strong></span> <span class='ocrx_word' id='word_1_179' title='bbox 953 1605 1320 1672; x_wconf 79' lang='lat' dir='ltr'><strong>subsequetur</strong></span> <span class='ocrx_word' id='word_1_180' title='bbox 1368 1619 1450 1657; x_wconf 89' lang='lat' dir='ltr'><strong>me</strong></span> <span class='ocrx_word' id='word_1_181' title='bbox 1495 1605 1749 1658; x_wconf 89' lang='lat' dir='ltr'><strong>omnibus</strong></span> <span class='ocrx_word' id='word_1_182' title='bbox 1803 1609 1992 1662; x_wconf 86' lang='lat' dir='ltr'><strong>diebus</strong></span> <span class='ocrx_word' id='word_1_183' title='bbox 2031 1609 2316 1665; x_wconf 67' lang='lat' dir='ltr'><strong>vitaz‘mea:</strong></span> <span class='ocrx_word' id='word_1_184' title='bbox 2346 1613 2409 1664; x_wconf 85' lang='lat'><strong>&#39;°.</strong></span> <span class='ocrx_word' id='word_1_185' title='bbox 2457 1631 2475 1663; x_wconf 81' lang='grc'>›</span> 
     </span>
    </p>
   </div>
   <div class='ocr_carea' id='block_1_23' title="bbox 482 1697 2010 1777">
    <p class='ocr_par' dir='ltr' id='par_1_23' title="bbox 482 1699 1998 1769">
     <span class='ocr_line' id='line_1_23' title="bbox 482 1699 1998 1769; baseline 0.001 -15"><span class='ocrx_word' id='word_1_186' title='bbox 482 1701 855 1766; x_wconf 86' lang='lat' dir='ltr'><strong>Subsequetur</strong></span> <span class='ocrx_word' id='word_1_187' title='bbox 877 1715 976 1763; x_wconf 78' lang='lat' dir='ltr'><strong>me,</strong></span> <span class='ocrx_word' id='word_1_188' title='bbox 999 1700 1091 1768; x_wconf 83' lang='lat' dir='ltr'><strong>qui</strong></span> <span class='ocrx_word' id='word_1_189' title='bbox 1125 1699 1264 1753; x_wconf 88' lang='lat' dir='ltr'><strong>male</strong></span> <span class='ocrx_word' id='word_1_190' title='bbox 1292 1717 1318 1750; x_wconf 87' lang='lat' dir='ltr'><strong>a</strong></span> <span class='ocrx_word' id='word_1_191' title='bbox 1351 1708 1403 1752; x_wconf 92' lang='lat' dir='ltr'><strong>te</strong></span> <span class='ocrx_word' id='word_1_192' title='bbox 1430 1699 1628 1764; x_wconf 70' lang='lat' dir='ltr'><strong>ftigiam</strong></span> <span class='ocrx_word' id='word_1_193' title='bbox 1669 1722 1678 1754; x_wconf 85' lang='lat'><em>;</em></span> <span class='ocrx_word' id='word_1_194' title='bbox 1709 1703 1798 1769; x_wconf 88' lang='lat' dir='ltr'><strong>qui</strong></span> <span class='ocrx_word' id='word_1_195' title='bbox 1824 1707 1998 1758; x_wconf 79' lang='lat' dir='ltr'><strong>conli-</strong></span> 
     </span>
    </p>
   </div>
   <div class='ocr_carea' id='block_1_24' title="bbox 2111 1697 3693 1777">
    <p class='ocr_par' dir='ltr' id='par_1_24' title="bbox 2175 1697 3693 1777">
     <span class='ocr_line' id='line_1_24' title="bbox 2175 1697 3693 1777; baseline -0.008 -15"><span class='ocrx_word' id='word_1_196' title='bbox 2175 1708 2517 1773; x_wconf 80' lang='grc' dir='ltr'>Καταδιώξει</span> <span class='ocrx_word' id='word_1_197' title='bbox 2553 1723 2618 1777; x_wconf 84' lang='grc' dir='ltr'><strong>με</strong></span> <span class='ocrx_word' id='word_1_198' title='bbox 2646 1707 2738 1760; x_wconf 71' lang='grc' dir='ltr'><strong>τὸν</strong></span> <span class='ocrx_word' id='word_1_199' title='bbox 2769 1704 2958 1768; x_wconf 80' lang='grc' dir='ltr'>κακῶς</span> <span class='ocrx_word' id='word_1_200' title='bbox 2990 1703 3097 1757; x_wconf 83' lang='grc' dir='ltr'>ἀπὸ</span> <span class='ocrx_word' id='word_1_201' title='bbox 3123 1701 3216 1755; x_wconf 75' lang='grc' dir='ltr'>σοῦ</span> <span class='ocrx_word' id='word_1_202' title='bbox 3249 1702 3519 1770; x_wconf 70' lang='grc' dir='ltr'>φεύγοντα</span> <span class='ocrx_word' id='word_1_203' title='bbox 3543 1716 3556 1728; x_wconf 92' lang='grc'><strong>·</strong></span> <span class='ocrx_word' id='word_1_204' title='bbox 3589 1697 3693 1751; x_wconf 62' lang='grc' dir='ltr'><strong>τὸν</strong></span> 
     </span>
    </p>
   </div>
   <div class='ocr_carea' id='block_1_25' title="bbox 401 1043 1981 1115">
    <p class='ocr_par' dir='ltr' id='par_1_25' title="bbox 401 1043 1981 1115">
     <span class='ocr_line' id='line_1_25' title="bbox 401 1043 1981 1115; baseline 0.004 -23"><span class='ocrx_word' id='word_1_205' title='bbox 401 1057 564 1109; x_wconf 84' lang='lat' dir='ltr'><strong>opere</strong></span> <span class='ocrx_word' id='word_1_206' title='bbox 599 1043 659 1107; x_wconf 90' lang='lat'><strong>&quot;;</strong></span> <span class='ocrx_word' id='word_1_207' title='bbox 697 1052 754 1095; x_wconf 92' lang='lat' dir='ltr'><strong>ut</strong></span> <span class='ocrx_word' id='word_1_208' title='bbox 787 1045 854 1094; x_wconf 88' lang='lat' dir='ltr'><strong>ad</strong></span> <span class='ocrx_word' id='word_1_209' title='bbox 889 1059 970 1096; x_wconf 87' lang='lat' dir='ltr'><strong>me</strong></span> <span class='ocrx_word' id='word_1_210' title='bbox 1017 1059 1231 1112; x_wconf 89' lang='lat' dir='ltr'><strong>quoque</strong></span> <span class='ocrx_word' id='word_1_211' title='bbox 1271 1047 1510 1100; x_wconf 80' lang='lat' dir='ltr'><strong>clemens</strong></span> <span class='ocrx_word' id='word_1_212' title='bbox 1536 1061 1600 1098; x_wconf 90' lang='lat' dir='ltr'><strong>ac</strong></span> <span class='ocrx_word' id='word_1_213' title='bbox 1632 1047 1897 1115; x_wconf 76' lang='lat' dir='ltr'><strong>benignus</strong></span> <span class='ocrx_word' id='word_1_214' title='bbox 1927 1059 1981 1099; x_wconf 91' lang='lat' dir='ltr'><strong>tu</strong></span> 
     </span>
    </p>
   </div>
   <div class='ocr_carea' id='block_1_26' title="bbox 402 1131 1980 1202">
    <p class='ocr_par' dir='ltr' id='par_1_26' title="bbox 402 1131 1980 1202">
     <span class='ocr_line' id='line_1_26' title="bbox 402 1131 1980 1202; baseline 0.003 -18"><span class='ocrx_word' id='word_1_215' title='bbox 402 1133 552 1185; x_wconf 85' lang='lat' dir='ltr'><strong>dicas</strong></span> <span class='ocrx_word' id='word_1_216' title='bbox 583 1151 596 1186; x_wconf 89' lang='lat'><strong>:</strong></span> <span class='ocrx_word' id='word_1_217' title='bbox 625 1151 641 1182; x_wconf 89' lang='grc' dir='ltr'><strong>ι</strong></span> <span class='ocrx_word' id='word_1_218' title='bbox 678 1131 836 1186; x_wconf 82' lang='lat' dir='ltr'><strong>Fides</strong></span> <span class='ocrx_word' id='word_1_219' title='bbox 869 1143 956 1184; x_wconf 91' lang='lat' dir='ltr'><strong>tua</strong></span> <span class='ocrx_word' id='word_1_220' title='bbox 990 1147 1040 1185; x_wconf 88' lang='lat' dir='ltr'><strong>te</strong></span> <span class='ocrx_word' id='word_1_221' title='bbox 1062 1133 1268 1186; x_wconf 80' lang='lat' dir='ltr'><strong>salvum</strong></span> <span class='ocrx_word' id='word_1_222' title='bbox 1305 1133 1433 1186; x_wconf 81' lang='lat' dir='ltr'><strong>fecit</strong></span> <span class='ocrx_word' id='word_1_223' title='bbox 1463 1148 1478 1187; x_wconf 88' lang='lat'><strong>:</strong></span> <span class='ocrx_word' id='word_1_224' title='bbox 1507 1136 1640 1187; x_wconf 77' lang='lat' dir='ltr'><strong>Vade</strong></span> <span class='ocrx_word' id='word_1_225' title='bbox 1668 1137 1718 1186; x_wconf 84' lang='lat' dir='ltr'><strong>in</strong></span> <span class='ocrx_word' id='word_1_226' title='bbox 1750 1152 1879 1202; x_wconf 82' lang='lat' dir='ltr'><strong>pace</strong></span> <span class='ocrx_word' id='word_1_227' title='bbox 1903 1138 1980 1188; x_wconf 74' lang='grc'><strong>⁸.»</strong></span> 
     </span>
    </p>
   </div>
   <div class='ocr_carea' id='block_1_27' title="bbox 404 1224 1986 1293">
    <p class='ocr_par' dir='ltr' id='par_1_27' title="bbox 404 1224 1986 1293">
     <span class='ocr_line' id='line_1_27' title="bbox 404 1224 1986 1293; baseline 0.002 -16"><span class='ocrx_word' id='word_1_228' title='bbox 404 1224 616 1279; x_wconf 84' lang='lat' dir='ltr'><strong>Nemini</strong></span> <span class='ocrx_word' id='word_1_229' title='bbox 644 1227 788 1279; x_wconf 89' lang='lat' dir='ltr'><strong>enim</strong></span> <span class='ocrx_word' id='word_1_230' title='bbox 837 1230 1102 1287; x_wconf 86' lang='lat' dir='ltr'><strong>omnium,</strong></span> <span class='ocrx_word' id='word_1_231' title='bbox 1141 1228 1342 1293; x_wconf 83' lang='lat' dir='ltr'><strong>quibus</strong></span> <span class='ocrx_word' id='word_1_232' title='bbox 1376 1228 1586 1280; x_wconf 84' lang='lat' dir='ltr'><strong>veniam</strong></span> <span class='ocrx_word' id='word_1_233' title='bbox 1625 1229 1844 1290; x_wconf 81' lang='lat' dir='ltr'><strong>dedisti,</strong></span> <span class='ocrx_word' id='word_1_234' title='bbox 1882 1228 1986 1281; x_wconf 78' lang='lat' dir='ltr'><strong>Do-</strong></span> 
     </span>
    </p>
   </div>
   <div class='ocr_carea' id='block_1_28' title="bbox 406 1315 1984 1386">
    <p class='ocr_par' dir='ltr' id='par_1_28' title="bbox 406 1315 1984 1386">
     <span class='ocr_line' id='line_1_28' title="bbox 406 1315 1984 1386; baseline 0.002 -18"><span class='ocrx_word' id='word_1_235' title='bbox 406 1318 570 1381; x_wconf 82' lang='lat' dir='ltr'><strong>mine,</strong></span> <span class='ocrx_word' id='word_1_236' title='bbox 611 1317 830 1371; x_wconf 76' lang='lat' dir='ltr'><strong>dixisti:</strong></span> <span class='ocrx_word' id='word_1_237' title='bbox 873 1315 1048 1385; x_wconf 78' lang='lat' dir='ltr'><strong>Opera</strong></span> <span class='ocrx_word' id='word_1_238' title='bbox 1086 1325 1176 1369; x_wconf 86' lang='lat' dir='ltr'><strong>tua</strong></span> <span class='ocrx_word' id='word_1_239' title='bbox 1215 1327 1262 1370; x_wconf 88' lang='lat' dir='ltr'><strong>te</strong></span> <span class='ocrx_word' id='word_1_240' title='bbox 1295 1318 1502 1371; x_wconf 77' lang='lat' dir='ltr'><strong>Salvum</strong></span> <span class='ocrx_word' id='word_1_241' title='bbox 1538 1317 1784 1371; x_wconf 78' lang='lat' dir='ltr'><strong>fecerunt</strong></span> <span class='ocrx_word' id='word_1_242' title='bbox 1817 1339 1830 1372; x_wconf 84' lang='lat'><strong>:</strong></span> <span class='ocrx_word' id='word_1_243' title='bbox 1865 1322 1984 1386; x_wconf 85' lang='lat' dir='ltr'><strong>quia</strong></span> 
     </span>
    </p>
   </div>
   <div class='ocr_carea' id='block_1_29' title="bbox 409 1407 1988 1480">
    <p class='ocr_par' dir='ltr' id='par_1_29' title="bbox 409 1407 1988 1480">
     <span class='ocr_line' id='line_1_29' title="bbox 409 1407 1988 1480; baseline 0.004 -22"><span class='ocrx_word' id='word_1_244' title='bbox 409 1426 428 1458; x_wconf 75' lang='grc' dir='ltr'><strong>ι</strong></span> <span class='ocrx_word' id='word_1_245' title='bbox 464 1407 656 1464; x_wconf 83' lang='lat' dir='ltr'><strong>Omnis</strong></span> <span class='ocrx_word' id='word_1_246' title='bbox 706 1418 889 1463; x_wconf 82' lang='lat' dir='ltr'><strong>nostra</strong></span> <span class='ocrx_word' id='word_1_247' title='bbox 944 1407 1157 1476; x_wconf 84' lang='lat' dir='ltr'><strong>justitia</strong></span> <span class='ocrx_word' id='word_1_248' title='bbox 1230 1419 1486 1480; x_wconf 86' lang='lat' dir='ltr'><strong>tauquam</strong></span> <span class='ocrx_word' id='word_1_249' title='bbox 1559 1427 1771 1479; x_wconf 84' lang='lat' dir='ltr'><strong>pannus</strong></span> <span class='ocrx_word' id='word_1_250' title='bbox 1837 1429 1988 1465; x_wconf 85' lang='lat' dir='ltr'><strong>tuen-</strong></span> 
     </span>
    </p>
   </div>
   <div class='ocr_carea' id='block_1_30' title="bbox 411 1791 1994 1866">
    <p class='ocr_par' dir='ltr' id='par_1_30' title="bbox 411 1791 1994 1866">
     <span class='ocr_line' id='line_1_30' title="bbox 411 1791 1994 1866; baseline 0.003 -20"><span class='ocrx_word' id='word_1_251' title='bbox 411 1807 516 1846; x_wconf 89' lang='lat' dir='ltr'><strong>nue</strong></span> <span class='ocrx_word' id='word_1_252' title='bbox 529 1795 592 1845; x_wconf 91' lang='lat' dir='ltr'><strong>ad</strong></span> <span class='ocrx_word' id='word_1_253' title='bbox 613 1801 892 1862; x_wconf 75' lang='lat' dir='ltr'><strong>peccatum</strong></span> <span class='ocrx_word' id='word_1_254' title='bbox 909 1808 1146 1845; x_wconf 83' lang='lat' dir='ltr'><strong>curram.</strong></span> <span class='ocrx_word' id='word_1_255' title='bbox 1165 1791 1241 1844; x_wconf 91' lang='lat' dir='ltr'><strong>Tu</strong></span> <span class='ocrx_word' id='word_1_256' title='bbox 1257 1794 1424 1854; x_wconf 87' lang='lat' dir='ltr'><strong>enim,</strong></span> <span class='ocrx_word' id='word_1_257' title='bbox 1441 1809 1563 1848; x_wconf 88' lang='lat' dir='ltr'><strong>cum</strong></span> <span class='ocrx_word' id='word_1_258' title='bbox 1580 1798 1654 1847; x_wconf 91' lang='lat' dir='ltr'><strong>sis</strong></span> <span class='ocrx_word' id='word_1_259' title='bbox 1673 1814 1690 1844; x_wconf 82' lang='grc' dir='ltr'><strong>ι</strong></span> <span class='ocrx_word' id='word_1_260' title='bbox 1723 1795 1880 1858; x_wconf 73' lang='lat' dir='ltr'><strong>Deus.</strong></span> <span class='ocrx_word' id='word_1_261' title='bbox 1904 1799 1994 1866; x_wconf 87' lang='lat' dir='ltr'><strong>qui</strong></span> 
     </span>
    </p>
   </div>
   <div class='ocr_carea' id='block_1_31' title="bbox 413 1882 1995 1950">
    <p class='ocr_par' dir='ltr' id='par_1_31' title="bbox 413 1882 1995 1950">
     <span class='ocr_line' id='line_1_31' title="bbox 413 1882 1995 1950; baseline -0.001 -12"><span class='ocrx_word' id='word_1_262' title='bbox 413 1885 548 1938; x_wconf 76' lang='lat' dir='ltr'><strong>facis</strong></span> <span class='ocrx_word' id='word_1_263' title='bbox 575 1883 838 1936; x_wconf 79' lang='lat' dir='ltr'><strong>mirabilia</strong></span> <span class='ocrx_word' id='word_1_264' title='bbox 874 1882 1042 1941; x_wconf 76' lang='lat' dir='ltr'><strong>solus,</strong></span> <span class='ocrx_word' id='word_1_265' title='bbox 1070 1882 1297 1935; x_wconf 83' lang='lat' dir='ltr'><strong>miritica</strong></span> <span class='ocrx_word' id='word_1_266' title='bbox 1335 1897 1499 1950; x_wconf 84' lang='lat' dir='ltr'><strong>super</strong></span> <span class='ocrx_word' id='word_1_267' title='bbox 1533 1897 1618 1936; x_wconf 88' lang='lat' dir='ltr'><strong>me</strong></span> <span class='ocrx_word' id='word_1_268' title='bbox 1649 1885 1812 1935; x_wconf 89' lang='lat' dir='ltr'><strong>etiam</strong></span> <span class='ocrx_word' id='word_1_269' title='bbox 1852 1895 1995 1936; x_wconf 84' lang='lat' dir='ltr'><strong>luam</strong></span> 
     </span>
    </p>
   </div>
   <div class='ocr_carea' id='block_1_32' title="bbox 416 1973 1998 2042">
    <p class='ocr_par' dir='ltr' id='par_1_32' title="bbox 416 1973 1998 2042">
     <span class='ocr_line' id='line_1_32' title="bbox 416 1973 1998 2042; baseline -0.002 -13"><span class='ocrx_word' id='word_1_270' title='bbox 416 1976 850 2029; x_wconf 80' lang='lat' dir='ltr'><strong>misericordiam</strong></span> <span class='ocrx_word' id='word_1_271' title='bbox 887 1976 952 2027; x_wconf 86' lang='lat'><strong>”.</strong></span> <span class='ocrx_word' id='word_1_272' title='bbox 992 1993 1010 2024; x_wconf 69' lang='grc' dir='ltr'><strong>ι</strong></span> <span class='ocrx_word' id='word_1_273' title='bbox 1045 1973 1126 2027; x_wconf 81' lang='lat' dir='ltr'><strong>&#39;l‘u</strong></span> <span class='ocrx_word' id='word_1_274' title='bbox 1155 1973 1354 2041; x_wconf 90' lang='lat' dir='ltr'><strong>quippe</strong></span> <span class='ocrx_word' id='word_1_275' title='bbox 1381 1983 1664 2042; x_wconf 76' lang='lat' dir='ltr'><strong>sperantes</strong></span> <span class='ocrx_word' id='word_1_276' title='bbox 1705 1975 1757 2027; x_wconf 90' lang='lat' dir='ltr'><strong>in</strong></span> <span class='ocrx_word' id='word_1_277' title='bbox 1795 1983 1846 2028; x_wconf 87' lang='lat' dir='ltr'><strong>te</strong></span> <span class='ocrx_word' id='word_1_278' title='bbox 1889 1976 1998 2027; x_wconf 76' lang='lat' dir='ltr'><strong>Sal-</strong></span> 
     </span>
    </p>
   </div>
   <div class='ocr_carea' id='block_1_33' title="bbox 415 2064 2000 2134">
    <p class='ocr_par' dir='ltr' id='par_1_33' title="bbox 415 2064 2000 2134">
     <span class='ocr_line' id='line_1_33' title="bbox 415 2064 2000 2134; baseline -0.002 -15"><span class='ocrx_word' id='word_1_279' title='bbox 415 2082 512 2119; x_wconf 86' lang='lat' dir='ltr'><strong>vos</strong></span> <span class='ocrx_word' id='word_1_280' title='bbox 545 2066 677 2120; x_wconf 70' lang='lat' dir='ltr'><strong>fat-is</strong></span> <span class='ocrx_word' id='word_1_281' title='bbox 701 2066 743 2096; x_wconf 80' lang='grc' dir='ltr'>ί·</span> <span class='ocrx_word' id='word_1_282' title='bbox 771 2107 785 2129; x_wconf 90' lang='grc'><strong>,</strong></span> <span class='ocrx_word' id='word_1_283' title='bbox 817 2065 1081 2133; x_wconf 77' lang='lat' dir='ltr'><strong>facisque,</strong></span> <span class='ocrx_word' id='word_1_284' title='bbox 1111 2079 1274 2134; x_wconf 90' lang='lat' dir='ltr'><strong>supra</strong></span> <span class='ocrx_word' id='word_1_285' title='bbox 1307 2080 1468 2134; x_wconf 89' lang='lat' dir='ltr'><strong>quam</strong></span> <span class='ocrx_word' id='word_1_286' title='bbox 1527 2064 1760 2133; x_wconf 91' lang='lat' dir='ltr'><strong>petimus</strong></span> <span class='ocrx_word' id='word_1_287' title='bbox 1783 2076 1872 2118; x_wconf 87' lang='lat' dir='ltr'><strong>aut</strong></span> <span class='ocrx_word' id='word_1_288' title='bbox 1918 2066 2000 2116; x_wconf 84' lang='lat' dir='ltr'><strong>in-</strong></span> 
     </span>
    </p>
   </div>
   <div class='ocr_carea' id='block_1_34' title="bbox 420 2155 2000 2228">
    <p class='ocr_par' dir='ltr' id='par_1_34' title="bbox 420 2155 2000 2228">
     <span class='ocr_line' id='line_1_34' title="bbox 420 2155 2000 2228; baseline -0.002 -15"><span class='ocrx_word' id='word_1_289' title='bbox 420 2160 730 2228; x_wconf 71' lang='lat' dir='ltr'><strong>telligimus.</strong></span> <span class='ocrx_word' id='word_1_290' title='bbox 771 2159 1016 2211; x_wconf 90' lang='lat' dir='ltr'><strong>Accessit</strong></span> <span class='ocrx_word' id='word_1_291' title='bbox 1044 2156 1111 2209; x_wconf 90' lang='lat' dir='ltr'><strong>ad</strong></span> <span class='ocrx_word' id='word_1_292' title='bbox 1171 2166 1222 2210; x_wconf 93' lang='lat' dir='ltr'><strong>te</strong></span> <span class='ocrx_word' id='word_1_293' title='bbox 1281 2156 1592 2225; x_wconf 84' lang='lat' dir='ltr'><strong>aliquando,</strong></span> <span class='ocrx_word' id='word_1_294' title='bbox 1632 2155 1874 2219; x_wconf 91' lang='lat' dir='ltr'><strong>Domine,</strong></span> <span class='ocrx_word' id='word_1_295' title='bbox 1909 2156 2000 2225; x_wconf 88' lang='lat' dir='ltr'><strong>qui</strong></span> 
     </span>
    </p>
   </div>
   <div class='ocr_carea' id='block_1_35' title="bbox 416 2245 1997 2308">
    <p class='ocr_par' dir='ltr' id='par_1_35' title="bbox 416 2245 1997 2308">
     <span class='ocr_line' id='line_1_35' title="bbox 416 2245 1997 2308; baseline -0.003 -5"><span class='ocrx_word' id='word_1_296' title='bbox 416 2252 603 2303; x_wconf 81' lang='lat' dir='ltr'><strong>decem</strong></span> <span class='ocrx_word' id='word_1_297' title='bbox 626 2248 849 2300; x_wconf 83' lang='lat' dir='ltr'><strong>millium</strong></span> <span class='ocrx_word' id='word_1_298' title='bbox 876 2246 1200 2300; x_wconf 81' lang='lat' dir='ltr'><strong>talentorun</strong></span> <span class='ocrx_word' id='word_1_299' title='bbox 1229 2245 1413 2299; x_wconf 89' lang='lat' dir='ltr'><strong>debito</strong></span> <span class='ocrx_word' id='word_1_300' title='bbox 1443 2245 1742 2299; x_wconf 81' lang='lat' dir='ltr'><strong>obstrictus</strong></span> <span class='ocrx_word' id='word_1_301' title='bbox 1775 2255 1894 2299; x_wconf 89' lang='lat' dir='ltr'><strong>erat</strong></span> <span class='ocrx_word' id='word_1_302' title='bbox 1932 2245 1997 2308; x_wconf 78' lang='lat'><strong>“,</strong></span> 
     </span>
    </p>
   </div>
   <div class='ocr_carea' id='block_1_36' title="bbox 419 2336 2002 2410">
    <p class='ocr_par' dir='ltr' id='par_1_36' title="bbox 419 2336 2002 2410">
     <span class='ocr_line' id='line_1_36' title="bbox 419 2336 2002 2410; baseline -0.003 -16"><span class='ocrx_word' id='word_1_303' title='bbox 419 2354 656 2410; x_wconf 83' lang='lat' dir='ltr'><strong>cumque</strong></span> <span class='ocrx_word' id='word_1_304' title='bbox 687 2339 803 2392; x_wconf 90' lang='lat' dir='ltr'><strong>leve</strong></span> <span class='ocrx_word' id='word_1_305' title='bbox 835 2337 963 2405; x_wconf 90' lang='lat' dir='ltr'><strong>quid</strong></span> <span class='ocrx_word' id='word_1_306' title='bbox 1001 2337 1246 2390; x_wconf 81' lang='lat' dir='ltr'><strong>beneﬁcii</strong></span> <span class='ocrx_word' id='word_1_307' title='bbox 1304 2336 1553 2406; x_wconf 87' lang='lat' dir='ltr'><strong>accipere</strong></span> <span class='ocrx_word' id='word_1_308' title='bbox 1603 2346 1870 2407; x_wconf 77' lang='lat' dir='ltr'><strong>rogasset,</strong></span> <span class='ocrx_word' id='word_1_309' title='bbox 1903 2351 2002 2406; x_wconf 89' lang='lat' dir='ltr'><strong>pro</strong></span> 
     </span>
    </p>
   </div>
   <div class='ocr_carea' id='block_1_37' title="bbox 421 2427 2002 2502">
    <p class='ocr_par' dir='ltr' id='par_1_37' title="bbox 421 2427 2002 2502">
     <span class='ocr_line' id='line_1_37' title="bbox 421 2427 2002 2502; baseline -0.001 -17"><span class='ocrx_word' id='word_1_310' title='bbox 421 2445 510 2486; x_wconf 91' lang='lat' dir='ltr'><strong>tua</strong></span> <span class='ocrx_word' id='word_1_311' title='bbox 538 2431 955 2502; x_wconf 72' lang='lat' dir='ltr'><strong>ipsecleiuentia</strong></span> <span class='ocrx_word' id='word_1_312' title='bbox 989 2430 1301 2482; x_wconf 58' lang='lat' dir='ltr'><strong>universum</strong></span> <span class='ocrx_word' id='word_1_313' title='bbox 1355 2427 1405 2481; x_wconf 90' lang='lat' dir='ltr'><strong>ei</strong></span> <span class='ocrx_word' id='word_1_314' title='bbox 1470 2428 1710 2482; x_wconf 88' lang='lat' dir='ltr'><strong>debitum</strong></span> <span class='ocrx_word' id='word_1_315' title='bbox 1764 2427 2002 2484; x_wconf 87' lang='lat' dir='ltr'><strong>donasti.</strong></span> 
     </span>
    </p>
   </div>
   <div class='ocr_carea' id='block_1_38' title="bbox 419 2517 2005 2592">
    <p class='ocr_par' dir='ltr' id='par_1_38' title="bbox 419 2517 2005 2592">
     <span class='ocr_line' id='line_1_38' title="bbox 419 2517 2005 2592; baseline -0.006 -13"><span class='ocrx_word' id='word_1_316' title='bbox 419 2524 529 2580; x_wconf 86' lang='lat' dir='ltr'><strong>Sed</strong></span> <span class='ocrx_word' id='word_1_317' title='bbox 566 2534 619 2577; x_wconf 80' lang='lat' dir='ltr'><strong>et</strong></span> <span class='ocrx_word' id='word_1_318' title='bbox 661 2523 914 2592; x_wconf 76' lang='lat' dir='ltr'><strong>prodigus</strong></span> <span class='ocrx_word' id='word_1_319' title='bbox 941 2535 1194 2573; x_wconf 78' lang='lat' dir='ltr'><strong>reversus</strong></span> <span class='ocrx_word' id='word_1_320' title='bbox 1221 2519 1348 2571; x_wconf 86' lang='lat' dir='ltr'><strong>olim</strong></span> <span class='ocrx_word' id='word_1_321' title='bbox 1399 2517 1464 2580; x_wconf 75' lang='lat'><strong>&quot;,</strong></span> <span class='ocrx_word' id='word_1_322' title='bbox 1519 2533 1684 2570; x_wconf 78' lang='lat' dir='ltr'><strong>imum</strong></span> <span class='ocrx_word' id='word_1_323' title='bbox 1733 2531 1764 2570; x_wconf 92' lang='lat' dir='ltr'><strong>e</strong></span> <span class='ocrx_word' id='word_1_324' title='bbox 1795 2532 2005 2570; x_wconf 90' lang='lat' dir='ltr'><strong>merce-</strong></span> 
     </span>
    </p>
   </div>
   <div class='ocr_carea' id='block_1_39' title="bbox 420 2611 2002 2681">
    <p class='ocr_par' dir='ltr' id='par_1_39' title="bbox 420 2611 2002 2681">
     <span class='ocr_line' id='line_1_39' title="bbox 420 2611 2002 2681; baseline -0.013 -8"><span class='ocrx_word' id='word_1_325' title='bbox 420 2618 594 2673; x_wconf 75' lang='lat' dir='ltr'><strong>nariis</strong></span> <span class='ocrx_word' id='word_1_326' title='bbox 627 2618 733 2669; x_wconf 80' lang='lat' dir='ltr'><strong>tuis</strong></span> <span class='ocrx_word' id='word_1_327' title='bbox 764 2615 877 2666; x_wconf 80' lang='lat' dir='ltr'><strong>ﬁeri</strong></span> <span class='ocrx_word' id='word_1_328' title='bbox 927 2611 1244 2681; x_wconf 77' lang='lat' dir='ltr'><strong>ﬂagitabat:</strong></span> <span class='ocrx_word' id='word_1_329' title='bbox 1293 2619 1347 2662; x_wconf 91' lang='lat' dir='ltr'><strong>tu</strong></span> <span class='ocrx_word' id='word_1_330' title='bbox 1405 2619 1610 2674; x_wconf 87' lang='lat' dir='ltr'><strong>autem,</strong></span> <span class='ocrx_word' id='word_1_331' title='bbox 1643 2623 1741 2676; x_wconf 91' lang='lat' dir='ltr'><strong>pro</strong></span> <span class='ocrx_word' id='word_1_332' title='bbox 1793 2623 2002 2661; x_wconf 86' lang='lat' dir='ltr'><strong>merce.</strong></span> 
     </span>
    </p>
   </div>
   <div class='ocr_carea' id='block_1_40' title="bbox 422 2699 2007 2774">
    <p class='ocr_par' dir='ltr' id='par_1_40' title="bbox 422 2699 2007 2774">
     <span class='ocr_line' id='line_1_40' title="bbox 422 2699 2007 2774; baseline -0.008 -7"><span class='ocrx_word' id='word_1_333' title='bbox 422 2713 586 2774; x_wconf 86' lang='lat' dir='ltr'><strong>tario,</strong></span> <span class='ocrx_word' id='word_1_334' title='bbox 617 2711 785 2764; x_wconf 83' lang='lat' dir='ltr'><strong>lilium</strong></span> <span class='ocrx_word' id='word_1_335' title='bbox 815 2723 935 2759; x_wconf 85' lang='lat' dir='ltr'><strong>eum</strong></span> <span class='ocrx_word' id='word_1_336' title='bbox 973 2723 1035 2757; x_wconf 90' lang='lat' dir='ltr'><strong>ac</strong></span> <span class='ocrx_word' id='word_1_337' title='bbox 1092 2705 1360 2757; x_wconf 71' lang='lat' dir='ltr'><strong>haeredem</strong></span> <span class='ocrx_word' id='word_1_338' title='bbox 1415 2701 1612 2754; x_wconf 78' lang='lat' dir='ltr'><strong>fecisti.</strong></span> <span class='ocrx_word' id='word_1_339' title='bbox 1641 2699 1806 2756; x_wconf 76' lang='lat' dir='ltr'><strong>Petiit</strong></span> <span class='ocrx_word' id='word_1_340' title='bbox 1866 2699 2007 2755; x_wconf 83' lang='lat' dir='ltr'><strong>latro</strong></span> 
     </span>
    </p>
   </div>
   <div class='ocr_carea' id='block_1_41' title="bbox 424 2795 2006 2873">
    <p class='ocr_par' dir='ltr' id='par_1_41' title="bbox 424 2795 2006 2873">
     <span class='ocr_line' id='line_1_41' title="bbox 424 2795 2006 2873; baseline -0.009 -13"><span class='ocrx_word' id='word_1_341' title='bbox 424 2816 487 2860; x_wconf 89' lang='lat' dir='ltr'><strong>ut</strong></span> <span class='ocrx_word' id='word_1_342' title='bbox 519 2807 633 2873; x_wconf 80' lang='lat' dir='ltr'><strong>ejus</strong></span> <span class='ocrx_word' id='word_1_343' title='bbox 658 2801 1000 2855; x_wconf 68' lang='lat' dir='ltr'><strong>meminisses</strong></span> <span class='ocrx_word' id='word_1_344' title='bbox 1025 2799 1076 2850; x_wconf 87' lang='lat' dir='ltr'><strong>in</strong></span> <span class='ocrx_word' id='word_1_345' title='bbox 1114 2813 1280 2866; x_wconf 80' lang='lat' dir='ltr'><strong>regno</strong></span> <span class='ocrx_word' id='word_1_346' title='bbox 1342 2803 1434 2847; x_wconf 86' lang='lat' dir='ltr'><strong>tuo</strong></span> <span class='ocrx_word' id='word_1_347' title='bbox 1469 2795 1512 2825; x_wconf 77' lang='grc'><strong>¹⁵</strong></span> <span class='ocrx_word' id='word_1_348' title='bbox 1545 2811 1558 2846; x_wconf 90' lang='lat'><strong>:</strong></span> <span class='ocrx_word' id='word_1_349' title='bbox 1596 2803 1650 2846; x_wconf 86' lang='lat' dir='ltr'><strong>tu</strong></span> <span class='ocrx_word' id='word_1_350' title='bbox 1703 2803 1884 2848; x_wconf 87' lang='lat' dir='ltr'><strong>autem</strong></span> <span class='ocrx_word' id='word_1_351' title='bbox 1919 2803 2006 2847; x_wconf 84' lang='lat' dir='ltr'><strong>lu-</strong></span> 
     </span>
    </p>
   </div>
   <div class='ocr_carea' id='block_1_42' title="bbox 429 2888 2006 2965">
    <p class='ocr_par' dir='ltr' id='par_1_42' title="bbox 429 2888 2006 2965">
     <span class='ocr_line' id='line_1_42' title="bbox 429 2888 2006 2965; baseline -0.008 -11"><span class='ocrx_word' id='word_1_352' title='bbox 429 2912 540 2954; x_wconf 87' lang='lat' dir='ltr'><strong>tum</strong></span> <span class='ocrx_word' id='word_1_353' title='bbox 581 2899 654 2951; x_wconf 89' lang='lat' dir='ltr'><strong>illi</strong></span> <span class='ocrx_word' id='word_1_354' title='bbox 687 2896 997 2965; x_wconf 81' lang='lat' dir='ltr'><strong>paradisum</strong></span> <span class='ocrx_word' id='word_1_355' title='bbox 1025 2893 1251 2957; x_wconf 66' lang='lat' dir='ltr'><strong>largitus</strong></span> <span class='ocrx_word' id='word_1_356' title='bbox 1279 2907 1358 2943; x_wconf 87' lang='lat' dir='ltr'><strong>es.</strong></span> <span class='ocrx_word' id='word_1_357' title='bbox 1387 2888 1634 2940; x_wconf 78' lang='lat' dir='ltr'><strong>Accessit</strong></span> <span class='ocrx_word' id='word_1_358' title='bbox 1661 2889 1917 2942; x_wconf 77' lang='lat' dir='ltr'><strong>meretrix</strong></span> <span class='ocrx_word' id='word_1_359' title='bbox 1950 2888 2006 2942; x_wconf 84' lang='lat' dir='ltr'><strong>in</strong></span> 
     </span>
    </p>
   </div>
   <div class='ocr_carea' id='block_1_43' title="bbox 426 2985 2008 3059">
    <p class='ocr_par' dir='ltr' id='par_1_43' title="bbox 426 2985 2008 3059">
     <span class='ocr_line' id='line_1_43' title="bbox 426 2985 2008 3059; baseline -0.011 -8"><span class='ocrx_word' id='word_1_360' title='bbox 426 2997 609 3052; x_wconf 81' lang='lat' dir='ltr'><strong>ﬂetum</strong></span> <span class='ocrx_word' id='word_1_361' title='bbox 662 2994 898 3050; x_wconf 88' lang='lat' dir='ltr'><strong>resoluta</strong></span> <span class='ocrx_word' id='word_1_362' title='bbox 923 2993 988 3059; x_wconf 82' lang='grc'>¹⁶,</span> <span class='ocrx_word' id='word_1_363' title='bbox 1020 2989 1332 3058; x_wconf 70' lang='lat' dir='ltr'><strong>maioraque</strong></span> <span class='ocrx_word' id='word_1_364' title='bbox 1396 2985 1607 3053; x_wconf 84' lang='lat' dir='ltr'><strong>accepit</strong></span> <span class='ocrx_word' id='word_1_365' title='bbox 1656 2996 1818 3052; x_wconf 90' lang='lat' dir='ltr'><strong>quam</strong></span> <span class='ocrx_word' id='word_1_366' title='bbox 1882 2994 2008 3050; x_wconf 86' lang='lat' dir='ltr'><strong>spe-</strong></span> 
     </span>
    </p>
   </div>
   <div class='ocr_carea' id='block_1_44' title="bbox 2100 1791 3690 1872">
    <p class='ocr_par' dir='ltr' id='par_1_44' title="bbox 2100 1791 3690 1872">
     <span class='ocr_line' id='line_1_44' title="bbox 2100 1791 3690 1872; baseline -0.008 -16"><span class='ocrx_word' id='word_1_367' title='bbox 2100 1805 2186 1856; x_wconf 73' lang='grc' dir='ltr'>ἀεὶ</span> <span class='ocrx_word' id='word_1_368' title='bbox 2211 1803 2344 1872; x_wconf 78' lang='grc' dir='ltr'>πρὸς</span> <span class='ocrx_word' id='word_1_369' title='bbox 2369 1802 2466 1870; x_wconf 78' lang='grc' dir='ltr'>τὴν</span> <span class='ocrx_word' id='word_1_370' title='bbox 2487 1800 2763 1870; x_wconf 78' lang='grc' dir='ltr'>ἁμαρτίαν</span> <span class='ocrx_word' id='word_1_371' title='bbox 2788 1796 3073 1868; x_wconf 82' lang='grc' dir='ltr'>τρέχοντα.</span> <span class='ocrx_word' id='word_1_372' title='bbox 3108 1796 3180 1848; x_wconf 73' lang='grc' dir='ltr'><strong>Σὺ</strong></span> <span class='ocrx_word' id='word_1_373' title='bbox 3205 1798 3335 1864; x_wconf 74' lang='grc' dir='ltr'>γὰρ,</span> <span class='ocrx_word' id='word_1_374' title='bbox 3369 1813 3386 1844; x_wconf 87' lang='grc' dir='ltr'><strong>ι</strong></span> <span class='ocrx_word' id='word_1_375' title='bbox 3418 1794 3548 1856; x_wconf 76' lang='grc' dir='ltr'>Θεὸς</span> <span class='ocrx_word' id='word_1_376' title='bbox 3580 1791 3690 1854; x_wconf 81' lang='grc' dir='ltr'><strong>ὢν,</strong></span> 
     </span>
    </p>
   </div>
   <div class='ocr_carea' id='block_1_45' title="bbox 2103 1882 3694 1960">
    <p class='ocr_par' dir='ltr' id='par_1_45' title="bbox 2103 1882 3694 1960">
     <span class='ocr_line' id='line_1_45' title="bbox 2103 1882 3694 1960; baseline -0.008 -15"><span class='ocrx_word' id='word_1_377' title='bbox 2103 1893 2276 1946; x_wconf 78' lang='grc' dir='ltr'>ποιῶν</span> <span class='ocrx_word' id='word_1_378' title='bbox 2306 1891 2589 1960; x_wconf 76' lang='grc' dir='ltr'>θαυμάσια</span> <span class='ocrx_word' id='word_1_379' title='bbox 2626 1889 2810 1958; x_wconf 82' lang='grc' dir='ltr'>μόνος,</span> <span class='ocrx_word' id='word_1_380' title='bbox 2845 1886 3246 1955; x_wconf 81' lang='grc' dir='ltr'>θαυμάστωσον</span> <span class='ocrx_word' id='word_1_381' title='bbox 3291 1884 3387 1934; x_wconf 73' lang='grc' dir='ltr'><strong>καὶ</strong></span> <span class='ocrx_word' id='word_1_382' title='bbox 3414 1884 3501 1934; x_wconf 79' lang='grc' dir='ltr'>ἐπ’</span> <span class='ocrx_word' id='word_1_383' title='bbox 3558 1882 3694 1949; x_wconf 77' lang='grc' dir='ltr'>ἐμοὶ</span> 
     </span>
    </p>
   </div>
   <div class='ocr_carea' id='block_1_46' title="bbox 2101 1977 3695 2051">
    <p class='ocr_par' dir='ltr' id='par_1_46' title="bbox 2101 1977 3695 2051">
     <span class='ocr_line' id='line_1_46' title="bbox 2101 1977 3695 2051; baseline -0.004 -14"><span class='ocrx_word' id='word_1_384' title='bbox 2101 1987 2161 2038; x_wconf 56' lang='grc' dir='ltr'><strong>τι</strong></span> <span class='ocrx_word' id='word_1_385' title='bbox 2193 1985 2341 2046; x_wconf 68' lang='grc' dir='ltr'>ἕλεος</span> <span class='ocrx_word' id='word_1_386' title='bbox 2370 2001 2484 2036; x_wconf 81' lang='grc' dir='ltr'>σου.</span> <span class='ocrx_word' id='word_1_387' title='bbox 2531 2001 2550 2034; x_wconf 69' lang='grc' dir='ltr'><strong>ι</strong></span> <span class='ocrx_word' id='word_1_388' title='bbox 2586 1983 2657 2034; x_wconf 81' lang='grc' dir='ltr'><strong>Σὺ</strong></span> <span class='ocrx_word' id='word_1_389' title='bbox 2693 1981 2804 2051; x_wconf 82' lang='grc' dir='ltr'><strong>γὰρ</strong></span> <span class='ocrx_word' id='word_1_390' title='bbox 2833 1980 2960 2041; x_wconf 79' lang='grc' dir='ltr'>τοὺς</span> <span class='ocrx_word' id='word_1_391' title='bbox 3001 1977 3326 2041; x_wconf 71' lang='grc' dir='ltr'>ἐλπίζοντας</span> <span class='ocrx_word' id='word_1_392' title='bbox 3363 1977 3452 2029; x_wconf 81' lang='grc' dir='ltr'><strong>ἐπὶ</strong></span> <span class='ocrx_word' id='word_1_393' title='bbox 3494 1977 3551 2028; x_wconf 81' lang='grc' dir='ltr'><strong>σὲ</strong></span> <span class='ocrx_word' id='word_1_394' title='bbox 3575 1978 3695 2031; x_wconf 77' lang='grc' dir='ltr'><strong>σὼ·-</strong></span> 
     </span>
    </p>
   </div>
   <div class='ocr_carea' id='block_1_47' title="bbox 2105 2067 3693 2141">
    <p class='ocr_par' dir='ltr' id='par_1_47' title="bbox 2105 2067 3693 2141">
     <span class='ocr_line' id='line_1_47' title="bbox 2105 2067 3693 2141; baseline -0.003 -12"><span class='ocrx_word' id='word_1_395' title='bbox 2105 2077 2220 2140; x_wconf 75' lang='grc' dir='ltr'>ζεις</span> <span class='ocrx_word' id='word_1_396' title='bbox 2251 2093 2265 2106; x_wconf 82' lang='lat'><strong>&#39;</strong></span> <span class='ocrx_word' id='word_1_397' title='bbox 2309 2077 2403 2129; x_wconf 75' lang='grc' dir='ltr'>καὶ</span> <span class='ocrx_word' id='word_1_398' title='bbox 2451 2078 2626 2137; x_wconf 82' lang='grc' dir='ltr'>ποιεῖς</span> <span class='ocrx_word' id='word_1_399' title='bbox 2679 2073 2823 2126; x_wconf 79' lang='grc' dir='ltr'><strong>ὑπέο</strong></span> <span class='ocrx_word' id='word_1_400' title='bbox 2875 2071 2904 2123; x_wconf 84' lang='grc' dir='ltr'><strong>ὃ</strong></span> <span class='ocrx_word' id='word_1_401' title='bbox 2972 2069 3276 2141; x_wconf 81' lang='grc' dir='ltr'>αἰτούμεθα</span> <span class='ocrx_word' id='word_1_402' title='bbox 3332 2067 3366 2140; x_wconf 75' lang='grc' dir='ltr'>ἢ</span> <span class='ocrx_word' id='word_1_403' title='bbox 3430 2068 3693 2137; x_wconf 76' lang='grc' dir='ltr'>νοοῦμεν.</span> 
     </span>
    </p>
   </div>
   <div class='ocr_carea' id='block_1_48' title="bbox 2105 2163 3702 2240">
    <p class='ocr_par' dir='ltr' id='par_1_48' title="bbox 2105 2163 3702 2240">
     <span class='ocr_line' id='line_1_48' title="bbox 2105 2163 3702 2240; baseline -0.008 -15"><span class='ocrx_word' id='word_1_404' title='bbox 2105 2170 2390 2240; x_wconf 81' lang='grc' dir='ltr'>Προσῆλθέ</span> <span class='ocrx_word' id='word_1_405' title='bbox 2443 2169 2524 2222; x_wconf 87' lang='grc' dir='ltr'><strong>σοί</strong></span> <span class='ocrx_word' id='word_1_406' title='bbox 2561 2186 2714 2233; x_wconf 84' lang='grc' dir='ltr'>ποτε,</span> <span class='ocrx_word' id='word_1_407' title='bbox 2776 2168 3046 2230; x_wconf 78' lang='grc' dir='ltr'>Δέσποτα,</span> <span class='ocrx_word' id='word_1_408' title='bbox 3126 2163 3337 2234; x_wconf 88' lang='grc' dir='ltr'>μυρίων</span> <span class='ocrx_word' id='word_1_409' title='bbox 3408 2163 3702 2214; x_wconf 74' lang='grc' dir='ltr'>ταλάντων</span> 
     </span>
    </p>
   </div>
   <div class='ocr_carea' id='block_1_49' title="bbox 2106 2254 3702 2332">
    <p class='ocr_par' dir='ltr' id='par_1_49' title="bbox 2106 2254 3702 2332">
     <span class='ocr_line' id='line_1_49' title="bbox 2106 2254 3702 2332; baseline -0.008 -18"><span class='ocrx_word' id='word_1_410' title='bbox 2106 2261 2414 2331; x_wconf 75' lang='grc' dir='ltr'>ὀφειλέτης,</span> <span class='ocrx_word' id='word_1_411' title='bbox 2435 2263 2527 2314; x_wconf 75' lang='grc' dir='ltr'><strong>καὶ</strong></span> <span class='ocrx_word' id='word_1_412' title='bbox 2561 2259 2765 2332; x_wconf 80' lang='grc' dir='ltr'>μικρὰν</span> <span class='ocrx_word' id='word_1_413' title='bbox 2794 2259 2940 2328; x_wconf 75' lang='grc' dir='ltr'>αὐτῷ</span> <span class='ocrx_word' id='word_1_414' title='bbox 2973 2256 3133 2326; x_wconf 82' lang='grc' dir='ltr'>χάριν</span> <span class='ocrx_word' id='word_1_415' title='bbox 3151 2254 3341 2308; x_wconf 80' lang='grc' dir='ltr'>λαϐεῖν</span> <span class='ocrx_word' id='word_1_416' title='bbox 3373 2254 3702 2322; x_wconf 81' lang='grc' dir='ltr'>αίτήσαντι,</span> 
     </span>
    </p>
   </div>
   <div class='ocr_carea' id='block_1_50' title="bbox 2104 2343 3700 2424">
    <p class='ocr_par' dir='ltr' id='par_1_50' title="bbox 2104 2343 3700 2424">
     <span class='ocr_line' id='line_1_50' title="bbox 2104 2343 3700 2424; baseline -0.011 -15"><span class='ocrx_word' id='word_1_417' title='bbox 2104 2357 2319 2409; x_wconf 85' lang='grc' dir='ltr'>τελείαν</span> <span class='ocrx_word' id='word_1_418' title='bbox 2343 2355 2417 2418; x_wconf 77' lang='grc' dir='ltr'>ὡς</span> <span class='ocrx_word' id='word_1_419' title='bbox 2454 2353 2842 2424; x_wconf 80' lang='grc' dir='ltr'>φιλάνθρωπος</span> <span class='ocrx_word' id='word_1_420' title='bbox 2888 2351 2987 2421; x_wconf 80' lang='grc' dir='ltr'>τὴν</span> <span class='ocrx_word' id='word_1_421' title='bbox 3039 2346 3394 2416; x_wconf 77' lang='grc' dir='ltr'>συγχώρησιν</span> <span class='ocrx_word' id='word_1_422' title='bbox 3425 2343 3700 2404; x_wconf 79' lang='grc' dir='ltr'>δέδωκας.</span> 
     </span>
    </p>
   </div>
   <div class='ocr_carea' id='block_1_51' title="bbox 2119 2434 3704 2520">
    <p class='ocr_par' dir='ltr' id='par_1_51' title="bbox 2119 2434 3704 2520">
     <span class='ocr_line' id='line_1_51' title="bbox 2119 2434 3704 2520; baseline -0.011 -18"><span class='ocrx_word' id='word_1_423' title='bbox 2119 2449 2488 2520; x_wconf 71' lang='grc' dir='ltr'>Ἐπιστρέψας</span> <span class='ocrx_word' id='word_1_424' title='bbox 2519 2447 2651 2500; x_wconf 87' lang='grc' dir='ltr'><strong>ποτέ</strong></span> <span class='ocrx_word' id='word_1_425' title='bbox 2685 2446 2780 2500; x_wconf 67' lang='grc' dir='ltr'>καὶ</span> <span class='ocrx_word' id='word_1_426' title='bbox 2825 2447 2855 2498; x_wconf 89' lang='lat'><strong>6</strong></span> <span class='ocrx_word' id='word_1_427' title='bbox 2885 2444 3119 2506; x_wconf 77' lang='grc' dir='ltr'>ἄσωτος,</span> <span class='ocrx_word' id='word_1_428' title='bbox 3171 2435 3248 2502; x_wconf 81' lang='grc' dir='ltr'>εἷς</span> <span class='ocrx_word' id='word_1_429' title='bbox 3297 2444 3404 2492; x_wconf 85' lang='grc' dir='ltr'>τῶν</span> <span class='ocrx_word' id='word_1_430' title='bbox 3456 2434 3704 2506; x_wconf 77' lang='grc' dir='ltr'>μισθίων</span> 
     </span>
    </p>
   </div>
   <div class='ocr_carea' id='block_1_52' title="bbox 2110 2527 3702 2608">
    <p class='ocr_par' dir='ltr' id='par_1_52' title="bbox 2110 2527 3702 2608">
     <span class='ocr_line' id='line_1_52' title="bbox 2110 2527 3702 2608; baseline -0.011 -13"><span class='ocrx_word' id='word_1_431' title='bbox 2110 2560 2204 2596; x_wconf 86' lang='grc' dir='ltr'><strong>σου</strong></span> <span class='ocrx_word' id='word_1_432' title='bbox 2242 2541 2516 2594; x_wconf 86' lang='grc' dir='ltr'>ἐδυσώπει</span> <span class='ocrx_word' id='word_1_433' title='bbox 2554 2538 2808 2608; x_wconf 82' lang='grc' dir='ltr'>γενέσθαι</span> <span class='ocrx_word' id='word_1_434' title='bbox 2839 2554 2855 2570; x_wconf 77' lang='grc' dir='ltr'><strong>ο</strong></span> <span class='ocrx_word' id='word_1_435' title='bbox 2888 2536 2952 2589; x_wconf 86' lang='grc' dir='ltr'><strong>σὺ</strong></span> <span class='ocrx_word' id='word_1_436' title='bbox 2982 2535 3038 2589; x_wconf 81' lang='grc' dir='ltr'><strong>δέ</strong></span> <span class='ocrx_word' id='word_1_437' title='bbox 3097 2533 3217 2586; x_wconf 70' lang='grc' dir='ltr'>υἱον</span> <span class='ocrx_word' id='word_1_438' title='bbox 3248 2530 3408 2584; x_wconf 78' lang='grc' dir='ltr'>αὑτὸν</span> <span class='ocrx_word' id='word_1_439' title='bbox 3440 2529 3534 2581; x_wconf 77' lang='grc' dir='ltr'><strong>καὶ</strong></span> <span class='ocrx_word' id='word_1_440' title='bbox 3559 2527 3702 2594; x_wconf 74' lang='grc' dir='ltr'>κλη-</span> 
     </span>
    </p>
   </div>
   <div class='ocr_carea' id='block_1_53' title="bbox 2111 2617 3703 2706">
    <p class='ocr_par' dir='ltr' id='par_1_53' title="bbox 2111 2617 3703 2706">
     <span class='ocr_line' id='line_1_53' title="bbox 2111 2617 3703 2706; baseline -0.013 -18"><span class='ocrx_word' id='word_1_441' title='bbox 2111 2635 2339 2706; x_wconf 83' lang='grc' dir='ltr'>ρονόμον</span> <span class='ocrx_word' id='word_1_442' title='bbox 2369 2632 2494 2686; x_wconf 69' lang='grc' dir='ltr'>ἀντὶ</span> <span class='ocrx_word' id='word_1_443' title='bbox 2528 2630 2757 2701; x_wconf 81' lang='grc' dir='ltr'>μισθίων</span> <span class='ocrx_word' id='word_1_444' title='bbox 2813 2627 3146 2694; x_wconf 81' lang='grc' dir='ltr'>πεποίηκας.</span> <span class='ocrx_word' id='word_1_445' title='bbox 3193 2622 3464 2694; x_wconf 82' lang='grc' dir='ltr'>ᾘτήσατο</span> <span class='ocrx_word' id='word_1_446' title='bbox 3513 2619 3541 2670; x_wconf 87' lang='lat'><strong>6</strong></span> <span class='ocrx_word' id='word_1_447' title='bbox 3592 2617 3703 2686; x_wconf 74' lang='grc' dir='ltr'>λῃο</span> 
     </span>
    </p>
   </div>
   <div class='ocr_carea' id='block_1_54' title="bbox 2111 2712 3705 2800">
    <p class='ocr_par' dir='ltr' id='par_1_54' title="bbox 2111 2712 3705 2800">
     <span class='ocr_line' id='line_1_54' title="bbox 2111 2712 3705 2800; baseline -0.013 -17"><span class='ocrx_word' id='word_1_448' title='bbox 2111 2729 2262 2800; x_wconf 85' lang='grc' dir='ltr'>στὴς,</span> <span class='ocrx_word' id='word_1_449' title='bbox 2298 2730 2522 2800; x_wconf 81' lang='grc' dir='ltr'>μνήμην</span> <span class='ocrx_word' id='word_1_450' title='bbox 2540 2725 2708 2779; x_wconf 76' lang='grc' dir='ltr'>αὐτοῦ</span> <span class='ocrx_word' id='word_1_451' title='bbox 2735 2724 2924 2778; x_wconf 85' lang='grc' dir='ltr'>λαϐεῖν</span> <span class='ocrx_word' id='word_1_452' title='bbox 2976 2724 3035 2775; x_wconf 93' lang='grc' dir='ltr'><strong>ἐν</strong></span> <span class='ocrx_word' id='word_1_453' title='bbox 3073 2722 3140 2791; x_wconf 75' lang='grc' dir='ltr'>τῇ</span> <span class='ocrx_word' id='word_1_454' title='bbox 3170 2717 3420 2789; x_wconf 74' lang='grc' dir='ltr'>βασιλεία</span> <span class='ocrx_word' id='word_1_455' title='bbox 3450 2733 3545 2767; x_wconf 87' lang='grc' dir='ltr'><strong>σου</strong></span> <span class='ocrx_word' id='word_1_456' title='bbox 3577 2731 3591 2745; x_wconf 76' lang='grc' dir='ltr'><strong><em>ο</em></strong></span> <span class='ocrx_word' id='word_1_457' title='bbox 3630 2712 3705 2765; x_wconf 73' lang='grc' dir='ltr'><strong>σὺ</strong></span> 
     </span>
    </p>
   </div>
   <div class='ocr_carea' id='block_1_55' title="bbox 2109 2803 3704 2889">
    <p class='ocr_par' dir='ltr' id='par_1_55' title="bbox 2109 2803 3704 2889">
     <span class='ocr_line' id='line_1_55' title="bbox 2109 2803 3704 2889; baseline -0.013 -13"><span class='ocrx_word' id='word_1_458' title='bbox 2109 2823 2166 2876; x_wconf 81' lang='grc' dir='ltr'><strong>δέ</strong></span> <span class='ocrx_word' id='word_1_459' title='bbox 2196 2822 2315 2876; x_wconf 79' lang='grc' dir='ltr'>ὅλον</span> <span class='ocrx_word' id='word_1_460' title='bbox 2363 2819 2512 2889; x_wconf 80' lang='grc' dir='ltr'>αύτῷ</span> <span class='ocrx_word' id='word_1_461' title='bbox 2551 2819 2645 2871; x_wconf 81' lang='grc' dir='ltr'><strong>τὸν</strong></span> <span class='ocrx_word' id='word_1_462' title='bbox 2695 2817 3030 2889; x_wconf 78' lang='grc' dir='ltr'>παράδεισον</span> <span class='ocrx_word' id='word_1_463' title='bbox 3082 2811 3362 2881; x_wconf 85' lang='grc' dir='ltr'>ἐδωρήσω.</span> <span class='ocrx_word' id='word_1_464' title='bbox 3407 2803 3704 2876; x_wconf 55' lang='lat' dir='ltr'><strong>[lpos-qm:</strong></span> 
     </span>
    </p>
   </div>
   <div class='ocr_carea' id='block_1_56' title="bbox 2110 2889 3666 2979">
    <p class='ocr_par' dir='ltr' id='par_1_56' title="bbox 2110 2889 3666 2979">
     <span class='ocr_line' id='line_1_56' title="bbox 2110 2889 3666 2979; baseline -0.016 -11"><span class='ocrx_word' id='word_1_465' title='bbox 2110 2912 2205 2968; x_wconf 76' lang='grc' dir='ltr'><strong>καὶ</strong></span> <span class='ocrx_word' id='word_1_466' title='bbox 2245 2910 2415 2979; x_wconf 73' lang='grc' dir='ltr'>πόρνη</span> <span class='ocrx_word' id='word_1_467' title='bbox 2454 2906 2794 2977; x_wconf 81' lang='grc' dir='ltr'>δακρύουσα,</span> <span class='ocrx_word' id='word_1_468' title='bbox 2818 2906 2914 2956; x_wconf 73' lang='grc' dir='ltr'>καὶ</span> <span class='ocrx_word' id='word_1_469' title='bbox 2941 2902 3082 2970; x_wconf 75' lang='grc' dir='ltr'>ὑπὲρ</span> <span class='ocrx_word' id='word_1_470' title='bbox 3117 2898 3145 2951; x_wconf 80' lang='grc' dir='ltr'>ὃ</span> <span class='ocrx_word' id='word_1_471' title='bbox 3171 2898 3375 2968; x_wconf 75' lang='grc' dir='ltr'>ἠλπισε</span> <span class='ocrx_word' id='word_1_472' title='bbox 3427 2896 3523 2946; x_wconf 67' lang='grc' dir='ltr'><strong>καὶ</strong></span> <span class='ocrx_word' id='word_1_473' title='bbox 3565 2889 3666 2959; x_wconf 69' lang='grc' dir='ltr'>ἐζὴ</span> 
     </span>
    </p>
   </div>
   <div class='ocr_carea' id='block_1_57' title="bbox 2112 2986 3711 3074">
    <p class='ocr_par' dir='ltr' id='par_1_57' title="bbox 2112 2986 3711 3074">
     <span class='ocr_line' id='line_1_57' title="bbox 2112 2986 3711 3074; baseline -0.014 -19"><span class='ocrx_word' id='word_1_474' title='bbox 2112 3018 2300 3074; x_wconf 83' lang='grc' dir='ltr'>τησεν,</span> <span class='ocrx_word' id='word_1_475' title='bbox 2339 2999 2554 3054; x_wconf 80' lang='grc' dir='ltr'>ἐλαϐεν.</span> <span class='ocrx_word' id='word_1_476' title='bbox 2623 2997 2925 3065; x_wconf 82' lang='grc' dir='ltr'>Ἐδέικρυσε</span> <span class='ocrx_word' id='word_1_477' title='bbox 2974 2993 3070 3047; x_wconf 68' lang='grc' dir='ltr'><strong>καὶ</strong></span> <span class='ocrx_word' id='word_1_478' title='bbox 3125 2991 3332 3060; x_wconf 79' lang='grc' dir='ltr'>Πέτρος</span> <span class='ocrx_word' id='word_1_479' title='bbox 3372 2986 3554 3057; x_wconf 82' lang='grc' dir='ltr'>μόνον,</span> <span class='ocrx_word' id='word_1_480' title='bbox 3604 2990 3711 3035; x_wconf 76' lang='grc' dir='ltr'>καὶ</span> 
     </span>
    </p>
   </div>
   <div class='ocr_carea' id='block_1_58' title="bbox 431 3067 2010 3166">
    <p class='ocr_par' dir='ltr' id='par_1_58' title="bbox 431 3074 2009 3157">
     <span class='ocr_line' id='line_1_58' title="bbox 431 3074 2009 3157; baseline -0.014 -11"><span class='ocrx_word' id='word_1_481' title='bbox 431 3100 580 3146; x_wconf 79' lang='lat' dir='ltr'><strong>rarct</strong></span> <span class='ocrx_word' id='word_1_482' title='bbox 612 3105 675 3144; x_wconf 87' lang='lat' dir='ltr'><strong>ac</strong></span> <span class='ocrx_word' id='word_1_483' title='bbox 708 3095 999 3157; x_wconf 61' lang='lat' dir='ltr'><strong>quairerct.</strong></span> <span class='ocrx_word' id='word_1_484' title='bbox 1037 3083 1214 3137; x_wconf 80' lang='lat' dir='ltr'><strong>Flevit</strong></span> <span class='ocrx_word' id='word_1_485' title='bbox 1237 3091 1290 3133; x_wconf 91' lang='lat' dir='ltr'><strong>et</strong></span> <span class='ocrx_word' id='word_1_486' title='bbox 1319 3078 1510 3132; x_wconf 85' lang='lat' dir='ltr'><strong>Petrus</strong></span> <span class='ocrx_word' id='word_1_487' title='bbox 1544 3087 1778 3139; x_wconf 88' lang='lat' dir='ltr'><strong>tantum,</strong></span> <span class='ocrx_word' id='word_1_488' title='bbox 1803 3074 2009 3142; x_wconf 86' lang='lat' dir='ltr'><strong>ipsum-</strong></span> 
     </span>
    </p>
   </div>
   <div class='ocr_carea' id='block_1_59' title="bbox 2111 3067 3714 3166">
    <p class='ocr_par' dir='ltr' id='par_1_59' title="bbox 2117 3079 3714 3166">
     <span class='ocr_line' id='line_1_59' title="bbox 2117 3079 3714 3166; baseline -0.017 -14"><span class='ocrx_word' id='word_1_489' title='bbox 2117 3096 2428 3166; x_wconf 81' lang='grc' dir='ltr'>κλειδοῦχον</span> <span class='ocrx_word' id='word_1_490' title='bbox 2463 3093 2625 3146; x_wconf 75' lang='grc' dir='ltr'>αὐτὸν</span> <span class='ocrx_word' id='word_1_491' title='bbox 2661 3091 2765 3161; x_wconf 81' lang='grc' dir='ltr'>τῆς</span> <span class='ocrx_word' id='word_1_492' title='bbox 2821 3089 2933 3142; x_wconf 81' lang='grc' dir='ltr'><strong>τῶν</strong></span> <span class='ocrx_word' id='word_1_493' title='bbox 2985 3084 3237 3158; x_wconf 76' lang='grc' dir='ltr'>οὐρανῶν</span> <span class='ocrx_word' id='word_1_494' title='bbox 3285 3079 3565 3153; x_wconf 78' lang='grc' dir='ltr'>βασιλείας</span> <span class='ocrx_word' id='word_1_495' title='bbox 3608 3093 3714 3127; x_wconf 79' lang='grc' dir='ltr'>πε·-</span> 
     </span>
    </p>
   </div>
   <div class='ocr_carea' id='block_1_60' title="bbox 431 3165 2014 3255">
    <p class='ocr_par' dir='ltr' id='par_1_60' title="bbox 431 3165 2014 3255">
     <span class='ocr_line' id='line_1_60' title="bbox 431 3165 2014 3255; baseline -0.013 -17"><span class='ocrx_word' id='word_1_496' title='bbox 431 3201 537 3255; x_wconf 90' lang='lat' dir='ltr'><strong>que</strong></span> <span class='ocrx_word' id='word_1_497' title='bbox 561 3182 711 3254; x_wconf 70' lang='lat' dir='ltr'><strong>regni</strong></span> <span class='ocrx_word' id='word_1_498' title='bbox 743 3181 1002 3234; x_wconf 77' lang='lat' dir='ltr'><strong>caelorum</strong></span> <span class='ocrx_word' id='word_1_499' title='bbox 1033 3173 1234 3231; x_wconf 85' lang='lat' dir='ltr'><strong>creasti</strong></span> <span class='ocrx_word' id='word_1_500' title='bbox 1255 3172 1606 3239; x_wconf 57' lang='lat' dir='ltr'><strong>clavigerum.</strong></span> <span class='ocrx_word' id='word_1_501' title='bbox 1627 3166 1741 3231; x_wconf 89' lang='lat' dir='ltr'><strong>Sic,</strong></span> <span class='ocrx_word' id='word_1_502' title='bbox 1767 3165 2014 3226; x_wconf 88' lang='lat' dir='ltr'><strong>Domine,</strong></span> 
     </span>
    </p>
   </div>
   <div class='ocr_carea' id='block_1_61' title="bbox 433 3257 2017 3341">
    <p class='ocr_par' dir='ltr' id='par_1_61' title="bbox 433 3257 2017 3341">
     <span class='ocr_line' id='line_1_61' title="bbox 433 3257 2017 3341; baseline -0.014 -9"><span class='ocrx_word' id='word_1_503' title='bbox 433 3277 682 3332; x_wconf 84' lang='lat' dir='ltr'><strong>moribus</strong></span> <span class='ocrx_word' id='word_1_504' title='bbox 741 3280 1115 3341; x_wconf 86' lang='lat' dir='ltr'><strong>comparatum</strong></span> <span class='ocrx_word' id='word_1_505' title='bbox 1172 3266 1362 3330; x_wconf 87' lang='lat' dir='ltr'><strong>habes,</strong></span> <span class='ocrx_word' id='word_1_506' title='bbox 1417 3276 1475 3318; x_wconf 93' lang='lat' dir='ltr'><strong>ut</strong></span> <span class='ocrx_word' id='word_1_507' title='bbox 1515 3263 1569 3315; x_wconf 88' lang='lat' dir='ltr'><strong>in</strong></span> <span class='ocrx_word' id='word_1_508' title='bbox 1615 3258 1936 3329; x_wconf 85' lang='lat' dir='ltr'><strong>desperatis,</strong></span> <span class='ocrx_word' id='word_1_509' title='bbox 1963 3257 2017 3310; x_wconf 92' lang='lat' dir='ltr'><strong>in</strong></span> 
     </span>
    </p>
   </div>
   <div class='ocr_carea' id='block_1_62' title="bbox 433 3348 2020 3441">
    <p class='ocr_par' dir='ltr' id='par_1_62' title="bbox 433 3348 2020 3441">
     <span class='ocr_line' id='line_1_62' title="bbox 433 3348 2020 3441; baseline -0.015 -16"><span class='ocrx_word' id='word_1_510' title='bbox 433 3371 634 3441; x_wconf 89' lang='lat' dir='ltr'><strong>quibus</strong></span> <span class='ocrx_word' id='word_1_511' title='bbox 666 3367 809 3424; x_wconf 87' lang='lat' dir='ltr'><strong>nulla</strong></span> <span class='ocrx_word' id='word_1_512' title='bbox 865 3364 1056 3420; x_wconf 87' lang='lat' dir='ltr'><strong>salutis</strong></span> <span class='ocrx_word' id='word_1_513' title='bbox 1085 3374 1209 3431; x_wconf 84' lang='lat' dir='ltr'><strong>spes</strong></span> <span class='ocrx_word' id='word_1_514' title='bbox 1269 3357 1475 3426; x_wconf 88' lang='lat' dir='ltr'><strong>reliqua</strong></span> <span class='ocrx_word' id='word_1_515' title='bbox 1535 3354 1808 3414; x_wconf 87' lang='lat' dir='ltr'><strong>videatur,</strong></span> <span class='ocrx_word' id='word_1_516' title='bbox 1847 3351 1900 3402; x_wconf 88' lang='lat' dir='ltr'><strong>in</strong></span> <span class='ocrx_word' id='word_1_517' title='bbox 1952 3348 2020 3402; x_wconf 88' lang='lat' dir='ltr'><strong>iis</strong></span> 
     </span>
    </p>
   </div>
   <div class='ocr_carea' id='block_1_63' title="bbox 436 3446 2022 3523">
    <p class='ocr_par' dir='ltr' id='par_1_63' title="bbox 436 3446 2022 3523">
     <span class='ocr_line' id='line_1_63' title="bbox 436 3446 2022 3523; baseline -0.016 -5"><span class='ocrx_word' id='word_1_518' title='bbox 436 3462 737 3517; x_wconf 72' lang='lat' dir='ltr'><strong>clementiae</strong></span> <span class='ocrx_word' id='word_1_519' title='bbox 766 3469 868 3512; x_wconf 66' lang='lat' dir='ltr'><strong>tute</strong></span> <span class='ocrx_word' id='word_1_520' title='bbox 902 3472 965 3510; x_wconf 87' lang='lat' dir='ltr'><strong>ac</strong></span> <span class='ocrx_word' id='word_1_521' title='bbox 987 3451 1348 3523; x_wconf 77' lang='lat' dir='ltr'><strong>benignitatis</strong></span> <span class='ocrx_word' id='word_1_522' title='bbox 1373 3446 1800 3517; x_wconf 80' lang='lat' dir='ltr'><strong>magnitudinem</strong></span> <span class='ocrx_word' id='word_1_523' title='bbox 1834 3449 2022 3496; x_wconf 85' lang='lat' dir='ltr'><strong>osten-</strong></span> 
     </span>
    </p>
   </div>
   <div class='ocr_carea' id='block_1_64' title="bbox 437 3544 2024 3624">
    <p class='ocr_par' dir='ltr' id='par_1_64' title="bbox 437 3544 2024 3624">
     <span class='ocr_line' id='line_1_64' title="bbox 437 3544 2024 3624; baseline -0.017 -12"><span class='ocrx_word' id='word_1_524' title='bbox 437 3559 559 3613; x_wconf 86' lang='lat' dir='ltr'><strong>das.</strong></span> <span class='ocrx_word' id='word_1_525' title='bbox 589 3556 883 3624; x_wconf 82' lang='lat' dir='ltr'><strong>PrOpterca</strong></span> <span class='ocrx_word' id='word_1_526' title='bbox 913 3559 1118 3620; x_wconf 86' lang='lat' dir='ltr'><strong>repeto,</strong></span> <span class='ocrx_word' id='word_1_527' title='bbox 1144 3563 1245 3602; x_wconf 91' lang='lat' dir='ltr'><strong>nec</strong></span> <span class='ocrx_word' id='word_1_528' title='bbox 1274 3544 1519 3601; x_wconf 88' lang='lat' dir='ltr'><strong>desinam</strong></span> <span class='ocrx_word' id='word_1_529' title='bbox 1577 3552 1814 3608; x_wconf 87' lang='lat' dir='ltr'><strong>unquam</strong></span> <span class='ocrx_word' id='word_1_530' title='bbox 1875 3548 2024 3604; x_wconf 85' lang='lat' dir='ltr'><strong>repe-</strong></span> 
     </span>
    </p>
   </div>
   <div class='ocr_carea' id='block_1_65' title="bbox 443 3627 2023 3707">
    <p class='ocr_par' dir='ltr' id='par_1_65' title="bbox 443 3627 2023 3707">
     <span class='ocr_line' id='line_1_65' title="bbox 443 3627 2023 3707; baseline -0.015 -3"><span class='ocrx_word' id='word_1_531' title='bbox 443 3660 599 3704; x_wconf 79' lang='lat' dir='ltr'><strong>tere:</strong></span> <span class='ocrx_word' id='word_1_532' title='bbox 639 3666 658 3698; x_wconf 70' lang='grc' dir='ltr'><em>ς</em></span> <span class='ocrx_word' id='word_1_533' title='bbox 739 3644 960 3699; x_wconf 89' lang='lat' dir='ltr'><strong>Salvum</strong></span> <span class='ocrx_word' id='word_1_534' title='bbox 1032 3655 1118 3695; x_wconf 92' lang='lat' dir='ltr'><strong>me</strong></span> <span class='ocrx_word' id='word_1_535' title='bbox 1154 3639 1240 3694; x_wconf 81' lang='lat' dir='ltr'><strong>lac</strong></span> <span class='ocrx_word' id='word_1_536' title='bbox 1320 3642 1542 3707; x_wconf 87' lang='lat' dir='ltr'><strong>pr0pter</strong></span> <span class='ocrx_word' id='word_1_537' title='bbox 1589 3627 2023 3689; x_wconf 75' lang='lat' dir='ltr'><strong>misericordiam</strong></span> 
     </span>
    </p>
   </div>
   <div class='ocr_carea' id='block_1_66' title="bbox 443 3751 678 3795">
    <p class='ocr_par' dir='ltr' id='par_1_66' title="bbox 443 3751 678 3795">
     <span class='ocr_line' id='line_1_66' title="bbox 443 3751 678 3795; baseline -0.021 0"><span class='ocrx_word' id='word_1_538' title='bbox 443 3751 614 3795; x_wconf 82' lang='lat' dir='ltr'><strong>tuam.</strong></span> <span class='ocrx_word' id='word_1_539' title='bbox 659 3757 678 3790; x_wconf 67' lang='grc' dir='ltr'><strong>ι</strong></span> 
     </span>
    </p>
   </div>
   <div class='ocr_carea' id='block_1_67' title="bbox 518 3811 2024 3896">
    <p class='ocr_par' dir='ltr' id='par_1_67' title="bbox 518 3811 2024 3896">
     <span class='ocr_line' id='line_1_67' title="bbox 518 3811 2024 3896; baseline -0.011 -15"><span class='ocrx_word' id='word_1_540' title='bbox 518 3848 538 3881; x_wconf 78' lang='grc' dir='ltr'><strong>ι</strong></span> <span class='ocrx_word' id='word_1_541' title='bbox 578 3829 844 3896; x_wconf 85' lang='lat' dir='ltr'><strong>Quoniam</strong></span> <span class='ocrx_word' id='word_1_542' title='bbox 871 3841 977 3880; x_wconf 89' lang='lat' dir='ltr'><strong>non</strong></span> <span class='ocrx_word' id='word_1_543' title='bbox 1008 3833 1092 3878; x_wconf 88' lang='lat' dir='ltr'><strong>est</strong></span> <span class='ocrx_word' id='word_1_544' title='bbox 1129 3823 1178 3875; x_wconf 90' lang='lat' dir='ltr'><strong>in</strong></span> <span class='ocrx_word' id='word_1_545' title='bbox 1214 3828 1390 3875; x_wconf 88' lang='lat' dir='ltr'><strong>morte</strong></span> <span class='ocrx_word' id='word_1_546' title='bbox 1435 3816 1526 3887; x_wconf 91' lang='lat' dir='ltr'><strong>qui</strong></span> <span class='ocrx_word' id='word_1_547' title='bbox 1564 3828 1773 3870; x_wconf 89' lang='lat' dir='ltr'><strong>memor</strong></span> <span class='ocrx_word' id='word_1_548' title='bbox 1794 3813 1868 3867; x_wconf 86' lang='lat' dir='ltr'><strong>sit</strong></span> <span class='ocrx_word' id='word_1_549' title='bbox 1897 3811 1972 3866; x_wconf 93' lang='lat' dir='ltr'><strong>tui</strong></span> <span class='ocrx_word' id='word_1_550' title='bbox 2009 3827 2024 3864; x_wconf 89' lang='lat'><strong>:</strong></span> 
     </span>
    </p>
   </div>
   <div class='ocr_carea' id='block_1_68' title="bbox 447 3905 2025 3985">
    <p class='ocr_par' dir='ltr' id='par_1_68' title="bbox 447 3905 2025 3985">
     <span class='ocr_line' id='line_1_68' title="bbox 447 3905 2025 3985; baseline -0.014 -8"><span class='ocrx_word' id='word_1_551' title='bbox 447 3925 501 3978; x_wconf 90' lang='lat' dir='ltr'><strong>in</strong></span> <span class='ocrx_word' id='word_1_552' title='bbox 528 3923 742 3977; x_wconf 79' lang='lat' dir='ltr'><strong>inferno</strong></span> <span class='ocrx_word' id='word_1_553' title='bbox 783 3931 964 3972; x_wconf 85' lang='lat' dir='ltr'><strong>autem</strong></span> <span class='ocrx_word' id='word_1_554' title='bbox 991 3916 1111 3985; x_wconf 87' lang='lat' dir='ltr'><strong>quis</strong></span> <span class='ocrx_word' id='word_1_555' title='bbox 1137 3912 1486 3969; x_wconf 77' lang='lat' dir='ltr'><strong>confitebitur</strong></span> <span class='ocrx_word' id='word_1_556' title='bbox 1516 3909 1646 3965; x_wconf 80' lang='lat' dir='ltr'><strong>tibi?</strong></span> <span class='ocrx_word' id='word_1_557' title='bbox 1675 3927 1695 3960; x_wconf 70' lang='grc' dir='ltr'><strong>ι</strong></span> <span class='ocrx_word' id='word_1_558' title='bbox 1727 3905 2025 3973; x_wconf 68' lang='lat' dir='ltr'><strong>Propterea</strong></span> 
     </span>
    </p>
   </div>
   <div class='ocr_carea' id='block_1_69' title="bbox 448 3999 2028 4081">
    <p class='ocr_par' dir='ltr' id='par_1_69' title="bbox 448 3999 2028 4081">
     <span class='ocr_line' id='line_1_69' title="bbox 448 3999 2028 4081; baseline -0.014 -10"><span class='ocrx_word' id='word_1_559' title='bbox 448 4016 646 4071; x_wconf 80' lang='lat' dir='ltr'><strong>festino</strong></span> <span class='ocrx_word' id='word_1_560' title='bbox 678 4035 693 4070; x_wconf 83' lang='lat'><strong>;</strong></span> <span class='ocrx_word' id='word_1_561' title='bbox 731 4019 1018 4081; x_wconf 89' lang='lat' dir='ltr'><strong>propterea</strong></span> <span class='ocrx_word' id='word_1_562' title='bbox 1073 4007 1267 4061; x_wconf 78' lang='lat' dir='ltr'><strong>anxius</strong></span> <span class='ocrx_word' id='word_1_563' title='bbox 1311 4019 1454 4065; x_wconf 87' lang='lat' dir='ltr'><strong>sum,</strong></span> <span class='ocrx_word' id='word_1_564' title='bbox 1481 4002 1636 4073; x_wconf 87' lang='lat' dir='ltr'><strong>plane</strong></span> <span class='ocrx_word' id='word_1_565' title='bbox 1687 3999 2028 4069; x_wconf 79' lang='lat' dir='ltr'><strong>exploratum</strong></span> 
     </span>
    </p>
   </div>
   <div class='ocr_carea' id='block_1_70' title="bbox 450 4087 2022 4171">
    <p class='ocr_par' dir='ltr' id='par_1_70' title="bbox 450 4087 2022 4171">
     <span class='ocr_line' id='line_1_70' title="bbox 450 4087 2022 4171; baseline -0.015 -9"><span class='ocrx_word' id='word_1_566' title='bbox 450 4109 676 4169; x_wconf 81' lang='lat' dir='ltr'><strong>habens,</strong></span> <span class='ocrx_word' id='word_1_567' title='bbox 710 4117 986 4171; x_wconf 84' lang='lat' dir='ltr'><strong>nunquam</strong></span> <span class='ocrx_word' id='word_1_568' title='bbox 1019 4115 1106 4153; x_wconf 82' lang='lat' dir='ltr'><strong>tne</strong></span> <span class='ocrx_word' id='word_1_569' title='bbox 1138 4099 1191 4150; x_wconf 91' lang='lat' dir='ltr'><strong>in</strong></span> <span class='ocrx_word' id='word_1_570' title='bbox 1225 4098 1440 4149; x_wconf 81' lang='lat' dir='ltr'><strong>inferno</strong></span> <span class='ocrx_word' id='word_1_571' title='bbox 1475 4091 1854 4148; x_wconf 81' lang='lat' dir='ltr'><strong>confessurum</strong></span> <span class='ocrx_word' id='word_1_572' title='bbox 1891 4087 2022 4152; x_wconf 89' lang='lat' dir='ltr'><strong>Deo,</strong></span> 
     </span>
    </p>
   </div>
   <div class='ocr_carea' id='block_1_71' title="bbox 453 4181 2032 4258">
    <p class='ocr_par' dir='ltr' id='par_1_71' title="bbox 453 4181 2032 4258">
     <span class='ocr_line' id='line_1_71' title="bbox 453 4181 2032 4258; baseline -0.012 -5"><span class='ocrx_word' id='word_1_573' title='bbox 453 4201 541 4254; x_wconf 90' lang='lat' dir='ltr'><strong>ubi</strong></span> <span class='ocrx_word' id='word_1_574' title='bbox 581 4197 748 4253; x_wconf 88' lang='lat' dir='ltr'><strong>semel</strong></span> <span class='ocrx_word' id='word_1_575' title='bbox 781 4199 902 4250; x_wconf 71' lang='lat' dir='ltr'><strong>vita:</strong></span> <span class='ocrx_word' id='word_1_576' title='bbox 945 4195 1068 4247; x_wconf 84' lang='lat' dir='ltr'><strong>linis</strong></span> <span class='ocrx_word' id='word_1_577' title='bbox 1090 4190 1457 4258; x_wconf 73' lang='lat' dir='ltr'><strong>occupaverit.</strong></span> <span class='ocrx_word' id='word_1_578' title='bbox 1493 4185 1648 4241; x_wconf 85' lang='lat' dir='ltr'><strong>Nulla</strong></span> <span class='ocrx_word' id='word_1_579' title='bbox 1684 4186 1830 4240; x_wconf 90' lang='lat' dir='ltr'><strong>enim</strong></span> <span class='ocrx_word' id='word_1_580' title='bbox 1864 4191 1951 4237; x_wconf 88' lang='lat' dir='ltr'><strong>est</strong></span> <span class='ocrx_word' id='word_1_581' title='bbox 1979 4181 2032 4234; x_wconf 88' lang='lat' dir='ltr'><strong>in</strong></span> 
     </span>
    </p>
   </div>
   <div class='ocr_carea' id='block_1_72' title="bbox 455 4272 2035 4358">
    <p class='ocr_par' dir='ltr' id='par_1_72' title="bbox 455 4272 2035 4358">
     <span class='ocr_line' id='line_1_72' title="bbox 455 4272 2035 4358; baseline -0.013 -12"><span class='ocrx_word' id='word_1_582' title='bbox 455 4293 666 4346; x_wconf 76' lang='lat' dir='ltr'><strong>interno</strong></span> <span class='ocrx_word' id='word_1_583' title='bbox 697 4287 1014 4358; x_wconf 73' lang='lat' dir='ltr'><strong>pmnitcutia</strong></span> <span class='ocrx_word' id='word_1_584' title='bbox 1049 4303 1063 4338; x_wconf 90' lang='lat'>:</span> <span class='ocrx_word' id='word_1_585' title='bbox 1091 4283 1277 4351; x_wconf 90' lang='lat' dir='ltr'><strong>nequit</strong></span> <span class='ocrx_word' id='word_1_586' title='bbox 1305 4281 1499 4349; x_wconf 86' lang='lat' dir='ltr'><strong>aliquis</strong></span> <span class='ocrx_word' id='word_1_587' title='bbox 1537 4288 1888 4348; x_wconf 86' lang='lat' dir='ltr'><strong>peccatorum</strong></span> <span class='ocrx_word' id='word_1_588' title='bbox 1927 4272 2035 4326; x_wconf 91' lang='lat' dir='ltr'><strong>illic</strong></span> 
     </span>
    </p>
   </div>
   <div class='ocr_carea' id='block_1_73' title="bbox 459 4365 2034 4447">
    <p class='ocr_par' dir='ltr' id='par_1_73' title="bbox 459 4365 2034 4447">
     <span class='ocr_line' id='line_1_73' title="bbox 459 4365 2034 4447; baseline -0.012 -12"><span class='ocrx_word' id='word_1_589' title='bbox 459 4384 673 4438; x_wconf 83' lang='lat' dir='ltr'><strong>veniam</strong></span> <span class='ocrx_word' id='word_1_590' title='bbox 709 4379 965 4447; x_wconf 80' lang='lat' dir='ltr'><strong>cooscqui</strong></span> <span class='ocrx_word' id='word_1_591' title='bbox 987 4394 1003 4442; x_wconf 85' lang='lat'><strong>;</strong></span> <span class='ocrx_word' id='word_1_592' title='bbox 1025 4390 1128 4429; x_wconf 91' lang='lat' dir='ltr'><strong>non</strong></span> <span class='ocrx_word' id='word_1_593' title='bbox 1158 4382 1336 4442; x_wconf 89' lang='lat' dir='ltr'><strong>potest</strong></span> <span class='ocrx_word' id='word_1_594' title='bbox 1373 4372 1486 4424; x_wconf 80' lang='lat' dir='ltr'><strong>ﬁeri</strong></span> <span class='ocrx_word' id='word_1_595' title='bbox 1513 4380 1572 4424; x_wconf 89' lang='lat' dir='ltr'><strong>ut</strong></span> <span class='ocrx_word' id='word_1_596' title='bbox 1597 4371 1720 4438; x_wconf 87' lang='lat' dir='ltr'><strong>quis</strong></span> <span class='ocrx_word' id='word_1_597' title='bbox 1757 4365 2034 4421; x_wconf 86' lang='lat' dir='ltr'><strong>remissio-</strong></span> 
     </span>
    </p>
   </div>
   <div class='ocr_carea' id='block_1_74' title="bbox 463 4463 2038 4539">
    <p class='ocr_par' dir='ltr' id='par_1_74' title="bbox 463 4463 2038 4539">
     <span class='ocr_line' id='line_1_74' title="bbox 463 4463 2038 4539; baseline -0.013 -8"><span class='ocrx_word' id='word_1_598' title='bbox 463 4491 586 4531; x_wconf 90' lang='lat' dir='ltr'><strong>nem</strong></span> <span class='ocrx_word' id='word_1_599' title='bbox 615 4474 941 4528; x_wconf 86' lang='lat' dir='ltr'><strong>delictorum</strong></span> <span class='ocrx_word' id='word_1_600' title='bbox 975 4472 1029 4522; x_wconf 90' lang='lat' dir='ltr'><strong>iu</strong></span> <span class='ocrx_word' id='word_1_601' title='bbox 1072 4468 1316 4539; x_wconf 86' lang='lat' dir='ltr'><strong>sepulcro</strong></span> <span class='ocrx_word' id='word_1_602' title='bbox 1349 4465 1570 4520; x_wconf 72' lang='lat' dir='ltr'><strong>referat.</strong></span> <span class='ocrx_word' id='word_1_603' title='bbox 1615 4463 1884 4519; x_wconf 72' lang='lat' dir='ltr'><strong>Nundinae</strong></span> <span class='ocrx_word' id='word_1_604' title='bbox 1913 4468 2038 4515; x_wconf 85' lang='lat' dir='ltr'><strong>sunt</strong></span> 
     </span>
    </p>
   </div>
   <div class='ocr_carea' id='block_1_75' title="bbox 461 4553 2040 4637">
    <p class='ocr_par' dir='ltr' id='par_1_75' title="bbox 461 4553 2040 4637">
     <span class='ocr_line' id='line_1_75' title="bbox 461 4553 2040 4637; baseline -0.011 -16"><span class='ocrx_word' id='word_1_605' title='bbox 461 4582 700 4637; x_wconf 74' lang='lat' dir='ltr'><strong>prznsetts</strong></span> <span class='ocrx_word' id='word_1_606' title='bbox 734 4564 842 4617; x_wconf 90' lang='lat' dir='ltr'><strong>vita</strong></span> <span class='ocrx_word' id='word_1_607' title='bbox 879 4561 1010 4616; x_wconf 86' lang='lat' dir='ltr'><strong>:ubi</strong></span> <span class='ocrx_word' id='word_1_608' title='bbox 1055 4575 1184 4630; x_wconf 79' lang='lat' dir='ltr'><strong>ergo</strong></span> <span class='ocrx_word' id='word_1_609' title='bbox 1253 4558 1507 4613; x_wconf 66' lang='lat' dir='ltr'><strong>nundinae</strong></span> <span class='ocrx_word' id='word_1_610' title='bbox 1563 4555 1756 4612; x_wconf 75' lang='lat' dir='ltr'><strong>soluta:</strong></span> <span class='ocrx_word' id='word_1_611' title='bbox 1819 4553 2040 4613; x_wconf 79' lang='lat' dir='ltr'><strong>fuerint,</strong></span> 
     </span>
    </p>
   </div>
   <div class='ocr_carea' id='block_1_76' title="bbox 2119 3166 3716 3259">
    <p class='ocr_par' dir='ltr' id='par_1_76' title="bbox 2119 3166 3716 3259">
     <span class='ocr_line' id='line_1_76' title="bbox 2119 3166 3716 3259; baseline -0.018 -15"><span class='ocrx_word' id='word_1_612' title='bbox 2119 3190 2378 3259; x_wconf 83' lang='grc' dir='ltr'>ποῐηκας.</span> <span class='ocrx_word' id='word_1_613' title='bbox 2417 3183 2680 3238; x_wconf 79' lang='grc' dir='ltr'>Τοιοῦτόν</span> <span class='ocrx_word' id='word_1_614' title='bbox 2705 3197 2822 3242; x_wconf 85' lang='grc' dir='ltr'>σου,</span> <span class='ocrx_word' id='word_1_615' title='bbox 2863 3178 3135 3236; x_wconf 86' lang='grc' dir='ltr'>Δέσποτα,</span> <span class='ocrx_word' id='word_1_616' title='bbox 3171 3173 3234 3227; x_wconf 75' lang='grc' dir='ltr'>τὸ</span> <span class='ocrx_word' id='word_1_617' title='bbox 3292 3171 3436 3233; x_wconf 71' lang='grc' dir='ltr'>ἔθος,</span> <span class='ocrx_word' id='word_1_618' title='bbox 3494 3170 3552 3220; x_wconf 87' lang='grc' dir='ltr'><strong>ἐν</strong></span> <span class='ocrx_word' id='word_1_619' title='bbox 3591 3166 3716 3226; x_wconf 78' lang='grc' dir='ltr'>τοῖς</span> 
     </span>
    </p>
   </div>
   <div class='ocr_carea' id='block_1_77' title="bbox 2119 3257 3718 3349">
    <p class='ocr_par' dir='ltr' id='par_1_77' title="bbox 2119 3257 3718 3349">
     <span class='ocr_line' id='line_1_77' title="bbox 2119 3257 3718 3349; baseline -0.017 -13"><span class='ocrx_word' id='word_1_620' title='bbox 2119 3257 2574 3349; x_wconf 79' lang='grc' dir='ltr'>ἀπεγνωσμένοις</span> <span class='ocrx_word' id='word_1_621' title='bbox 2593 3292 2606 3306; x_wconf 90' lang='grc'><strong>·</strong></span> <span class='ocrx_word' id='word_1_622' title='bbox 2637 3276 2698 3328; x_wconf 90' lang='grc' dir='ltr'><strong>ἐν</strong></span> <span class='ocrx_word' id='word_1_623' title='bbox 2719 3276 2830 3336; x_wconf 83' lang='grc' dir='ltr'>τοῖς</span> <span class='ocrx_word' id='word_1_624' title='bbox 2879 3270 3152 3342; x_wconf 86' lang='grc' dir='ltr'>μηδεμίαν</span> <span class='ocrx_word' id='word_1_625' title='bbox 3183 3265 3376 3320; x_wconf 88' lang='grc' dir='ltr'>ἐλπίδα</span> <span class='ocrx_word' id='word_1_626' title='bbox 3427 3257 3718 3327; x_wconf 80' lang='grc' dir='ltr'>σωτηρίας</span> 
     </span>
    </p>
   </div>
   <div class='ocr_carea' id='block_1_78' title="bbox 2121 3351 3713 3444">
    <p class='ocr_par' dir='ltr' id='par_1_78' title="bbox 2121 3351 3713 3444">
     <span class='ocr_line' id='line_1_78' title="bbox 2121 3351 3713 3444; baseline -0.018 -17"><span class='ocrx_word' id='word_1_627' title='bbox 2121 3373 2356 3444; x_wconf 75' lang='grc' dir='ltr'>ἔχουσιν,</span> <span class='ocrx_word' id='word_1_628' title='bbox 2387 3372 2443 3422; x_wconf 92' lang='grc' dir='ltr'><strong>ἐν</strong></span> <span class='ocrx_word' id='word_1_629' title='bbox 2468 3368 2654 3428; x_wconf 79' lang='grc' dir='ltr'>αὐτοῖς</span> <span class='ocrx_word' id='word_1_630' title='bbox 2683 3362 3060 3418; x_wconf 82' lang='grc' dir='ltr'>ἐνδείκνυσθαι</span> <span class='ocrx_word' id='word_1_631' title='bbox 3089 3360 3148 3413; x_wconf 83' lang='grc' dir='ltr'><strong>τὸ</strong></span> <span class='ocrx_word' id='word_1_632' title='bbox 3185 3355 3417 3428; x_wconf 78' lang='grc' dir='ltr'>μέγεθος</span> <span class='ocrx_word' id='word_1_633' title='bbox 3447 3351 3548 3420; x_wconf 77' lang='grc' dir='ltr'>τῆς</span> <span class='ocrx_word' id='word_1_634' title='bbox 3609 3365 3713 3416; x_wconf 74' lang='grc' dir='ltr'><strong>φι-</strong></span> 
     </span>
    </p>
   </div>
   <div class='ocr_carea' id='block_1_79' title="bbox 2121 3438 3720 3536">
    <p class='ocr_par' dir='ltr' id='par_1_79' title="bbox 2121 3438 3720 3536">
     <span class='ocr_line' id='line_1_79' title="bbox 2121 3438 3720 3536; baseline -0.018 -17"><span class='ocrx_word' id='word_1_635' title='bbox 2121 3438 2480 3536; x_wconf 68' lang='grc' dir='ltr'>λανθρωπίας</span> <span class='ocrx_word' id='word_1_636' title='bbox 2513 3477 2632 3512; x_wconf 88' lang='grc' dir='ltr'>σου.</span> <span class='ocrx_word' id='word_1_637' title='bbox 2683 3456 2784 3510; x_wconf 80' lang='grc' dir='ltr'><strong>Διὰ</strong></span> <span class='ocrx_word' id='word_1_638' title='bbox 2833 3453 2992 3508; x_wconf 78' lang='grc' dir='ltr'>τοῦτο</span> <span class='ocrx_word' id='word_1_639' title='bbox 3039 3451 3210 3520; x_wconf 87' lang='grc' dir='ltr'>λέγω,</span> <span class='ocrx_word' id='word_1_640' title='bbox 3271 3447 3366 3501; x_wconf 67' lang='grc' dir='ltr'>καὶ</span> <span class='ocrx_word' id='word_1_641' title='bbox 3422 3443 3598 3510; x_wconf 83' lang='grc' dir='ltr'>λέγων</span> <span class='ocrx_word' id='word_1_642' title='bbox 3643 3438 3720 3492; x_wconf 80' lang='grc' dir='ltr'>οὗ</span> 
     </span>
    </p>
   </div>
   <div class='ocr_carea' id='block_1_80' title="bbox 2127 3540 3598 3626">
    <p class='ocr_par' dir='ltr' id='par_1_80' title="bbox 2127 3540 3598 3626">
     <span class='ocr_line' id='line_1_80' title="bbox 2127 3540 3598 3626; baseline -0.018 -14"><span class='ocrx_word' id='word_1_643' title='bbox 2127 3557 2410 3626; x_wconf 84' lang='grc' dir='ltr'>παύσομαι.</span> <span class='ocrx_word' id='word_1_644' title='bbox 2435 3571 2450 3586; x_wconf 80' lang='grc' dir='ltr'><strong>ο</strong></span> <span class='ocrx_word' id='word_1_645' title='bbox 2488 3571 2507 3605; x_wconf 83' lang='grc' dir='ltr'><strong>ι</strong></span> <span class='ocrx_word' id='word_1_646' title='bbox 2545 3549 2731 3606; x_wconf 82' lang='grc' dir='ltr'>Σῶσόν</span> <span class='ocrx_word' id='word_1_647' title='bbox 2765 3564 2832 3619; x_wconf 84' lang='grc' dir='ltr'><strong>με</strong></span> <span class='ocrx_word' id='word_1_648' title='bbox 2858 3546 3046 3599; x_wconf 67' lang='grc' dir='ltr'>ἕνεκεν</span> <span class='ocrx_word' id='word_1_649' title='bbox 3068 3540 3166 3596; x_wconf 80' lang='grc' dir='ltr'>τοῦ</span> <span class='ocrx_word' id='word_1_650' title='bbox 3202 3540 3387 3602; x_wconf 80' lang='grc' dir='ltr'>ἐλέους</span> <span class='ocrx_word' id='word_1_651' title='bbox 3417 3551 3534 3589; x_wconf 89' lang='grc' dir='ltr'>σου.</span> <span class='ocrx_word' id='word_1_652' title='bbox 3577 3550 3598 3585; x_wconf 70' lang='grc' dir='ltr'><strong>ι</strong></span> 
     </span>
    </p>
   </div>
   <div class='ocr_carea' id='block_1_81' title="bbox 2206 3799 3722 3882">
    <p class='ocr_par' dir='ltr' id='par_1_81' title="bbox 2206 3799 3722 3882">
     <span class='ocr_line' id='line_1_81' title="bbox 2206 3799 3722 3882; baseline -0.016 -6"><span class='ocrx_word' id='word_1_653' title='bbox 2206 3843 2225 3875; x_wconf 75' lang='grc' dir='ltr'><strong>ι</strong></span> <span class='ocrx_word' id='word_1_654' title='bbox 2270 3823 2392 3876; x_wconf 87' lang='grc' dir='ltr'>’Ὁτι</span> <span class='ocrx_word' id='word_1_655' title='bbox 2420 3820 2522 3873; x_wconf 74' lang='grc' dir='ltr'><strong>οὐκ</strong></span> <span class='ocrx_word' id='word_1_656' title='bbox 2541 3816 2691 3870; x_wconf 77' lang='grc' dir='ltr'>ἔστιν</span> <span class='ocrx_word' id='word_1_657' title='bbox 2711 3815 2768 3867; x_wconf 85' lang='grc' dir='ltr'><strong>ἐν</strong></span> <span class='ocrx_word' id='word_1_658' title='bbox 2798 3811 2876 3882; x_wconf 81' lang='grc' dir='ltr'>τῷ</span> <span class='ocrx_word' id='word_1_659' title='bbox 2905 3808 3124 3878; x_wconf 77' lang='grc' dir='ltr'>θανάτῳ</span> <span class='ocrx_word' id='word_1_660' title='bbox 3142 3807 3171 3860; x_wconf 88' lang='lat'><strong>6</strong></span> <span class='ocrx_word' id='word_1_661' title='bbox 3198 3799 3550 3875; x_wconf 73' lang='grc' dir='ltr'>μνημονεύων</span> <span class='ocrx_word' id='word_1_662' title='bbox 3581 3814 3676 3852; x_wconf 90' lang='grc' dir='ltr'><strong>σου</strong></span> <span class='ocrx_word' id='word_1_663' title='bbox 3701 3810 3722 3828; x_wconf 83' lang='grc'><strong><em>⁸</em></strong></span> 
     </span>
    </p>
   </div>
   <div class='ocr_carea' id='block_1_82' title="bbox 2133 3887 3731 3982">
    <p class='ocr_par' dir='ltr' id='par_1_82' title="bbox 2133 3887 3731 3982">
     <span class='ocr_line' id='line_1_82' title="bbox 2133 3887 3731 3982; baseline -0.018 -13"><span class='ocrx_word' id='word_1_664' title='bbox 2133 3917 2190 3969; x_wconf 81' lang='grc' dir='ltr'><strong>ἐν</strong></span> <span class='ocrx_word' id='word_1_665' title='bbox 2221 3915 2276 3968; x_wconf 76' lang='grc' dir='ltr'>δὲ</span> <span class='ocrx_word' id='word_1_666' title='bbox 2311 3911 2387 3982; x_wconf 83' lang='grc' dir='ltr'>τῷ</span> <span class='ocrx_word' id='word_1_667' title='bbox 2417 3910 2519 3982; x_wconf 68' lang='grc' dir='ltr'><strong>ᾅδῃ</strong></span> <span class='ocrx_word' id='word_1_668' title='bbox 2575 3906 2660 3969; x_wconf 89' lang='grc' dir='ltr'><strong>τίς</strong></span> <span class='ocrx_word' id='word_1_669' title='bbox 2709 3896 3172 3974; x_wconf 78' lang='grc' dir='ltr'>ὲξομολογήσεταί</span> <span class='ocrx_word' id='word_1_670' title='bbox 3208 3912 3313 3958; x_wconf 75' lang='grc' dir='ltr'>σοις</span> <span class='ocrx_word' id='word_1_671' title='bbox 3350 3911 3368 3942; x_wconf 71' lang='grc' dir='ltr'><strong>ι</strong></span> <span class='ocrx_word' id='word_1_672' title='bbox 3417 3890 3518 3943; x_wconf 74' lang='grc' dir='ltr'><strong>Διὰ</strong></span> <span class='ocrx_word' id='word_1_673' title='bbox 3554 3887 3731 3940; x_wconf 76' lang='grc' dir='ltr'>τοῦτο</span> 
     </span>
    </p>
   </div>
   <div class='ocr_carea' id='block_1_83' title="bbox 2135 3981 3728 4063">
    <p class='ocr_par' dir='ltr' id='par_1_83' title="bbox 2135 3981 3728 4063">
     <span class='ocr_line' id='line_1_83' title="bbox 2135 3981 3728 4063; baseline -0.019 -3"><span class='ocrx_word' id='word_1_674' title='bbox 2135 4005 2352 4061; x_wconf 83' lang='grc' dir='ltr'>σπεύδω</span> <span class='ocrx_word' id='word_1_675' title='bbox 2384 4021 2396 4034; x_wconf 93' lang='grc'><strong>·</strong></span> <span class='ocrx_word' id='word_1_676' title='bbox 2433 4000 2522 4054; x_wconf 80' lang='grc' dir='ltr'>διὰ</span> <span class='ocrx_word' id='word_1_677' title='bbox 2556 3996 2718 4052; x_wconf 78' lang='grc' dir='ltr'>τοῦτο</span> <span class='ocrx_word' id='word_1_678' title='bbox 2741 3993 2986 4063; x_wconf 80' lang='grc' dir='ltr'>ἀγωνιῶ,</span> <span class='ocrx_word' id='word_1_679' title='bbox 3018 3988 3306 4056; x_wconf 79' lang='grc' dir='ltr'>γινώσκων</span> <span class='ocrx_word' id='word_1_680' title='bbox 3338 3983 3607 4052; x_wconf 82' lang='grc' dir='ltr'>ἀκριϐῶς,</span> <span class='ocrx_word' id='word_1_681' title='bbox 3635 3981 3728 4032; x_wconf 80' lang='grc' dir='ltr'>ὅτι</span> 
     </span>
    </p>
   </div>
   <div class='ocr_carea' id='block_1_84' title="bbox 2133 4067 3732 4162">
    <p class='ocr_par' dir='ltr' id='par_1_84' title="bbox 2133 4067 3732 4162">
     <span class='ocr_line' id='line_1_84' title="bbox 2133 4067 3732 4162; baseline -0.023 -10"><span class='ocrx_word' id='word_1_682' title='bbox 2133 4097 2271 4153; x_wconf 79' lang='grc' dir='ltr'>ἐπὰν</span> <span class='ocrx_word' id='word_1_683' title='bbox 2345 4092 2408 4148; x_wconf 82' lang='grc' dir='ltr'><strong>τὸ</strong></span> <span class='ocrx_word' id='word_1_684' title='bbox 2449 4091 2628 4162; x_wconf 84' lang='grc' dir='ltr'>πέρας</span> <span class='ocrx_word' id='word_1_685' title='bbox 2689 4086 2787 4155; x_wconf 86' lang='grc' dir='ltr'><strong>τῆς</strong></span> <span class='ocrx_word' id='word_1_686' title='bbox 2824 4083 2970 4152; x_wconf 79' lang='grc' dir='ltr'>ζωῆς</span> <span class='ocrx_word' id='word_1_687' title='bbox 3026 4096 3128 4148; x_wconf 86' lang='grc' dir='ltr'><strong>μου</strong></span> <span class='ocrx_word' id='word_1_688' title='bbox 3189 4067 3732 4162; x_wconf 31' lang='grc' dir='ltr'>φθάσωμαιςοὺδα-</span> 
     </span>
    </p>
   </div>
   <div class='ocr_carea' id='block_1_85' title="bbox 2121 4158 3734 4263">
    <p class='ocr_par' dir='ltr' id='par_1_85' title="bbox 2121 4158 3734 4263">
     <span class='ocr_line' id='line_1_85' title="bbox 2121 4158 3734 4263; baseline -0.02 -20"><span class='ocrx_word' id='word_1_689' title='bbox 2121 4183 2258 4263; x_wconf 72' lang='grc' dir='ltr'>’μῶς</span> <span class='ocrx_word' id='word_1_690' title='bbox 2298 4191 2375 4255; x_wconf 81' lang='grc' dir='ltr'>τῷ</span> <span class='ocrx_word' id='word_1_691' title='bbox 2405 4158 2541 4253; x_wconf 36' lang='grc' dir='ltr'>θεῷ-</span> <span class='ocrx_word' id='word_1_692' title='bbox 2575 4181 2634 4232; x_wconf 78' lang='grc' dir='ltr'><strong>ἐν</strong></span> <span class='ocrx_word' id='word_1_693' title='bbox 2669 4177 2748 4248; x_wconf 86' lang='grc' dir='ltr'>τῷ</span> <span class='ocrx_word' id='word_1_694' title='bbox 2794 4175 2897 4248; x_wconf 69' lang='grc' dir='ltr'><strong>ᾄδῃ</strong></span> <span class='ocrx_word' id='word_1_695' title='bbox 2932 4168 3431 4241; x_wconf 80' lang='grc' dir='ltr'>ἐξομολογήσομαι.</span> <span class='ocrx_word' id='word_1_696' title='bbox 3478 4161 3554 4214; x_wconf 79' lang='grc' dir='ltr'><strong>Οὐ</strong></span> <span class='ocrx_word' id='word_1_697' title='bbox 3610 4158 3734 4228; x_wconf 77' lang='grc' dir='ltr'><strong>γάρ</strong></span> 
     </span>
    </p>
   </div>
   <div class='ocr_carea' id='block_1_86' title="bbox 2137 4253 3732 4346">
    <p class='ocr_par' dir='ltr' id='par_1_86' title="bbox 2137 4253 3732 4346">
     <span class='ocr_line' id='line_1_86' title="bbox 2137 4253 3732 4346; baseline -0.021 -10"><span class='ocrx_word' id='word_1_698' title='bbox 2137 4253 2290 4336; x_wconf 75' lang='grc' dir='ltr'>ἐστιν</span> <span class='ocrx_word' id='word_1_699' title='bbox 2324 4253 2444 4332; x_wconf 81' lang='grc' dir='ltr'>ἐκεῖ</span> <span class='ocrx_word' id='word_1_700' title='bbox 2481 4274 2746 4346; x_wconf 83' lang='grc' dir='ltr'>μετάνοια</span> <span class='ocrx_word' id='word_1_701' title='bbox 2768 4287 2784 4303; x_wconf 80' lang='grc' dir='ltr'><strong>ο</strong></span> <span class='ocrx_word' id='word_1_702' title='bbox 2841 4269 2943 4320; x_wconf 80' lang='grc' dir='ltr'><strong>οὐκ</strong></span> <span class='ocrx_word' id='word_1_703' title='bbox 2973 4264 3121 4317; x_wconf 77' lang='grc' dir='ltr'>ἐστιν</span> <span class='ocrx_word' id='word_1_704' title='bbox 3165 4259 3282 4313; x_wconf 81' lang='grc' dir='ltr'>ἐκεῖ</span> <span class='ocrx_word' id='word_1_705' title='bbox 3311 4255 3498 4309; x_wconf 84' lang='grc' dir='ltr'>λαϐεῖν</span> <span class='ocrx_word' id='word_1_706' title='bbox 3531 4253 3732 4322; x_wconf 75' lang='grc' dir='ltr'>ἀμαρ-</span> 
     </span>
    </p>
   </div>
   <div class='ocr_carea' id='block_1_87' title="bbox 2137 4345 3736 4440">
    <p class='ocr_par' dir='ltr' id='par_1_87' title="bbox 2137 4345 3736 4440">
     <span class='ocr_line' id='line_1_87' title="bbox 2137 4345 3736 4440; baseline -0.021 -12"><span class='ocrx_word' id='word_1_707' title='bbox 2137 4373 2260 4436; x_wconf 88' lang='grc' dir='ltr'>τίας</span> <span class='ocrx_word' id='word_1_708' title='bbox 2291 4345 2644 4440; x_wconf 80' lang='grc' dir='ltr'>συγχώρησιν</span> <span class='ocrx_word' id='word_1_709' title='bbox 2671 4381 2685 4396; x_wconf 91' lang='grc'><strong>·</strong></span> <span class='ocrx_word' id='word_1_710' title='bbox 2726 4363 2829 4416; x_wconf 82' lang='grc' dir='ltr'>οὐκ</span> <span class='ocrx_word' id='word_1_711' title='bbox 2865 4359 3014 4412; x_wconf 79' lang='grc' dir='ltr'>ἐστιν</span> <span class='ocrx_word' id='word_1_712' title='bbox 3045 4357 3103 4408; x_wconf 85' lang='grc' dir='ltr'><strong>ἐν</strong></span> <span class='ocrx_word' id='word_1_713' title='bbox 3135 4351 3216 4422; x_wconf 80' lang='grc' dir='ltr'>τῷ</span> <span class='ocrx_word' id='word_1_714' title='bbox 3249 4351 3513 4440; x_wconf 82' lang='grc' dir='ltr'>μνήματι,</span> <span class='ocrx_word' id='word_1_715' title='bbox 3533 4345 3736 4415; x_wconf 84' lang='grc' dir='ltr'>πλημ-</span> 
     </span>
    </p>
   </div>
   <div class='ocr_carea' id='block_1_88' title="bbox 2068 4437 3738 4535">
    <p class='ocr_par' dir='ltr' id='par_1_88' title="bbox 2068 4437 3738 4535">
     <span class='ocr_line' id='line_1_88' title="bbox 2068 4437 3738 4535; baseline -0.019 -16"><span class='ocrx_word' id='word_1_716' title='bbox 2068 4442 2112 4496; x_wconf 75' lang='lat' dir='ltr'>D</span> <span class='ocrx_word' id='word_1_717' title='bbox 2145 4437 2496 4535; x_wconf 36' lang='lat' dir='ltr'><strong>pelagiae—div</strong></span> <span class='ocrx_word' id='word_1_718' title='bbox 2517 4454 2851 4524; x_wconf 77' lang='grc' dir='ltr'>κομίσασθαι</span> <span class='ocrx_word' id='word_1_719' title='bbox 2884 4453 3102 4518; x_wconf 73' lang='grc' dir='ltr'>ἄφεσιν.</span> <span class='ocrx_word' id='word_1_720' title='bbox 3154 4439 3470 4514; x_wconf 81' lang='grc' dir='ltr'>Πανήγυρίς</span> <span class='ocrx_word' id='word_1_721' title='bbox 3503 4440 3656 4490; x_wconf 87' lang='grc' dir='ltr'>ἐστιν</span> <span class='ocrx_word' id='word_1_722' title='bbox 3700 4437 3738 4488; x_wconf 83' lang='grc'>6</span> 
     </span>
    </p>
   </div>
   <div class='ocr_carea' id='block_1_89' title="bbox 2143 4531 3739 4626">
    <p class='ocr_par' dir='ltr' id='par_1_89' title="bbox 2143 4531 3739 4626">
     <span class='ocr_line' id='line_1_89' title="bbox 2143 4531 3739 4626; baseline -0.019 -16"><span class='ocrx_word' id='word_1_723' title='bbox 2143 4531 2300 4626; x_wconf 29' lang='grc' dir='ltr'><strong>βίος.ι</strong></span> <span class='ocrx_word' id='word_1_724' title='bbox 2339 4553 2477 4606; x_wconf 83' lang='grc' dir='ltr'>ἐπὰν</span> <span class='ocrx_word' id='word_1_725' title='bbox 2577 4543 2671 4602; x_wconf 79' lang='grc' dir='ltr'><strong>οὖν</strong></span> <span class='ocrx_word' id='word_1_726' title='bbox 2703 4545 2839 4615; x_wconf 87' lang='grc' dir='ltr'>λυθῂ</span> <span class='ocrx_word' id='word_1_727' title='bbox 2871 4545 2905 4615; x_wconf 81' lang='grc' dir='ltr'>ἡ</span> <span class='ocrx_word' id='word_1_728' title='bbox 2957 4540 3266 4607; x_wconf 86' lang='grc' dir='ltr'>πανήγυρις</span> <span class='ocrx_word' id='word_1_729' title='bbox 3296 4572 3311 4597; x_wconf 84' lang='grc'><strong>,</strong></span> <span class='ocrx_word' id='word_1_730' title='bbox 3351 4531 3526 4592; x_wconf 71' lang='grc' dir='ltr'>οὐδεὶς</span> <span class='ocrx_word' id='word_1_731' title='bbox 3582 4545 3739 4626; x_wconf 72' lang='grc' dir='ltr'>πραο</span> 
     </span>
    </p>
   </div>
   <div class='ocr_carea' id='block_1_90' title="bbox 465 4617 2010 4726">
    <p class='ocr_par' dir='ltr' id='par_1_90' title="bbox 465 4644 2009 4726">
     <span class='ocr_line' id='line_1_90' title="bbox 465 4644 2009 4726; baseline -0.009 -15"><span class='ocrx_word' id='word_1_732' title='bbox 465 4673 623 4713; x_wconf 80' lang='lat' dir='ltr'><strong>uemo</strong></span> <span class='ocrx_word' id='word_1_733' title='bbox 655 4654 921 4726; x_wconf 81' lang='lat' dir='ltr'><strong>negotiari</strong></span> <span class='ocrx_word' id='word_1_734' title='bbox 954 4660 1149 4723; x_wconf 83' lang='lat' dir='ltr'><strong>potest.</strong></span> <span class='ocrx_word' id='word_1_735' title='bbox 1179 4651 1352 4707; x_wconf 88' lang='lat' dir='ltr'><strong>Stadii</strong></span> <span class='ocrx_word' id='word_1_736' title='bbox 1383 4664 1544 4705; x_wconf 86' lang='lat' dir='ltr'><strong>cursu</strong></span> <span class='ocrx_word' id='word_1_737' title='bbox 1588 4655 1828 4717; x_wconf 85' lang='lat' dir='ltr'><strong>peracto,</strong></span> <span class='ocrx_word' id='word_1_738' title='bbox 1861 4644 2009 4697; x_wconf 90' lang='lat' dir='ltr'><strong>nullu</strong></span> 
     </span>
    </p>
   </div>
   <div class='ocr_carea' id='block_1_91' title="bbox 2111 4617 3735 4726">
    <p class='ocr_par' dir='ltr' id='par_1_91' title="bbox 2142 4617 3735 4715">
     <span class='ocr_line' id='line_1_91' title="bbox 2142 4617 3735 4715; baseline -0.021 -15"><span class='ocrx_word' id='word_1_739' title='bbox 2142 4617 2559 4715; x_wconf 78' lang='grc' dir='ltr'>γματεύσασθαι</span> <span class='ocrx_word' id='word_1_740' title='bbox 2589 4639 2836 4692; x_wconf 82' lang='grc' dir='ltr'>δύναται.</span> <span class='ocrx_word' id='word_1_741' title='bbox 2872 4634 3043 4688; x_wconf 79' lang='grc' dir='ltr'>Ἑπὰν</span> <span class='ocrx_word' id='word_1_742' title='bbox 3114 4631 3176 4682; x_wconf 81' lang='grc' dir='ltr'><strong>τὸ</strong></span> <span class='ocrx_word' id='word_1_743' title='bbox 3205 4624 3419 4680; x_wconf 82' lang='grc' dir='ltr'>στάδιον</span> <span class='ocrx_word' id='word_1_744' title='bbox 3452 4617 3735 4688; x_wconf 81' lang='grc' dir='ltr'>παρέλθῃ,</span> 
     </span>
    </p>
   </div>
   <div class='ocr_carea' id='block_1_92' title="bbox 463 4735 2041 4810">
    <p class='ocr_par' dir='ltr' id='par_1_92' title="bbox 463 4735 2041 4810">
     <span class='ocr_line' id='line_1_92' title="bbox 463 4735 2041 4810; baseline -0.01 -7"><span class='ocrx_word' id='word_1_745' title='bbox 463 4749 621 4805; x_wconf 87' lang='lat' dir='ltr'><strong>miles</strong></span> <span class='ocrx_word' id='word_1_746' title='bbox 644 4749 806 4802; x_wconf 86' lang='lat' dir='ltr'><strong>habet</strong></span> <span class='ocrx_word' id='word_1_747' title='bbox 835 4753 1071 4800; x_wconf 86' lang='lat' dir='ltr'><strong>certare.</strong></span> <span class='ocrx_word' id='word_1_748' title='bbox 1094 4742 1193 4799; x_wconf 86' lang='lat' dir='ltr'><strong>Ubi</strong></span> <span class='ocrx_word' id='word_1_749' title='bbox 1220 4757 1327 4796; x_wconf 74' lang='lat' dir='ltr'><strong>nox</strong></span> <span class='ocrx_word' id='word_1_750' title='bbox 1347 4739 1714 4810; x_wconf 82' lang='lat' dir='ltr'><strong>occupaverit,</strong></span> <span class='ocrx_word' id='word_1_751' title='bbox 1743 4738 1878 4791; x_wconf 89' lang='lat' dir='ltr'><strong>nihil</strong></span> <span class='ocrx_word' id='word_1_752' title='bbox 1905 4735 2041 4788; x_wconf 90' lang='lat' dir='ltr'><strong>lucri</strong></span> 
     </span>
    </p>
   </div>
   <div class='ocr_carea' id='block_1_93' title="bbox 2142 4711 3741 4804">
    <p class='ocr_par' dir='ltr' id='par_1_93' title="bbox 2142 4711 3741 4804">
     <span class='ocr_line' id='line_1_93' title="bbox 2142 4711 3741 4804; baseline -0.013 -13"><span class='ocrx_word' id='word_1_753' title='bbox 2142 4711 2318 4800; x_wconf 71' lang='grc' dir='ltr'>ούδεὶς</span> <span class='ocrx_word' id='word_1_754' title='bbox 2355 4732 2685 4804; x_wconf 79' lang='grc' dir='ltr'>ἀγωνίζεται</span> <span class='ocrx_word' id='word_1_755' title='bbox 2723 4727 3087 4800; x_wconf 83' lang='grc' dir='ltr'>στρατιώτης.</span> <span class='ocrx_word' id='word_1_756' title='bbox 3138 4721 3309 4777; x_wconf 85' lang='grc' dir='ltr'>Ἐπὰν</span> <span class='ocrx_word' id='word_1_757' title='bbox 3404 4717 3440 4786; x_wconf 83' lang='grc' dir='ltr'>ἠ</span> <span class='ocrx_word' id='word_1_758' title='bbox 3479 4711 3576 4777; x_wconf 77' lang='grc' dir='ltr'><strong>νὺξ</strong></span> <span class='ocrx_word' id='word_1_759' title='bbox 3637 4727 3741 4762; x_wconf 63' lang='grc' dir='ltr'><strong>καθ</strong></span> 
     </span>
    </p>
   </div>
   <div class='ocr_carea' id='block_1_94' title="bbox 471 4805 2010 4910">
    <p class='ocr_par' dir='ltr' id='par_1_94' title="bbox 471 4805 2010 4910">
     <span class='ocr_line' id='line_1_94' title="bbox 471 4805 2010 4910; baseline -0.011 -15"><span class='ocrx_word' id='word_1_760' title='bbox 471 4847 716 4910; x_wconf 83' lang='lat' dir='ltr'><strong>apparet.</strong></span> <span class='ocrx_word' id='word_1_761' title='bbox 751 4837 889 4890; x_wconf 88' lang='lat' dir='ltr'><strong>Audi</strong></span> <span class='ocrx_word' id='word_1_762' title='bbox 947 4835 1078 4904; x_wconf 90' lang='lat' dir='ltr'><strong>quid</strong></span> <span class='ocrx_word' id='word_1_763' title='bbox 1142 4832 1422 4901; x_wconf 87' lang='lat' dir='ltr'><strong>Scriptura</strong></span> <span class='ocrx_word' id='word_1_764' title='bbox 1473 4805 1617 4884; x_wconf 83' lang='lat' dir='ltr'><strong>dicat</strong></span> <span class='ocrx_word' id='word_1_765' title='bbox 1649 4847 1662 4882; x_wconf 90' lang='lat'><strong>:</strong></span> <span class='ocrx_word' id='word_1_766' title='bbox 1691 4847 1710 4879; x_wconf 82' lang='grc' dir='ltr'><strong>ι</strong></span> <span class='ocrx_word' id='word_1_767' title='bbox 1755 4828 1898 4881; x_wconf 74' lang='lat' dir='ltr'><strong>Mors</strong></span> <span class='ocrx_word' id='word_1_768' title='bbox 1929 4827 2010 4880; x_wconf 88' lang='lat' dir='ltr'><strong>vir</strong></span> 
     </span>
    </p>
   </div>
   <div class='ocr_carea' id='block_1_95' title="bbox 2111 4805 3739 4910">
    <p class='ocr_par' dir='ltr' id='par_1_95' title="bbox 2145 4805 3739 4910">
     <span class='ocr_line' id='line_1_95' title="bbox 2145 4805 3739 4910; baseline -0.021 -25"><span class='ocrx_word' id='word_1_769' title='bbox 2145 4830 2381 4901; x_wconf 81' lang='grc' dir='ltr'>ταλάϐῃ,</span> <span class='ocrx_word' id='word_1_770' title='bbox 2414 4827 2475 4880; x_wconf 75' lang='grc' dir='ltr'><strong>τὸ</strong></span> <span class='ocrx_word' id='word_1_771' title='bbox 2505 4825 2698 4897; x_wconf 79' lang='grc' dir='ltr'>κέρδος</span> <span class='ocrx_word' id='word_1_772' title='bbox 2746 4821 2808 4877; x_wconf 85' lang='grc' dir='ltr'><strong>οὐ</strong></span> <span class='ocrx_word' id='word_1_773' title='bbox 2845 4820 3119 4888; x_wconf 78' lang='grc' dir='ltr'>φαίνεται.</span> <span class='ocrx_word' id='word_1_774' title='bbox 3172 4805 3525 4910; x_wconf 34' lang='grc' dir='ltr'><strong>¹Ἀκουσονῄτί</strong></span> <span class='ocrx_word' id='word_1_775' title='bbox 3565 4818 3739 4872; x_wconf 79' lang='grc' dir='ltr'>φησιν</span> 
     </span>
    </p>
   </div>
   <div class='ocr_carea' id='block_1_96' title="bbox 472 4919 2042 4998">
    <p class='ocr_par' dir='ltr' id='par_1_96' title="bbox 472 4919 2042 4998">
     <span class='ocr_line' id='line_1_96' title="bbox 472 4919 2042 4998; baseline -0.008 -14"><span class='ocrx_word' id='word_1_776' title='bbox 472 4929 709 4998; x_wconf 87' lang='lat' dir='ltr'><strong>requies,</strong></span> <span class='ocrx_word' id='word_1_777' title='bbox 741 4927 895 4994; x_wconf 84' lang='lat' dir='ltr'><strong>cujus</strong></span> <span class='ocrx_word' id='word_1_778' title='bbox 922 4925 1236 4980; x_wconf 88' lang='lat' dir='ltr'><strong>abscondita</strong></span> <span class='ocrx_word' id='word_1_779' title='bbox 1273 4933 1358 4977; x_wconf 87' lang='lat' dir='ltr'><strong>est</strong></span> <span class='ocrx_word' id='word_1_780' title='bbox 1395 4923 1477 4975; x_wconf 87' lang='lat' dir='ltr'><strong>via</strong></span> <span class='ocrx_word' id='word_1_781' title='bbox 1514 4939 1529 4975; x_wconf 87' lang='lat'><strong>:</strong></span> <span class='ocrx_word' id='word_1_782' title='bbox 1581 4919 1847 4976; x_wconf 82' lang='lat' dir='ltr'><strong>conclusit</strong></span> <span class='ocrx_word' id='word_1_783' title='bbox 1897 4919 2042 4973; x_wconf 88' lang='lat' dir='ltr'><strong>enim</strong></span> 
     </span>
    </p>
   </div>
   <div class='ocr_carea' id='block_1_97' title="bbox 2149 4891 3740 4993">
    <p class='ocr_par' dir='ltr' id='par_1_97' title="bbox 2149 4891 3740 4993">
     <span class='ocr_line' id='line_1_97' title="bbox 2149 4891 3740 4993; baseline -0.02 -17"><span class='ocrx_word' id='word_1_784' title='bbox 2149 4925 2184 4993; x_wconf 79' lang='grc' dir='ltr'>ἠ</span> <span class='ocrx_word' id='word_1_785' title='bbox 2221 4891 2434 4991; x_wconf 52' lang='grc' dir='ltr'>Γραιρήο</span> <span class='ocrx_word' id='word_1_786' title='bbox 2483 4937 2502 4968; x_wconf 79' lang='grc' dir='ltr'><strong>ι</strong></span> <span class='ocrx_word' id='word_1_787' title='bbox 2535 4891 2780 4975; x_wconf 30' lang='grc' dir='ltr'>Θνάνατος</span> <span class='ocrx_word' id='word_1_788' title='bbox 2821 4910 2979 4980; x_wconf 66' lang='grc' dir='ltr'>ἀνδρὶ</span> <span class='ocrx_word' id='word_1_789' title='bbox 3019 4907 3352 4965; x_wconf 78' lang='grc' dir='ltr'>ἀνάπαυσις,</span> <span class='ocrx_word' id='word_1_790' title='bbox 3404 4891 3465 4952; x_wconf 71' lang='grc' dir='ltr'>οὗ</span> <span class='ocrx_word' id='word_1_791' title='bbox 3526 4896 3562 4993; x_wconf 64' lang='grc' dir='ltr'><strong>η</strong></span> <span class='ocrx_word' id='word_1_792' title='bbox 3611 4893 3740 4955; x_wconf 67' lang='grc' dir='ltr'>ὁδδς</span> 
     </span>
    </p>
   </div>
   <div class='ocr_carea' id='block_1_98' title="bbox 468 4981 2010 5084">
    <p class='ocr_par' dir='ltr' id='par_1_98' title="bbox 468 5008 2000 5084">
     <span class='ocr_line' id='line_1_98' title="bbox 468 5008 2000 5084; baseline -0.008 -12"><span class='ocrx_word' id='word_1_793' title='bbox 468 5017 619 5073; x_wconf 88' lang='lat' dir='ltr'><strong>Deus</strong></span> <span class='ocrx_word' id='word_1_794' title='bbox 649 5030 812 5084; x_wconf 86' lang='lat' dir='ltr'><strong>super</strong></span> <span class='ocrx_word' id='word_1_795' title='bbox 841 5029 965 5068; x_wconf 89' lang='lat' dir='ltr'><strong>cum</strong></span> <span class='ocrx_word' id='word_1_796' title='bbox 998 5014 1064 5068; x_wconf 68' lang='lat'><strong>‘1.</strong></span> <span class='ocrx_word' id='word_1_797' title='bbox 1109 5031 1129 5064; x_wconf 74' lang='grc' dir='ltr'><strong>ι</strong></span> <span class='ocrx_word' id='word_1_798' title='bbox 1165 5011 1266 5067; x_wconf 86' lang='lat' dir='ltr'><strong>Ubi</strong></span> <span class='ocrx_word' id='word_1_799' title='bbox 1325 5021 1503 5064; x_wconf 90' lang='lat' dir='ltr'><strong>autem</strong></span> <span class='ocrx_word' id='word_1_800' title='bbox 1555 5009 1698 5064; x_wconf 87' lang='lat' dir='ltr'><strong>Deus</strong></span> <span class='ocrx_word' id='word_1_801' title='bbox 1757 5008 2000 5062; x_wconf 80' lang='lat' dir='ltr'><strong>conclusi</strong></span> 
     </span>
    </p>
   </div>
   <div class='ocr_carea' id='block_1_99' title="bbox 2111 4981 3728 5084">
    <p class='ocr_par' dir='ltr' id='par_1_99' title="bbox 2149 4981 3728 5082">
     <span class='ocr_line' id='line_1_99' title="bbox 2149 4981 3728 5082; baseline -0.02 -19"><span class='ocrx_word' id='word_1_802' title='bbox 2149 4981 2463 5079; x_wconf 57' lang='grc' dir='ltr'>άπείιρύϐἠ.</span> <span class='ocrx_word' id='word_1_803' title='bbox 2500 5001 2825 5056; x_wconf 80' lang='grc' dir='ltr'>Συνέκλεισε</span> <span class='ocrx_word' id='word_1_804' title='bbox 2860 4999 2973 5066; x_wconf 76' lang='grc' dir='ltr'>γὰρ</span> <span class='ocrx_word' id='word_1_805' title='bbox 3015 4997 3044 5048; x_wconf 89' lang='lat'><strong>6</strong></span> <span class='ocrx_word' id='word_1_806' title='bbox 3096 4993 3230 5055; x_wconf 74' lang='grc' dir='ltr'>Θεὸς</span> <span class='ocrx_word' id='word_1_807' title='bbox 3263 4991 3360 5043; x_wconf 73' lang='grc' dir='ltr'><strong>ἀπ’</strong></span> <span class='ocrx_word' id='word_1_808' title='bbox 3395 4981 3565 5040; x_wconf 79' lang='grc' dir='ltr'>αὐτοῦ</span> <span class='ocrx_word' id='word_1_809' title='bbox 3603 4985 3728 5082; x_wconf 50' lang='grc' dir='ltr'>ω’..ι</span> 
     </span>
    </p>
   </div>
   <div class='ocr_carea' id='block_1_100' title="bbox 471 5099 2049 5177">
    <p class='ocr_par' dir='ltr' id='par_1_100' title="bbox 471 5099 2049 5177">
     <span class='ocr_line' id='line_1_100' title="bbox 471 5099 2049 5177; baseline -0.008 -11"><span class='ocrx_word' id='word_1_810' title='bbox 471 5126 579 5166; x_wconf 91' lang='lat' dir='ltr'><strong>non</strong></span> <span class='ocrx_word' id='word_1_811' title='bbox 611 5117 698 5163; x_wconf 84' lang='lat' dir='ltr'><strong>est</strong></span> <span class='ocrx_word' id='word_1_812' title='bbox 722 5113 1073 5177; x_wconf 87' lang='lat' dir='ltr'><strong>peccatorum</strong></span> <span class='ocrx_word' id='word_1_813' title='bbox 1097 5103 1438 5172; x_wconf 79' lang='lat' dir='ltr'><strong>pmnitentia.</strong></span> <span class='ocrx_word' id='word_1_814' title='bbox 1473 5099 1593 5156; x_wconf 88' lang='lat' dir='ltr'><strong>Vita</strong></span> <span class='ocrx_word' id='word_1_815' title='bbox 1629 5101 1744 5155; x_wconf 79' lang='lat' dir='ltr'><strong>haec</strong></span> <span class='ocrx_word' id='word_1_816' title='bbox 1785 5101 2049 5156; x_wconf 82' lang='lat' dir='ltr'><strong>certami-</strong></span> 
     </span>
    </p>
   </div>
   <div class='ocr_carea' id='block_1_101' title="bbox 473 5192 2054 5268">
    <p class='ocr_par' dir='ltr' id='par_1_101' title="bbox 473 5192 2054 5268">
     <span class='ocr_line' id='line_1_101' title="bbox 473 5192 2054 5268; baseline -0.006 -14"><span class='ocrx_word' id='word_1_817' title='bbox 473 5199 635 5255; x_wconf 81' lang='lat' dir='ltr'><strong>nibus</strong></span> <span class='ocrx_word' id='word_1_818' title='bbox 666 5197 842 5268; x_wconf 84' lang='lat' dir='ltr'><strong>posita</strong></span> <span class='ocrx_word' id='word_1_819' title='bbox 879 5205 962 5252; x_wconf 89' lang='lat' dir='ltr'><strong>est</strong></span> <span class='ocrx_word' id='word_1_820' title='bbox 994 5212 1008 5248; x_wconf 91' lang='lat'><strong>:</strong></span> <span class='ocrx_word' id='word_1_821' title='bbox 1053 5193 1250 5262; x_wconf 53' lang='lat' dir='ltr'><strong>futura.</strong></span> <span class='ocrx_word' id='word_1_822' title='bbox 1273 5193 1382 5261; x_wconf 87' lang='lat' dir='ltr'><strong>illa,</strong></span> <span class='ocrx_word' id='word_1_823' title='bbox 1412 5192 1559 5262; x_wconf 87' lang='lat' dir='ltr'><strong>justo</strong></span> <span class='ocrx_word' id='word_1_824' title='bbox 1586 5193 1789 5264; x_wconf 80' lang='lat' dir='ltr'><strong>judicio</strong></span> <span class='ocrx_word' id='word_1_825' title='bbox 1825 5209 1840 5246; x_wconf 86' lang='lat'><strong>:</strong></span> <span class='ocrx_word' id='word_1_826' title='bbox 1869 5206 2054 5262; x_wconf 84' lang='lat' dir='ltr'><strong>quant-</strong></span> 
     </span>
    </p>
   </div>
   <div class='ocr_carea' id='block_1_102' title="bbox 473 5274 2053 5360">
    <p class='ocr_par' dir='ltr' id='par_1_102' title="bbox 473 5274 2053 5360">
     <span class='ocr_line' id='line_1_102' title="bbox 473 5274 2053 5360; baseline -0.006 -10"><span class='ocrx_word' id='word_1_827' title='bbox 473 5292 698 5357; x_wconf 87' lang='lat' dir='ltr'><strong>obrem,</strong></span> <span class='ocrx_word' id='word_1_828' title='bbox 750 5309 772 5343; x_wconf 78' lang='grc' dir='ltr'><strong>ι</strong></span> <span class='ocrx_word' id='word_1_829' title='bbox 808 5274 1021 5346; x_wconf 81' lang='lat' dir='ltr'><strong>salvum</strong></span> <span class='ocrx_word' id='word_1_830' title='bbox 1088 5303 1178 5344; x_wconf 87' lang='lat' dir='ltr'><strong>me</strong></span> <span class='ocrx_word' id='word_1_831' title='bbox 1226 5286 1315 5344; x_wconf 79' lang='lat' dir='ltr'><strong>fac</strong></span> <span class='ocrx_word' id='word_1_832' title='bbox 1355 5295 1577 5360; x_wconf 87' lang='lat' dir='ltr'><strong>propter</strong></span> <span class='ocrx_word' id='word_1_833' title='bbox 1621 5285 2053 5343; x_wconf 85' lang='lat' dir='ltr'><strong>misericordiam</strong></span> 
     </span>
    </p>
   </div>
   <div class='ocr_carea' id='block_1_103' title="bbox 1928 5350 3745 5431">
    <p class='ocr_par' dir='ltr' id='par_1_103' title="bbox 1928 5350 3745 5431">
     <span class='ocr_line' id='line_1_103' title="bbox 1928 5350 3745 5431; baseline -0.011 -5"><span class='ocrx_word' id='word_1_834' title='bbox 1928 5411 1944 5425; x_wconf 92' lang='lat'><strong>.</strong></span> <span class='ocrx_word' id='word_1_835' title='bbox 1971 5386 2052 5431; x_wconf 79' lang='grc' dir='ltr'>ιιι,</span> <span class='ocrx_word' id='word_1_836' title='bbox 2081 5369 2136 5424; x_wconf 74' lang='grc'><strong>4.</strong></span> <span class='ocrx_word' id='word_1_837' title='bbox 2209 5369 2232 5400; x_wconf 87' lang='grc'><strong>⁸</strong></span> <span class='ocrx_word' id='word_1_838' title='bbox 2267 5365 2453 5422; x_wconf 80' lang='lat' dir='ltr'><strong>Matth.</strong></span> <span class='ocrx_word' id='word_1_839' title='bbox 2493 5379 2640 5425; x_wconf 79' lang='lat' dir='ltr'><strong>xxvi,</strong></span> <span class='ocrx_word' id='word_1_840' title='bbox 2669 5360 2756 5416; x_wconf 88' lang='lat'><strong>70.</strong></span> <span class='ocrx_word' id='word_1_841' title='bbox 2828 5369 2849 5400; x_wconf 73' lang='grc'>⁸</span> <span class='ocrx_word' id='word_1_842' title='bbox 2886 5361 2928 5415; x_wconf 89' lang='lat' dir='ltr'><strong>ll</strong></span> <span class='ocrx_word' id='word_1_843' title='bbox 2964 5360 3090 5414; x_wconf 84' lang='lat' dir='ltr'><strong>Cor.</strong></span> <span class='ocrx_word' id='word_1_844' title='bbox 3129 5374 3223 5424; x_wconf 81' lang='lat' dir='ltr'><strong>xu,</strong></span> <span class='ocrx_word' id='word_1_845' title='bbox 3249 5356 3308 5411; x_wconf 76' lang='lat'><strong>2.</strong></span> <span class='ocrx_word' id='word_1_846' title='bbox 3353 5354 3404 5431; x_wconf 84' lang='lat'><strong>_&#39;</strong></span> <span class='ocrx_word' id='word_1_847' title='bbox 3445 5350 3595 5431; x_wconf 66' lang='lat' dir='ltr'><strong>V_i_d§_</strong></span> <span class='ocrx_word' id='word_1_848' title='bbox 3623 5363 3745 5431; x_wconf 76' lang='lat' dir='ltr'><strong>not.</strong></span> 
     </span>
    </p>
   </div>
   <div class='ocr_carea' id='block_1_104' title="bbox 535 5373 1921 5453">
    <p class='ocr_par' dir='ltr' id='par_1_104' title="bbox 535 5373 1921 5453">
     <span class='ocr_line' id='line_1_104' title="bbox 535 5373 1921 5453; baseline -0.014 -7"><span class='ocrx_word' id='word_1_849' title='bbox 535 5391 556 5421; x_wconf 83' lang='grc'>¹</span> <span class='ocrx_word' id='word_1_850' title='bbox 587 5385 752 5444; x_wconf 83' lang='lat' dir='ltr'><strong>Num.</strong></span> <span class='ocrx_word' id='word_1_851' title='bbox 785 5405 877 5453; x_wconf 81' lang='lat' dir='ltr'><strong>xx,</strong></span> <span class='ocrx_word' id='word_1_852' title='bbox 909 5385 998 5441; x_wconf 74' lang='grc'><strong>12.</strong></span> <span class='ocrx_word' id='word_1_853' title='bbox 1075 5384 1096 5416; x_wconf 88' lang='grc'>³</span> <span class='ocrx_word' id='word_1_854' title='bbox 1124 5381 1303 5453; x_wconf 76' lang='lat' dir='ltr'><strong>Exod.</strong></span> <span class='ocrx_word' id='word_1_855' title='bbox 1337 5375 1601 5453; x_wconf 59' lang='lat' dir='ltr'><strong>xum}.</strong></span> <span class='ocrx_word' id='word_1_856' title='bbox 1645 5375 1773 5453; x_wconf 36' lang='grc' dir='ltr'>-.δ-μ</span> <span class='ocrx_word' id='word_1_857' title='bbox 1809 5373 1921 5453; x_wconf 64' lang='lat' dir='ltr'><strong>lies</strong></span> 
     </span>
    </p>
   </div>
   <div class='ocr_carea' id='block_1_105' title="bbox 2152 5067 3741 5158">
    <p class='ocr_par' dir='ltr' id='par_1_105' title="bbox 2152 5067 3741 5158">
     <span class='ocr_line' id='line_1_105' title="bbox 2152 5067 3741 5158; baseline -0.02 -5"><span class='ocrx_word' id='word_1_858' title='bbox 2152 5067 2328 5154; x_wconf 68' lang='grc' dir='ltr'>Ὅπου</span> <span class='ocrx_word' id='word_1_859' title='bbox 2351 5067 2490 5148; x_wconf 76' lang='grc' dir='ltr'>Θεοῦ</span> <span class='ocrx_word' id='word_1_860' title='bbox 2517 5089 2909 5158; x_wconf 78' lang='grc' dir='ltr'>συγκλεισμὸς,</span> <span class='ocrx_word' id='word_1_861' title='bbox 2958 5083 3234 5155; x_wconf 86' lang='grc' dir='ltr'>ἁμαρτίας</span> <span class='ocrx_word' id='word_1_862' title='bbox 3263 5081 3365 5133; x_wconf 82' lang='grc' dir='ltr'>οὐκ</span> <span class='ocrx_word' id='word_1_863' title='bbox 3399 5076 3516 5129; x_wconf 77' lang='grc' dir='ltr'>ἐστι</span> <span class='ocrx_word' id='word_1_864' title='bbox 3567 5067 3741 5142; x_wconf 79' lang='grc' dir='ltr'>μετά.-</span> 
     </span>
    </p>
   </div>
   <div class='ocr_carea' id='block_1_106' title="bbox 2152 5165 3742 5253">
    <p class='ocr_par' dir='ltr' id='par_1_106' title="bbox 2152 5165 3742 5253">
     <span class='ocr_line' id='line_1_106' title="bbox 2152 5165 3742 5253; baseline -0.023 -9"><span class='ocrx_word' id='word_1_865' title='bbox 2152 5207 2292 5244; x_wconf 87' lang='grc' dir='ltr'>νοια.</span> <span class='ocrx_word' id='word_1_866' title='bbox 2318 5181 2489 5250; x_wconf 72' lang='grc' dir='ltr'>Οὗτος</span> <span class='ocrx_word' id='word_1_867' title='bbox 2514 5186 2542 5236; x_wconf 88' lang='lat'><strong>6</strong></span> <span class='ocrx_word' id='word_1_868' title='bbox 2566 5184 2681 5253; x_wconf 82' lang='grc' dir='ltr'>βίος</span> <span class='ocrx_word' id='word_1_869' title='bbox 2739 5180 2844 5234; x_wconf 81' lang='grc' dir='ltr'>τῶν</span> <span class='ocrx_word' id='word_1_870' title='bbox 2864 5177 3094 5244; x_wconf 85' lang='grc' dir='ltr'>ἀγώνων</span> <span class='ocrx_word' id='word_1_871' title='bbox 3121 5191 3134 5204; x_wconf 89' lang='grc'>·</span> <span class='ocrx_word' id='word_1_872' title='bbox 3166 5172 3399 5232; x_wconf 76' lang='grc' dir='ltr'>ἐκεῖνος,</span> <span class='ocrx_word' id='word_1_873' title='bbox 3429 5165 3742 5228; x_wconf 81' lang='grc' dir='ltr'>δικαιοκρι-</span> 
     </span>
    </p>
   </div>
   <div class='ocr_carea' id='block_1_107' title="bbox 2154 5248 3740 5347">
    <p class='ocr_par' dir='ltr' id='par_1_107' title="bbox 2154 5248 3740 5347">
     <span class='ocr_line' id='line_1_107' title="bbox 2154 5248 3740 5347; baseline -0.024 -10"><span class='ocrx_word' id='word_1_874' title='bbox 2154 5283 2317 5347; x_wconf 88' lang='grc' dir='ltr'>σίας·</span> <span class='ocrx_word' id='word_1_875' title='bbox 2359 5301 2377 5334; x_wconf 86' lang='grc'><em>‹</em></span> <span class='ocrx_word' id='word_1_876' title='bbox 2424 5248 2608 5334; x_wconf 70' lang='grc' dir='ltr'>Σώσδν</span> <span class='ocrx_word' id='word_1_877' title='bbox 2647 5293 2714 5346; x_wconf 87' lang='grc' dir='ltr'><strong>με</strong></span> <span class='ocrx_word' id='word_1_878' title='bbox 2761 5274 2952 5328; x_wconf 70' lang='grc' dir='ltr'>ἕνεκεν</span> <span class='ocrx_word' id='word_1_879' title='bbox 2983 5268 3078 5324; x_wconf 80' lang='grc' dir='ltr'>τοῦ</span> <span class='ocrx_word' id='word_1_880' title='bbox 3133 5265 3321 5328; x_wconf 79' lang='grc' dir='ltr'>ἐλέους</span> <span class='ocrx_word' id='word_1_881' title='bbox 3375 5275 3492 5313; x_wconf 86' lang='grc' dir='ltr'>σου.</span> <span class='ocrx_word' id='word_1_882' title='bbox 3535 5253 3626 5306; x_wconf 85' lang='grc' dir='ltr'>Ἐν</span> <span class='ocrx_word' id='word_1_883' title='bbox 3679 5248 3740 5300; x_wconf 67' lang='grc' dir='ltr'>δὲ</span> 
     </span>
    </p>
   </div>
   <div class='ocr_carea' id='block_1_108' title="bbox 459 5421 2010 5519">
    <p class='ocr_par' dir='ltr' id='par_1_108' title="bbox 459 5421 2010 5519">
     <span class='ocr_line' id='line_1_108' title="bbox 459 5421 2010 5519; baseline -0.016 -1"><span class='ocrx_word' id='word_1_884' title='bbox 459 5470 518 5518; x_wconf 80' lang='lat' dir='ltr'><strong>li.</strong></span> <span class='ocrx_word' id='word_1_885' title='bbox 554 5459 643 5512; x_wconf 72' lang='grc'><strong>15.</strong></span> <span class='ocrx_word' id='word_1_886' title='bbox 676 5455 697 5485; x_wconf 80' lang='grc'><strong>³</strong></span> <span class='ocrx_word' id='word_1_887' title='bbox 734 5421 1100 5519; x_wconf 57' lang='lat' dir='ltr'><strong>L33.’€n.5o.</strong></span> <span class='ocrx_word' id='word_1_888' title='bbox 1157 5456 1178 5485; x_wconf 83' lang='lat'><strong>&#39;</strong></span> <span class='ocrx_word' id='word_1_889' title='bbox 1207 5452 1312 5507; x_wconf 87' lang='lat' dir='ltr'><strong>lsa.</strong></span> <span class='ocrx_word' id='word_1_890' title='bbox 1347 5421 1579 5509; x_wconf 52' lang='lat' dir='ltr'><strong>LXIV,’6.</strong></span> <span class='ocrx_word' id='word_1_891' title='bbox 1643 5445 1685 5478; x_wconf 85' lang='grc'><strong>¹⁰</strong></span> <span class='ocrx_word' id='word_1_892' title='bbox 1711 5421 2010 5519; x_wconf 41' lang='grc' dir='ltr'>Ρειιι-ηῗνιηξ</span> 
     </span>
    </p>
   </div>
   <div class='ocr_carea' id='block_1_109' title="bbox 2111 5421 3748 5519">
    <p class='ocr_par' dir='ltr' id='par_1_109' title="bbox 2115 5421 3748 5519">
     <span class='ocr_line' id='line_1_109' title="bbox 2115 5421 3748 5519; baseline -0.011 -26"><span class='ocrx_word' id='word_1_893' title='bbox 2115 5421 2249 5497; x_wconf 63' lang='lat' dir='ltr'><strong>nixu.</strong></span> <span class='ocrx_word' id='word_1_894' title='bbox 2283 5437 2407 5519; x_wconf 72' lang='lat'><strong>6._‘_‘</strong></span> <span class='ocrx_word' id='word_1_895' title='bbox 2440 5435 2598 5519; x_wconf 41' lang='lat' dir='ltr'><strong>Ps‘al:</strong></span> <span class='ocrx_word' id='word_1_896' title='bbox 2621 5421 2900 5519; x_wconf 29' lang='lat' dir='ltr'><strong>cummi.</strong></span> <span class='ocrx_word' id='word_1_897' title='bbox 2941 5432 2979 5462; x_wconf 81' lang='lat'>&quot;</span> <span class='ocrx_word' id='word_1_898' title='bbox 3014 5431 3156 5486; x_wconf 84' lang='lat' dir='ltr'><strong>Psal.</strong></span> <span class='ocrx_word' id='word_1_899' title='bbox 3201 5421 3314 5494; x_wconf 64' lang='lat' dir='ltr'><strong>ivx,</strong></span> <span class='ocrx_word' id='word_1_900' title='bbox 3353 5425 3411 5483; x_wconf 85' lang='lat'><strong>7.</strong></span> <span class='ocrx_word' id='word_1_901' title='bbox 3477 5421 3520 5457; x_wconf 82' lang='grc'><strong>⁸³</strong></span> <span class='ocrx_word' id='word_1_902' title='bbox 3547 5421 3748 5477; x_wconf 75' lang='lat' dir='ltr'><strong>Matth.</strong></span> 
     </span>
    </p>
   </div>
   <div class='ocr_carea' id='block_1_110' title="bbox 461 5503 2010 5593">
    <p class='ocr_par' dir='ltr' id='par_1_110' title="bbox 461 5503 2010 5593">
     <span class='ocr_line' id='line_1_110' title="bbox 461 5503 2010 5593; baseline -0.015 -6"><span class='ocrx_word' id='word_1_903' title='bbox 461 5503 866 5592; x_wconf 40' lang='lat' dir='ltr'><strong>:i-tii&#39;ﬁir‘.“</strong></span> <span class='ocrx_word' id='word_1_904' title='bbox 895 5503 1161 5593; x_wconf 55' lang='lat' dir='ltr'><strong>L&#39;uhf&#39;iv,</strong></span> <span class='ocrx_word' id='word_1_905' title='bbox 1341 5521 1384 5553; x_wconf 84' lang='grc'>¹⁸</span> <span class='ocrx_word' id='word_1_906' title='bbox 1449 5503 1582 5573; x_wconf 72' lang='lat' dir='ltr'><strong>Luc.</strong></span> <span class='ocrx_word' id='word_1_907' title='bbox 1625 5532 1783 5579; x_wconf 75' lang='lat' dir='ltr'><strong>um,</strong></span> <span class='ocrx_word' id='word_1_908' title='bbox 1815 5515 1905 5569; x_wconf 67' lang='lat'><strong>42.</strong></span> <span class='ocrx_word' id='word_1_909' title='bbox 1957 5503 2010 5544; x_wconf 69' lang='grc'><strong>’⁸⁸</strong></span> 
     </span>
    </p>
   </div>
   <div class='ocr_carea' id='block_1_111' title="bbox 2111 5503 2910 5593">
    <p class='ocr_par' dir='ltr' id='par_1_111' title="bbox 2111 5503 2910 5570">
     <span class='ocr_line' id='line_1_111' title="bbox 2111 5503 2910 5570; baseline -0.009 -7"><span class='ocrx_word' id='word_1_910' title='bbox 2111 5527 2180 5564; x_wconf 84' lang='grc' dir='ltr'><strong>ι(·.</strong></span> <span class='ocrx_word' id='word_1_911' title='bbox 2219 5525 2316 5570; x_wconf 81' lang='lat' dir='ltr'><strong>vn,</strong></span> <span class='ocrx_word' id='word_1_912' title='bbox 2341 5508 2429 5563; x_wconf 76' lang='lat'><strong>57.</strong></span> <span class='ocrx_word' id='word_1_913' title='bbox 2500 5505 2542 5537; x_wconf 80' lang='lat'><strong>&quot;</strong></span> <span class='ocrx_word' id='word_1_914' title='bbox 2573 5503 2678 5560; x_wconf 83' lang='lat' dir='ltr'><strong>Job</strong></span> <span class='ocrx_word' id='word_1_915' title='bbox 2711 5518 2789 5568; x_wconf 85' lang='grc' dir='ltr'>ιιι,</span> <span class='ocrx_word' id='word_1_916' title='bbox 2820 5503 2910 5558; x_wconf 70' lang='grc'><strong>25.</strong></span> 
     </span>
    </p>
   </div>
   <div class='ocr_carea' id='block_1_112' title="bbox 1766 5597 2438 5663">
    <p class='ocr_par' dir='ltr' id='par_1_112' title="bbox 1766 5597 2438 5663">
     <span class='ocr_line' id='line_1_112' title="bbox 1766 5597 2438 5663; baseline -0.016 0"><span class='ocrx_word' id='word_1_917' title='bbox 1766 5604 2004 5663; x_wconf 77' lang='lat' dir='ltr'><strong>VARle</strong></span> <span class='ocrx_word' id='word_1_918' title='bbox 2033 5597 2438 5658; x_wconf 80' lang='lat' dir='ltr'><strong>LECTIONES.</strong></span> 
     </span>
    </p>
   </div>
   <div class='ocr_carea' id='block_1_113' title="bbox 535 5687 1076 5767">
    <p class='ocr_par' dir='ltr' id='par_1_113' title="bbox 535 5687 1076 5767">
     <span class='ocr_line' id='line_1_113' title="bbox 535 5687 1076 5767; baseline -0.004 -20"><span class='ocrx_word' id='word_1_919' title='bbox 535 5703 595 5728; x_wconf 83' lang='lat'><strong>&quot;‘</strong></span> <span class='ocrx_word' id='word_1_920' title='bbox 630 5694 732 5767; x_wconf 64' lang='grc' dir='ltr'><strong>ἵσ.</strong></span> <span class='ocrx_word' id='word_1_921' title='bbox 765 5691 852 5744; x_wconf 76' lang='grc' dir='ltr'>ἐπ’</span> <span class='ocrx_word' id='word_1_922' title='bbox 884 5687 1076 5746; x_wconf 78' lang='grc' dir='ltr'>αὐτοῦ.</span> 
     </span>
    </p>
   </div>
  </div>
