4064 6418
289 349 430 421 H29

282 467 366 542 τῷ
417 469 519 544 ᾄδῃ
572 470 656 534 τίς
699 470 1166 543 ὲξομολογῆτεταί
1207 491 1309 540 σεδ
1350 494 1366 525 ι
1409 475 1550 544 Ὅρα
1593 476 1643 528 τί
1697 494 1828 545 φησι
1859 494 1872 506 ’

293 583 313 616 ι
350 565 446 628 Τίς
476 563 943 637 ἐξομολογήσεται
967 584 1079 632 τοις
1115 587 1128 618 ι
1167 568 1472 632 τουτέττιν,
1525 569 1723 632 οιεδείς.
1776 571 1876 624 Διά

285 657 446 712 τοῦτο
477 658 668 724 καλὸν,
701 659 1004 740 ἀγαπητοὶ,
1043 659 1502 732 προευτρεπίζειν
1527 661 1754 725 ἑαυτοὺς
1776 660 1877 731 τῆς

283 751 466 804 ἐκεῖσε
501 751 838 820 ὁδοιπορίας,
887 753 979 806 ἵνα
1017 752 1092 824 μὴ
1129 754 1276 822 ἡμᾶς
1333 754 1478 807 κατά
1527 754 1628 817 τὰς
1681 752 1877 826 μωρὰς

287 842 598 914 παρθένους
637 845 840 916 ἄπορος
869 845 968 909 νὺξ
1028 845 1335 917 καταλάϐῃ.
1364 845 1586 914 Ταύτην
1635 845 1731 898 καί
1786 862 1877 909 τις

283 936 448 1002 ἄλλος
509 941 674 1006 σοφὸς
737 939 1136 1010 αἰνιττόμενος,
1206 941 1303 993 καὶ
1359 941 1488 1002 τοὺς
1545 940 1878 1010 ἁργοτέρους

282 1030 578 1085 διανιστῶν
610 1048 624 1063 ·
662 1050 680 1084 ι
735 1030 1052 1104 Ἐτοίμαζε,
1083 1035 1241 1106 φησι,
1272 1034 1342 1088 τὰ
1366 1033 1506 1106 ἔργα
1541 1050 1636 1086 σου
1666 1035 1744 1095 εἰς
1778 1031 1877 1101 τὴν

285 1124 492 1192 ἔξοδον,
524 1127 618 1178 καὶ
643 1127 1100 1198 παρασκευάζου.
1149 1127 1332 1197 μένων
1381 1127 1463 1190 είς
1491 1126 1584 1180 τὸν
1624 1125 1816 1196 ἀγρόν,
1853 1134 1872 1176 t

298 1216 497 1288 ’Λγρὸν
547 1217 734 1271 καλῶν
787 1219 880 1272 τὸν
937 1219 1284 1290 ἀνθρώπινον
1323 1219 1442 1290 βίον
1471 1237 1485 1249 ·
1518 1218 1603 1273 ὃτι
1659 1237 1678 1270 ι
1722 1218 1880 1272 Πᾶσα

287 1307 452 1380 σάρξ,
483 1307 559 1372 ὡς
583 1302 802 1380 χόρτος,
838 1311 934 1364 καὶ
963 1313 1116 1365 πᾶσα
1135 1311 1430 1383 ἀνθρώπου
1447 1311 1596 1378 δόξα,
1621 1311 1696 1376 ὼς
1720 1311 1882 1374 ἄνθος

282 1387 542 1474 χόρτου.»
565 1435 630 1446 —
650 1423 669 1456 ι
690 1405 982 1474 Ἐτοίμαζε
1013 1407 1096 1470 εἰς
1124 1406 1226 1477 τὴν
1255 1405 1434 1472 ἔξοδον
1461 1406 1530 1460 τά
1555 1407 1690 1478 ἔργα
1725 1422 1874 1459 σου.)

286 1495 424 1550 Ὀτι
465 1514 484 1544 ο
525 1495 820 1568 ἄνθρωπος
853 1497 987 1550 ὡσεὶ
1037 1497 1231 1570 χόρτος
1269 1499 1325 1551 αἱ
1379 1498 1585 1570 ἡμέραι
1632 1495 1821 1553 αὑτοῦ.
1856 1513 1877 1550 ι

285 1589 401 1643 Καὶ
433 1589 864 1659 παρασκευάζου
899 1591 957 1644 ἐν
1011 1590 1090 1661 τῷ
1130 1589 1287 1662 ἀγρῷ
1316 1607 1330 1622 ·
1361 1593 1444 1645 ὅτι
1492 1610 1511 1643 ι
1548 1591 1682 1644 ὡσεὶ
1719 1589 1884 1654 ἄνθος

284 1679 389 1732 τοῦ
416 1679 592 1750 ἀγροῦ
626 1677 799 1742 οὕτως
831 1677 1147 1751 ἐξανθήσει,
1183 1699 1200 1730 ι
1233 1679 1328 1733 καὶ
1359 1679 1694 1751 ἀπανθήτει.
1719 1699 1738 1731 ι
1773 1679 1886 1732 Καὶ

284 1770 634 1841 κλιθὴσεται,
666 1772 761 1824 καὶ
815 1769 1242 1844 ξηρανθήσεται.
1287 1790 1308 1824 ι
1343 1803 1410 1813 -
1447 1791 1466 1825 ι
1505 1774 1616 1826 Καὶ
1645 1772 1750 1825 ὑπὸ
1783 1770 1884 1843 τὴν

1460 363 1744 424 ORATIO
1779 365 1856 425 ΙΝ
1894 367 2258 428 PSAHiUM
2300 365 2376 429 Vl
2476 319 2480 324 ψ

3417 349 3558 431 tis-5)

1910 487 1950 540 Α
1983 491 2151 534 tuam.
2193 483 2249 535 In
2297 481 2510 536 inferno
2569 489 2748 533 autem
2808 480 2928 548 quis
2969 481 3318 537 confitebitur
3361 483 3496 538 tibi?
3536 501 3553 534 ι

1983 571 2114 628 Vide
2145 573 2274 642 quiti
2315 574 2498 629 dicat:
2536 593 2556 626 ι
2597 575 2733 642 Quis
2797 572 3146 630 conﬁtebitur
3191 573 3327 628 tibi?
3373 593 3391 625 ι
3446 575 3562 628 Hoc

1979 673 2080 728 est,
2115 663 2316 718 nullus.
2361 665 2654 734 Quocirca,
2690 664 3055 732 dilectissimi,
3091 673 3313 734 praestat
3355 673 3412 720 ut
3465 681 3564 718 nos

1981 753 2125 825 ipsos
2155 757 2222 810 ad
2259 756 2388 810 illud
2457 757 2561 811 iter
2611 772 2999 826 praeparemus,
3035 764 3094 809 ut
3145 770 3216 809 ue
3251 769 3376 817 nos,
3416 755 3560 808 haud

1979 853 2140 896 secus
2169 857 2234 898 ac
2263 842 2438 898 fatuas
2456 845 2696 914 virgines
2725 844 2790 911 ιε,
2817 859 2921 898 nox
2952 845 3254 912 improvida
3301 845 3566 912 inopsque

1980 937 2368 1004 apprehendat.
2399 937 2529 992 Eam
2576 937 2701 1007 quis
2731 938 2870 994 alius
2929 951 3146 1006 quoque
3173 935 3392 1007 sapiens
3433 937 3565 990 ohs-

1981 1043 2115 1083 cure
2161 1029 2496 1100 signiﬁcans,
2531 1045 2596 1086 ac
2654 1019 2956 1086 desidiores
3015 1028 3306 1083 excitans:
3357 1047 3376 1080 ι
3420 1027 3567 1082 Prm-

1981 1136 2136 1190 para,
2165 1122 2362 1193 inquit,
2388 1110 2553 1194 opera
2589 1131 2678 1178 tua
2710 1123 2777 1176 ad
2804 1136 3120 1192 egressum;
3161 1135 3225 1175 ac
3257 1136 3568 1191 praeparare

1983 1214 2076 1285 qui
2112 1215 2165 1269 iu
2198 1230 2331 1283 agro
2351 1231 2538 1271 manes
2561 1217 2626 1269 ".
2671 1233 2689 1268 ι
2726 1203 3021 1277 Nimirum,
3059 1227 3250 1282 agrum
3287 1211 3566 1283 appellans

1985 1307 2280 1362 humanam
2310 1307 2476 1362 vitam
2503 1325 2517 1363 :
2551 1307 2677 1377 quia
2715 1326 2734 1361 ι
2776 1307 2968 1362 Omnis
3001 1321 3135 1360 caro
3162 1305 3306 1359 sicut
3337 1304 3520 1359 fenum
3547 1323 3562 1368 ;

1985 1410 2038 1454 ct
2065 1401 2243 1456 omnis
2265 1399 2436 1470 gloria
2463 1400 2726 1465 hominis,
2746 1399 2887 1455 sicut
2909 1398 3008 1452 ﬂos
3028 1397 3137 1452 l'eni
3155 1397 3224 1450 '°.
3255 1415 3274 1448 ι
3294 1425 3363 1438 -
3380 1416 3398 1449 ι
3432 1396 3570 1451 Pravo

1987 1508 2116 1563 para
2150 1493 2218 1548 ad
2245 1507 2521 1562 egressum
2574 1504 2738 1562 opera
2775 1502 2901 1558 tua;
2949 1509 2968 1542 ›
2997 1490 3123 1560 quia
3158 1507 3176 1541 ι
3217 1485 3379 1543 homo
3425 1489 3569 1544 sicut

1988 1586 2170 1642 fenum
2215 1585 2335 1641 dies
2374 1577 2532 1656 ejus,
2581 1591 2838 1655 tan’quant
2883 1579 2984 1640 tios
3037 1585 3153 1655 agri
3213 1585 3293 1638 sic
3355 1582 3569 1638 emerc-

1985 1680 2067 1736 bit
2097 1681 2164 1745 ¹¹,
2201 1699 2220 1734 ι
2259 1689 2315 1736 et
2342 1677 2653 1745 deﬂorcbit,
2691 1698 2710 1731 ι
2747 1707 2817 1718 --
2851 1697 2870 1730 ι
2909 1689 2964 1734 et
2988 1677 3319 1743 declinabit,
3351 1688 3404 1733 ct
3437 1693 3572 1732 esu-

1989 1783 2168 1828 rescct
2187 1775 2230 1806 ’²
2257 1789 2270 1826 :
2307 1791 2326 1825 ι
2351 1791 2447 1824 -ι
2474 1770 2694 1840 Subque
2725 1786 2856 1827 voce
2881 1769 3118 1840 passeris
3142 1787 3162 1822 ι
3196 1769 3375 1824 omnis
3404 1767 3571 1825 herba

287 1862 480 1934 φωνὴν
501 1861 594 1916 τοῦ
629 1862 938 1934 στρουθίου,
963 1881 981 1915 ι
1007 1866 1159 1918 πᾶσα
1186 1863 1385 1935 βοτάνη
1421 1883 1439 1916 ι
1463 1865 1823 1935 ἀναϐήσεταν
1857 1883 1876 1918 ι

1993 1885 2014 1920 ι
2050 1875 2298 1936 assurget
2328 1866 2428 1919 η.)
2461 1863 2576 1920 Hoc
2611 1876 2696 1920 est
2731 1882 2783 1918 ιι
2823 1863 2878 1918 in
2913 1877 3046 1918 voce
3079 1859 3416 1930 archangeli,
3437 1871 3490 1916 et
3520 1861 3572 1914 iu

283 1955 576 2011 τουτέστιν
598 1971 615 1988 ο
659 1973 679 2008 ι
719 1957 809 2011 Ἐν
845 1959 999 2028 φωνῇ
1042 1957 1421 2028 ἀρχαγγέλου,
1464 1958 1558 2010 καὶ
1582 1959 1638 2010 ἐν
1674 1955 1880 2029 ἐσχάτῃ

288 2045 559 2113 σάλπιγγι
603 2065 622 2096 ι
671 2046 823 2099 πᾶσα
884 2045 1022 2118 σάρξ
1082 2049 1147 2100 ἐκ
1203 2048 1414 2118 νεκρῶν
1485 2047 1876 2118 ἀναστήσεται.

285 2135 573 2207 Σύμφωνα
624 2137 842 2201 τούτοις
870 2137 899 2190 ὁ
946 2138 1112 2203 αὐτὸς
1175 2139 1340 2194 πάλιν
1400 2139 1567 2211 φησίν
1598 2155 1612 2169 ο
1657 2159 1675 2191 ι
1714 2137 1881 2192 Ύπο-

288 2231 616 2301 μιμνήσκου
655 2231 724 2284 τὰ
771 2229 980 2300 ἕσχατά
1013 2249 1131 2297 σου,
1172 2233 1270 2286 καὶ
1319 2234 1402 2296 εἰς
1433 2233 1526 2285 τὸν
1577 2232 1750 2286 αἰῶνα
1783 2231 1882 2302 οὐχ

285 2321 662 2392 ἁμαρτήσεις.
707 2341 724 2374 ι
758 2322 980 2376 Τούτων
1015 2323 1126 2376 τῶν
1173 2324 1422 2392 ἐσχάτων
1460 2321 1882 2394 ὑπομιμνησκό-

295 2428 458 2481 μενος
491 2413 588 2466 κα¹ι
618 2415 647 2466 ὁ
680 2413 998 2486 Προφήτης,
1037 2413 1126 2466 ἀεὶ
1161 2413 1430 2484 διηνεκῶς
1480 2415 1540 2468 ὲν
1580 2410 1880 2478 κατανύξει

296 2503 537 2578 ἐπένθει,
561 2505 658 2558 καὶ
683 2507 746 2558 ἐν
773 2505 1044 2577 κλαυθμῷ
1082 2505 1485 2576 διενυκτέρευε.

368 2594 463 2648 Διδ
500 2597 594 2650 καὶ
639 2596 840 2664 ἐπάγει
873 2613 890 2630 ο
936 2615 955 2649 ι
1006 2597 1310 2652 Ἐκοπίασα
1354 2598 1412 2649 ἐν
1461 2593 1541 2666 τῷ
1591 2591 1886 2664 στεναγμῷ

291 2703 403 2756 μου
429 2703 446 2720 ο
481 2681 660 2743 λούσῖυ
688 2691 813 2744 καθ’
863 2691 1109 2762 ἑκάστην
1151 2690 1326 2745 νύκτα
1373 2691 1471 2762 τὴν
1512 2689 1704 2760 κλίνην
1730 2705 1836 2758 μου
1866 2700 1881 2717 °

285 2777 350 2830 ἐν
372 2777 610 2850 δάκρυσί
631 2798 736 2850 μου
763 2780 863 2852 τὴν
905 2783 1201 2854 στρωμνήν
1253 2800 1358 2854 μου
1408 2781 1607 2853 βρέξω.
1653 2799 1672 2834 ι
1726 2781 1884 2854 ᾜδει

284 2869 400 2942 γὰρ
437 2872 709 2943 ἀκριϐῶς,
753 2874 836 2927 ὅτι
873 2891 893 2926 ι
931 2876 981 2928 oi
1027 2875 1352 2946 σπείροντες
1384 2875 1442 2927 ἐν
1473 2875 1766 2945 δάκρυσιν,
1822 2871 1885 2926 ἐν

292 2961 620 3031 ὶγαλλιάσει
645 2963 890 3035 θεριοῦσι
921 2980 936 2996 ⁸
980 2983 999 3016 ι
1033 2966 1130 3019 καὶ
1146 2966 1232 3019 ὅτι
1279 2983 1298 3016 ι
1338 2965 1390 3018 οἱ
1424 2964 1563 3036 μετά
1589 2961 1879 3029 κλαυθμοῦ

285 3053 584 3126 βάλλοντες
625 3057 697 3114 τὰ
755 3057 1053 3129 σπέρματα
1109 3057 1312 3126 αὐτῶν,
1359 3058 1588 3130 ἥξουσιν
1617 3078 1636 3111 ι
1696 3059 1756 3111 ἐν
1807 3058 1878 3129 τῇ

282 3149 614 3216 ἀναστάσει,
653 3169 672 3201 ι
739 3149 990 3220 αἴροντες
1035 3151 1106 3205 τὰ
1153 3151 1451 3222 δράγματα
1500 3151 1685 3206 αὐτῶν
1741 3151 1886 3223 μετά

284 3244 489 3315 χαρᾶς.
525 3261 545 3294 ι
584 3242 784 3306 Καλῶς
814 3237 960 3307 εἷπε,
997 3247 1237 3298 Λούσω.
1269 3246 1481 3316 Ὥσπερ
1531 3245 1642 3316 γὰρ
1669 3245 1756 3298 διά
1787 3243 1882 3298 τοῦ

284 3337 350 3388 ἐν
377 3333 457 3405 τῷ
480 3333 826 3405 βαπτίσματι
853 3334 1048 3398 ὕδατος
1076 3335 1532 3406 ἀναγεννώμεθα,
1594 3335 1739 3389 οὕτω
1793 3335 1882 3390 διὰ

283 3425 546 3500 δακρύων
587 3426 681 3480 καὶ
719 3424 1074 3491 κατανύξεως
1129 3425 1628 3496 ἀναϐαπτιζόμενοι
1685 3426 1882 3480 καθαι-

287 3520 528 3594 ρόμεθα.
552 3520 722 3590 Πλὴν,
752 3517 878 3572 οὔτε
913 3520 976 3572 τὸ
1012 3516 1304 3590 βάπτισμα
1329 3560 1344 3585 ,
1384 3518 1510 3572 οὔτε
1536 3521 1570 3589 ἡ
1621 3517 1732 3571 τῶν
1789 3517 1885 3570 δα-

287 3612 480 3684 κρύων
509 3612 824 3676 κατάνυξις,
860 3611 989 3665 ἄνευ
1017 3611 1114 3665 τοῦ
1146 3611 1309 3680 ἁγίου
1364 3611 1570 3665 δίδοται
1625 3609 1886 3680 Πνεύμα-

281 3720 404 3766 τος.
439 3704 551 3756 Καὶ
585 3704 662 3774 μὴ
707 3703 1038 3774 θαυμάσῃς·
1098 3703 1198 3774 τὴν
1229 3703 1392 3774 χάριν
1421 3703 1532 3772 γὰρ
1576 3702 1644 3774 ἢν
1693 3703 1750 3755 ἐν
1806 3701 1884 3771 τῷ

285 3795 637 3868 βαπτίσματι
665 3797 853 3866 νήπιοι
887 3794 1285 3866 βαπτιζόμενοι
1326 3794 1702 3864 λαμϐάνομεν,
1748 3793 1885 3846 ταύ-

202 3880 212 3896 ’
280 3905 392 3957 την
427 3886 762 3952 ἀπολλύντες
779 3887 870 3942 διά
894 3887 1173 3960 ῥᾳθυμίας
1205 3889 1302 3941 κα)⁵
1345 3887 1609 3956 ἀμελείας
1634 3887 1735 3955 τῆς
1775 3885 1886 3938 τῶν

281 3979 482 4036 κακῶν
513 3989 544 4018 η
599 3980 894 4050 ἐργασίας,
957 3980 1048 4034 διὰ
1101 3981 1419 4052 μετανοίας,
1472 3981 1570 4034 καὶ
1620 3982 1721 4050 τῆς
1775 3980 1885 4033 τῶν

279 4072 545 4144 δακρύων
575 4072 765 4143 πηγῆς
805 4073 1300 4143 ἀπολαμϐάνομεν.

366 4187 388 4221 ι
438 4167 748 4241 Ἐταράχθη
802 4169 914 4223 ἀπὸ
959 4169 1134 4240 θυμοῦ
1166 4173 1193 4224 ὁ
1224 4170 1511 4240 ὀφθαλμός
1557 4189 1660 4242 μου
1690 4188 1704 4202 ο
1747 4172 1886 4224 ἐπα-

277 4257 534 4330 λαιώθην
570 4261 628 4312 ἐν
663 4262 802 4312 πᾶσι
832 4262 942 4322 τοῖς
973 4258 1194 4330 ἐχθροῖς
1226 4277 1352 4330 μου.
1384 4277 1402 4312 ι
1437 4260 1724 4326 Τουτέστι,
1752 4261 1886 4314 Συν-

278 4350 528 4423 ηύξησα,
577 4353 931 4422 συνεγήρασα
956 4353 1163 4415 πάσαις
1199 4355 1320 4416 ταῖς
1355 4353 1676 4425 ἁμαρτίαις.
1713 4354 1886 4408 Τοῦτο

278 4441 403 4512 γὰρ
433 4440 588 4512 δηλοί
625 4441 704 4514 τῷ
742 4445 922 4495 εἰπεῖν
944 4459 958 4473 ο
998 4462 1018 4495 ι
1071 4443 1456 4515 Ἐπαλαιώθην
1489 4447 1548 4498 ἐν
1578 4447 1715 4498 πᾶσι
1769 4447 1883 4508 τοῖς

1990 1959 2282 2014 novissima
2317 1959 2441 2013 tuba
2470 1957 2538 2022 “,
2571 1977 2588 2010 ι
2623 1959 2804 2012 omnis
2827 1970 2959 2010 caro
2988 1970 3018 2008 a
3049 1954 3278 2009 mortuis
3305 1965 3573 2024 resurget.

1987 2049 2084 2105 His
2121 2065 2359 2105 consona
2401 2049 2543 2105 idem
2580 2064 2773 2104 rursus
2805 2053 2879 2102 ait
2913 2065 2928 2103 :
2971 2065 2991 2100 ι
3028 2047 3334 2102 Memorare
3385 2047 3574 2100 novis-

1988 2145 2127 2200 sima
2159 2153 2276 2208 tua,
2310 2143 2444 2198 etin
2477 2155 2742 2198 artcrnum
2781 2158 2890 2197 non
2928 2140 3183 2213 peccabis
3208 2141 3276 2207 ”,
3313 2157 3333 2192 ι
3369 2138 3572 2196 Horqu

1985 2237 2402 2293 novissimorum
2435 2239 2600 2292 etiam
2627 2251 2834 2292 memor
2859 2233 3159 2306 Propheta,
3203 2232 3319 2306 jugi
3356 2249 3577 2304 semper

1983 2330 2404 2397 compunctioue
2447 2327 2697 2398 lugebat,
2740 2338 3041 2398 noctesque
3086 2329 3233 2398 ipsas
3278 2327 3331 2382 in
3383 2328 3577 2384 dolore

1983 2437 2045 2477 ac
2067 2421 2194 2478 ﬂetu
2219 2421 2576 2493 transigebat.

2054 2595 2422 2664 Quamobrem
2450 2595 2617 2651 etiam
2645 2595 2831 2653 subdit
2861 2614 2874 2651 :
2906 2613 2926 2648 ι
2975 2594 3245 2650 Lahoravi
3280 2595 3332 2649 in
3369 2595 3574 2663 gemitu

1985 2704 2105 2744 meo
2137 2689 2368 2744 :lavabo
2393 2703 2492 2758 per
2530 2689 2776 2758 singulas
2837 2697 3028 2743 noctes
3075 2687 3272 2742 lectum
3327 2703 3510 2740 meum
3563 2729 3575 2742 .

1984 2782 2242 2852 lacrymis
2267 2782 2404 2838 meis
2421 2791 2662 2837 stratum
2693 2795 2874 2835 meum
2896 2781 3109 2851 rigabo.
3155 2798 3172 2832 ι
3193 2780 3358 2834 Certo
3377 2779 3580 2850 quippe

1983 2873 2218 2938 sciebat,
2263 2871 2381 2929 fore
2412 2882 2470 2928 ut
2539 2891 2558 2925 ι
2595 2873 2688 2944 qui
2753 2875 3030 2929 seminant
3079 2872 3132 2927 in
3195 2871 3475 2944 lacrymis,
3521 2873 3578 2925 in

1988 2967 2356 3025 exsultatione
2405 2976 2645 3037 metant;
2693 2987 2712 3021 ι
2772 2979 2937 3038 utque
2963 2965 3021 3035 ii,
3065 2986 3083 3020 t
3123 2963 3215 3038 qui
3273 2983 3394 3022 cum
3448 2953 3577 3020 ﬂetu

1989 3063 2218 3118 mittunt
2245 3061 2453 3117 semina
2487 3077 2610 3128 sua,
2652 3079 2672 3114 ›
2702 3062 2754 3116 in
2785 3063 3187 3117 resurrectione
3217 3079 3236 3112 ι
3271 3076 3394 3116 cum
3445 3075 3580 3128 gau-

1913 3183 1958 3244 ο
1993 3155 2082 3212 dio
2133 3155 2380 3221 veniant,
2445 3163 2728 3223 portantes
2795 3153 3100 3224 manipulos
3161 3169 3288 3208 suos
3312 3153 3378 3208 ".
3437 3151 3582 3208 Bene

1993 3247 2102 3304 dixi
2159 3263 2173 3300 :
2221 3245 2453 3301 Lavabo.
2515 3245 2984 3313 Quemadmodum
3047 3246 3192 3302 enin't
3253 3261 3346 3316 per
3381 3255 3578 3316 aquaut

1988 3340 2042 3395 in
2085 3337 2361 3408 baptismo
2388 3337 2749 3421 renascimur,
2782 3325 2866 3393 sic
2911 3352 3009 3408 per
3037 3338 3309 3410 lacrymas
3338 3353 3403 3392 ac
3429 3352 3579 3392 cotu-

1987 3432 2334 3501 punctionem
2357 3445 2558 3486 novum
2581 3429 2870 3499 baptizati,
2899 3429 3246 3484 mundamur.
3280 3429 3574 3496 Caeterum,

1989 3537 2165 3592 neque
2195 3521 2524 3590 baptismus,
2557 3535 2734 3591 neque
2799 3521 3165 3592 lacrymarum
3201 3523 3576 3590 compunctid,

1987 3615 2150 3667 datur
2201 3613 2407 3682 absque
2459 3612 2666 3682 Spiritu
2699 3623 2909 3668 sancto.
2944 3612 3055 3668 Nec
3112 3614 3330 3668 mireris
3364 3633 3378 3668 :
3411 3630 3575 3684 quam

1993 3705 2137 3759 enim
2177 3703 2416 3759 infantes
2478 3704 2534 3758 in
2569 3704 2840 3774 baptismo
2883 3720 3022 3775 aqua
3088 3705 3301 3760 intincti
3345 3707 3577 3778 gratiam

1999 3794 2322 3864 accipimus,
2347 3809 2468 3852 eam
2495 3811 2592 3864 per
2622 3799 2913 3866 segnitiem
2951 3799 3235 3864 amissam,
3273 3813 3343 3868 ac,
3395 3800 3578 3870 negleo

1989 3899 2136 3941 ctum
2157 3886 2418 3955 operandi
2436 3887 2601 3953 bona,
2623 3903 2720 3955 per
2739 3890 3114 3958 pmuiteutiam
3130 3905 3195 3948 ac
3209 3891 3577 3964 lacrytnarum

1990 3978 2194 4035 futttent
2224 3981 2566 4052 recipimus.’

2064 4183 2083 4214 ι
2123 4161 2402 4218 Turbatus
2430 4173 2515 4220 est
2544 4179 2572 4218 a
2610 4162 2795 4220 furore
2825 4167 3018 4222 oculus
3048 4183 3200 4223 meus
3228 4186 3244 4236 ;
3280 4158 3577 4225 inveteravi

1990 4255 2134 4310 inter
2167 4271 2357 4313 omnes
2392 4257 2642 4313 inimicos
2691 4275 2863 4314 meos.
2909 4279 2928 4312 ι
2962 4257 3078 4315 Hoc
3107 4269 3191 4315 est
3233 4279 3248 4316 :
3299 4261 3468 4316 Annis
3514 4277 3584 4318 ac

1987 4358 2148 4404 :etate
2174 4349 2428 4419 provexi;
2463 4352 2726 4407 consenui
2757 4351 2810 4406 in
2837 4353 3091 4410 omnibus
3127 4354 3261 4410 meis
3317 4355 3578 4425 peccatis,

1989 4446 2104 4502 Hoc
2161 4448 2304 4503 enim
2337 4447 2406 4504 iis
2458 4449 2642 4504 verbis
2697 4449 2970 4520 signiﬁcat
3015 4469 3084 4505 ιι
3131 4447 3432 4506 luveteravi
3487 4452 3579 4505 in-

276 4532 506 4605 ἐχθροῖς
559 4551 688 4604 μου.
741 4553 759 4585 ι
791 4535 884 4586 Διὸ
949 4535 1044 4588 καὶ
1107 4535 1504 4610 πεπαλαίωμαι
1549 4537 1702 4608 παρὰ
1767 4540 1879 4602 τοῖς

1991 4549 2073 4594 ter
2119 4555 2314 4597 omnes
2405 4540 2659 4596 inimicos
2718 4557 2892 4598 meos.
2936 4562 2956 4595 ι
2999 4542 3364 4610 Quamobrem
3409 4545 3578 4599 etiam

275 4627 508 4698 ἐχθροῖς
524 4627 839 4696 γενόμενος,
862 4628 1050 4680 ἐκεῖνα
1069 4629 1330 4699 πράττειν
1349 4627 1821 4701 προκαλούμενος,
1842 4628 1880 4684 ἃ

275 4717 381 4770 τὸν
411 4716 512 4787 τῆς
533 4715 714 4786 ψυχῆς
739 4715 975 4771 θάνατον
1002 4719 1278 4790 προξενεῖ,
1313 4722 1410 4774 καὶ
1431 4720 1531 4791 τὴν
1567 4718 1878 4773 παλαίωσιν

275 4810 624 4880 ὑπογράφει,
659 4809 760 4880 τὴν
819 4810 1048 4864 ἀπὸτοῦ
1103 4811 1312 4881 φαύλου
1371 4813 1488 4882 βίου
1529 4811 1878 4880 ἐπιγίνεσθαι

278 4901 705 4972 συμϐαίνουσαν
733 4919 747 4932 ο
775 4896 844 4974 ἦς
871 4903 967 4954 καὶ
998 4905 1107 4966 πᾶς
1140 4903 1556 4976 ἐκκαθαρθῆναι
1595 4905 1673 4974 μὴ
1709 4902 1882 4956 σπεύ-

276 5011 413 5060 σας,
438 4994 705 5048 ἀδύνατον
734 4985 1136 5050 ἐπενδύσασθαι
1183 4997 1276 5050 τὸν
1326 4996 1517 5050 καινὸν
1565 4995 1878 5068 ἄνθρωπον,

285 5076 373 5140 ὥς
421 5081 635 5146 φησινό
693 5077 1027 5138 Απόστολος,
1067 5097 1086 5130 ι
1125 5077 1218 5132 τὸν
1278 5079 1746 5150 ἀνακαινούμενον
1796 5079 1875 5150 τῷ

286 5168 572 5238 πνεύματι
607 5170 701 5224 τοῦ
733 5170 870 5234 νοός.
914 5188 933 5222 ι
987 5170 1128 5223 Ἀλλ’
1159 5173 1286 5242 ὅρα,
1319 5172 1462 5240 μετὰ
1493 5171 1595 5244 τὴν
1648 5174 1874 5244 χρονίαν

286 5261 357 5315 ἐν
414 5262 710 5330 ἁμαρτίαις
746 5263 1075 5328 παλαίωσιν,
1115 5264 1254 5334 μετὰ
1300 5265 1400 5335 τὴν
1458 5266 1514 5318 ἐν
1570 5267 1721 5338 πάσῃ
1755 5267 1878 5320 ἀνο-

291 5351 403 5424 μίᾳ
437 5355 764 5420 συμϐίωσιν,
812 5355 931 5420 πῶς
965 5356 1064 5410 ούκ
1093 5355 1322 5424 ἀπέγνω
1353 5357 1550 5412 ἐαυτοῦ
1581 5359 1610 5411 ὁ
1657 5359 1882 5429 Προφή-

287 5461 425 5516 της,
455 5443 568 5498 οὐδ’
611 5446 893 5518 ἀπήλπισε
919 5447 981 5500 τὸ
1009 5447 1161 5510 ἔλεος
1211 5445 1306 5502 τοῦ
1337 5447 1495 5515 Θεοῦ,
1528 5449 1640 5502 οὐδ’
1687 5450 1882 5516 tegam-

1989 4633 2291 4688 inveteravi
2315 4633 2455 4703 apud
2477 4633 2728 4690 inimicos
2781 4650 2972 4704 agens,
3012 4637 3438 4706 provocantibus
3469 4638 3577 4693 illis

1984 4739 2202 4795 semper
2225 4737 2408 4796 agere,
2443 4741 2564 4796 qua:
2615 4727 2783 4782 animi
2823 4735 3056 4782 mortem
3095 4717 3350 4794 atterunt.
3380 4745 3445 4783 ac
3480 4744 3577 4780 vc-

1986 4826 2244 4872 tustatem
2304 4818 2474 4884 illam,
2531 4834 2653 4888 quae
2713 4835 2743 4872 a
2794 4820 2933 4873 mala
2983 4817 3090 4872 \ita
3144 4820 3362 4890 adgigni
3417 4821 3576 4884 solet,

1985 4912 2280 4981 designans
2317 4929 2330 4965 :
2365 4928 2393 4965 a
2431 4928 2535 4981 qua
2570 4911 2822 4982 quisquis
2848 4913 3135 4968 emundari
3199 4931 3304 4967 nun
3345 4914 3579 4966 sollicta:

1984 5016 2159 5070 curat,
2186 5003 2604 5072 haudquaquam
2623 5021 2819 5060 novum
2839 5006 3112 5060 hominem
3135 5016 3308 5076 potest
3325 5007 3577 5071 induere,

1984 5085 2100 5154 qui,
2138 5093 2196 5138 ut
2240 5085 2537 5152 Apostolus
2597 5086 2695 5152 ait,
2731 5103 2751 5137 ι
2794 5097 3092 5141 renovatur
3154 5087 3347 5156 spiritu
3414 5103 3565 5141 metv-

1986 5177 2056 5232 tis
2087 5177 2152 5233 "’.
2191 5195 2210 5228 ι
2256 5173 2387 5234 Vide
2425 5188 2627 5244 autem,
2656 5189 2717 5234 ut
2757 5191 2880 5248 post
2937 5179 3151 5249 longam
3219 5181 3270 5233 in
3327 5181 3568 5248 pi‘Ct'aliS

1988 5268 2400 5332 veterationem,
2431 5278 2554 5338 post
2593 5271 2759 5324 vitam
2793 5272 2845 5325 in
2886 5273 3033 5326 omni
3071 5271 3357 5342 iniquitate
3383 5281 3564 5327 trans-

1990 5373 2192 5428 actam,
2255 5363 2388 5416 nihil
2449 5365 2718 5434 propheta
2759 5367 2997 5420 animum
3057 5365 3432 5437 desptinderit,
3473 5373 3568 5417 aut

1989 5453 2056 5509 de
2091 5455 2182 5508 Dei
2220 5455 2596 5509 misericordia
2627 5457 2834 5512 difﬁsus
2880 5459 2971 5522 sit,
3003 5454 3088 5514 vel
3145 5473 3266 5514 sese
3305 5461 3570 5513 socorduc

376 5563 642 5639 :‘_Matth.
670 5567 907 5639 Xtil,__‘l._
949 5569 993 5602 “
1029 5565 1191 5622 Prov.
1214 5584 1361 5636 xxiv,
1388 5569 1482 5626 27.
1557 5572 1604 5604 ὀ
1645 5552 1862 5638 lsa,xi.,
1889 5571 1940 5628 6.
2019 5575 2063 5606 "
2103 5575 2246 5628 Psal.
2274 5591 2368 5631 cu.
2407 5575 2490 5631 15.
2571 5579 2615 5608 ’³
2639 5575 2780 5630 Psal.
2804 5594 2879 5639 cn,
2913 5577 2996 5630 l9.
3077 5577 3123 5610 "
3148 5577 3328 5633 Eccle.
3375 5593 3472 5639 xu,
3514 5578 3569 5629 4.

290 5638 342 5668 ’⁸
374 5635 394 5689 1
431 5635 621 5692 Thess.
652 5653 724 5700 tv,
755 5637 860 5705 15;
888 5635 1056 5693 lCor.
1083 5657 1172 5706 κν,
1195 5639 1286 5694 52.
1346 5635 1406 5673 "'
1433 5641 1600 5699 Eccli.
1635 5659 1732 5705 vn,
1761 5635 1856 5698 40.

1999 5643 2143 5700 Psul.
2173 5659 2330 5700 cxxv.
2361 5645 2414 5710 ὕ,
2446 5647 2498 5700 6.

1561 5807 1568 5814 _
1615 5739 1850 5824 νΑιιιΕ
1893 5740 2298 5798 LECTIONES.

377 5813 403 5844 ¹¹
439 5806 567 5871 ch.
600 5809 692 5858 καῖ
707 5808 802 5862 ῶν.

593 5908 859 5967 Puncta
909 5906 1024 5964 (in.
1085 5905 1448 5969 LXXXIX.

2577 5644 2622 5676 ’⁷
2655 5647 2848 5715 ίζυίιιξς.
2884 5663 2951 5710 ιν,
2991 5648 3081 5702 ‘25.

3182 5915 3258 5971 3‘.)
