4064 6418
328 373 460 440 1133

1490 372 1775 434 ORATIO
1817 372 1897 431 IN
1936 374 2305 436 PSALMUM
2342 376 2439 437 VI.

3471 375 3606 444 ll3l

330 494 460 563 ἅπερ
485 488 683 559 τινέςῆ
716 487 806 541 διὰ
843 486 1177 554 κενοδοξίαν,
1207 485 1239 558 ἢ
1275 485 1371 540 καὶ
1401 486 1581 559 ἔρωτα
1614 487 1919 544 Σατανικὸν

2026 490 2210 561 gloria:
2243 506 2431 557 causa,
2462 489 2767 545 velantoris
2807 490 3073 549 Satanlci.
3106 494 3259 549 Sicut
3303 510 3436 566 ergo
3488 496 3610 551 alias

320 580 653 652 ἐπιχέουσιν.
698 578 915 651 Ὥσπερ
939 574 1034 632 οῦν
1077 576 1176 631 καὶ
1214 579 1279 632 ὲκ
1318 576 1492 648 μέθης
1548 579 1686 631 εἰσιν
1742 578 1910 649 ἕτερα

318 677 553 745 δάκρυα,
592 672 749 745 παρὰ
799 672 867 725 τὰ
897 671 1171 744 εἰρημένα
1197 686 1212 701 ·
1239 669 1386 724 οὕτω
1408 669 1473 742 δὴ
1504 670 1603 723 καὶ
1635 672 1699 724 ἐκ
1747 687 1916 742 μετα-

192 778 219 789 ’
319 765 465 827 νοίας
501 762 716 834 δάκρυα
766 760 1141 825 κατανύξεως,
1186 761 1284 815 καὶ
1315 763 1379 814 ἐκ
1412 758 1583 831 φόὸου
1631 761 1792 829 Θεοῦ,
1819 760 1916 816 καὶ

319 860 532 918 ἐννοίας
563 857 822 921 θανάτου,
863 855 958 910 καὶ
985 857 1208 927 μνήμης
1239 855 1518 919 κολάσεως
1566 857 1699 927 ἡμῖν
1740 870 1915 926 προσ-

320 949 586 1020 γινόμενα
610 963 623 977 ·
666 942 747 1012 οἷς
779 947 877 1001 ἐὰν
905 947 1276 1018 χρονίσωμεν,
1302 948 1695 1019 προκόπτομεν
1722 947 1916 1010 καὶείς

318 1041 391 1094 τὰ
425 1024 778 1109 πνευματικά
808 1039 1023 1111 δάκρυα
1043 1079 1058 1105 ,
1095 1041 1156 1093 ού
1198 1039 1389 1110 φόϐον,
1423 1039 1564 1093 ἀλλὰ
1585 1039 1751 1093 πόθον
1779 1038 1917 1108 πρὸς

320 1132 457 1185 Θεὸν
489 1133 686 1204 ἔχοντα
710 1149 722 1161 ·
767 1132 968 1206 πόθεν;
993 1134 1055 1199 ἐξ
1081 1132 1407 1206 ἐλλάμψεως
1441 1133 1538 1187 τοῦ
1561 1134 1722 1203 ἁγίου
1744 1132 1918 1187 Πνεύά

322 1241 495 1295 ματος
526 1224 741 1279 ἐντικτό
747 1242 933 1296 μενον.
1470 1258 1481 1265 ~

390 1399 671 1462 Τοιούτοις
692 1400 923 1472 δάκρυσι
951 1403 1304 1474 περιερρεῖτο
1330 1404 1358 1457 ό
1385 1403 1563 1471 λέγων
1594 1401 1734 1472 πρὸς
1756 1402 1912 1457 Θεόν·

324 1508 347 1544 ι
401 1489 705 1561 Ἐκολλήθη
739 1493 771 1561 ἡ
802 1490 950 1562 ψυχή
986 1510 1089 1562 μου
1124 1494 1304 1547 ὀπίσω
1340 1511 1457 1548 σου.
1490 1512 1511 1545 ι
1558 1495 1669 1548 Καὶ
1706 1494 1873 1549 πάλιν
1898 1511 1915 1526 ·

321 1601 348 1636 ι
399 1583 705 1654 Ἐξεκαύθη
754 1584 789 1655 ἡ
833 1584 1035 1656 καρδία
1071 1602 1196 1656 μου,
1236 1587 1332 1640 καὶ
1367 1589 1416 1640 οἱ
1459 1589 1651 1658 νεφροί
1687 1605 1789 1660 μου
1821 1587 1914 1657 ἡλ-

316 1676 654 1748 λοιώθησαν.
695 1696 713 1729 ι
746 1677 879 1730 Καίο
911 1695 930 1729 ι
981 1676 1042 1731 '0
1064 1678 1199 1742 Θεὸς
1228 1679 1333 1750 τῆς
1356 1679 1597 1753 καρδίας
1627 1696 1731 1752 μου
1758 1680 1854 1739 καὶ
1883 1682 1917 1752 ἡ

319 1769 486 1841 μερίς
526 1785 627 1840 μου
664 1770 693 1822 ὁ
722 1767 856 1834 Θεὸς
889 1771 970 1833 είς
1009 1769 1101 1823 τὸν
1151 1768 1351 1825 αίῶνα.
1406 1788 1425 1822 ι
1481 1772 1596 1826 Καὶ
1640 1769 1914 1841 ἆλλαχοῦ’

2017 582 2146 635 item
2174 581 2429 653 Iacryma:
2456 592 2580 637 Sunt
2608 598 2674 637 ex
2707 584 2994 652 ebrietate,
3029 598 3226 657 printer
3251 584 3366 656 jam
3397 601 3609 641 memo-

2018 684 2197 741 ratas;
2223 675 2303 731 sic
2326 690 2459 731 sane
2477 685 2533 731 et
2561 688 2628 731 ex
2663 678 3005 746 paenitentia,
3042 695 3218 750 exque
3269 679 3465 734 timore
3490 678 3607 741 Dei,

2017 778 2073 823 ct
2122 770 2317 825 mortis
2373 771 2729 840 cogitatione,
2760 787 2822 823 ac
2882 771 3273 840 Stlppllclortllll
3323 771 3607 832 memoria.

2020 864 2462 933 compunctionis
2479 865 2742 918 accedunt
2774 864 3026 935 lacrymu:
3053 882 3069 922 :
3102 867 3156 918 in
3185 864 3382 933 quibus
3412 865 3457 918 si
3491 879 3611 935 per-

2022 972 2363 1024 severemus,
2396 959 2586 1027 utique
2619 958 2683 1012 ad
2717 957 2993 1026 spiritales
3011 974 3230 1029 quoque
3267 959 3607 1028 promovebi-

2020 1071 2142 1110 ntus
2163 1053 2457 1124 lacrymas,
2483 1068 2604 1121 quae
2626 1067 2732 1106 n0n
2760 1052 3033 1116 timorem,
3060 1051 3157 1106 sed
3181 1052 3514 1106 desiderium
3551 1053 3603 1107 in

2020 1138 2189 1201 Deum
2217 1145 2444 1210 habent,
2475 1159 2540 1198 ex
2574 1142 2816 1214 Spiritus
2853 1143 3033 1198 sancti
3063 1142 3116 1197 in
3172 1144 3333 1199 nobis
3379 1158 3615 1213 progna-

2023 1248 2134 1294 tum
2167 1237 2555 1295 illustratione.

2094 1417 2317 1473 Talibus
2374 1417 2631 1489 lacrytnis
2685 1416 3131 1486 perfundebatur,
3168 1418 3259 1488 qui
3318 1419 3385 1473 ad
3445 1419 3610 1474 Deum

2022 1511 2099 1566 ait
2160 1527 2174 1564 :
2231 1528 2250 1563 ι
2291 1508 2533 1566 Adhaesit
2587 1512 2766 1564 anima
2826 1525 2942 1564 mea
2992 1521 3113 1580 post
3140 1521 3190 1565 te
3217 1510 3283 1563 ³³.
3319 1512 3449 1567 tAc
3507 1514 3610 1567 ite-
3702 1586 3717 1593 Ι

2023 1619 2143 1658 rum
2182 1619 2195 1655 :
2228 1621 2247 1654 ι
2301 1600 2698 1657 lnﬂammatum
2724 1612 2807 1657 est
2851 1612 2947 1658 cor
2978 1613 3251 1671 tneum,ct
3302 1619 3455 1657 renes
3506 1606 3608 1659 tnei

2026 1693 2343 1749 commutati
2399 1704 2525 1748 sunt
2554 1694 2621 1747 ⁸³.
2656 1712 2676 1746 ι
2735 1693 2800 1748 Et
2855 1712 2870 1749 :
2933 1706 2952 1746 ι
3014 1692 3151 1747 Deus
3196 1696 3374 1748 contis
3406 1697 3613 1761 mci,et

2027 1800 2152 1856 pars
2175 1800 2293 1840 mea
2315 1784 2460 1839 Deus
2495 1786 2547 1839 in
2572 1793 2839 1841 aeternum
2871 1786 2938 1841 ³³.
2981 1804 3000 1839 ι
3032 1786 3155 1840 Alio
3184 1781 3560 1857 quoque’luco
3595 1806 3612 1845 :

321 1882 345 1917 ι
402 1863 690 1918 Ἐπιποθεῖ
712 1862 811 1915 καὶ
837 1861 1082 1915 ἐκλείπει
1114 1862 1149 1932 ἡ
1183 1861 1333 1934 ψυχή
1373 1879 1477 1932 μου
1508 1865 1590 1924 εἰς
1620 1862 1720 1925 τὰς
1751 1862 1919 1927 αὐλὰς

2032 1896 2051 1930 ι
2098 1875 2450 1945 Cononpiscit
2492 1886 2546 1930 et
2585 1876 2772 1935 deﬁcit
2822 1876 3004 1931 anima
3056 1892 3177 1931 mea
3221 1877 3275 1933 in
3331 1880 3467 1932 atria
3512 1879 3617 1934 Do-

312 1958 414 2013 τοῦ
441 1956 671 2028 Κυρίου*
698 1957 732 2027 ἡ
757 1955 960 2027 καρδία
982 1971 1083 2025 μου
1103 1955 1200 2007 καὶ
1226 1955 1365 2028 σάρξ
1391 1972 1492 2025 μου
1514 1953 1921 2023 ἡγαλλιάσαντο

313 2053 416 2105 ἐπὶ
449 2051 585 2105 Θεὸν
614 2049 819 2114 ζῶντα.
853 2067 871 2100 ι
898 2049 1022 2101 Καὶ
1055 2048 1240 2102 πάλιν·
1280 2067 1299 2099 ι
1346 2049 1445 2101 Ὃν
1478 2048 1684 2117 τρόπον
1720 2046 1920 2099 ἐπιπο-

314 2146 408 2200 θεῖ
432 2147 465 2217 ἠ
498 2143 699 2212 ἔλαφος
734 2144 827 2197 ἐπὶ
851 2140 951 2205 τὰς
981 2141 1166 2212 πηγὰς
1188 2140 1298 2194 τῶν
1327 2140 1559 2206 ὑδάτων,
1586 2137 1762 2203 οὕτως
1793 2140 1919 2193 ἐπι-

322 2237 480 2292 ποθεῖ
501 2238 534 2309 ἡ
552 2235 701 2307 ψυχή
725 2252 828 2305 μου
855 2234 997 2305 πρὸς
1015 2233 1095 2297 σὲ,
1116 2235 1144 2285 ό
1164 2231 1320 2296 Θεός.
1358 2253 1377 2285 ι
1404 2232 1663 2287 Τοιοῦτον
1683 2228 1799 2303 εἶχε
1818 2233 1921 2304 τὴν

314 2330 460 2402 πρὸς
487 2329 623 2383 Θεὸν
659 2328 825 2382 πόθον
865 2327 963 2381 τοῦ
990 2325 1293 2397 ψάλλοντος
1325 2328 1360 2398 ὴ
1389 2327 1564 2397 ψυχή.
1603 2326 1758 2397 Τάχα
1789 2326 1920 2379 λαν-

314 2423 477 2478 θάνει
510 2424 643 2486 τοὺς
698 2420 932 2485 πολλοὺς
971 2419 1130 2491 ὑμῶν
1184 2420 1252 2473 τὰ
1298 2418 1594 2488 λεγόμενα.
1645 2415 1778 2473 Οἶδα
1824 2419 1921 2473 καὶ

324 2516 659 2586 πέπεισμαι·
694 2514 810 2568 ἀλλ’
842 2514 944 2567 οῦκ
966 2514 1049 2576 είς
1079 2509 1246 2566 καλὸν
1272 2512 1403 2583 ὑμῖν
1429 2513 1463 2583 ἡ
1489 2511 1719 2583 τοιαύτη
1748 2528 1920 2565 κατα-

322 2608 588 2681 φρόνησις
623 2607 1047 2679 περιστήσεται.
1084 2603 1274 2670 Διατί;
1318 2605 1444 2658 Ὀτι
1482 2603 1615 2675 περὶ
1654 2604 1923 2675 πράγμα-

314 2719 416 2767 τος
442 2701 808 2773 διαλεγόμεθα
840 2702 942 2754 οὐκ
982 2702 1061 2764 είς
1092 2700 1186 2754 τὸν
1216 2699 1499 2770 θαλάσσης
1531 2699 1687 2763 ὄντος
1734 2698 1919 2769 βυθὸν,

310 2793 451 2849 οὔτε
496 2794 604 2866 μὴν
650 2796 781 2865 περὶ
827 2792 1006 2856 εἴδους
1058 2794 1142 2855 είς
1186 2792 1256 2844 τὰ
1290 2792 1392 2862 τῆς
1432 2794 1537 2862 γῆς
1570 2791 1923 2862 πληρώματα

309 2887 628 2957 δυναμένου
663 2884 1059 2957 εὑρίσκεσθαιο
1096 2883 1236 2938 ἀλλὰ
1275 2884 1409 2954 περὶ
1450 2884 1781 2956 πράγματος
1828 2884 1925 2936 λα-

311 2980 550 3054 λοῦμεν,
585 2982 692 3036 ὑπὸ
714 2979 957 3052 Χριστοῦ
985 2982 1044 3033 ἐν
1075 2983 1199 3044 ταῖς
1225 2979 1484 3052 καρδίαις
1516 2979 1671 3051 ὑμῶν
1695 2989 1716 3011 ⁸
1742 2997 1924 3049 πεφυ-

310 3075 616 3146 τευμένου,
651 3073 746 3127 τοῦ
781 3072 1053 3136 εἰπόντος’
1088 3091 1106 3123 ι
1147 3072 1215 3125 Ἡ
1252 3054 1508 3143 βασιλεία
1536 3072 1646 3125 τῶν
1674 3070 1924 3141 οὐρανῶν

310 3166 475 3230 ἐντὸς
507 3164 665 3235 ὑμῶν
711 3166 851 3228 ἐστι,
893 3180 912 3213 ι
949 3161 1199 3217 τουτέστι
1226 3201 1242 3225 ,
1275 3160 1337 3214 τὸ
1369 3159 1599 3231 Πνεῦμα
1632 3161 1696 3215 τὸ
1739 3158 1920 3231 άγιον,

311 3259 393 3314 τὰ
422 3259 638 3330 δάκρυα
668 3257 857 3310 τίκτον
887 3257 983 3310 καὶ
1013 3255 1114 3327 τὴν
1151 3254 1469 3320 κατάνυξιν.

394 3351 626 3422 Μεγάλη
655 3350 837 3404 τοίνυν
862 3348 970 3403 τῶν
996 3351 1136 3419 μετᾶ
1167 3349 1300 3401 Θεὸν
1325 3348 1636 3418 δακρύωνή
1664 3347 1923 3417 ἐνέργεια

312 3445 421 3500 καὶ
454 3446 488 3516 ἡ
522 3444 697 3514 ἰσχύς.
733 3444 842 3497 Καὶ
873 3443 1155 3515 μάρτυρες
1177 3482 1191 3508 ,
1228 3443 1287 3494 ἐν
1328 3441 1429 3513 μὲν
1457 3443 1525 3511 τῇ
1559 3441 1795 3511 Παλαιᾷ,
1826 3440 1924 3493 Νι-

310 3538 558 3599 νευϊται,
593 3537 914 3605 Μανασσῆς,
952 3534 1203 3600 Ἑζεκίας
1224 3550 1239 3563 ο
1272 3535 1330 3587 ἐν
1359 3534 1416 3586 δὲ
1437 3535 1502 3604 τῇ
1542 3534 1677 3605 Νέᾳ,
1712 3536 1923 3604 Πέτρος

308 3630 416 3684 διὰ
446 3629 703 3700 δακρύων
734 3629 828 3682 τὸν
857 3628 991 3682 Θεὸν
1030 3627 1346 3699 ἱλεούμενος
1365 3666 1381 3691 ,
1426 3627 1522 3680 καὶ
1549 3625 1649 3698 τῆν
1689 3627 1921 3698 ἄρνησιν

311 3720 676 3793 θεραπεύων.
701 3720 901 3791 πόρνη,
918 3720 1154 3788 δάκρυσι
1175 3719 1238 3771 τὸ
1256 3717 1643 3788 φιλάνθρωπον
1659 3717 1917 3785 ἕλκουσα,

310 3818 424 3870 καὶ
449 3816 548 3886 τὴν
573 3815 770 3884 ἄφεσιν
797 3812 909 3867 τῶν
937 3812 1354 3883 πεπραγμένων
1379 3811 1755 3883 λαμϐάνουσα.
1790 3814 1921 3866 Ὀν-

308 3925 433 3971 ctu;
464 3906 764 3978 ἀδιήγητον
792 3906 854 3958 τὸ
883 3905 1127 3973 πέλαγος
1155 3904 1264 3957 τῶν
1300 3905 1607 3976 οἰκτιρμῶν
1636 3903 1731 3959 τοῦ
1759 3904 1919 3963 Θεοῦ.

311 4001 389 4054 Et
440 4000 743 4070 Μανασσῆς
790 3998 882 4052 διὰ
940 3997 1232 4069 μετανοίας
1285 3996 1560 4067 σώζεται,
1604 3997 1692 4063 τίς
1737 3997 1921 4053 λοιπὸν

313 4093 608 4166 μετανοῶν
637 4092 920 4164 ὁλοψύχως
949 4090 1287 4163 ἀμφιϐάλλει
1324 4092 1456 4163 περὶ
1492 4092 1805 4163 σωτηρίας;
1853 4092 1920 4146 Τί

312 4204 419 4261 μοι
462 4186 677 4255 λέγεις·
722 4186 1104 4257 Ἐπόρνευσα,
1146 4184 1480 4255 ἐμοίχευσα,
1516 4185 1817 4253 ἐφόνευσα,
1859 4185 1920 4237 ἐν

308 4279 498 4352 κακίᾳ
531 4280 805 4350 ἐγήρασα,
847 4276 1091 4348 σωθῆναι
1119 4277 1182 4330 ού
1217 4276 1575 4347 δύναμαι;Εί
1617 4277 1920 4349 Μανασσῆν

305 4375 341 4426 ὁ
373 4372 508 4434 Θεὸς
537 4371 761 4435 ἐλέξατο
804 4368 1170 4441 μεταγνόντα,
1204 4367 1329 4421 τίνα
1360 4369 1469 4421 τῶν
1507 4369 1919 4439 μετανοούντων

305 4465 419 4537 ὅλῃ
449 4465 596 4535 ψυχῇ
628 4463 689 4517 ού
726 4460 1128 4534 προσδέξεται;
1163 4460 1317 4531 Τάχα
1353 4460 1539 4532 τολμῶ
1584 4463 1762 4515 εἰπεῖν
1784 4502 1800 4526 ,
1833 4462 1918 4517 ὅτι

305 4561 419 4613 καὶ
438 4559 530 4612 τὸν
547 4556 795 4611 διάϐολον
824 4554 1048 4619 ἐδέξατο
1070 4553 1159 4619 ἂν,
1181 4554 1229 4605 εἰ
1255 4553 1557 4625 μετάνοιαν
1579 4553 1915 4621 ἐπεδείξατο.
1945 4575 1997 4635 D

306 4651 420 4714 Τίς
445 4651 556 4719 άρα
588 4647 833 4702 τοιοῦτόν
857 4664 908 4700 τι
937 4646 1214 4717 ἥμαρτεν,
1245 4641 1358 4698 οἷον
1380 4648 1409 4698 ό
1436 4645 1761 4715 Μανασσῆς,
1787 4662 1921 4700 πεν-

306 4748 563 4816 τήκοντα
590 4743 687 4795 καὶ
710 4739 805 4793 δύο
835 4738 1069 4811 χρόνους
1095 4738 1187 4793 τὸν
1209 4737 1339 4791 λαὸν
1368 4737 1465 4790 τοῦ
1514 4738 1735 4810 Ἰσραὴλ
1762 4740 1924 4811 ποιή-

309 4853 426 4900 σας
454 4834 786 4906 προσκυνεῖν
825 4831 923 4885 καὶ
959 4829 1248 4902 λατρεύειν
1294 4828 1537 4893 εἰδώλοις
1563 4848 1577 4898 ;
1604 4830 1775 4884 Πόσαι
1817 4849 1924 4902 μυ-

309 4927 531 4999 ριάδες,
568 4924 696 4979 είπέ
734 4941 847 4994 μοι,
886 4921 1167 4976 ἀπέθανον
1193 4923 1253 4974 ἐν
1283 4920 1518 4985 ἐκείνοις
1542 4924 1656 4985 τοῖς
1678 4924 1919 4994 χρόνοις,

302 5015 398 5075 ὧν
432 5020 494 5075 τὸ
532 5021 707 5090 κρῖμα
741 5016 841 5087 τῆς
874 5016 1157 5076 ἀπωλείας
1186 5014 1496 5085 Μανασσῆς
1530 5013 1738 5087 καίπερ
1769 5016 1924 5087 ὀφεί-

305 5116 451 5178 λων,
472 5115 624 5186 ὅμως
646 5106 855 5182 ἀφέθη·
875 5111 970 5165 καὶ
991 5111 1096 5165 οὐκ
1120 5108 1343 5181 ἐνίκησε
1371 5110 1471 5180 τὴν
1501 5110 1921 5182 φιλανθρωπίαν

305 5208 418 5264 τοῦ
446 5207 587 5262 Θεοῦ
617 5208 680 5261 τὸ
711 5206 915 5277 πλῆθος
951 5204 1050 5275 τῆς
1090 5202 1258 5256 αὑτοῦ
1296 5203 1605 5273 πονηρίαςς
1633 5203 1777 5258 Ἀλλ’
1814 5204 1918 5257 ὑπὸ

307 5302 612 5359 Χαλδαίων
640 5299 993 5370 αἰχμάλωτος
1024 5294 1352 5368 ἀπενεχθεὶς
1378 5296 1475 5359 είς
1492 5294 1793 5350 Βαϐυλῶνα
1823 5297 1920 5352 καὶ

302 5398 482 5468 δίκην
521 5392 953 5456 καταδικασθεὶς
978 5388 1166 5445 δοῦναι
1199 5388 1360 5455 ἀξίαν
1389 5382 1467 5443 ὧν
1498 5387 1790 5459 ἐξύϐρισεν
1835 5391 1918 5455 εἰς

303 5489 479 5553 Θεὸν,
516 5488 679 5558 μόνον
722 5486 862 5558 μετὰ
900 5482 1157 5555 δακρύων
1186 5481 1543 5555 προσηύξατο
1573 5482 1634 5536 ἐν
1667 5480 1746 5553 τῷ
1781 5480 1916 5554 χαλ-

2024 1967 2202 2022 tnini:
2244 1979 2340 2021 cor
2391 1981 2570 2020 meum
2602 1975 2658 2020 et
2714 1981 2843 2022 caro
2905 1983 3021 2022 mea
3072 1968 3487 2025 exsultaverunt
3559 1973 3612 2026 itt

2023 2058 2192 2113 Deum
2242 2059 2422 2113 vivum
2460 2058 2526 2112 “.
2588 2077 2608 2112 ι
2656 2060 2735 2114 Ac
2780 2060 2981 2115 iterum
3037 2078 3052 2116 :
3098 2081 3116 2113 ι
3147 2062 3613 2129 Quemadmodum

2022 2151 2298 2207 desiderat
2349 2166 2545 2207 cervus
2600 2151 2667 2207 ad
2716 2151 2894 2207 fontes
2940 2164 3229 2221 aquarum,
3289 2154 3365 2207 ita
3410 2155 3617 2210 deside-

2024 2252 2115 2299 rat
2167 2244 2348 2298 anima
2406 2257 2525 2298 mea
2581 2245 2649 2299 ad
2678 2252 2751 2309 te,
2799 2242 2941 2301 Deus
2986 2244 3071 2300 ὐς
3115 2264 3135 2298 ι
3176 2254 3326 2301 tanto
3359 2248 3612 2302 nimirum

2025 2337 2092 2389 ad
2146 2336 2317 2392 Deum
2367 2336 2640 2392 desiderio
2692 2336 2928 2393 habebat
3001 2338 3286 2407 psallentis
3372 2341 3610 2394 animus.

2024 2429 2189 2485 Forte
2232 2429 2402 2484 latent
2439 2430 2622 2500 plures
2650 2440 2893 2486 vestrum
2933 2445 2998 2486 ea
3054 2446 3177 2501 quas
3226 2432 3502 2488 dicuntur.
3538 2433 3616 2487 ita

2026 2536 2158 2577 sane
2200 2522 2351 2588 nori,
2381 2531 2436 2576 et
2470 2530 2653 2577 certus
2702 2538 2844 2578 sum.
2901 2523 3098 2579 Verum
3153 2524 3430 2595 neglectus
3470 2526 3618 2594 ejntso

2028 2613 2171 2667 modi
2224 2612 2650 2683 haudquaquam
2682 2615 2839 2669 vobis
2882 2616 2934 2670 in
2978 2613 3177 2670 bonum
3227 2626 3481 2671 cchurus
3510 2629 3612 2671 est.

2027 2705 2298 2771 Quorsum
2329 2706 2420 2761 id?
2470 2705 2609 2772 Quia
2648 2707 2905 2761 nimirum
2964 2721 3069 2761 non
3098 2707 3163 2762 de
3185 2721 3243 2762 re
3282 2707 3335 2762 in
3367 2708 3476 2763 imo
3504 2720 3619 2762 ma-

2027 2797 2104 2853 ris
2133 2797 2347 2869 gurgite
2388 2800 2565 2870 posita
2620 2800 2982 2870 disputamus,
3010 2810 3104 2857 aut
3150 2801 3218 2857 de
3263 2801 3465 2870 specie,
3499 2814 3620 2870 quae

2028 2901 2137 2943 non
2172 2889 2275 2943 nisi
2306 2890 2358 2944 in
2395 2899 2555 2945 terra:
2589 2891 2856 2945 extremis
2913 2891 3127 2963 angulis
3179 2903 3438 2948 occurrat
3472 2909 3487 2948 :
3520 2892 3617 2948 sed

2027 2982 2095 3036 de
2146 2997 2205 3036 re
2253 2981 2549 3052 loquimur,
2577 2984 2630 3038 in
2682 2986 2848 3041 corde
2885 2986 3041 3041 nobis
3079 3000 3109 3041 a
3158 2986 3377 3042 Christo
3430 2985 3615 3048 insita,

2027 3072 2120 3142 qui
2160 3073 2340 3130 dixit:
2379 3091 2399 3126 ι
2434 3070 2980 3144 Regnum‘cmlorum
3031 3078 3173 3133 intra
3215 3093 3319 3135 vos
3351 3089 3432 3134 est
3470 3078 3551 3145 ⁸⁶;
3592 3097 3611 3131 ι

2029 3164 2130 3220 hoc
2171 3174 2278 3231 est,
2339 3165 2574 3236 Spiritus
2625 3178 2871 3237 sanctus,
2927 3169 3300 3241 la'crymartttn
3350 3185 3414 3225 ac
3469 3183 3618 3226 cont-

2025 3255 2347 3325 punctionis
2378 3271 2602 3325 parens.

2098 3348 2291 3419 Magna
2328 3349 2511 3422 itaque
2533 3350 2922 3419 lucrymarum,
2961 3360 3084 3423 qua:
3122 3365 3190 3407 ex
3240 3351 3441 3422 pietate
3466 3362 3617 3419 sunt,

2025 3438 2267 3497 eﬂicacia
2322 3452 2377 3496 ct
2414 3444 2607 3498 virtus.
2659 3442 2954 3499 Testantur
2982 3460 3134 3511 vero,
3163 3446 3214 3499 in
3252 3446 3435 3501 Veteri
3494 3446 3620 3517 qui-

2027 3533 2150 3588 dem
2206 3532 2583 3603 Testamento,
2635 3534 2915 3602 Ninivitm,
2960 3537 3258 3601 Manasses,
3318 3536 3616 3604 Ezechias;

2031 3624 2084 3676 in
2115 3620 2267 3679 Novo
2316 3636 2496 3678 autem
2536 3623 2752 3690 Petrus,
2791 3628 2881 3696 qui
2932 3627 3121 3697 utique
3172 3626 3533 3698 larnpnarum
3565 3628 3619 3682 vi

2031 3714 2200 3770 Deum
2224 3713 2477 3784 placavit,
2498 3731 2562 3772 ac
2582 3719 2723 3786 quod
2749 3718 3037 3786 negatione
3071 3727 3346 3788 peccarat,
3380 3721 3614 3776 curavit.

2028 3806 2285 3862 Meretrix
2309 3803 2547 3877 quoque,
2587 3823 2707 3879 qua:
2756 3808 3014 3880 lacrymis
3074 3809 3165 3866 Dei
3198 3814 3421 3866 attraxit
3450 3812 3606 3868 mise-

2027 3899 2341 3962 ricordiam,
2366 3914 2432 3954 ac
2480 3899 2901 3955 commissorum
2963 3902 3341 3957 remissionem
3377 3905 3614 3973 accepit.

2022 3989 2191 4047 Plane
2218 3991 2400 4047 verbis
2457 3992 2720 4060 explicari
2756 3993 2945 4075 nequit
2978 4002 3192 4047 tantum
3227 3993 3358 4048 illud
3389 3996 3617 4066 pelagus

2024 4083 2120 4141 Dei
2152 4085 2592 4142 miserationum.
2620 4085 2753 4141 Cum
2788 4084 3065 4142 Manasses
3090 4101 3187 4157 per
3232 4089 3613 4158 paenitentiam

2023 4178 2255 4233 salutem
2283 4186 2685 4247 consequatur;
2714 4178 2839 4247 quis
2873 4178 3155 4249 deinceps,
3184 4194 3355 4249 quem
3390 4182 3617 4236 omnino

2021 4288 2089 4328 ex
2112 4271 2295 4329 animo
2328 4280 2677 4342 peccatorum
2712 4273 2995 4343 pmniteat,
3037 4274 3105 4330 de
3160 4274 3334 4331 salute
3360 4275 3565 4331 dubitet
3593 4276 3618 4330 2

2022 4364 2162 4432 Quid
2190 4365 2321 4420 mihi
2355 4374 2406 4419 tu
2431 4364 2669 4435 loqueris
2694 4383 2709 4421 :
2739 4364 3063 4422 Fornicatns
3092 4382 3244 4433 sum;
3287 4367 3613 4423 adulterium

2023 4457 2162 4521 feci;
2192 4458 2545 4513 homicidium
2592 4460 2926 4529 perpetravi,
2959 4461 3015 4515 in
3048 4461 3182 4517 vitio
3228 4475 3294 4517 ac
3341 4461 3615 4531 pravitati:

2023 4549 2316 4618 consenui;
2346 4562 2511 4621 atque
2540 4551 2676 4606 adeo
2700 4564 2805 4607 non
2838 4564 3058 4621 possum
3084 4550 3317 4610 saluteni
3340 4554 3614 4624 adipisci?

2022 4641 2084 4698 Si
2140 4644 2358 4713 quidem
2419 4643 2561 4699 Deus
2616 4642 2906 4700 Manassen
2952 4646 3311 4715 pmnitentem
3357 4646 3562 4719 recepit
3595 4664 3613 4701 :

2023 4752 2185 4807 quem
2239 4737 2462 4792 omnino
2500 4752 2567 4792 ex
2608 4738 2794 4791 animo
2850 4737 3209 4807 pmnitentem
3256 4752 3362 4793 non
3418 4739 3492 4794 sit
3522 4754 3613 4793 rc-

2022 4827 2334 4895 cepturus?
2388 4826 2553 4883 Forte
2598 4828 2773 4883 ausim
2820 4829 3004 4884 dicere
3046 4829 3162 4885 fore
3204 4838 3263 4884 ut
3319 4839 3376 4885 et
3433 4831 3610 4901 ipsum

2024 4919 2299 4975 diabolum
2343 4930 2662 4991 recepturus
2684 4931 2853 4986 esset,
2886 4929 2946 4976 ut
2976 4921 3068 4978 ille
3104 4922 3487 4994 pmuitentiam
3517 4942 3613 4981 os.

2025 5011 2310 5067 tendissct.
2332 5009 2467 5078 Quis
2508 5010 2723 5081 grande
2768 5010 2906 5067 adeo
2946 5021 3230 5082 peceatum
3282 5019 3447 5084 atque
3498 5012 3609 5075 Mn-

2021 5118 2210 5159 nasses
2256 5101 2521 5173 peccavit.
2557 5103 2649 5173 qui
2683 5113 2825 5159 totos
2875 5103 3270 5174 quinquagint
3330 5102 3471 5159 duos
3514 5119 3613 5159 an-

2022 5211 2142 5261 nos,
2171 5194 2529 5251 lsraelitlcum
2575 5196 2831 5265 populum
2861 5195 3188 5268 compulerit
3230 5195 3301 5251 ad
3338 5196 3614 5256 idolorum

2020 5291 2402 5346 adorationem
2426 5303 2492 5345 ac
2524 5290 2776 5346 cultum?
2798 5288 2972 5357 Quam
3023 5290 3221 5356 multa,
3249 5305 3401 5364 rogo,
3436 5293 3616 5349 Ιιοιιιιο

2020 5402 2149 5442 num
2184 5384 2353 5441 millia
2387 5386 2528 5441 intra
2558 5385 2658 5443 hos
2688 5398 2865 5444 annos
2884 5387 3027 5444 diem
3053 5389 3339 5458 obierunt;
3372 5402 3609 5461 quorum

2026 5481 2158 5539 licet
2194 5480 2471 5537 Manassen
2502 5479 2757 5537 interitus
2807 5489 2959 5538 reatu
3001 5488 3302 5552 teneretur,
3335 5484 3614 5542 remissio.

389 5632 434 5667 ⁸³
471 5626 609 5686 Psal.
648 5644 783 5689 tht.
808 5629 863 5685 9.
941 5628 986 5659 ³¹
1011 5624 1151 5681 Psal.
1179 5638 1350 5690 usit,
1380 5624 1468 5683 2i.
1544 5624 1743 5684 “ibid.
1766 5625 1859 5681 26.
1935 5624 2140 5682 “Psal.
2163 5639 2394 5689 uxxnt,
2436 5623 2492 5678 3.
2571 5622 2619 5657 ³⁸
2648 5623 2798 5679 Psal.
2833 5642 2942 5690 ιιι,
2975 5627 3033 5682 2.
3106 5627 3155 5665 ⁸⁸
3191 5626 3326 5687 Luc.
3353 5648 3487 5693 xm,
3513 5631 3605 5688 et.

1644 5746 1880 5802 VMKUF.
1924 5746 2322 5802 LECTIUNES.

397 5849 421 5879 ⁸
455 5816 593 5910 Leg.
619 5841 800 5912 ἡμῶν,
834 5855 900 5893 ex
932 5839 1113 5894 editis.
