4064 6418
1849 221 1860 246 \

358 333 486 403 “37

1525 331 1811 393 ORATIO
1851 331 1932 392 IN
1976 328 2340 390 PSALMUM
2378 327 2480 388 ‘r’I.

3506 318 3640 392 tm

351 447 408 500 ὃν
451 445 547 500 καὶ
605 447 1093 518 παρσσθείραντες
1135 443 1419 507 παντελῶς
1486 448 1609 506 ταῖς
1658 443 1941 504 τοιαύταις

2049 448 2102 491 ιιι
2158 447 2523 506 pervertatur,
2579 435 2736 504 idque
2795 425 3137 504 cumprimis.
3181 436 3223 490 si
3272 437 3500 492 nefariis
3548 439 3646 491 lm-

351 540 662 613 ἐργασίαις,
721 543 818 594 καὶ
872 539 1067 592 τοῦτον
1116 538 1212 592 τοῦ
1264 537 1474 598 εὐθέως
1515 537 1938 604 ἀπαγαγόντες,

351 635 442 686 καὶ
463 633 776 686 τελευταῖον
805 632 898 685 ἐπὶ
925 631 986 684 τὸ
1013 631 1137 702 ὅρος
1160 631 1322 684 αὐτὸν
1349 627 1789 691 ἀναϐιϐάσαντες
1821 628 1945 696 μεθ’

351 727 592 792 ἑαυτῶν,
621 728 717 780 κα¹ι
747 725 1055 798 λῄσταρχον
1087 725 1242 795 κοινῇ
1281 721 1799 792 χειροτονήσαντες,
1848 721 1945 773 άτε

353 819 576 890 μεγέθει
599 813 816 888 ἡλικίας
839 820 934 872 καὶ
955 817 1186 887 δυνάμει
1216 817 1542 886 προέχοντα,
1569 815 1638 867 τὰ
1668 814 1946 884 ἀνήκεστα

350 910 622 982 ἔπραττον
641 926 656 942 ο
696 911 1043 980 ὁρμητήριον
1075 908 1137 962 τὸ
1166 907 1302 960 αὐτὸ
1330 907 1457 978 ὅρος
1495 904 1947 975 ποιούμενοικαὶ

350 1001 715 1074 προσφύγιον.
753 997 980 1070 Χρόνων
1008 999 1298 1070 τοιγαροῦν
1326 999 1384 1050 ἐν
1412 995 1491 1067 τῷ
1528 999 1681 1068 μέσῳ
1707 993 1946 1050 διελθόν-

347 1111 455 1148 των
482 1095 582 1146 ούκ
607 1093 828 1162 ὀλίγων.
857 1089 1171 1146 ἐπανελθὼν
1195 1091 1223 1143 6
1289 1089 1795 1157 ἀπόστολος-«Ἄγε
1830 1105 1946 1158 μοι,

347 1186 550 1257 φησὶν,
587 1186 678 1237 ἐπὶ
714 1185 936 1238 πάντων
971 1183 1108 1254 πρὸς
1137 1183 1229 1236 τὸν
1263 1181 1603 1244 ἐπίσκοπον,
1634 1179 1732 1252 τὴν
1765 1197 1949 1245 παρα-

348 1277 526 1349 θήκην
564 1278 630 1346 ἢν
678 1276 1001 1346 παρεθέμην
1041 1293 1124 1328 σοι
1175 1275 1269 1328 ἐπὶ
1306 1274 1548 1345 μάρτυρι
1595 1273 1714 1344 Θεῷ
1748 1274 1840 1326 καὶ
1881 1275 1946 1344 τῇ

359 1369 678 1440 Ἐκκλησία.
719 1388 737 1420 ι
778 1369 836 1422 Ὀ
870 1369 926 1422 δὲ
958 1368 1261 1430 ἐπίσκοπος
1287 1368 1382 1422 ἐπὶ
1413 1367 1475 1420 τὸ
1505 1367 1712 1438 ῥήματι
1741 1365 1948 1420 ἐκπλα-

345 1461 487 1530 γείς·
513 1459 736 1530 ἐνόμιζε
757 1460 868 1530 γὰρ
893 1461 1151 1531 χρήματα
1175 1459 1324 1529 αὐτῷ
1351 1475 1476 1512 τινα
1502 1458 1948 1529 παρατεθειμένα

345 1553 559 1622 ζητεῖν·
585 1551 638 1604 τί
663 1552 758 1604 καὶ
781 1551 963 1618 λέγειν
985 1553 1206 1622 ἠπόρει.
1246 1551 1304 1603 ὐ
1334 1551 1392 1604 δὲ
1429 1551 1687 1621 Ἰωάννης
1707 1550 1784 1614 ὡς
1807 1547 1948 1603 εἶδεν

345 1644 512 1696 αὐτὸν
544 1643 956 1714 ἀμηχανοῦντα·
1015 1661 1034 1695 ι
1080 1643 1218 1712 ’Λγε
1267 1661 1394 1713 μοι,
1433 1644 1568 1714 φησὶ
1607 1644 1772 1697 πάλιν
1810 1641 1948 1716 πρὸς

345 1735 535 1800 αὐτὸν,
560 1734 606 1788 ὦ
638 1735 930 1801 ἐπίσκοπε,
961 1735 1054 1789 τὸν
1081 1735 1304 1788 νεανίαν
1342 1735 1554 1789 ἐκεῖνον
1581 1735 1640 1788 ὃν
1667 1753 1750 1788 σοι
1782 1753 1949 1808 παρε-

2051 529 2293 582 minibus
2346 541 2410 580 ac
2443 528 2860 595 corruptoribus
2918 528 3388 593 COIIltIIlSt'CHllII‘;
3437 528 3643 596 princi-

2049 621 2138 688 pio
2185 619 2402 688 quidem
2454 633 2482 671 a
2533 619 2775 672 factiosis
2838 619 3163 687 quibusdmu
3219 619 3373 681 viris,
3447 619 3538 688 qui
3592 633 3646 672 et

2049 711 2149 780 ipsi
2214 711 2577 781 perditissimi
2639 721 2857 774 essent,
2941 711 3006 764 ad
3065 720 3382 779 sumptuosa
3457 712 3646 764 convi-

2051 803 2134 852 via
2187 809 2583 870 provocatum;
2621 809 2733 853 tum
2785 801 2854 856 ad
2895 799 3060 868 furta,
3103 815 3166 854 ac
3211 790 3584 870 gruesationcs
3627 818 3640 854 :

2050 905 2388 960 prorsusque
2439 889 2784 945 facinoribus
2815 890 3086 960 ejusmodi
3138 891 3519 961 depravatum,
3558 901 3645 946 at-

2051 997 2212 1063 quea
2259 991 2412 1036 recto
2451 982 2772 1048 abductum,
2817 997 2882 1036 ac
2911 983 3130 1037 demum
3169 983 3232 1036 in
3256 992 3494 1039 montem
3551 984 3647 1039 ad-

2051 1077 2294 1140 ductum,
2317 1074 2705 1144 communique
2737 1089 2927 1130 eorum
2950 1074 3183 1131 consilio
3213 1075 3488 1130 latronum
3537 1075 3644 1130 du-

2050 1179 2166 1221 cem
2192 1175 2471 1232 ‘creatum,
2503 1175 2763 1236 tanquam
2793 1168 2882 1236 qui
2915 1174 3127 1222 statura
3171 1169 3423 1238 corporis
3457 1183 3521 1224 ac
3559 1183 3648 1222 ro-

2052 1257 2184 1312 bore
2209 1265 2518 1326 prmstarel,
2554 1257 2954 1312 immanissima
2986 1258 3193 1325 pariter
3227 1258 3493 1328 agitasse;
3521 1273 3644 1312 cum

2050 1350 2151 1404 sibi
2201 1349 2277 1402 illi
2324 1357 2564 1402 montem
2612 1349 2785 1413 illttm,
2817 1363 2916 1404 ceu
2974 1358 3189 1416 portmn
3241 1351 3532 1418 quemdam
3583 1366 3647 1403 ac

2031 1430 2258 1512 asylum
2317 1439 2594 1494 fecissent.
2634 1439 2854 1494 Interim
2906 1450 3090 1495 autem
3129 1455 3234 1494 non
3287 1442 3500 1496 modico
3535 1441 3648 1496 ela-

2051 1549 2148 1603 pso
2199 1542 2465 1604 tempore,
2501 1549 2779 1588 reversum
2811 1537 3028 1591 tandem
3071 1535 3406 1607 apostolum,
3443 1539 3513 1591 ita
3557 1553 3644 1605 pa-

2052 1624 2158 1678 lam
2211 1625 2467 1678 oumibus
2523 1625 2781 1693 episcoyo
2845 1625 3052 1682 dixisse
3105 1644 3118 1682 :
3185 1644 3206 1678 ‹
3251 1626 3410 1680 Modo
3465 1627 3648 1696 profer

2052 1717 2378 1786 depositum,
2411 1719 2557 1787 quod
2592 1719 2686 1773 tibi
2723 1719 2823 1774 sub
2855 1720 2964 1774 Deo
2998 1729 3156 1786 teste,
3194 1733 3260 1774 ac
3315 1719 3583 1786 Ecclesia,
3613 1739 3643 1778 a

347 1824 526 1895 θέμην
545 1825 622 1888 ὼς
655 1826 966 1896 ἐπισκόπῳ.
1001 1843 1018 1876 ι
1071 1825 1128 1878 '0
1150 1825 1208 1878 δὲ
1239 1826 1492 1879 νεανίαν
1519 1826 1782 1889 ἀκούσας,
1822 1843 1944 1878 στε-

2055 1823 2143 1863 me
2192 1810 2573 1880 consignatum
2633 1811 2823 1866 babes.
2888 1830 2909 1864 ι
2961 1809 3323 1884 Obstupuisse
3373 1824 3551 1868 autem
3593 1816 3646 1868 in

347 1916 520 1980 νάξας
559 1915 702 1988 μέγα
731 1917 828 1970 καλ⁸
849 1917 1082 1986 πικρὸν,
1108 1912 1230 1970 εἶτα
1251 1916 1552 1987 δακρυθεῖς
1571 1957 1586 1984 ,
1621 1937 1642 1970 ε
1673 1918 1950 1989 Τέθνηκεν

349 2010 584 2073 ἐκεῖνος,
630 2029 649 2062 ι
677 2009 816 2080 πρὸς
857 2009 1118 2082 Ἰωάννην
1149 2010 1537 2081 ἀποκρίνεται.
1577 2011 1688 2065 Καὶ
1721 2011 1888 2074 εὐθὺς
1921 2013 1950 2064 6

360 2099 643 2169 Ἰωάννης·
675 2118 694 2151 ι
734 2101 858 2164 Πῶς
890 2101 922 2173 ἢ
949 2101 1088 2172 ποίῳ
1121 2102 1312 2172 τρόπῳ
1337 2141 1350 2165 ,
1392 2101 1541 2156 εἰπέ.
1569 2121 1588 2154 ›
1625 2101 1684 2154 ὐ
1709 2101 1766 2156 δὲ
1801 2119 1816 2154 ι
1847 2101 1950 2156 Τὸν

347 2193 627 2248 ἀπευκτὸν
669 2195 769 2265 τῆς
797 2195 1008 2279 ψυχῆς,
1051 2195 1219 2267 φησὶ,
1263 2194 1514 2252 θάνατον.
1581 2195 1788 2268 Ἀπέϐη
1841 2195 1950 2265 γὰρ

349 2285 620 2358 πονηρὸς,
638 2287 731 2339 καὶ
759 2286 998 2358 ἐξώλης,
1027 2288 1127 2341 καὶ
1153 2287 1361 2362 λῃστὴς
1394 2287 1720 2358 βιαιότατος.
1747 2308 1764 2340 ι
1787 2289 1896 2342 Καὶ
1923 2290 1950 2342 6

391 2379 714 2443 ἀπόστολοςο
747 2400 764 2432 ι
795 2381 978 2436 Καλόν
1003 2399 1090 2449 σε,
1113 2376 1158 2436 ὦ
1177 2383 1468 2448 ἐπίσκοπε,
1499 2384 1824 2454 φύλακατῆς
1843 2382 1948 2453 ψυ-

354 2471 458 2544 χῆς
486 2473 805 2545 κατέστησα
833 2475 928 2528 τοῦ
966 2475 1190 2544 παιδός;
1225 2496 1244 2528 ›
1282 2476 1467 2530 Ταῦτα
1495 2474 1686 2540 εἰπὼν,
1723 2477 1819 2530 καὶ
1858 2475 1948 2529 ἴπ-

357 2580 461 2620 πον
487 2567 750 2638 αἰτήσας,
784 2567 902 2638 ἅμα
932 2569 1027 2622 καὶ
1066 2568 1318 2638 ὁδηγοὺς,
1346 2571 1441 2640 τῆς
1469 2571 1550 2633 εἰς
1569 2569 1631 2622 τδ
1656 2568 1950 2640 )ιῃδ’τήριον

347 2657 674 2730 ἀπαγούσης
709 2660 922 2732 ἥπτετο
953 2661 1165 2732 τρίϐου.
1196 2662 1308 2714 Καὶ
1351 2661 1426 2725 ὡς
1458 2658 1606 2732 εῖχεν
1637 2661 1835 2734 ήλαυνε
1873 2661 1950 2734 τῷ

345 2750 502 2821 ἵππῳ
543 2751 770 2816 ἐπιϐὰς,
811 2751 1140 2823 βουλόμενος
1181 2751 1244 2805 τὸ
1291 2753 1564 2824 πλανηθέν
1605 2753 1949 2806 ἀνακαλέσα-

343 2839 476 2895 σθαι
507 2841 802 2912 πρόϐατον.
836 2843 947 2895 Καὶ
977 2841 1042 2913 δὴ
1067 2842 1283 2911 φθάσας
1312 2842 1407 2896 ἐπὶ
1445 2843 1506 2896 τὸ
1545 2842 1671 2914 ὅρος
1692 2883 1706 2909 ,
1737 2842 1952 2913 λαμϐά-

339 2950 499 2988 νεται
529 2934 636 2988 ὑπὸ
658 2935 754 3035 τῆις
787 2935 1152 3006 προφυλακῆς
1183 2935 1290 2989 τῶν
1320 2934 1560 3007 λῃστῶν,
1595 2935 1764 3006 μηδὲν
1797 2936 1952 2989 ἀντι-

337 3027 565 3091 τείνων,
605 3028 640 3099 ἢ
699 3027 895 3098 ἕτερον
949 3028 1147 3096 λέγων,
1202 3027 1318 3082 ἀλλ’
1353 3029 1386 3100 ἧ
1427 3028 1587 3082 τοῦτο
1622 3029 1718 3082 καὶ
1759 3029 1947 3100 μόνον’

345 3136 372 3172 ι
407 3120 503 3183 Ei;
531 3119 626 3173 τὸν
653 3119 893 3191 ἄρχοντα
921 3120 1076 3191 ὑμῶν
1100 3112 1341 3190 ἀγάγετέ
1368 3139 1454 3191 με.
1491 3141 1510 3172 ι
1557 3121 1614 3174 '0
1637 3121 1692 3174 δέ
1721 3121 1952 3194 λῂσταρο

337 3229 441 3286 χος
478 3213 555 3276 ὡς
607 3215 768 3284 μόιον
821 3214 1093 3268 ἐθεάσατο
1141 3213 1232 3267 τὸν
1299 3214 1555 3286 Ἰωάννην
1614 3216 1948 3287 ἐρχόμενον,

338 3305 486 3362 καθὸ
530 3307 1061 3377 παρεσκευασμένος
1106 3306 1290 3360 ἵστατο
1339 3306 1434 3360 καὶ
1488 3307 1950 3378 καθωπλισμένος

341 3401 448 3454 σὺν
480 3399 665 3462 αὐτοῖς
693 3402 802 3462 τοῖς
828 3401 926 3470 τῆς
957 3399 1212 3474 λῃστείας
1241 3401 1619 3471 παρασήμοις,
1652 3400 1845 3472 ῷχετο.
1892 3403 1950 3454 ’0

337 3491 404 3544 δὲ
457 3491 719 3560 Ἰωάννης
749 3489 943 3561 ὥσπερ
988 3491 1083 3544 τοῦ
1128 3493 1337 3562 γήρους
1383 3475 1810 3568 ἐπιλαθόμενος,
1856 3493 1950 3546 καὶ

338 3585 554 3648 παντὸς
600 3583 762 3638 ἄλλου
811 3583 908 3637 τοῦ
953 3583 1060 3638 ἀπὸ
1111 3585 1212 3655 τῆς
1253 3585 1478 3655 πορείας
1525 3585 1810 3656 καμάτου,
1858 3585 1948 3638 τὶν

340 3677 736 3748 ὑποφεύγοντα
765 3675 1066 3730 κατεδίωκε
1089 3717 1102 3739 ,
1131 3675 1352 3748 κράζων
1383 3675 1598 3747 μεγάλα
1619 3679 1716 3730 καὶ
1746 3676 1944 3746 λέγων·

344 3789 369 3822 ι
405 3769 599 3840 Στῆθι,
654 3772 868 3833 τέκνον,
908 3768 982 3840 μὴ
1029 3769 1220 3838 φοϐοῦ.
1271 3769 1337 3822 Τί
1381 3787 1448 3840 με
1484 3769 1706 3838 φεύγεις
1735 3771 1825 3823 τὸν
1858 3770 1947 3824 σὺν

339 3862 602 3934 πατέρα;
640 3861 706 3914 Τί
740 3880 830 3933 μοι
858 3861 1063 3924 κόπους
1100 3859 1404 3937 παρέχεις;
1437 3862 1723 3934 Οἴκτειρόν
1765 3880 1830 3933 με
1855 3861 1946 3916 τὸν

339 3957 610 4026 γέροντα⁸
649 3955 794 4026 ἔχεις
826 3954 1019 4008 ἐλπίδα
1052 3955 1332 4027 σωτηρίας
1353 3973 1366 3986 ·
1404 3954 1515 4024 ἐγὼ
1552 3955 1694 4027 ὑπὲρ
1727 3955 1820 4009 σοῦ
1847 3956 1944 4027 την

339 4050 531 4121 ψυχήν
573 4067 675 4120 μου
718 4047 890 4119 θήσω,
938 4048 1014 4112 ὡς
1049 4049 1077 4101 6
1115 4047 1322 4120 Κύριος
1359 4048 1499 4120 ὑπὲρ
1540 4048 1722 4119 ήμῶν.
1767 4049 1947 4102 Μόνον

343 4141 533 4214 στῆθι,
566 4141 776 4206 τέκνον,
810 4139 1086 4194 πιστεύων
1115 4140 1198 4193 ὅτι
1230 4141 1258 4193 6
1295 4140 1530 4210 Χριστός
1564 4157 1632 4212 με
1657 4141 1946 4194 ἀπέστειλε

333 4231 446 4302 τὴν
471 4231 752 4302 σωτηρίαν
785 4247 870 4284 σοι
897 4229 964 4283 δι’
993 4224 1130 4300 sua-3
1163 4221 1646 4300 προμηθούμενος.
1695 4229 1818 4282 Ἐπ’
1846 4232 1946 4301 ἐμὲ

333 4322 406 4376 τὸ
440 4321 664 4392 φορτίον
691 4321 800 4374 τῶν
832 4320 1122 4392 ἁμαρτιῶν
1155 4337 1272 4386 σου,
1317 4319 1406 4372 ἐπ’
1437 4319 1538 4388 ἐμὲ
1563 4319 1622 4372 τὸ
1660 4313 1798 4389 αἷμα
1838 4321 1946 4372 τῶν

335 4417 458 4471 ἀπὸ
503 4416 598 4470 σοῦ
636 4417 838 4480 ἀδίκως
872 4414 1299 4484 ἀναιρεθέντων.
1361 4431 1380 4465 ι
1423 4413 1614 4467 Ταῦτα
1660 4415 1878 4467 ἀκούων
1918 4415 1946 4466 6

335 4509 672 4582 ἀποτρέχων
702 4506 1011 4571 νεανίσκος,
1036 4506 1168 4578 έστη
1201 4505 1364 4576 ῥίψας
1389 4505 1458 4558 τά
1474 4505 1638 4570 ὅπλα,
1668 4506 1761 4560 καὶ
1777 4507 1945 4576 πρόσ-

333 4619 452 4656 εισι
477 4601 557 4674 τῷ
589 4600 834 4672 Ἰωάννῃ,
860 4600 1081 4670 τρέμων
1103 4597 1241 4669 ὁμοῦ
1279 4599 1374 4652 καὶ
1404 4598 1610 4652 κλαίων
1669 4599 1940 4669 σφοδρῶς,

334 4695 422 4760 ὡς
479 4695 616 4766 μηδὲ
676 4693 1014 4764 φθέγγεσθαι.
1066 4693 1174 4746 ὑπὸ
1225 4693 1336 4746 τῶν
1381 4692 1636 4764 δακρύων
1693 4693 1942 4763 ἰσχύειν,

340 4785 588 4856 μάλιστα
614 4783 694 4856 τῷ
723 4786 788 4837 ἐκ
823 4782 918 4836 τοῦ
963 4782 1196 4847 πένθους
1227 4782 1424 4854 λυγμῷ
1469 4787 1572 4854 τῆς
1607 4783 1792 4854 φωνῆς
1824 4785 1943 4836 ἐπι-

337 4877 717 4948 κοπτομένης.
762 4877 821 4929 ’0
857 4875 913 4928 δὲ
959 4875 1216 4947 Ἰωάννης
1264 4875 1490 4946 θαρρεῖν
1531 4876 1711 4946 αὐτῷ,
1758 4893 1942 4944 παρα-

334 4968 707 5038 κελευόμενος
727 4967 821 5021 κα“ι
846 4967 1063 5036 χρηστὰ
1097 4966 1424 5038 προσδυκᾷν,
1453 4967 1539 5030 είς,
1566 4966 1942 5038 πληροφορίαν

335 5057 421 5113 ῶν
448 5077 509 5113 τε
540 5059 692 5112 λείαν
729 5057 1178 5130 παραθαρρύνων
1209 5059 1404 5124 αὑτὸν,
1439 5060 1596 5130 ἔλεγε
1632 5059 1706 5131 μὴ
1749 5061 1943 5130 ἀπογι-

329 5149 580 5204 νώσκειν
613 5149 710 5222 τὴν
743 5148 938 5202 ἐαυτοῦ
968 5134 1244 5221 σωτηρίαν
1265 5166 1279 5180 ³
1313 5153 1602 5222 κατεφίλει
1632 5153 1732 5221 τὴν
1758 5153 1942 5219 δεξιὰν

331 5242 510 5296 αὐτοῦ
549 5245 732 5316 χεῖρα,
772 5241 853 5296 ἔτι
883 5241 1056 5314 αὐτὴν
1097 5243 1431 5314 ᾑμαγμένην
1449 5245 1684 5311 -λαϐὼν,
1720 5246 1796 5309 ὡς
1839 5245 1940 5318 ήδη

331 5335 721 5406 καθαρθεῖσαν
741 5337 858 5398 τοῖς
887 5335 1174 5406 δάκρυσιν·
1209 5334 1266 5389 ὃν
1295 5337 1388 5390 καὶ
1412 5335 1796 5408 διορθούμενος
1820 5339 1942 5402 ταῖς

328 5421 748 5494 διδασκαλίαις,
782 5421 1001 5476 καὶτοῦ
1035 5422 1334 5496 πτώματος
1367 5427 1624 5492 ἀνιστῶν,
1647 5428 1708 5480 ού
1738 5427 1940 5499 πρότερ

332 5533 438 5589 ρον
468 5517 684 5586 ἀπέστη
717 5515 788 5570 τὰ
826 5517 966 5585 πρὸς
1003 5517 1346 5589 ἐπιστροφὴν
1385 5520 1481 5573 καὶ
1521 5519 1814 5591 διόρθωσιν
1843 5516 1938 5573 τοῦ

327 5609 684 5672 ἀποστάντος
713 5609 968 5675 ἐπινοῶν,
999 5610 1103 5673 ἓως
1133 5613 1300 5666 αὐτὸν
1336 5611 1501 5667 πάλιν
1524 5617 1590 5684 τῇ
1635 5613 1938 5685 Ἐκκλησία

329 5704 649 5772 συνήγαγε·
683 5704 814 5756 πᾶσι
840 5705 950 5765 τοῖς
977 5704 1278 5774 μετέπειτα
1325 5705 1384 5758 τὸ
1409 5707 1534 5777 περὶ
1557 5707 1645 5760 τὸν
1673 5711 1937 5778 νεώτερον

331 5793 555 5846 ἐκεῖνον
576 5809 812 5864 ·ίεγενη;ρ
831 5793 946 5845 ἐνον
970 5797 1262 5861 intracia;
1281 5797 1610 5866 εἰλικρινοῦς
1637 5798 1937 5866 ὑπόδκγμα

2053 1902 2223 1956 verbo
2272 1903 2372 1957 hoc
2419 1905 2736 1974 episcopum
2793 1905 3046 1974 (putabat
3079 1907 3226 1960 enim
3286 1907 3642 1976 pecuniarum

2053 1995 2256 2065 aliquid
2284 1993 2546 2052 Joannem
2574 2012 2846 2066 quaerere,
2880 2000 3024 2068 quod
3085 1999 3330 2068 deposito
3389 1998 3645 2054 tradidis-

2053 2093 2180 2159 sel),
2225 2088 2449 2142 dubium
2513 2093 2699 2144 animo
2756 2091 2888 2161 quid
2945 2095 3326 2160 responderet.
3377 2083 3642 2146 Joannem

2055 2195 2206 2246 vero,
2233 2195 2357 2236 cum
2401 2183 2480 2238 sic
2517 2183 2731 2253 inopem
2777 2185 2993 2239 consilii
3029 2187 3260 2250 rideret,
3313 2185 3440 2238 talia
3495 2186 3644 2240 intu—

2053 2271 2180 2327 lisse
2231 2289 2246 2327 :
2289 2289 2308 2324 ι
2348 2273 2556 2340 Adduc,
2613 2291 2646 2328 ο
2682 2275 2960 2344 episcope,
2993 2289 3154 2344 quem
3216 2275 3312 2329 tibi
3377 2284 3642 2344 tanqumu

2052 2365 2310 2434 episcopo
2359 2365 2760 2420 adolescentem
2811 2367 3061 2435 deposito
3125 2367 3346 2422 tradidi.
3391 2385 3411 2418 ›
3464 2366 3644 2423 Illum.

2053 2470 2176 2510 cum
2221 2455 2607 2511 adolescentem
2654 2460 2920 2524 audisset,
2960 2459 3162 2527 ingenti
3200 2473 3506 2526 antaroque
3545 2473 3644 2530 ge~

2054 2551 2213 2614 mitu,
2249 2550 2584 2618 subiudeque
2619 2550 2670 2602 in
2708 2549 2977 2622 lacrymas
3015 2551 3278 2621 otiosum,
3307 2549 3502 2604 Joanni
3556 2567 3646 2604 res

2053 2642 2360 2710 spondisse,
2413 2659 2536 2698 eum
2589 2651 2864 2697 mortuum
2895 2659 3038 2699 esse.
3080 2644 3390 2713 Statimque
3423 2658 3648 2713 percon-

2057 2742 2204 2787 tante
2227 2731 2458 2800 Joanne,
2493 2735 2788 2804 quomodo,
2817 2744 2910 2788 aut
2937 2751 3041 2805 qua
3067 2737 3117 2790 id
3150 2738 3360 2792 ratione
3385 2737 3637 2800 haberet,

2006 2859 2023 2870 ρ
2053 2825 2255 2880 dixisse
2285 2827 2642 2896 episcopum,
2692 2829 3091 2897 deprecabilem
3142 2830 3340 2884 anima:
3393 2841 3646 2886 mortem.

2059 2935 2076 2972 ι
2115 2921 2348 2986 Etenim,
2381 2921 2581 2990 inquit,
2613 2923 2786 2975 erasit
2814 2938 3048 2990 ucqtuun
3077 2937 3142 2977 ac
3186 2924 3454 2992 perditus,
3490 2925 3658 2982 latr-01

2055 3027 2294 3082 numque
2315 3015 2676 3070 saevissimus.
2719 3014 3008 3082 ιΤυιιιηιιο
3036 3032 3157 3069 eum
3188 3016 3255 3070 ad
3279 3017 3592 3087 episcopum
3632 3036 3646 3070 :

2063 3122 2082 3156 ι
2137 3105 2342 3159 Bonum
2371 3115 2442 3172 te,
2473 3121 2505 3162 ο
2553 3091 2830 3177 episeopo,
2865 3107 3224 3164 adolescentis
3272 3109 3468 3163 animte
3508 3125 3654 3164 con-1

2056 3199 2206 3254 Sliltti
2243 3199 2569 3254 custodem?
2611 3217 2630 3252 ι
2674 3200 2880 3269 llis-que
2909 3199 3091 3266 dictis,
3143 3215 3209 3253 ac
3253 3201 3422 3270 petito
3461 3214 3648 3270 equo,

2059 3309 2158 3350 nec
2191 3310 2297 3349 non
2327 3295 2426 3349 vite
2451 3295 2706 3364 ducibus,
2745 3297 2846 3350 iter
2867 3296 2934 3350 ad
2963 3297 3231 3350 latronum
3277 3294 3408 3350 illud
3459 3295 3649 3350 diver-

2053 3389 2258 3443 sorium
2291 3389 2620 3459 arbipuisse,
2645 3389 2828 3444 studio
2860 3391 2979 3444 oris
3015 3389 3256 3443 errantis
3305 3389 3650 3443 revocandam.

2051 3481 2130 3536 Ac
2153 3495 2309 3547 sane,
2337 3497 2461 3535 cum
2483 3482 2726 3536 venisset
2757 3482 2824 3535 ad
2853 3489 3116 3545 montem,
3150 3495 3179 3533 α
3209 3475 3486 3534 latronum
3536 3494 3642 3536 ex:

2053 3575 2224 3630 cubiis
2247 3584 2466 3644 captum
2500 3589 2644 3641 esse,
2681 3589 2803 3630 cum
2839 3575 2974 3629 nihil
3005 3577 3119 3644 ipse
3149 3575 3510 3641 olniiteretur,
3545 3591 3646 3630 nec

2052 3667 2197 3722 aliud
2251 3667 2548 3738 quidquam
2601 3669 2842 3734 diceret,
2874 3677 3073 3738 praeter
3109 3669 3212 3722 hoc
3241 3667 3419 3722 solum
3452 3683 3468 3721 :
3505 3688 3524 3722 ‹
3566 3671 3646 3724 Ad

2053 3771 2295 3815 vestrum
2325 3775 2412 3814 me
2435 3761 2627 3814 ducem
2673 3759 2950 3819 adducite.L
2985 3777 3004 3822 ρ
3037 3759 3340 3824 Caeterum,
3372 3759 3646 3817 iatronum

2051 3856 2374 3926 principem,
2428 3863 2487 3910 ut
2523 3863 2732 3909 tantum
2784 3855 3090 3924 aspexisset
3127 3855 3438 3909 venientem
3481 3853 3647 3910 Joan-

2053 3965 2198 4014 nem,
2224 3963 2332 4018 quo
2372 3948 2560 4004 habitu
2591 3949 2892 4003 instructus
2924 3957 3281 4017 armatusque
3313 3964 3436 4002 eum
3457 3950 3644 4016 Sociis,

2052 4043 2321 4098 lat'ronum
2354 4041 2714 4098 nobilissimis
2766 4041 2970 4107 stabat,
2993 4041 3312 4112 aufugisse.
3339 4040 3642 4108 Joatmem,

2051 4133 2198 4188 velut
2229 4134 2544 4199 senectutis,
2584 4149 2648 4188 ac
2680 4133 2848 4188 totius
2893 4133 2960 4187 ab
2993 4133 3192 4188 itinere
3244 4132 3470 4201 laboris,
3501 4135 3640 4188 obli-

2053 4235 2187 4290 tum,
2219 4223 2514 4294 fugientem
2549 4229 2854 4280 insecutum
2885 4239 3026 4286 esse.
3060 4225 3232 4278 altum
3279 4224 3405 4293 quid
3441 4223 3495 4278 in
3527 4225 3644 4280 haec

2050 4319 2212 4375 verba
2239 4322 2608 4374 clamantem:
2647 4335 2666 4369 ι
2703 4318 2876 4384 Siste,
2909 4317 3004 4378 ﬁli,
3041 4334 3108 4372 ne
3135 4317 3346 4372 timeas.
3372 4316 3512 4384 Quid
3559 4335 3645 4373 me

2051 4421 2202 4466 tuum
2245 4421 2454 4481 patrem
2510 4410 2692 4482 fugis?
2723 4409 2866 4478 Quid
2903 4406 3033 4464 mihi
3069 4408 3314 4464 laborem
3367 4409 3544 4464 facis?
3568 4410 3649 4463 Te.

1977 4505 2020 4560 D
2051 4506 2155 4560 mei
2189 4503 2342 4560 senis
2387 4505 2674 4570 misereat;
2700 4514 2786 4557 est
2827 4519 2953 4572 spes
3003 4501 3228 4557 salutis:
3263 4518 3362 4572 ego
3403 4503 3640 4556 animmu
3723 4497 3734 4506 ’

2049 4615 2225 4653 meam
2267 4614 2366 4666 pro
2398 4607 2450 4652 te
2482 4614 2704 4665 ponam,
2730 4614 2836 4665 qua
2869 4597 3134 4650 Dominus
3162 4599 3372 4651 ratione
3416 4611 3644 4665 prono-

2048 4690 2132 4746 bis
2191 4691 2393 4760 posuit.
2443 4689 2680 4745 Tantum
2731 4689 2888 4753 siste,
2925 4688 3042 4752 lili',
3074 4687 3126 4741 id
3183 4689 3368 4765 animo
3425 4689 3641 4742 [irinum

2047 4783 2252 4838 habens
2282 4783 2505 4838 missum
2543 4799 2627 4835 me
2656 4782 2720 4836 ad
2757 4793 2808 4836 te
2853 4796 2883 4834 α
2933 4779 3181 4845 Christo,
3213 4780 3304 4848 qui
3347 4788 3497 4834 tuam
3546 4793 3644 4848 per

2047 4891 2135 4930 me
2163 4875 2398 4930 salutem
2425 4885 2597 4929 curet.
2632 4871 2690 4928 In
2725 4889 2812 4928 me
2849 4873 2919 4927 sit
2946 4888 3083 4928 onus
3133 4882 3349 4925 tuorum
3381 4880 3640 4940 peccato-

2044 4985 2164 5024 rum
2196 4987 2209 5023 :
2253 4969 2304 5022 in
2327 4985 2425 5022 -me
2463 4985 2650 5023 eorum
2686 4968 2936 5040 sanguis,
2969 4966 3060 5036 qui
3107 4974 3199 5018 tua
3240 4962 3440 5032 injuste
3473 4979 3635 5019 manu

2049 5061 2317 5116 interfecti
2342 5071 2488 5116 sunt.
2537 5079 2553 5111 ι
2595 5058 3049 5138 llaec-audientem
3083 5055 3328 5125 fugacem
3353 5055 3636 5124 juvenem,

2045 5153 2264 5208 stetisse
2322 5151 2576 5218 projectis
2640 5151 2832 5216 armis,
2858 5166 2923 5206 ac
2955 5152 3022 5204 ad
3079 5149 3368 5214 Joannem,
3397 5159 3640 5205 tremore

2045 5247 2250 5316 pariter
2273 5261 2336 5300 ac
2367 5244 2498 5300 ﬂetu
2531 5244 2732 5308 valido,
2765 5254 2824 5298 ut
2868 5257 2939 5300 ne
2978 5243 3198 5313 quidem
3249 5242 3396 5312 loqui
3427 5258 3522 5312 per
3563 5242 3642 5296 la-

2045 5349 2260 5409 crymas
2302 5336 2593 5401 sineretur,
2621 5335 2859 5406 singultu
2885 5336 3120 5390 maxime
3157 5349 3187 5388 a
3219 5333 3364 5387 luctu
3409 5348 3475 5388 ac
3507 5348 3644 5387 mu:-

2046 5445 2172 5486 rore
2202 5445 2386 5485 vocem
2418 5428 2798 5490 intercidente,
2827 5427 3148 5482 accessisse.
3174 5423 3466 5486 Joannem,
3495 5423 3640 5477 bono

2043 5525 2228 5580 animo
2256 5515 2562 5591 ~jubentem
2602 5533 2723 5575 esse
2746 5562 2761 5586 ,
2793 5536 2856 5576 ac
2893 5522 3063 5575 bonas
3104 5533 3329 5590 sperare
3360 5559 3375 5584 ,
3420 5525 3628 5572 certam

2043 5618 2265 5671 oumino
2287 5613 2538 5670 fiduciam
2576 5614 2790 5678 fecisse,
2826 5628 2891 5668 ac
2939 5627 3008 5670 ne
3049 5613 3114 5668 de
3149 5627 3245 5668 sua
3277 5611 3454 5677 salute
3486 5623 3638 5680 spem

2034 5697 2323 5774 'abjieeret,
2349 5704 2621 5761 edixisse:
2647 5705 2765 5774 ejus
2801 5704 3109 5760 osculatqu
3163 5704 3470 5768 dexteram,
3513 5715 3637 5754 cum

2042 5800 2218 5852 adhuc
2275 5807 2555 5853 cruentam
2617 5797 2964 5868 accepisset,
3016 5797 3164 5852 velut
3206 5797 3316 5866 jam
3380 5791 3639 5856 lacrvmis
