4064 6422
399 330 533 402 iul

1557 325 1839 388 ORATIO
1881 325 1962 386 1N
1999 319 2362 384 PSALMUM
2402 317 2501 380 VI.

3503 311 3642 376 114$!

466 442 656 500 Ταῦτα
693 443 788 496 καὶ
819 439 1046 494 πλείονα
1079 441 1288 493 τούτων
1313 441 1437 501 ταῖς
1476 438 1709 504 ἐξοδίοις
1749 436 1922 507 ὥραις
1943 437 1972 488 ὁ

2144 432 2271 486 Haec
2297 439 2360 484 ac
2399 430 2466 485 iis
2502 427 2654 498 plura
2701 424 2966 482 confitens
3000 423 3140 479 latro
3175 423 3306 478 liora
3341 423 3542 486 exitus,
3579 439 3641 476 ac

397 534 602 608 λῃστὴς
633 530 1158 602 ἐξομολογούμενος,
1194 531 1288 584 καὶ
1314 530 1382 582 sit
1417 529 1631 600 δάκρυα
1665 523 1750 590 οἷς
1800 527 1972 580 ἱλεού-

400 642 564 697 μενος
592 624 684 678 τὸν
727 623 864 677 Θεὸν
886 662 904 686 ,
933 621 1126 676 ἐαυτὸν
1158 620 1446 692 περιέρρει
1476 659 1490 684 ,
1530 618 1613 689 τῷ
1641 621 1740 690 τῆς
1774 617 1970 672 ἐαυτοῦ

399 715 647 786 κεφαλῆς
679 712 1140 785 περικαλύμματι
1167 711 1512 781 ἀπομάσσων
1533 750 1546 774 ,
1591 709 1880 781 παρέδωκε
1911 707 1972 761 τὸ

398 806 624 878 πνεῦμα
652 821 669 838 °
703 807 781 869 ὠς
830 805 1058 875 ὕστερον
1100 803 1252 875 παρὰ
1284 803 1394 856 τῶν
1431 801 1973 874 συμπαρακειμένων

399 899 554 970 αὐτῷ
623 895 872 968 ἀκριϐῶς
917 899 946 951 ό
979 895 1221 959 τοιοῦτος
1256 894 1486 958 θάνατος
1520 893 1856 965 διεγνώσθη.
1911 894 1971 946 '0

396 991 460 1046 δὲ
489 989 874 1061 φιλάνθρωπος
922 987 1056 1052 Θεὸς
1085 988 1180 1042 καὶ
1213 985 1406 1058 Σωτὴρ
1442 985 1538 1040 τοῦ
1567 985 1764 1056 γένους
1792 983 1972 1056 ἡμῶν,

399 1082 704 1154 κηδόμενος
732 1080 843 1137 τῶν
871 1081 952 1145 είς
986 1079 1150 1151 βάθος
1180 1079 1445 1134 ἐλθόντων
1479 1077 1691 1145 κακῶν,
1715 1077 1812 1132 καὶ
1835 1077 1974 1130 ἀπο-

397 1171 778 1242 γινωσκόντων
830 1171 930 1239 τὴν
979 1168 1190 1223 ἐαυτῶν
1237 1167 1540 1240 σωτηρίαν,
1584 1169 1660 1230 ὡς
1717 1167 1784 1220 ἂν
1829 1167 1976 1238 ἔχειν

397 1263 715 1327 ἀκούοντες,
753 1263 848 1315 καὶ
874 1261 982 1314 ἀπὸ
1025 1261 1126 1332 τῆς
1167 1259 1427 1330 τελευτῆς
1463 1259 1559 1314 τοῦ
1597 1258 1796 1331 λῃστοῦ
1831 1260 1977 1328 ὡφε-

397 1352 636 1417 λεῖσθαι,
652 1352 747 1404 καὶ
764 1352 864 1423 τὴν
889 1351 1228 1422 ἐπιστροφὴν
1255 1351 1328 1423 μὴ
1347 1350 1770 1420 ἀπογινώσκειν,
1795 1352 1878 1404 Ιατ
1888 1350 1977 1420 ρόν

396 1461 527 1498 τινα
553 1441 814 1514 εὐλαϐείᾳ
865 1440 1118 1506 συζῶντα
1157 1443 1283 1496 ἰδεῖν
1314 1444 1608 1514 οἰκονομεῖ,
1667 1443 1807 1496 κατά
1851 1444 1978 1505 τοὺς

399 1534 604 1598 ὕπνους
629 1536 688 1588 ἐν
715 1535 901 1606 ἐκείνῃ
929 1537 997 1606 τῇ
1030 1535 1187 1588 νυκτὶ
1213 1534 1336 1589 καθ’
1371 1537 1438 1607 ἣν
1472 1535 1566 1589 καὶ
1583 1537 1612 1588 ό
1633 1534 1838 1607 λῃστὴς
1865 1536 1981 1588 ἐτε-

396 1625 666 1696 λεύτησεν
695 1665 710 1691 ,
745 1625 1013 1688 Αίθίοπας
1062 1625 1317 1690 ἐλθόντας
1365 1625 1505 1696 πρὸς
1534 1625 1719 1691 αὐτὸν,
1758 1625 1854 1680 καὶ
1899 1621 1980 1688 οἷς

397 1718 740 1788 ἐπεφέροντο
773 1716 1005 1788 χάρταις
1043 1717 1364 1788 ἐγγράφοις,
1421 1717 1488 1770 τὰ
1535 1716 1684 1789 αὐτῷ
1723 1719 1978 1789 ἡμαρτη-

402 1809 546 1877 μένα
575 1808 755 1861 πάντα
803 1807 1266 1872 ἐπιδεικνύοντας.
1329 1808 1532 1862 Ἐδίδου
1567 1809 1624 1862 δὲ
1676 1809 1754 1879 τῷ
1804 1809 1980 1863 ταῦτα

397 1901 700 1974 θεωροῦντι
728 1901 790 1954 τὸ
825 1901 981 1972 δναρ,
1011 1903 1104 1955 καὶ
1136 1901 1232 1955 δύο
1251 1901 1406 1965 τινὰς
1436 1903 1749 1972 φωτοειδεῖς
1778 1903 1981 1973 ἄνδρας

397 1995 560 2066 ὀρᾷν,
603 1994 740 2064 πρὸς
792 1993 887 2058 οὒς
918 1995 1013 2047 καὶ
1057 1994 1186 2058 τοὺς
1222 1994 1488 2058 Αἰθίοπας
1538 1995 1814 2058 ἐκείνους,
1855 1995 1982 2058 τοῦς

399 2085 840 2154 ἐπιφερομένους
871 2085 1080 2152 χάρτας
1111 2083 1517 2150 ἐπιδεικνύναι,
1554 2084 1650 2136 καὶ
1693 2082 1980 2154 βούλεσθαι

402 2175 530 2246 μεθ’
566 2175 775 2228 ἑαυτῶν
804 2174 1108 2242 λαμϐάνειν
1135 2174 1229 2226 τὸν
1266 2174 1470 2246 λῃστήν
1491 2192 1504 2205 ·
1539 2157 1668 2238 τοὺς
1697 2175 1752 2228 δέ
1785 2192 1982 2244 φωτει-

397 2265 530 2328 νοὺς
577 2263 776 2332 ἄνδρας
821 2263 934 2316 τῶν
961 2263 1138 2317 ἄλλων
1189 2263 1570 2334 ἀποροῦντας,
1625 2265 1813 2334 ζητεῖν
1860 2259 1980 2336 ὲνῇ

399 2347 696 2411 κατέκειτο
732 2355 912 2427 κλίνῃ,
949 2356 1002 2407 εἴ
1028 2373 1144 2419 πως
1175 2354 1379 2426 εὖρωσί
1409 2373 1462 2409 τι
1491 2357 1586 2410 καὶ¹
1615 2357 1772 2410 αὐτοὶ
1795 2399 1809 2422 ,
1845 2359 1982 2428 πρῖς

399 2449 504 2518 τὴν
534 2447 643 2500 τῶν
676 2446 952 2501 Αἰθιόπων
1002 2447 1358 2518 ἀποτροπήν
1400 2449 1449 2502 οἳ
1485 2449 1580 2501 καὶ
1619 2449 1873 2520 εὑρόντες
1919 2451 1981 2504 τὸ

403 2541 503 2610 τῆς
550 2538 796 2610 κεφαλῆς
825 2537 920 2591 τοῦ
967 2537 1168 2609 λῃστοῦ
1204 2539 1605 2610 περικάλυμμα
1639 2541 1850 2612 πλῆρες
1899 2542 1980 2593 ἔτι

401 2630 658 2702 δακρύων
703 2623 777 2684 ὧν
814 2629 996 2700 ἐξέχεε
1025 2630 1312 2701 μετανοῶν
1338 2633 1395 2684 ἐν
1447 2631 1525 2700 τῷ
1564 2632 1779 2702 μέλλειν
1817 2632 1982 2686 αὑτὸν

400 2721 688 2789 τελευτᾷν,
743 2722 904 2775 τοῦτο
949 2723 1046 2774 καὶ
1084 2721 1184 2792 τὴν
1237 2721 1648 2792 φιλανθρωπίαν
1703 2723 1797 2776 τοῦ
1845 2723 1981 2776 Θεοῦ

404 2811 668 2882 βαλόντες
703 2813 785 2875 είς
809 2811 909 2882 τὴν
951 2811 1082 2881 μίαν
1117 2811 1433 2880 πλάστιγγα
1478 2813 1578 2882 τῆς
1603 2815 1908 2887 τρυτάνης,
1948 2817 1980 2886 ἢ

402 2905 503 2956 καὶ
535 2903 624 2956 διὰ
650 2903 709 2956 τὸ
743 2903 918 2974 μηδὲν
948 2903 1094 2973 ἔχειν
1118 2904 1199 2965 είς
1219 2903 1281 2956 τὸ
1308 2904 1859 2975 ἀντισταθμίζεσθαι,
1887 2909 1984 2960 καὶ

400 2998 520 3058 τοῖς
565 2996 873 3062 τιθεμένοις
921 2995 1276 3066 βαρύνεσθαι,
1331 2997 1417 3065 ἐφ’
1465 2996 1635 3064 ὕψους
1683 2999 1848 3070 ᾔρετο
1891 3001 1984 3052 καὶ

2063 524 2366 594 Ἰοοηιιιοε,
2413 519 2612 592 quibus
2642 532 2702 574 se
2729 517 2845 587 ipse
2881 516 3049 572 Deum
3085 515 3308 584 placatis
3354 515 3644 585 perfunde-

2075 615 2188 683 bat,
2219 614 2414 683 capitis
2454 611 2621 666 linteo
2661 609 2999 677 abstergens,
3042 605 3245 662 etnarit
3291 606 3548 670 animam,
3589 617 3647 660 ut

2075 707 2416 776 postmodum
2451 717 2550 774 per
2578 719 2674 760 eos
2707 701 2797 772 qui
2827 701 2990 756 vieini
3023 700 3215 755 eodem
3249 698 3647 754 decumbebant

2077 799 2216 862 loco,
2253 797 2561 852 accuratius
2589 795 2861 865 cognitum
2894 800 2996 849 est.
3024 792 3276 848 Clemens
3303 799 3485 845 autem
3509 790 3648 844 Deus

2078 905 2141 947 ac
2176 890 2422 947 Salvator
2461 889 2682 945 humani
2724 887 2960 959 generis,
3011 899 3200 941 eorum
3246 898 3432 940 curam
3483 897 3662 954 agens.

2078 985 2170 1056 qui
2222 991 2492 1040 venerunt
2539 982 2593 1038 in
2629 991 2974 1053 peccatorum
3031 977 3382 1050 profundum,
3430 991 3492 1031 ac
3537 990 3651 1031 sua;

2077 1079 2271 1136 salutis
2297 1077 2566 1150 abjiciunt
2599 1090 2774 1146 spem,
2802 1088 2932 1144 quo,
2966 1088 3030 1128 ex
3077 1071 3306 1128 latronis
3343 1080 3520 1125 morte
3552 1084 3650 1122 au-

2078 1171 2289 1228 dientes
2335 1169 2678 1226 commodum
2738 1174 3039 1236 reportent,
3095 1179 3196 1219 nec
3247 1164 3541 1232 desperent
3588 1162 3652 1215 de

2077 1262 2455 1328 conversione,
2482 1260 2584 1331 piis
2605 1258 2895 1330 quemdam
2927 1254 3173 1310 moribus
3208 1253 3499 1317 medicum,
3533 1251 3650 1321 ipsa

2081 1365 2240 1412 nocte
2285 1371 2388 1426 qua
2440 1354 2582 1408 latro
2628 1351 2904 1416 decessit,
2945 1349 2999 1403 in
3031 1347 3238 1404 somnis
3287 1345 3472 1400 videre
3522 1345 3654 1399 facit

2083 1449 2358 1503 venientes
2393 1446 2461 1502 ad
2491 1459 2614 1501 eum
2654 1441 2961 1512 )Etbiopes,
2993 1456 3058 1495 ac
3105 1439 3328 1501 chartis,
3359 1453 3496 1509 quas
3517 1438 3654 1492 scri-

2079 1553 2200 1614 ptas
2222 1541 2552 1604 inferebant,
2587 1538 2704 1609 ejus
2729 1533 2934 1592 scelera
2959 1532 3142 1589 omnia
3175 1540 3532 1587 ostentantes.
3563 1529 3654 1580 Vi-

2081 1635 2242 1690 debat
2272 1646 2488 1702 quoque
2532 1629 2725 1685 borum
2761 1635 3034 1700 spectator
3068 1640 3164 1694 per
3192 1623 3486 1684 somnium,
3521 1623 3655 1674 duas

2082 1724 2346 1795 quosdam
2392 1723 2543 1776 viros
2569 1719 2804 1784 lucidos,
2839 1719 3028 1786 eisque
3064 1713 3323 1784 praefatos
3370 1711 3656 1784 JEtltiopes

2085 1814 2261 1868 illatas
2327 1810 2667 1881 proferentes
2732 1807 2951 1862 chartas
2999 1801 3062 1860 ac
3114 1805 3546 1868 contendentes,
3601 1816 3657 1856 ut

2084 1902 2349 1958 latronem
2402 1915 2586 1957 secum
2637 1900 2950 1966 abriperent
2987 1915 3001 1952 :
3035 1895 3158 1950 illos
3195 1909 3325 1949 vero
3373 1895 3541 1958 viros,
3577 1893 3658 1947 in-

2083 2010 2266 2065 quam,
2287 1993 2407 2049 luce
2428 1991 2762 2063 splendidos,
2783 2004 2906 2045 cum
2933 1988 3038 2042 alia
3058 1988 3334 2048 deessent;
3355 1999 3660 2054 qmerentes

2085 2085 2137 2136 in
2189 2082 2352 2146 lecto,
2401 2096 2507 2152 quo
2539 2081 2584 2136 is
2613 2079 2854 2151 iacebat,
2894 2093 3024 2132 num
3067 2087 3120 2132 et
3167 2077 3272 2147 ipsi
3321 2078 3527 2146 aliquid
3579 2075 3662 2130 fu-

2084 2175 2272 2244 ganda:
2302 2175 2474 2229 turba:
2503 2174 2580 2230 illi
2599 2172 2916 2242 Ethiopttm
2937 2169 3183 2225 invenire
3211 2177 3434 2238 possent
3461 2189 3474 2223 :
3507 2184 3662 2224 cum-

2084 2280 2188 2335 que
2220 2266 2253 2320 ii
2283 2265 2511 2320 latronis
2543 2264 2672 2320 illud
2706 2261 2900 2332 capitis
2923 2261 3151 2315 linteum
3177 2259 3428 2342 lacrymis
3457 2262 3661 2322 adhuc,

2085 2375 2220 2428 quas
2259 2360 2530 2429 pcenitcns
2571 2358 2623 2412 in
2661 2357 2851 2410 mortis
2891 2354 3172 2424 procinctu
3206 2352 3510 2418 etl‘ndisset,
3539 2353 3658 2423 ple-

2085 2467 2211 2505 num
2245 2451 2608 2513 invenissent,
2641 2450 2694 2503 in
2725 2463 2888 2502 unam
2914 2455 3128 2502 statera:
3152 2445 3384 2510 lancem,
3415 2459 3478 2500 ac
3500 2445 3659 2498 simul

2087 2544 2178 2598 Dei
2209 2544 2485 2598 mittentes
2515 2541 2862 2596 clementiam
2889 2555 2904 2604 ;
2941 2554 3062 2608 quae
3089 2538 3309 2607 quidem
3343 2537 3490 2602 lanx,
3517 2539 3661 2606 quod

2086 2635 2219 2689 nihil
2272 2641 2422 2687 esset
2479 2633 2621 2702 quod
2666 2646 2735 2685 ex
2788 2631 3021 2684 adverso
3076 2629 3318 2697 pondere
3374 2637 3661 2698 gravaret,

2086 2726 2257 2779 altera
2287 2725 2448 2778 illatis
2475 2738 2570 2792 per
2599 2721 2885 2790 Etltiopes
2917 2721 3134 2790 scriptis
3179 2720 3358 2788 plena,
3388 2734 3450 2772 ac
3492 2721 3544 2774 in
3577 2736 3665 2774 sn-

2087 2816 2192 2870 lttm
2220 2817 2497 2884 depressa,
2529 2815 2581 2866 in
2613 2811 2848 2865 sublime
2877 2810 3014 2864 levis
3040 2811 3256 2866 sublata
3281 2819 3401 2866 erat
3428 2828 3442 2864 :
3472 2827 3662 2880 magna

2087 2907 2462 2962 exclamarunt
2515 2919 2646 2958 voce
2670 2921 2683 2958 :
2709 2921 2730 2954 ι
2767 2901 2951 2957 Vincit
2986 2901 3080 2957 Dei
3115 2903 3440 2967 clementia;
3473 2921 3492 2954 ι
3543 2918 3664 2955 mox

2087 3009 2264 3053 autem
2323 2995 2608 3066 Aitltiopes
2649 2995 2866 3066 quidem
2925 2994 3136 3050 confusi
3182 2996 3468 3057 abierunt;
3529 2993 3668 3046 lucis

401 3084 802 3154 ἁνεκουερίζετο
823 3103 836 3116 ο
871 3089 966 3139 καὶ
1004 3089 1110 3159 γάρ
1136 3088 1234 3158 τὴν
1273 3088 1467 3158 ἑτέραν
1499 3091 1548 3141 oi
1583 3091 1842 3153 Αἰθίοπες
1869 3095 1982 3156 τοῖς

2091 3107 2216 3146 vero
2261 3090 2458 3158 angeli,
2509 3097 2782 3158 acceptam
2848 3086 3074 3144 latronis
3107 3088 3344 3142 animam
3398 3088 3450 3141 in
3499 3093 3667 3141 coains

404 3176 710 3248 ἐγγράφοις
757 3173 905 3249 εἶχον
954 3179 1398 3250 πεπληρωμένην
1433 3182 1523 3234 καὶ
1566 3181 1979 3255 καθελκομὲνην

2085 3197 2268 3240 secum
2295 3180 2651 3250 collegerunt.

404 3275 488 3336 είς
519 3273 716 3342 ἔδαφος
740 3290 754 3304 ο
789 3294 807 3326 ι
858 3275 1004 3346 Nix?
1050 3277 1081 3346 ὴ
1117 3275 1498 3346 ιριλανθρωπία
1532 3277 1628 3330 τοῦ
1659 3277 1818 3340 Θεοῦ,
1863 3298 1881 3330 t
1917 3283 1976 3332 ἐν
2019 3279 2230 3352 μεγάλῃ
2257 3278 2408 3347 φωνῇ
2473 3273 2772 3343 ἐξεϐόησαν
2796 3290 2810 3304 ⁸
2846 3275 2938 3328 καὶ
2995 3273 3158 3338 εὐθὺς
3205 3275 3253 3328 οί
3289 3275 3388 3345 μὲν
3412 3273 3669 3336 Αἰθίοπες

405 3367 1257 3443 κατῃοῑχυμμὲνοιεὺπέαστρεφονο
1285 3371 1334 3426 οἱ
1363 3370 1530 3426 δέτοῦ
1563 3371 1736 3442 φωτὸς
1765 3372 1986 3446 ἄγγελοι
2025 3375 2284 3439 λαϐόντες
2348 3371 2447 3443 τὴν
2486 3368 2666 3441 ψυχὴν
2697 3369 2791 3422 τοῦ
2853 3368 3078 3442 λῃστοῦ,
3119 3372 3198 3434 εἰς
3233 3370 3498 3441 οὐρανοὶ-ς
3549 3371 3668 3442 μεθ’

407 3461 622 3514 ἑαυτῶν
655 3463 1052 3531 συνανήγαγον.

483 3551 672 3606 Ταῦτα
723 3555 752 3606 ό
803 3554 1097 3624 εἰρημένος
1161 3553 1343 3625 ἰατρὸς
1402 3551 1537 3624 ὄναρ
1591 3555 1736 3620 tam,
1787 3554 1993 3620 εὐθέως

406 3641 654 3703 ἀναστὰς
668 3639 743 3702 ὡς
773 3637 891 3712 εἶχε
919 3641 1121 3712 τάχους
1150 3643 1373 3713 ἔρχεται
1405 3645 1486 3706 εἰς
1516 3644 1578 3697 τὸ
1612 3649 1987 3716 νοσοκομεῖον·

409 3731 512 3784 καὶ
541 3733 918 3804 προσεγγίσας
951 3735 1016 3802 τῇ
1066 3731 1222 3804 κλίνῃ
1270 3733 1368 3786 τοῦ
1417 3733 1655 3805 λῃστοῦ,
1689 3735 1852 3789 αὑτὸν
1893 3737 1990 3806 μέν

407 3821 661 3892 εὑρίσκει
685 3823 784 3894 ἥδη
807 3823 1214 3877 ἐκπνεύσαντα·
1237 3823 1301 3878 τὸ
1327 3823 1386 3878 δέ
1411 3825 1808 3896 περικάλυμμα
1838 3827 1990 3898 παρά

407 3913 514 3984 τὴν
541 3913 727 3984 κλίνην
759 3915 862 3986 ὁρᾷ
893 3915 1148 3986 κείμενον
1179 3915 1472 3987 διάδροχον
1505 3917 1626 3970 ὅλον
1657 3919 1720 3970 ἐκ
1749 3917 1857 3971 τῶν
1893 3919 1986 3972 δα-

410 4004 602 4078 κρύων
629 4022 644 4038 ’
671 4003 769 4059 καὶ
808 4007 872 4076 δὴ
907 4007 1097 4078 μαθὼν
1137 4008 1288 4078 παρά
1321 4007 1432 4060 τῶν
1467 4008 1694 4080 πλησίον
1726 4028 1956 4064 κατακει
1978 4043 1990 4054 ο

414 4095 600 4166 μένων
636 4095 880 4150 ἀσθενῶν
911 4097 1003 4150 τοῦ
1034 4097 1267 4150 θανάτου
1292 4097 1384 4152 τὸν
1418 4099 1621 4170 τρόπον
1647 4143 1661 4166 ,
1697 4099 1797 4171 τὴν
1826 4101 1992 4172 μετά-

410 4205 570 4242 νοιαν
593 4228 607 4253 ,
644 4187 788 4242 αύτά
816 4189 884 4242 τὰ
911 4190 1139 4260 ῥήματα
1162 4190 1199 4245 ἃ
1226 4191 1364 4262 πρὸς
1397 4191 1530 4245 Θεὸν
1556 4191 1990 4262 ἐξομολογούμε-

411 4295 506 4342 νος
533 4278 740 4346 ἐλεγεν,
783 4279 971 4333 ἄπεισι
1003 4281 1139 4351 πρὸς
1174 4283 1268 4334 τὸν
1297 4283 1496 4353 εὐσεΰῆ
1531 4283 1628 4336 καὶ
1664 4286 1992 4339 πιστότατον

415 4369 666 4440 βασιλέα,
703 4371 844 4442 ἔχων
869 4372 962 4425 ἐπὶ
987 4375 1175 4443 χεῖρας
1208 4373 1270 4426 τὸ
1306 4374 1670 4444 περικλυσοέν
1695 4377 1989 4446 κεφσιλόδε-

2169 3551 2266 3607 Ubi
2305 3563 2465 3620 porro
2495 3547 2754 3618 praefatus
2785 3545 3032 3602 medicus
3056 3547 3168 3602 haec
3195 3548 3244 3600 in
3277 3552 3482 3606 somnis
3502 3554 3670 3611 vidis-

2091 3656 2195 3712 set,
2231 3659 2463 3716 surgens
2517 3642 2728 3706 statim,
2781 3655 2940 3710 quam
2971 3640 3079 3694 cito
3114 3642 3309 3710 potuit,
3343 3645 3408 3697 ad
3451 3649 3668 3699 domum

2090 3755 2208 3795 eam
2242 3738 2582 3792 inlirmorum
2611 3735 2760 3789 venit
2797 3747 2811 3785 :
2848 3733 3182 3802 propiusque
3217 3734 3282 3786 ad
3320 3733 3548 3790 latronis
3575 3754 3668 3792 ae-

2088 3830 2290 3886 cedens
2328 3825 2554 3890 lectum,
2600 3825 2776 3892 ipsum
2821 3822 3036 3892 quidem
3082 3821 3194 3892 jam
3229 3823 3467 3878 animam
3499 3825 3670 3880 exina-

2091 3920 2230 3974 lasse
2261 3915 2484 3972 invenit.
2517 3912 2676 3968 Videt
2720 3926 2850 3966 vero
2892 3909 2947 3964 in
2979 3910 3120 3966 lecto
3169 3913 3449 3969 sudarium
3499 3925 3670 3970 totum

2089 4005 2342 4078 lacrymis
2397 4002 2710 4067 madidum;
2775 4015 3006 4071 cumque
3039 4017 3070 4056 a
3105 4001 3262 4056 simul
3293 4019 3325 4058 e
3366 4007 3670 4076 prepinqm.

2090 4096 2542 4154 decumbentibus
2583 4093 2835 4160 inﬁrmis,
2894 4093 3016 4164 ejus
3063 4095 3255 4148 mortis
3316 4095 3678 4151 intellexisset

2091 4187 2332 4254 modum,
2372 4182 2885 4255 pmnitentiamque,
2921 4198 2986 4239 ac
3012 4184 3124 4254 ipsa
3165 4185 3327 4240 verba
3368 4201 3488 4256 qua:
3535 4203 3667 4243 cen-

2093 4279 2332 4335 fessione
2363 4279 2430 4332 ad
2474 4276 2642 4332 Deum
2677 4278 2991 4347 prolocutus
3039 4285 3203 4343 esset,
3238 4279 3348 4331 abit
3384 4280 3566 4332 statim
3604 4298 3668 4332 aa

2097 4371 2495 4441 pientissimum
2540 4384 2606 4425 ac
2654 4369 3177 4424 Christianissimum
3243 4371 3625 4440 imperatorem
3654 4413 3672 4436 ,

415 4478 555 4531 σμον
590 4462 690 4532 τῆς
740 4465 1036 4533 μετανοίας
1066 4467 1180 4528 τοῖς
1221 4465 1456 4537 δάκρυσι
1483 4483 1498 4499 ο
1533 4468 1628 4520 καὶ
1677 4468 1985 4531 ἐπιδεικνὺς

2096 4464 2256 4516 udum
2293 4461 2530 4531 undique
2558 4460 2892 4531 pmnitentim
2923 4461 3182 4532 lacrymis
3220 4461 3401 4518 ferens
3429 4464 3674 4518 manibus

410 4550 568 4620 αὐτῷ
592 4553 654 4606 τὸ
693 4554 1109 4624 ἐπιφερόμενον,
1141 4555 1233 4608 καὶ
1269 4555 1629 4628 διηγούμενος
1666 4559 1811 4630 άπερ
1852 4553 2017 4613 κατᾶί

413 4643 543 4706 τοὺς
586 4643 790 4708 ὕπνους
836 4645 1105 4700 ἐθεάσατο
1131 4685 1146 4708 ,
1192 4648 1286 4700 καὶ
1323 4647 1470 4720 ἅπερ
1515 4648 1708 4719 μαθεῖν
1743 4649 1988 4719 ἴσχυσεν,

423 4753 444 4786 ι
485 4734 939 4806 Εὐχαριστοῦμεν
964 4737 1040 4808 τῷ
1067 4737 1208 4808 Θεῷ,
1239 4737 1418 4806 λέγων
1445 4779 1458 4804 ,
1497 4740 1858 4795 εὐσεϐέστατε
1898 4741 1998 4812 βα·-

420 4823 600 4885 σιλεῦ,
630 4825 711 4878 ὅτι
739 4825 1034 4889 ἀκούοντες
1063 4825 1266 4898 λῃστὴν
1291 4828 1536 4882 σωθέντα
1565 4829 1632 4882 δι’
1671 4829 1998 4903 ἐξομολογή-

422 4931 565 4979 σεως
600 4917 692 4969 ἐπὶ
733 4916 825 4970 τοῦ
849 4917 1084 4988 σταυροῦ
1117 4920 1268 4988 παρὰ
1291 4919 1386 4973 τοῦ
1413 4920 1672 4992 οὐρανίου
1706 4923 1996 4994 βασιλέως,

418 5005 520 5060 νῦν
548 5005 765 5086 εἴδομεν
790 5008 886 5060 ἐπὶ
926 5007 1022 5061 σοῦ
1065 5009 1158 5062 τοῦ
1187 5012 1437 5079 ἐπιγείου
1476 5012 1764 5083 βασιλέως,
1795 5014 2000 5087 λῃστὴν

419 5097 610 5170 ἕτερον
641 5101 990 5172 σεσωσμένον
1023 5101 1089 5156 δι’
1125 5100 1574 5174 ἐξομολογήσεως
1616 5105 1741 5176 ἴσης
1778 5107 1873 5161 καὶ
1899 5123 2000 5177 με·

419 5189 666 5256 τανοίας.
707 5209 726 5243 ι

497 5371 686 5428 Ταῦτα
733 5373 809 5445 μὴ
853 5373 1016 5445 μόνον
1059 5374 1352 5444 ἀκούωμεν
1399 5373 1588 5439 ἁπλῶς
1614 5412 1629 5440 ,
1679 5375 2000 5446 ἀγαπητοὶ,

421 5465 564 5522 άλλά
604 5466 699 5520 καὶ
741 5465 1092 5537 πιστεύωμεν
1143 5466 1322 5536 ἁληθῆ
1351 5462 1529 5519 εἶναι’
1580 5465 1783 5537 μᾶλλον
1825 5465 1882 5520 δὲ
1927 5467 2000 5536 μὴ

426 5557 595 5632 μόνον
655 5559 983 5630 ἀκούωμεν,
1010 5559 1154 5614 ἀλλά
1198 5560 1292 5614 καὶ
1340 5557 2004 5631 προπαρασκευαζώμεθα

426 5651 562 5722 πρὶν
592 5653 788 5722 ἐπιστῇ
818 5652 877 5704 τὸ
908 5652 1060 5714 τέλος
1080 5692 1092 5714 ,
1149 5651 1558 5722 προφθάνοντες
1605 5651 1665 5704 τδ
1712 5651 2004 5720 πρόσωπον

423 5741 520 5792 τοῦ
555 5740 690 5792 Θ;οὖ
723 5743 786 5796 δι’
828 5743 1163 5808 ὲππτρυχεῆς
1191 5744 1282 5794 καὶ
1316 5741 1552 5808 ἀληθοῦς
1585 5743 1877 5805 μετανοίας
1901 5760 1912 5772 ο
1936 5742 2002 5790 δι’

2095 4555 2289 4625 capitis
2315 4555 2444 4609 illud
2475 4552 2755 4607 sudarium
2783 4570 2797 4607 :
2821 4561 3214 4631 ostentansque
3242 4553 3438 4622 ipsum,
3472 4569 3535 4610 ac
3554 4570 3674 4624 quat

2094 4645 2320 4700 vidisset
2352 4645 2406 4700 in
2437 4645 2665 4708 somnis,
2700 4658 2928 4713 quzeque
2965 4644 3178 4698 discere
3223 4645 3506 4712 potuisset,
3547 4661 3674 4700 nar-

2096 4752 2267 4794 rans:
2307 4755 2326 4790 ι
2364 4737 2618 4801 Gratias,
2682 4735 2889 4806 inquit,
2951 4735 3292 4803 pientissime
3353 4735 3671 4804 imperator,

2097 4829 2512 4898 agamus_Deo,
2554 4826 2698 4897 quod
2743 4826 3007 4880 latronem
3057 4825 3358 4888 audientes,
3395 4843 3424 4878 a
3464 4827 3676 4883 ca'lcsti

2097 4919 2247 4992 Rege
2291 4919 2345 4974 in
2379 4934 2542 4976 crure
2574 4933 2670 4988 per
2707 4920 3106 4975 confessionem
3152 4925 3504 4988 consecutum
3535 4919 3680 4972 salu-

2101 5021 2246 5078 tem;
2269 5011 2436 5066 alium
2460 5009 2820 5067 nihilominus
2849 5011 3140 5076 latronem,
3161 5011 3268 5064 tuis
3292 5010 3451 5063 modo
3475 5007 3676 5064 terreni

2092 5086 2446 5175 imperatoris
2499 5105 2856 5174 temporibus,
2917 5103 3111 5174 aequali
3157 5100 3402 5158 exhibita
3456 5101 3677 5158 confes-

2101 5195 2254 5251 sione
2282 5210 2348 5252 ac
2374 5196 2714 5267 pmniteutia,
2764 5196 2991 5252 salutem
3032 5194 3166 5249 item
3201 5195 3454 5264 adeptum
3491 5193 3673 5249 videao

2105 5299 2248 5339 Inus.
2285 5302 2305 5338 ι

2178 5373 2386 5431 Nedum
2439 5376 2576 5439 haec,
2616 5375 2952 5438 cltarissimi,
3000 5374 3322 5444 simpliciter
3371 5380 3674 5445 audiamus,

2107 5481 2295 5522 verum
2353 5466 2516 5520 etiam
2565 5479 2692 5520 vera
2749 5479 2872 5520 esse
2923 5467 3245 5532 credamus;
3298 5468 3542 5536 quinimo
3589 5486 3684 5524 ne-

2109 5558 2234 5612 dum
2268 5557 2570 5622 audiamus,
2629 5573 2816 5612 verum
2867 5561 3032 5614 etiam
3085 5568 3318 5625 mature,
3369 5563 3681 5632 priusquam

2112 5651 2232 5704 ﬁnis
2289 5649 2471 5714 instet,
2532 5665 2917 5718 praeparentur,
2994 5665 3438 5722 prmm-cupantcs
3489 5655 3682 5708 faciem

2113 5739 2321 5794 Domini
2366 5756 2460 5810 per
2497 5742 2900 5798 conversitmem
2941 5757 3001 5796 ne
3044 5757 3226 5798 veram
3275 5747 3683 5802 pugnilcmiam,‘
