4064 6436
389 323 525 397 1145

1347 321 1429 383 IN
1471 321 1708 382 ILLUD
1748 332 1762 370 =
1807 275 2221 385 SECUNnUM
2261 316 2674 378 IMAGINEM.

3496 315 3630 382 1146

388 437 483 506 μὲν
517 431 632 486 ἔστι
659 430 842 504 γυμνὴ
877 431 910 503 ὴ
937 429 1106 502 ψυχὴ,
1134 429 1233 500 τῆς
1263 431 1479 502 γυμνῆς
1504 431 1757 500 θεότητος
1784 446 1798 460 ·
1831 429 1954 484 καθ’

2066 429 2183 481 cide
2241 427 2596 496 prmiigurans
2649 444 2664 480 :
2715 423 2894 479 forsan
2947 432 3123 480 autem
3179 427 3356 481 anima
3405 431 3629 483 seorsim

382 527 643 596 ὁμοίωσιν
672 524 730 578 δὲ
765 526 862 596 τῆς
889 523 982 579 τοῦ
1023 525 1196 592 Λόγου
1226 523 1558 594 σαρκώσεως
1621 521 1684 575 τὸ
1708 521 1962 586 σύνθετον

383 617 542 686 ἡμῶν
576 619 676 686 τῆς
705 615 886 686 ψυχῆς
917 617 1011 670 καὶ
1039 615 1132 669 τοῦ
1165 615 1440 686 σώματος.
1465 614 1685 668 Μᾶλλον
1711 614 1768 667 δὲ
1794 613 1960 667 πάλιν

381 711 472 764 ἐπ’
497 709 668 779 αὐτὴν
694 709 788 762 τοῦ
812 709 972 778 λόγου
1015 709 1114 779 τὴν
1142 708 1314 780 ἀρχὴν
1343 707 1753 780 ἀναδράμωμεν
1775 721 1789 736 ·
1815 707 1960 758 ἐκεῖ-

383 799 478 862 θεν
513 797 704 868 ὥσπερ
740 797 804 851 ἐκ
846 815 992 860 τινος
1035 799 1217 868 πηγῆς
1253 795 1473 868 πρῶτον
1505 794 1798 865 ζητοῦντες
1822 835 1836 859 ,
1876 793 1958 857 τὸ,

381 891 438 944 τί
481 891 680 962 δήποτε
732 891 810 960 μὴ
848 890 972 946 καθ’
1001 891 1296 960 ὁμοιότητα
1321 889 1428 942 τῶν
1473 887 1677 940 λοιπῶν
1703 885 1959 954 λογικῶν,

382 981 556 1052 ἤγουν
584 979 694 1032 τῶν
717 979 989 1048 ἀγγέλων,
1023 978 1056 1047 ἦ
1092 978 1256 1032 πάλιν
1291 978 1412 1030 κατ’
1447 976 1675 1046 ἰσότητα
1707 974 1819 1028 τῶν
1860 976 1961 1044 ἐμ-

379 1071 572 1142 ψύχων
623 1069 778 1134 ζώων
831 1070 1208 1140 ὁμοιοτρόπως
1258 1069 1358 1132 τὰς
1397 1066 1818 1141 προπατορικὰς
1866 1065 1962 1118 καὶ

382 1161 695 1232 κορυφαίας
738 1161 899 1231 ἡμῶν
949 1162 980 1214 ό
1029 1160 1162 1224 Θεὸς
1209 1159 1576 1224 ὑποστάσεις,
1627 1156 1722 1210 τοῦ
1768 1157 1960 1225 Ἀδὰμ,

382 1252 562 1322 λέγω,
587 1253 806 1322 καὶτῆς
835 1251 1001 1318 Εὔας,
1045 1253 1140 1305 καὶ
1173 1250 1270 1304 τοῦ
1303 1249 1658 1321 προελθόντος
1693 1247 1752 1313 ἐξ
1781 1247 1963 1302 αὐτῶν

380 1344 541 1408 υἰοῦ,
584 1343 921 1414 πεποίηκεν·
956 1343 1130 1400 ,ἀλλὰ
1167 1342 1256 1396 τὸν
1292 1341 1390 1413 μὲν
1451 1341 1624 1410 Ἀδάμ
1697 1337 1962 1400 ἀναιτίως

380 1437 480 1490 καὶ
536 1435 848 1506 ἁγεννήτως
887 1433 1166 1506 ὑπέστησε
1192 1449 1208 1464 ·
1241 1434 1336 1486 τὸν
1382 1432 1440 1486 δὲ
1485 1431 1740 1502 δεύτερον
1795 1429 1962 1484 αὑτοῦ

381 1529 711 1600 ᾷνθρωπον,
743 1531 838 1584 τὸν
876 1531 1016 1598 υἰὸν,
1061 1529 1324 1600 γεννητόν
1345 1544 1358 1558 ·
1391 1529 1490 1600 τὴν
1531 1529 1590 1582 δὲ
1625 1526 1768 1580 Εῦαν
1789 1567 1803 1591 ,
1837 1525 1964 1579 οὔτε

379 1620 684 1688 γεννητῶς,
715 1619 840 1674 οὕτε
867 1621 1030 1674 πάλιν
1071 1620 1364 1683 ἀναιτίως,
1404 1618 1543 1672 ἀλλὰ
1579 1616 1806 1687 ληπτῶ;
1839 1617 1964 1686 ἦτοι

379 1711 770 1784 ἐκπορευτῶς,
822 1714 887 1767 ἐκ
944 1715 1045 1784 τῆς
1094 1712 1285 1775 οὐσίας
1329 1709 1425 1764 τοῦ
1476 1710 1728 1763 ἁναιτίου
1789 1707 1962 1778 Ἀδὰμ

381 1804 711 1868 ἐξελθοῦσαν
754 1805 1014 1876 ἀρρήτως
1047 1803 1314 1856 οὑσίωσεν
1337 1817 1352 1832 ·
1395 1803 1492 1856 καὶ
1536 1803 1732 1872 μήπως
1757 1801 1866 1871 ἄρα
1902 1799 1960 1852 αἱ

379 1897 533 1967 τρεῖς
595 1891 754 1949 αὗται
803 1896 912 1949 τῶν
960 1895 1244 1965 προγόνων
1300 1892 1576 1961 κεφαλαὶ,
1624 1893 1806 1958 πάσης
1859 1890 1960 1960 τῆς

381 1985 810 2056 ἁνθρωπότητος
854 1986 1132 2056 ὀμοούσιοι
1189 1986 1552 2050 ὑποστάσεις,
1597 1983 1716 2038 κατ’
1771 1983 1961 2036 εἰκόνα

380 2077 537 2141 τινὰ,
559 2077 634 2141 ὡς
671 2080 769 2133 καὶ
809 2078 1058 2150 Μεθοδίῳ
1089 2080 1268 2142 δοκεῖ,
1301 2075 1550 2140 τυπικῶς
1591 2075 1961 2144 γεγόνασιτῆς

381 2171 552 2240 ἁγίας
582 2171 679 2224 καὶ
707 2173 996 2242 όμοουσίου
1031 2172 1264 2244 Τριάδος
1289 2188 1302 2204 ·
1324 2171 1418 2224 τοῦ
1457 2170 1558 2240 μὲν
1589 2170 1837 2223 ἁναιτίου
1867 2170 1964 2222 καὶ

381 2263 688 2334 ἁγεννήτου
743 2264 938 2333 Ἀδάμ,
981 2263 1155 2318 τύπον
1202 2264 1295 2316 καὶ
1334 2263 1520 2314 εἰκόνα
1554 2261 1772 2332 ἔχοντος
1801 2301 1816 2326 ,
1865 2259 1964 2314 τοῦ

383 2353 632 2406 ἁναιτίου
687 2355 782 2406 καὶ
832 2356 1051 2408 πάντων
1099 2355 1274 2407 αἰτίου
1329 2351 1776 2423 παντοκράτορος
1823 2349 1960 2404 Θεοῦ

384 2445 483 2508 καὶ
518 2445 763 2516 Πατρός·
803 2444 897 2500 τοῦ
953 2446 1010 2498 δὲ
1062 2444 1326 2513 γεννητοῦ
1365 2444 1530 2498 αὑτοῦ
1586 2443 1728 2507 υἰοῦ,
1779 2443 1964 2496 εἰκόνα

385 2535 887 2606 προδιαγράφοντος
921 2536 1012 2588 τοῦ
1037 2534 1300 2606 γεννητοῦ
1334 2534 1466 2591 Tim?
1503 2534 1596 2588 καὶ
1628 2534 1807 2602 Λόγου
1858 2533 1958 2586 τοῦ

386 2626 557 2678 Θεοῦ·
603 2627 702 2696 τῆς
737 2627 794 2678 δὲ
829 2627 1175 2697 ἐκπορευτῆς
1209 2625 1353 2690 Εὔας
1375 2667 1390 2691 ,
1442 2625 1822 2696 σημαινούσης
1863 2628 1963 2697 τὴν

385 2717 486 2770 τοῦ
530 2719 688 2786 ἁγίου
733 2717 1052 2788 Πνεύματος
1105 2717 1450 2788 ἐκπορευτὴν
1496 2717 1820 2771 ὑπόστασιν.
1870 2717 1966 2770 Διὸ

325 2815 336 2824 “
387 2809 510 2862 οὐδὲ
550 2809 886 2880 ἐνεφύσησεν
930 2811 1066 2881 αὐτῇ
1115 2809 1144 2860 ὁ
1183 2809 1316 2872 Θεὸς
1347 2810 1516 2880 πνοὴν
1551 2809 1728 2878 ζωῆς,
1767 2809 1856 2863 διὰ
1904 2808 1966 2862 τὸ

387 2899 560 2956 τύπον
594 2901 767 2971 αὑτὴν
800 2899 940 2954 εἶναι
981 2901 1083 2970 τῆς
1116 2901 1211 2954 τοῦ
1255 2901 1410 2969 ἁγίου
1441 2899 1762 2972 Πνεύματος
1795 2903 1965 2972 πνοῆς

389 2995 488 3046 καὶ
548 2993 734 3064 ζωῆς·
797 2995 893 3048 καὶ
931 2993 1021 3047 διὰ
1081 2993 1142 3047 τὸ
1197 2995 1418 3064 μέλλειν
1468 2995 1639 3066 αὐτὴν
1686 2996 1756 3049 δι’
1805 2997 1963 3065 ἁγίου

389 3087 712 3156 Πνεῦματος
749 3087 1008 3152 δέξασθαι
1041 3087 1174 3140 Θεὸν
1195 3129 1208 3154 ,
1243 3087 1334 3141 τὸν
1377 3087 1546 3152 ὅντως
1580 3089 1710 3142 ὅντα
1743 3089 1964 3143 πάντων

391 3179 562 3249 πνοὴν
591 3181 684 3232 καὶ
716 3180 882 3249 ζωήν.
924 3179 1087 3233 Ὅθεν
1120 3180 1215 3232 καὶ
1259 3179 1408 3232 ἔστιν
1453 3175 1792 3234 ἰδέσθαικαὶ
1831 3180 1964 3234 θαυ-

393 3267 588 3337 μάσαι,
621 3269 703 3321 ὅτι
737 3271 764 3322 ό
793 3270 893 3338 μὲν
919 3269 1216 3340 ἀγέννητος
1260 3268 1434 3346 Ἀδάμ
1480 3268 1640 3322 ἄλλον
1668 3271 1968 3342 ἀγέννητον

388 3359 422 3428 ἢ
457 3360 697 3413 ἀναίτιον
728 3361 786 3412 ἐν
817 3360 1130 3430 ἀνθρώποις
1163 3360 1263 3412 οὐκ
1307 3359 1466 3430 ἔσχεν
1497 3361 1682 3430 ὅμοιον
1712 3379 1724 3390 ·
1775 3361 1967 3432 ὥσπερ

386 3450 512 3506 οὐδὲ
549 3453 582 3520 ἡ
619 3451 932 3522 ἐκπορευτὴ
969 3449 1114 3504 Εὔα·
1177 3451 1252 3514 ὡς
1285 3451 1448 3504 τύποι
1503 3451 1728 3522 ἀληθεῖς
1789 3455 1966 3524 ὑπάρ-

389 3559 583 3612 χοντες
621 3542 716 3594 τοῦ
747 3543 1046 3612 άγεννήτου
1079 3543 1320 3613 Πατρός,
1360 3544 1454 3596 καὶ
1483 3543 1577 3596 τοῦ
1607 3544 1764 3612 ἁγίου
1792 3544 1967 3599 Πνεύ-

393 3651 565 3704 ματος
585 3649 596 3663 ·
627 3635 655 3686 ό
681 3635 737 3687 δὲ
771 3636 1030 3704 γεννητὸς
1067 3634 1195 3698 Υἱὸς
1231 3634 1442 3698 πάντας
1471 3635 1810 3707 ἀνθρώπους,
1839 3655 1966 3704 γεν-

389 3727 593 3795 νητοὺς
624 3725 772 3789 υἰοὺς
805 3725 988 3790 ὄντας,
1019 3725 1284 3796 ἀδελφοὺς
1315 3727 1518 3798 ὁμοίως
1552 3727 1709 3799 ἔσχεν
1739 3727 1818 3791 ὡς
1845 3728 1968 3782 κατ’

389 3818 582 3871 εἰκόνα
613 3815 1000 3888 καΓόμοίωσιν
1027 3819 1266 3888 τυπικὴν
1301 3819 1564 3890 ὑπάρχων
1595 3821 1836 3892 Χριστοῦ
1872 3820 1966 3874 τοῦ

390 3909 656 3980 γεννητοῦ
689 3909 854 3974 Υἰοῦ,
891 3909 950 3974 ὃς
989 3911 1213 3978 ἐγένετο
1247 3910 1536 3982 ἄνθρωπος
1557 3953 1572 3978 ,
1617 3913 1968 3985 πρωτότοκος

387 4003 523 4055 ἄνευ
567 4004 773 4072 σπορᾶς
809 4003 867 4055 ἐν
899 4002 1120 4066 πολλοῖς
1147 4003 1417 4072 ἀδελφοῖς.
1456 4005 1519 4057 Εἰ
1567 4004 1623 4057 δὲ
1665 4004 1742 4076 μὴ
1789 4003 1965 4070 οὕτω,

393 4094 495 4146 καὶ
531 4093 675 4148 κατὰ
707 4094 868 4148 τοῦτο
897 4095 960 4150 τὸ
1002 4095 1126 4148 κατ’
1162 4097 1350 4150 εἰκόνα
1379 4095 1578 4164 ταῦτα,
1618 4096 1672 4149 τί
1725 4096 1786 4168 δή
1837 4113 1969 4152 ποτε

395 4186 474 4257 μὴ
505 4187 792 4252 τέσσαρες,
824 4187 918 4240 δύο
942 4187 1015 4258 ,ἢ
1051 4187 1296 4250 πλείονες
1323 4188 1650 4252 ὑποστάσεις
1687 4189 1795 4242 τῶν
1836 4206 1968 4260 προ-

393 4277 654 4347 πατόρων
671 4277 1429 4350 γεγόνασι,παρηλλαγμένας
1458 4278 1677 4350 ἔχουσαι
1706 4279 1804 4343 τὰς
1837 4280 1972 4332 ὑπο-

391 4370 660 4433 στατικὰς
689 4370 872 4423 αὐτῶν
907 4370 1217 4440 ἰδιότητας,
1268 4371 1413 4439 λέγω
1459 4371 1525 4442 δὴ
1574 4370 1636 4424 τὺ
1673 4371 1972 4440 ἀγέννητον

2061 527 2276 588 sumpta
2325 529 2406 573 est
2455 519 2524 574 ad
2564 517 2858 585 imaginem
2892 531 3054 570 inerte
3081 517 3424 583 Divinitatis,
3462 527 3630 574 totum

2062 623 2192 664 vero
2246 625 2314 667 ex
2365 611 2547 664 anima
2595 617 2784 663 nostra
2834 618 2890 664 et
2929 623 3158 678 corpore
3191 613 3524 672 coalescens.
3565 612 3633 666 ad

2061 699 2464 752 similitudinem
2495 697 2656 751 Verbi
2681 699 2846 752 divini
2875 699 3285 754 incarnationis.
3324 699 3428 754 Sed
3458 701 3637 769 potius

2062 791 2129 844 ad
2179 790 2448 845 sermonis
2495 789 2822 858 principium
2874 798 3250 856 revertamur,
3303 791 3446 854 inde,
3480 794 3635 861 quasi

2063 893 2130 933 ex
2159 877 2310 940 fonte
2336 878 2592 946 quodam,
2623 882 2856 945 primum
2883 878 3218 946 iuqnirentes
3243 895 3410 948 quare
3440 896 3543 934 non
3569 882 3637 935 ad

2064 970 2472 1024 similitudinem
2507 980 2826 1024 cmterornm
2855 970 3218 1038 spiritualium
3251 972 3488 1036 entium,
3541 988 3638 1026 seu

2064 1061 2414 1131 angelorum,
2467 1061 2546 1114 vel
2579 1062 2742 1115 etiam
2797 1065 2864 1115 ad
2920 1063 3092 1116 instar
3159 1063 3476 1117 animalium
3525 1066 3639 1134 pri-

2064 1153 2266 1206 marias
2315 1153 2578 1221 majorum
2623 1163 2932 1207 ,iostrornm
2988 1169 3251 1223 personas
3311 1158 3450 1212 Deus
3505 1155 3642 1211 fece-

2066 1242 2170 1308 rit,
2218 1243 2410 1298 Adami
2478 1244 2606 1298 dico-
2662 1243 2911 1314 Evmque,
2966 1255 3016 1300 et
3071 1247 3164 1300 lilii
3213 1263 3280 1301 ex
3334 1249 3464 1316 ipsis
3511 1249 3638 1312 orti,

2065 1334 2160 1387 sed
2199 1335 2466 1388 Adamntn
2499 1335 2720 1405 quidem
2765 1338 2974 1404 absque
3002 1349 3226 1406 parente
3259 1348 3312 1393 et
3342 1340 3638 1410 ingenitum

2067 1425 2396 1489 condiderit,
2428 1427 2720 1480 secundum
2751 1438 2930 1481 autem
2958 1429 3025 1484 ab
3047 1443 3113 1482 eo
3138 1431 3430 1496 hominem,
3459 1431 3510 1485 id
3536 1441 3638 1496 est,

2065 1517 2183 1584 ejus
2214 1515 2383 1569 {ilium
2418 1519 2679 1585 genitum,
2715 1517 2881 1572 Evam
2908 1536 3037 1574 vero
3072 1537 3248 1592 neque
3271 1525 3507 1593 genitam
3541 1540 3634 1578 ne-

2065 1622 2169 1677 que
2201 1607 2516 1678 ingenitam,
2553 1611 2646 1664 sed
2678 1611 3036 1680 desumplive,
3071 1613 3186 1668 sive
3218 1630 3314 1684 per
3339 1617 3642 1683 processio-

2069 1699 2152 1753 nis
2202 1700 2460 1763 modum,
2527 1717 2594 1756 ex
2647 1701 2813 1768 ipsius
2867 1703 3090 1772 ingeniti
3137 1707 3331 1760 Adami
3384 1707 3638 1762 substan-

1990 1777 2034 1836 Β
2067 1793 2136 1846 tia
2179 1807 2452 1860 egressam
2507 1793 2854 1849 ineliabiliter
2901 1795 3152 1862 ﬁnxerit;
3211 1798 3336 1852 item
3369 1800 3644 1867 quomodo

2063 1881 2168 1935 illa;
2221 1891 2328 1937 tres
2388 1893 2667 1952 parentum
2718 1893 3024 1943 nostrorum
3075 1901 3339 1954 personae,
3377 1889 3643 1942 universae

2065 1975 2390 2030 humanitati
2447 1977 2976 2042 consubSIautiales,
3039 1980 3214 2048 typire
3249 1981 3315 2033 ad
3350 1981 3641 2048 imaginem

2063 2081 2263 2123 sauctre
2315 2078 2369 2122 et
2415 2069 2898 2125 consubstantialis
2942 2071 3266 2137 Trinitatis,
3329 2082 3387 2126 ut
3421 2074 3641 2128 Metho-

2065 2160 2154 2213 dio
2183 2161 2389 2229 placet,
2437 2161 2548 2214 sint
2573 2159 2779 2216 effectae
2800 2201 2815 2227 ,
2863 2162 3071 2215 Adamo
3101 2163 3368 2231 siquidem
3403 2173 3457 2214 ut.
3489 2164 3641 2232 iuge-

2067 2254 2202 2316 nilo,
2236 2254 2461 2322 ingeniti
2494 2264 2547 2306 et
2579 2256 2955 2308 universorum
2984 2254 3251 2319 Faciet-is,
3275 2253 3449 2309 Patris
3473 2257 3645 2310 enmi-

2064 2347 2321 2415 potentis,
2357 2355 2539 2417 typum
2581 2357 2634 2400 et
2668 2347 2961 2416 imaginem
2989 2347 3283 2411 'rcl'erunt;
3323 2347 3433 2403 liiio
3462 2361 3640 2402 autem

2067 2437 2184 2505 ejus
2227 2437 2450 2507 genito,
2509 2438 2668 2491 Verbi
2713 2439 2908 2500 divini,
2949 2437 3066 2490 Filii
3104 2439 3299 2507 geniti,
3353 2441 3640 2508 itnagiuem

2067 2531 2482 2600 praziigurantc;
2537 2531 2860 2599 procedente
2886 2545 3013 2584 vero
3044 2530 3171 2594 Eva,
3207 2533 3382 2586 sancti
3411 2531 3643 2604 Spiritus

2068 2625 2446 2694 procedentem
2485 2639 2766 2692 personam
2803 2625 3177 2693 signiﬁcante,
3233 2626 3374 2679 unde
3405 2627 3641 2680 animam

2069 2717 2197 2769 vitae
2249 2715 2390 2768 Deus
2431 2715 2484 2768 in
2517 2728 2638 2766 eam
2668 2731 2780 2766 non
2814 2715 3095 2782 insliiravit
3120 2755 3135 2778 ,
3200 2725 3258 2768 ut
3304 2726 3458 2787 typus
3487 2717 3645 2772 ﬁeret

2069 2807 2246 2862 sancti
2300 2807 2536 2874 Spiritus
2593 2805 2684 2873 qui
2735 2806 2914 2858 anima
2963 2817 3017 2860 et
3065 2808 3172 2862 vita
3219 2817 3342 2874 est,
3407 2817 3462 2864 et
3515 2811 3642 2877 quia

2071 2913 2168 2968 per
2213 2897 2474 2968 Spiritum
2522 2908 2766 2952 sanctum
2818 2908 2963 2952 esset
2995 2899 3161 2955 Deum
3194 2912 3498 2970 receptura,
3527 2917 3648 2956 om-

2072 2991 2220 3046 nium
2271 3006 2398 3046 vere
2452 2971 2686 3047 animum
2736 2998 2790 3046 cl
2833 2991 3022 3046 vitam.
3085 2993 3162 3047 Ex
3198 3010 3302 3064 quo
3353 2996 3530 3048 videre
3561 3007 3648 3050 est

2071 3095 2125 3136 et
2155 3083 2340 3152 mirari
2375 3083 2520 3151 quod
2553 3083 2828 3152 ingenitus
2854 3083 3094 3138 Adamns
3128 3085 3329 3139 nullum
3363 3085 3503 3141 inter
3527 3101 3647 3141 om-

2071 3190 2166 3230 nes
2195 3176 2442 3230 homines
2472 3175 2578 3229 sibi
2609 3175 2866 3241 similem,
2899 3191 2990 3230 seu
3021 3176 3337 3245 ingenitum,
3371 3177 3644 3240 habuerit.

2067 3283 2238 3336 neque
2269 3269 2565 3337 procedens
2600 3269 2729 3334 Eva,
2763 3284 2830 3323 eo
2859 3269 3002 3338 quod
3028 3279 3211 3323 essent
3241 3285 3366 3324 vere
3397 3273 3504 3341 typi
3535 3271 3644 3325 Pa-

2067 3359 2166 3412 tris
2197 3359 2420 3429 ingeniti
2446 3371 2498 3413 et
2524 3359 2762 3428 Spiritus
2802 3363 3002 3424 sancti,
3036 3361 3176 3414 ﬁlius
3229 3371 3405 3414 autem
3431 3364 3644 3431 genitus

2065 3463 2254 3501 Omnes
2291 3449 2538 3502 homines
2577 3449 2680 3502 sibi
2713 3451 2920 3504 similes
2943 3491 2959 3517 ,
3004 3461 3060 3504 ut
3098 3453 3308 3521 genitos
3331 3493 3344 3514 ,
3396 3453 3647 3510 habuerit

2065 3547 2118 3591 et
2161 3538 2389 3603 fratres,
2437 3541 2561 3607 quia
2605 3541 2671 3593 ad
2709 3540 2999 3608 imaginem
3031 3551 3085 3594 et
3114 3542 3522 3598 similitudinem
3557 3554 3642 3615 ty-

2069 3628 2244 3696 picam
2272 3637 2393 3682 erat
2415 3627 2642 3694 Christi,
2668 3628 2790 3680 Filii
2815 3629 3006 3696 geniti,
3032 3631 3121 3698 qui
3152 3631 3314 3684 homo
3340 3633 3514 3686 factus
3536 3645 3642 3700 est,

2067 3719 2454 3788 printogenitus
2487 3719 2605 3774 sine
2639 3719 2844 3774 semine
2879 3720 2930 3774 in
2959 3721 3145 3776 multis
3171 3721 3453 3778 fratribus.
3488 3723 3644 3790 Quod

2066 3812 2111 3866 si
2146 3811 2216 3864 ita
2253 3826 2359 3865 non
2387 3820 2572 3876 esset,
2625 3825 2800 3880 neque
2837 3827 2902 3866 eo
2931 3827 3092 3868 sensu
3127 3815 3192 3867 ad
3225 3814 3513 3883 imaginem
3545 3817 3641 3871 Dei

2069 3904 2192 3980 laeti
2221 3913 2403 3958 essent
2423 3913 2856 3974 protopareutes,
2875 3920 2972 3958 cur
2995 3920 3102 3958 non
3126 3916 3374 3974 quallml',
3396 3918 3487 3960 aut
3511 3909 3640 3973 duo,

2066 4003 2158 4048 aut
2209 3993 2389 4063 plures
2432 3993 2652 4048 fuerunt
2696 4009 2978 4064 personae,
3056 3997 3371 4066 personales
3419 3999 3645 4068 singula:

2067 4095 2122 4141 et
2163 4087 2410 4142 diversas
2442 4085 2708 4141 habentes
2744 4087 3104 4155 preprietates
3127 4127 3144 4152 ,
3204 4088 3500 4156 ingenitum
3533 4089 3644 4144 sci-

2069 4175 2194 4229 licet
2226 4183 2280 4229 et
2309 4175 2552 4246 genitum
2581 4175 2677 4236 sed
2711 4179 3028 4245 procedens,
3051 4185 3104 4230 et
3134 4186 3241 4232 tres
3273 4178 3519 4233 tantum?
3553 4175 3646 4234 Sic

2069 4267 2120 4320 iu
2153 4267 2258 4322 hoc
2292 4266 2359 4320 ad
2394 4267 2682 4336 imaginem
2727 4275 2783 4321 et
2825 4268 3235 4324 similitudinem
3265 4269 3429 4324 habet
3461 4271 3512 4324 in
3544 4273 3645 4326 tri-

2069 4363 2170 4416 bus
2197 4361 2444 4429 personis
2477 4363 2708 4430 typicam
2739 4361 3083 4427 Trinitatem,
3119 4363 3172 4416 in
3204 4364 3432 4418 unitate.

389 4460 572 4513 καὶτὸ
601 4461 884 4530 γεννητὸν,
913 4461 1093 4514 καὶτὸ
1126 4461 1662 4530 ἐκπορευτὺν,.ἀλλά
1712 4463 1866 4532 τρεῖς
1931 4460 2026 4514 καὶ
2069 4451 2534 4543 μόναςλυῦκοῦν
2583 4452 2726 4524 ἔχεις
2763 4455 2827 4507 τὸ
2874 4457 2992 4510 κατ’
3058 4457 3243 4510 εἰκόνα
3297 4455 3392 4510 καὶ
3448 4456 3648 4528 ὁμοίω-

393 4567 502 4620 σιν,
533 4549 769 4620 τυπικὴν
810 4549 1012 4619 Τριάδα
1047 4550 1105 4602 ἐν
1139 4549 1330 4618 μονάδι
1359 4591 1374 4615 ,
1406 4551 1466 4608 ἐν
1489 4551 1668 4619 τρισὶν
1717 4549 2099 4630 ὑποστάσεσιν.

477 4639 796 4694 Ἀκόλουθόν
822 4653 881 4690 σε
913 4638 1105 4708 μαθεῖν
1133 4639 1228 4690 καὶ
1261 4638 1464 4708 μονάδα
1492 4641 1552 4692 ἐν
1585 4639 1776 4710 Τριάδι
1803 4656 1816 4670 ·
1848 4639 1964 4704 πῶς

2143 4633 2405 4703 Sequitur
2433 4644 2492 4688 ut
2520 4634 2696 4690 discas
2722 4644 2776 4690 et
2802 4637 3062 4692 unitatem
3091 4637 3144 4691 in
3172 4637 3438 4694 Trinitate
3463 4658 3477 4696 :
3501 4643 3646 4711 quod

390 4732 452 4792 δὲ
502 4729 663 4785 τοῦτο
705 4730 887 4792 καλῶς
936 4727 1231 4798 διαγνῶναι
1261 4729 1503 4802 δυνήσῃ,
1547 4729 1778 4786 ἄκουσόν
1823 4747 1971 4792 τινος

389 4823 504 4876 τῶν
560 4824 740 4892 σοφῶν
803 4839 886 4874 σοι
946 4821 1362 4892 παραινοῦντος,
1418 4822 1514 4874 καὶ
1551 4821 1842 4888 λέγοντος·
1905 4822 1970 4876 Εἰ

393 4913 578 4986 βούλει
620 4911 824 4979 γνῶναι
861 4910 996 4964 Θεὸν
1025 4951 1038 4976 ,
1073 4907 1364 4982 πρόλαϐὼν
1421 4910 1590 4978 γνῶθι
1640 4911 1836 4964 σαυτὸν
1905 4912 1970 4963 ἐκ

391 5007 498 5075 τῆς
531 5003 733 5059 σαυτοῦ
753 5045 768 5068 ,
804 5005 963 5072 φησί,
995 5005 1365 5072 κατασκευῆς,
1396 5003 1461 5056 ἐκ
1488 5002 1588 5071 τῆς
1626 5003 1827 5057 σαυτοῦ
1851 5021 1974 5062 συν-

395 5101 634 5166 θέσεως,
688 5100 755 5152 ἐκ
799 5099 912 5151 τῶν
948 5099 1101 5162 ἐντὸς
1153 5097 1390 5151 ἑαυτοῦ·
1445 5097 1612 5150 εἴσιθι
1663 5097 1867 5160 ὑποδὺς
1915 5097 1974 5149 ἐν

397 5191 607 5262 σαυτῷ·
641 5191 933 5260 διάόλεψον
961 5192 1019 5242 ἐν
1060 5190 1312 5261 ἐσόπτρῳ
1345 5189 1454 5242 τινὶ
1485 5191 1544 5241 ἐν
1573 5192 1640 5259 τῇ
1670 5188 1814 5258 ψυχῇ
1844 5189 1974 5240 ἑαυ-

393 5283 530 5339 τοῦ·
583 5283 862 5353 διάκρινον
903 5283 1002 5351 τὴν
1050 5281 1256 5352 ταύτης
1307 5281 1678 5352 κατασκευὴν,
1727 5281 1820 5332 καὶ
1867 5279 1973 5350 ὄψῃ

401 5375 604 5427 σαυτὸν
636 5375 758 5425 κατ’
787 5373 970 5426 εἰκόνα
1001 5373 1096 5424 καὶ
1132 5371 1392 5441 ὁμοίωσιν
1425 5371 1561 5424 Θεοῦ
1607 5371 1970 5440 τυγχάνοντα.

412 5464 724 5534 ’Δνώνυμός
769 5481 861 5516 σου
904 5465 1014 5535 γὰρ
1064 5465 1160 5517 καὶ
1195 5462 1492 5532 ἄγνωστος,
1525 5463 1618 5516 καὶ
1663 5461 1846 5530 νοερὰ,
1879 5461 1976 5514 καὶ

395 5557 670 5630 ᾀθάνατος
699 5559 800 5625 τῆς
828 5555 1007 5626 ψυχῆς
1031 5558 1064 5626 ἡ
1099 5556 1257 5609 οὐσία
1288 5556 1410 5610 κατ’
1444 5555 1629 5608 εἰκόνα
1658 5554 1752 5607 καὶ
1777 5554 1978 5624 όμοίω-

399 5666 486 5702 σιν
513 5649 752 5720 τυπικὴν
786 5648 881 5702 τοῦ
913 5650 1202 5720 ἀνωνύμου
1231 5650 1326 5702 καὶ
1359 5647 1700 5720 άγνωρίστου
1731 5646 1826 5700 καὶ
1853 5647 1982 5699 ἀθα-

397 5743 562 5812 νάτου
597 5741 732 5794 Θεοῦ
760 5742 1096 5810 καθέστηκεν
1115 5758 1126 5771 ·
1162 5741 1285 5795 οὔτε
1314 5739 1420 5810 γὰρ
1449 5740 1608 5805 Θεοῦ,
1645 5739 1766 5793 οὔτε
1797 5739 1977 5816 ψυχῆς

2077 4737 2136 4782 ιιι
2167 4728 2451 4796 perspicue
2479 4727 2745 4797 intelligas
2769 4766 2786 4793 ,
2842 4731 2964 4782 audi
2995 4731 3230 4799 aliquem
3257 4746 3288 4786 e
3311 4733 3646 4800 sapientibus

2079 4817 2172 4870 tibi
2203 4819 2471 4872 dicentem
2527 4831 2542 4869 :
2594 4818 2650 4872 Si
2685 4818 2766 4872 vis
2805 4819 2968 4874 Deum
3004 4837 3359 4890 cognoscere,
3414 4825 3644 4891 teipsum

2077 4893 2226 4976 prius
2251 4923 2438 4974 nosce,
2468 4910 2570 4964 hoc
2595 4919 2680 4963 est
2711 4925 2778 4963 ex
2811 4920 2898 4963 tua
2922 4913 3176 4974 essentia,
3209 4928 3273 4965 ex
3307 4922 3393 4966 tua
3425 4930 3647 4983 compo-

2069 5001 2286 5065 sitione,
2326 5015 2394 5054 ex
2429 5001 2534 5056 tuis
2562 5001 2942 5067 interioribus;
2997 5003 3049 5055 iu
3084 5005 3314 5070 tcipsum
3345 5007 3642 5074 descende;

2071 5092 2125 5144 in
2187 5093 2428 5146 animam
2488 5103 2636 5147 tuam
2715 5095 2863 5148 velut
2931 5096 2987 5148 in
3045 5099 3312 5164 quoddam
3367 5099 3644 5165 Sliet'liiil.“

2069 5184 2258 5238 oculos
2286 5184 2426 5252 iige;
2467 5185 2584 5256 ejus
2615 5184 2868 5240 discerne
2896 5187 3213 5247 essentiam.
3247 5197 3302 5241 et
3332 5197 3382 5240 te
3414 5191 3478 5240 ad
3509 5191 3646 5242 ima-

2071 5275 2248 5343 ginem
2276 5276 2758 5331 etsimilitndinem
2797 5278 2888 5331 Dei
2923 5289 3162 5332 Ci'ealtlltt
3200 5280 3402 5334 videbis
3438 5301 3451 5336 :
3490 5282 3648 5334 inltu-

2072 5366 2304 5435 tninata,
2358 5359 2572 5438 ignota,
2622 5369 2924 5439 spiritualis
2975 5371 3404 5439 imrnortalisque
3454 5375 3649 5428 anima-

2073 5467 2176 5514 tute
2202 5462 2501 5514 substantia
2529 5471 2610 5516 est
2637 5463 2702 5514 ad
2735 5462 3024 5530 imaginem
3053 5473 3105 5516 et
3129 5463 3538 5518 similitudinem
3565 5479 3646 5538 ty-

2071 5556 2248 5624 picam
2274 5555 2620 5618 inuominati,
2650 5555 3066 5623 ininlclligibilis
3090 5567 3143 5610 et
3173 5557 3496 5613 immortalis
3522 5558 3646 5622 Dei:

2076 5662 2253 5714 neque
2287 5648 2431 5701 enim
2469 5649 2563 5703 Dei
2619 5662 2792 5716 neque
2831 5648 3130 5716 spiritualis
3166 5651 3360 5705 anima:
3397 5663 3646 5706 naturam

2077 5739 2229 5794 novit
2274 5755 2509 5810 unquam
2567 5739 2728 5798 homo
2778 5741 2830 5794 in
2875 5741 2977 5796 hoc
3020 5741 3218 5798 sarculo
3245 5742 3482 5814 degens;
3529 5759 3648 5813 qua:
