4064 6428
517 307 650 371 lli?
1716 310 1775 371 S.
1817 309 2217 371 ANASTASII
2250 308 2571 372 SINAITZE
3621 319 3736 389 1148

514 431 712 487 corpus
742 431 773 471 e
803 423 1035 486 quatuor
1058 415 1348 473 elementis
1374 427 1631 476 constans
1662 419 1902 476 viviﬁeat
1921 462 1936 488 ,
1981 419 2094 475 col-

2216 420 2421 489 ιογικῆς
2442 421 2634 473 οὐσίαν
2676 420 2819 489 ἔγνω
2844 421 2956 476 τῶν
2984 423 3042 475 ἐν
3067 420 3225 475 αἰῶνι
3262 439 3346 485 τις
3394 434 3741 497 γεγενημένων

516 508 635 579 ligit
685 521 741 563 et
781 518 1104 574 conservat,
1179 512 1358 567 anima
1410 519 1495 567 est
1541 513 1610 566 ad
1662 512 1949 583 imaginem
2000 512 2095 565 Dei

2216 511 2297 564 lv0
2308 513 2507 583 ρώπων
2527 531 2539 544 ·
2573 512 2836 578 ζωοποιὸς
2865 515 2961 567 κιιί⁵
2984 513 3286 586 συστατικὴ
3318 515 3412 567 καὶ
3440 521 3743 592 προνοητικὴ

472 642 475 651 .
520 602 786 653 universa:
817 600 1152 669 providentis
1183 611 1448 656 creatura:
1481 601 1622 657 infra
1652 611 1708 656 et
1734 616 1895 670 supra
1927 619 1939 655 :
1966 615 2101 671 qua-

2216 606 2229 673 )
2285 604 2435 675 ψυχὴ
2485 605 2721 677 ὑπάρχει
2755 608 2857 677 τῆς
2911 607 3302 678 τετραστοίχου
3366 605 3460 660 τοῦ
3524 607 3746 678 σώματος

522 700 746 760 propter
777 691 1053 745 nescimus
1087 691 1176 745 ubi
1212 691 1352 759 Deus
1381 694 1605 758 habitet,
1632 693 1723 747 sed
1751 702 1957 745 tantum
1982 706 2102 745 cre-

2216 695 2433 763 ρῦσεως,
2472 698 2593 750 κατ’
2624 699 2807 751 εἰκόνα
2836 698 2972 751 Θεοῦ
3004 698 3096 751 τοῦ
3132 698 3435 769 προνοητοῦ
3467 700 3638 768 πάσης
3663 700 3747 768 τῆς

524 784 703 836 dimus
737 796 861 835 eum
894 783 948 835 in
977 783 1231 837 omnibus
1256 798 1411 849 esse;
1467 796 1639 852 neque
1667 783 1871 851 pariter
1898 782 2101 837 scimus

2216 789 2609 860 τετραπεράτου
2660 791 2754 844 καὶ
2808 790 2911 860 τῆς
2958 790 3072 845 ἄνω
3112 793 3359 854 κτίσεως.
3408 791 3603 859 Διόπερ
3641 788 3747 843 οὔτε

522 874 614 928 ubi
650 874 855 928 habitet
888 874 1067 928 anima
1102 876 1153 927 in
1183 889 1431 943 corpore,
1484 874 1735 929 novimus
1764 881 1942 928 autem
1978 881 2100 927 tan-

2216 875 2289 931 :bv
2327 878 2420 931 τοῦ
2449 878 2587 933 Θεοῦ
2633 881 2799 933 τόπον
2843 881 2972 935 ἔνθα
3001 883 3269 945 κατοικεῖ,
3312 880 3453 934 ἀλλὰ
3487 881 3639 950 μόνον
3673 898 3749 931 πι-

525 973 641 1021 tum
676 981 794 1022 eam
831 966 884 1021 in
916 981 980 1021 eo
1006 980 1124 1020 esse
1153 974 1207 1019 et
1234 981 1412 1033 agere.

2216 970 2493 1042 ττεύομεν,
2519 973 2601 1026 ὅτι
2621 975 2678 1026 ὲν
2702 973 2865 1027 παντί
2892 977 3063 1027 ἐστιν’
3092 973 3215 1027 οὔτε
3241 974 3349 1045 μὴν
3370 973 3462 1026 τὸν
3492 973 3649 1026 τόπον
3667 972 3751 1042 τῆς

524 1058 705 1127 ψυχῆς
735 1057 958 1128 οἴδαμεν
995 1056 1124 1110 ἔνθα
1153 1059 1295 1110 οἰκεῖ
1331 1058 1387 1111 ἐν
1417 1056 1495 1127 τῷ
1533 1056 1745 1128 σώματι
1780 1072 1793 1087 ·
1826 1052 1965 1108 ἀλλὰ
2027 1054 2191 1123 μόνον
2254 1062 2621 1136 ἐπιστάμεθα,
2657 1066 2739 1119 ὅτι
2767 1068 2824 1119 ὲν
2849 1064 2927 1136 τῷ
2994 1066 3248 1138 παναγίῳ
3311 1064 3527 1137 σώματί
3553 1066 3754 1121 ἐστικαὶ

526 1151 762 1221 ἐνεργεῖ.

597 1246 784 1299 Altero
837 1244 1001 1298 etiam
1048 1244 1208 1299 modo
1262 1245 1440 1298 anima
1479 1253 1571 1300 tua
1610 1255 1694 1302 est
1718 1247 1785 1302 ad
1812 1249 2103 1319 imaginem

2278 1246 2433 1317 Ἔχει
2485 1263 2579 1300 σου
2627 1248 2721 1301 καὶ
2760 1248 2951 1319 ἕτερον
2985 1249 3106 1303 κατ’
3142 1249 3330 1303 εἰκόνα
3364 1247 3502 1302 Θεοῦ
3532 1251 3564 1321 ή
3592 1251 3753 1322 ψυχή’

530 1335 658 1400 Dei,
693 1336 962 1404 siquidem
995 1336 1223 1391 diversae
1248 1347 1329 1391 est
1353 1346 1559 1391 natura:
1589 1353 1653 1391 ac
1680 1339 1857 1394 omnis
1888 1350 2106 1395 creatu-

2216 1338 2345 1407 λέγω
2371 1338 2436 1410 δὴ
2460 1339 2521 1392 τὸ
2556 1339 2898 1410 ὲτεροοόσιον
2931 1342 3101 1412 αὐτὴν
3137 1337 3279 1395 εἶναι
3334 1341 3520 1411 πάσης
3557 1343 3758 1409 κτιστῆς

528 1443 628 1494 ra;
689 1427 833 1497 quod
869 1442 998 1480 vero
1034 1427 1337 1482 mirabilius
1369 1436 1483 1495 est,
1542 1443 1716 1497 neque
1747 1438 1921 1498 potest
1953 1446 2107 1487 mens

2216 1429 2455 1500 ρύσεως’
2489 1431 2551 1483 τδ
2592 1431 2649 1484 δὲ
2689 1433 2906 1486 πάντων
2941 1432 3383 1504 παραδοξότερον
3426 1432 3521 1486 τοῦ
3569 1435 3622 1486 ἐν
3648 1436 3759 1503 ἡμῖν

529 1521 766 1574 humana
800 1519 892 1573 Dei
921 1520 1619 1589 exsistentizemrobationes
1641 1529 1908 1589 evertere,
1934 1537 2106 1592 neque

2216 1522 2327 1575 κατ’
2358 1524 2579 1587 εἰκόνα,
2627 1523 2803 1576 ὲκεϊνό
2864 1524 3037 1588 ἐστιν,
3071 1524 3153 1577 ὅτι
3200 1524 3326 1577 οὔτε
3361 1524 3465 1594 τῆς
3515 1523 3608 1577 τοῦ
3645 1523 3759 1579 Θεοῦ

530 1611 702 1681 magis
731 1612 924 1665 animae
951 1620 1173 1677 nostrze,
1202 1627 1422 1681 quoquo
1452 1614 1610 1668 modo
1639 1615 1705 1670 ad
1729 1614 2100 1669 exsistentiam

2216 1611 2501 1680 ὒπάρξεως
2532 1614 2660 1677 τοὺς
2693 1612 2887 1681 λόγους
2964 1614 3305 1685 ἀνθρώπινος
3353 1616 3479 1679 νοῦς
3518 1616 3761 1669 κατασϐέ-

528 1703 760 1758 venerit.
829 1701 932 1757 Sed
954 1743 969 1768 ,
1023 1717 1119 1771 age
1142 1740 1158 1766 ,
1210 1704 1494 1758 veniamus
1523 1720 1665 1760 nunc
1698 1706 1763 1758 ad
1793 1720 2101 1774 supremum

2216 1720 2297 1758 σαι
2342 1704 2566 1757 δύναται
2593 1745 2609 1769 ,
2642 1703 2767 1757 οῦτε
2799 1705 2900 1774 τῆς
2934 1705 3175 1776 ψυχικῆς
3211 1708 3375 1777 ἡμῶν
3418 1706 3637 1774 οὐσίας,
3666 1708 3763 1772 πῶς

528 1796 780 1865 imaginis
812 1804 865 1850 et
897 1795 1268 1851 similitudinis
1302 1794 1518 1849 modum
1539 1835 1554 1860 ,
1614 1796 1679 1850 ad
1712 1797 2099 1851 ostendendum

528 1889 582 1943 in
614 1890 818 1955 anima,
852 1890 998 1959 quod
1028 1903 1215 1944 sumus
1244 1888 1501 1957 polliciti,
1548 1889 1809 1944 unitatem
1841 1888 2104 1944 Divinila-

529 1979 601 2036 tis
636 1979 688 2033 in
720 1976 991 2034 Trinitate
1046 1996 1060 2035 :
1116 1977 1465 2033 manifestum
1496 1989 1580 2034 est
1609 1988 1787 2035 autem
1831 1980 1928 2034 tria
1960 1994 2103 2046 esse,

529 2073 769 2127 animam
798 2072 1027 2137 scilicet,
1059 2071 1343 2141 spirituale
1369 2071 1485 2140 ejus
1508 2073 1732 2127 verbum
1766 2080 1817 2127 el
1845 2081 2103 2140 mentem,

528 2178 692 2233 quam
724 2164 976 2234 spiritum
1008 2174 1166 2217 vocat
1188 2163 1499 2234 Apostolus,
1528 2179 1649 2218 cum
1675 2165 1927 2219 admonet
1955 2172 2012 2217 ut
2035 2164 2105 2218 si-

528 2272 652 2311 mus
676 2255 848 2312 sancti
883 2256 1061 2310 anima
1088 2263 1141 2310 et
1165 2270 1391 2324 corpore
1419 2264 1472 2310 et
1499 2256 1745 2325 spiritu‘.
1767 2254 1937 2312 Porro
1959 2255 2108 2326 inge-

528 2349 640 2403 nita
668 2356 753 2404 est
782 2348 962 2401 anima
994 2357 1179 2402 nostra
1232 2348 1284 2400 in
1329 2356 1510 2417 typum
1545 2347 1768 2414 ingeniti
1803 2347 1896 2401 Dei
1926 2355 1980 2401 et
2004 2347 2109 2401 Pa-

530 2442 663 2506 tris;
705 2456 809 2496 non
843 2450 1023 2494 autem
1061 2439 1357 2509 ingenitum
1394 2438 1511 2508 ejus
1540 2438 1825 2509 spirituale
1856 2438 2106 2505 verbum,

528 2534 625 2589 sed
676 2532 743 2588 ab
774 2547 836 2588 ea
868 2532 1111 2603 genitum
1157 2530 1538 2597 ineﬂ‘abiliter,
1595 2531 1969 2597 invislbiliter,
2023 2532 2108 2585 in-

529 2624 950 2689 enarrabiliter,
1000 2626 1119 2679 sine
1165 2623 1388 2689 labore,
1439 2624 1490 2677 in
1530 2624 1711 2694 typum
1748 2624 1914 2694 geniti
1946 2623 2108 2693 Filii;

530 2730 685 2769 mens
710 2729 840 2769 vero
873 2728 1049 2784 neque
1078 2714 1340 2785 ingenita,
1389 2729 1563 2781 neque
1590 2714 1772 2784 genita
1792 2753 1808 2779 ,
1857 2715 1949 2770 sed
1982 2730 2112 2785 pro-

527 2808 751 2873 cedens,
782 2807 963 2862 omnia
991 2806 1327 2873 discurrens,
1360 2805 1541 2884 omnia
1570 2817 1840 2873 scratans,
1868 2807 2114 2863 invisibi-

530 2900 656 2955 liter
708 2899 1100 2964 considerans,
1160 2898 1226 2953 ad
1278 2898 1571 2967 imaginem
1612 2907 1665 2952 et
1701 2898 2111 2954 similitudinem

2207 1795 2288 1855 εἰς
2352 1792 2589 1864 ῦπαρξιν
2645 1794 2857 1863 πέφυκέ
2922 1811 2982 1847 τε
3047 1798 3141 1848 καὶ
3186 1797 3579 1867 παραγίνεται.
3641 1796 3762 1849 ‘AD.’

2205 1884 2303 1953 ἄγε
2332 1884 2397 1956 δὴ
2432 1886 2521 1937 ἐπ’
2540 1884 2683 1938 αὐτὸ
2722 1886 2783 1939 τὸ
2827 1885 3165 1957 κυριώτατον
3195 1888 3289 1941 τοῦ
3326 1888 3451 1941 κατ’
3477 1888 3657 1941 εἰκόνα
3688 1888 3763 1941 καὶ

2205 1977 2468 2048 ὁμοίωσιν
2498 1977 2767 2048 ἔλθωμεν,
2803 1980 2955 2043 ὅπως
2983 1981 3126 2033 κατὰ
3174 1982 3276 2044 τὰς
3306 1981 3627 2051 ὑποσχέσεις
3667 1981 3762 2034 δεί-
3848 1980 3854 1986 ’

2206 2069 2388 2137 ξωμεν
2418 2069 2479 2122 τὸ
2527 2069 2818 2137 μοναδικὶν
2857 2071 2956 2140 τῆς
2987 2073 3045 2123 ἐν
3080 2071 3274 2142 Τριάδι
3310 2072 3565 2143 θεότητος
3595 2089 3606 2102 ο
3641 2074 3767 2124 ποῖον

2206 2159 2265 2213 δέ
2295 2160 2412 2212 ἐστι
2440 2159 2600 2212 τοῦτο
2632 2201 2647 2227 ,
2688 2159 2912 2230 εῦδηλον
2946 2161 3028 2213 ὅτι
3062 2161 3095 2231 ἠ
3136 2162 3389 2233 ἡμετέρα
3434 2162 3594 2216 πάλιν
3620 2161 3765 2232 ψυχὴ,

2207 2251 2304 2305 καὶ
2343 2249 2372 2302 ὁ
2407 2250 2610 2322 ταύτης
2661 2253 2849 2323 νοερὸς
2899 2252 3055 2321 λόγος
3084 2293 3099 2318 ,
3136 2254 3229 2306 καὶ
3258 2254 3288 2306 ό
3328 2253 3455 2317 νοῦς
3482 2271 3497 2285 ·
3554 2253 3769 2307 ὃντιναό

2219 2343 2543 2407 ’Δπόττολος
2583 2345 2801 2416 πνεῦμα
2840 2346 3309 2417 προσηγόρευσεν,
3344 2347 3435 2400 ὅτε
3480 2345 3766 2401 διακελεύε-

2207 2454 2300 2490 ται
2327 2438 2518 2507 ἁγίους
2551 2438 2700 2508 ἡμᾶς
2743 2433 2881 2490 εἶναι
2915 2441 2981 2509 τῇ
3020 2438 3166 2510 ψυχῇ
3215 2440 3312 2492 καὶ
3341 2438 3423 2509 τῷ
3460 2438 3667 2509 σώματι
3691 2437 3770 2490 καὶ

2209 2530 2286 2602 τῷ
2331 2529 2625 2600 πνεύματι.
2685 2530 3007 2601 Ἀγέννητος
3046 2530 3146 2601 μὲν
3185 2530 3295 2601 γὰρ
3349 2530 3516 2584 πάλιν
3566 2529 3701 2583 ἐστὶν
3742 2528 3767 2598 ἡ

2210 2623 2356 2696 ψυχὴ
2408 2625 2505 2678 καὶ
2539 2623 2777 2687 ἀναίτιος
2832 2624 2913 2688 εἰς
2974 2627 3147 2677 τύπον
3202 2623 3299 2677 τοῦ
3361 2624 3648 2695 ἀγεννήτου
3690 2619 3768 2673 καὶ

2211 2717 2459 2772 ὰναιτίου
2509 2715 2647 2769 Θεοῦ
2700 2716 2794 2769 καὶ
2846 2717 3095 2787 Πατρόςο
3153 2716 3254 2769 οὐκ
3307 2716 3607 2785 ἀγέννητος
3654 2714 3702 2767 δὲ
3744 2713 3768 2766 ὁ

2213 2807 2398 2879 νοερὸς
2441 2807 2614 2877 αὐτῆς
2649 2806 2828 2875 λόγος,
2864 2805 2979 2859 ἀλλ’
3016 2806 3075 2872 ἐξ
3105 2808 3278 2879 αὐτῆς
3312 2807 3653 2877 γεννώμενος
3681 2803 3764 2877 ἀρ-

2216 2901 2395 2972 ρήτως
2428 2899 2524 2953 καὶ
2556 2898 2829 2970 ἀοράτως,
2860 2898 3287 2970 ἁνερμηνεύτως
3309 2900 3413 2953 καὶ
3440 2896 3676 2960 ἀπαθῶς,
3702 2894 3766 2958 εἰς

530 2991 857 3047 sanctissimi
893 3000 949 3046 et
982 2989 1324 3061 procedentis
1354 2990 1624 3061 Spiritus,
1680 2993 1745 3046 de
1776 3007 1884 3061 quo
1915 2993 2113 3047 dicitur

2216 2992 2385 3047 τύπον
2412 2992 2507 3045 τοῦ
2539 2992 2803 3062 γεννητοῦ
2831 2991 2963 3043 Υἰοῦ
2994 3009 3006 3021 ·
3045 2992 3074 3044 ό
3103 2991 3161 3044 δὲ
3219 2990 3352 3055 νοῦς
3404 2990 3525 3044 οὐδὲ
3556 2986 3765 3049 ἀναίτιός

531 3086 674 3154 quod
706 3086 890 3138 omnia
922 3092 1200 3139 scrutatur
1226 3124 1240 3150 ,
1294 3084 1457 3137 etiam
1490 3083 1752 3153 profunda
1781 3084 1934 3139 Dei'.
1993 3086 2112 3139 Non

2216 3087 2388 3150 ἐστιν,
2434 3082 2561 3136 οὐδὲ
2591 3081 2851 3151 γεννητὸς
2870 3121 2885 3145 ,
2914 3081 3028 3134 ἀλλ’
3061 3081 3405 3151 ὲκπορευτὸς
3429 3120 3445 3147 ,
3475 3080 3642 3151 πάντη
3671 3077 3769 3130 διαο

530 3185 615 3233 est
645 3179 945 3247 procedens
971 3177 1154 3231 anima
1187 3177 1488 3246 usquedum
1518 3187 1604 3231 est
1632 3178 1684 3231 in
1710 3192 1960 3247 corpore,
1991 3177 2117 3233 alio-

531 3272 693 3340 quin,
742 3270 788 3325 si
824 3271 1163 3339 procederet,
1201 3269 1253 3322 in
1287 3278 1563 3323 momento
1588 3285 1952 3336 moreremur;
2006 3285 2114 3324 non

530 3371 615 3419 est
659 3363 956 3431 ingenitum
1006 3362 1232 3417 verbum
1282 3373 1565 3426 neStrum,
1627 3362 1864 3431 alioquin
1914 3362 2115 3432 stupidi

532 3465 584 3510 et
637 3454 778 3508 bruti
825 3446 1108 3520 essemus;
1170 3456 1312 3523 quod
1346 3462 1525 3507 autem
1560 3462 1642 3507 est
1682 3468 1845 3523 quam
1880 3455 2119 3508 maxime

533 3536 802 3607 mirabile,
828 3543 1066 3597 animam
1091 3543 1308 3612 quidem
1335 3542 1637 3612 simplicem
1660 3543 1945 3608 habemus,
1966 3559 2117 3599 men-

535 3648 641 3691 tem
685 3651 900 3707 quoque
951 3652 1114 3689 unam
1163 3644 1218 3690 et
1264 3636 1675 3698 iuconcretam,
1731 3636 1955 3690 verbum
1986 3651 2118 3692 vero

539 3731 760 3799 duplex,
803 3728 1070 3798 duplicem
1103 3728 1309 3782 habens
1336 3727 1769 3798 generationem,
1796 3727 1927 3783 licet
1950 3744 2116 3783 unum

534 3833 591 3877 et
646 3821 937 3877 indivisum
991 3828 1211 3875 maneat
1275 3838 1289 3876 :
1352 3829 1647 3889 generatur
1693 3820 1837 3876 enim
1893 3822 2116 3877 verbum

535 3916 588 3968 in
640 3916 842 3978 corde,
906 3912 1444 3983 incomprehensibili
1494 3922 1547 3967 et
1593 3914 1908 3983 incorporea
1951 3929 2117 3985 gene-

536 4007 769 4071 ratione,
817 4006 961 4059 intus
993 4017 1210 4073 quoque
1240 4012 1422 4058 manet
1448 4002 1759 4068 invisibile;
1816 4004 1991 4059 denuo
2022 4018 2118 4057 au-

536 4108 645 4153 tem
696 4096 1055 4167 corporaliter
1106 4110 1201 4164 per
1246 4094 1387 4150 labia
1430 4104 1721 4165 generatur
1771 4103 1825 4150 et
1865 4096 2119 4151 omnibus

537 4188 886 4244 manifestum
942 4187 1039 4254 iit;

537 4281 779 4347 recedit,
848 4289 906 4333 ut
965 4293 1030 4333 ex
1074 4278 1274 4348 duplici
1320 4277 1470 4332 verbi
1516 4279 1689 4333 nostri
1736 4281 2112 4348 generatione,

1115 4202 1215 4241 nec
1265 4197 1447 4241 tamen
1504 4201 1533 4240 a
1586 4196 1886 4256 generante
1938 4186 2139 4241 anima'

2215 3176 2452 3248 τρέχων,
2507 3174 2599 3228 καὶ
2651 3173 2721 3227 τὰ
2767 3172 2946 3227 πάντα
2998 3172 3313 3227 διασκοπῶν
3346 3188 3360 3203 ·
3416 3173 3511 3227 καὶ
3554 3171 3768 3241 ἀοράτως

2215 3266 2516 3338 ψηλαφῶν,
2547 3266 2668 3319 κατ’
2710 3266 2896 3320 εἰκόνα
2944 3268 3038 3318 καὶ⁸
3070 3266 3340 3337 ὁμοίωσιν
3385 3265 3480 3320 τοῦ
3529 3260 3767 3330 παναγίου

2217 3361 2313 3413 καὶ
2344 3358 2678 3429 ὲκπορευτοῦ
2718 3357 3063 3428 Πνεῦματος.
3093 3358 3228 3428 Περί
3256 3350 3318 3411 οῦ
3358 3358 3590 3429 εἴρηται,
3620 3357 3690 3409 ότι
3718 3350 3769 3404 τὸ
3848 3423 3855 3430 ι

2217 3449 2447 3519 Πνεῦμα
2494 3448 2674 3501 πάντα
2723 3450 2918 3519 ἐρευνᾷ
2947 3450 3039 3500 καὶ
3084 3447 3152 3501 τὰ
3189 3446 3337 3518 βάθη
3373 3449 3464 3502 τοῦ
3501 3445 3645 3501 Θεοῦ.
3675 3445 3769 3497 Οὐκ

2217 3542 2366 3596 ἐστιν
2400 3543 2709 3612 ὲκπορευτὴ
2744 3544 2776 3613 ἡ
2816 3541 2990 3611 ψυχὴ,
3035 3542 3142 3604 ἓως
3182 3536 3244 3595 οῦ
3281 3543 3442 3595 ἐστιν
3474 3544 3530 3595 ὲν
3576 3539 3645 3608 τῷ
3686 3534 3771 3589 σὼ-

2221 3649 2392 3706 ματι·
2451 3634 2576 3686 ἐπεὶ
2622 3636 2669 3686 εἰ
2707 3633 3020 3704 ὲκπορευτὴ
3068 3628 3158 3701 ἦν,
3217 3632 3326 3703 ἄρα
3378 3632 3442 3687 ἂν
3499 3632 3617 3685 καθ’
3648 3628 3771 3698 ὥραν

2220 3727 2659 3796 ἀπεθνήσκομεν.
2689 3725 2804 3779 Οὐκ
2838 3726 2985 3779 ἔστιν
3013 3712 3311 3795 ἀγέννητος
3360 3727 3388 3778 ὁ
3421 3724 3572 3793 λόγος
3604 3722 3768 3793 ἡμῶν,

2218 3819 2343 3871 ἐπεὶ
2379 3817 2569 3886 ἄλογοί
2603 3833 2751 3880 τινες
2787 3818 2883 3870 καὶ
2913 3815 3211 3887 κτηνώδεις
3255 3816 3621 3888 ὑπήρχομεν·
3649 3811 3699 3863 τὸ
3724 3807 3771 3860 δὲ

2219 3908 2654 3980 παραδοξότερον
2683 3906 2792 3960 τῶν
2823 3906 3145 3977 παραδόξων
3166 3904 3405 3972 τούτων,
3430 3903 3601 3957 ἐκεῖνό
3628 3904 3768 3960 ἐστιν,

2218 4002 2301 4056 ὅτι
2331 4002 2512 4072 ψυχὴν
2545 4002 2645 4072 μὲν
2679 3999 2863 4069 ἁπλῆν
2905 4016 3028 4052 τινα
3060 3998 3280 4068 ἔχομεν,
3316 3998 3528 4068 ὁμοίως
3557 3995 3643 4047 καὶ
3667 3988 3771 4043 νοῦν

2223 4094 2509 4165 μοναδικὸν
2550 4093 2646 4146 καὶ
2675 4091 2989 4155 ἀσύνθετον,
3042 4090 3199 4158 λόγον
3237 4089 3293 4141 δὲ
3325 4088 3571 4149 διπλοῦν,
3603 4081 3768 4149 διπλῆν

2220 4187 2411 4257 ἔχοντα
2437 4186 2498 4239 τὸ
2527 4185 2659 4238 αὐτὸ
2682 4183 2780 4254 τὴν
2806 4183 3082 4253 γέννησιν,
3113 4181 3208 4234 καὶ
3233 4181 3347 4235 ἕνα·
3369 4182 3463 4235 καὶ
3491 4178 3757 4250 ἀμέριστον

2220 4279 2647 4349 φυλαττόμενον.
2681 4278 2949 4331 Γεννᾶται
2996 4277 3107 4347 γὰρ
3130 4279 3156 4329 ό
3189 4275 3349 4343 λόγος
3391 4277 3448 4328 ὲν
3480 4277 3545 4346 τῇ
3576 4268 3767 4341 καρδίᾳ.

534 4388 635 4441 pro
664 4371 895 4441 quadam
924 4369 1158 4438 imagine
1184 4377 1238 4422 et
1266 4367 1644 4433 similitudine,
1674 4369 1946 4439 duplicem
1975 4370 2113 4425 Ver-

2222 4371 2476 4442 γέννησίν
2531 4388 2656 4425 τινα
2724 4369 3113 4440 ἀκατάληπτον
3164 4368 3261 4423 καὶ
3317 4367 3642 4436 ἀσώματον
3691 4357 3768 4412 καὶ

538 4463 589 4515 bi
618 4462 783 4515 divini
816 4460 1224 4530 generationem
1255 4456 1736 4528 cognosceremus,
1760 4462 1851 4527 qui
1877 4462 2123 4516 invisibi-

538 4556 665 4609 liter
695 4564 749 4607 et
778 4552 1128 4607 inelI‘abiliter
1165 4568 1194 4605 a
1226 4550 1389 4607 Patre
1415 4562 1495 4607 est
1523 4553 1743 4621 genitus
1771 4563 1897 4607 ante
1925 4557 2119 4611 saecula

537 4658 592 4702 ct
624 4647 675 4699 in
709 4644 889 4709 Patre,
926 4643 1085 4713 quasi
1122 4643 1175 4698 in
1206 4644 1385 4696 anima
1418 4642 1654 4697 latenter
1677 4653 1895 4708 manet,
1949 4645 2123 4700 donec

537 4755 608 4794 ex
642 4750 831 4792 saneta
862 4734 1109 4805 Virgine,
1140 4735 1285 4789 velut
1315 4749 1380 4789 ex
1407 4735 1573 4790 corde
1597 4734 1855 4804 quodam,
1881 4736 2122 4792 incorru-

538 4827 803 4896 ptibiliter
838 4836 892 4880 et
925 4826 1130 4894 absque
1160 4825 1346 4880 dolore
1372 4864 1388 4889 ,
1443 4824 1740 4880 secundum
1773 4840 1994 4880 carnem
2028 4842 2124 4880 na-

539 4928 787 4972 sceretur
816 4924 872 4969 et
902 4915 1059 4969 nobis
1089 4912 1448 4984 corporaliter
1476 4927 1544 4968 ex
1571 4911 1739 4967 altera
1765 4915 2117 4983 generatione

538 5017 846 5079 appareret.

2223 4466 2373 4536 μένει
2403 4463 2552 4519 ἔνδον
2588 4462 2958 4534 ἀγνώριστονο
2981 4464 3076 4517 καὶ
3110 4464 3368 4533 γεννᾶται
3395 4460 3645 4532 δευτέραν
3666 4455 3768 4523 γέν·

2219 4572 2377 4627 νησιν
2436 4556 2536 4626 τὴν
2597 4555 2921 4626 σωματικὴν
2965 4553 3054 4607 διὰ
3100 4554 3367 4624 χειλέων,
3402 4554 3494 4607 καὶ
3525 4551 3638 4603 τότε
3676 4544 3767 4603 τοῖς

2221 4651 2355 4702 πᾶσι
2406 4646 2755 4719 γνωρίζεται,
2792 4648 2892 4718 τῆς
2945 4647 3001 4700 δὲ
3037 4646 3385 4716 γεννησάσης
3434 4644 3590 4697 αὑτὸν
3617 4635 3767 4708 ψυχῆς

2218 4739 2281 4792 οὐ
2339 4739 2675 4810 χωρίζεται·
2731 4739 2819 4791 ἵνα
2870 4737 2959 4790 διὰ
3001 4737 3110 4790 τῶν
3140 4736 3234 4789 δύο
3281 4737 3375 4789 τοῦ
3432 4735 3589 4803 λόγου
3637 4723 3768 4798 ἡμῶν

2219 4833 2536 4901 γεννήσεων
2612 4831 2798 4898 σαφῶς
2829 4830 2928 4896 τὰς
2966 4831 3060 4884 δύο
3097 4829 3193 4883 τοῦ
3230 4828 3369 4883 Θεοῦ
3411 4829 3580 4895 Λόγου
3606 4816 3770 4891 γεννή⁰

2227 4937 2343 4985 σεις
2375 4921 2497 4975 κατ’
2540 4922 2729 4976 εἰκόνα
2763 4923 2885 4977 τινὰ
2921 4923 3018 4976 καὶ
3066 4924 3333 4992 ὁμοίωσιν
3380 4921 3655 4992 μάθωμεν.
3692 4910 3764 4962 Γε·

2224 5012 2486 5085 γέννηται
2519 5015 2631 5085 γὰρ
2678 5015 2928 5084 ἀοράτως
2974 5015 3068 5068 καὶ
3096 5013 3518 5084 ἁνερμηνεύτως
3553 5007 3651 5078 πρὸ
3680 4998 3769 5053 τῶν

536 5102 751 5156 αἰώνων
787 5103 852 5154 ὲκ
890 5100 1141 5172 Πατρὸς,
1174 5098 1270 5153 καὶ
1300 5098 1450 5169 μένει
1480 5097 1762 5167 ἄγνωστος
1781 5140 1797 5166 ,
1822 5100 1900 5166 ὡς
1955 5101 2014 5157 ἐν
2044 5119 2151 5158 τινι
2188 5105 2332 5179 ψυχῇ
2367 5108 2500 5177 πρὸς
2524 5108 2615 5161 τὸν
2646 5110 2889 5181 Πατέρα·
2928 5109 3056 5174 ἕως,
3081 5107 3272 5177 ὥσπερ
3302 5109 3365 5161 ὲκ
3390 5104 3605 5178 καρδίας
3626 5093 3767 5154 TW“,

537 5196 636 5263 τῆς
665 5194 828 5261 ἁγίας
860 5194 1141 5266 Παρθένου
1182 5191 1440 5266 ἀφθόρως
1501 5194 1598 5248 καὶ
1627 5194 1846 5261 ἀπόνως
1868 5197 2196 5269 γεγέννηται
2220 5200 2281 5254 τὸ
2308 5204 2452 5257 κατὰ
2515 5203 2718 5275 σάρκα,
2763 5205 2858 5259 καὶ
2920 5203 3248 5274 ἐνεφανίσθη
3306 5203 3440 5273 ἡμῖν
3472 5185 3768 5267 σωματικῶς

536 5286 624 5339 διὰ
655 5287 918 5358 δευτέρας
949 5287 1279 5357 γεννήσεως.

609 5377 866 5432 Cernitur
912 5380 1073 5433 etiam
1134 5380 1186 5433 iu
1234 5379 1491 5449 homine,
1558 5382 1712 5451 quasi
1772 5383 1824 5436 in
1879 5383 2113 5452 imagine

537 5484 591 5527 et
625 5487 749 5546 typo
774 5514 789 5540 ,
840 5473 1036 5546 duplex
1070 5478 1152 5532 vis
1183 5478 1235 5533 in
1268 5478 1559 5549 imaginem
1587 5489 1640 5536 et
1663 5490 1845 5552 typum
1868 5479 2071 5535 Christi
2100 5498 2115 5535 :

536 5569 994 5640 quemadmodum
1020 5574 1165 5627 enim
1202 5574 1318 5645 ejus
1346 5574 1605 5631 divinitas
1636 5575 1742 5646 egit
1778 5575 2113 5641 Iheandricr,

613 5724 629 5755 ¹
672 5723 888 5779 Coloss‘.
919 5742 954 5789 ι,
991 5727 1081 5781 2:2.
1160 5733 1178 5759 ²
1214 5729 1228 5780 1
1259 5730 1384 5779 (lor.
1427 5744 1483 5787 ll.
1528 5731 1603 5782 Η).

2305 5385 2532 5459 Ὀρᾶται
2560 5385 2722 5440 πάλιν
2758 5385 2833 5449 ὡς
2866 5386 2923 5439 ὲν
2955 5383 3126 5438 εἰκόνι
3172 5381 3282 5436 τινὶ
3314 5378 3408 5435 καὶ
3440 5377 3589 5444 τύπῳ
3613 5412 3626 5436 ,
3649 5368 3769 5434 λέγω

2226 5480 2285 5534 ἐν
2323 5480 2398 5549 τῷ
2424 5478 2730 5551 ἀνθρώπῳ,
2768 5481 2865 5532 καὶ
2908 5477 3061 5547 διττή
3101 5493 3185 5537 τις
3242 5470 3517 5543 ἐνεργείας
3560 5466 3768 5554 ἔμφασις

2225 5575 2304 5638 εἰς
2331 5574 2518 5629 εἰκόνα
2546 5573 2639 5626 καὶ
2663 5572 2832 5626 τύπον
2861 5558 3102 5641 Χριστοῦ
3131 5585 3144 5600 ο
3167 5567 3415 5635 καθάπερ
3434 5562 3538 5631 γὰρ
3567 5559 3596 5628 ἡ
3624 5555 3764 5607 αὐτου
