4064 6418
367 296 497 366 illi)

1598 316 1872 383 SEBMO.
1910 349 1979 359 --
2011 326 2394 393 MONITUM.

3449 334 3592 399 1150

356 415 536 516 θεότης
568 416 813 516 ἐνηργει,
851 420 945 476 καίι
975 419 1309 496 θεανδρικῶς
1344 426 1563 501 ἐνήργει
1590 433 1686 487 καὶ
1720 433 1921 500 θεῖκῶς

2030 443 2227 511 agebat
2254 455 2430 499 autem
2461 454 2511 500 et
2540 444 2720 500 divine
2750 445 2802 500 in
2831 445 2982 501 caelis
3001 487 3018 513 ,
3072 453 3204 502 ante
3226 447 3476 516 corporis
3505 446 3592 502 sui

354 510 409 563 ἐν
444 511 659 583 ούρανῷ
702 513 810 584 πρὸ
854 515 954 585 τῆς
988 515 1087 571 τοῦ
1120 516 1385 588 ,σώματος
1421 521 1814 591 ἀναπλάσεως,
1842 525 1918 591 ὡς

351 601 780 673 ἀπερίγραπτος,
811 606 907 661 καὶ
940 607 1015 679 μὴ
1048 613 1453 681 περιγραφείσα
1488 614 1545 667 ἐν
1577 614 1654 685 τῷ
1680 614 1917 686 σώματι,

350 692 487 747 οὕτω
538 696 635 749 κιιι)⁵
676 699 710 767 ἡ
753 698 901 770 ψυχὴ
936 701 968 770 ἡ
1006 704 1127 755 κατ’
1162 702 1349 758 εἰκόνα
1384 705 1479 758 καὶ
1526 705 1790 776 ὁμοίωσιν
1822 708 1919 763 τοῦ

347 783 577 854 ἀοράτου
627 784 765 840 Θεοῦ
821 788 999 856 Λόγου
1036 790 1378 870 ύπάρχρυσα,
1425 794 1643 864 ἐνεργεῖ
1685 796 1787 864 μὲν
1825 795 1921 849 καὶ

344 874 743 948 ψυχανδρικῶς,
774 882 1023 935 τουτέστι
1048 884 1478 956 σωματοψύχως,
1507 887 1587 950 είς
1615 886 1787 941 τύπον
1813 887 1910 941 τοῦ

345 964 677 1039 θεανδρικῶς
702 971 965 1040 Χριστοῦ.
1006 972 1253 1046 Ἔνεργεῖ
1276 976 1334 1030 δὲ
1363 977 1460 1032 καὶ
1484 978 1729 1049 ψυχικῶς
1755 980 1920 1050 μόνον

343 1055 573 1113 πλεῖστά
613 1076 772 1125 τινα,
824 1062 900 1133 μὴ
953 1066 1346 1136 συνεργοῦντος
1392 1068 1528 1140 αὐτῇ
1582 1069 1677 1124 τοῦ
1714 1072 1918 1125 οίκείου

341 1145 596 1217 σώματος
616 1188 633 1213 ,
669 1151 750 1215 είς
778 1151 949 1207 τύπον
995 1154 1090 1209 τοῦ
1120 1156 1354 1228 ἀοράτου
1388 1157 1528 1211 Θεοῦ
1568 1158 1778 1227 Λόγου,
1819 1158 1917 1214 τοῦ

338 1239 517 1295 πολλά
538 1241 787 1312 ἀοράτως
820 1246 1218 1317 ἐνεργήσαντος
1242 1247 1336 1303 καὶ
1357 1248 1710 1322 ἐνεργοῦντος
1739 1251 1800 1305 ἐν
1829 1251 1921 1305 ού-

338 1333 491 1403 ρανῷ
525 1334 621 1388 καὶ
652 1335 745 1387 ἐπὶ
770 1336 895 1406 γῆς,
934 1337 1023 1391 διὰ
1047 1339 1147 1410 τῆς
1174 1340 1595 1412 ἀπεριγράπτου
1621 1341 1785 1396 αὑτοῦ
1822 1343 1919 1397 καὶ

333 1424 690 1495 παγκοσμίου
721 1426 911 1498 θεῖκῆς
934 1430 1237 1501 ἐνεργείας.
1276 1431 1340 1485 Ἦ
1367 1426 1462 1486 οῦν
1498 1432 1686 1504 ἀγάπη
1721 1434 1756 1505 ἡ
1786 1432 1917 1506 περὶ

333 1513 470 1591 θεὸν
494 1516 634 1571 κατὰ
664 1516 904 1589 ψυχικὴν
940 1520 1036 1575 καὶ
1057 1521 1229 1592 μόνην
1256 1521 1587 1576 ἐπιτελεῖται
1612 1522 1918 1594 ἐνέργειαν,

330 1606 397 1659 ού
432 1605 711 1678 χρῄζουσα
735 1610 794 1664 ἐν
822 1609 998 1682 τούτῳ
1025 1613 1125 1682 τῆς
1155 1614 1478 1685 συνεργείας
1505 1613 1603 1667 τοῦ
1635 1612 1909 1685 σώματος·

330 1698 537 1769 ὁμοίως
567 1699 666 1753 καὶ
690 1702 724 1771 ἡ
760 1700 951 1765 πίστις
970 1741 984 1768 ,
1016 1701 1263 1774 ψυχικῆς
1301 1704 1397 1758 καὶ
1421 1705 1594 1775 μόνης
1633 1705 1917 1775 ἐνεργείας

2022 532 2385 596 creationem.
2434 545 2493 589 nt
2528 533 2993 604 incircumscripta
3016 575 3031 601 ,
3083 552 3204 590 cum
3250 550 3355 591 non
3386 538 3440 590 in
3469 553 3591 591 cor-

2020 636 2152 690 pore
2180 624 2754 693 circumscriberetnr,
2805 627 2876 680 ita
2909 636 2964 680 et
2994 627 3172 679 anima
3204 627 3267 678 ad
3302 627 3590 693 imaginem

2021 719 2077 764 et
2124 713 2535 769 similitudinem
2582 714 2747 770 Verbi
2788 716 2956 770 divini
2994 715 3131 770 facta
3181 718 3288 787 agit
3326 718 3595 785 psychro-

2021 800 2208 865 drice,
2256 802 2309 855 id
2349 813 2434 858 est
2483 820 2604 858 cum
2647 818 2877 876 corpore
2923 808 2975 860 in
3021 816 3204 877 typum
3249 806 3449 860 CitriSti
3498 796 3617 859 Dei'

2021 896 2075 944 ct
2117 890 2388 958 hominis,
2446 878 2773 963 agitantem
2823 910 3038 965 quoque
3091 904 3146 950 ct
3199 907 3254 949 ιιι
3300 897 3592 963 plurimum

2017 991 2084 1035 ex
2112 994 2171 1036 se
2201 980 2345 1047 sola,
2381 984 2511 1052 quin
2540 995 2830 1040 concurrat
2862 989 3137 1057 proprium
3168 1002 3392 1055 corpus,
3430 988 3481 1040 in
3512 998 3596 1056 ty-

2019 1084 2144 1139 pum
2169 1071 2455 1129 invisibilis
2478 1073 2634 1130 Vcrbi
2661 1075 2775 1140 Dei,
2794 1078 2933 1147 quod
2960 1078 3308 1131 invisibiliter
3332 1078 3495 1131 multa
3524 1077 3597 1131 fec

2019 1159 2095 1214 cit
2126 1160 2332 1216 etfacit
2360 1162 2415 1217 in
2447 1164 2585 1220 coelo
2611 1175 2663 1219 et
2695 1166 2745 1219 in
2774 1177 2950 1230 terra,
2985 1175 3207 1235 propter
3238 1182 3389 1222 suam
3423 1168 3597 1223 incir-

2018 1251 2405 1321 cumscriptam
2460 1263 2517 1306 et
2570 1253 2886 1308 immensam
2948 1256 3219 1308 actionem
3280 1256 3522 1307 divinam
3577 1272 3593 1309 :

2018 1339 2257 1395 Charitas
2279 1342 2545 1411 siquidem
2576 1344 2627 1398 in
2655 1344 2820 1398 Deum
2850 1346 2898 1398 vi
2925 1346 3036 1397 sola
3065 1346 3260 1398 animae
3285 1346 3590 1415 perficitur,

2018 1444 2119 1485 nec
2141 1431 2342 1502 indiget
2365 1434 2609 1503 corporis
2630 1436 2867 1503 auxilio;
2895 1436 3146 1491 similiter
3168 1446 3224 1490 et
3247 1434 3379 1491 fides
3399 1437 3596 1491 anima:

2018 1521 2188 1577 solius
2217 1523 2324 1577 vim
2350 1524 2610 1591 ostendit,
2642 1540 2745 1579 non
2774 1540 2935 1580 secus
2965 1541 3027 1579 ac
3057 1540 3179 1594 spes
3205 1534 3257 1579 et
3281 1525 3591 1592 humilitas;

2018 1621 2072 1667 et
2105 1627 2172 1666 ne
2203 1612 2358 1681 plura
2385 1614 2583 1680 dicam,
2619 1630 2807 1670 omnes
2838 1618 3159 1671 necessaria:
3192 1624 3247 1671 et
3276 1617 3598 1685 spirituales

2018 1703 2286 1770 virtutes,
2330 1721 2561 1775 quarum
2596 1707 2748 1761 radix
2781 1719 2832 1760 et
2861 1706 3269 1762 fundamentum
3306 1719 3387 1764 est
3418 1711 3595 1765 cordis

330 1791 488 1845 ἐστὶν
533 1790 789 1861 ἐνδειξιςο
845 1794 1112 1860 ὡσαύτως
1166 1797 1264 1849 καὶ¹
1306 1797 1339 1867 ἠ
1377 1796 1532 1860 ἐλπὶς
1557 1838 1571 1862 ,
1635 1796 1778 1851 κατά
1812 1796 1918 1866 ψυ-

2023 1797 2327 1863 munditia,
2381 1796 2432 1851 vi
2477 1797 2649 1852 solum
2694 1798 2960 1867 spirituali
3013 1799 3206 1852 anima:
3237 1810 3435 1854 nostrae
3466 1815 3595 1869 pcr-

325 1882 498 1955 χικὴν
530 1886 627 1938 καὶ
671 1885 842 1956 μόνην
882 1887 1214 1942 ἐπιτελεῖται
1239 1887 1557 1959 ἐνέργειαν·
1598 1888 1789 1958 ὥσπερ
1816 1889 1911 1943 καὶ

324 1976 829 2047 ταπεινοφροσύνη,
883 1978 954 2031 δι’
1016 1980 1299 2046 ἐνεργείας
1365 1980 1546 2052 ψυχῆς
1603 1982 1910 2053 ἐνεργεῖται

323 2067 426 2120 καὶ
471 2065 797 2136 ύφίσταταν
860 2068 955 2123 καὶ
1008 2071 1419 2141 περιληπτικῶς
1473 2073 1669 2138 εἰπεῖν,
1729 2073 1906 2126 πᾶσαι

323 2158 390 2212 αι
457 2159 755 2227 ἀναγκαῖαι
809 2160 905 2214 καὶ
964 2163 1337 2232 πνευματικαὶ
1383 2162 1577 2234 ἀρεταὶ
1635 2155 1711 2217 ὧν
1779 2161 1907 2233 ρίζα

322 2251 427 2304 καὶ
471 2250 720 2320 θεμέλιός
744 2251 893 2305 ἐστιν
930 2254 963 2323 ἡ
991 2252 1303 2324 καθαρότης
1337 2254 1438 2323 τῆς
1468 2253 1699 2326 καρδίας
1720 2295 1734 2320 ,
1766 2254 1909 2309 κατὰ

321 2342 430 2411 τὴν
477 2342 674 2412 νοεράν
724 2344 820 2396 καὶ
875 2343 1042 2416 μόνην
1078 2344 1194 2414 -τῆς
1233 2345 1462 2416 λογικῆς
1513 2344 1673 2415 ἡμῶν
1723 2345 1908 2418 ψυχῆς

319 2434 611 2506 ἐνέργειαν
641 2433 1050 2500 ἐπιτελοῦνται,
1098 2437 1160 2489 ού
1196 2436 1497 2508 χρῄζουσαι
1525 2436 1619 2490 τοῦ
1657 2436 1909 2507 σώματος

321 2529 412 2591 είς
439 2527 537 2598 τὴν
563 2527 775 2581 ἑαυτῶν
801 2528 1175 2599 ἐκπλήρωσιν.
1205 2527 1368 2583 Ὅθεν
1396 2530 1491 2583 καὶ
1521 2530 1572 2582 oi
1608 2531 1775 2600 πηροὶ
1816 2529 1910 2584 καὶ

319 2618 619 2683 ἀσθενεῖς,
662 2620 757 2673 καὶ
808 2619 1058 2691 ἀκίνητοι
1095 2620 1249 2684 ὄντες
1297 2623 1363 2691 τῇ
1402 2621 1568 2691 σαρκὶ
1601 2661 1615 2686 ,
1648 2620 1908 2675 δύνανται

318 2711 419 2765 διὰ
447 2710 555 2764 τῶν
594 2712 855 2765 τοιούτων
885 2713 1098 2783 ἀρετῶν
1161 2715 1227 2784 τῇ
1269 2712 1412 2766 κατά
1451 2712 1631 2783 ψυχὴν
1656 2712 1910 2784 ἐνεργείᾳ

320 2802 693 2873 εὐαρεστῆσαι
732 2803 811 2875 τῷ
854 2802 995 2873 Θεῷ.
1032 2804 1142 2858 Καὶ
1172 2805 1230 2857 ἐν
1262 2804 1342 2875 τῷ
1386 2802 1542 2874 ῦπνῳ
1570 2804 1628 2857 δὲ
1672 2803 1910 2873 μάλιστα

321 2893 411 2965 τῷ
447 2894 570 2948 καθ’
607 2896 759 2967 ἡμᾶς
808 2895 1086 2950 δείκνυται
1132 2895 1193 2950 τὸ
1230 2894 1407 2950 διττὸν
1455 2896 1558 2967 τῆς
1597 2895 1719 2950 καθ’
1763 2896 1912 2966 ἡμᾶς

320 2989 641 3060 ἐνεργείας·
674 2988 771 3043 τοῦ
812 2989 922 3061 γάρ
979 2989 1235 3061 σώματος
1275 2989 1466 3060 ὥσπερ
1498 2989 1913 3061 νενεκρωμένας

2010 1887 2300 1951 ficiuntur,
2343 1902 2449 1941 non
2479 1887 2727 1956 corporis
2752 1888 2957 1942 auxilio
2998 1903 3100 1956 pro
3132 1904 3227 1942 sua
3258 1889 3596 1957 perfectione

2010 1990 2232 2049 egentes
2282 1999 2298 2036 :
2354 1982 2585 2052 ideoque
2620 1983 2795 2036 trunci
2827 1994 2881 2035 et
2910 1982 3109 2036 infirmi
3157 1994 3207 2037 et
3254 1985 3344 2053 qui
3377 1998 3436 2038 se
3467 2000 3586 2038 ror-

2010 2073 2267 2141 poraliter
2292 2087 2512 2129 movere
2539 2088 2644 2128 non
2669 2083 2923 2143 possunt,
2955 2089 3051 2143 per
3082 2074 3202 2129 illas
3231 2083 3406 2128 tamen
3431 2074 3596 2128 virtu-

2011 2173 2092 2220 tcs
2144 2165 2339 2220 animae
2378 2166 2596 2222 actione
2637 2165 2748 2221 Deo
2790 2174 3016 2235 possunt
3064 2167 3297 2236 placere.
3346 2166 3400 2221 In
3441 2181 3592 2221 som-

2010 2271 2080 2311 no
2110 2270 2242 2311 vero
2281 2256 2582 2325 praesertim
2633 2266 2815 2311 nostra
2868 2272 2927 2311 se
2956 2258 3195 2312 ostendit
3242 2257 3324 2310 vis
3358 2257 3590 2325 duplex:

2010 2348 2134 2400 dum
2165 2347 2310 2401 enim
2344 2362 2543 2417 corpus
2588 2347 2734 2403 velut
2765 2334 3012 2402 mortuos
3061 2357 3114 2402 et
3152 2346 3262 2401 fere
3292 2346 3594 2401 immobiles

2010 2436 2208 2491 haheat
2237 2453 2430 2491 sensus
2456 2453 2583 2493 suos
2603 2478 2617 2502 ,
2677 2439 2974 2507 spiritualis
3004 2448 3059 2493 et
3087 2438 3368 2492 rationalis
3397 2438 3595 2491 anima!

2009 2530 2093 2585 vis
2149 2530 2565 2602 vigilantissima
2626 2540 2682 2585 et
2730 2531 2965 2599 ingenita
3026 2530 3207 2586 omnia
3258 2528 3592 2599 perlustrat;

2012 2621 2207 2677 deinde
2233 2662 2248 2687 ,
2300 2623 2570 2691 quomodo
2601 2637 2629 2676 a
2654 2636 2885 2690 corpore
2918 2632 3093 2675 morte
3120 2620 3387 2691 disjnncta
3417 2620 3597 2673 subsi—

2011 2722 2180 2768 steret
2216 2714 2517 2782 spiritualis
2548 2722 2601 2767 et
2630 2713 2916 2767 rationalis
2940 2713 3144 2777 anima,
3179 2711 3282 2767 nisi
3317 2727 3412 2780 per
3437 2725 3593 2764 suam

2011 2803 2383 2872 spiritualem,
2447 2805 2666 2860 vitalem
2716 2813 2772 2858 et
2856 2802 3217 2857 immortalem
3264 2802 3408 2857 vim?
3461 2799 3597 2856 0m-

2012 2896 2096 2951 nis
2124 2897 2342 2965 quidem
2376 2898 2660 2967 Scriptura
2695 2898 2956 2952 divinitus
2986 2896 3251 2965 inspirata
3276 2934 3290 2958 ,
3345 2893 3598 2963 Evange—

2014 2987 2207 3042 liorum
2259 2998 2314 3043 et
2357 2989 2729 3060 apostolorum
2776 2989 3100 3044 documenta
3147 2987 3335 3041 dicunt
3369 2985 3422 3039 in
3456 2984 3597 3040 cmlo

321 3080 431 3135 καὶ
465 3081 655 3153 σχεδὸν
688 3082 1091 3153 ἀνενεργήτους
1117 3082 1216 3145 τὰς
1260 3082 1547 3153 αἰσθήσεις
1575 3081 1793 3153 ἔχοντος
1817 3121 1831 3147 ,
1878 3081 1911 3151 ἡ

2017 3095 2137 3135 esse
2166 3079 2335 3134 Deum
2368 3082 2457 3151 qui
2485 3082 2665 3136 omnia
2695 3081 2903 3151 replet,
2961 3090 3361 3150 proptereaque
3390 3077 3598 3132 scimus

320 3175 499 3245 νοερά
523 3174 624 3229 καὶ
652 3174 846 3246 λογικὴ
866 3175 965 3245 τῆς
985 3174 1168 3245 ψυχῆς
1194 3173 1453 3246 ἐνέργεια
1474 3214 1488 3239 ,
1524 3172 1826 3247 ἀκοίμητός
1850 3188 1912 3225 τε

2018 3171 2143 3227 inde
2186 3173 2534 3227 descendisse
2567 3172 2805 3228 Verbum
2839 3172 2930 3226 Dei
2983 3180 3038 3226 et
3082 3172 3276 3226 iterum
3324 3184 3444 3224 cum
3474 3183 3599 3222 cor-

323 3266 432 3319 καὶ
459 3266 724 3337 ἀσίγητος
760 3266 831 3321 τὰ
880 3266 1062 3319 πάντα
1087 3265 1395 3336 περιπολεῖ.
1445 3265 1624 3329 Ἐπεὶ,
1670 3264 1790 3326 πῶς
1823 3264 1919 3317 καὶ

322 3355 674 3429 χωριζομένη
705 3356 800 3410 τοῦ
830 3356 1084 3427 σώματος
1104 3358 1160 3411 ἐν
1182 3355 1260 3427 τῷ
1276 3355 1511 3427 θανάτῳ,
1534 3355 1851 3409 συνίσταται
1876 3356 1911 3423 ή

322 3445 529 3517 λογικη
562 3445 731 3517 ψυχὴ,
762 3446 810 3500 εί
841 3448 917 3518 μὴ
939 3447 1028 3500 διὰ
1052 3446 1153 3515 τῆς
1181 3448 1373 3518 νοερᾶς
1405 3446 1595 3517 αὐτῆς,
1638 3447 1733 3500 καὶ
1766 3446 1918 3510 ζωτι-

321 3537 457 3607 κῆς,
481 3539 577 3591 καὶ
600 3537 830 3603 ἀειζώου
854 3538 1135 3608 ἐνεργείας
1156 3555 1171 3605 ;
1198 3539 1359 3592 Πᾶσα
1381 3536 1481 3608 μὲν
1504 3538 1536 3605 ἠ
1559 3537 1917 3599 θεόπνευστος

320 3626 525 3698 Γραφὴ
545 3669 560 3692 ,
592 3628 688 3681 καὶ
717 3628 1077 3698 εύαγγελικαὶ
1117 3630 1211 3682 καὶ⁵
1242 3628 1606 3683 ἀποστολικαὶ
1653 3628 1911 3682 διδασκα-

319 3718 466 3782 λίαι,
510 3720 570 3771 ἐν
599 3721 849 3791 οὐρανοῖς
885 3720 1136 3790 λέγουσιν
1165 3716 1306 3774 εἶναι
1351 3721 1442 3775 τὸν
1471 3716 1752 3775 τά’πάντα
1783 3719 1919 3790 πλη-

323 3809 539 3881 ροῦντα
571 3810 737 3863 Θεόνο
768 3810 850 3863 διὸ
882 3809 1138 3864 κάκεῖθεν
1174 3809 1626 3880 καταϐεϐηκέναι
1657 3808 1753 3863 τὸν
1785 3809 1923 3863 Θεὸν

2016 3278 2148 3332 pore
2182 3265 2250 3318 ad
2279 3264 2447 3319 malos
2480 3266 2794 3320 ascendisse
2822 3265 3135 3330 credimus;
3196 3262 3240 3316 si
3275 3262 3437 3331 igitur
3469 3275 3596 3315 sur-

2014 3367 2133 3408 sum
2168 3352 2350 3407 lumen
2378 3354 2649 3417 divinum,
2697 3352 2860 3408 Pater
2888 3364 3072 3409 noster
3101 3352 3192 3421 qui
3221 3361 3305 3406 est
3335 3352 3388 3406 in
3415 3349 3594 3415 caelis.

2015 3445 2061 3501 sl
2091 3461 2307 3502 sursum
2341 3445 2573 3503 Verbum
2602 3447 2717 3512 Del,
2746 3448 2927 3502 lumen
2961 3448 3026 3503 de
3050 3447 3273 3511 lumine,
3306 3446 3349 3501 si
3380 3460 3595 3499 sursum

2017 3537 2083 3607 in.
2105 3536 2382 3594 altissimis
2414 3536 2650 3607 Spiritus
2680 3551 2933 3607 sancms,
2994 3539 3173 3592 forsan
3208 3538 3274 3591 ad
3304 3535 3597 3606 imaginem

1974 3632 1979 3637 ’
2022 3630 2169 3686 illius
2199 3629 2481 3684 altissimze
2512 3638 2565 3684 et
2593 3630 2954 3685 sanctissima:
2976 3629 3257 3684 Trinitatis
3288 3642 3449 3683 omne
3476 3642 3599 3680 cor-

2022 3722 2172 3793 poris
2202 3723 2373 3776 nostri
2404 3720 2583 3776 lumen
2621 3723 2673 3776 in
2706 3721 2989 3776 altioribus
3023 3721 3321 3786 habemus,
3371 3719 3595 3773 verbum

2021 3822 2076 3869 et
2106 3812 2354 3882 spiritum
2388 3813 2600 3867 narium
2636 3813 2793 3866 simul
2822 3820 3145 3881 congregata
3184 3812 3236 3864 in
3268 3811 3469 3879 capite,
3496 3824 3598 3861 un-

320 3900 508 3971 Λόγον
528 3900 872 3974 ἐγνώκαμεν,
891 3904 986 3957 καὶ
1011 3904 1070 3956 ἐν
1093 3902 1346 3976 οὐρανοῖς
1373 3903 1539 3957 πάλιν
1559 3903 1699 3973 μετὰ
1718 3901 1925 3975 σαρκὸς

2022 3904 2113 3967 de,
2144 3902 2300 3974 quasi
2330 3917 2397 3957 ex
2425 3902 2687 3983 altissimo
2708 3902 2937 3972 quodam
2962 3902 3122 3964 cmlo.
3149 3902 3399 3970 corporis
3423 3898 3597 3954 nostri

321 3993 742 4065 ἀναόεϐηκέναι
793 3994 1151 4066 πιστεύομεν.
1199 3996 1409 4049 Οὐκοῦν
1454 3996 1504 4048 εί
1550 3994 1665 4049 ἄνω
1714 3994 1834 4048 ἐστὶ
1865 3994 1924 4048 τὸ

2024 3996 2284 4050 mundum
2319 3994 2456 4064 regit
2489 4003 2543 4047 et
2573 3993 2837 4047 illuminat
2870 3993 2998 4048 illud
3033 3993 3194 4047 trium
3228 3992 3486 4061 plermna.

323 4084 480 4139 Θετον
500 4086 682 4156 primo
699 4086 887 4159 Πατὴρ
921 4086 1078 4158 ἡμῶν
1096 4088 1124 4139 ό
1143 4087 1201 4138 ἐν
1225 4088 1338 4149 τοῖς
1360 4086 1632 4156 οὐρανοῖς,
1665 4084 1763 4138 καὶ
1796 4085 1909 4141 ἀνω
1947 4084 1975 4137 ό
2003 4084 2138 4148 Θεὸς
2171 4084 2344 4151 Λόγος
2370 4084 2431 4136 τὸ
2464 4084 2529 4136 ἐκ
2587 4084 2682 4135 τοῦ
2737 4082 2914 4151 φωτὸς
2939 4081 3056 4152 φῶς
3074 4122 3087 4144 ,
3132 4082 3226 4135 καὶ
3247 4080 3361 4133 ἀνω
3388 4082 3444 4132 ἐν
3473 4077 3598 4147 ὑψί-

324 4191 486 4239 στοις
515 4174 578 4228 τὸ
624 4175 854 4247 Πνεῦμα
878 4176 940 4229 τὸ
964 4177 1142 4245 ἆγιον,
1178 4176 1308 4239 ἴσως
1331 4175 1453 4229 κατ’
1483 4176 1672 4229 είκόνα
1697 4175 1904 4248 ταύτης
1942 4176 2041 4246 τῆς
2071 4175 2297 4245 ὑψίστου
2323 4174 2483 4243 ἁγίας
2554 4174 2787 4245 Τριάδος
2833 4175 2891 4226 ἐν
2955 4176 3071 4237 τοῖς
3102 4172 3454 4245 ὑψηλοτέροις
3476 4171 3597 4224 ὅλον

323 4267 430 4322 τοῦ
474 4267 728 4338 σώματος
757 4268 954 4339 ἔχομεν
984 4266 1046 4320 τὸ
1071 4266 1221 4335 φῶς,
1289 4266 1385 4320 καὶ
1424 4265 1517 4320 τὸν
1557 4266 1738 4334 λόγον,
1768 4266 1859 4319 καὶ
1889 4264 1950 4316 τὸ
1989 4265 2210 4335 πνεῦμα
2275 4263 2388 4316 τῶν
2437 4263 2623 4334 ῥινῶν,
2663 4262 3016 4333 πλησιόχωρα
3051 4280 3110 4316 τε
3140 4265 3236 4317 καὶ
3273 4264 3332 4315 ἐν
3373 4262 3451 4330 τῷ
3478 4262 3594 4331 ἅμα

325 4364 394 4416 ἐν
424 4364 492 4433 τῇ
523 4362 766 4433 ἡμετέρᾳ
789 4362 999 4432 κεφαλῇ
1039 4363 1400 4433 τυγχάνοντα,
1441 4363 1702 4417 κάκεῖθεν
1768 4364 1844 4426 ὡς
1884 4364 1943 4430 ἐξ
1979 4362 2213 4435 ούρανοῦ
2254 4379 2403 4426 τινος
2454 4360 2702 4433 ὑψηλοῦ,
2761 4362 2855 4415 τὸν
2907 4362 3111 4432 κόσμον
3187 4360 3281 4414 τοῦ
3340 4358 3592 4429 σώματος

319 4454 639 4511 διοικοῦντα
687 4456 785 4510 καὶ
827 4456 1134 4526 φωτίζοντα
1166 4456 1325 4511 τοῦτο
1360 4456 1420 4509 τὸ
1440 4457 1720 4527 τριαδικὸν
1757 4458 2056 4528 πλήρωμα.

1142 4596 1179 4613 ς

1600 4663 3566 4696 WW“

1596 4688 1627 4695 ...

794 4685 1232 4698 m

1240 4686 1627 4697 *ἡ

330 4671 1593 4705 Ψᾜᾙᾝψ
1527 4675 1547 4681 ⁵
1551 4675 1593 4681 υ

1179 4846 1562 4912 MONlTUM
1614 4848 1694 4909 IN
1740 4845 2224 4920 SEQUENTEM
2282 4844 2755 4910 SERMONEM.

1482 5032 1710 5095 (BANDIN.
1749 5031 1995 5087 Anccdoia
2019 5031 2210 5093 (ἔνατα,
2235 5044 2285 5094 p.
2312 5031 2455 5096 xvu.)

403 5356 933 5431 Aeeetlitnnastasii
981 5355 1284 5431 presbyteri
1318 5356 1542 5431 Sinaita:
1565 5397 1581 5421 ,
1619 5358 1713 5431 qui
1751 5357 1951 5431 szecnlo
1982 5358 2246 5431 vixitpm,
2278 5358 2522 5431 sermo?)
2559 5357 2613 5409 in
2649 5369 2757 5424 quo
2791 5353 3056 5415 det-larat,
3087 5364 3256 5431 quare
3281 5347 3595 5431 _duos_sor-

324 5443 524 5485 moues
554 5429 607 5484 in
648 5429 777 5482 illud
798 5422 1021 5492 dictum,
1059 5422 1161 5485 Μ’
1182 5429 1469 5498 imaginem
1494 5422 1919 5494 conscripserit;
1953 5429 2300 5493 ostenditque
2332 5442 2436 5498 qua
2472 5428 2538 5498 de
2569 5422 2768 5491 causa,
2804 5433 2964 5498 atque
2998 5423 3156 5498 unde
3178 5422 3386 5473 initium
3428 5422 3597 5498 diuae:

325 5500 407 5554 rit
434 5500 503 5554 de
535 5498 940 5569 operationibus
974 5485 1138 5567 atque
1184 5485 1556 5569 voluntatibus
1588 5499 1643 5551 in
1680 5485 2230 5569 Christo-disputatio
2281 5500 2304 5569 ες
2345 5485 2542 5550 deinde
2578 5510 2706 5569 vero
2737 5485 2991 5569 proponit
3016 5532 3030 5557 ,
3066 5493 3289 5569 quinam
3325 5502 3472 5569 τρυιε
3509 5485 3591 5569 Yffi

326 5581 493 5625 secus
526 5561 638 5623 hiet:
666 5569 717 5623 in
746 5567 965 5625 Christo
992 5561 1294 5623 docuerint.
1330 5566 1568 5621 Erudita‘,
1600 5567 1942 5637 antiquitatis
1982 5561 2259 5624 studiosos
2293 5568 2464 5622 latere
2492 5566 2719 5622 minime
2738 5561 3086 5620 arbitramur
3127 5561 3478 5615 Attastasiunt
3509 5561 3594 5611 Si-

409 5725 488 5796 (ι)
527 5724 762 5795 Operam
801 5723 1085 5797 Chrysost.
1130 5733 1260 5783 tom.
1298 5722 1438 5791 Xlll,
1481 5738 1533 5793 p.
1569 5724 1692 5802 l_8'5.
