  <div class='ocr_page' id='page_1' title='image "/cluster/home/n/w/nwhite01/storage/ocr_20150623/89/coo.31924054869932/590.png"; bbox 0 0 4064 6418; ppageno 0'>
   <div class='ocr_carea' id='block_1_1' title="bbox 401 325 541 396">
    <p class='ocr_par' dir='ltr' id='par_1_1' title="bbox 401 325 541 396">
     <span class='ocr_line' id='line_1_1' title="bbox 401 325 541 396; baseline 0.029 -4"><span class='ocrx_word' id='word_1_1' title='bbox 401 325 541 396; x_wconf 72' lang='grc'><strong>1153</strong></span> 
     </span>
    </p>
   </div>
   <div class='ocr_carea' id='block_1_2' title="bbox 387 444 1781 528">
    <p class='ocr_par' dir='ltr' id='par_1_2' title="bbox 387 444 1781 528">
     <span class='ocr_line' id='line_1_2' title="bbox 387 444 1781 528; baseline 0.014 -33"><span class='ocrx_word' id='word_1_2' title='bbox 387 444 559 497; x_wconf 73' lang='grc' dir='ltr'>οἱονεὶ</span> <span class='ocrx_word' id='word_1_3' title='bbox 600 445 996 517; x_wconf 81' lang='grc' dir='ltr'>προθεμελίους</span> <span class='ocrx_word' id='word_1_4' title='bbox 1039 453 1352 518; x_wconf 78' lang='grc' dir='ltr'>καταϐολὰς</span> <span class='ocrx_word' id='word_1_5' title='bbox 1391 455 1781 528; x_wconf 71' lang='grc' dir='ltr'><strong>ἀνορύττοντες</strong></span> 
     </span>
    </p>
   </div>
   <div class='ocr_carea' id='block_1_3' title="bbox 387 535 1972 625">
    <p class='ocr_par' dir='ltr' id='par_1_3' title="bbox 387 535 1972 625">
     <span class='ocr_line' id='line_1_3' title="bbox 387 535 1972 625; baseline 0.015 -38"><span class='ocrx_word' id='word_1_6' title='bbox 387 535 760 606; x_wconf 82' lang='grc' dir='ltr'><strong>γυμνοῦντες,</strong></span> <span class='ocrx_word' id='word_1_7' title='bbox 794 540 887 594; x_wconf 74' lang='grc' dir='ltr'><strong>καὶ</strong></span> <span class='ocrx_word' id='word_1_8' title='bbox 919 546 1431 614; x_wconf 87' lang='grc' dir='ltr'>προκατασείοντες,</span> <span class='ocrx_word' id='word_1_9' title='bbox 1461 553 1765 622; x_wconf 80' lang='grc' dir='ltr'>τηνικαῦτα</span> <span class='ocrx_word' id='word_1_10' title='bbox 1800 556 1972 625; x_wconf 79' lang='grc' dir='ltr'>εὐμα-</span> 
     </span>
    </p>
   </div>
   <div class='ocr_carea' id='block_1_4' title="bbox 391 627 1974 716">
    <p class='ocr_par' dir='ltr' id='par_1_4' title="bbox 391 627 1974 716">
     <span class='ocr_line' id='line_1_4' title="bbox 391 627 1974 716; baseline 0.015 -38"><span class='ocrx_word' id='word_1_11' title='bbox 391 627 544 696; x_wconf 87' lang='grc' dir='ltr'>ρῶς,</span> <span class='ocrx_word' id='word_1_12' title='bbox 578 629 655 692; x_wconf 82' lang='grc' dir='ltr'>ὡς</span> <span class='ocrx_word' id='word_1_13' title='bbox 688 631 890 700; x_wconf 82' lang='grc' dir='ltr'>ἄριστα</span> <span class='ocrx_word' id='word_1_14' title='bbox 923 633 1239 703; x_wconf 78' lang='grc' dir='ltr'>διαγνόντες</span> <span class='ocrx_word' id='word_1_15' title='bbox 1263 681 1277 704; x_wconf 88' lang='grc'><strong>,</strong></span> <span class='ocrx_word' id='word_1_16' title='bbox 1323 639 1526 710; x_wconf 82' lang='grc' dir='ltr'>ἄριστα</span> <span class='ocrx_word' id='word_1_17' title='bbox 1557 646 1650 696; x_wconf 74' lang='grc' dir='ltr'><strong>καὶ</strong></span> <span class='ocrx_word' id='word_1_18' title='bbox 1701 646 1974 716; x_wconf 76' lang='grc' dir='ltr'>ἰατρεύειν</span> 
     </span>
    </p>
   </div>
   <div class='ocr_carea' id='block_1_5' title="bbox 386 718 1974 806">
    <p class='ocr_par' dir='ltr' id='par_1_5' title="bbox 386 718 1974 806">
     <span class='ocr_line' id='line_1_5' title="bbox 386 718 1974 806; baseline 0.016 -36"><span class='ocrx_word' id='word_1_19' title='bbox 386 718 738 789; x_wconf 79' lang='grc' dir='ltr'>δυνήσονται.</span> <span class='ocrx_word' id='word_1_20' title='bbox 779 725 890 776; x_wconf 82' lang='grc' dir='ltr'>Ούκ</span> <span class='ocrx_word' id='word_1_21' title='bbox 921 729 1026 780; x_wconf 78' lang='grc' dir='ltr'>εἰσὶ</span> <span class='ocrx_word' id='word_1_22' title='bbox 1065 729 1243 783; x_wconf 83' lang='grc' dir='ltr'>τοίνυν</span> <span class='ocrx_word' id='word_1_23' title='bbox 1279 731 1494 798; x_wconf 70' lang='grc' dir='ltr'>λαλιαὶ,</span> <span class='ocrx_word' id='word_1_24' title='bbox 1530 737 1652 788; x_wconf 75' lang='grc' dir='ltr'>οὐδὲ</span> <span class='ocrx_word' id='word_1_25' title='bbox 1683 737 1867 806; x_wconf 86' lang='grc' dir='ltr'>λόγοι,</span> <span class='ocrx_word' id='word_1_26' title='bbox 1899 733 1974 794; x_wconf 78' lang='grc' dir='ltr'>ὧν</span> 
     </span>
    </p>
   </div>
   <div class='ocr_carea' id='block_1_6' title="bbox 389 810 1975 902">
    <p class='ocr_par' dir='ltr' id='par_1_6' title="bbox 389 810 1975 902">
     <span class='ocr_line' id='line_1_6' title="bbox 389 810 1975 902; baseline 0.016 -40"><span class='ocrx_word' id='word_1_27' title='bbox 389 810 514 882; x_wconf 69' lang='grc' dir='ltr'>οὐχὶ</span> <span class='ocrx_word' id='word_1_28' title='bbox 563 813 851 868; x_wconf 82' lang='grc' dir='ltr'>ἀκούονται</span> <span class='ocrx_word' id='word_1_29' title='bbox 899 819 957 870; x_wconf 81' lang='grc' dir='ltr'>αἱ</span> <span class='ocrx_word' id='word_1_30' title='bbox 999 822 1177 886; x_wconf 79' lang='grc' dir='ltr'>φωναὶ</span> <span class='ocrx_word' id='word_1_31' title='bbox 1207 823 1394 878; x_wconf 67' lang='grc' dir='ltr'>αύτῶεῖ</span> <span class='ocrx_word' id='word_1_32' title='bbox 1409 840 1422 853; x_wconf 74' lang='grc'><strong><em>⁸</em></strong></span> <span class='ocrx_word' id='word_1_33' title='bbox 1458 827 1594 880; x_wconf 79' lang='grc' dir='ltr'>ἀλλὰ</span> <span class='ocrx_word' id='word_1_34' title='bbox 1628 832 1735 902; x_wconf 78' lang='grc' dir='ltr'>μὴν</span> <span class='ocrx_word' id='word_1_35' title='bbox 1771 837 1862 885; x_wconf 74' lang='grc' dir='ltr'><strong>καὶ</strong></span> <span class='ocrx_word' id='word_1_36' title='bbox 1894 836 1975 896; x_wconf 81' lang='grc' dir='ltr'>εἰς</span> 
     </span>
    </p>
   </div>
   <div class='ocr_carea' id='block_1_7' title="bbox 391 902 1975 986">
    <p class='ocr_par' dir='ltr' id='par_1_7' title="bbox 391 902 1975 986">
     <span class='ocr_line' id='line_1_7' title="bbox 391 902 1975 986; baseline 0.016 -34"><span class='ocrx_word' id='word_1_37' title='bbox 391 902 576 954; x_wconf 75' lang='grc' dir='ltr'>πᾶσαν</span> <span class='ocrx_word' id='word_1_38' title='bbox 609 903 706 972; x_wconf 79' lang='grc' dir='ltr'><strong>τὴν</strong></span> <span class='ocrx_word' id='word_1_39' title='bbox 733 906 836 974; x_wconf 82' lang='grc' dir='ltr'><strong>γῆν</strong></span> <span class='ocrx_word' id='word_1_40' title='bbox 866 907 1088 978; x_wconf 79' lang='grc' dir='ltr'>ἐξῆλθεν</span> <span class='ocrx_word' id='word_1_41' title='bbox 1113 913 1140 964; x_wconf 88' lang='lat'><strong>6</strong></span> <span class='ocrx_word' id='word_1_42' title='bbox 1170 913 1409 984; x_wconf 76' lang='grc' dir='ltr'>φθόγγος</span> <span class='ocrx_word' id='word_1_43' title='bbox 1443 919 1644 986; x_wconf 80' lang='grc' dir='ltr'>αὐτῶν,</span> <span class='ocrx_word' id='word_1_44' title='bbox 1681 923 1776 975; x_wconf 75' lang='grc' dir='ltr'>καὶ</span> <span class='ocrx_word' id='word_1_45' title='bbox 1802 926 1880 986; x_wconf 85' lang='grc' dir='ltr'><strong>είς</strong></span> <span class='ocrx_word' id='word_1_46' title='bbox 1907 924 1975 978; x_wconf 76' lang='grc' dir='ltr'>τὰ</span> 
     </span>
    </p>
   </div>
   <div class='ocr_carea' id='block_1_8' title="bbox 392 993 1971 1082">
    <p class='ocr_par' dir='ltr' id='par_1_8' title="bbox 392 993 1971 1082">
     <span class='ocr_line' id='line_1_8' title="bbox 392 993 1971 1082; baseline 0.013 -38"><span class='ocrx_word' id='word_1_47' title='bbox 392 993 613 1062; x_wconf 85' lang='grc' dir='ltr'>πέρατα.</span> <span class='ocrx_word' id='word_1_48' title='bbox 638 997 735 1064; x_wconf 80' lang='grc' dir='ltr'>τῆς</span> <span class='ocrx_word' id='word_1_49' title='bbox 753 999 1084 1070; x_wconf 73' lang='grc' dir='ltr'>οἰκουμένης</span> <span class='ocrx_word' id='word_1_50' title='bbox 1111 1005 1178 1056; x_wconf 73' lang='grc' dir='ltr'>τὰ</span> <span class='ocrx_word' id='word_1_51' title='bbox 1210 1007 1436 1076; x_wconf 80' lang='grc' dir='ltr'>ῥήματα</span> <span class='ocrx_word' id='word_1_52' title='bbox 1463 1011 1666 1066; x_wconf 86' lang='grc' dir='ltr'>αύτῶν.</span> <span class='ocrx_word' id='word_1_53' title='bbox 1693 1013 1971 1082; x_wconf 80' lang='grc' dir='ltr'>Ἐκείνων,</span> 
     </span>
    </p>
   </div>
   <div class='ocr_carea' id='block_1_9' title="bbox 390 1086 1974 1174">
    <p class='ocr_par' dir='ltr' id='par_1_9' title="bbox 390 1086 1974 1174">
     <span class='ocr_line' id='line_1_9' title="bbox 390 1086 1974 1174; baseline 0.013 -34"><span class='ocrx_word' id='word_1_54' title='bbox 390 1086 562 1156; x_wconf 82' lang='grc' dir='ltr'>λέγω,</span> <span class='ocrx_word' id='word_1_55' title='bbox 602 1089 712 1142; x_wconf 87' lang='grc' dir='ltr'><strong>τῶν</strong></span> <span class='ocrx_word' id='word_1_56' title='bbox 743 1092 1082 1161; x_wconf 82' lang='grc' dir='ltr'><strong>πολεμικῶν,</strong></span> <span class='ocrx_word' id='word_1_57' title='bbox 1119 1098 1405 1167; x_wconf 76' lang='grc' dir='ltr'>Περσικῶν</span> <span class='ocrx_word' id='word_1_58' title='bbox 1438 1118 1497 1154; x_wconf 90' lang='grc' dir='ltr'><strong>τε</strong></span> <span class='ocrx_word' id='word_1_59' title='bbox 1530 1105 1624 1156; x_wconf 77' lang='grc' dir='ltr'><strong>καὶ</strong></span> <span class='ocrx_word' id='word_1_60' title='bbox 1651 1102 1974 1174; x_wconf 83' lang='grc' dir='ltr'>Ῥωμαϊκῶν</span> 
     </span>
    </p>
   </div>
   <div class='ocr_carea' id='block_1_10' title="bbox 391 1179 1975 1262">
    <p class='ocr_par' dir='ltr' id='par_1_10' title="bbox 391 1179 1975 1262">
     <span class='ocr_line' id='line_1_10' title="bbox 391 1179 1975 1262; baseline 0.013 -33"><span class='ocrx_word' id='word_1_61' title='bbox 391 1179 774 1250; x_wconf 80' lang='grc' dir='ltr'>παρατάξεων,</span> <span class='ocrx_word' id='word_1_62' title='bbox 809 1184 968 1254; x_wconf 79' lang='grc' dir='ltr'>ἡνίκα</span> <span class='ocrx_word' id='word_1_63' title='bbox 997 1187 1086 1240; x_wconf 84' lang='grc' dir='ltr'><strong>τὸν</strong></span> <span class='ocrx_word' id='word_1_64' title='bbox 1105 1193 1387 1257; x_wconf 73' lang='grc' dir='ltr'>νικητικὸν</span> <span class='ocrx_word' id='word_1_65' title='bbox 1407 1194 1666 1262; x_wconf 83' lang='grc' dir='ltr'>τρόπαιον</span> <span class='ocrx_word' id='word_1_66' title='bbox 1687 1195 1782 1248; x_wconf 82' lang='grc' dir='ltr'>τοῦ</span> <span class='ocrx_word' id='word_1_67' title='bbox 1807 1197 1975 1249; x_wconf 83' lang='grc' dir='ltr'>Σταυ-</span> 
     </span>
    </p>
   </div>
   <div class='ocr_carea' id='block_1_11' title="bbox 392 1271 1972 1356">
    <p class='ocr_par' dir='ltr' id='par_1_11' title="bbox 392 1271 1972 1356">
     <span class='ocr_line' id='line_1_11' title="bbox 392 1271 1972 1356; baseline 0.012 -34"><span class='ocrx_word' id='word_1_68' title='bbox 392 1271 494 1341; x_wconf 83' lang='grc' dir='ltr'>ροῦ</span> <span class='ocrx_word' id='word_1_69' title='bbox 531 1274 820 1344; x_wconf 75' lang='grc' dir='ltr'>συνεργεία</span> <span class='ocrx_word' id='word_1_70' title='bbox 857 1276 992 1330; x_wconf 81' lang='grc' dir='ltr'>Θεοῦ</span> <span class='ocrx_word' id='word_1_71' title='bbox 1033 1279 1303 1351; x_wconf 80' lang='grc' dir='ltr'>ἐπανῆλθε</span> <span class='ocrx_word' id='word_1_72' title='bbox 1349 1283 1472 1353; x_wconf 87' lang='grc' dir='ltr'>μεθ’</span> <span class='ocrx_word' id='word_1_73' title='bbox 1518 1285 1842 1356; x_wconf 79' lang='grc' dir='ltr'>Ἡρακλείου</span> <span class='ocrx_word' id='word_1_74' title='bbox 1879 1287 1972 1342; x_wconf 81' lang='grc' dir='ltr'>τοῦ</span> 
     </span>
    </p>
   </div>
   <div class='ocr_carea' id='block_1_12' title="bbox 391 1363 1173 1442">
    <p class='ocr_par' dir='ltr' id='par_1_12' title="bbox 391 1363 1173 1442">
     <span class='ocr_line' id='line_1_12' title="bbox 391 1363 1173 1442; baseline 0.012 -25"><span class='ocrx_word' id='word_1_75' title='bbox 391 1363 664 1436; x_wconf 87' lang='grc' dir='ltr'>βασιλέως</span> <span class='ocrx_word' id='word_1_76' title='bbox 696 1372 754 1422; x_wconf 82' lang='grc' dir='ltr'>ὲν</span> <span class='ocrx_word' id='word_1_77' title='bbox 793 1369 1173 1442; x_wconf 80' lang='grc' dir='ltr'>Ἰερουσαλήμ.</span> 
     </span>
    </p>
   </div>
   <div class='ocr_carea' id='block_1_13' title="bbox 465 1451 1971 1538">
    <p class='ocr_par' dir='ltr' id='par_1_13' title="bbox 465 1451 1971 1538">
     <span class='ocr_line' id='line_1_13' title="bbox 465 1451 1971 1538; baseline 0.009 -26"><span class='ocrx_word' id='word_1_78' title='bbox 465 1451 637 1520; x_wconf 77' lang='grc' dir='ltr'>Οὗτος</span> <span class='ocrx_word' id='word_1_79' title='bbox 674 1459 738 1530; x_wconf 83' lang='grc' dir='ltr'><strong>δὴ</strong></span> <span class='ocrx_word' id='word_1_80' title='bbox 783 1463 812 1514; x_wconf 98' lang='lat'><strong>6</strong></span> <span class='ocrx_word' id='word_1_81' title='bbox 843 1465 942 1532; x_wconf 78' lang='grc' dir='ltr'>τῆς</span> <span class='ocrx_word' id='word_1_82' title='bbox 987 1461 1306 1536; x_wconf 78' lang='grc' dir='ltr'>Ῥωμαῖκῆς</span> <span class='ocrx_word' id='word_1_83' title='bbox 1345 1468 1468 1522; x_wconf 83' lang='grc' dir='ltr'>κατ’</span> <span class='ocrx_word' id='word_1_84' title='bbox 1519 1469 1731 1523; x_wconf 77' lang='grc' dir='ltr'>ἐκείνου</span> <span class='ocrx_word' id='word_1_85' title='bbox 1777 1463 1971 1538; x_wconf 72' lang='grc' dir='ltr'>καιροῦ</span> 
     </span>
    </p>
   </div>
   <div class='ocr_carea' id='block_1_14' title="bbox 387 1551 1974 1628">
    <p class='ocr_par' dir='ltr' id='par_1_14' title="bbox 387 1551 1974 1628">
     <span class='ocr_line' id='line_1_14' title="bbox 387 1551 1974 1628; baseline 0.008 -25"><span class='ocrx_word' id='word_1_86' title='bbox 387 1551 740 1621; x_wconf 71' lang='grc' dir='ltr'>σκηπτοῦχος</span> <span class='ocrx_word' id='word_1_87' title='bbox 795 1553 1072 1623; x_wconf 79' lang='grc' dir='ltr'>βασιλείας</span> <span class='ocrx_word' id='word_1_88' title='bbox 1130 1557 1456 1628; x_wconf 77' lang='grc' dir='ltr'>Ἡράκλειος</span> <span class='ocrx_word' id='word_1_89' title='bbox 1497 1561 1590 1614; x_wconf 77' lang='grc' dir='ltr'>ἐπὶ</span> <span class='ocrx_word' id='word_1_90' title='bbox 1627 1562 1700 1616; x_wconf 86' lang='grc' dir='ltr'><strong>τὰ</strong></span> <span class='ocrx_word' id='word_1_91' title='bbox 1729 1559 1974 1616; x_wconf 73' lang='grc' dir='ltr'><strong>Χα&gt;.δαῖἁ</strong></span> 
     </span>
    </p>
   </div>
   <div class='ocr_carea' id='block_1_15' title="bbox 385 1642 1973 1722">
    <p class='ocr_par' dir='ltr' id='par_1_15' title="bbox 385 1642 1973 1722">
     <span class='ocr_line' id='line_1_15' title="bbox 385 1642 1973 1722; baseline 0.008 -29"><span class='ocrx_word' id='word_1_92' title='bbox 385 1656 453 1694; x_wconf 86' lang='grc' dir='ltr'><strong>τε</strong></span> <span class='ocrx_word' id='word_1_93' title='bbox 499 1642 594 1694; x_wconf 76' lang='grc' dir='ltr'>καὶ</span> <span class='ocrx_word' id='word_1_94' title='bbox 637 1643 884 1711; x_wconf 80' lang='grc' dir='ltr'>Περσικά</span> <span class='ocrx_word' id='word_1_95' title='bbox 941 1646 1180 1716; x_wconf 86' lang='grc' dir='ltr'>μέλεθρα</span> <span class='ocrx_word' id='word_1_96' title='bbox 1225 1649 1324 1712; x_wconf 80' lang='grc' dir='ltr'>τὰς</span> <span class='ocrx_word' id='word_1_97' title='bbox 1377 1651 1604 1721; x_wconf 79' lang='grc' dir='ltr'>πορείας</span> <span class='ocrx_word' id='word_1_98' title='bbox 1649 1655 1973 1722; x_wconf 78' lang='grc' dir='ltr'>ποιούμενος</span> 
     </span>
    </p>
   </div>
   <div class='ocr_carea' id='block_1_16' title="bbox 386 1731 1972 1812">
    <p class='ocr_par' dir='ltr' id='par_1_16' title="bbox 386 1731 1972 1812">
     <span class='ocr_line' id='line_1_16' title="bbox 386 1731 1972 1812; baseline 0.008 -28"><span class='ocrx_word' id='word_1_99' title='bbox 386 1731 539 1786; x_wconf 83' lang='grc' dir='ltr'>κατὰ</span> <span class='ocrx_word' id='word_1_100' title='bbox 564 1733 663 1802; x_wconf 82' lang='grc' dir='ltr'>τὴν</span> <span class='ocrx_word' id='word_1_101' title='bbox 703 1734 1023 1805; x_wconf 78' lang='grc' dir='ltr'>Ἀντιοχέων</span> <span class='ocrx_word' id='word_1_102' title='bbox 1044 1739 1220 1801; x_wconf 86' lang='grc' dir='ltr'>πόλιν,</span> <span class='ocrx_word' id='word_1_103' title='bbox 1249 1744 1637 1812; x_wconf 80' lang='grc' dir='ltr'>περιτυγχάνει</span> <span class='ocrx_word' id='word_1_104' title='bbox 1669 1745 1776 1796; x_wconf 82' lang='grc' dir='ltr'><strong>τινί</strong></span> <span class='ocrx_word' id='word_1_105' title='bbox 1813 1745 1972 1798; x_wconf 84' lang='grc' dir='ltr'>Ἀθα-</span> 
     </span>
    </p>
   </div>
   <div class='ocr_carea' id='block_1_17' title="bbox 1812 351 2220 417">
    <p class='ocr_par' dir='ltr' id='par_1_17' title="bbox 1812 351 2220 417">
     <span class='ocr_line' id='line_1_17' title="bbox 1812 351 2220 417; baseline 0.012 -5"><span class='ocrx_word' id='word_1_106' title='bbox 1812 351 2068 414; x_wconf 80' lang='lat' dir='ltr'><strong>SERMO</strong></span> <span class='ocrx_word' id='word_1_107' title='bbox 2106 357 2220 417; x_wconf 67' lang='grc' dir='ltr'><strong>ΙΙΙ.</strong></span> 
     </span>
    </p>
   </div>
   <div class='ocr_carea' id='block_1_18' title="bbox 1807 468 3650 556">
    <p class='ocr_par' dir='ltr' id='par_1_18' title="bbox 1807 468 3650 556">
     <span class='ocr_line' id='line_1_18' title="bbox 1807 468 3650 556; baseline 0.015 -40"><span class='ocrx_word' id='word_1_108' title='bbox 1807 505 1822 530; x_wconf 92' lang='grc'><strong>,</strong></span> <span class='ocrx_word' id='word_1_109' title='bbox 1877 468 1971 518; x_wconf 74' lang='grc' dir='ltr'>καὶ</span> <span class='ocrx_word' id='word_1_110' title='bbox 2001 473 2045 530; x_wconf 73' lang='grc' dir='ltr'><strong>Α</strong></span> <span class='ocrx_word' id='word_1_111' title='bbox 2077 470 2207 534; x_wconf 88' lang='lat' dir='ltr'><strong>rint,</strong></span> <span class='ocrx_word' id='word_1_112' title='bbox 2267 471 2330 527; x_wconf 83' lang='lat' dir='ltr'><strong>iis</strong></span> <span class='ocrx_word' id='word_1_113' title='bbox 2351 474 2584 542; x_wconf 85' lang='lat' dir='ltr'><strong>primum</strong></span> <span class='ocrx_word' id='word_1_114' title='bbox 2621 480 2832 536; x_wconf 78' lang='lat' dir='ltr'><strong>radices</strong></span> <span class='ocrx_word' id='word_1_115' title='bbox 2861 495 3071 547; x_wconf 85' lang='lat' dir='ltr'><strong>eorum,</strong></span> <span class='ocrx_word' id='word_1_116' title='bbox 3099 487 3488 556; x_wconf 85' lang='lat' dir='ltr'><strong>cardinumque</strong></span> <span class='ocrx_word' id='word_1_117' title='bbox 3527 489 3650 544; x_wconf 78' lang='lat' dir='ltr'><strong>fun-</strong></span> 
     </span>
    </p>
   </div>
   <div class='ocr_carea' id='block_1_19' title="bbox 3511 374 3646 443">
    <p class='ocr_par' dir='ltr' id='par_1_19' title="bbox 3511 374 3646 443">
     <span class='ocr_line' id='line_1_19' title="bbox 3511 374 3646 443; baseline -0.022 0"><span class='ocrx_word' id='word_1_118' title='bbox 3511 374 3646 443; x_wconf 69' lang='grc'><strong>1154</strong></span> 
     </span>
    </p>
   </div>
   <div class='ocr_carea' id='block_1_20' title="bbox 2082 559 3651 647">
    <p class='ocr_par' dir='ltr' id='par_1_20' title="bbox 2082 559 3651 647">
     <span class='ocr_line' id='line_1_20' title="bbox 2082 559 3651 647; baseline 0.013 -36"><span class='ocrx_word' id='word_1_119' title='bbox 2082 559 2356 627; x_wconf 86' lang='lat' dir='ltr'><strong>damenta,</strong></span> <span class='ocrx_word' id='word_1_120' title='bbox 2382 567 2617 647; x_wconf 68' lang='lat' dir='ltr'><strong>eruenda</strong></span> <span class='ocrx_word' id='word_1_121' title='bbox 2641 579 2786 634; x_wconf 87' lang='lat' dir='ltr'><strong>sunt,</strong></span> <span class='ocrx_word' id='word_1_122' title='bbox 2812 570 3132 626; x_wconf 71' lang='lat' dir='ltr'><strong>denudanda</strong></span> <span class='ocrx_word' id='word_1_123' title='bbox 3166 573 3234 626; x_wconf 88' lang='lat' dir='ltr'><strong>ab</strong></span> <span class='ocrx_word' id='word_1_124' title='bbox 3269 575 3486 644; x_wconf 82' lang='lat' dir='ltr'><strong>imoque</strong></span> <span class='ocrx_word' id='word_1_125' title='bbox 3519 593 3651 631; x_wconf 88' lang='lat' dir='ltr'><strong>con-</strong></span> 
     </span>
    </p>
   </div>
   <div class='ocr_carea' id='block_1_21' title="bbox 2081 653 3650 734">
    <p class='ocr_par' dir='ltr' id='par_1_21' title="bbox 2081 653 3650 734">
     <span class='ocr_line' id='line_1_21' title="bbox 2081 653 3650 734; baseline 0.013 -30"><span class='ocrx_word' id='word_1_126' title='bbox 2081 653 2330 708; x_wconf 77' lang='lat' dir='ltr'><strong>cutienda</strong></span> <span class='ocrx_word' id='word_1_127' title='bbox 2365 670 2380 708; x_wconf 90' lang='lat'><strong>:</strong></span> <span class='ocrx_word' id='word_1_128' title='bbox 2419 665 2546 710; x_wconf 90' lang='lat' dir='ltr'><strong>tunc</strong></span> <span class='ocrx_word' id='word_1_129' title='bbox 2587 662 2784 730; x_wconf 86' lang='lat' dir='ltr'><strong>quippe</strong></span> <span class='ocrx_word' id='word_1_130' title='bbox 2815 661 2992 726; x_wconf 78' lang='lat' dir='ltr'><strong>facile,</strong></span> <span class='ocrx_word' id='word_1_131' title='bbox 3019 681 3140 717; x_wconf 90' lang='lat' dir='ltr'><strong>eum</strong></span> <span class='ocrx_word' id='word_1_132' title='bbox 3162 665 3306 731; x_wconf 87' lang='lat' dir='ltr'><strong>ipsos</strong></span> <span class='ocrx_word' id='word_1_133' title='bbox 3332 671 3531 734; x_wconf 86' lang='lat' dir='ltr'><strong>optime</strong></span> <span class='ocrx_word' id='word_1_134' title='bbox 3559 685 3650 723; x_wconf 87' lang='lat' dir='ltr'><strong>co-</strong></span> 
     </span>
    </p>
   </div>
   <div class='ocr_carea' id='block_1_22' title="bbox 2080 744 3648 820">
    <p class='ocr_par' dir='ltr' id='par_1_22' title="bbox 2080 744 3648 820">
     <span class='ocr_line' id='line_1_22' title="bbox 2080 744 3648 820; baseline 0.013 -29"><span class='ocrx_word' id='word_1_135' title='bbox 2080 744 2316 810; x_wconf 82' lang='lat' dir='ltr'><strong>gnorint,</strong></span> <span class='ocrx_word' id='word_1_136' title='bbox 2342 747 2422 800; x_wconf 90' lang='lat' dir='ltr'><strong>eis</strong></span> <span class='ocrx_word' id='word_1_137' title='bbox 2457 763 2672 818; x_wconf 87' lang='lat' dir='ltr'><strong>quoque</strong></span> <span class='ocrx_word' id='word_1_138' title='bbox 2710 762 2958 820; x_wconf 88' lang='lat' dir='ltr'><strong>poterunt</strong></span> <span class='ocrx_word' id='word_1_139' title='bbox 3002 756 3217 820; x_wconf 84' lang='lat' dir='ltr'><strong>egregie</strong></span> <span class='ocrx_word' id='word_1_140' title='bbox 3266 759 3488 811; x_wconf 81' lang='lat' dir='ltr'><strong>mederi.</strong></span> <span class='ocrx_word' id='word_1_141' title='bbox 3536 759 3648 812; x_wconf 68' lang='lat' dir='ltr'><strong>Non</strong></span> 
     </span>
    </p>
   </div>
   <div class='ocr_carea' id='block_1_23' title="bbox 2080 835 3648 912">
    <p class='ocr_par' dir='ltr' id='par_1_23' title="bbox 2080 835 3648 912">
     <span class='ocr_line' id='line_1_23' title="bbox 2080 835 3648 912; baseline 0.01 -27"><span class='ocrx_word' id='word_1_142' title='bbox 2080 835 2243 904; x_wconf 86' lang='lat' dir='ltr'><strong>igitur</strong></span> <span class='ocrx_word' id='word_1_143' title='bbox 2269 855 2456 902; x_wconf 68' lang='lat' dir='ltr'><strong>nugas,</strong></span> <span class='ocrx_word' id='word_1_144' title='bbox 2499 853 2589 894; x_wconf 87' lang='lat' dir='ltr'><strong>aut</strong></span> <span class='ocrx_word' id='word_1_145' title='bbox 2624 843 2800 896; x_wconf 88' lang='lat' dir='ltr'><strong>inania</strong></span> <span class='ocrx_word' id='word_1_146' title='bbox 2833 846 2994 898; x_wconf 75' lang='lat' dir='ltr'><strong>verba</strong></span> <span class='ocrx_word' id='word_1_147' title='bbox 3029 846 3382 912; x_wconf 78' lang='lat' dir='ltr'><strong>proferemus,</strong></span> <span class='ocrx_word' id='word_1_148' title='bbox 3418 865 3648 911; x_wconf 87' lang='lat' dir='ltr'><strong>quorum</strong></span> 
     </span>
    </p>
   </div>
   <div class='ocr_carea' id='block_1_24' title="bbox 2079 929 3648 991">
    <p class='ocr_par' dir='ltr' id='par_1_24' title="bbox 2079 929 3648 991">
     <span class='ocr_line' id='line_1_24' title="bbox 2079 929 3648 991; baseline 0.01 -15"><span class='ocrx_word' id='word_1_149' title='bbox 2079 941 2184 978; x_wconf 89' lang='lat' dir='ltr'><strong>non</strong></span> <span class='ocrx_word' id='word_1_150' title='bbox 2221 929 2513 983; x_wconf 88' lang='lat' dir='ltr'><strong>audiantur</strong></span> <span class='ocrx_word' id='word_1_151' title='bbox 2547 947 2704 986; x_wconf 89' lang='lat' dir='ltr'><strong>voces</strong></span> <span class='ocrx_word' id='word_1_152' title='bbox 2735 951 2748 986; x_wconf 89' lang='lat'><strong>:</strong></span> <span class='ocrx_word' id='word_1_153' title='bbox 2787 936 2879 987; x_wconf 89' lang='lat' dir='ltr'><strong>sed</strong></span> <span class='ocrx_word' id='word_1_154' title='bbox 2911 937 2963 988; x_wconf 91' lang='lat' dir='ltr'><strong>itt</strong></span> <span class='ocrx_word' id='word_1_155' title='bbox 3002 952 3217 988; x_wconf 82' lang='lat' dir='ltr'><strong>omnem</strong></span> <span class='ocrx_word' id='word_1_156' title='bbox 3253 939 3416 990; x_wconf 89' lang='lat' dir='ltr'><strong>etiatu</strong></span> <span class='ocrx_word' id='word_1_157' title='bbox 3447 948 3648 991; x_wconf 87' lang='lat' dir='ltr'><strong>terram</strong></span> 
     </span>
    </p>
   </div>
   <div class='ocr_carea' id='block_1_25' title="bbox 2077 1018 3650 1090">
    <p class='ocr_par' dir='ltr' id='par_1_25' title="bbox 2077 1018 3650 1090">
     <span class='ocr_line' id='line_1_25' title="bbox 2077 1018 3650 1090; baseline 0.008 -21"><span class='ocrx_word' id='word_1_158' title='bbox 2077 1018 2241 1070; x_wconf 79' lang='lat' dir='ltr'><strong>exivit</strong></span> <span class='ocrx_word' id='word_1_159' title='bbox 2283 1033 2451 1090; x_wconf 73' lang='lat' dir='ltr'><strong>sonus</strong></span> <span class='ocrx_word' id='word_1_160' title='bbox 2495 1037 2711 1088; x_wconf 91' lang='lat' dir='ltr'><strong>eorum,</strong></span> <span class='ocrx_word' id='word_1_161' title='bbox 2741 1036 2796 1078; x_wconf 91' lang='lat' dir='ltr'><strong>et</strong></span> <span class='ocrx_word' id='word_1_162' title='bbox 2843 1025 2896 1078; x_wconf 89' lang='lat' dir='ltr'><strong>itt</strong></span> <span class='ocrx_word' id='word_1_163' title='bbox 2943 1029 3077 1078; x_wconf 87' lang='lat' dir='ltr'><strong>lines</strong></span> <span class='ocrx_word' id='word_1_164' title='bbox 3105 1028 3252 1081; x_wconf 83' lang='lat' dir='ltr'><strong>orbis</strong></span> <span class='ocrx_word' id='word_1_165' title='bbox 3292 1038 3450 1080; x_wconf 71' lang='lat' dir='ltr'><strong>terra:</strong></span> <span class='ocrx_word' id='word_1_166' title='bbox 3486 1030 3650 1082; x_wconf 76' lang='lat' dir='ltr'><strong>verba</strong></span> 
     </span>
    </p>
   </div>
   <div class='ocr_carea' id='block_1_26' title="bbox 2075 1111 3656 1184">
    <p class='ocr_par' dir='ltr' id='par_1_26' title="bbox 2075 1111 3656 1184">
     <span class='ocr_line' id='line_1_26' title="bbox 2075 1111 3656 1184; baseline 0.008 -24"><span class='ocrx_word' id='word_1_167' title='bbox 2075 1122 2281 1164; x_wconf 91' lang='lat' dir='ltr'><strong>eorum.</strong></span> <span class='ocrx_word' id='word_1_168' title='bbox 2315 1111 2532 1173; x_wconf 80' lang='lat' dir='ltr'><strong>Eurum.</strong></span> <span class='ocrx_word' id='word_1_169' title='bbox 2572 1114 2809 1182; x_wconf 63' lang='lat' dir='ltr'><strong>icqnam,</strong></span> <span class='ocrx_word' id='word_1_170' title='bbox 2843 1116 3150 1170; x_wconf 72' lang='lat' dir='ltr'><strong>militarium</strong></span> <span class='ocrx_word' id='word_1_171' title='bbox 3181 1119 3454 1184; x_wconf 88' lang='lat' dir='ltr'><strong>ordinum,</strong></span> <span class='ocrx_word' id='word_1_172' title='bbox 3479 1119 3656 1172; x_wconf 55' lang='lat' dir='ltr'><strong>Persia</strong></span> 
     </span>
    </p>
   </div>
   <div class='ocr_carea' id='block_1_27' title="bbox 2076 1203 3641 1274">
    <p class='ocr_par' dir='ltr' id='par_1_27' title="bbox 2076 1203 3641 1274">
     <span class='ocr_line' id='line_1_27' title="bbox 2076 1203 3641 1274; baseline 0.007 -20"><span class='ocrx_word' id='word_1_173' title='bbox 2076 1215 2258 1254; x_wconf 89' lang='lat' dir='ltr'><strong>carum</strong></span> <span class='ocrx_word' id='word_1_174' title='bbox 2290 1203 2766 1274; x_wconf 80' lang='lat' dir='ltr'><strong>Romanarnmque</strong></span> <span class='ocrx_word' id='word_1_175' title='bbox 2793 1209 3080 1273; x_wconf 86' lang='lat' dir='ltr'><strong>classium,</strong></span> <span class='ocrx_word' id='word_1_176' title='bbox 3113 1226 3236 1264; x_wconf 90' lang='lat' dir='ltr'><strong>cum</strong></span> <span class='ocrx_word' id='word_1_177' title='bbox 3288 1211 3641 1264; x_wconf 82' lang='lat' dir='ltr'><strong>victoriosntn</strong></span> 
     </span>
    </p>
   </div>
   <div class='ocr_carea' id='block_1_28' title="bbox 2075 1291 3644 1368">
    <p class='ocr_par' dir='ltr' id='par_1_28' title="bbox 2075 1291 3644 1368">
     <span class='ocr_line' id='line_1_28' title="bbox 2075 1291 3644 1368; baseline 0.006 -22"><span class='ocrx_word' id='word_1_178' title='bbox 2075 1291 2265 1347; x_wconf 88' lang='lat' dir='ltr'><strong>Crucis</strong></span> <span class='ocrx_word' id='word_1_179' title='bbox 2320 1305 2580 1366; x_wconf 72' lang='lat' dir='ltr'><strong>tmpzeum</strong></span> <span class='ocrx_word' id='word_1_180' title='bbox 2630 1298 2814 1354; x_wconf 89' lang='lat' dir='ltr'><strong>divino</strong></span> <span class='ocrx_word' id='word_1_181' title='bbox 2859 1300 3166 1368; x_wconf 74' lang='lat' dir='ltr'><strong>adiutorio,</strong></span> <span class='ocrx_word' id='word_1_182' title='bbox 3205 1317 3328 1357; x_wconf 89' lang='lat' dir='ltr'><strong>cum</strong></span> <span class='ocrx_word' id='word_1_183' title='bbox 3388 1293 3644 1358; x_wconf 70' lang='lat' dir='ltr'><strong>Heraclio</strong></span> 
     </span>
    </p>
   </div>
   <div class='ocr_carea' id='block_1_29' title="bbox 2078 1383 3060 1449">
    <p class='ocr_par' dir='ltr' id='par_1_29' title="bbox 2078 1383 3060 1449">
     <span class='ocr_line' id='line_1_29' title="bbox 2078 1383 3060 1449; baseline 0.012 -17"><span class='ocrx_word' id='word_1_184' title='bbox 2078 1397 2199 1449; x_wconf 83' lang='lat' dir='ltr'><strong>rege</strong></span> <span class='ocrx_word' id='word_1_185' title='bbox 2229 1384 2282 1437; x_wconf 91' lang='lat' dir='ltr'><strong>in</strong></span> <span class='ocrx_word' id='word_1_186' title='bbox 2315 1383 2613 1442; x_wconf 81' lang='lat' dir='ltr'><strong>Jerusalem</strong></span> <span class='ocrx_word' id='word_1_187' title='bbox 2648 1405 2922 1443; x_wconf 85' lang='lat' dir='ltr'><strong>reversum</strong></span> <span class='ocrx_word' id='word_1_188' title='bbox 2955 1401 3060 1446; x_wconf 90' lang='lat' dir='ltr'><strong>est.</strong></span> 
     </span>
    </p>
   </div>
   <div class='ocr_carea' id='block_1_30' title="bbox 2133 1475 3648 1552">
    <p class='ocr_par' dir='ltr' id='par_1_30' title="bbox 2133 1475 3648 1552">
     <span class='ocr_line' id='line_1_30' title="bbox 2133 1475 3648 1552; baseline 0.009 -24"><span class='ocrx_word' id='word_1_189' title='bbox 2133 1475 2231 1529; x_wconf 83' lang='lat' dir='ltr'><strong>llic</strong></span> <span class='ocrx_word' id='word_1_190' title='bbox 2253 1478 2457 1532; x_wconf 89' lang='lat' dir='ltr'><strong>scilicet</strong></span> <span class='ocrx_word' id='word_1_191' title='bbox 2485 1479 2712 1534; x_wconf 80' lang='lat' dir='ltr'><strong>Romani</strong></span> <span class='ocrx_word' id='word_1_192' title='bbox 2732 1483 2940 1550; x_wconf 87' lang='lat' dir='ltr'><strong>imperii</strong></span> <span class='ocrx_word' id='word_1_193' title='bbox 2968 1500 3028 1536; x_wconf 84' lang='lat' dir='ltr'><strong>ea</strong></span> <span class='ocrx_word' id='word_1_194' title='bbox 3049 1494 3371 1552; x_wconf 83' lang='lat' dir='ltr'><strong>tempestate</strong></span> <span class='ocrx_word' id='word_1_195' title='bbox 3406 1488 3648 1542; x_wconf 60' lang='lat' dir='ltr'><strong>moderav</strong></span> 
     </span>
    </p>
   </div>
   <div class='ocr_carea' id='block_1_31' title="bbox 2077 1565 3645 1646">
    <p class='ocr_par' dir='ltr' id='par_1_31' title="bbox 2077 1565 3645 1646">
     <span class='ocr_line' id='line_1_31' title="bbox 2077 1565 3645 1646; baseline 0.009 -28"><span class='ocrx_word' id='word_1_196' title='bbox 2077 1574 2160 1619; x_wconf 90' lang='lat' dir='ltr'><strong>tor</strong></span> <span class='ocrx_word' id='word_1_197' title='bbox 2189 1565 2488 1633; x_wconf 86' lang='lat' dir='ltr'><strong>Heraclius,</strong></span> <span class='ocrx_word' id='word_1_198' title='bbox 2515 1586 2632 1624; x_wconf 88' lang='lat' dir='ltr'><strong>cmn</strong></span> <span class='ocrx_word' id='word_1_199' title='bbox 2665 1584 2781 1640; x_wconf 88' lang='lat' dir='ltr'><strong>post</strong></span> <span class='ocrx_word' id='word_1_200' title='bbox 2817 1573 3118 1640; x_wconf 86' lang='lat' dir='ltr'><strong>Chaldaeos,</strong></span> <span class='ocrx_word' id='word_1_201' title='bbox 3153 1577 3456 1646; x_wconf 82' lang='lat' dir='ltr'><strong>Persasque</strong></span> <span class='ocrx_word' id='word_1_202' title='bbox 3481 1595 3645 1645; x_wconf 90' lang='lat' dir='ltr'><strong>snpe-</strong></span> 
     </span>
    </p>
   </div>
   <div class='ocr_carea' id='block_1_32' title="bbox 2076 1656 3644 1735">
    <p class='ocr_par' dir='ltr' id='par_1_32' title="bbox 2076 1656 3644 1735">
     <span class='ocr_line' id='line_1_32' title="bbox 2076 1656 3644 1735; baseline 0.009 -29"><span class='ocrx_word' id='word_1_203' title='bbox 2076 1665 2221 1707; x_wconf 88' lang='lat' dir='ltr'><strong>ratos</strong></span> <span class='ocrx_word' id='word_1_204' title='bbox 2253 1656 2353 1708; x_wconf 88' lang='lat' dir='ltr'><strong>iter</strong></span> <span class='ocrx_word' id='word_1_205' title='bbox 2383 1660 2448 1708; x_wconf 88' lang='lat' dir='ltr'><strong>ad</strong></span> <span class='ocrx_word' id='word_1_206' title='bbox 2483 1660 2946 1717; x_wconf 80' lang='lat' dir='ltr'><strong>Antiocheuorum</strong></span> <span class='ocrx_word' id='word_1_207' title='bbox 2982 1667 3257 1719; x_wconf 87' lang='lat' dir='ltr'><strong>civitatem</strong></span> <span class='ocrx_word' id='word_1_208' title='bbox 3289 1668 3644 1735; x_wconf 79' lang='lat' dir='ltr'><strong>instituisset,</strong></span> 
     </span>
    </p>
   </div>
   <div class='ocr_carea' id='block_1_33' title="bbox 2076 1745 3646 1818">
    <p class='ocr_par' dir='ltr' id='par_1_33' title="bbox 2076 1745 3646 1818">
     <span class='ocr_line' id='line_1_33' title="bbox 2076 1745 3646 1818; baseline 0.01 -21"><span class='ocrx_word' id='word_1_209' title='bbox 2076 1745 2128 1798; x_wconf 92' lang='lat' dir='ltr'><strong>in</strong></span> <span class='ocrx_word' id='word_1_210' title='bbox 2159 1745 2516 1802; x_wconf 75' lang='lat' dir='ltr'><strong>Athanasium</strong></span> <span class='ocrx_word' id='word_1_211' title='bbox 2561 1754 2853 1818; x_wconf 82' lang='lat' dir='ltr'><strong>quemdam</strong></span> <span class='ocrx_word' id='word_1_212' title='bbox 2887 1755 3078 1810; x_wconf 82' lang='lat' dir='ltr'><strong>incidit</strong></span> <span class='ocrx_word' id='word_1_213' title='bbox 3107 1758 3325 1810; x_wconf 90' lang='lat' dir='ltr'><strong>odihilis</strong></span> <span class='ocrx_word' id='word_1_214' title='bbox 3373 1757 3646 1812; x_wconf 83' lang='lat' dir='ltr'><strong>Jacohita-</strong></span> 
     </span>
    </p>
   </div>
   <div class='ocr_carea' id='block_1_34' title="bbox 385 1821 1976 1916">
    <p class='ocr_par' dir='ltr' id='par_1_34' title="bbox 385 1821 1970 1916">
     <span class='ocr_line' id='line_1_34' title="bbox 385 1821 1970 1916; baseline 0.006 -38"><span class='ocrx_word' id='word_1_215' title='bbox 385 1821 566 1894; x_wconf 82' lang='grc' dir='ltr'>νασίῳ</span> <span class='ocrx_word' id='word_1_216' title='bbox 625 1825 944 1916; x_wconf 85' lang='grc' dir='ltr'>πατριάρχῃ</span> <span class='ocrx_word' id='word_1_217' title='bbox 1001 1827 1279 1900; x_wconf 80' lang='grc' dir='ltr'>λεγομένῳ</span> <span class='ocrx_word' id='word_1_218' title='bbox 1326 1832 1427 1900; x_wconf 80' lang='grc' dir='ltr'>τῆς</span> <span class='ocrx_word' id='word_1_219' title='bbox 1472 1832 1580 1886; x_wconf 87' lang='grc' dir='ltr'><strong>τῶν</strong></span> <span class='ocrx_word' id='word_1_220' title='bbox 1639 1833 1970 1887; x_wconf 79' lang='grc' dir='ltr'>Ἰακωσιτῶν</span> 
     </span>
    </p>
   </div>
   <div class='ocr_carea' id='block_1_35' title="bbox 2078 1821 3649 1916">
    <p class='ocr_par' dir='ltr' id='par_1_35' title="bbox 2078 1839 3649 1916">
     <span class='ocr_line' id='line_1_35' title="bbox 2078 1839 3649 1916; baseline 0.008 -26"><span class='ocrx_word' id='word_1_221' title='bbox 2078 1853 2190 1890; x_wconf 91' lang='lat' dir='ltr'><strong>rum</strong></span> <span class='ocrx_word' id='word_1_222' title='bbox 2251 1839 2584 1896; x_wconf 83' lang='lat' dir='ltr'><strong>ltierarcltias</strong></span> <span class='ocrx_word' id='word_1_223' title='bbox 2619 1845 2979 1912; x_wconf 85' lang='lat' dir='ltr'><strong>patriarcham</strong></span> <span class='ocrx_word' id='word_1_224' title='bbox 3034 1857 3428 1916; x_wconf 87' lang='lat' dir='ltr'><strong>nuncupatum,</strong></span> <span class='ocrx_word' id='word_1_225' title='bbox 3471 1849 3649 1902; x_wconf 85' lang='lat' dir='ltr'><strong>homi-</strong></span> 
     </span>
    </p>
   </div>
   <div class='ocr_carea' id='block_1_36' title="bbox 391 1915 1974 1992">
    <p class='ocr_par' dir='ltr' id='par_1_36' title="bbox 391 1915 1974 1992">
     <span class='ocr_line' id='line_1_36' title="bbox 391 1915 1974 1992; baseline 0.008 -26"><span class='ocrx_word' id='word_1_226' title='bbox 391 1915 779 1985; x_wconf 84' lang='grc' dir='ltr'>μισιεραρχίας</span> <span class='ocrx_word' id='word_1_227' title='bbox 800 1957 816 1982; x_wconf 88' lang='grc'><strong>,</strong></span> <span class='ocrx_word' id='word_1_228' title='bbox 854 1917 1015 1988; x_wconf 85' lang='grc' dir='ltr'>δεινῷ</span> <span class='ocrx_word' id='word_1_229' title='bbox 1040 1936 1147 1972; x_wconf 91' lang='grc' dir='ltr'>τινι</span> <span class='ocrx_word' id='word_1_230' title='bbox 1177 1917 1292 1974; x_wconf 80' lang='grc' dir='ltr'>δντι</span> <span class='ocrx_word' id='word_1_231' title='bbox 1325 1925 1450 1992; x_wconf 80' lang='grc' dir='ltr'>περὶ</span> <span class='ocrx_word' id='word_1_232' title='bbox 1485 1922 1678 1991; x_wconf 83' lang='grc' dir='ltr'>λόγους</span> <span class='ocrx_word' id='word_1_233' title='bbox 1699 1964 1713 1987; x_wconf 92' lang='grc'><strong>,</strong></span> <span class='ocrx_word' id='word_1_234' title='bbox 1745 1925 1838 1977; x_wconf 79' lang='grc' dir='ltr'><strong>καὶ</strong></span> <span class='ocrx_word' id='word_1_235' title='bbox 1871 1942 1974 1978; x_wconf 87' lang='grc' dir='ltr'>κα-</span> 
     </span>
    </p>
   </div>
   <div class='ocr_carea' id='block_1_37' title="bbox 385 2003 1972 2084">
    <p class='ocr_par' dir='ltr' id='par_1_37' title="bbox 385 2003 1972 2084">
     <span class='ocr_line' id='line_1_37' title="bbox 385 2003 1972 2084; baseline 0.008 -26"><span class='ocrx_word' id='word_1_236' title='bbox 385 2003 615 2076; x_wconf 84' lang='grc' dir='ltr'>κούργῳ</span> <span class='ocrx_word' id='word_1_237' title='bbox 641 2007 708 2078; x_wconf 82' lang='grc' dir='ltr'>τῇ</span> <span class='ocrx_word' id='word_1_238' title='bbox 742 2006 853 2058; x_wconf 88' lang='grc' dir='ltr'><strong>τῶν</strong></span> <span class='ocrx_word' id='word_1_239' title='bbox 896 2009 1083 2080; x_wconf 87' lang='grc' dir='ltr'>Σύρων</span> <span class='ocrx_word' id='word_1_240' title='bbox 1123 2010 1352 2081; x_wconf 83' lang='grc' dir='ltr'>ὲμφύτῳ</span> <span class='ocrx_word' id='word_1_241' title='bbox 1383 2014 1711 2084; x_wconf 75' lang='grc' dir='ltr'>πανουργίᾳ.</span> <span class='ocrx_word' id='word_1_242' title='bbox 1749 2015 1855 2068; x_wconf 74' lang='grc' dir='ltr'><strong>Καὶ</strong></span> <span class='ocrx_word' id='word_1_243' title='bbox 1885 2033 1972 2070; x_wconf 84' lang='grc' dir='ltr'>κι-</span> 
     </span>
    </p>
   </div>
   <div class='ocr_carea' id='block_1_38' title="bbox 388 2096 1972 2176">
    <p class='ocr_par' dir='ltr' id='par_1_38' title="bbox 388 2096 1972 2176">
     <span class='ocr_line' id='line_1_38' title="bbox 388 2096 1972 2176; baseline 0.006 -28"><span class='ocrx_word' id='word_1_244' title='bbox 388 2096 565 2169; x_wconf 75' lang='grc' dir='ltr'>νήσας</span> <span class='ocrx_word' id='word_1_245' title='bbox 595 2097 734 2168; x_wconf 81' lang='grc' dir='ltr'>πρὸς</span> <span class='ocrx_word' id='word_1_246' title='bbox 765 2098 928 2152; x_wconf 82' lang='grc' dir='ltr'>αὐτὸν</span> <span class='ocrx_word' id='word_1_247' title='bbox 970 2102 1098 2164; x_wconf 81' lang='grc' dir='ltr'>τοὺς</span> <span class='ocrx_word' id='word_1_248' title='bbox 1128 2102 1257 2172; x_wconf 76' lang='grc' dir='ltr'>περὶ</span> <span class='ocrx_word' id='word_1_249' title='bbox 1289 2103 1528 2165; x_wconf 88' lang='grc' dir='ltr'>πίστεως</span> <span class='ocrx_word' id='word_1_250' title='bbox 1566 2104 1677 2157; x_wconf 87' lang='grc' dir='ltr'><strong>τῶν</strong></span> <span class='ocrx_word' id='word_1_251' title='bbox 1711 2105 1804 2158; x_wconf 91' lang='grc' dir='ltr'><strong>δύο</strong></span> <span class='ocrx_word' id='word_1_252' title='bbox 1837 2107 1972 2176; x_wconf 87' lang='grc' dir='ltr'>Χρι-</span> 
     </span>
    </p>
   </div>
   <div class='ocr_carea' id='block_1_39' title="bbox 386 2188 1972 2266">
    <p class='ocr_par' dir='ltr' id='par_1_39' title="bbox 386 2188 1972 2266">
     <span class='ocr_line' id='line_1_39' title="bbox 386 2188 1972 2266; baseline 0.004 -23"><span class='ocrx_word' id='word_1_253' title='bbox 386 2188 522 2243; x_wconf 80' lang='grc' dir='ltr'>στοῦ</span> <span class='ocrx_word' id='word_1_254' title='bbox 551 2188 767 2258; x_wconf 82' lang='grc' dir='ltr'>φύσεων</span> <span class='ocrx_word' id='word_1_255' title='bbox 796 2191 993 2260; x_wconf 87' lang='grc' dir='ltr'>λόγους</span> <span class='ocrx_word' id='word_1_256' title='bbox 1016 2232 1030 2255; x_wconf 93' lang='grc'><strong>,</strong></span> <span class='ocrx_word' id='word_1_257' title='bbox 1060 2194 1088 2244; x_wconf 89' lang='lat'><strong>6</strong></span> <span class='ocrx_word' id='word_1_258' title='bbox 1132 2192 1384 2262; x_wconf 84' lang='grc' dir='ltr'>βασιλεὺς</span> <span class='ocrx_word' id='word_1_259' title='bbox 1426 2197 1757 2266; x_wconf 83' lang='grc' dir='ltr'>ὑπισχνεῖτο,</span> <span class='ocrx_word' id='word_1_260' title='bbox 1801 2197 1876 2260; x_wconf 83' lang='grc' dir='ltr'><strong>ὡς</strong></span> <span class='ocrx_word' id='word_1_261' title='bbox 1923 2198 1972 2250; x_wconf 86' lang='grc' dir='ltr'><strong>εί</strong></span> 
     </span>
    </p>
   </div>
   <div class='ocr_carea' id='block_1_40' title="bbox 385 2279 1973 2355">
    <p class='ocr_par' dir='ltr' id='par_1_40' title="bbox 385 2279 1973 2355">
     <span class='ocr_line' id='line_1_40' title="bbox 385 2279 1973 2355; baseline 0.007 -24"><span class='ocrx_word' id='word_1_262' title='bbox 385 2279 642 2353; x_wconf 77' lang='grc' dir='ltr'>πεισθείη</span> <span class='ocrx_word' id='word_1_263' title='bbox 669 2281 820 2352; x_wconf 88' lang='grc' dir='ltr'>αύτῷ</span> <span class='ocrx_word' id='word_1_264' title='bbox 843 2322 858 2347; x_wconf 88' lang='grc'><strong>,</strong></span> <span class='ocrx_word' id='word_1_265' title='bbox 884 2284 978 2336; x_wconf 78' lang='grc' dir='ltr'><strong>καὶ</strong></span> <span class='ocrx_word' id='word_1_266' title='bbox 1004 2283 1222 2354; x_wconf 79' lang='grc' dir='ltr'>δέξηται</span> <span class='ocrx_word' id='word_1_267' title='bbox 1255 2286 1354 2355; x_wconf 78' lang='grc' dir='ltr'><strong>τὴν</strong></span> <span class='ocrx_word' id='word_1_268' title='bbox 1385 2287 1547 2354; x_wconf 81' lang='grc' dir='ltr'>ἁγίαν</span> <span class='ocrx_word' id='word_1_269' title='bbox 1581 2287 1798 2341; x_wconf 85' lang='grc' dir='ltr'>σύνοδον</span> <span class='ocrx_word' id='word_1_270' title='bbox 1829 2289 1973 2342; x_wconf 88' lang='grc' dir='ltr'>Χαλ-</span> 
     </span>
    </p>
   </div>
   <div class='ocr_carea' id='block_1_41' title="bbox 388 2369 1972 2450">
    <p class='ocr_par' dir='ltr' id='par_1_41' title="bbox 388 2369 1972 2450">
     <span class='ocr_line' id='line_1_41' title="bbox 388 2369 1972 2450; baseline 0.006 -28"><span class='ocrx_word' id='word_1_271' title='bbox 388 2369 661 2440; x_wconf 78' lang='grc' dir='ltr'>κηδόνος,</span> <span class='ocrx_word' id='word_1_272' title='bbox 709 2373 1058 2444; x_wconf 85' lang='grc' dir='ltr'>πατριάρχην</span> <span class='ocrx_word' id='word_1_273' title='bbox 1105 2375 1270 2428; x_wconf 79' lang='grc' dir='ltr'>αὐτὸν</span> <span class='ocrx_word' id='word_1_274' title='bbox 1318 2376 1583 2450; x_wconf 77' lang='grc' dir='ltr'>καθιστᾷν</span> <span class='ocrx_word' id='word_1_275' title='bbox 1628 2379 1728 2447; x_wconf 79' lang='grc' dir='ltr'>τῆς</span> <span class='ocrx_word' id='word_1_276' title='bbox 1783 2379 1972 2432; x_wconf 80' lang='grc' dir='ltr'>αὐτόθι</span> 
     </span>
    </p>
   </div>
   <div class='ocr_carea' id='block_1_42' title="bbox 390 2461 1967 2543">
    <p class='ocr_par' dir='ltr' id='par_1_42' title="bbox 390 2461 1967 2543">
     <span class='ocr_line' id='line_1_42' title="bbox 390 2461 1967 2543; baseline 0.004 -25"><span class='ocrx_word' id='word_1_277' title='bbox 390 2461 556 2531; x_wconf 79' lang='grc' dir='ltr'>ἁγίας</span> <span class='ocrx_word' id='word_1_278' title='bbox 584 2463 880 2534; x_wconf 85' lang='grc' dir='ltr'>καθολικῆς</span> <span class='ocrx_word' id='word_1_279' title='bbox 923 2466 1273 2536; x_wconf 84' lang='grc' dir='ltr'>Ἑκκλησίας.</span> <span class='ocrx_word' id='word_1_280' title='bbox 1305 2470 1430 2522; x_wconf 74' lang='grc' dir='ltr'>Εἴτε</span> <span class='ocrx_word' id='word_1_281' title='bbox 1457 2466 1548 2524; x_wconf 83' lang='grc' dir='ltr'><strong>οὖν</strong></span> <span class='ocrx_word' id='word_1_282' title='bbox 1579 2471 1636 2524; x_wconf 81' lang='grc' dir='ltr'><strong>ὲν</strong></span> <span class='ocrx_word' id='word_1_283' title='bbox 1659 2471 1967 2543; x_wconf 74' lang='grc' dir='ltr'>ὑποκρίσει,</span> 
     </span>
    </p>
   </div>
   <div class='ocr_carea' id='block_1_43' title="bbox 389 2554 1969 2632">
    <p class='ocr_par' dir='ltr' id='par_1_43' title="bbox 389 2554 1969 2632">
     <span class='ocr_line' id='line_1_43' title="bbox 389 2554 1969 2632; baseline 0.004 -24"><span class='ocrx_word' id='word_1_284' title='bbox 389 2554 502 2608; x_wconf 74' lang='grc' dir='ltr'>εἴτε</span> <span class='ocrx_word' id='word_1_285' title='bbox 531 2556 626 2608; x_wconf 73' lang='grc' dir='ltr'><strong>καὶ</strong></span> <span class='ocrx_word' id='word_1_286' title='bbox 651 2557 774 2610; x_wconf 84' lang='grc' dir='ltr'>καθ’</span> <span class='ocrx_word' id='word_1_287' title='bbox 805 2557 995 2629; x_wconf 76' lang='grc' dir='ltr'>ἕτερον</span> <span class='ocrx_word' id='word_1_288' title='bbox 1024 2559 1225 2630; x_wconf 87' lang='grc' dir='ltr'>τρόπον</span> <span class='ocrx_word' id='word_1_289' title='bbox 1254 2562 1407 2631; x_wconf 81' lang='grc' dir='ltr'>ὅμως</span> <span class='ocrx_word' id='word_1_290' title='bbox 1456 2561 1677 2628; x_wconf 77' lang='grc' dir='ltr'>ἐδέξατο</span> <span class='ocrx_word' id='word_1_291' title='bbox 1700 2561 1799 2632; x_wconf 85' lang='grc' dir='ltr'>τὴν</span> <span class='ocrx_word' id='word_1_292' title='bbox 1836 2562 1969 2616; x_wconf 91' lang='grc' dir='ltr'>σύν-</span> 
     </span>
    </p>
   </div>
   <div class='ocr_carea' id='block_1_44' title="bbox 390 2647 1970 2724">
    <p class='ocr_par' dir='ltr' id='par_1_44' title="bbox 390 2647 1970 2724">
     <span class='ocr_line' id='line_1_44' title="bbox 390 2647 1970 2724; baseline 0.004 -25"><span class='ocrx_word' id='word_1_293' title='bbox 390 2647 512 2700; x_wconf 88' lang='grc' dir='ltr'>οδον</span> <span class='ocrx_word' id='word_1_294' title='bbox 561 2648 591 2700; x_wconf 87' lang='lat'><strong>6</strong></span> <span class='ocrx_word' id='word_1_295' title='bbox 627 2647 944 2712; x_wconf 87' lang='grc' dir='ltr'>Ἀθανάσιος</span> <span class='ocrx_word' id='word_1_296' title='bbox 967 2689 982 2712; x_wconf 85' lang='grc'><strong>,</strong></span> <span class='ocrx_word' id='word_1_297' title='bbox 1019 2651 1362 2722; x_wconf 79' lang='grc' dir='ltr'>ὁμολογήσας</span> <span class='ocrx_word' id='word_1_298' title='bbox 1399 2653 1500 2716; x_wconf 81' lang='grc' dir='ltr'>τὰς</span> <span class='ocrx_word' id='word_1_299' title='bbox 1527 2652 1622 2706; x_wconf 89' lang='grc' dir='ltr'><strong>δύο</strong></span> <span class='ocrx_word' id='word_1_300' title='bbox 1650 2657 1709 2707; x_wconf 80' lang='grc' dir='ltr'>ὲν</span> <span class='ocrx_word' id='word_1_301' title='bbox 1744 2653 1970 2724; x_wconf 84' lang='grc' dir='ltr'>Χριστῷ</span> 
     </span>
    </p>
   </div>
   <div class='ocr_carea' id='block_1_45' title="bbox 391 2737 1971 2815">
    <p class='ocr_par' dir='ltr' id='par_1_45' title="bbox 391 2737 1971 2815">
     <span class='ocr_line' id='line_1_45' title="bbox 391 2737 1971 2815; baseline 0.007 -25"><span class='ocrx_word' id='word_1_302' title='bbox 391 2737 678 2808; x_wconf 75' lang='grc' dir='ltr'>ἡνωμένας</span> <span class='ocrx_word' id='word_1_303' title='bbox 704 2739 915 2808; x_wconf 83' lang='grc' dir='ltr'>φύσεις.</span> <span class='ocrx_word' id='word_1_304' title='bbox 944 2741 1051 2793; x_wconf 77' lang='grc' dir='ltr'><strong>Καὶ</strong></span> <span class='ocrx_word' id='word_1_305' title='bbox 1073 2741 1278 2795; x_wconf 85' lang='grc' dir='ltr'>τούτων</span> <span class='ocrx_word' id='word_1_306' title='bbox 1305 2743 1696 2814; x_wconf 86' lang='grc' dir='ltr'>στοιχηθέντων</span> <span class='ocrx_word' id='word_1_307' title='bbox 1717 2743 1971 2815; x_wconf 73' lang='grc' dir='ltr'>ἠρώτησε</span> 
     </span>
    </p>
   </div>
   <div class='ocr_carea' id='block_1_46' title="bbox 389 2823 1970 2901">
    <p class='ocr_par' dir='ltr' id='par_1_46' title="bbox 389 2823 1970 2901">
     <span class='ocr_line' id='line_1_46' title="bbox 389 2823 1970 2901; baseline 0.004 -22"><span class='ocrx_word' id='word_1_308' title='bbox 389 2823 484 2880; x_wconf 74' lang='grc' dir='ltr'>τὸν</span> <span class='ocrx_word' id='word_1_309' title='bbox 507 2825 732 2896; x_wconf 81' lang='grc' dir='ltr'>βασιλέα</span> <span class='ocrx_word' id='word_1_310' title='bbox 759 2829 890 2900; x_wconf 75' lang='grc' dir='ltr'>περὶ</span> <span class='ocrx_word' id='word_1_311' title='bbox 916 2829 1020 2898; x_wconf 82' lang='grc' dir='ltr'>τῆς</span> <span class='ocrx_word' id='word_1_312' title='bbox 1047 2830 1331 2900; x_wconf 77' lang='grc' dir='ltr'>ἐνεργείας</span> <span class='ocrx_word' id='word_1_313' title='bbox 1349 2869 1364 2892; x_wconf 89' lang='grc'><strong>,</strong></span> <span class='ocrx_word' id='word_1_314' title='bbox 1393 2832 1487 2884; x_wconf 77' lang='grc' dir='ltr'><strong>καὶ</strong></span> <span class='ocrx_word' id='word_1_315' title='bbox 1519 2831 1628 2884; x_wconf 89' lang='grc' dir='ltr'><strong>τῶν</strong></span> <span class='ocrx_word' id='word_1_316' title='bbox 1649 2831 1970 2901; x_wconf 80' lang='grc' dir='ltr'>θελημάτων</span> 
     </span>
    </p>
   </div>
   <div class='ocr_carea' id='block_1_47' title="bbox 389 2914 1966 2993">
    <p class='ocr_par' dir='ltr' id='par_1_47' title="bbox 389 2914 1966 2993">
     <span class='ocr_line' id='line_1_47' title="bbox 389 2914 1966 2993; baseline 0.003 -23"><span class='ocrx_word' id='word_1_317' title='bbox 389 2914 474 2980; x_wconf 80' lang='grc' dir='ltr'>τὺ,</span> <span class='ocrx_word' id='word_1_318' title='bbox 511 2916 629 2980; x_wconf 86' lang='grc' dir='ltr'><strong>πῶς</strong></span> <span class='ocrx_word' id='word_1_319' title='bbox 657 2917 740 2970; x_wconf 78' lang='grc' dir='ltr'><strong>δεῖ</strong></span> <span class='ocrx_word' id='word_1_320' title='bbox 777 2917 953 2972; x_wconf 79' lang='grc' dir='ltr'>ταῦτα</span> <span class='ocrx_word' id='word_1_321' title='bbox 984 2918 1164 2986; x_wconf 82' lang='grc' dir='ltr'>λέγειν</span> <span class='ocrx_word' id='word_1_322' title='bbox 1208 2920 1266 2972; x_wconf 87' lang='grc' dir='ltr'>ὲν</span> <span class='ocrx_word' id='word_1_323' title='bbox 1294 2919 1372 2988; x_wconf 84' lang='grc' dir='ltr'>τῷ</span> <span class='ocrx_word' id='word_1_324' title='bbox 1412 2920 1663 2990; x_wconf 84' lang='grc' dir='ltr'>Χριστῷ,</span> <span class='ocrx_word' id='word_1_325' title='bbox 1697 2919 1896 2988; x_wconf 82' lang='grc' dir='ltr'>διπλᾶ,</span> <span class='ocrx_word' id='word_1_326' title='bbox 1932 2921 1966 2993; x_wconf 79' lang='grc' dir='ltr'><strong>ἢ</strong></span> 
     </span>
    </p>
   </div>
   <div class='ocr_carea' id='block_1_48' title="bbox 391 3005 1966 3084">
    <p class='ocr_par' dir='ltr' id='par_1_48' title="bbox 391 3005 1966 3084">
     <span class='ocr_line' id='line_1_48' title="bbox 391 3005 1966 3084; baseline 0.004 -25"><span class='ocrx_word' id='word_1_327' title='bbox 391 3005 794 3076; x_wconf 72' lang='grc' dir='ltr'>μοναδικά;,⁰0</span> <span class='ocrx_word' id='word_1_328' title='bbox 839 3008 970 3076; x_wconf 84' lang='grc' dir='ltr'>γοῦν</span> <span class='ocrx_word' id='word_1_329' title='bbox 1008 3008 1265 3079; x_wconf 81' lang='grc' dir='ltr'>βασιλεὺς</span> <span class='ocrx_word' id='word_1_330' title='bbox 1318 3009 1713 3081; x_wconf 75' lang='grc' dir='ltr'>ξενοφωνηθεὶς</span> <span class='ocrx_word' id='word_1_331' title='bbox 1761 3013 1854 3066; x_wconf 71' lang='grc' dir='ltr'>ἐπὶ</span> <span class='ocrx_word' id='word_1_332' title='bbox 1899 3015 1966 3084; x_wconf 80' lang='grc' dir='ltr'>τῇ</span> 
     </span>
    </p>
   </div>
   <div class='ocr_carea' id='block_1_49' title="bbox 388 3097 1968 3174">
    <p class='ocr_par' dir='ltr' id='par_1_49' title="bbox 388 3097 1968 3174">
     <span class='ocr_line' id='line_1_49' title="bbox 388 3097 1968 3174; baseline 0.006 -26"><span class='ocrx_word' id='word_1_333' title='bbox 388 3097 682 3168; x_wconf 68' lang='grc' dir='ltr'>ἐρωτήσει,</span> <span class='ocrx_word' id='word_1_334' title='bbox 710 3101 805 3154; x_wconf 74' lang='grc' dir='ltr'>ἅτε</span> <span class='ocrx_word' id='word_1_335' title='bbox 831 3099 896 3170; x_wconf 78' lang='grc' dir='ltr'><strong>δὴ</strong></span> <span class='ocrx_word' id='word_1_336' title='bbox 923 3099 1078 3153; x_wconf 79' lang='grc' dir='ltr'>οῧπω</span> <span class='ocrx_word' id='word_1_337' title='bbox 1101 3103 1242 3154; x_wconf 77' lang='grc' dir='ltr'>κατὰ</span> <span class='ocrx_word' id='word_1_338' title='bbox 1269 3102 1395 3165; x_wconf 73' lang='grc' dir='ltr'>τοὺς</span> <span class='ocrx_word' id='word_1_339' title='bbox 1421 3101 1722 3172; x_wconf 79' lang='grc' dir='ltr'>ἡμετέρους</span> <span class='ocrx_word' id='word_1_340' title='bbox 1743 3105 1968 3174; x_wconf 81' lang='grc' dir='ltr'>καιροὺς</span> 
     </span>
    </p>
   </div>
   <div class='ocr_carea' id='block_1_50' title="bbox 390 3187 1970 3261">
    <p class='ocr_par' dir='ltr' id='par_1_50' title="bbox 390 3187 1970 3261">
     <span class='ocr_line' id='line_1_50' title="bbox 390 3187 1970 3261; baseline 0.004 -21"><span class='ocrx_word' id='word_1_341' title='bbox 390 3187 678 3260; x_wconf 79' lang='grc' dir='ltr'>κινηθείσῃ</span> <span class='ocrx_word' id='word_1_342' title='bbox 701 3227 716 3252; x_wconf 91' lang='grc'><strong>,</strong></span> <span class='ocrx_word' id='word_1_343' title='bbox 747 3189 951 3260; x_wconf 82' lang='grc' dir='ltr'>γράφει</span> <span class='ocrx_word' id='word_1_344' title='bbox 982 3190 1120 3260; x_wconf 81' lang='grc' dir='ltr'>πρὸς</span> <span class='ocrx_word' id='word_1_345' title='bbox 1150 3191 1424 3261; x_wconf 87' lang='grc' dir='ltr'>Μαρτῖνον</span> <span class='ocrx_word' id='word_1_346' title='bbox 1456 3191 1548 3243; x_wconf 77' lang='grc' dir='ltr'><strong>τὸν</strong></span> <span class='ocrx_word' id='word_1_347' title='bbox 1591 3192 1782 3246; x_wconf 88' lang='grc' dir='ltr'>πάπαν</span> <span class='ocrx_word' id='word_1_348' title='bbox 1821 3192 1970 3246; x_wconf 83' lang='grc' dir='ltr'><strong>Ῥώ-</strong></span> 
     </span>
    </p>
   </div>
   <div class='ocr_carea' id='block_1_51' title="bbox 389 3280 1972 3353">
    <p class='ocr_par' dir='ltr' id='par_1_51' title="bbox 389 3280 1972 3353">
     <span class='ocr_line' id='line_1_51' title="bbox 389 3280 1972 3353; baseline 0.004 -23"><span class='ocrx_word' id='word_1_349' title='bbox 389 3295 504 3349; x_wconf 75' lang='grc' dir='ltr'><strong>μης</strong></span> <span class='ocrx_word' id='word_1_350' title='bbox 537 3280 666 3350; x_wconf 79' lang='grc' dir='ltr'>περὶ</span> <span class='ocrx_word' id='word_1_351' title='bbox 702 3281 914 3334; x_wconf 70' lang='grc' dir='ltr'>τούτουο</span> <span class='ocrx_word' id='word_1_352' title='bbox 947 3281 1148 3351; x_wconf 85' lang='grc' dir='ltr'>ὁμοίως</span> <span class='ocrx_word' id='word_1_353' title='bbox 1179 3283 1274 3334; x_wconf 75' lang='grc' dir='ltr'><strong>καὶ</strong></span> <span class='ocrx_word' id='word_1_354' title='bbox 1303 3282 1441 3352; x_wconf 80' lang='grc' dir='ltr'>πρὸς</span> <span class='ocrx_word' id='word_1_355' title='bbox 1471 3283 1698 3353; x_wconf 87' lang='grc' dir='ltr'>Σέργιον</span> <span class='ocrx_word' id='word_1_356' title='bbox 1725 3282 1816 3336; x_wconf 83' lang='grc' dir='ltr'><strong>τὸν</strong></span> <span class='ocrx_word' id='word_1_357' title='bbox 1847 3283 1972 3336; x_wconf 75' lang='grc' dir='ltr'>ἐπί-</span> 
     </span>
    </p>
   </div>
   <div class='ocr_carea' id='block_1_52' title="bbox 393 3373 1974 3446">
    <p class='ocr_par' dir='ltr' id='par_1_52' title="bbox 393 3373 1974 3446">
     <span class='ocr_line' id='line_1_52' title="bbox 393 3373 1974 3446; baseline 0.002 -22"><span class='ocrx_word' id='word_1_358' title='bbox 393 3388 596 3425; x_wconf 78' lang='grc' dir='ltr'>σκοπον</span> <span class='ocrx_word' id='word_1_359' title='bbox 622 3373 1272 3436; x_wconf 84' lang='grc' dir='ltr'>Κωνσταντινουπόλεως.</span> <span class='ocrx_word' id='word_1_360' title='bbox 1306 3375 1416 3426; x_wconf 78' lang='grc' dir='ltr'>Καὶ</span> <span class='ocrx_word' id='word_1_361' title='bbox 1445 3376 1472 3427; x_wconf 93' lang='lat'><strong>6</strong></span> <span class='ocrx_word' id='word_1_362' title='bbox 1503 3373 1601 3445; x_wconf 79' lang='grc' dir='ltr'>μὲν</span> <span class='ocrx_word' id='word_1_363' title='bbox 1632 3374 1822 3438; x_wconf 88' lang='grc' dir='ltr'>πάπας</span> <span class='ocrx_word' id='word_1_364' title='bbox 1846 3375 1974 3446; x_wconf 82' lang='grc' dir='ltr'><strong>ἐσή-</strong></span> 
     </span>
    </p>
   </div>
   <div class='ocr_carea' id='block_1_53' title="bbox 389 3464 1970 3536">
    <p class='ocr_par' dir='ltr' id='par_1_53' title="bbox 389 3464 1970 3536">
     <span class='ocr_line' id='line_1_53' title="bbox 389 3464 1970 3536; baseline 0.003 -20"><span class='ocrx_word' id='word_1_365' title='bbox 389 3480 566 3535; x_wconf 83' lang='grc' dir='ltr'>μανεν</span> <span class='ocrx_word' id='word_1_366' title='bbox 589 3464 738 3534; x_wconf 83' lang='grc' dir='ltr'>αύτῷ</span> <span class='ocrx_word' id='word_1_367' title='bbox 776 3464 918 3519; x_wconf 80' lang='grc' dir='ltr'>κατὰ</span> <span class='ocrx_word' id='word_1_368' title='bbox 957 3465 1058 3536; x_wconf 86' lang='grc' dir='ltr'><strong>τὴν</strong></span> <span class='ocrx_word' id='word_1_369' title='bbox 1093 3466 1392 3534; x_wconf 84' lang='grc' dir='ltr'>παράδοσιν</span> <span class='ocrx_word' id='word_1_370' title='bbox 1436 3465 1543 3518; x_wconf 86' lang='grc' dir='ltr'><strong>τῶν</strong></span> <span class='ocrx_word' id='word_1_371' title='bbox 1586 3465 1760 3534; x_wconf 84' lang='grc' dir='ltr'>ἁγίων</span> <span class='ocrx_word' id='word_1_372' title='bbox 1792 3465 1970 3520; x_wconf 79' lang='grc' dir='ltr'>Πατέ-</span> 
     </span>
    </p>
   </div>
   <div class='ocr_carea' id='block_1_54' title="bbox 389 3556 1971 3628">
    <p class='ocr_par' dir='ltr' id='par_1_54' title="bbox 389 3556 1971 3628">
     <span class='ocr_line' id='line_1_54' title="bbox 389 3556 1971 3628; baseline 0 -18"><span class='ocrx_word' id='word_1_373' title='bbox 389 3573 525 3626; x_wconf 85' lang='grc' dir='ltr'>ρων,</span> <span class='ocrx_word' id='word_1_374' title='bbox 555 3557 750 3624; x_wconf 88' lang='grc' dir='ltr'>λέγων,</span> <span class='ocrx_word' id='word_1_375' title='bbox 777 3558 860 3612; x_wconf 83' lang='grc' dir='ltr'>ὃτι</span> <span class='ocrx_word' id='word_1_376' title='bbox 884 3557 1013 3611; x_wconf 79' lang='grc' dir='ltr'>ἔνθα</span> <span class='ocrx_word' id='word_1_377' title='bbox 1041 3559 1136 3612; x_wconf 88' lang='grc' dir='ltr'><strong>δύο</strong></span> <span class='ocrx_word' id='word_1_378' title='bbox 1163 3557 1352 3626; x_wconf 78' lang='grc' dir='ltr'>φύσεις</span> <span class='ocrx_word' id='word_1_379' title='bbox 1377 3557 1754 3627; x_wconf 80' lang='grc' dir='ltr'>γνωρίζονται,</span> <span class='ocrx_word' id='word_1_380' title='bbox 1777 3556 1971 3628; x_wconf 85' lang='grc' dir='ltr'>κτιστὴ</span> 
     </span>
    </p>
   </div>
   <div class='ocr_carea' id='block_1_55' title="bbox 385 3649 1972 3721">
    <p class='ocr_par' dir='ltr' id='par_1_55' title="bbox 385 3649 1972 3721">
     <span class='ocr_line' id='line_1_55' title="bbox 385 3649 1972 3721; baseline 0 -17"><span class='ocrx_word' id='word_1_381' title='bbox 385 3649 529 3719; x_wconf 82' lang='grc' dir='ltr'>ὁμοῦ</span> <span class='ocrx_word' id='word_1_382' title='bbox 558 3666 616 3703; x_wconf 87' lang='grc' dir='ltr'><strong>τε</strong></span> <span class='ocrx_word' id='word_1_383' title='bbox 648 3649 740 3704; x_wconf 83' lang='grc' dir='ltr'>καὶ</span> <span class='ocrx_word' id='word_1_384' title='bbox 767 3650 1042 3714; x_wconf 78' lang='grc' dir='ltr'>ἄκτιστος,</span> <span class='ocrx_word' id='word_1_385' title='bbox 1077 3651 1294 3718; x_wconf 80' lang='grc' dir='ltr'>ἀνάγκη</span> <span class='ocrx_word' id='word_1_386' title='bbox 1324 3653 1474 3704; x_wconf 82' lang='grc' dir='ltr'>πᾶσα</span> <span class='ocrx_word' id='word_1_387' title='bbox 1499 3651 1646 3721; x_wconf 76' lang='grc' dir='ltr'>ἔχειν</span> <span class='ocrx_word' id='word_1_388' title='bbox 1679 3651 1851 3714; x_wconf 81' lang='grc' dir='ltr'>αὐτὰς</span> <span class='ocrx_word' id='word_1_389' title='bbox 1878 3650 1972 3704; x_wconf 74' lang='grc' dir='ltr'><strong>καὶ</strong></span> 
     </span>
    </p>
   </div>
   <div class='ocr_carea' id='block_1_56' title="bbox 388 3741 1973 3820">
    <p class='ocr_par' dir='ltr' id='par_1_56' title="bbox 388 3741 1973 3820">
     <span class='ocr_line' id='line_1_56' title="bbox 388 3741 1973 3820; baseline -0.001 -25"><span class='ocrx_word' id='word_1_390' title='bbox 388 3741 490 3805; x_wconf 72' lang='grc' dir='ltr'>τὰς</span> <span class='ocrx_word' id='word_1_391' title='bbox 537 3741 633 3795; x_wconf 88' lang='grc' dir='ltr'><strong>δύο</strong></span> <span class='ocrx_word' id='word_1_392' title='bbox 679 3741 858 3796; x_wconf 79' lang='grc' dir='ltr'>αὐτῶν</span> <span class='ocrx_word' id='word_1_393' title='bbox 893 3742 1130 3812; x_wconf 80' lang='grc' dir='ltr'>φυσικὰς</span> <span class='ocrx_word' id='word_1_394' title='bbox 1170 3741 1440 3820; x_wconf 54' lang='grc' dir='ltr'>ἰδιότητας</span> <span class='ocrx_word' id='word_1_395' title='bbox 1463 3783 1478 3808; x_wconf 90' lang='grc'><strong>,</strong></span> <span class='ocrx_word' id='word_1_396' title='bbox 1513 3741 1658 3810; x_wconf 86' lang='grc' dir='ltr'>λέγω</span> <span class='ocrx_word' id='word_1_397' title='bbox 1689 3741 1754 3812; x_wconf 88' lang='grc' dir='ltr'>δὴ</span> <span class='ocrx_word' id='word_1_398' title='bbox 1785 3741 1852 3796; x_wconf 82' lang='grc' dir='ltr'>τὰ</span> <span class='ocrx_word' id='word_1_399' title='bbox 1883 3741 1973 3794; x_wconf 88' lang='grc' dir='ltr'>θε-</span> 
     </span>
    </p>
   </div>
   <div class='ocr_carea' id='block_1_57' title="bbox 387 3825 1974 3904">
    <p class='ocr_par' dir='ltr' id='par_1_57' title="bbox 387 3825 1974 3904">
     <span class='ocr_line' id='line_1_57' title="bbox 387 3825 1974 3904; baseline -0.001 -18"><span class='ocrx_word' id='word_1_400' title='bbox 387 3832 647 3904; x_wconf 84' lang='grc' dir='ltr'>λήματα,</span> <span class='ocrx_word' id='word_1_401' title='bbox 677 3835 774 3888; x_wconf 78' lang='grc' dir='ltr'><strong>καὶ</strong></span> <span class='ocrx_word' id='word_1_402' title='bbox 809 3832 910 3900; x_wconf 81' lang='grc' dir='ltr'>τὰς</span> <span class='ocrx_word' id='word_1_403' title='bbox 938 3833 1238 3902; x_wconf 79' lang='grc' dir='ltr'>ἐνεργείας·</span> <span class='ocrx_word' id='word_1_404' title='bbox 1272 3825 1347 3887; x_wconf 79' lang='grc' dir='ltr'>ὧν</span> <span class='ocrx_word' id='word_1_405' title='bbox 1375 3835 1485 3903; x_wconf 78' lang='grc' dir='ltr'>γὰρ</span> <span class='ocrx_word' id='word_1_406' title='bbox 1547 3833 1581 3904; x_wconf 79' lang='grc' dir='ltr'><strong>ἡ</strong></span> <span class='ocrx_word' id='word_1_407' title='bbox 1622 3833 1840 3902; x_wconf 87' lang='grc' dir='ltr'>θέλησις</span> <span class='ocrx_word' id='word_1_408' title='bbox 1877 3831 1974 3885; x_wconf 75' lang='grc' dir='ltr'>καὶ</span> 
     </span>
    </p>
   </div>
   <div class='ocr_carea' id='block_1_58' title="bbox 387 3927 2009 4002">
    <p class='ocr_par' dir='ltr' id='par_1_58' title="bbox 387 3927 2009 4002">
     <span class='ocr_line' id='line_1_58' title="bbox 387 3927 2009 4002; baseline -0.001 -20"><span class='ocrx_word' id='word_1_409' title='bbox 387 3931 423 4000; x_wconf 82' lang='grc' dir='ltr'><strong>ἡ</strong></span> <span class='ocrx_word' id='word_1_410' title='bbox 465 3929 717 4002; x_wconf 72' lang='grc' dir='ltr'>ἐνέργεια</span> <span class='ocrx_word' id='word_1_411' title='bbox 749 3929 849 4001; x_wconf 85' lang='grc' dir='ltr'><strong>μία</strong></span> <span class='ocrx_word' id='word_1_412' title='bbox 875 3970 890 3996; x_wconf 90' lang='grc'><strong>,</strong></span> <span class='ocrx_word' id='word_1_413' title='bbox 937 3927 1144 3984; x_wconf 89' lang='grc' dir='ltr'>τούτων</span> <span class='ocrx_word' id='word_1_414' title='bbox 1179 3929 1397 3991; x_wconf 84' lang='grc' dir='ltr'>πάντως</span> <span class='ocrx_word' id='word_1_415' title='bbox 1427 3928 1522 3981; x_wconf 72' lang='grc' dir='ltr'><strong>καὶ</strong></span> <span class='ocrx_word' id='word_1_416' title='bbox 1568 3930 1600 3999; x_wconf 88' lang='grc' dir='ltr'>ή</span> <span class='ocrx_word' id='word_1_417' title='bbox 1643 3927 1806 3996; x_wconf 82' lang='grc' dir='ltr'>φύσις</span> <span class='ocrx_word' id='word_1_418' title='bbox 1841 3927 1970 3997; x_wconf 85' lang='grc' dir='ltr'>μία,</span> <span class='ocrx_word' id='word_1_419' title='bbox 2007 3965 2009 3970; x_wconf 89' lang='grc'><strong><em>-</em></strong></span> 
     </span>
    </p>
   </div>
   <div class='ocr_carea' id='block_1_59' title="bbox 392 4019 1974 4092">
    <p class='ocr_par' dir='ltr' id='par_1_59' title="bbox 392 4019 1974 4092">
     <span class='ocr_line' id='line_1_59' title="bbox 392 4019 1974 4092; baseline -0.001 -18"><span class='ocrx_word' id='word_1_420' title='bbox 392 4021 489 4074; x_wconf 76' lang='grc' dir='ltr'><strong>καὶ</strong></span> <span class='ocrx_word' id='word_1_421' title='bbox 517 4021 580 4075; x_wconf 85' lang='grc' dir='ltr'>οὐ</span> <span class='ocrx_word' id='word_1_422' title='bbox 614 4021 707 4074; x_wconf 85' lang='grc' dir='ltr'><strong>δύο</strong></span> <span class='ocrx_word' id='word_1_423' title='bbox 734 4021 1086 4092; x_wconf 84' lang='grc' dir='ltr'>τυγχάνουσι.</span> <span class='ocrx_word' id='word_1_424' title='bbox 1119 4020 1306 4074; x_wconf 83' lang='grc' dir='ltr'>Ταῦτα</span> <span class='ocrx_word' id='word_1_425' title='bbox 1337 4022 1433 4074; x_wconf 72' lang='grc' dir='ltr'><strong>καὶ</strong></span> <span class='ocrx_word' id='word_1_426' title='bbox 1461 4020 1530 4074; x_wconf 80' lang='grc' dir='ltr'>τὰ</span> <span class='ocrx_word' id='word_1_427' title='bbox 1563 4019 1790 4076; x_wconf 79' lang='grc' dir='ltr'>τοιαῦτα</span> <span class='ocrx_word' id='word_1_428' title='bbox 1815 4021 1974 4090; x_wconf 85' lang='grc' dir='ltr'>Μαρ-</span> 
     </span>
    </p>
   </div>
   <div class='ocr_carea' id='block_1_60' title="bbox 389 4109 995 4182">
    <p class='ocr_par' dir='ltr' id='par_1_60' title="bbox 389 4109 995 4182">
     <span class='ocr_line' id='line_1_60' title="bbox 389 4109 995 4182; baseline 0 -19"><span class='ocrx_word' id='word_1_429' title='bbox 389 4109 542 4163; x_wconf 85' lang='grc' dir='ltr'>τίνου</span> <span class='ocrx_word' id='word_1_430' title='bbox 568 4110 635 4164; x_wconf 82' lang='grc' dir='ltr'>τὰ</span> <span class='ocrx_word' id='word_1_431' title='bbox 669 4111 995 4182; x_wconf 76' lang='grc' dir='ltr'>γράμματα.</span> 
     </span>
    </p>
   </div>
   <div class='ocr_carea' id='block_1_61' title="bbox 479 4367 1977 4440">
    <p class='ocr_par' dir='ltr' id='par_1_61' title="bbox 479 4367 1977 4440">
     <span class='ocr_line' id='line_1_61' title="bbox 479 4367 1977 4440; baseline 0 -18"><span class='ocrx_word' id='word_1_432' title='bbox 479 4370 537 4422; x_wconf 89' lang='lat'><strong>&#39;0</strong></span> <span class='ocrx_word' id='word_1_433' title='bbox 563 4369 622 4423; x_wconf 78' lang='grc' dir='ltr'>δὲ</span> <span class='ocrx_word' id='word_1_434' title='bbox 654 4371 1279 4432; x_wconf 75' lang='grc' dir='ltr'>Κωνσταντινουπόλεως</span> <span class='ocrx_word' id='word_1_435' title='bbox 1307 4369 1555 4440; x_wconf 78' lang='grc' dir='ltr'>Σέργιος,</span> <span class='ocrx_word' id='word_1_436' title='bbox 1579 4368 1676 4422; x_wconf 68' lang='lat' dir='ltr'><strong>{ire</strong></span> <span class='ocrx_word' id='word_1_437' title='bbox 1705 4367 1770 4440; x_wconf 84' lang='grc' dir='ltr'>δὴ</span> <span class='ocrx_word' id='word_1_438' title='bbox 1807 4368 1977 4438; x_wconf 75' lang='grc' dir='ltr'>Συρο-</span> 
     </span>
    </p>
   </div>
   <div class='ocr_carea' id='block_1_62' title="bbox 2075 1937 3649 2009">
    <p class='ocr_par' dir='ltr' id='par_1_62' title="bbox 2075 1937 3649 2009">
     <span class='ocr_line' id='line_1_62' title="bbox 2075 1937 3649 2009; baseline 0.006 -27"><span class='ocrx_word' id='word_1_439' title='bbox 2075 1945 2193 1983; x_wconf 90' lang='lat' dir='ltr'><strong>nent</strong></span> <span class='ocrx_word' id='word_1_440' title='bbox 2217 1945 2464 1986; x_wconf 87' lang='lat' dir='ltr'><strong>sermone</strong></span> <span class='ocrx_word' id='word_1_441' title='bbox 2493 1943 2823 2002; x_wconf 83' lang='lat' dir='ltr'><strong>promptum,</strong></span> <span class='ocrx_word' id='word_1_442' title='bbox 2855 1945 2910 1990; x_wconf 90' lang='lat' dir='ltr'><strong>et</strong></span> <span class='ocrx_word' id='word_1_443' title='bbox 2940 1937 3242 2004; x_wconf 86' lang='lat' dir='ltr'><strong>improbum</strong></span> <span class='ocrx_word' id='word_1_444' title='bbox 3267 1939 3445 1992; x_wconf 89' lang='lat' dir='ltr'><strong>nativa</strong></span> <span class='ocrx_word' id='word_1_445' title='bbox 3481 1937 3649 2009; x_wconf 77' lang='lat' dir='ltr'><strong>Syro-</strong></span> 
     </span>
    </p>
   </div>
   <div class='ocr_carea' id='block_1_63' title="bbox 2073 2022 3640 2096">
    <p class='ocr_par' dir='ltr' id='par_1_63' title="bbox 2073 2022 3640 2096">
     <span class='ocr_line' id='line_1_63' title="bbox 2073 2022 3640 2096; baseline 0.006 -23"><span class='ocrx_word' id='word_1_446' title='bbox 2073 2035 2191 2074; x_wconf 89' lang='lat' dir='ltr'><strong>rum</strong></span> <span class='ocrx_word' id='word_1_447' title='bbox 2240 2022 2554 2078; x_wconf 83' lang='lat' dir='ltr'><strong>calliditate.</strong></span> <span class='ocrx_word' id='word_1_448' title='bbox 2604 2026 2850 2095; x_wconf 80' lang='lat' dir='ltr'><strong>Cumque</strong></span> <span class='ocrx_word' id='word_1_449' title='bbox 2881 2028 2984 2080; x_wconf 87' lang='lat' dir='ltr'><strong>sihi</strong></span> <span class='ocrx_word' id='word_1_450' title='bbox 3017 2030 3244 2082; x_wconf 79' lang='lat' dir='ltr'><strong>invicem</strong></span> <span class='ocrx_word' id='word_1_451' title='bbox 3293 2029 3362 2082; x_wconf 90' lang='lat' dir='ltr'><strong>de</strong></span> <span class='ocrx_word' id='word_1_452' title='bbox 3409 2030 3640 2096; x_wconf 86' lang='lat' dir='ltr'><strong>duplicis</strong></span> 
     </span>
    </p>
   </div>
   <div class='ocr_carea' id='block_1_64' title="bbox 2072 2111 3648 2181">
    <p class='ocr_par' dir='ltr' id='par_1_64' title="bbox 2072 2111 3648 2181">
     <span class='ocr_line' id='line_1_64' title="bbox 2072 2111 3648 2181; baseline 0.006 -18"><span class='ocrx_word' id='word_1_453' title='bbox 2072 2111 2272 2165; x_wconf 81' lang='lat' dir='ltr'><strong>Christi</strong></span> <span class='ocrx_word' id='word_1_454' title='bbox 2297 2123 2503 2166; x_wconf 65' lang='lat' dir='ltr'><strong>natura:</strong></span> <span class='ocrx_word' id='word_1_455' title='bbox 2536 2115 2639 2168; x_wconf 79' lang='lat' dir='ltr'><strong>[ide</strong></span> <span class='ocrx_word' id='word_1_456' title='bbox 2676 2116 3174 2172; x_wconf 77' lang='lat' dir='ltr'><strong>conminuit-assem</strong></span> <span class='ocrx_word' id='word_1_457' title='bbox 3216 2119 3516 2172; x_wconf 84' lang='lat' dir='ltr'><strong>sententias</strong></span> <span class='ocrx_word' id='word_1_458' title='bbox 3539 2160 3554 2181; x_wconf 91' lang='lat'><strong>,</strong></span> <span class='ocrx_word' id='word_1_459' title='bbox 3595 2119 3648 2172; x_wconf 88' lang='lat' dir='ltr'><strong>id</strong></span> 
     </span>
    </p>
   </div>
   <div class='ocr_carea' id='block_1_65' title="bbox 2074 2205 3648 2279">
    <p class='ocr_par' dir='ltr' id='par_1_65' title="bbox 2074 2205 3648 2279">
     <span class='ocr_line' id='line_1_65' title="bbox 2074 2205 3648 2279; baseline 0.005 -25"><span class='ocrx_word' id='word_1_460' title='bbox 2074 2205 2288 2256; x_wconf 89' lang='lat' dir='ltr'><strong>tandem</strong></span> <span class='ocrx_word' id='word_1_461' title='bbox 2321 2206 2592 2272; x_wconf 86' lang='lat' dir='ltr'><strong>pollicitus</strong></span> <span class='ocrx_word' id='word_1_462' title='bbox 2621 2216 2698 2260; x_wconf 87' lang='lat' dir='ltr'><strong>est</strong></span> <span class='ocrx_word' id='word_1_463' title='bbox 2738 2206 3056 2276; x_wconf 80' lang='lat' dir='ltr'><strong>imperator,</strong></span> <span class='ocrx_word' id='word_1_464' title='bbox 3085 2209 3128 2260; x_wconf 88' lang='lat' dir='ltr'><strong>si</strong></span> <span class='ocrx_word' id='word_1_465' title='bbox 3159 2209 3262 2262; x_wconf 82' lang='lat' dir='ltr'><strong>sibi</strong></span> <span class='ocrx_word' id='word_1_466' title='bbox 3311 2223 3514 2262; x_wconf 88' lang='lat' dir='ltr'><strong>morem</strong></span> <span class='ocrx_word' id='word_1_467' title='bbox 3555 2224 3648 2279; x_wconf 76' lang='lat' dir='ltr'><strong>ge-</strong></span> 
     </span>
    </p>
   </div>
   <div class='ocr_carea' id='block_1_66' title="bbox 2074 2297 3649 2369">
    <p class='ocr_par' dir='ltr' id='par_1_66' title="bbox 2074 2297 3649 2369">
     <span class='ocr_line' id='line_1_66' title="bbox 2074 2297 3649 2369; baseline 0.004 -23"><span class='ocrx_word' id='word_1_468' title='bbox 2074 2303 2239 2358; x_wconf 86' lang='lat' dir='ltr'><strong>reret,</strong></span> <span class='ocrx_word' id='word_1_469' title='bbox 2273 2307 2626 2365; x_wconf 82' lang='lat' dir='ltr'><strong>sanctamque</strong></span> <span class='ocrx_word' id='word_1_470' title='bbox 2656 2297 3153 2352; x_wconf 87' lang='lat' dir='ltr'><strong>Chalcedonensem</strong></span> <span class='ocrx_word' id='word_1_471' title='bbox 3183 2300 3446 2369; x_wconf 85' lang='lat' dir='ltr'><strong>synodum</strong></span> <span class='ocrx_word' id='word_1_472' title='bbox 3477 2302 3649 2354; x_wconf 87' lang='lat' dir='ltr'><strong>susci-</strong></span> 
     </span>
    </p>
   </div>
   <div class='ocr_carea' id='block_1_67' title="bbox 2072 2386 3647 2457">
    <p class='ocr_par' dir='ltr' id='par_1_67' title="bbox 2072 2386 3647 2457">
     <span class='ocr_line' id='line_1_67' title="bbox 2072 2386 3647 2457; baseline 0.003 -20"><span class='ocrx_word' id='word_1_473' title='bbox 2072 2394 2256 2454; x_wconf 89' lang='lat' dir='ltr'><strong>peret,</strong></span> <span class='ocrx_word' id='word_1_474' title='bbox 2313 2386 2484 2453; x_wconf 91' lang='lat' dir='ltr'><strong>ipsum</strong></span> <span class='ocrx_word' id='word_1_475' title='bbox 2534 2387 2652 2456; x_wconf 86' lang='lat' dir='ltr'><strong>ejus</strong></span> <span class='ocrx_word' id='word_1_476' title='bbox 2676 2398 2876 2441; x_wconf 69' lang='lat' dir='ltr'><strong>sancta:</strong></span> <span class='ocrx_word' id='word_1_477' title='bbox 2911 2389 3192 2442; x_wconf 78' lang='lat' dir='ltr'><strong>Catholicae</strong></span> <span class='ocrx_word' id='word_1_478' title='bbox 3239 2387 3491 2442; x_wconf 67' lang='lat' dir='ltr'><strong>Ecclesia:</strong></span> <span class='ocrx_word' id='word_1_479' title='bbox 3553 2405 3647 2457; x_wconf 85' lang='lat' dir='ltr'><strong>pa-</strong></span> 
     </span>
    </p>
   </div>
   <div class='ocr_carea' id='block_1_68' title="bbox 2075 2473 3646 2543">
    <p class='ocr_par' dir='ltr' id='par_1_68' title="bbox 2075 2473 3646 2543">
     <span class='ocr_line' id='line_1_68' title="bbox 2075 2473 3646 2543; baseline 0.001 -18"><span class='ocrx_word' id='word_1_480' title='bbox 2075 2473 2360 2527; x_wconf 79' lang='lat' dir='ltr'><strong>triarcham</strong></span> <span class='ocrx_word' id='word_1_481' title='bbox 2403 2473 2516 2529; x_wconf 74' lang='lat' dir='ltr'><strong>fore</strong></span> <span class='ocrx_word' id='word_1_482' title='bbox 2565 2477 3011 2529; x_wconf 89' lang='lat' dir='ltr'><strong>constituturnm.</strong></span> <span class='ocrx_word' id='word_1_483' title='bbox 3050 2475 3173 2528; x_wconf 85' lang='lat' dir='ltr'><strong>Sive</strong></span> <span class='ocrx_word' id='word_1_484' title='bbox 3210 2475 3372 2543; x_wconf 80' lang='lat' dir='ltr'><strong>igitur</strong></span> <span class='ocrx_word' id='word_1_485' title='bbox 3426 2475 3646 2529; x_wconf 84' lang='lat' dir='ltr'><strong>simula-</strong></span> 
     </span>
    </p>
   </div>
   <div class='ocr_carea' id='block_1_69' title="bbox 2074 2563 3648 2635">
    <p class='ocr_par' dir='ltr' id='par_1_69' title="bbox 2074 2563 3648 2635">
     <span class='ocr_line' id='line_1_69' title="bbox 2074 2563 3648 2635; baseline 0 -19"><span class='ocrx_word' id='word_1_486' title='bbox 2074 2565 2238 2630; x_wconf 87' lang='lat' dir='ltr'><strong>tione,</strong></span> <span class='ocrx_word' id='word_1_487' title='bbox 2293 2567 2405 2619; x_wconf 85' lang='lat' dir='ltr'><strong>sive</strong></span> <span class='ocrx_word' id='word_1_488' title='bbox 2455 2566 2559 2618; x_wconf 86' lang='lat' dir='ltr'><strong>alio</strong></span> <span class='ocrx_word' id='word_1_489' title='bbox 2605 2565 2796 2634; x_wconf 76' lang='lat' dir='ltr'><strong>quovis</strong></span> <span class='ocrx_word' id='word_1_490' title='bbox 2861 2563 3021 2618; x_wconf 88' lang='lat' dir='ltr'><strong>modo</strong></span> <span class='ocrx_word' id='word_1_491' title='bbox 3075 2567 3316 2634; x_wconf 86' lang='lat' dir='ltr'><strong>suscepit</strong></span> <span class='ocrx_word' id='word_1_492' title='bbox 3381 2567 3648 2635; x_wconf 86' lang='lat' dir='ltr'><strong>synodum</strong></span> 
     </span>
    </p>
   </div>
   <div class='ocr_carea' id='block_1_70' title="bbox 2071 2657 3645 2725">
    <p class='ocr_par' dir='ltr' id='par_1_70' title="bbox 2071 2657 3645 2725">
     <span class='ocr_line' id='line_1_70' title="bbox 2071 2657 3645 2725; baseline -0.001 -16"><span class='ocrx_word' id='word_1_493' title='bbox 2071 2657 2421 2720; x_wconf 81' lang='lat' dir='ltr'><strong>Athanasius,</strong></span> <span class='ocrx_word' id='word_1_494' title='bbox 2460 2657 2726 2725; x_wconf 83' lang='lat' dir='ltr'><strong>simulque</strong></span> <span class='ocrx_word' id='word_1_495' title='bbox 2754 2659 2889 2710; x_wconf 87' lang='lat' dir='ltr'><strong>duas</strong></span> <span class='ocrx_word' id='word_1_496' title='bbox 2923 2659 2973 2710; x_wconf 87' lang='lat' dir='ltr'><strong>itt</strong></span> <span class='ocrx_word' id='word_1_497' title='bbox 3003 2659 3222 2712; x_wconf 83' lang='lat' dir='ltr'><strong>Christo</strong></span> <span class='ocrx_word' id='word_1_498' title='bbox 3269 2657 3448 2710; x_wconf 83' lang='lat' dir='ltr'><strong>unitas</strong></span> <span class='ocrx_word' id='word_1_499' title='bbox 3483 2666 3645 2708; x_wconf 86' lang='lat' dir='ltr'><strong>natu-</strong></span> 
     </span>
    </p>
   </div>
   <div class='ocr_carea' id='block_1_71' title="bbox 2071 2743 3650 2813">
    <p class='ocr_par' dir='ltr' id='par_1_71' title="bbox 2071 2743 3650 2813">
     <span class='ocr_line' id='line_1_71' title="bbox 2071 2743 3650 2813; baseline 0.001 -17"><span class='ocrx_word' id='word_1_500' title='bbox 2071 2760 2160 2798; x_wconf 93' lang='lat' dir='ltr'><strong>ras</strong></span> <span class='ocrx_word' id='word_1_501' title='bbox 2177 2759 2296 2798; x_wconf 82' lang='lat' dir='ltr'><strong>esse</strong></span> <span class='ocrx_word' id='word_1_502' title='bbox 2319 2743 2599 2798; x_wconf 69' lang='lat' dir='ltr'><strong>coal’eSsus</strong></span> <span class='ocrx_word' id='word_1_503' title='bbox 2620 2756 2720 2798; x_wconf 87' lang='lat' dir='ltr'><strong>est.</strong></span> <span class='ocrx_word' id='word_1_504' title='bbox 2743 2744 2837 2797; x_wconf 70' lang='lat' dir='ltr'><strong>llis</strong></span> <span class='ocrx_word' id='word_1_505' title='bbox 2860 2745 2932 2799; x_wconf 91' lang='lat' dir='ltr'><strong>ita</strong></span> <span class='ocrx_word' id='word_1_506' title='bbox 2949 2746 3278 2813; x_wconf 77' lang='lat' dir='ltr'><strong>compositis,</strong></span> <span class='ocrx_word' id='word_1_507' title='bbox 3297 2745 3408 2812; x_wconf 87' lang='lat' dir='ltr'><strong>ipse</strong></span> <span class='ocrx_word' id='word_1_508' title='bbox 3426 2743 3494 2798; x_wconf 88' lang='lat' dir='ltr'><strong>de</strong></span> <span class='ocrx_word' id='word_1_509' title='bbox 3521 2759 3650 2812; x_wconf 87' lang='lat' dir='ltr'><strong>ope-</strong></span> 
     </span>
    </p>
   </div>
   <div class='ocr_carea' id='block_1_72' title="bbox 2073 2835 3649 2908">
    <p class='ocr_par' dir='ltr' id='par_1_72' title="bbox 2073 2835 3649 2908">
     <span class='ocr_line' id='line_1_72' title="bbox 2073 2835 3649 2908; baseline 0.003 -22"><span class='ocrx_word' id='word_1_510' title='bbox 2073 2835 2391 2902; x_wconf 86' lang='lat' dir='ltr'><strong>rati0nibns,</strong></span> <span class='ocrx_word' id='word_1_511' title='bbox 2417 2846 2470 2890; x_wconf 88' lang='lat' dir='ltr'><strong>et</strong></span> <span class='ocrx_word' id='word_1_512' title='bbox 2500 2837 2863 2891; x_wconf 67' lang='lat' dir='ltr'><strong>voluntatibus</strong></span> <span class='ocrx_word' id='word_1_513' title='bbox 2897 2848 3244 2905; x_wconf 84' lang='lat' dir='ltr'><strong>percontatur</strong></span> <span class='ocrx_word' id='word_1_514' title='bbox 3271 2854 3299 2890; x_wconf 86' lang='lat' dir='ltr'><strong>a</strong></span> <span class='ocrx_word' id='word_1_515' title='bbox 3345 2853 3467 2908; x_wconf 89' lang='lat' dir='ltr'><strong>rege</strong></span> <span class='ocrx_word' id='word_1_516' title='bbox 3486 2875 3502 2899; x_wconf 92' lang='lat'><strong>,</strong></span> <span class='ocrx_word' id='word_1_517' title='bbox 3527 2838 3649 2890; x_wconf 90' lang='lat' dir='ltr'><strong>uni-</strong></span> 
     </span>
    </p>
   </div>
   <div class='ocr_carea' id='block_1_73' title="bbox 2069 2927 3650 2995">
    <p class='ocr_par' dir='ltr' id='par_1_73' title="bbox 2069 2927 3650 2995">
     <span class='ocr_line' id='line_1_73' title="bbox 2069 2927 3650 2995; baseline 0.003 -17"><span class='ocrx_word' id='word_1_518' title='bbox 2069 2939 2260 2980; x_wconf 88' lang='lat' dir='ltr'><strong>camne</strong></span> <span class='ocrx_word' id='word_1_519' title='bbox 2310 2934 2517 2980; x_wconf 86' lang='lat' dir='ltr'><strong>tantum</strong></span> <span class='ocrx_word' id='word_1_520' title='bbox 2573 2943 2638 2980; x_wconf 87' lang='lat' dir='ltr'><strong>an</strong></span> <span class='ocrx_word' id='word_1_521' title='bbox 2684 2927 2924 2995; x_wconf 88' lang='lat' dir='ltr'><strong>duplices</strong></span> <span class='ocrx_word' id='word_1_522' title='bbox 2960 2929 3056 2982; x_wconf 89' lang='lat' dir='ltr'><strong>has</strong></span> <span class='ocrx_word' id='word_1_523' title='bbox 3091 2929 3294 2995; x_wconf 88' lang='lat' dir='ltr'><strong>pariter</strong></span> <span class='ocrx_word' id='word_1_524' title='bbox 3329 2929 3381 2980; x_wconf 92' lang='lat' dir='ltr'><strong>in</strong></span> <span class='ocrx_word' id='word_1_525' title='bbox 3428 2928 3650 2982; x_wconf 84' lang='lat' dir='ltr'><strong>Christo</strong></span> 
     </span>
    </p>
   </div>
   <div class='ocr_carea' id='block_1_74' title="bbox 2069 3015 3652 3084">
    <p class='ocr_par' dir='ltr' id='par_1_74' title="bbox 2069 3015 3652 3084">
     <span class='ocr_line' id='line_1_74' title="bbox 2069 3015 3652 3084; baseline -0.002 -17"><span class='ocrx_word' id='word_1_526' title='bbox 2069 3025 2314 3084; x_wconf 88' lang='lat' dir='ltr'><strong>oporteat</strong></span> <span class='ocrx_word' id='word_1_527' title='bbox 2329 3015 2589 3083; x_wconf 81' lang='lat' dir='ltr'><strong>proﬁteri.</strong></span> <span class='ocrx_word' id='word_1_528' title='bbox 2606 3016 2932 3080; x_wconf 76' lang='lat' dir='ltr'><strong>QlttPStiOItis</strong></span> <span class='ocrx_word' id='word_1_529' title='bbox 2955 3017 3234 3084; x_wconf 84' lang='lat' dir='ltr'><strong>utriusque</strong></span> <span class='ocrx_word' id='word_1_530' title='bbox 3249 3017 3484 3068; x_wconf 88' lang='lat' dir='ltr'><strong>novitate</strong></span> <span class='ocrx_word' id='word_1_531' title='bbox 3503 3029 3652 3066; x_wconf 87' lang='lat' dir='ltr'><strong>com-</strong></span> 
     </span>
    </p>
   </div>
   <div class='ocr_carea' id='block_1_75' title="bbox 2074 3107 3652 3178">
    <p class='ocr_par' dir='ltr' id='par_1_75' title="bbox 2074 3107 3652 3178">
     <span class='ocr_line' id='line_1_75' title="bbox 2074 3107 3652 3178; baseline 0 -22"><span class='ocrx_word' id='word_1_532' title='bbox 2074 3116 2247 3159; x_wconf 89' lang='lat' dir='ltr'><strong>motus</strong></span> <span class='ocrx_word' id='word_1_533' title='bbox 2267 3122 2356 3160; x_wconf 82' lang='lat' dir='ltr'><strong>rex</strong></span> <span class='ocrx_word' id='word_1_534' title='bbox 2375 3107 2671 3178; x_wconf 87' lang='lat' dir='ltr'><strong>(nunquam</strong></span> <span class='ocrx_word' id='word_1_535' title='bbox 2689 3107 2886 3160; x_wconf 90' lang='lat' dir='ltr'><strong>etenim</strong></span> <span class='ocrx_word' id='word_1_536' title='bbox 2911 3109 2975 3159; x_wconf 89' lang='lat' dir='ltr'><strong>ad</strong></span> <span class='ocrx_word' id='word_1_537' title='bbox 2996 3117 3176 3160; x_wconf 86' lang='lat' dir='ltr'><strong>nostra</strong></span> <span class='ocrx_word' id='word_1_538' title='bbox 3197 3107 3309 3158; x_wconf 66' lang='lat' dir='ltr'><strong>haec</strong></span> <span class='ocrx_word' id='word_1_539' title='bbox 3327 3119 3494 3172; x_wconf 74' lang='lat' dir='ltr'><strong>usque</strong></span> <span class='ocrx_word' id='word_1_540' title='bbox 3516 3113 3652 3156; x_wconf 88' lang='lat' dir='ltr'><strong>tem-</strong></span> 
     </span>
    </p>
   </div>
   <div class='ocr_carea' id='block_1_76' title="bbox 2073 3196 3651 3266">
    <p class='ocr_par' dir='ltr' id='par_1_76' title="bbox 2073 3196 3651 3266">
     <span class='ocr_line' id='line_1_76' title="bbox 2073 3196 3651 3266; baseline -0.001 -16"><span class='ocrx_word' id='word_1_541' title='bbox 2073 3211 2202 3266; x_wconf 85' lang='lat' dir='ltr'><strong>pora</strong></span> <span class='ocrx_word' id='word_1_542' title='bbox 2230 3199 2464 3250; x_wconf 85' lang='lat' dir='ltr'><strong>excitata</strong></span> <span class='ocrx_word' id='word_1_543' title='bbox 2504 3197 2722 3266; x_wconf 79' lang='lat' dir='ltr'><strong>fuerat),</strong></span> <span class='ocrx_word' id='word_1_544' title='bbox 2757 3199 2824 3252; x_wconf 87' lang='lat' dir='ltr'><strong>de</strong></span> <span class='ocrx_word' id='word_1_545' title='bbox 2876 3198 2959 3252; x_wconf 85' lang='lat' dir='ltr'><strong>Itis</strong></span> <span class='ocrx_word' id='word_1_546' title='bbox 3005 3199 3070 3250; x_wconf 84' lang='lat' dir='ltr'><strong>ad</strong></span> <span class='ocrx_word' id='word_1_547' title='bbox 3127 3196 3414 3251; x_wconf 83' lang='lat' dir='ltr'><strong>Martinam</strong></span> <span class='ocrx_word' id='word_1_548' title='bbox 3460 3196 3651 3250; x_wconf 86' lang='lat' dir='ltr'><strong>scribit</strong></span> 
     </span>
    </p>
   </div>
   <div class='ocr_carea' id='block_1_77' title="bbox 2075 3286 3648 3358">
    <p class='ocr_par' dir='ltr' id='par_1_77' title="bbox 2075 3286 3648 3358">
     <span class='ocr_line' id='line_1_77' title="bbox 2075 3286 3648 3358; baseline -0.001 -19"><span class='ocrx_word' id='word_1_549' title='bbox 2075 3305 2265 3357; x_wconf 70' lang='lat' dir='ltr'><strong>papam</strong></span> <span class='ocrx_word' id='word_1_550' title='bbox 2291 3288 2618 3352; x_wconf 78' lang='lat' dir='ltr'><strong>Romanum,</strong></span> <span class='ocrx_word' id='word_1_551' title='bbox 2665 3289 2958 3358; x_wconf 83' lang='lat' dir='ltr'><strong>itidemque</strong></span> <span class='ocrx_word' id='word_1_552' title='bbox 2983 3291 3048 3343; x_wconf 86' lang='lat' dir='ltr'><strong>ad</strong></span> <span class='ocrx_word' id='word_1_553' title='bbox 3103 3289 3349 3358; x_wconf 80' lang='lat' dir='ltr'><strong>Sergium</strong></span> <span class='ocrx_word' id='word_1_554' title='bbox 3376 3286 3648 3340; x_wconf 86' lang='lat' dir='ltr'><strong>Constan-</strong></span> 
     </span>
    </p>
   </div>
   <div class='ocr_carea' id='block_1_78' title="bbox 2075 3380 3648 3450">
    <p class='ocr_par' dir='ltr' id='par_1_78' title="bbox 2075 3380 3648 3450">
     <span class='ocr_line' id='line_1_78' title="bbox 2075 3380 3648 3450; baseline -0.003 -17"><span class='ocrx_word' id='word_1_555' title='bbox 2075 3380 2326 3448; x_wconf 82' lang='lat' dir='ltr'><strong>tinopnlis</strong></span> <span class='ocrx_word' id='word_1_556' title='bbox 2343 3380 2678 3448; x_wconf 83' lang='lat' dir='ltr'><strong>episcopum.</strong></span> <span class='ocrx_word' id='word_1_557' title='bbox 2714 3380 2887 3448; x_wconf 82' lang='lat' dir='ltr'><strong>Atque</strong></span> <span class='ocrx_word' id='word_1_558' title='bbox 2933 3396 2961 3432; x_wconf 87' lang='lat' dir='ltr'><strong>a</strong></span> <span class='ocrx_word' id='word_1_559' title='bbox 3007 3396 3144 3450; x_wconf 85' lang='lat' dir='ltr'><strong>papa</strong></span> <span class='ocrx_word' id='word_1_560' title='bbox 3175 3380 3389 3446; x_wconf 87' lang='lat' dir='ltr'><strong>quidem</strong></span> <span class='ocrx_word' id='word_1_561' title='bbox 3424 3391 3648 3446; x_wconf 73' lang='lat' dir='ltr'><strong>I‘OSPOII-</strong></span> 
     </span>
    </p>
   </div>
   <div class='ocr_carea' id='block_1_79' title="bbox 2073 3467 3649 3540">
    <p class='ocr_par' dir='ltr' id='par_1_79' title="bbox 2073 3467 3649 3540">
     <span class='ocr_line' id='line_1_79' title="bbox 2073 3467 3649 3540; baseline -0.003 -16"><span class='ocrx_word' id='word_1_562' title='bbox 2073 3485 2190 3524; x_wconf 91' lang='lat' dir='ltr'><strong>sum</strong></span> <span class='ocrx_word' id='word_1_563' title='bbox 2223 3471 2456 3538; x_wconf 87' lang='lat' dir='ltr'><strong>accipit,</strong></span> <span class='ocrx_word' id='word_1_564' title='bbox 2483 3487 2590 3540; x_wconf 88' lang='lat' dir='ltr'><strong>quo</strong></span> <span class='ocrx_word' id='word_1_565' title='bbox 2621 3471 2873 3526; x_wconf 85' lang='lat' dir='ltr'><strong>videlicet</strong></span> <span class='ocrx_word' id='word_1_566' title='bbox 2903 3473 3004 3525; x_wconf 92' lang='lat' dir='ltr'><strong>sibi</strong></span> <span class='ocrx_word' id='word_1_567' title='bbox 3044 3469 3455 3540; x_wconf 80' lang='lat' dir='ltr'><strong>signiﬁcabatur</strong></span> <span class='ocrx_word' id='word_1_568' title='bbox 3492 3467 3649 3535; x_wconf 73' lang='lat' dir='ltr'><strong>juxta</strong></span> 
     </span>
    </p>
   </div>
   <div class='ocr_carea' id='block_1_80' title="bbox 2073 3560 3650 3627">
    <p class='ocr_par' dir='ltr' id='par_1_80' title="bbox 2073 3560 3650 3627">
     <span class='ocr_line' id='line_1_80' title="bbox 2073 3560 3650 3627; baseline -0.004 -11"><span class='ocrx_word' id='word_1_569' title='bbox 2073 3571 2384 3616; x_wconf 85' lang='lat' dir='ltr'><strong>sanctorum</strong></span> <span class='ocrx_word' id='word_1_570' title='bbox 2451 3561 2668 3616; x_wconf 88' lang='lat' dir='ltr'><strong>Patrum</strong></span> <span class='ocrx_word' id='word_1_571' title='bbox 2739 3563 3114 3627; x_wconf 85' lang='lat' dir='ltr'><strong>traditionem,</strong></span> <span class='ocrx_word' id='word_1_572' title='bbox 3188 3561 3278 3614; x_wconf 90' lang='lat' dir='ltr'><strong>ubi</strong></span> <span class='ocrx_word' id='word_1_573' title='bbox 3348 3560 3465 3614; x_wconf 85' lang='lat' dir='ltr'><strong>duae</strong></span> <span class='ocrx_word' id='word_1_574' title='bbox 3527 3573 3650 3612; x_wconf 82' lang='lat' dir='ltr'><strong>esse</strong></span> 
     </span>
    </p>
   </div>
   <div class='ocr_carea' id='block_1_81' title="bbox 2076 3653 3650 3721">
    <p class='ocr_par' dir='ltr' id='par_1_81' title="bbox 2076 3653 3650 3721">
     <span class='ocr_line' id='line_1_81' title="bbox 2076 3653 3650 3721; baseline 0 -17"><span class='ocrx_word' id='word_1_575' title='bbox 2076 3660 2374 3704; x_wconf 88' lang='lat' dir='ltr'><strong>noscuntur</strong></span> <span class='ocrx_word' id='word_1_576' title='bbox 2405 3660 2632 3718; x_wconf 84' lang='lat' dir='ltr'><strong>naturae,</strong></span> <span class='ocrx_word' id='word_1_577' title='bbox 2665 3662 2844 3706; x_wconf 85' lang='lat' dir='ltr'><strong>creata</strong></span> <span class='ocrx_word' id='word_1_578' title='bbox 2877 3653 3132 3706; x_wconf 91' lang='lat' dir='ltr'><strong>nimirum</strong></span> <span class='ocrx_word' id='word_1_579' title='bbox 3156 3692 3174 3716; x_wconf 89' lang='lat'><strong>,</strong></span> <span class='ocrx_word' id='word_1_580' title='bbox 3213 3661 3374 3721; x_wconf 88' lang='lat' dir='ltr'><strong>atque</strong></span> <span class='ocrx_word' id='word_1_581' title='bbox 3411 3653 3650 3704; x_wconf 73' lang='lat' dir='ltr'><strong>int-reatu</strong></span> 
     </span>
    </p>
   </div>
   <div class='ocr_carea' id='block_1_82' title="bbox 2075 3743 3661 3813">
    <p class='ocr_par' dir='ltr' id='par_1_82' title="bbox 2075 3743 3661 3813">
     <span class='ocr_line' id='line_1_82' title="bbox 2075 3743 3661 3813; baseline -0.001 -15"><span class='ocrx_word' id='word_1_582' title='bbox 2075 3743 2233 3798; x_wconf 88' lang='lat' dir='ltr'><strong>simul</strong></span> <span class='ocrx_word' id='word_1_583' title='bbox 2263 3781 2279 3808; x_wconf 87' lang='lat'><strong>,</strong></span> <span class='ocrx_word' id='word_1_584' title='bbox 2346 3743 2420 3798; x_wconf 89' lang='lat' dir='ltr'><strong>ibi</strong></span> <span class='ocrx_word' id='word_1_585' title='bbox 2481 3759 2706 3798; x_wconf 88' lang='lat' dir='ltr'><strong>necesse</strong></span> <span class='ocrx_word' id='word_1_586' title='bbox 2747 3747 2948 3813; x_wconf 84' lang='lat' dir='ltr'><strong>pariter</strong></span> <span class='ocrx_word' id='word_1_587' title='bbox 2997 3759 3156 3808; x_wconf 88' lang='lat' dir='ltr'><strong>esse,</strong></span> <span class='ocrx_word' id='word_1_588' title='bbox 3207 3757 3661 3810; x_wconf 76' lang='lat' dir='ltr'><strong>unamquamque</strong></span> 
     </span>
    </p>
   </div>
   <div class='ocr_carea' id='block_1_83' title="bbox 2077 3832 3648 3904">
    <p class='ocr_par' dir='ltr' id='par_1_83' title="bbox 2077 3832 3648 3904">
     <span class='ocr_line' id='line_1_83' title="bbox 2077 3832 3648 3904; baseline -0.003 -16"><span class='ocrx_word' id='word_1_589' title='bbox 2077 3834 2345 3889; x_wconf 86' lang='lat' dir='ltr'><strong>naturales</strong></span> <span class='ocrx_word' id='word_1_590' title='bbox 2375 3850 2503 3889; x_wconf 87' lang='lat' dir='ltr'><strong>suas</strong></span> <span class='ocrx_word' id='word_1_591' title='bbox 2551 3835 2747 3890; x_wconf 87' lang='lat' dir='ltr'><strong>habere</strong></span> <span class='ocrx_word' id='word_1_592' title='bbox 2781 3835 3174 3904; x_wconf 88' lang='lat' dir='ltr'><strong>proprietates;</strong></span> <span class='ocrx_word' id='word_1_593' title='bbox 3217 3833 3371 3898; x_wconf 89' lang='lat' dir='ltr'><strong>duas,</strong></span> <span class='ocrx_word' id='word_1_594' title='bbox 3405 3832 3648 3900; x_wconf 87' lang='lat' dir='ltr'><strong>inquam,</strong></span> 
     </span>
    </p>
   </div>
   <div class='ocr_carea' id='block_1_84' title="bbox 2077 3924 3653 3994">
    <p class='ocr_par' dir='ltr' id='par_1_84' title="bbox 2077 3924 3653 3994">
     <span class='ocr_line' id='line_1_84' title="bbox 2077 3924 3653 3994; baseline -0.003 -16"><span class='ocrx_word' id='word_1_595' title='bbox 2077 3925 2424 3991; x_wconf 84' lang='lat' dir='ltr'><strong>voluntates,</strong></span> <span class='ocrx_word' id='word_1_596' title='bbox 2467 3934 2632 3994; x_wconf 85' lang='lat' dir='ltr'><strong>atque</strong></span> <span class='ocrx_word' id='word_1_597' title='bbox 2675 3924 3022 3994; x_wconf 87' lang='lat' dir='ltr'><strong>operationes</strong></span> <span class='ocrx_word' id='word_1_598' title='bbox 3069 3940 3082 3975; x_wconf 90' lang='lat'><strong>:</strong></span> <span class='ocrx_word' id='word_1_599' title='bbox 3123 3937 3351 3990; x_wconf 86' lang='lat' dir='ltr'><strong>quorum</strong></span> <span class='ocrx_word' id='word_1_600' title='bbox 3417 3935 3653 3988; x_wconf 83' lang='lat' dir='ltr'><strong>namque</strong></span> 
     </span>
    </p>
   </div>
   <div class='ocr_carea' id='block_1_85' title="bbox 2076 4011 3650 4084">
    <p class='ocr_par' dir='ltr' id='par_1_85' title="bbox 2076 4011 3650 4084">
     <span class='ocr_line' id='line_1_85' title="bbox 2076 4011 3650 4084; baseline -0.005 -16"><span class='ocrx_word' id='word_1_601' title='bbox 2076 4016 2342 4080; x_wconf 85' lang='lat' dir='ltr'><strong>voluntas,</strong></span> <span class='ocrx_word' id='word_1_602' title='bbox 2362 4015 2711 4084; x_wconf 79' lang='lat' dir='ltr'><strong>Operatioquc</strong></span> <span class='ocrx_word' id='word_1_603' title='bbox 2729 4030 2833 4068; x_wconf 86' lang='lat' dir='ltr'><strong>una</strong></span> <span class='ocrx_word' id='word_1_604' title='bbox 2856 4026 2956 4079; x_wconf 90' lang='lat' dir='ltr'><strong>est,</strong></span> <span class='ocrx_word' id='word_1_605' title='bbox 2985 4015 3174 4068; x_wconf 91' lang='lat' dir='ltr'><strong>horum</strong></span> <span class='ocrx_word' id='word_1_606' title='bbox 3199 4011 3403 4082; x_wconf 87' lang='lat' dir='ltr'><strong>pariter</strong></span> <span class='ocrx_word' id='word_1_607' title='bbox 3435 4011 3650 4064; x_wconf 75' lang='lat' dir='ltr'><strong>uniran</strong></span> 
     </span>
    </p>
   </div>
   <div class='ocr_carea' id='block_1_86' title="bbox 2077 4103 3647 4175">
    <p class='ocr_par' dir='ltr' id='par_1_86' title="bbox 2077 4103 3647 4175">
     <span class='ocr_line' id='line_1_86' title="bbox 2077 4103 3647 4175; baseline -0.006 -13"><span class='ocrx_word' id='word_1_608' title='bbox 2077 4108 2328 4170; x_wconf 88' lang='lat' dir='ltr'><strong>omnino,</strong></span> <span class='ocrx_word' id='word_1_609' title='bbox 2377 4122 2481 4160; x_wconf 88' lang='lat' dir='ltr'><strong>non</strong></span> <span class='ocrx_word' id='word_1_610' title='bbox 2518 4106 2784 4175; x_wconf 89' lang='lat' dir='ltr'><strong>duplicem</strong></span> <span class='ocrx_word' id='word_1_611' title='bbox 2838 4103 3164 4158; x_wconf 75' lang='lat' dir='ltr'><strong>censendum</strong></span> <span class='ocrx_word' id='word_1_612' title='bbox 3219 4117 3340 4155; x_wconf 89' lang='lat' dir='ltr'><strong>esse</strong></span> <span class='ocrx_word' id='word_1_613' title='bbox 3376 4111 3647 4153; x_wconf 87' lang='lat' dir='ltr'><strong>naturam.</strong></span> 
     </span>
    </p>
   </div>
   <div class='ocr_carea' id='block_1_87' title="bbox 2081 4191 3649 4270">
    <p class='ocr_par' dir='ltr' id='par_1_87' title="bbox 2081 4191 3649 4270">
     <span class='ocr_line' id='line_1_87' title="bbox 2081 4191 3649 4270; baseline -0.005 -17"><span class='ocrx_word' id='word_1_614' title='bbox 2081 4201 2228 4253; x_wconf 87' lang='lat' dir='ltr'><strong>llanc</strong></span> <span class='ocrx_word' id='word_1_615' title='bbox 2260 4213 2481 4270; x_wconf 85' lang='lat' dir='ltr'><strong>prorsus</strong></span> <span class='ocrx_word' id='word_1_616' title='bbox 2507 4198 2828 4252; x_wconf 76' lang='lat' dir='ltr'><strong>sententiam</strong></span> <span class='ocrx_word' id='word_1_617' title='bbox 2851 4194 3066 4250; x_wconf 81' lang='lat' dir='ltr'><strong>Martini</strong></span> <span class='ocrx_word' id='word_1_618' title='bbox 3096 4194 3289 4248; x_wconf 77' lang='lat' dir='ltr'><strong>litterae</strong></span> <span class='ocrx_word' id='word_1_619' title='bbox 3319 4191 3649 4260; x_wconf 83' lang='lat' dir='ltr'><strong>complecte—</strong></span> 
     </span>
    </p>
   </div>
   <div class='ocr_carea' id='block_1_88' title="bbox 2077 4292 2293 4348">
    <p class='ocr_par' dir='ltr' id='par_1_88' title="bbox 2077 4292 2293 4348">
     <span class='ocr_line' id='line_1_88' title="bbox 2077 4292 2293 4348; baseline 0.009 -2"><span class='ocrx_word' id='word_1_620' title='bbox 2077 4292 2293 4348; x_wconf 86' lang='lat' dir='ltr'><strong>bantur.</strong></span> 
     </span>
    </p>
   </div>
   <div class='ocr_carea' id='block_1_89' title="bbox 2153 4377 3650 4454">
    <p class='ocr_par' dir='ltr' id='par_1_89' title="bbox 2153 4377 3650 4454">
     <span class='ocr_line' id='line_1_89' title="bbox 2153 4377 3650 4454; baseline -0.007 -14"><span class='ocrx_word' id='word_1_621' title='bbox 2153 4384 2376 4454; x_wconf 78' lang='lat' dir='ltr'><strong>Sergius</strong></span> <span class='ocrx_word' id='word_1_622' title='bbox 2431 4397 2558 4438; x_wconf 87' lang='lat' dir='ltr'><strong>vero</strong></span> <span class='ocrx_word' id='word_1_623' title='bbox 2596 4379 3152 4450; x_wconf 88' lang='lat' dir='ltr'><strong>Constantinopolita,</strong></span> <span class='ocrx_word' id='word_1_624' title='bbox 3182 4378 3271 4448; x_wconf 88' lang='lat' dir='ltr'><strong>qui</strong></span> <span class='ocrx_word' id='word_1_625' title='bbox 3319 4377 3526 4432; x_wconf 86' lang='lat' dir='ltr'><strong>scilicet</strong></span> <span class='ocrx_word' id='word_1_626' title='bbox 3585 4392 3650 4430; x_wconf 79' lang='lat' dir='ltr'><strong>ex</strong></span> 
     </span>
    </p>
   </div>
   <div class='ocr_carea' id='block_1_90' title="bbox 395 4460 1976 4550">
    <p class='ocr_par' dir='ltr' id='par_1_90' title="bbox 395 4460 1976 4537">
     <span class='ocr_line' id='line_1_90' title="bbox 395 4460 1976 4537; baseline -0.004 -19"><span class='ocrx_word' id='word_1_627' title='bbox 395 4465 560 4536; x_wconf 78' lang='grc' dir='ltr'>γενης</span> <span class='ocrx_word' id='word_1_628' title='bbox 587 4466 868 4537; x_wconf 84' lang='grc' dir='ltr'>ὑπάρχων,</span> <span class='ocrx_word' id='word_1_629' title='bbox 901 4466 975 4530; x_wconf 85' lang='grc' dir='ltr'>ὡς</span> <span class='ocrx_word' id='word_1_630' title='bbox 1019 4464 1082 4536; x_wconf 81' lang='grc' dir='ltr'><strong>δὴ</strong></span> <span class='ocrx_word' id='word_1_631' title='bbox 1110 4465 1268 4534; x_wconf 83' lang='grc' dir='ltr'>λόγος</span> <span class='ocrx_word' id='word_1_632' title='bbox 1291 4504 1307 4531; x_wconf 94' lang='grc'><strong>,</strong></span> <span class='ocrx_word' id='word_1_633' title='bbox 1337 4464 1434 4516; x_wconf 70' lang='grc' dir='ltr'>καὶ</span> <span class='ocrx_word' id='word_1_634' title='bbox 1467 4461 1672 4530; x_wconf 87' lang='grc' dir='ltr'>γονέων</span> <span class='ocrx_word' id='word_1_635' title='bbox 1721 4460 1976 4515; x_wconf 79' lang='grc' dir='ltr'>ἰακωϐι-</span> 
     </span>
    </p>
   </div>
   <div class='ocr_carea' id='block_1_91' title="bbox 2078 4460 3649 4550">
    <p class='ocr_par' dir='ltr' id='par_1_91' title="bbox 2085 4464 3649 4542">
     <span class='ocr_line' id='line_1_91' title="bbox 2085 4464 3649 4542; baseline -0.004 -17"><span class='ocrx_word' id='word_1_636' title='bbox 2085 4469 2238 4542; x_wconf 82' lang='lat' dir='ltr'><strong>Syria</strong></span> <span class='ocrx_word' id='word_1_637' title='bbox 2271 4473 2508 4534; x_wconf 71' lang='lat' dir='ltr'><strong>traxerat</strong></span> <span class='ocrx_word' id='word_1_638' title='bbox 2543 4487 2729 4538; x_wconf 82' lang='lat' dir='ltr'><strong>genus,</strong></span> <span class='ocrx_word' id='word_1_639' title='bbox 2759 4479 2919 4537; x_wconf 89' lang='lat' dir='ltr'><strong>atque</strong></span> <span class='ocrx_word' id='word_1_640' title='bbox 2967 4485 3034 4522; x_wconf 77' lang='lat' dir='ltr'><strong>ex</strong></span> <span class='ocrx_word' id='word_1_641' title='bbox 3067 4464 3328 4523; x_wconf 88' lang='lat' dir='ltr'><strong>Jacobitis</strong></span> <span class='ocrx_word' id='word_1_642' title='bbox 3371 4469 3649 4538; x_wconf 80' lang='lat' dir='ltr'><strong>prognatis</strong></span> 
     </span>
    </p>
   </div>
   <div class='ocr_carea' id='block_1_92' title="bbox 393 4554 1973 4628">
    <p class='ocr_par' dir='ltr' id='par_1_92' title="bbox 393 4554 1973 4628">
     <span class='ocr_line' id='line_1_92' title="bbox 393 4554 1973 4628; baseline -0.001 -20"><span class='ocrx_word' id='word_1_643' title='bbox 393 4556 504 4610; x_wconf 88' lang='grc' dir='ltr'><strong>τῶν</strong></span> <span class='ocrx_word' id='word_1_644' title='bbox 531 4556 785 4626; x_wconf 82' lang='grc' dir='ltr'>ἔγγονος,</span> <span class='ocrx_word' id='word_1_645' title='bbox 826 4557 893 4611; x_wconf 73' lang='grc' dir='ltr'>τὰ</span> <span class='ocrx_word' id='word_1_646' title='bbox 938 4558 1153 4612; x_wconf 79' lang='grc' dir='ltr'>ἐναντία</span> <span class='ocrx_word' id='word_1_647' title='bbox 1184 4558 1464 4628; x_wconf 78' lang='grc' dir='ltr'>Μαρτίνου</span> <span class='ocrx_word' id='word_1_648' title='bbox 1497 4555 1788 4608; x_wconf 83' lang='grc' dir='ltr'>ἐπέστελλε</span> <span class='ocrx_word' id='word_1_649' title='bbox 1836 4554 1973 4625; x_wconf 81' lang='grc' dir='ltr'>πρὸς</span> 
     </span>
    </p>
   </div>
   <div class='ocr_carea' id='block_1_93' title="bbox 405 4648 1976 4721">
    <p class='ocr_par' dir='ltr' id='par_1_93' title="bbox 405 4648 1976 4721">
     <span class='ocr_line' id='line_1_93' title="bbox 405 4648 1976 4721; baseline -0.001 -19"><span class='ocrx_word' id='word_1_650' title='bbox 405 4649 745 4720; x_wconf 80' lang='grc' dir='ltr'>Ἡράκλειον,</span> <span class='ocrx_word' id='word_1_651' title='bbox 779 4649 908 4719; x_wconf 87' lang='grc' dir='ltr'>μίαν</span> <span class='ocrx_word' id='word_1_652' title='bbox 935 4666 994 4702; x_wconf 86' lang='grc' dir='ltr'><strong>τε</strong></span> <span class='ocrx_word' id='word_1_653' title='bbox 1031 4649 1262 4721; x_wconf 84' lang='grc' dir='ltr'>φυσικὴν</span> <span class='ocrx_word' id='word_1_654' title='bbox 1289 4649 1530 4719; x_wconf 80' lang='grc' dir='ltr'>θέλησιν,</span> <span class='ocrx_word' id='word_1_655' title='bbox 1565 4649 1661 4703; x_wconf 75' lang='grc' dir='ltr'><strong>καὶ</strong></span> <span class='ocrx_word' id='word_1_656' title='bbox 1695 4648 1976 4719; x_wconf 81' lang='grc' dir='ltr'>ἐνέργειαν</span> 
     </span>
    </p>
   </div>
   <div class='ocr_carea' id='block_1_94' title="bbox 395 4737 1974 4815">
    <p class='ocr_par' dir='ltr' id='par_1_94' title="bbox 395 4737 1974 4815">
     <span class='ocr_line' id='line_1_94' title="bbox 395 4737 1974 4815; baseline 0.001 -22"><span class='ocrx_word' id='word_1_657' title='bbox 395 4741 455 4795; x_wconf 75' lang='grc' dir='ltr'>ὲν</span> <span class='ocrx_word' id='word_1_658' title='bbox 481 4741 704 4813; x_wconf 78' lang='grc' dir='ltr'>Χριστῷ</span> <span class='ocrx_word' id='word_1_659' title='bbox 734 4742 1092 4815; x_wconf 85' lang='grc' dir='ltr'>ὁμολογήσας.</span> <span class='ocrx_word' id='word_1_660' title='bbox 1119 4742 1420 4813; x_wconf 75' lang='grc' dir='ltr'>Δεξάμενος</span> <span class='ocrx_word' id='word_1_661' title='bbox 1447 4737 1540 4796; x_wconf 79' lang='grc' dir='ltr'><strong>οὖν</strong></span> <span class='ocrx_word' id='word_1_662' title='bbox 1566 4741 1598 4794; x_wconf 77' lang='grc' dir='ltr'>’ό</span> <span class='ocrx_word' id='word_1_663' title='bbox 1623 4739 1877 4811; x_wconf 80' lang='grc' dir='ltr'>βασιλεὺς</span> <span class='ocrx_word' id='word_1_664' title='bbox 1914 4741 1974 4807; x_wconf 76' lang='grc' dir='ltr'>ἐξ</span> 
     </span>
    </p>
   </div>
   <div class='ocr_carea' id='block_1_95' title="bbox 397 4833 1977 4908">
    <p class='ocr_par' dir='ltr' id='par_1_95' title="bbox 397 4833 1977 4908">
     <span class='ocr_line' id='line_1_95' title="bbox 397 4833 1977 4908; baseline -0.002 -19"><span class='ocrx_word' id='word_1_665' title='bbox 397 4837 725 4907; x_wconf 61' lang='grc' dir='ltr'>ἀμφοτέρων</span> <span class='ocrx_word' id='word_1_666' title='bbox 757 4836 825 4890; x_wconf 84' lang='grc' dir='ltr'>τὰ</span> <span class='ocrx_word' id='word_1_667' title='bbox 851 4837 1154 4908; x_wconf 83' lang='grc' dir='ltr'>γράμματα</span> <span class='ocrx_word' id='word_1_668' title='bbox 1184 4836 1468 4906; x_wconf 70' lang='grc' dir='ltr'>ὲστοίχησε</span> <span class='ocrx_word' id='word_1_669' title='bbox 1503 4833 1705 4906; x_wconf 82' lang='grc' dir='ltr'>μᾶλλον</span> <span class='ocrx_word' id='word_1_670' title='bbox 1731 4837 1844 4898; x_wconf 87' lang='grc' dir='ltr'>τοῖς</span> <span class='ocrx_word' id='word_1_671' title='bbox 1873 4833 1977 4887; x_wconf 72' lang='grc' dir='ltr'>ὑπὸ</span> 
     </span>
    </p>
   </div>
   <div class='ocr_carea' id='block_1_96' title="bbox 396 4927 1979 5001">
    <p class='ocr_par' dir='ltr' id='par_1_96' title="bbox 396 4927 1979 5001">
     <span class='ocr_line' id='line_1_96' title="bbox 396 4927 1979 5001; baseline -0.003 -19"><span class='ocrx_word' id='word_1_672' title='bbox 396 4928 626 4999; x_wconf 85' lang='grc' dir='ltr'>Σεργίου</span> <span class='ocrx_word' id='word_1_673' title='bbox 677 4933 987 5001; x_wconf 79' lang='grc' dir='ltr'>γραφεῖσιν·</span> <span class='ocrx_word' id='word_1_674' title='bbox 1041 4929 1185 5000; x_wconf 75' lang='grc' dir='ltr'>ἅπερ</span> <span class='ocrx_word' id='word_1_675' title='bbox 1233 4930 1326 4982; x_wconf 77' lang='grc' dir='ltr'>καὶ</span> <span class='ocrx_word' id='word_1_676' title='bbox 1389 4929 1707 4991; x_wconf 84' lang='grc' dir='ltr'>Ἀθανάσιος</span> <span class='ocrx_word' id='word_1_677' title='bbox 1760 4927 1979 4990; x_wconf 84' lang='grc' dir='ltr'>ὑπτίαις</span> 
     </span>
    </p>
   </div>
   <div class='ocr_carea' id='block_1_97' title="bbox 399 5018 1978 5090">
    <p class='ocr_par' dir='ltr' id='par_1_97' title="bbox 399 5018 1978 5090">
     <span class='ocr_line' id='line_1_97' title="bbox 399 5018 1978 5090; baseline -0.003 -16"><span class='ocrx_word' id='word_1_678' title='bbox 399 5021 590 5090; x_wconf 77' lang='grc' dir='ltr'>χερσὶν</span> <span class='ocrx_word' id='word_1_679' title='bbox 637 5021 888 5090; x_wconf 86' lang='grc' dir='ltr'>ἀσμένως</span> <span class='ocrx_word' id='word_1_680' title='bbox 921 5021 1168 5086; x_wconf 76' lang='grc' dir='ltr'>ἐδέξατο,</span> <span class='ocrx_word' id='word_1_681' title='bbox 1203 5021 1280 5082; x_wconf 86' lang='grc' dir='ltr'>ὡς</span> <span class='ocrx_word' id='word_1_682' title='bbox 1323 5020 1631 5090; x_wconf 83' lang='grc' dir='ltr'>κακοῦργος</span> <span class='ocrx_word' id='word_1_683' title='bbox 1673 5018 1978 5090; x_wconf 83' lang='grc' dir='ltr'>γινώσκων,</span> 
     </span>
    </p>
   </div>
   <div class='ocr_carea' id='block_1_98' title="bbox 397 5111 1980 5184">
    <p class='ocr_par' dir='ltr' id='par_1_98' title="bbox 397 5111 1980 5184">
     <span class='ocr_line' id='line_1_98' title="bbox 397 5111 1980 5184; baseline -0.003 -18"><span class='ocrx_word' id='word_1_684' title='bbox 397 5112 482 5167; x_wconf 73' lang='grc' dir='ltr'>ὅτι</span> <span class='ocrx_word' id='word_1_685' title='bbox 510 5111 638 5166; x_wconf 78' lang='grc' dir='ltr'>ἔνθα</span> <span class='ocrx_word' id='word_1_686' title='bbox 669 5113 767 5182; x_wconf 89' lang='grc' dir='ltr'><strong>μία</strong></span> <span class='ocrx_word' id='word_1_687' title='bbox 803 5112 1054 5184; x_wconf 83' lang='grc' dir='ltr'>ἐνέργεια</span> <span class='ocrx_word' id='word_1_688' title='bbox 1086 5113 1320 5182; x_wconf 73' lang='grc' dir='ltr'>εἴρηται,</span> <span class='ocrx_word' id='word_1_689' title='bbox 1357 5114 1478 5165; x_wconf 73' lang='grc' dir='ltr'>ἐκεῖ</span> <span class='ocrx_word' id='word_1_690' title='bbox 1507 5113 1727 5174; x_wconf 86' lang='grc' dir='ltr'>πάντως</span> <span class='ocrx_word' id='word_1_691' title='bbox 1754 5112 1850 5165; x_wconf 79' lang='grc' dir='ltr'><strong>καὶ</strong></span> <span class='ocrx_word' id='word_1_692' title='bbox 1881 5111 1980 5181; x_wconf 88' lang='grc' dir='ltr'><strong>μία</strong></span> 
     </span>
    </p>
   </div>
   <div class='ocr_carea' id='block_1_99' title="bbox 400 5199 1982 5274">
    <p class='ocr_par' dir='ltr' id='par_1_99' title="bbox 400 5199 1982 5274">
     <span class='ocr_line' id='line_1_99' title="bbox 400 5199 1982 5274; baseline -0.001 -18"><span class='ocrx_word' id='word_1_693' title='bbox 400 5201 562 5272; x_wconf 81' lang='grc' dir='ltr'>φύσις</span> <span class='ocrx_word' id='word_1_694' title='bbox 585 5203 934 5274; x_wconf 78' lang='grc' dir='ltr'>γνωρίζεται.</span> <span class='ocrx_word' id='word_1_695' title='bbox 962 5201 1096 5258; x_wconf 85' lang='grc' dir='ltr'>Εἶτα</span> <span class='ocrx_word' id='word_1_696' title='bbox 1119 5203 1508 5258; x_wconf 81' lang='grc' dir='ltr'>ἀποστέλλεται</span> <span class='ocrx_word' id='word_1_697' title='bbox 1529 5206 1556 5257; x_wconf 93' lang='lat'><strong>6</strong></span> <span class='ocrx_word' id='word_1_698' title='bbox 1582 5203 1771 5266; x_wconf 85' lang='grc' dir='ltr'>πάπας</span> <span class='ocrx_word' id='word_1_699' title='bbox 1797 5199 1982 5274; x_wconf 80' lang='grc' dir='ltr'>Κῦρος</span> 
     </span>
    </p>
   </div>
   <div class='ocr_carea' id='block_1_100' title="bbox 401 5293 1983 5365">
    <p class='ocr_par' dir='ltr' id='par_1_100' title="bbox 401 5293 1983 5365">
     <span class='ocr_line' id='line_1_100' title="bbox 401 5293 1983 5365; baseline 0 -19"><span class='ocrx_word' id='word_1_700' title='bbox 401 5295 460 5346; x_wconf 73' lang='grc' dir='ltr'>ἑν</span> <span class='ocrx_word' id='word_1_701' title='bbox 529 5293 940 5365; x_wconf 71' lang='grc' dir='ltr'>Ἀλεξανδρείᾳ,</span> <span class='ocrx_word' id='word_1_702' title='bbox 992 5297 1139 5348; x_wconf 88' lang='grc' dir='ltr'>ποιεῖ</span> <span class='ocrx_word' id='word_1_703' title='bbox 1180 5295 1379 5358; x_wconf 84' lang='grc' dir='ltr'>καύτὸς</span> <span class='ocrx_word' id='word_1_704' title='bbox 1418 5296 1621 5365; x_wconf 86' lang='grc' dir='ltr'>ὁμοίως</span> <span class='ocrx_word' id='word_1_705' title='bbox 1677 5293 1840 5348; x_wconf 79' lang='grc' dir='ltr'>κάκεῖ</span> <span class='ocrx_word' id='word_1_706' title='bbox 1883 5294 1983 5364; x_wconf 83' lang='grc' dir='ltr'><strong>τὴν</strong></span> 
     </span>
    </p>
   </div>
   <div class='ocr_carea' id='block_1_101' title="bbox 403 5386 1985 5460">
    <p class='ocr_par' dir='ltr' id='par_1_101' title="bbox 403 5386 1985 5460">
     <span class='ocr_line' id='line_1_101' title="bbox 403 5386 1985 5460; baseline 0 -20"><span class='ocrx_word' id='word_1_707' title='bbox 403 5386 686 5458; x_wconf 78' lang='grc' dir='ltr'>ὐδροόαφῆ</span> <span class='ocrx_word' id='word_1_708' title='bbox 715 5387 931 5459; x_wconf 77' lang='grc' dir='ltr'>ἐκείνην</span> <span class='ocrx_word' id='word_1_709' title='bbox 951 5388 1039 5442; x_wconf 83' lang='grc' dir='ltr'>διὰ</span> <span class='ocrx_word' id='word_1_710' title='bbox 1083 5387 1362 5460; x_wconf 81' lang='grc' dir='ltr'>Θεοδώρου</span> <span class='ocrx_word' id='word_1_711' title='bbox 1395 5387 1490 5441; x_wconf 86' lang='grc' dir='ltr'>τοῦ</span> <span class='ocrx_word' id='word_1_712' title='bbox 1521 5387 1823 5458; x_wconf 81' lang='grc' dir='ltr'>Φαρανίτου</span> <span class='ocrx_word' id='word_1_713' title='bbox 1853 5386 1985 5440; x_wconf 72' lang='grc' dir='ltr'>ἕνω-</span> 
     </span>
    </p>
   </div>
   <div class='ocr_carea' id='block_1_102' title="bbox 401 5471 1984 5549">
    <p class='ocr_par' dir='ltr' id='par_1_102' title="bbox 401 5471 1984 5549">
     <span class='ocr_line' id='line_1_102' title="bbox 401 5471 1984 5549; baseline 0 -19"><span class='ocrx_word' id='word_1_714' title='bbox 401 5493 510 5542; x_wconf 87' lang='grc' dir='ltr'>σιν,</span> <span class='ocrx_word' id='word_1_715' title='bbox 547 5471 746 5547; x_wconf 81' lang='grc' dir='ltr'>μᾶλλον</span> <span class='ocrx_word' id='word_1_716' title='bbox 795 5479 852 5532; x_wconf 81' lang='grc' dir='ltr'>δὲ</span> <span class='ocrx_word' id='word_1_717' title='bbox 881 5479 1114 5533; x_wconf 84' lang='grc' dir='ltr'>κένωσιν</span> <span class='ocrx_word' id='word_1_718' title='bbox 1160 5479 1316 5549; x_wconf 64' lang='grc' dir='ltr'>μίανξ</span> <span class='ocrx_word' id='word_1_719' title='bbox 1365 5478 1560 5532; x_wconf 76' lang='grc' dir='ltr'>καύτοὶ</span> <span class='ocrx_word' id='word_1_720' title='bbox 1611 5477 1800 5530; x_wconf 83' lang='grc' dir='ltr'>αὐτόθι</span> <span class='ocrx_word' id='word_1_721' title='bbox 1846 5477 1984 5548; x_wconf 76' lang='grc' dir='ltr'>γρά-</span> 
     </span>
    </p>
   </div>
   <div class='ocr_carea' id='block_1_103' title="bbox 398 5569 1986 5642">
    <p class='ocr_par' dir='ltr' id='par_1_103' title="bbox 398 5569 1986 5642">
     <span class='ocr_line' id='line_1_103' title="bbox 398 5569 1986 5642; baseline -0.003 -16"><span class='ocrx_word' id='word_1_722' title='bbox 398 5571 606 5640; x_wconf 75' lang='grc' dir='ltr'>ψαντες</span> <span class='ocrx_word' id='word_1_723' title='bbox 651 5571 710 5623; x_wconf 82' lang='grc' dir='ltr'>ὲν</span> <span class='ocrx_word' id='word_1_724' title='bbox 758 5571 981 5642; x_wconf 75' lang='grc' dir='ltr'>Χριστῷ</span> <span class='ocrx_word' id='word_1_725' title='bbox 1013 5572 1253 5642; x_wconf 81' lang='grc' dir='ltr'>φυσικὴν</span> <span class='ocrx_word' id='word_1_726' title='bbox 1295 5573 1396 5642; x_wconf 82' lang='grc' dir='ltr'>τὴν</span> <span class='ocrx_word' id='word_1_727' title='bbox 1429 5571 1730 5642; x_wconf 82' lang='grc' dir='ltr'>ἐνέργειαν.</span> <span class='ocrx_word' id='word_1_728' title='bbox 1767 5569 1986 5622; x_wconf 87' lang='grc' dir='ltr'>Τούτων</span> 
     </span>
    </p>
   </div>
   <div class='ocr_carea' id='block_1_104' title="bbox 403 5659 1986 5732">
    <p class='ocr_par' dir='ltr' id='par_1_104' title="bbox 403 5659 1986 5732">
     <span class='ocr_line' id='line_1_104' title="bbox 403 5659 1986 5732; baseline -0.001 -21"><span class='ocrx_word' id='word_1_729' title='bbox 403 5661 470 5731; x_wconf 79' lang='grc' dir='ltr'>δὴ</span> <span class='ocrx_word' id='word_1_730' title='bbox 501 5660 692 5714; x_wconf 82' lang='grc' dir='ltr'>λοιπὸν</span> <span class='ocrx_word' id='word_1_731' title='bbox 731 5659 874 5716; x_wconf 72' lang='grc' dir='ltr'>οὕτω</span> <span class='ocrx_word' id='word_1_732' title='bbox 909 5663 1052 5716; x_wconf 86' lang='grc' dir='ltr'><strong>κατὰ</strong></span> <span class='ocrx_word' id='word_1_733' title='bbox 1093 5663 1202 5716; x_wconf 83' lang='grc' dir='ltr'><strong>τῶν</strong></span> <span class='ocrx_word' id='word_1_734' title='bbox 1248 5661 1566 5732; x_wconf 83' lang='grc' dir='ltr'>Ἀντιοχέων</span> <span class='ocrx_word' id='word_1_735' title='bbox 1601 5661 1695 5714; x_wconf 80' lang='grc' dir='ltr'><strong>καὶ</strong></span> <span class='ocrx_word' id='word_1_736' title='bbox 1735 5659 1986 5724; x_wconf 82' lang='grc' dir='ltr'>Ἀλεξαν-</span> 
     </span>
    </p>
   </div>
   <div class='ocr_carea' id='block_1_105' title="bbox 405 5751 2042 5825">
    <p class='ocr_par' dir='ltr' id='par_1_105' title="bbox 405 5751 2042 5825">
     <span class='ocr_line' id='line_1_105' title="bbox 405 5751 2042 5825; baseline -0.001 -20"><span class='ocrx_word' id='word_1_737' title='bbox 405 5753 582 5815; x_wconf 77' lang='grc' dir='ltr'>δρέων</span> <span class='ocrx_word' id='word_1_738' title='bbox 609 5754 1228 5825; x_wconf 83' lang='grc' dir='ltr'>παρακολουθησάντων,</span> <span class='ocrx_word' id='word_1_739' title='bbox 1266 5755 1346 5818; x_wconf 79' lang='grc' dir='ltr'>εἰς</span> <span class='ocrx_word' id='word_1_740' title='bbox 1389 5755 1532 5823; x_wconf 83' lang='grc' dir='ltr'>μέγα</span> <span class='ocrx_word' id='word_1_741' title='bbox 1559 5752 1761 5815; x_wconf 75' lang='grc' dir='ltr'>όνειδος</span> <span class='ocrx_word' id='word_1_742' title='bbox 1791 5753 1824 5822; x_wconf 85' lang='grc' dir='ltr'>ὴ</span> <span class='ocrx_word' id='word_1_743' title='bbox 1859 5751 1986 5804; x_wconf 79' lang='grc' dir='ltr'>σύν-·</span> <span class='ocrx_word' id='word_1_744' title='bbox 2035 5789 2042 5796; x_wconf 74' lang='grc'>.</span> 
     </span>
    </p>
   </div>
   <div class='ocr_carea' id='block_1_106' title="bbox 2081 4557 3652 4632">
    <p class='ocr_par' dir='ltr' id='par_1_106' title="bbox 2081 4557 3652 4632">
     <span class='ocr_line' id='line_1_106' title="bbox 2081 4557 3652 4632; baseline -0.004 -16"><span class='ocrx_word' id='word_1_745' title='bbox 2081 4563 2254 4632; x_wconf 88' lang='lat' dir='ltr'><strong>stirpe</strong></span> <span class='ocrx_word' id='word_1_746' title='bbox 2285 4561 2616 4623; x_wconf 85' lang='lat' dir='ltr'><strong>dimanabat,</strong></span> <span class='ocrx_word' id='word_1_747' title='bbox 2677 4559 2884 4612; x_wconf 88' lang='lat' dir='ltr'><strong>litteras</strong></span> <span class='ocrx_word' id='word_1_748' title='bbox 2928 4559 2994 4610; x_wconf 87' lang='lat' dir='ltr'><strong>ad</strong></span> <span class='ocrx_word' id='word_1_749' title='bbox 3048 4558 3355 4612; x_wconf 84' lang='lat' dir='ltr'><strong>Heracliqu</strong></span> <span class='ocrx_word' id='word_1_750' title='bbox 3400 4557 3546 4611; x_wconf 82' lang='lat' dir='ltr'><strong>dedit</strong></span> <span class='ocrx_word' id='word_1_751' title='bbox 3600 4557 3652 4610; x_wconf 91' lang='lat' dir='ltr'><strong>in</strong></span> 
     </span>
    </p>
   </div>
   <div class='ocr_carea' id='block_1_107' title="bbox 2082 4649 3655 4719">
    <p class='ocr_par' dir='ltr' id='par_1_107' title="bbox 2082 4649 3655 4719">
     <span class='ocr_line' id='line_1_107' title="bbox 2082 4649 3655 4719; baseline -0.005 -11"><span class='ocrx_word' id='word_1_752' title='bbox 2082 4655 2366 4719; x_wconf 82' lang='lat' dir='ltr'><strong>adversam</strong></span> <span class='ocrx_word' id='word_1_753' title='bbox 2401 4651 2636 4706; x_wconf 79' lang='lat' dir='ltr'><strong>Martino</strong></span> <span class='ocrx_word' id='word_1_754' title='bbox 2665 4650 2994 4704; x_wconf 85' lang='lat' dir='ltr'><strong>sententiam</strong></span> <span class='ocrx_word' id='word_1_755' title='bbox 3039 4651 3379 4718; x_wconf 86' lang='lat' dir='ltr'><strong>conscriptas</strong></span> <span class='ocrx_word' id='word_1_756' title='bbox 3401 4689 3415 4712; x_wconf 89' lang='lat'><strong>,</strong></span> <span class='ocrx_word' id='word_1_757' title='bbox 3459 4649 3655 4717; x_wconf 89' lang='lat' dir='ltr'><strong>quibus</strong></span> 
     </span>
    </p>
   </div>
   <div class='ocr_carea' id='block_1_108' title="bbox 2081 4740 3656 4810">
    <p class='ocr_par' dir='ltr' id='par_1_108' title="bbox 2081 4740 3656 4810">
     <span class='ocr_line' id='line_1_108' title="bbox 2081 4740 3656 4810; baseline -0.004 -10"><span class='ocrx_word' id='word_1_758' title='bbox 2081 4746 2294 4800; x_wconf 87' lang='lat' dir='ltr'><strong>unicam</strong></span> <span class='ocrx_word' id='word_1_759' title='bbox 2347 4743 2644 4798; x_wconf 85' lang='lat' dir='ltr'><strong>naturalem</strong></span> <span class='ocrx_word' id='word_1_760' title='bbox 2686 4742 3052 4806; x_wconf 79' lang='lat' dir='ltr'><strong>Voluntatem,</strong></span> <span class='ocrx_word' id='word_1_761' title='bbox 3087 4742 3570 4810; x_wconf 84' lang='lat' dir='ltr'><strong>Operatiouemque</strong></span> <span class='ocrx_word' id='word_1_762' title='bbox 3603 4740 3656 4793; x_wconf 95' lang='lat' dir='ltr'><strong>in</strong></span> 
     </span>
    </p>
   </div>
   <div class='ocr_carea' id='block_1_109' title="bbox 2081 4830 3658 4898">
    <p class='ocr_par' dir='ltr' id='par_1_109' title="bbox 2081 4830 3658 4898">
     <span class='ocr_line' id='line_1_109' title="bbox 2081 4830 3658 4898; baseline -0.005 -8"><span class='ocrx_word' id='word_1_763' title='bbox 2081 4835 2296 4890; x_wconf 89' lang='lat' dir='ltr'><strong>Christo</strong></span> <span class='ocrx_word' id='word_1_764' title='bbox 2325 4835 2701 4888; x_wconf 78' lang='lat' dir='ltr'><strong>confitebatur.</strong></span> <span class='ocrx_word' id='word_1_765' title='bbox 2754 4831 2974 4886; x_wconf 88' lang='lat' dir='ltr'><strong>Litteris</strong></span> <span class='ocrx_word' id='word_1_766' title='bbox 3021 4834 3072 4885; x_wconf 92' lang='lat' dir='ltr'><strong>in</strong></span> <span class='ocrx_word' id='word_1_767' title='bbox 3133 4833 3275 4884; x_wconf 86' lang='lat' dir='ltr'><strong>hunc</strong></span> <span class='ocrx_word' id='word_1_768' title='bbox 3306 4847 3464 4898; x_wconf 89' lang='lat' dir='ltr'><strong>quem</strong></span> <span class='ocrx_word' id='word_1_769' title='bbox 3516 4830 3658 4882; x_wconf 64' lang='lat' dir='ltr'><strong>dixi-</strong></span> 
     </span>
    </p>
   </div>
   <div class='ocr_carea' id='block_1_110' title="bbox 2083 4921 3655 4992">
    <p class='ocr_par' dir='ltr' id='par_1_110' title="bbox 2083 4921 3655 4992">
     <span class='ocr_line' id='line_1_110' title="bbox 2083 4921 3655 4992; baseline -0.005 -11"><span class='ocrx_word' id='word_1_770' title='bbox 2083 4943 2202 4982; x_wconf 88' lang='lat' dir='ltr'><strong>mus</strong></span> <span class='ocrx_word' id='word_1_771' title='bbox 2237 4927 2451 4980; x_wconf 89' lang='lat' dir='ltr'><strong>modum</strong></span> <span class='ocrx_word' id='word_1_772' title='bbox 2501 4925 2568 4979; x_wconf 88' lang='lat' dir='ltr'><strong>ab</strong></span> <span class='ocrx_word' id='word_1_773' title='bbox 2609 4933 2836 4988; x_wconf 78' lang='lat' dir='ltr'><strong>utroque</strong></span> <span class='ocrx_word' id='word_1_774' title='bbox 2868 4923 3104 4992; x_wconf 84' lang='lat' dir='ltr'><strong>acceptis</strong></span> <span class='ocrx_word' id='word_1_775' title='bbox 3157 4923 3473 4991; x_wconf 89' lang='lat' dir='ltr'><strong>imperator,</strong></span> <span class='ocrx_word' id='word_1_776' title='bbox 3527 4921 3655 4974; x_wconf 83' lang='lat' dir='ltr'><strong>Scr-</strong></span> 
     </span>
    </p>
   </div>
   <div class='ocr_carea' id='block_1_111' title="bbox 2082 5016 3656 5091">
    <p class='ocr_par' dir='ltr' id='par_1_111' title="bbox 2082 5016 3656 5091">
     <span class='ocr_line' id='line_1_111' title="bbox 2082 5016 3656 5091; baseline -0.004 -17"><span class='ocrx_word' id='word_1_777' title='bbox 2082 5023 2152 5091; x_wconf 88' lang='lat' dir='ltr'><strong>gii</strong></span> <span class='ocrx_word' id='word_1_778' title='bbox 2187 5021 2363 5089; x_wconf 87' lang='lat' dir='ltr'><strong>potius</strong></span> <span class='ocrx_word' id='word_1_779' title='bbox 2387 5019 2666 5074; x_wconf 75' lang='lat' dir='ltr'><strong>sententia:</strong></span> <span class='ocrx_word' id='word_1_780' title='bbox 2698 5021 2974 5072; x_wconf 73' lang='lat' dir='ltr'><strong>adhaerere</strong></span> <span class='ocrx_word' id='word_1_781' title='bbox 3004 5017 3308 5080; x_wconf 90' lang='lat' dir='ltr'><strong>constituit,</strong></span> <span class='ocrx_word' id='word_1_782' title='bbox 3345 5032 3506 5085; x_wconf 86' lang='lat' dir='ltr'><strong>quam</strong></span> <span class='ocrx_word' id='word_1_783' title='bbox 3539 5016 3656 5082; x_wconf 86' lang='lat' dir='ltr'><strong>epi-</strong></span> 
     </span>
    </p>
   </div>
   <div class='ocr_carea' id='block_1_112' title="bbox 2084 5105 3656 5180">
    <p class='ocr_par' dir='ltr' id='par_1_112' title="bbox 2084 5105 3656 5180">
     <span class='ocr_line' id='line_1_112' title="bbox 2084 5105 3656 5180; baseline -0.005 -14"><span class='ocrx_word' id='word_1_784' title='bbox 2084 5113 2218 5167; x_wconf 88' lang='lat' dir='ltr'><strong>stola</strong></span> <span class='ocrx_word' id='word_1_785' title='bbox 2242 5123 2614 5178; x_wconf 81' lang='lat' dir='ltr'><strong>expresserat.</strong></span> <span class='ocrx_word' id='word_1_786' title='bbox 2657 5125 2925 5180; x_wconf 86' lang='lat' dir='ltr'><strong>quantque</strong></span> <span class='ocrx_word' id='word_1_787' title='bbox 2951 5105 3506 5178; x_wconf 61' lang='lat' dir='ltr'><strong>Athanasitts&#39;gaudio</strong></span> <span class='ocrx_word' id='word_1_788' title='bbox 3541 5107 3656 5160; x_wconf 82' lang='lat' dir='ltr'><strong>ela-</strong></span> 
     </span>
    </p>
   </div>
   <div class='ocr_carea' id='block_1_113' title="bbox 2087 5201 3654 5272">
    <p class='ocr_par' dir='ltr' id='par_1_113' title="bbox 2087 5201 3654 5272">
     <span class='ocr_line' id='line_1_113' title="bbox 2087 5201 3654 5272; baseline -0.003 -16"><span class='ocrx_word' id='word_1_789' title='bbox 2087 5216 2172 5258; x_wconf 91' lang='lat' dir='ltr'><strong>tus</strong></span> <span class='ocrx_word' id='word_1_790' title='bbox 2200 5204 2464 5272; x_wconf 88' lang='lat' dir='ltr'><strong>resupinis</strong></span> <span class='ocrx_word' id='word_1_791' title='bbox 2485 5213 2774 5270; x_wconf 76' lang='lat' dir='ltr'><strong>exceperat</strong></span> <span class='ocrx_word' id='word_1_792' title='bbox 2806 5203 3056 5256; x_wconf 88' lang='lat' dir='ltr'><strong>manibus</strong></span> <span class='ocrx_word' id='word_1_793' title='bbox 3075 5245 3090 5268; x_wconf 94' lang='lat'><strong>,</strong></span> <span class='ocrx_word' id='word_1_794' title='bbox 3117 5202 3206 5270; x_wconf 90' lang='lat' dir='ltr'><strong>qtti</strong></span> <span class='ocrx_word' id='word_1_795' title='bbox 3240 5201 3448 5256; x_wconf 80' lang='lat' dir='ltr'><strong>scilicet</strong></span> <span class='ocrx_word' id='word_1_796' title='bbox 3494 5201 3654 5254; x_wconf 84' lang='lat' dir='ltr'><strong>calli-</strong></span> 
     </span>
    </p>
   </div>
   <div class='ocr_carea' id='block_1_114' title="bbox 2085 5287 3656 5358">
    <p class='ocr_par' dir='ltr' id='par_1_114' title="bbox 2085 5287 3656 5358">
     <span class='ocr_line' id='line_1_114' title="bbox 2085 5287 3656 5358; baseline -0.002 -13"><span class='ocrx_word' id='word_1_797' title='bbox 2085 5293 2184 5346; x_wconf 88' lang='lat' dir='ltr'><strong>dus</strong></span> <span class='ocrx_word' id='word_1_798' title='bbox 2239 5302 2416 5358; x_wconf 89' lang='lat' dir='ltr'><strong>norat,</strong></span> <span class='ocrx_word' id='word_1_799' title='bbox 2469 5290 2543 5345; x_wconf 88' lang='lat' dir='ltr'><strong>ibi</strong></span> <span class='ocrx_word' id='word_1_800' title='bbox 2599 5290 2818 5344; x_wconf 90' lang='lat' dir='ltr'><strong>omnino</strong></span> <span class='ocrx_word' id='word_1_801' title='bbox 2863 5292 3074 5344; x_wconf 88' lang='lat' dir='ltr'><strong>unicam</strong></span> <span class='ocrx_word' id='word_1_802' title='bbox 3115 5299 3361 5343; x_wconf 88' lang='lat' dir='ltr'><strong>naturam</strong></span> <span class='ocrx_word' id='word_1_803' title='bbox 3426 5287 3656 5356; x_wconf 78' lang='lat' dir='ltr'><strong>intelligi</strong></span> 
     </span>
    </p>
   </div>
   <div class='ocr_carea' id='block_1_115' title="bbox 2088 5382 3660 5454">
    <p class='ocr_par' dir='ltr' id='par_1_115' title="bbox 2088 5382 3660 5454">
     <span class='ocr_line' id='line_1_115' title="bbox 2088 5382 3660 5454; baseline -0.003 -16"><span class='ocrx_word' id='word_1_804' title='bbox 2088 5396 2357 5454; x_wconf 87' lang='lat' dir='ltr'><strong>oportere,</strong></span> <span class='ocrx_word' id='word_1_805' title='bbox 2387 5383 2476 5437; x_wconf 92' lang='lat' dir='ltr'><strong>ubi</strong></span> <span class='ocrx_word' id='word_1_806' title='bbox 2511 5383 2664 5436; x_wconf 88' lang='lat' dir='ltr'><strong>unica</strong></span> <span class='ocrx_word' id='word_1_807' title='bbox 2719 5397 2841 5437; x_wconf 86' lang='lat' dir='ltr'><strong>esse</strong></span> <span class='ocrx_word' id='word_1_808' title='bbox 2885 5385 3128 5452; x_wconf 87' lang='lat' dir='ltr'><strong>operatio</strong></span> <span class='ocrx_word' id='word_1_809' title='bbox 3153 5383 3447 5438; x_wconf 86' lang='lat' dir='ltr'><strong>diceretur.</strong></span> <span class='ocrx_word' id='word_1_810' title='bbox 3486 5382 3660 5452; x_wconf 85' lang='lat' dir='ltr'><strong>Cyrus</strong></span> 
     </span>
    </p>
   </div>
   <div class='ocr_carea' id='block_1_116' title="bbox 2089 5457 3662 5548">
    <p class='ocr_par' dir='ltr' id='par_1_116' title="bbox 2089 5457 3662 5548">
     <span class='ocr_line' id='line_1_116' title="bbox 2089 5457 3662 5548; baseline -0.005 -14"><span class='ocrx_word' id='word_1_811' title='bbox 2089 5457 2294 5534; x_wconf 49' lang='lat' dir='ltr'><strong>inte&#39;r‘ca</strong></span> <span class='ocrx_word' id='word_1_812' title='bbox 2323 5478 2565 5548; x_wconf 75' lang='lat' dir='ltr'><strong>pontifex</strong></span> <span class='ocrx_word' id='word_1_813' title='bbox 2592 5476 2975 5530; x_wconf 75' lang='lat' dir='ltr'><strong>Alexandriam</strong></span> <span class='ocrx_word' id='word_1_814' title='bbox 3019 5478 3284 5541; x_wconf 85' lang='lat' dir='ltr'><strong>mittitur,</strong></span> <span class='ocrx_word' id='word_1_815' title='bbox 3319 5491 3426 5546; x_wconf 88' lang='lat' dir='ltr'><strong>quo</strong></span> <span class='ocrx_word' id='word_1_816' title='bbox 3463 5475 3566 5528; x_wconf 84' lang='lat' dir='ltr'><strong>luci</strong></span> <span class='ocrx_word' id='word_1_817' title='bbox 3608 5488 3662 5527; x_wconf 75' lang='lat' dir='ltr'><strong>et</strong></span> 
     </span>
    </p>
   </div>
   <div class='ocr_carea' id='block_1_117' title="bbox 2093 5565 3657 5642">
    <p class='ocr_par' dir='ltr' id='par_1_117' title="bbox 2093 5565 3657 5642">
     <span class='ocr_line' id='line_1_117' title="bbox 2093 5565 3657 5642; baseline -0.006 -18"><span class='ocrx_word' id='word_1_818' title='bbox 2093 5572 2206 5642; x_wconf 88' lang='lat' dir='ltr'><strong>ipse</strong></span> <span class='ocrx_word' id='word_1_819' title='bbox 2235 5569 2486 5624; x_wconf 85' lang='lat' dir='ltr'><strong>similiter</strong></span> <span class='ocrx_word' id='word_1_820' title='bbox 2506 5584 2600 5639; x_wconf 91' lang='lat' dir='ltr'><strong>per</strong></span> <span class='ocrx_word' id='word_1_821' title='bbox 2633 5567 2972 5622; x_wconf 78' lang='lat' dir='ltr'><strong>Theodorum</strong></span> <span class='ocrx_word' id='word_1_822' title='bbox 3006 5567 3350 5622; x_wconf 84' lang='lat' dir='ltr'><strong>Pharanitem</strong></span> <span class='ocrx_word' id='word_1_823' title='bbox 3387 5581 3448 5618; x_wconf 86' lang='lat' dir='ltr'><strong>eo</strong></span> <span class='ocrx_word' id='word_1_824' title='bbox 3479 5565 3657 5618; x_wconf 68' lang='lat' dir='ltr'><strong>unita~</strong></span> 
     </span>
    </p>
   </div>
   <div class='ocr_carea' id='block_1_118' title="bbox 2091 5655 3660 5730">
    <p class='ocr_par' dir='ltr' id='par_1_118' title="bbox 2091 5655 3660 5730">
     <span class='ocr_line' id='line_1_118' title="bbox 2091 5655 3660 5730; baseline -0.006 -15"><span class='ocrx_word' id='word_1_825' title='bbox 2091 5661 2182 5726; x_wconf 88' lang='lat' dir='ltr'><strong>tis,</strong></span> <span class='ocrx_word' id='word_1_826' title='bbox 2207 5659 2318 5714; x_wconf 76' lang='lat' dir='ltr'><strong>sive</strong></span> <span class='ocrx_word' id='word_1_827' title='bbox 2340 5659 2521 5730; x_wconf 85' lang='lat' dir='ltr'><strong>potius</strong></span> <span class='ocrx_word' id='word_1_828' title='bbox 2558 5657 2836 5711; x_wconf 85' lang='lat' dir='ltr'><strong>inanitatis</strong></span> <span class='ocrx_word' id='word_1_829' title='bbox 2869 5657 3122 5728; x_wconf 81' lang='lat' dir='ltr'><strong>dogmate</strong></span> <span class='ocrx_word' id='word_1_830' title='bbox 3170 5655 3444 5721; x_wconf 80' lang='lat' dir='ltr'><strong>inficitur;</strong></span> <span class='ocrx_word' id='word_1_831' title='bbox 3490 5668 3660 5721; x_wconf 83' lang='lat' dir='ltr'><strong>quare</strong></span> 
     </span>
    </p>
   </div>
   <div class='ocr_carea' id='block_1_119' title="bbox 2094 5743 3662 5820">
    <p class='ocr_par' dir='ltr' id='par_1_119' title="bbox 2094 5743 3662 5820">
     <span class='ocr_line' id='line_1_119' title="bbox 2094 5743 3662 5820; baseline -0.006 -16"><span class='ocrx_word' id='word_1_832' title='bbox 2094 5752 2306 5820; x_wconf 83' lang='lat' dir='ltr'><strong>utrique</strong></span> <span class='ocrx_word' id='word_1_833' title='bbox 2358 5749 2570 5804; x_wconf 87' lang='lat' dir='ltr'><strong>unicam</strong></span> <span class='ocrx_word' id='word_1_834' title='bbox 2614 5749 2751 5802; x_wconf 90' lang='lat' dir='ltr'><strong>hanc</strong></span> <span class='ocrx_word' id='word_1_835' title='bbox 2815 5748 3115 5801; x_wconf 69' lang='lat' dir='ltr'><strong>naturalrn‘t</strong></span> <span class='ocrx_word' id='word_1_836' title='bbox 3179 5747 3546 5815; x_wconf 71' lang='lat' dir='ltr'><strong>Operaticttem</strong></span> <span class='ocrx_word' id='word_1_837' title='bbox 3607 5743 3662 5796; x_wconf 85' lang='lat' dir='ltr'><strong>iu</strong></span> 
     </span>
    </p>
   </div>
  </div>
