  <div class='ocr_page' id='page_1' title='image "/cluster/home/n/w/nwhite01/storage/ocr_20150623/89/coo.31924054869932/591.png"; bbox 0 0 4064 6464; ppageno 0'>
   <div class='ocr_carea' id='block_1_1' title="bbox 483 384 3742 464">
    <p class='ocr_par' dir='ltr' id='par_1_1' title="bbox 483 384 3742 464">
     <span class='ocr_line' id='line_1_1' title="bbox 483 384 3742 464; baseline -0.004 -2"><span class='ocrx_word' id='word_1_1' title='bbox 483 398 617 464; x_wconf 76' lang='grc'><strong>1155</strong></span> <span class='ocrx_word' id='word_1_2' title='bbox 1679 395 1740 454; x_wconf 85' lang='lat' dir='ltr'><strong>S.</strong></span> <span class='ocrx_word' id='word_1_3' title='bbox 1780 391 2181 453; x_wconf 78' lang='lat' dir='ltr'><strong>ANASTASII</strong></span> <span class='ocrx_word' id='word_1_4' title='bbox 2224 385 2579 451; x_wconf 64' lang='lat' dir='ltr'><strong>SINAITE‘</strong></span> <span class='ocrx_word' id='word_1_5' title='bbox 3616 384 3742 451; x_wconf 67' lang='lat' dir='ltr'><strong>lli-.6</strong></span> 
     </span>
    </p>
   </div>
   <div class='ocr_carea' id='block_1_2' title="bbox 478 492 2069 576">
    <p class='ocr_par' dir='ltr' id='par_1_2' title="bbox 478 502 2051 576">
     <span class='ocr_line' id='line_1_2' title="bbox 478 502 2051 576; baseline -0.008 -10"><span class='ocrx_word' id='word_1_6' title='bbox 478 512 697 566; x_wconf 77' lang='lat' dir='ltr'><strong>Christo</strong></span> <span class='ocrx_word' id='word_1_7' title='bbox 723 504 941 576; x_wconf 78' lang='lat' dir='ltr'><strong>scriptis</strong></span> <span class='ocrx_word' id='word_1_8' title='bbox 969 512 1331 575; x_wconf 73' lang='lat' dir='ltr'><strong>propugnant.</strong></span> <span class='ocrx_word' id='word_1_9' title='bbox 1366 502 1463 558; x_wconf 81' lang='lat' dir='ltr'><strong>His</strong></span> <span class='ocrx_word' id='word_1_10' title='bbox 1492 502 1655 572; x_wconf 79' lang='lat' dir='ltr'><strong>igitur</strong></span> <span class='ocrx_word' id='word_1_11' title='bbox 1685 502 1735 553; x_wconf 90' lang='lat' dir='ltr'><strong>in</strong></span> <span class='ocrx_word' id='word_1_12' title='bbox 1772 502 1871 553; x_wconf 87' lang='lat' dir='ltr'><strong>hac</strong></span> <span class='ocrx_word' id='word_1_13' title='bbox 1902 508 2051 568; x_wconf 86' lang='lat' dir='ltr'><strong>post-</strong></span> 
     </span>
    </p>
   </div>
   <div class='ocr_carea' id='block_1_3' title="bbox 2175 492 3737 576">
    <p class='ocr_par' dir='ltr' id='par_1_3' title="bbox 2175 492 3737 566">
     <span class='ocr_line' id='line_1_3' title="bbox 2175 492 3737 566; baseline 0 -15"><span class='ocrx_word' id='word_1_14' title='bbox 2175 498 2272 562; x_wconf 72' lang='grc' dir='ltr'>ιδος</span> <span class='ocrx_word' id='word_1_15' title='bbox 2315 496 2660 563; x_wconf 75' lang='grc' dir='ltr'><strong>Χαλκηδόνος</strong></span> <span class='ocrx_word' id='word_1_16' title='bbox 2699 493 2793 547; x_wconf 73' lang='grc' dir='ltr'><strong>καὶ</strong></span> <span class='ocrx_word' id='word_1_17' title='bbox 2848 492 3181 566; x_wconf 79' lang='grc' dir='ltr'>ήκαθολικὴ</span> <span class='ocrx_word' id='word_1_18' title='bbox 3227 493 3566 565; x_wconf 78' lang='grc' dir='ltr'><strong>περιέπεσεν</strong></span> <span class='ocrx_word' id='word_1_19' title='bbox 3627 498 3737 551; x_wconf 71' lang='grc' dir='ltr'><strong>Ἐκ·</strong></span> 
     </span>
    </p>
   </div>
   <div class='ocr_carea' id='block_1_4' title="bbox 479 583 2069 672">
    <p class='ocr_par' dir='ltr' id='par_1_4' title="bbox 479 591 2049 672">
     <span class='ocr_line' id='line_1_4' title="bbox 479 591 2049 672; baseline -0.008 -14"><span class='ocrx_word' id='word_1_20' title='bbox 479 619 541 659; x_wconf 82' lang='lat' dir='ltr'><strong>ea</strong></span> <span class='ocrx_word' id='word_1_21' title='bbox 578 601 1023 672; x_wconf 85' lang='lat' dir='ltr'><strong>permanentihus</strong></span> <span class='ocrx_word' id='word_1_22' title='bbox 1053 598 1324 652; x_wconf 75' lang='lat' dir='ltr'><strong>sententia</strong></span> <span class='ocrx_word' id='word_1_23' title='bbox 1355 597 1614 650; x_wconf 82' lang='lat' dir='ltr'><strong>adversus</strong></span> <span class='ocrx_word' id='word_1_24' title='bbox 1655 591 2049 657; x_wconf 83' lang='lat' dir='ltr'><strong>Antiochenos,</strong></span> 
     </span>
    </p>
   </div>
   <div class='ocr_carea' id='block_1_5' title="bbox 2175 583 3746 672">
    <p class='ocr_par' dir='ltr' id='par_1_5' title="bbox 2175 583 3746 660">
     <span class='ocr_line' id='line_1_5' title="bbox 2175 583 3746 660; baseline -0.001 -18"><span class='ocrx_word' id='word_1_25' title='bbox 2175 588 2372 660; x_wconf 80' lang='grc' dir='ltr'>ιλησία.</span> <span class='ocrx_word' id='word_1_26' title='bbox 2406 583 2843 659; x_wconf 78' lang='grc' dir='ltr'>Κατεκαυχῶντο</span> <span class='ocrx_word' id='word_1_27' title='bbox 2860 586 2970 656; x_wconf 79' lang='grc' dir='ltr'><strong>γὰρ</strong></span> <span class='ocrx_word' id='word_1_28' title='bbox 2999 586 3048 639; x_wconf 79' lang='lat' dir='ltr'><strong>oi</strong></span> <span class='ocrx_word' id='word_1_29' title='bbox 3079 586 3147 640; x_wconf 73' lang='grc' dir='ltr'>τὰ</span> <span class='ocrx_word' id='word_1_30' title='bbox 3195 587 3463 641; x_wconf 71' lang='grc' dir='ltr'>Ἰακώϐου</span> <span class='ocrx_word' id='word_1_31' title='bbox 3494 590 3553 641; x_wconf 87' lang='grc' dir='ltr'><strong>ὲν</strong></span> <span class='ocrx_word' id='word_1_32' title='bbox 3581 587 3746 660; x_wconf 76' lang='grc' dir='ltr'>Συρίᾳ</span> 
     </span>
    </p>
   </div>
   <div class='ocr_carea' id='block_1_6' title="bbox 485 678 2069 763">
    <p class='ocr_par' dir='ltr' id='par_1_6' title="bbox 485 682 2056 763">
     <span class='ocr_line' id='line_1_6' title="bbox 485 682 2056 763; baseline -0.007 -16"><span class='ocrx_word' id='word_1_33' title='bbox 485 704 643 763; x_wconf 85' lang='lat' dir='ltr'><strong>atque</strong></span> <span class='ocrx_word' id='word_1_34' title='bbox 686 691 1112 750; x_wconf 77' lang='lat' dir='ltr'><strong>Alexandrinus,</strong></span> <span class='ocrx_word' id='word_1_35' title='bbox 1152 690 1204 741; x_wconf 92' lang='lat' dir='ltr'><strong>iu</strong></span> <span class='ocrx_word' id='word_1_36' title='bbox 1243 700 1490 756; x_wconf 79' lang='lat' dir='ltr'><strong>magnam</strong></span> <span class='ocrx_word' id='word_1_37' title='bbox 1528 683 1717 737; x_wconf 81' lang='lat' dir='ltr'><strong>incidit</strong></span> <span class='ocrx_word' id='word_1_38' title='bbox 1759 682 2056 736; x_wconf 84' lang='lat' dir='ltr'><strong>Chalcedo-</strong></span> 
     </span>
    </p>
   </div>
   <div class='ocr_carea' id='block_1_7' title="bbox 2175 678 3748 763">
    <p class='ocr_par' dir='ltr' id='par_1_7' title="bbox 2175 678 3748 753">
     <span class='ocr_line' id='line_1_7' title="bbox 2175 678 3748 753; baseline -0.001 -20"><span class='ocrx_word' id='word_1_39' title='bbox 2175 680 2521 750; x_wconf 68' lang='grc' dir='ltr'>ρρονοῦντες,</span> <span class='ocrx_word' id='word_1_40' title='bbox 2571 680 2664 733; x_wconf 83' lang='grc' dir='ltr'>καὶ</span> <span class='ocrx_word' id='word_1_41' title='bbox 2715 680 2765 733; x_wconf 86' lang='grc' dir='ltr'>οἱ</span> <span class='ocrx_word' id='word_1_42' title='bbox 2812 679 2880 733; x_wconf 64' lang='grc' dir='ltr'>τὰ</span> <span class='ocrx_word' id='word_1_43' title='bbox 2923 678 3208 732; x_wconf 75' lang='grc' dir='ltr'>Θεοδοσίου</span> <span class='ocrx_word' id='word_1_44' title='bbox 3256 681 3315 732; x_wconf 80' lang='grc' dir='ltr'>ἐν</span> <span class='ocrx_word' id='word_1_45' title='bbox 3364 678 3748 753; x_wconf 69' lang='grc' dir='ltr'><strong>Ἀλεξανδρείᾳ</strong></span> 
     </span>
    </p>
   </div>
   <div class='ocr_carea' id='block_1_8' title="bbox 486 769 2069 855">
    <p class='ocr_par' dir='ltr' id='par_1_8' title="bbox 486 774 2060 855">
     <span class='ocr_line' id='line_1_8' title="bbox 486 774 2060 855; baseline -0.009 -15"><span class='ocrx_word' id='word_1_46' title='bbox 486 786 674 840; x_wconf 58' lang='lat' dir='ltr'><strong>nens-is</strong></span> <span class='ocrx_word' id='word_1_47' title='bbox 717 784 1064 855; x_wconf 76' lang='lat' dir='ltr'><strong>synodtts,el</strong></span> <span class='ocrx_word' id='word_1_48' title='bbox 1112 779 1393 833; x_wconf 83' lang='lat' dir='ltr'><strong>Catholica</strong></span> <span class='ocrx_word' id='word_1_49' title='bbox 1436 776 1672 831; x_wconf 77' lang='lat' dir='ltr'><strong>Ecclesia</strong></span> <span class='ocrx_word' id='word_1_50' title='bbox 1711 774 2060 843; x_wconf 81' lang='lat' dir='ltr'><strong>vituperatio-</strong></span> 
     </span>
    </p>
   </div>
   <div class='ocr_carea' id='block_1_9' title="bbox 2175 769 3749 855">
    <p class='ocr_par' dir='ltr' id='par_1_9' title="bbox 2175 769 3749 842">
     <span class='ocr_line' id='line_1_9' title="bbox 2175 769 3749 842; baseline -0.001 -17"><span class='ocrx_word' id='word_1_51' title='bbox 2175 772 2477 839; x_wconf 68' lang='grc' dir='ltr'>ρὰσκοντες,</span> <span class='ocrx_word' id='word_1_52' title='bbox 2506 772 2588 824; x_wconf 73' lang='grc' dir='ltr'><strong>ὅτι</strong></span> <span class='ocrx_word' id='word_1_53' title='bbox 2619 771 2729 842; x_wconf 79' lang='grc' dir='ltr'><strong>Οὐχ</strong></span> <span class='ocrx_word' id='word_1_54' title='bbox 2759 772 2922 841; x_wconf 79' lang='grc' dir='ltr'>ἡμεῖς</span> <span class='ocrx_word' id='word_1_55' title='bbox 2955 772 3021 840; x_wconf 83' lang='grc' dir='ltr'>τῇ</span> <span class='ocrx_word' id='word_1_56' title='bbox 3051 769 3383 840; x_wconf 78' lang='grc' dir='ltr'><strong>Χαλκηδόνι,</strong></span> <span class='ocrx_word' id='word_1_57' title='bbox 3411 769 3529 823; x_wconf 79' lang='grc' dir='ltr'>ἀλλ’</span> <span class='ocrx_word' id='word_1_58' title='bbox 3551 772 3586 840; x_wconf 75' lang='grc' dir='ltr'>ἡ</span> <span class='ocrx_word' id='word_1_59' title='bbox 3611 770 3749 824; x_wconf 84' lang='grc' dir='ltr'>Χαλ-</span> 
     </span>
    </p>
   </div>
   <div class='ocr_carea' id='block_1_10' title="bbox 489 864 2069 940">
    <p class='ocr_par' dir='ltr' id='par_1_10' title="bbox 489 865 2062 940">
     <span class='ocr_line' id='line_1_10' title="bbox 489 865 2062 940; baseline -0.008 -11"><span class='ocrx_word' id='word_1_60' title='bbox 489 893 630 929; x_wconf 82' lang='lat' dir='ltr'><strong>nem.</strong></span> <span class='ocrx_word' id='word_1_61' title='bbox 664 874 845 927; x_wconf 82' lang='lat' dir='ltr'><strong>Jacobi</strong></span> <span class='ocrx_word' id='word_1_62' title='bbox 892 888 1124 940; x_wconf 82' lang='lat' dir='ltr'><strong>namque</strong></span> <span class='ocrx_word' id='word_1_63' title='bbox 1153 879 1452 925; x_wconf 74' lang='lat' dir='ltr'><strong>sectatores</strong></span> <span class='ocrx_word' id='word_1_64' title='bbox 1509 869 1561 921; x_wconf 89' lang='lat' dir='ltr'><strong>in</strong></span> <span class='ocrx_word' id='word_1_65' title='bbox 1614 866 1791 936; x_wconf 81' lang='lat' dir='ltr'><strong>Syria,</strong></span> <span class='ocrx_word' id='word_1_66' title='bbox 1826 865 2062 919; x_wconf 82' lang='lat' dir='ltr'><strong>Alexan-</strong></span> 
     </span>
    </p>
   </div>
   <div class='ocr_carea' id='block_1_11' title="bbox 2175 864 3747 940">
    <p class='ocr_par' dir='ltr' id='par_1_11' title="bbox 2175 864 3747 938">
     <span class='ocr_line' id='line_1_11' title="bbox 2175 864 3747 938; baseline -0.001 -19"><span class='ocrx_word' id='word_1_67' title='bbox 2175 866 2338 935; x_wconf 76' lang='grc' dir='ltr'>ιηδὼν</span> <span class='ocrx_word' id='word_1_68' title='bbox 2377 866 2580 936; x_wconf 79' lang='grc' dir='ltr'>μᾶλλον</span> <span class='ocrx_word' id='word_1_69' title='bbox 2623 867 2756 936; x_wconf 79' lang='grc' dir='ltr'>ἡμῖν</span> <span class='ocrx_word' id='word_1_70' title='bbox 2787 866 3144 937; x_wconf 81' lang='grc' dir='ltr'>ἐκοινώνησε,</span> <span class='ocrx_word' id='word_1_71' title='bbox 3171 864 3260 918; x_wconf 69' lang='grc' dir='ltr'>διὰ</span> <span class='ocrx_word' id='word_1_72' title='bbox 3297 865 3400 935; x_wconf 79' lang='grc' dir='ltr'>τῆς</span> <span class='ocrx_word' id='word_1_73' title='bbox 3431 868 3564 937; x_wconf 79' lang='grc' dir='ltr'>μιᾶς</span> <span class='ocrx_word' id='word_1_74' title='bbox 3593 868 3747 938; x_wconf 79' lang='grc' dir='ltr'>ένερο</span> 
     </span>
    </p>
   </div>
   <div class='ocr_carea' id='block_1_12' title="bbox 489 955 2069 1034">
    <p class='ocr_par' dir='ltr' id='par_1_12' title="bbox 489 955 2061 1034">
     <span class='ocr_line' id='line_1_12' title="bbox 489 955 2061 1034; baseline 0.013 -15"><span class='ocrx_word' id='word_1_75' title='bbox 489 966 1034 1034; x_wconf 69' lang='grc' dir='ltr'>ιΙι-Ῐιιξιῖιιρτιιροιίοδίἰ</span> <span class='ocrx_word' id='word_1_76' title='bbox 1069 963 1314 1030; x_wconf 71' lang='lat' dir='ltr'><strong>discilm&#39;i</strong></span> <span class='ocrx_word' id='word_1_77' title='bbox 1363 963 1414 1015; x_wconf 73' lang='grc' dir='ltr'><strong>Ῐη</strong></span> <span class='ocrx_word' id='word_1_78' title='bbox 1461 961 1630 1028; x_wconf 66' lang='grc' dir='ltr'><strong>Ῐρδίυε</strong></span> <span class='ocrx_word' id='word_1_79' title='bbox 1661 959 1899 1012; x_wconf 61' lang='lat' dir='ltr'><strong>dedecus</strong></span> <span class='ocrx_word' id='word_1_80' title='bbox 1947 955 2061 1026; x_wconf 56' lang='lat' dir='ltr'><strong>glo-</strong></span> 
     </span>
    </p>
   </div>
   <div class='ocr_carea' id='block_1_13' title="bbox 2175 955 3373 1034">
    <p class='ocr_par' dir='ltr' id='par_1_13' title="bbox 2175 956 3373 1030">
     <span class='ocr_line' id='line_1_13' title="bbox 2175 956 3373 1030; baseline 0.003 -20"><span class='ocrx_word' id='word_1_81' title='bbox 2175 958 2309 1026; x_wconf 59' lang='grc' dir='ltr'>τείας</span> <span class='ocrx_word' id='word_1_82' title='bbox 2345 956 2475 1029; x_wconf 88' lang='grc' dir='ltr'>μίαν</span> <span class='ocrx_word' id='word_1_83' title='bbox 2504 958 2888 1029; x_wconf 79' lang='grc' dir='ltr'>ὁμολογήσασα</span> <span class='ocrx_word' id='word_1_84' title='bbox 2918 959 3079 1027; x_wconf 79' lang='grc' dir='ltr'>φύσιν</span> <span class='ocrx_word' id='word_1_85' title='bbox 3110 958 3373 1030; x_wconf 83' lang='grc' dir='ltr'>Χριστοῦ.</span> 
     </span>
    </p>
   </div>
   <div class='ocr_carea' id='block_1_14' title="bbox 491 1052 3751 1123">
    <p class='ocr_par' dir='ltr' id='par_1_14' title="bbox 491 1052 3751 1123">
     <span class='ocr_line' id='line_1_14' title="bbox 491 1052 3751 1123; baseline -0.002 -10"><span class='ocrx_word' id='word_1_86' title='bbox 491 1061 1020 1114; x_wconf 77' lang='lat' dir='ltr'><strong>t&#39;iabanluraietttcs.</strong></span> <span class='ocrx_word' id='word_1_87' title='bbox 1055 1060 1167 1111; x_wconf 67' lang='lat' dir='ltr'><strong>Non</strong></span> <span class='ocrx_word' id='word_1_88' title='bbox 1200 1072 1296 1111; x_wconf 90' lang='lat' dir='ltr'><strong>nos</strong></span> <span class='ocrx_word' id='word_1_89' title='bbox 1346 1055 1704 1120; x_wconf 82' lang='lat' dir='ltr'><strong>Chalcedoni,</strong></span> <span class='ocrx_word' id='word_1_90' title='bbox 1767 1054 1859 1106; x_wconf 77' lang='lat' dir='ltr'><strong>sed</strong></span> <span class='ocrx_word' id='word_1_91' title='bbox 1926 1052 2327 1109; x_wconf 88' lang='lat' dir='ltr'><strong>Chalcedonem</strong></span> <span class='ocrx_word' id='word_1_92' title='bbox 2383 1056 2562 1122; x_wconf 85' lang='lat' dir='ltr'><strong>potius</strong></span> <span class='ocrx_word' id='word_1_93' title='bbox 2604 1055 2882 1109; x_wconf 85' lang='lat' dir='ltr'><strong>nobiscum</strong></span> <span class='ocrx_word' id='word_1_94' title='bbox 2942 1054 3297 1121; x_wconf 78' lang='lat' dir='ltr'><strong>convenisse,</strong></span> <span class='ocrx_word' id='word_1_95' title='bbox 3353 1068 3475 1123; x_wconf 80' lang='lat' dir='ltr'><strong>qua:</strong></span> <span class='ocrx_word' id='word_1_96' title='bbox 3504 1055 3751 1110; x_wconf 66' lang='lat' dir='ltr'><strong>videlicet</strong></span> 
     </span>
    </p>
   </div>
   <div class='ocr_carea' id='block_1_15' title="bbox 488 1145 2662 1216">
    <p class='ocr_par' dir='ltr' id='par_1_15' title="bbox 488 1145 2662 1216">
     <span class='ocr_line' id='line_1_15' title="bbox 488 1145 2662 1216; baseline -0.005 -8"><span class='ocrx_word' id='word_1_97' title='bbox 488 1154 558 1208; x_wconf 86' lang='lat' dir='ltr'><strong>ob</strong></span> <span class='ocrx_word' id='word_1_98' title='bbox 590 1154 799 1204; x_wconf 86' lang='lat' dir='ltr'><strong>unicam</strong></span> <span class='ocrx_word' id='word_1_99' title='bbox 832 1151 1031 1203; x_wconf 76' lang='lat' dir='ltr'><strong>Christi</strong></span> <span class='ocrx_word' id='word_1_100' title='bbox 1064 1150 1430 1216; x_wconf 83' lang='lat' dir='ltr'><strong>operationem</strong></span> <span class='ocrx_word' id='word_1_101' title='bbox 1459 1147 1674 1201; x_wconf 86' lang='lat' dir='ltr'><strong>unicam</strong></span> <span class='ocrx_word' id='word_1_102' title='bbox 1708 1158 1923 1216; x_wconf 88' lang='lat' dir='ltr'><strong>quoque</strong></span> <span class='ocrx_word' id='word_1_103' title='bbox 1955 1157 2201 1200; x_wconf 86' lang='lat' dir='ltr'><strong>naturam</strong></span> <span class='ocrx_word' id='word_1_104' title='bbox 2237 1145 2353 1212; x_wconf 89' lang='lat' dir='ltr'><strong>ejus</strong></span> <span class='ocrx_word' id='word_1_105' title='bbox 2405 1145 2662 1201; x_wconf 86' lang='lat' dir='ltr'><strong>fateatur.</strong></span> 
     </span>
    </p>
   </div>
   <div class='ocr_carea' id='block_1_16' title="bbox 562 1240 2060 1307">
    <p class='ocr_par' dir='ltr' id='par_1_16' title="bbox 562 1240 2060 1307">
     <span class='ocr_line' id='line_1_16' title="bbox 562 1240 2060 1307; baseline -0.003 -12"><span class='ocrx_word' id='word_1_106' title='bbox 562 1243 656 1295; x_wconf 74' lang='lat' dir='ltr'><strong>llis</strong></span> <span class='ocrx_word' id='word_1_107' title='bbox 673 1244 816 1294; x_wconf 83' lang='lat' dir='ltr'><strong>aulil</strong></span> <span class='ocrx_word' id='word_1_108' title='bbox 831 1242 873 1294; x_wconf 90' lang='lat' dir='ltr'><strong>is</strong></span> <span class='ocrx_word' id='word_1_109' title='bbox 894 1240 1172 1293; x_wconf 83' lang='lat' dir='ltr'><strong>lleraclius</strong></span> <span class='ocrx_word' id='word_1_110' title='bbox 1187 1240 1432 1300; x_wconf 87' lang='lat' dir='ltr'><strong>erubuit;</strong></span> <span class='ocrx_word' id='word_1_111' title='bbox 1448 1247 1707 1293; x_wconf 73' lang='lat' dir='ltr'><strong>czeterum</strong></span> <span class='ocrx_word' id='word_1_112' title='bbox 1747 1251 2060 1307; x_wconf 81' lang='lat' dir='ltr'><strong>quanquam</strong></span> 
     </span>
    </p>
   </div>
   <div class='ocr_carea' id='block_1_17' title="bbox 493 1329 2063 1402">
    <p class='ocr_par' dir='ltr' id='par_1_17' title="bbox 493 1329 2063 1402">
     <span class='ocr_line' id='line_1_17' title="bbox 493 1329 2063 1402; baseline -0.001 -18"><span class='ocrx_word' id='word_1_113' title='bbox 493 1349 610 1402; x_wconf 70' lang='lat' dir='ltr'><strong>qua!</strong></span> <span class='ocrx_word' id='word_1_114' title='bbox 636 1329 819 1385; x_wconf 77' lang='lat' dir='ltr'><strong>animo</strong></span> <span class='ocrx_word' id='word_1_115' title='bbox 853 1339 1206 1401; x_wconf 81' lang='lat' dir='ltr'><strong>proposuerat</strong></span> <span class='ocrx_word' id='word_1_116' title='bbox 1234 1332 1522 1400; x_wconf 87' lang='lat' dir='ltr'><strong>repudiare</strong></span> <span class='ocrx_word' id='word_1_117' title='bbox 1556 1330 1743 1394; x_wconf 81' lang='lat' dir='ltr'><strong>nollet,</strong></span> <span class='ocrx_word' id='word_1_118' title='bbox 1780 1344 1955 1398; x_wconf 91' lang='lat' dir='ltr'><strong>neque</strong></span> <span class='ocrx_word' id='word_1_119' title='bbox 1985 1338 2063 1383; x_wconf 87' lang='lat' dir='ltr'><strong>ta-</strong></span> 
     </span>
    </p>
   </div>
   <div class='ocr_carea' id='block_1_18' title="bbox 494 1419 2065 1491">
    <p class='ocr_par' dir='ltr' id='par_1_18' title="bbox 494 1419 2065 1491">
     <span class='ocr_line' id='line_1_18' title="bbox 494 1419 2065 1491; baseline 0.001 -15"><span class='ocrx_word' id='word_1_120' title='bbox 494 1441 614 1476; x_wconf 80' lang='lat' dir='ltr'><strong>men</strong></span> <span class='ocrx_word' id='word_1_121' title='bbox 642 1423 913 1477; x_wconf 76' lang='lat' dir='ltr'><strong>feremlam</strong></span> <span class='ocrx_word' id='word_1_122' title='bbox 942 1438 1062 1477; x_wconf 87' lang='lat' dir='ltr'><strong>esse</strong></span> <span class='ocrx_word' id='word_1_123' title='bbox 1086 1422 1470 1476; x_wconf 83' lang='lat' dir='ltr'><strong>contumeliam</strong></span> <span class='ocrx_word' id='word_1_124' title='bbox 1494 1422 1849 1476; x_wconf 82' lang='lat' dir='ltr'><strong>existimavit.</strong></span> <span class='ocrx_word' id='word_1_125' title='bbox 1877 1419 2065 1491; x_wconf 81' lang='lat' dir='ltr'><strong>Itaque</strong></span> 
     </span>
    </p>
   </div>
   <div class='ocr_carea' id='block_1_19' title="bbox 496 1512 2064 1584">
    <p class='ocr_par' dir='ltr' id='par_1_19' title="bbox 496 1512 2064 1584">
     <span class='ocr_line' id='line_1_19' title="bbox 496 1512 2064 1584; baseline 0.001 -19"><span class='ocrx_word' id='word_1_126' title='bbox 496 1515 653 1568; x_wconf 81' lang='lat' dir='ltr'><strong>veluti</strong></span> <span class='ocrx_word' id='word_1_127' title='bbox 709 1529 959 1581; x_wconf 81' lang='lat' dir='ltr'><strong>magnum</strong></span> <span class='ocrx_word' id='word_1_128' title='bbox 1009 1515 1211 1584; x_wconf 87' lang='lat' dir='ltr'><strong>aliquid</strong></span> <span class='ocrx_word' id='word_1_129' title='bbox 1262 1512 1444 1569; x_wconf 88' lang='lat' dir='ltr'><strong>facere</strong></span> <span class='ocrx_word' id='word_1_130' title='bbox 1479 1514 1873 1582; x_wconf 78' lang='lat' dir='ltr'><strong>excogitasset,</strong></span> <span class='ocrx_word' id='word_1_131' title='bbox 1933 1512 2064 1566; x_wconf 91' lang='lat' dir='ltr'><strong>illud</strong></span> 
     </span>
    </p>
   </div>
   <div class='ocr_carea' id='block_1_20' title="bbox 492 1603 2063 1673">
    <p class='ocr_par' dir='ltr' id='par_1_20' title="bbox 492 1603 2063 1673">
     <span class='ocr_line' id='line_1_20' title="bbox 492 1603 2063 1673; baseline 0.001 -18"><span class='ocrx_word' id='word_1_132' title='bbox 492 1606 632 1673; x_wconf 88' lang='lat' dir='ltr'><strong>quod</strong></span> <span class='ocrx_word' id='word_1_133' title='bbox 660 1605 896 1660; x_wconf 83' lang='lat' dir='ltr'><strong>edicunn</strong></span> <span class='ocrx_word' id='word_1_134' title='bbox 930 1615 1277 1673; x_wconf 82' lang='lat' dir='ltr'><strong>nuncupatur</strong></span> <span class='ocrx_word' id='word_1_135' title='bbox 1318 1603 1633 1673; x_wconf 79' lang='lat' dir='ltr'><strong>publicavit,</strong></span> <span class='ocrx_word' id='word_1_136' title='bbox 1673 1619 1780 1673; x_wconf 86' lang='lat' dir='ltr'><strong>quo</strong></span> <span class='ocrx_word' id='word_1_137' title='bbox 1813 1603 2063 1658; x_wconf 90' lang='lat' dir='ltr'><strong>contine-</strong></span> 
     </span>
    </p>
   </div>
   <div class='ocr_carea' id='block_1_21' title="bbox 493 1691 2060 1763">
    <p class='ocr_par' dir='ltr' id='par_1_21' title="bbox 493 1691 2060 1763">
     <span class='ocr_line' id='line_1_21' title="bbox 493 1691 2060 1763; baseline 0 -16"><span class='ocrx_word' id='word_1_138' title='bbox 493 1701 602 1758; x_wconf 87' lang='lat' dir='ltr'><strong>tur,</strong></span> <span class='ocrx_word' id='word_1_139' title='bbox 658 1709 830 1763; x_wconf 90' lang='lat' dir='ltr'><strong>neque</strong></span> <span class='ocrx_word' id='word_1_140' title='bbox 878 1695 1092 1749; x_wconf 89' lang='lat' dir='ltr'><strong>unicam</strong></span> <span class='ocrx_word' id='word_1_141' title='bbox 1143 1695 1420 1760; x_wconf 86' lang='lat' dir='ltr'><strong>deinceps,</strong></span> <span class='ocrx_word' id='word_1_142' title='bbox 1472 1708 1647 1762; x_wconf 86' lang='lat' dir='ltr'><strong>neque</strong></span> <span class='ocrx_word' id='word_1_143' title='bbox 1695 1691 1962 1762; x_wconf 86' lang='lat' dir='ltr'><strong>duplicem</strong></span> <span class='ocrx_word' id='word_1_144' title='bbox 2008 1692 2060 1747; x_wconf 93' lang='lat' dir='ltr'><strong>in</strong></span> 
     </span>
    </p>
   </div>
   <div class='ocr_carea' id='block_1_22' title="bbox 489 1782 2062 1854">
    <p class='ocr_par' dir='ltr' id='par_1_22' title="bbox 489 1782 2062 1854">
     <span class='ocr_line' id='line_1_22' title="bbox 489 1782 2062 1854; baseline -0.001 -15"><span class='ocrx_word' id='word_1_145' title='bbox 489 1784 710 1839; x_wconf 87' lang='lat' dir='ltr'><strong>Christo</strong></span> <span class='ocrx_word' id='word_1_146' title='bbox 746 1785 827 1839; x_wconf 84' lang='lat' dir='ltr'><strong>fas</strong></span> <span class='ocrx_word' id='word_1_147' title='bbox 863 1785 1004 1847; x_wconf 86' lang='lat' dir='ltr'><strong>fore,</strong></span> <span class='ocrx_word' id='word_1_148' title='bbox 1041 1785 1288 1839; x_wconf 80' lang='lat' dir='ltr'><strong>conﬁteri</strong></span> <span class='ocrx_word' id='word_1_149' title='bbox 1327 1786 1721 1854; x_wconf 83' lang='lat' dir='ltr'><strong>operationem.</strong></span> <span class='ocrx_word' id='word_1_150' title='bbox 1757 1782 1909 1850; x_wconf 82' lang='lat' dir='ltr'><strong>Quod</strong></span> <span class='ocrx_word' id='word_1_151' title='bbox 1940 1798 2062 1840; x_wconf 89' lang='lat' dir='ltr'><strong>cum</strong></span> 
     </span>
    </p>
   </div>
   <div class='ocr_carea' id='block_1_23' title="bbox 2235 1234 3755 1308">
    <p class='ocr_par' dir='ltr' id='par_1_23' title="bbox 2235 1234 3755 1308">
     <span class='ocr_line' id='line_1_23' title="bbox 2235 1234 3755 1308; baseline -0.001 -18"><span class='ocrx_word' id='word_1_152' title='bbox 2235 1234 2369 1290; x_wconf 70' lang='grc' dir='ltr'>Εἶτα</span> <span class='ocrx_word' id='word_1_153' title='bbox 2400 1238 2640 1299; x_wconf 74' lang='grc' dir='ltr'>ἀκούσας</span> <span class='ocrx_word' id='word_1_154' title='bbox 2668 1236 2841 1290; x_wconf 86' lang='grc' dir='ltr'>ταῦτα</span> <span class='ocrx_word' id='word_1_155' title='bbox 2884 1236 3208 1307; x_wconf 80' lang='grc' dir='ltr'><strong>Ἡράκλειος</strong></span> <span class='ocrx_word' id='word_1_156' title='bbox 3236 1236 3507 1308; x_wconf 66' lang='grc' dir='ltr'><strong>⁴ᾐσχύνθη,</strong></span> <span class='ocrx_word' id='word_1_157' title='bbox 3534 1238 3631 1290; x_wconf 79' lang='grc' dir='ltr'><strong>καὶ</strong></span> <span class='ocrx_word' id='word_1_158' title='bbox 3661 1256 3755 1290; x_wconf 81' lang='grc' dir='ltr'>κα-</span> 
     </span>
    </p>
   </div>
   <div class='ocr_carea' id='block_1_24' title="bbox 2161 1327 3755 1399">
    <p class='ocr_par' dir='ltr' id='par_1_24' title="bbox 2161 1327 3755 1399">
     <span class='ocr_line' id='line_1_24' title="bbox 2161 1327 3755 1399; baseline 0 -17"><span class='ocrx_word' id='word_1_159' title='bbox 2161 1328 2389 1382; x_wconf 83' lang='grc' dir='ltr'>ταλῦσαι</span> <span class='ocrx_word' id='word_1_160' title='bbox 2441 1327 2540 1398; x_wconf 78' lang='grc' dir='ltr'>μὲν</span> <span class='ocrx_word' id='word_1_161' title='bbox 2582 1328 2650 1380; x_wconf 74' lang='grc' dir='ltr'>τὰ</span> <span class='ocrx_word' id='word_1_162' title='bbox 2699 1330 2877 1382; x_wconf 82' lang='grc' dir='ltr'>οἰκεῖα</span> <span class='ocrx_word' id='word_1_163' title='bbox 2923 1330 3024 1381; x_wconf 71' lang='grc' dir='ltr'>οὐκ</span> <span class='ocrx_word' id='word_1_164' title='bbox 3073 1328 3273 1399; x_wconf 71' lang='grc' dir='ltr'>ἤθελε,</span> <span class='ocrx_word' id='word_1_165' title='bbox 3308 1330 3404 1383; x_wconf 60' lang='grc' dir='ltr'><strong>καὶ¹</strong></span> <span class='ocrx_word' id='word_1_166' title='bbox 3448 1328 3615 1382; x_wconf 79' lang='grc' dir='ltr'>πάλιν</span> <span class='ocrx_word' id='word_1_167' title='bbox 3664 1331 3755 1382; x_wconf 72' lang='grc' dir='ltr'><strong>τὸν</strong></span> 
     </span>
    </p>
   </div>
   <div class='ocr_carea' id='block_1_25' title="bbox 2162 1417 3773 1489">
    <p class='ocr_par' dir='ltr' id='par_1_25' title="bbox 2162 1417 3773 1489">
     <span class='ocr_line' id='line_1_25' title="bbox 2162 1417 3773 1489; baseline -0.002 -14"><span class='ocrx_word' id='word_1_168' title='bbox 2162 1420 2464 1489; x_wconf 76' lang='grc' dir='ltr'><strong>ὀνειδισμὸν</strong></span> <span class='ocrx_word' id='word_1_169' title='bbox 2491 1420 2591 1489; x_wconf 83' lang='grc' dir='ltr'><strong>οὐχ</strong></span> <span class='ocrx_word' id='word_1_170' title='bbox 2614 1418 2878 1489; x_wconf 83' lang='grc' dir='ltr'>ύπέφερε.</span> <span class='ocrx_word' id='word_1_171' title='bbox 2910 1420 3043 1472; x_wconf 88' lang='grc' dir='ltr'>Τότε</span> <span class='ocrx_word' id='word_1_172' title='bbox 3072 1419 3137 1489; x_wconf 79' lang='grc' dir='ltr'>δὴ</span> <span class='ocrx_word' id='word_1_173' title='bbox 3167 1419 3242 1482; x_wconf 82' lang='grc' dir='ltr'>ὡς</span> <span class='ocrx_word' id='word_1_174' title='bbox 3267 1420 3411 1488; x_wconf 82' lang='grc' dir='ltr'>μέγα</span> <span class='ocrx_word' id='word_1_175' title='bbox 3438 1437 3493 1471; x_wconf 89' lang='grc' dir='ltr'><strong>τι</strong></span> <span class='ocrx_word' id='word_1_176' title='bbox 3519 1417 3773 1486; x_wconf 75' lang='grc' dir='ltr'>νομίζων,</span> 
     </span>
    </p>
   </div>
   <div class='ocr_carea' id='block_1_26' title="bbox 2163 1507 3848 1583">
    <p class='ocr_par' dir='ltr' id='par_1_26' title="bbox 2163 1507 3848 1583">
     <span class='ocr_line' id='line_1_26' title="bbox 2163 1507 3848 1583; baseline -0.002 -18"><span class='ocrx_word' id='word_1_177' title='bbox 2163 1515 2359 1575; x_wconf 78' lang='grc' dir='ltr'>ποιεῖν,</span> <span class='ocrx_word' id='word_1_178' title='bbox 2394 1511 2668 1565; x_wconf 80' lang='grc' dir='ltr'><strong>ἐκτίθεται</strong></span> <span class='ocrx_word' id='word_1_179' title='bbox 2707 1513 2768 1565; x_wconf 87' lang='grc' dir='ltr'><strong>τὸ</strong></span> <span class='ocrx_word' id='word_1_180' title='bbox 2798 1512 3096 1583; x_wconf 82' lang='grc' dir='ltr'>λεγόμενον</span> <span class='ocrx_word' id='word_1_181' title='bbox 3139 1513 3341 1566; x_wconf 82' lang='grc' dir='ltr'>ἴδικτον</span> <span class='ocrx_word' id='word_1_182' title='bbox 3374 1512 3436 1565; x_wconf 81' lang='grc' dir='ltr'><strong>τὸ</strong></span> <span class='ocrx_word' id='word_1_183' title='bbox 3469 1511 3752 1581; x_wconf 81' lang='grc' dir='ltr'>περιέχον,</span> <span class='ocrx_word' id='word_1_184' title='bbox 3836 1507 3848 1516; x_wconf 90' lang='grc'><em>’</em></span> 
     </span>
    </p>
   </div>
   <div class='ocr_carea' id='block_1_27' title="bbox 2173 1601 3754 1675">
    <p class='ocr_par' dir='ltr' id='par_1_27' title="bbox 2173 1601 3754 1675">
     <span class='ocr_line' id='line_1_27' title="bbox 2173 1601 3754 1675; baseline -0.002 -20"><span class='ocrx_word' id='word_1_185' title='bbox 2173 1603 2310 1673; x_wconf 83' lang='grc' dir='ltr'>μήτε</span> <span class='ocrx_word' id='word_1_186' title='bbox 2339 1602 2490 1672; x_wconf 87' lang='grc' dir='ltr'>μίαν,</span> <span class='ocrx_word' id='word_1_187' title='bbox 2522 1603 2661 1673; x_wconf 87' lang='grc' dir='ltr'>μήτε</span> <span class='ocrx_word' id='word_1_188' title='bbox 2684 1602 2777 1657; x_wconf 86' lang='grc' dir='ltr'>δύο</span> <span class='ocrx_word' id='word_1_189' title='bbox 2797 1602 3078 1675; x_wconf 77' lang='grc' dir='ltr'><strong>ἐνεργείας</strong></span> <span class='ocrx_word' id='word_1_190' title='bbox 3107 1604 3392 1673; x_wconf 79' lang='grc' dir='ltr'>ὁμολογεῖν</span> <span class='ocrx_word' id='word_1_191' title='bbox 3425 1605 3484 1655; x_wconf 80' lang='grc' dir='ltr'><strong>ἐν</strong></span> <span class='ocrx_word' id='word_1_192' title='bbox 3512 1601 3754 1673; x_wconf 80' lang='grc' dir='ltr'>Χριστῷ-</span> 
     </span>
    </p>
   </div>
   <div class='ocr_carea' id='block_1_28' title="bbox 2169 1694 3757 1768">
    <p class='ocr_par' dir='ltr' id='par_1_28' title="bbox 2169 1694 3757 1768">
     <span class='ocr_line' id='line_1_28' title="bbox 2169 1694 3757 1768; baseline -0.002 -17"><span class='ocrx_word' id='word_1_193' title='bbox 2169 1697 2307 1767; x_wconf 82' lang='grc' dir='ltr'>ὃπερ</span> <span class='ocrx_word' id='word_1_194' title='bbox 2337 1696 2401 1765; x_wconf 73' lang='grc' dir='ltr'>δὴ</span> <span class='ocrx_word' id='word_1_195' title='bbox 2429 1696 2757 1765; x_wconf 79' lang='grc' dir='ltr'><strong>ἀναγνόντες</strong></span> <span class='ocrx_word' id='word_1_196' title='bbox 2798 1698 2847 1749; x_wconf 92' lang='grc' dir='ltr'><strong>οί</strong></span> <span class='ocrx_word' id='word_1_197' title='bbox 2892 1698 2961 1751; x_wconf 82' lang='grc' dir='ltr'>τὰ</span> <span class='ocrx_word' id='word_1_198' title='bbox 3008 1698 3248 1768; x_wconf 76' lang='grc' dir='ltr'>Σεϐήρου</span> <span class='ocrx_word' id='word_1_199' title='bbox 3281 1694 3634 1768; x_wconf 81' lang='grc' dir='ltr'><strong>φρονοῦντες,</strong></span> <span class='ocrx_word' id='word_1_200' title='bbox 3667 1696 3757 1748; x_wconf 72' lang='grc' dir='ltr'><strong>ἐπὶ</strong></span> 
     </span>
    </p>
   </div>
   <div class='ocr_carea' id='block_1_29' title="bbox 2170 1787 3759 1860">
    <p class='ocr_par' dir='ltr' id='par_1_29' title="bbox 2170 1787 3759 1860">
     <span class='ocr_line' id='line_1_29' title="bbox 2170 1787 3759 1860; baseline -0.001 -18"><span class='ocrx_word' id='word_1_201' title='bbox 2170 1788 2484 1858; x_wconf 76' lang='grc' dir='ltr'>καπηλείων</span> <span class='ocrx_word' id='word_1_202' title='bbox 2547 1788 2641 1842; x_wconf 77' lang='grc' dir='ltr'>καὶ</span> <span class='ocrx_word' id='word_1_203' title='bbox 2701 1788 2997 1859; x_wconf 80' lang='grc' dir='ltr'>βαλανείων</span> <span class='ocrx_word' id='word_1_204' title='bbox 3054 1789 3305 1860; x_wconf 79' lang='grc' dir='ltr'><strong>διέσυρον</strong></span> <span class='ocrx_word' id='word_1_205' title='bbox 3373 1787 3472 1859; x_wconf 82' lang='grc' dir='ltr'><strong>τὴν</strong></span> <span class='ocrx_word' id='word_1_206' title='bbox 3537 1787 3759 1841; x_wconf 80' lang='grc' dir='ltr'>καθολι-</span> 
     </span>
    </p>
   </div>
   <div class='ocr_carea' id='block_1_30' title="bbox 490 1854 2069 1952">
    <p class='ocr_par' dir='ltr' id='par_1_30' title="bbox 490 1872 2060 1944">
     <span class='ocr_line' id='line_1_30' title="bbox 490 1872 2060 1944; baseline 0.001 -17"><span class='ocrx_word' id='word_1_207' title='bbox 490 1874 555 1927; x_wconf 89' lang='lat' dir='ltr'><strong>ad</strong></span> <span class='ocrx_word' id='word_1_208' title='bbox 613 1872 799 1929; x_wconf 86' lang='lat' dir='ltr'><strong>Severi</strong></span> <span class='ocrx_word' id='word_1_209' title='bbox 859 1885 1190 1930; x_wconf 87' lang='lat' dir='ltr'><strong>sectatorum</strong></span> <span class='ocrx_word' id='word_1_210' title='bbox 1244 1876 1492 1930; x_wconf 88' lang='lat' dir='ltr'><strong>notitiam</strong></span> <span class='ocrx_word' id='word_1_211' title='bbox 1544 1876 1913 1944; x_wconf 84' lang='lat' dir='ltr'><strong>pervenisset,</strong></span> <span class='ocrx_word' id='word_1_212' title='bbox 1962 1889 2060 1944; x_wconf 90' lang='lat' dir='ltr'><strong>per</strong></span> 
     </span>
    </p>
   </div>
   <div class='ocr_carea' id='block_1_31' title="bbox 2175 1854 3759 1952">
    <p class='ocr_par' dir='ltr' id='par_1_31' title="bbox 2175 1854 3759 1952">
     <span class='ocr_line' id='line_1_31' title="bbox 2175 1854 3759 1952; baseline -0.001 -19"><span class='ocrx_word' id='word_1_213' title='bbox 2175 1879 2271 1952; x_wconf 78' lang='grc' dir='ltr'><strong>κήν</strong></span> <span class='ocrx_word' id='word_1_214' title='bbox 2309 1854 2669 1948; x_wconf 68' lang='grc' dir='ltr'>Ἐκκλησίαν,</span> <span class='ocrx_word' id='word_1_215' title='bbox 2701 1854 2975 1949; x_wconf 74' lang='grc' dir='ltr'>λέγοντεςο</span> <span class='ocrx_word' id='word_1_216' title='bbox 3009 1854 3223 1952; x_wconf 39' lang='grc' dir='ltr'>Πρώην.</span> <span class='ocrx_word' id='word_1_217' title='bbox 3239 1879 3341 1950; x_wconf 79' lang='grc' dir='ltr'><strong>μὲν</strong></span> <span class='ocrx_word' id='word_1_218' title='bbox 3364 1854 3441 1931; x_wconf 59' lang='grc' dir='ltr'>τά</span> <span class='ocrx_word' id='word_1_219' title='bbox 3454 1878 3759 1949; x_wconf 84' lang='grc' dir='ltr'>Νεστορίου</span> 
     </span>
    </p>
   </div>
   <div class='ocr_carea' id='block_1_32' title="bbox 490 1965 2059 2037">
    <p class='ocr_par' dir='ltr' id='par_1_32' title="bbox 490 1965 2059 2037">
     <span class='ocr_line' id='line_1_32' title="bbox 490 1965 2059 2037; baseline 0.001 -19"><span class='ocrx_word' id='word_1_220' title='bbox 490 1980 761 2033; x_wconf 88' lang='lat' dir='ltr'><strong>cauponas</strong></span> <span class='ocrx_word' id='word_1_221' title='bbox 815 1967 1093 2033; x_wconf 90' lang='lat' dir='ltr'><strong>continuo,</strong></span> <span class='ocrx_word' id='word_1_222' title='bbox 1142 1978 1304 2037; x_wconf 84' lang='lat' dir='ltr'><strong>atque</strong></span> <span class='ocrx_word' id='word_1_223' title='bbox 1347 1981 1443 2037; x_wconf 88' lang='lat' dir='ltr'><strong>per</strong></span> <span class='ocrx_word' id='word_1_224' title='bbox 1490 1966 1681 2022; x_wconf 87' lang='lat' dir='ltr'><strong>balnea</strong></span> <span class='ocrx_word' id='word_1_225' title='bbox 1724 1965 2059 2021; x_wconf 86' lang='lat' dir='ltr'><strong>Catholicam</strong></span> 
     </span>
    </p>
   </div>
   <div class='ocr_carea' id='block_1_33' title="bbox 490 2056 2062 2128">
    <p class='ocr_par' dir='ltr' id='par_1_33' title="bbox 490 2056 2062 2128">
     <span class='ocr_line' id='line_1_33' title="bbox 490 2056 2062 2128; baseline 0.004 -19"><span class='ocrx_word' id='word_1_226' title='bbox 490 2057 677 2111; x_wconf 82' lang='lat' dir='ltr'><strong>sannis</strong></span> <span class='ocrx_word' id='word_1_227' title='bbox 704 2056 946 2112; x_wconf 88' lang='lat' dir='ltr'><strong>lacerare</strong></span> <span class='ocrx_word' id='word_1_228' title='bbox 979 2068 1263 2128; x_wconf 74' lang='lat' dir='ltr'><strong>coeperunt</strong></span> <span class='ocrx_word' id='word_1_229' title='bbox 1284 2057 1607 2122; x_wconf 54' lang='lat' dir='ltr'><strong>Ecclesiam‘,</strong></span> <span class='ocrx_word' id='word_1_230' title='bbox 1641 2059 1692 2112; x_wconf 92' lang='lat' dir='ltr'><strong>in</strong></span> <span class='ocrx_word' id='word_1_231' title='bbox 1720 2060 1863 2113; x_wconf 92' lang='lat' dir='ltr'><strong>hunc</strong></span> <span class='ocrx_word' id='word_1_232' title='bbox 1894 2059 2062 2115; x_wconf 87' lang='lat' dir='ltr'><strong>ferme</strong></span> 
     </span>
    </p>
   </div>
   <div class='ocr_carea' id='block_1_34' title="bbox 492 2149 2061 2221">
    <p class='ocr_par' dir='ltr' id='par_1_34' title="bbox 492 2149 2061 2221">
     <span class='ocr_line' id='line_1_34' title="bbox 492 2149 2061 2221; baseline 0.003 -19"><span class='ocrx_word' id='word_1_233' title='bbox 492 2149 711 2203; x_wconf 88' lang='lat' dir='ltr'><strong>modum</strong></span> <span class='ocrx_word' id='word_1_234' title='bbox 740 2150 981 2205; x_wconf 87' lang='lat' dir='ltr'><strong>dicentes</strong></span> <span class='ocrx_word' id='word_1_235' title='bbox 1014 2167 1118 2205; x_wconf 90' lang='lat' dir='ltr'><strong>non</strong></span> <span class='ocrx_word' id='word_1_236' title='bbox 1152 2151 1225 2206; x_wconf 90' lang='lat' dir='ltr'><strong>ita</strong></span> <span class='ocrx_word' id='word_1_237' title='bbox 1254 2152 1461 2220; x_wconf 86' lang='lat' dir='ltr'><strong>pridem</strong></span> <span class='ocrx_word' id='word_1_238' title='bbox 1491 2150 1729 2205; x_wconf 81' lang='lat' dir='ltr'><strong>Nestorii</strong></span> <span class='ocrx_word' id='word_1_239' title='bbox 1760 2150 2061 2221; x_wconf 89' lang='lat' dir='ltr'><strong>discipulos</strong></span> 
     </span>
    </p>
   </div>
   <div class='ocr_carea' id='block_1_35' title="bbox 490 2242 2064 2299">
    <p class='ocr_par' dir='ltr' id='par_1_35' title="bbox 490 2242 2064 2299">
     <span class='ocr_line' id='line_1_35' title="bbox 490 2242 2064 2299; baseline 0.001 -3"><span class='ocrx_word' id='word_1_240' title='bbox 490 2242 961 2297; x_wconf 83' lang='lat' dir='ltr'><strong>Chalcedoneuscs</strong></span> <span class='ocrx_word' id='word_1_241' title='bbox 1013 2244 1174 2298; x_wconf 87' lang='lat' dir='ltr'><strong>sorde</strong></span> <span class='ocrx_word' id='word_1_242' title='bbox 1227 2243 1438 2299; x_wconf 87' lang='lat' dir='ltr'><strong>ablutos</strong></span> <span class='ocrx_word' id='word_1_243' title='bbox 1475 2243 1640 2299; x_wconf 86' lang='lat' dir='ltr'><strong>fuisse</strong></span> <span class='ocrx_word' id='word_1_244' title='bbox 1665 2256 1957 2298; x_wconf 82' lang='lat' dir='ltr'><strong>conversos</strong></span> <span class='ocrx_word' id='word_1_245' title='bbox 1994 2243 2064 2298; x_wconf 88' lang='lat' dir='ltr'><strong>ad</strong></span> 
     </span>
    </p>
   </div>
   <div class='ocr_carea' id='block_1_36' title="bbox 490 2333 2065 2402">
    <p class='ocr_par' dir='ltr' id='par_1_36' title="bbox 490 2333 2065 2402">
     <span class='ocr_line' id='line_1_36' title="bbox 490 2333 2065 2402; baseline 0.002 -17"><span class='ocrx_word' id='word_1_246' title='bbox 490 2335 800 2398; x_wconf 77' lang='lat' dir='ltr'><strong>veritatem,</strong></span> <span class='ocrx_word' id='word_1_247' title='bbox 827 2333 1151 2402; x_wconf 85' lang='lat' dir='ltr'><strong>cenjunctos</strong></span> <span class='ocrx_word' id='word_1_248' title='bbox 1176 2336 1330 2391; x_wconf 86' lang='lat' dir='ltr'><strong>nobis</strong></span> <span class='ocrx_word' id='word_1_249' title='bbox 1355 2337 1406 2390; x_wconf 91' lang='lat' dir='ltr'><strong>in</strong></span> <span class='ocrx_word' id='word_1_250' title='bbox 1437 2336 1595 2391; x_wconf 86' lang='lat' dir='ltr'><strong>unius</strong></span> <span class='ocrx_word' id='word_1_251' title='bbox 1622 2334 1826 2390; x_wconf 84' lang='lat' dir='ltr'><strong>Christi</strong></span> <span class='ocrx_word' id='word_1_252' title='bbox 1856 2343 2065 2389; x_wconf 78' lang='lat' dir='ltr'><strong>naturae</strong></span> 
     </span>
    </p>
   </div>
   <div class='ocr_carea' id='block_1_37' title="bbox 2167 1969 3760 2044">
    <p class='ocr_par' dir='ltr' id='par_1_37' title="bbox 2167 1969 3760 2044">
     <span class='ocr_line' id='line_1_37' title="bbox 2167 1969 3760 2044; baseline -0.001 -18"><span class='ocrx_word' id='word_1_253' title='bbox 2167 1971 2496 2044; x_wconf 77' lang='grc' dir='ltr'>φρονοῦντες</span> <span class='ocrx_word' id='word_1_254' title='bbox 2528 1973 2575 2025; x_wconf 80' lang='lat' dir='ltr'><strong>oi</strong></span> <span class='ocrx_word' id='word_1_255' title='bbox 2619 1972 3014 2043; x_wconf 80' lang='grc' dir='ltr'>Χαλκηδονίται</span> <span class='ocrx_word' id='word_1_256' title='bbox 3053 1973 3335 2042; x_wconf 66' lang='grc' dir='ltr'>ὰνένηψαν</span> <span class='ocrx_word' id='word_1_257' title='bbox 3381 1969 3760 2040; x_wconf 77' lang='grc' dir='ltr'>ἐπιστρέψαν-</span> 
     </span>
    </p>
   </div>
   <div class='ocr_carea' id='block_1_38' title="bbox 2158 2064 3762 2137">
    <p class='ocr_par' dir='ltr' id='par_1_38' title="bbox 2158 2064 3762 2137">
     <span class='ocr_line' id='line_1_38' title="bbox 2158 2064 3762 2137; baseline 0.001 -21"><span class='ocrx_word' id='word_1_258' title='bbox 2158 2081 2250 2127; x_wconf 91' lang='grc' dir='ltr'><strong>τες</strong></span> <span class='ocrx_word' id='word_1_259' title='bbox 2289 2065 2371 2126; x_wconf 88' lang='grc' dir='ltr'><strong>είς</strong></span> <span class='ocrx_word' id='word_1_260' title='bbox 2403 2064 2502 2137; x_wconf 80' lang='grc' dir='ltr'>τὴν</span> <span class='ocrx_word' id='word_1_261' title='bbox 2534 2065 2831 2134; x_wconf 83' lang='grc' dir='ltr'>ἀλήθειαν,</span> <span class='ocrx_word' id='word_1_262' title='bbox 2862 2065 3154 2129; x_wconf 83' lang='grc' dir='ltr'>ὲνωθέντες</span> <span class='ocrx_word' id='word_1_263' title='bbox 3190 2067 3323 2136; x_wconf 75' lang='grc' dir='ltr'><strong>ἡμῖν</strong></span> <span class='ocrx_word' id='word_1_264' title='bbox 3350 2065 3442 2118; x_wconf 79' lang='grc' dir='ltr'><strong>διὰ</strong></span> <span class='ocrx_word' id='word_1_265' title='bbox 3484 2065 3589 2134; x_wconf 80' lang='grc' dir='ltr'><strong>τῆς</strong></span> <span class='ocrx_word' id='word_1_266' title='bbox 3630 2065 3762 2134; x_wconf 75' lang='grc' dir='ltr'>μιᾶς</span> 
     </span>
    </p>
   </div>
   <div class='ocr_carea' id='block_1_39' title="bbox 2160 2154 3765 2227">
    <p class='ocr_par' dir='ltr' id='par_1_39' title="bbox 2160 2154 3765 2227">
     <span class='ocr_line' id='line_1_39' title="bbox 2160 2154 3765 2227; baseline 0 -19"><span class='ocrx_word' id='word_1_267' title='bbox 2160 2155 2443 2227; x_wconf 73' lang='grc' dir='ltr'>ἐνεργείας</span> <span class='ocrx_word' id='word_1_268' title='bbox 2496 2158 2577 2220; x_wconf 86' lang='grc' dir='ltr'><strong>είς</strong></span> <span class='ocrx_word' id='word_1_269' title='bbox 2612 2156 2711 2227; x_wconf 79' lang='grc' dir='ltr'><strong>τὴν</strong></span> <span class='ocrx_word' id='word_1_270' title='bbox 2758 2156 2888 2227; x_wconf 86' lang='grc' dir='ltr'>μίαν</span> <span class='ocrx_word' id='word_1_271' title='bbox 2920 2156 3013 2210; x_wconf 86' lang='grc' dir='ltr'><strong>τοῦ</strong></span> <span class='ocrx_word' id='word_1_272' title='bbox 3047 2156 3285 2227; x_wconf 81' lang='grc' dir='ltr'><strong>Χριστοῦ</strong></span> <span class='ocrx_word' id='word_1_273' title='bbox 3336 2157 3522 2225; x_wconf 76' lang='grc' dir='ltr'>φύσινο</span> <span class='ocrx_word' id='word_1_274' title='bbox 3557 2155 3660 2209; x_wconf 89' lang='grc' dir='ltr'><strong>νῦν</strong></span> <span class='ocrx_word' id='word_1_275' title='bbox 3705 2154 3765 2208; x_wconf 70' lang='grc' dir='ltr'>δὲ</span> 
     </span>
    </p>
   </div>
   <div class='ocr_carea' id='block_1_40' title="bbox 2160 2245 3769 2319">
    <p class='ocr_par' dir='ltr' id='par_1_40' title="bbox 2160 2245 3769 2319">
     <span class='ocr_line' id='line_1_40' title="bbox 2160 2245 3769 2319; baseline -0.001 -20"><span class='ocrx_word' id='word_1_276' title='bbox 2160 2247 2525 2316; x_wconf 79' lang='grc' dir='ltr'>καταγνόντες</span> <span class='ocrx_word' id='word_1_277' title='bbox 2577 2247 2672 2301; x_wconf 87' lang='grc' dir='ltr'><strong>τοῦ</strong></span> <span class='ocrx_word' id='word_1_278' title='bbox 2723 2248 2902 2311; x_wconf 83' lang='grc' dir='ltr'>καλῶς</span> <span class='ocrx_word' id='word_1_279' title='bbox 2967 2248 3184 2319; x_wconf 73' lang='grc' dir='ltr'>ἔχοντος</span> <span class='ocrx_word' id='word_1_280' title='bbox 3238 2248 3535 2303; x_wconf 82' lang='grc' dir='ltr'>ἀπώλεσαν</span> <span class='ocrx_word' id='word_1_281' title='bbox 3579 2245 3769 2318; x_wconf 78' lang='grc' dir='ltr'>ἀμφό-</span> 
     </span>
    </p>
   </div>
   <div class='ocr_carea' id='block_1_41' title="bbox 2160 2338 3762 2411">
    <p class='ocr_par' dir='ltr' id='par_1_41' title="bbox 2160 2338 3762 2411">
     <span class='ocr_line' id='line_1_41' title="bbox 2160 2338 3762 2411; baseline 0 -21"><span class='ocrx_word' id='word_1_282' title='bbox 2160 2354 2318 2410; x_wconf 74' lang='grc' dir='ltr'>τερα,</span> <span class='ocrx_word' id='word_1_283' title='bbox 2358 2340 2497 2410; x_wconf 85' lang='grc' dir='ltr'>μήτε</span> <span class='ocrx_word' id='word_1_284' title='bbox 2528 2338 2681 2409; x_wconf 85' lang='grc' dir='ltr'>μίαν,</span> <span class='ocrx_word' id='word_1_285' title='bbox 2714 2340 2851 2410; x_wconf 82' lang='grc' dir='ltr'>μήτε</span> <span class='ocrx_word' id='word_1_286' title='bbox 2878 2338 2971 2393; x_wconf 83' lang='grc' dir='ltr'>δύο</span> <span class='ocrx_word' id='word_1_287' title='bbox 3000 2341 3056 2392; x_wconf 80' lang='grc' dir='ltr'><strong>ἐν</strong></span> <span class='ocrx_word' id='word_1_288' title='bbox 3086 2341 3312 2411; x_wconf 79' lang='grc' dir='ltr'>Χριστῷ</span> <span class='ocrx_word' id='word_1_289' title='bbox 3338 2338 3762 2411; x_wconf 86' lang='grc' dir='ltr'>ὁμολογοῦντες,</span> 
     </span>
    </p>
   </div>
   <div class='ocr_carea' id='block_1_42' title="bbox 492 2425 3765 2499">
    <p class='ocr_par' dir='ltr' id='par_1_42' title="bbox 492 2425 3765 2499">
     <span class='ocr_line' id='line_1_42' title="bbox 492 2425 3765 2499; baseline 0.001 -21"><span class='ocrx_word' id='word_1_290' title='bbox 492 2426 620 2491; x_wconf 86' lang='lat' dir='ltr'><strong>tlde,</strong></span> <span class='ocrx_word' id='word_1_291' title='bbox 653 2425 722 2480; x_wconf 89' lang='lat' dir='ltr'><strong>ob</strong></span> <span class='ocrx_word' id='word_1_292' title='bbox 749 2426 962 2480; x_wconf 85' lang='lat' dir='ltr'><strong>unicam</strong></span> <span class='ocrx_word' id='word_1_293' title='bbox 992 2427 1571 2496; x_wconf 87' lang='lat' dir='ltr'><strong>operationem;nunc</strong></span> <span class='ocrx_word' id='word_1_294' title='bbox 1604 2439 1735 2481; x_wconf 86' lang='lat' dir='ltr'><strong>vero</strong></span> <span class='ocrx_word' id='word_1_295' title='bbox 1802 2439 1922 2494; x_wconf 83' lang='lat' dir='ltr'><strong>quae</strong></span> <span class='ocrx_word' id='word_1_296' title='bbox 1949 2434 2096 2480; x_wconf 85' lang='lat' dir='ltr'><strong>recte</strong></span> <span class='ocrx_word' id='word_1_297' title='bbox 2173 2428 2423 2483; x_wconf 89' lang='lat' dir='ltr'><strong>instituta</strong></span> <span class='ocrx_word' id='word_1_298' title='bbox 2471 2427 2687 2483; x_wconf 81' lang='lat' dir='ltr'><strong>fuerant</strong></span> <span class='ocrx_word' id='word_1_299' title='bbox 2728 2431 3172 2494; x_wconf 87' lang='lat' dir='ltr'><strong>condemnantes,</strong></span> <span class='ocrx_word' id='word_1_300' title='bbox 3218 2441 3511 2499; x_wconf 86' lang='lat' dir='ltr'><strong>utramque</strong></span> <span class='ocrx_word' id='word_1_301' title='bbox 3569 2438 3765 2483; x_wconf 85' lang='lat' dir='ltr'><strong>sustu-</strong></span> 
     </span>
    </p>
   </div>
   <div class='ocr_carea' id='block_1_43' title="bbox 492 2517 2742 2588">
    <p class='ocr_par' dir='ltr' id='par_1_43' title="bbox 492 2517 2742 2588">
     <span class='ocr_line' id='line_1_43' title="bbox 492 2517 2742 2588; baseline 0.003 -17"><span class='ocrx_word' id='word_1_302' title='bbox 492 2518 641 2581; x_wconf 86' lang='lat' dir='ltr'><strong>lisse,</strong></span> <span class='ocrx_word' id='word_1_303' title='bbox 682 2532 803 2571; x_wconf 90' lang='lat' dir='ltr'><strong>cum</strong></span> <span class='ocrx_word' id='word_1_304' title='bbox 840 2533 1016 2587; x_wconf 88' lang='lat' dir='ltr'><strong>neque</strong></span> <span class='ocrx_word' id='word_1_305' title='bbox 1051 2520 1269 2573; x_wconf 90' lang='lat' dir='ltr'><strong>unicam</strong></span> <span class='ocrx_word' id='word_1_306' title='bbox 1295 2518 1431 2588; x_wconf 85' lang='lat' dir='ltr'><strong>jam,</strong></span> <span class='ocrx_word' id='word_1_307' title='bbox 1479 2533 1654 2587; x_wconf 84' lang='lat' dir='ltr'><strong>neque</strong></span> <span class='ocrx_word' id='word_1_308' title='bbox 1708 2517 1978 2588; x_wconf 88' lang='lat' dir='ltr'><strong>duplicem</strong></span> <span class='ocrx_word' id='word_1_309' title='bbox 2013 2518 2065 2571; x_wconf 92' lang='lat' dir='ltr'><strong>in</strong></span> <span class='ocrx_word' id='word_1_310' title='bbox 2105 2518 2322 2575; x_wconf 88' lang='lat' dir='ltr'><strong>Christo</strong></span> <span class='ocrx_word' id='word_1_311' title='bbox 2358 2522 2742 2578; x_wconf 84' lang='lat' dir='ltr'><strong>confiteantur.</strong></span> 
     </span>
    </p>
   </div>
   <div class='ocr_carea' id='block_1_44' title="bbox 563 2609 2069 2679">
    <p class='ocr_par' dir='ltr' id='par_1_44' title="bbox 563 2609 2069 2679">
     <span class='ocr_line' id='line_1_44' title="bbox 563 2609 2069 2679; baseline 0 -15"><span class='ocrx_word' id='word_1_312' title='bbox 563 2609 692 2664; x_wconf 58' lang='lat' dir='ltr'><strong>Haec</strong></span> <span class='ocrx_word' id='word_1_313' title='bbox 721 2612 968 2675; x_wconf 88' lang='lat' dir='ltr'><strong>audiens,</strong></span> <span class='ocrx_word' id='word_1_314' title='bbox 998 2609 1547 2679; x_wconf 86' lang='lat' dir='ltr'><strong>anintadVertensque</strong></span> <span class='ocrx_word' id='word_1_315' title='bbox 1571 2611 1940 2666; x_wconf 81' lang='lat' dir='ltr'><strong>Romanorum</strong></span> <span class='ocrx_word' id='word_1_316' title='bbox 1973 2629 2069 2664; x_wconf 85' lang='lat' dir='ltr'><strong>an-</strong></span> 
     </span>
    </p>
   </div>
   <div class='ocr_carea' id='block_1_45' title="bbox 495 2696 2065 2769">
    <p class='ocr_par' dir='ltr' id='par_1_45' title="bbox 495 2696 2065 2769">
     <span class='ocr_line' id='line_1_45' title="bbox 495 2696 2065 2769; baseline 0.002 -18"><span class='ocrx_word' id='word_1_317' title='bbox 495 2699 653 2752; x_wconf 83' lang='lat' dir='ltr'><strong>tistes</strong></span> <span class='ocrx_word' id='word_1_318' title='bbox 678 2696 967 2762; x_wconf 84' lang='lat' dir='ltr'><strong>Martinus,</strong></span> <span class='ocrx_word' id='word_1_319' title='bbox 1011 2712 1132 2752; x_wconf 88' lang='lat' dir='ltr'><strong>cum</strong></span> <span class='ocrx_word' id='word_1_320' title='bbox 1172 2700 1393 2753; x_wconf 89' lang='lat' dir='ltr'><strong>minime</strong></span> <span class='ocrx_word' id='word_1_321' title='bbox 1429 2701 1536 2769; x_wconf 82' lang='lat' dir='ltr'><strong>pati</strong></span> <span class='ocrx_word' id='word_1_322' title='bbox 1582 2711 1763 2769; x_wconf 86' lang='lat' dir='ltr'><strong>posset</strong></span> <span class='ocrx_word' id='word_1_323' title='bbox 1798 2701 1933 2755; x_wconf 87' lang='lat' dir='ltr'><strong>adeo</strong></span> <span class='ocrx_word' id='word_1_324' title='bbox 1961 2700 2065 2755; x_wconf 88' lang='lat' dir='ltr'><strong>im-</strong></span> 
     </span>
    </p>
   </div>
   <div class='ocr_carea' id='block_1_46' title="bbox 495 2789 2066 2863">
    <p class='ocr_par' dir='ltr' id='par_1_46' title="bbox 495 2789 2066 2863">
     <span class='ocr_line' id='line_1_46' title="bbox 495 2789 2066 2863; baseline 0.004 -22"><span class='ocrx_word' id='word_1_325' title='bbox 495 2791 761 2858; x_wconf 89' lang='lat' dir='ltr'><strong>pudenter</strong></span> <span class='ocrx_word' id='word_1_326' title='bbox 793 2792 1061 2846; x_wconf 87' lang='lat' dir='ltr'><strong>dedecore</strong></span> <span class='ocrx_word' id='word_1_327' title='bbox 1099 2789 1347 2846; x_wconf 67' lang='lat' dir='ltr'><strong>affectam</strong></span> <span class='ocrx_word' id='word_1_328' title='bbox 1390 2791 1693 2847; x_wconf 88' lang='lat' dir='ltr'><strong>Ecclesiam</strong></span> <span class='ocrx_word' id='word_1_329' title='bbox 1736 2795 2066 2863; x_wconf 87' lang='lat' dir='ltr'><strong>prospicere,</strong></span> 
     </span>
    </p>
   </div>
   <div class='ocr_carea' id='block_1_47' title="bbox 496 2878 2067 2954">
    <p class='ocr_par' dir='ltr' id='par_1_47' title="bbox 496 2878 2067 2954">
     <span class='ocr_line' id='line_1_47' title="bbox 496 2878 2067 2954; baseline 0.003 -22"><span class='ocrx_word' id='word_1_330' title='bbox 496 2879 732 2948; x_wconf 87' lang='lat' dir='ltr'><strong>plurium</strong></span> <span class='ocrx_word' id='word_1_331' title='bbox 778 2878 1092 2936; x_wconf 84' lang='lat' dir='ltr'><strong>sanctorum</strong></span> <span class='ocrx_word' id='word_1_332' title='bbox 1143 2882 1520 2952; x_wconf 88' lang='lat' dir='ltr'><strong>episcoporum</strong></span> <span class='ocrx_word' id='word_1_333' title='bbox 1557 2882 1745 2937; x_wconf 58' lang='lat' dir='ltr'><strong>Romae</strong></span> <span class='ocrx_word' id='word_1_334' title='bbox 1800 2885 2067 2954; x_wconf 82' lang='lat' dir='ltr'><strong>synodum</strong></span> 
     </span>
    </p>
   </div>
   <div class='ocr_carea' id='block_1_48' title="bbox 496 2970 2066 3040">
    <p class='ocr_par' dir='ltr' id='par_1_48' title="bbox 496 2970 2066 3040">
     <span class='ocr_line' id='line_1_48' title="bbox 496 2970 2066 3040; baseline 0.002 -17"><span class='ocrx_word' id='word_1_335' title='bbox 496 2970 665 3039; x_wconf 81' lang='lat' dir='ltr'><strong>cOgit,</strong></span> <span class='ocrx_word' id='word_1_336' title='bbox 710 2970 768 3024; x_wconf 91' lang='lat' dir='ltr'><strong>in</strong></span> <span class='ocrx_word' id='word_1_337' title='bbox 812 2985 917 3040; x_wconf 86' lang='lat' dir='ltr'><strong>qua</strong></span> <span class='ocrx_word' id='word_1_338' title='bbox 962 2987 1027 3026; x_wconf 80' lang='lat' dir='ltr'><strong>ex</strong></span> <span class='ocrx_word' id='word_1_339' title='bbox 1082 2981 1394 3026; x_wconf 88' lang='lat' dir='ltr'><strong>sanctorum</strong></span> <span class='ocrx_word' id='word_1_340' title='bbox 1442 2972 1661 3026; x_wconf 57' lang='lat' dir='ltr'><strong>nitrum</strong></span> <span class='ocrx_word' id='word_1_341' title='bbox 1718 2975 2066 3039; x_wconf 61' lang='lat' dir='ltr'><strong>testimoniis,</strong></span> 
     </span>
    </p>
   </div>
   <div class='ocr_carea' id='block_1_49' title="bbox 498 3062 2067 3133">
    <p class='ocr_par' dir='ltr' id='par_1_49' title="bbox 498 3062 2067 3133">
     <span class='ocr_line' id='line_1_49' title="bbox 498 3062 2067 3133; baseline 0.003 -17"><span class='ocrx_word' id='word_1_342' title='bbox 498 3062 633 3117; x_wconf 89' lang='lat' dir='ltr'><strong>duas</strong></span> <span class='ocrx_word' id='word_1_343' title='bbox 688 3062 950 3118; x_wconf 83' lang='lat' dir='ltr'><strong>indirisas</strong></span> <span class='ocrx_word' id='word_1_344' title='bbox 993 3063 1194 3118; x_wconf 71' lang='lat' dir='ltr'><strong>Chrisu</strong></span> <span class='ocrx_word' id='word_1_345' title='bbox 1228 3065 1609 3133; x_wconf 83' lang='lat' dir='ltr'><strong>proprietates,</strong></span> <span class='ocrx_word' id='word_1_346' title='bbox 1644 3065 1747 3119; x_wconf 89' lang='lat' dir='ltr'><strong>hoc</strong></span> <span class='ocrx_word' id='word_1_347' title='bbox 1807 3073 1892 3121; x_wconf 90' lang='lat' dir='ltr'><strong>est</strong></span> <span class='ocrx_word' id='word_1_348' title='bbox 1924 3065 2067 3119; x_wconf 85' lang='lat' dir='ltr'><strong>divi-</strong></span> 
     </span>
    </p>
   </div>
   <div class='ocr_carea' id='block_1_50' title="bbox 2237 2614 3767 2687">
    <p class='ocr_par' dir='ltr' id='par_1_50' title="bbox 2237 2614 3767 2687">
     <span class='ocr_line' id='line_1_50' title="bbox 2237 2614 3767 2687; baseline 0.001 -19"><span class='ocrx_word' id='word_1_349' title='bbox 2237 2614 2423 2669; x_wconf 87' lang='grc' dir='ltr'>Ταῦτα</span> <span class='ocrx_word' id='word_1_350' title='bbox 2447 2616 2512 2687; x_wconf 81' lang='grc' dir='ltr'>δὴ</span> <span class='ocrx_word' id='word_1_351' title='bbox 2544 2617 2818 2682; x_wconf 84' lang='grc' dir='ltr'>ἀκούσας,</span> <span class='ocrx_word' id='word_1_352' title='bbox 2853 2616 2948 2669; x_wconf 78' lang='grc' dir='ltr'><strong>καὶ</strong></span> <span class='ocrx_word' id='word_1_353' title='bbox 2987 2614 3211 2687; x_wconf 83' lang='grc' dir='ltr'>θεωρῶν</span> <span class='ocrx_word' id='word_1_354' title='bbox 3240 2616 3269 2669; x_wconf 86' lang='grc' dir='ltr'><strong>ό</strong></span> <span class='ocrx_word' id='word_1_355' title='bbox 3307 2615 3409 2685; x_wconf 83' lang='grc' dir='ltr'>τῆς</span> <span class='ocrx_word' id='word_1_356' title='bbox 3470 2614 3767 2686; x_wconf 81' lang='grc' dir='ltr'>Ῥωμαίων</span> 
     </span>
    </p>
   </div>
   <div class='ocr_carea' id='block_1_51' title="bbox 2167 2705 3765 2778">
    <p class='ocr_par' dir='ltr' id='par_1_51' title="bbox 2167 2705 3765 2778">
     <span class='ocr_line' id='line_1_51' title="bbox 2167 2705 3765 2778; baseline 0.002 -21"><span class='ocrx_word' id='word_1_357' title='bbox 2167 2706 2432 2777; x_wconf 79' lang='grc' dir='ltr'>πρόεδρος</span> <span class='ocrx_word' id='word_1_358' title='bbox 2466 2708 2786 2778; x_wconf 83' lang='grc' dir='ltr'>Μαρτῖνος,</span> <span class='ocrx_word' id='word_1_359' title='bbox 2831 2708 2926 2761; x_wconf 72' lang='grc' dir='ltr'><strong>καὶ</strong></span> <span class='ocrx_word' id='word_1_360' title='bbox 2966 2709 3041 2778; x_wconf 83' lang='grc' dir='ltr'>μὴ</span> <span class='ocrx_word' id='word_1_361' title='bbox 3078 2707 3261 2777; x_wconf 72' lang='grc' dir='ltr'>φέρων</span> <span class='ocrx_word' id='word_1_362' title='bbox 3307 2705 3482 2770; x_wconf 78' lang='grc' dir='ltr'>οὕτως</span> <span class='ocrx_word' id='word_1_363' title='bbox 3515 2705 3765 2777; x_wconf 81' lang='grc' dir='ltr'>αἰσχρῶς</span> 
     </span>
    </p>
   </div>
   <div class='ocr_carea' id='block_1_52' title="bbox 2165 2799 3763 2872">
    <p class='ocr_par' dir='ltr' id='par_1_52' title="bbox 2165 2799 3763 2872">
     <span class='ocr_line' id='line_1_52' title="bbox 2165 2799 3763 2872; baseline -0.001 -21"><span class='ocrx_word' id='word_1_364' title='bbox 2165 2799 2299 2869; x_wconf 82' lang='grc' dir='ltr'>όρᾷν</span> <span class='ocrx_word' id='word_1_365' title='bbox 2359 2800 2764 2870; x_wconf 78' lang='grc' dir='ltr'>όνειδιξομένην</span> <span class='ocrx_word' id='word_1_366' title='bbox 2816 2800 2914 2872; x_wconf 81' lang='grc' dir='ltr'>τὴν</span> <span class='ocrx_word' id='word_1_367' title='bbox 2962 2800 3316 2869; x_wconf 79' lang='grc' dir='ltr'>Ἐκκλησίαν,</span> <span class='ocrx_word' id='word_1_368' title='bbox 3380 2801 3531 2852; x_wconf 86' lang='grc' dir='ltr'>ποιεῖ</span> <span class='ocrx_word' id='word_1_369' title='bbox 3579 2800 3643 2851; x_wconf 80' lang='grc' dir='ltr'><strong>ὲν</strong></span> <span class='ocrx_word' id='word_1_370' title='bbox 3697 2801 3763 2871; x_wconf 73' lang='grc' dir='ltr'>τῇ</span> 
     </span>
    </p>
   </div>
   <div class='ocr_carea' id='block_1_53' title="bbox 2180 2889 3764 2962">
    <p class='ocr_par' dir='ltr' id='par_1_53' title="bbox 2180 2889 3764 2962">
     <span class='ocr_line' id='line_1_53' title="bbox 2180 2889 3764 2962; baseline 0.001 -21"><span class='ocrx_word' id='word_1_371' title='bbox 2180 2889 2368 2962; x_wconf 82' lang='grc' dir='ltr'>Ῥώμῃ</span> <span class='ocrx_word' id='word_1_372' title='bbox 2401 2890 2622 2946; x_wconf 79' lang='grc' dir='ltr'>σύνοδον</span> <span class='ocrx_word' id='word_1_373' title='bbox 2659 2893 2923 2945; x_wconf 85' lang='grc' dir='ltr'>πλειόνων</span> <span class='ocrx_word' id='word_1_374' title='bbox 2943 2891 3108 2946; x_wconf 77' lang='grc' dir='ltr'>ὁσίων</span> <span class='ocrx_word' id='word_1_375' title='bbox 3139 2892 3480 2957; x_wconf 73' lang='grc' dir='ltr'>ἐπισκόπων,</span> <span class='ocrx_word' id='word_1_376' title='bbox 3516 2890 3764 2960; x_wconf 77' lang='grc' dir='ltr'>κηρύξας</span> 
     </span>
    </p>
   </div>
   <div class='ocr_carea' id='block_1_54' title="bbox 2166 2979 3765 3056">
    <p class='ocr_par' dir='ltr' id='par_1_54' title="bbox 2166 2979 3765 3056">
     <span class='ocr_line' id='line_1_54' title="bbox 2166 2979 3765 3056; baseline 0.003 -23"><span class='ocrx_word' id='word_1_377' title='bbox 2166 2982 2233 3034; x_wconf 80' lang='grc' dir='ltr'>ὲκ</span> <span class='ocrx_word' id='word_1_378' title='bbox 2263 2983 2587 3053; x_wconf 85' lang='grc' dir='ltr'>ΙΙατερικῶν</span> <span class='ocrx_word' id='word_1_379' title='bbox 2637 2985 2957 3056; x_wconf 87' lang='grc' dir='ltr'>μαρτυριῶν</span> <span class='ocrx_word' id='word_1_380' title='bbox 3001 2984 3094 3037; x_wconf 83' lang='grc' dir='ltr'>δύο</span> <span class='ocrx_word' id='word_1_381' title='bbox 3131 2984 3474 3054; x_wconf 83' lang='grc' dir='ltr'>ἀδιαιρέτους</span> <span class='ocrx_word' id='word_1_382' title='bbox 3519 2979 3765 3053; x_wconf 75' lang='grc' dir='ltr'>Χριστοῦ</span> 
     </span>
    </p>
   </div>
   <div class='ocr_carea' id='block_1_55' title="bbox 2171 3073 3767 3148">
    <p class='ocr_par' dir='ltr' id='par_1_55' title="bbox 2171 3073 3767 3148">
     <span class='ocr_line' id='line_1_55' title="bbox 2171 3073 3767 3148; baseline 0.002 -23"><span class='ocrx_word' id='word_1_383' title='bbox 2171 3073 2272 3135; x_wconf 74' lang='grc' dir='ltr'><strong>τὰς</strong></span> <span class='ocrx_word' id='word_1_384' title='bbox 2304 3074 2592 3146; x_wconf 77' lang='grc' dir='ltr'>ἰδιότητας,</span> <span class='ocrx_word' id='word_1_385' title='bbox 2620 3077 2871 3130; x_wconf 78' lang='grc' dir='ltr'>τουτέστι</span> <span class='ocrx_word' id='word_1_386' title='bbox 2922 3076 3022 3145; x_wconf 79' lang='grc' dir='ltr'>τὴν</span> <span class='ocrx_word' id='word_1_387' title='bbox 3058 3076 3207 3129; x_wconf 86' lang='grc' dir='ltr'>θείαν</span> <span class='ocrx_word' id='word_1_388' title='bbox 3269 3076 3366 3131; x_wconf 70' lang='grc' dir='ltr'>καὶ</span> <span class='ocrx_word' id='word_1_389' title='bbox 3403 3077 3507 3145; x_wconf 81' lang='grc' dir='ltr'><strong>τὴν</strong></span> <span class='ocrx_word' id='word_1_390' title='bbox 3553 3075 3767 3148; x_wconf 84' lang='grc' dir='ltr'>ἀνθρω-</span> 
     </span>
    </p>
   </div>
   <div class='ocr_carea' id='block_1_56' title="bbox 498 3153 2069 3241">
    <p class='ocr_par' dir='ltr' id='par_1_56' title="bbox 498 3153 2067 3231">
     <span class='ocr_line' id='line_1_56' title="bbox 498 3153 2067 3231; baseline 0.003 -26"><span class='ocrx_word' id='word_1_391' title='bbox 498 3167 624 3205; x_wconf 87' lang='lat' dir='ltr'><strong>nam</strong></span> <span class='ocrx_word' id='word_1_392' title='bbox 661 3161 716 3206; x_wconf 90' lang='lat' dir='ltr'><strong>et</strong></span> <span class='ocrx_word' id='word_1_393' title='bbox 751 3153 1043 3231; x_wconf 85' lang='lat' dir='ltr'><strong>humanam</strong></span> <span class='ocrx_word' id='word_1_394' title='bbox 1097 3153 1433 3227; x_wconf 80' lang='lat' dir='ltr'><strong>voluntatem</strong></span> <span class='ocrx_word' id='word_1_395' title='bbox 1479 3153 1617 3221; x_wconf 79' lang='lat' dir='ltr'><strong>ejus,</strong></span> <span class='ocrx_word' id='word_1_396' title='bbox 1669 3164 1831 3225; x_wconf 87' lang='lat' dir='ltr'><strong>atque</strong></span> <span class='ocrx_word' id='word_1_397' title='bbox 1867 3170 2067 3225; x_wconf 85' lang='lat' dir='ltr'><strong>opera-</strong></span> 
     </span>
    </p>
   </div>
   <div class='ocr_carea' id='block_1_57' title="bbox 2175 3153 3768 3241">
    <p class='ocr_par' dir='ltr' id='par_1_57' title="bbox 2177 3163 3768 3241">
     <span class='ocr_line' id='line_1_57' title="bbox 2177 3163 3768 3241; baseline -0.001 -22"><span class='ocrx_word' id='word_1_398' title='bbox 2177 3169 2341 3237; x_wconf 86' lang='grc' dir='ltr'>πίνην</span> <span class='ocrx_word' id='word_1_399' title='bbox 2375 3168 2598 3241; x_wconf 81' lang='grc' dir='ltr'>θέλησιν</span> <span class='ocrx_word' id='word_1_400' title='bbox 2651 3168 2815 3222; x_wconf 81' lang='grc' dir='ltr'>αὑτοῦ</span> <span class='ocrx_word' id='word_1_401' title='bbox 2874 3170 2970 3222; x_wconf 81' lang='grc' dir='ltr'>καὶ</span> <span class='ocrx_word' id='word_1_402' title='bbox 3012 3168 3318 3238; x_wconf 77' lang='grc' dir='ltr'>ἐνέργειαν.</span> <span class='ocrx_word' id='word_1_403' title='bbox 3367 3163 3502 3236; x_wconf 70' lang='grc' dir='ltr'>Εἶτα</span> <span class='ocrx_word' id='word_1_404' title='bbox 3535 3167 3768 3237; x_wconf 75' lang='grc' dir='ltr'>τελευτᾷ</span> 
     </span>
    </p>
   </div>
   <div class='ocr_carea' id='block_1_58' title="bbox 500 3246 2073 3314">
    <p class='ocr_par' dir='ltr' id='par_1_58' title="bbox 500 3246 2073 3314">
     <span class='ocr_line' id='line_1_58' title="bbox 500 3246 2073 3314; baseline 0.002 -16"><span class='ocrx_word' id='word_1_405' title='bbox 500 3247 698 3299; x_wconf 83' lang='lat' dir='ltr'><strong>tionem</strong></span> <span class='ocrx_word' id='word_1_406' title='bbox 747 3246 920 3314; x_wconf 87' lang='lat' dir='ltr'><strong>palam</strong></span> <span class='ocrx_word' id='word_1_407' title='bbox 956 3248 1259 3314; x_wconf 83' lang='lat' dir='ltr'><strong>profitetur.</strong></span> <span class='ocrx_word' id='word_1_408' title='bbox 1323 3248 1447 3301; x_wconf 83' lang='lat' dir='ltr'><strong>Post</strong></span> <span class='ocrx_word' id='word_1_409' title='bbox 1494 3248 1606 3301; x_wconf 70' lang='lat' dir='ltr'><strong>haec</strong></span> <span class='ocrx_word' id='word_1_410' title='bbox 1637 3247 1868 3301; x_wconf 87' lang='lat' dir='ltr'><strong>decessit</strong></span> <span class='ocrx_word' id='word_1_411' title='bbox 1902 3247 2073 3303; x_wconf 88' lang='lat' dir='ltr'><strong>Hera-</strong></span> 
     </span>
    </p>
   </div>
   <div class='ocr_carea' id='block_1_59' title="bbox 499 3335 2071 3411">
    <p class='ocr_par' dir='ltr' id='par_1_59' title="bbox 499 3335 2071 3411">
     <span class='ocr_line' id='line_1_59' title="bbox 499 3335 2071 3411; baseline 0.002 -18"><span class='ocrx_word' id='word_1_412' title='bbox 499 3335 635 3393; x_wconf 89' lang='lat' dir='ltr'><strong>clius</strong></span> <span class='ocrx_word' id='word_1_413' title='bbox 671 3354 686 3393; x_wconf 86' lang='lat'><strong>:</strong></span> <span class='ocrx_word' id='word_1_414' title='bbox 721 3336 940 3407; x_wconf 85' lang='lat' dir='ltr'><strong>pellitur</strong></span> <span class='ocrx_word' id='word_1_415' title='bbox 962 3338 1155 3393; x_wconf 84' lang='lat' dir='ltr'><strong>exsilio</strong></span> <span class='ocrx_word' id='word_1_416' title='bbox 1178 3337 1442 3395; x_wconf 80' lang='lat' dir='ltr'><strong>Martinus</strong></span> <span class='ocrx_word' id='word_1_417' title='bbox 1471 3342 1540 3394; x_wconf 87' lang='lat' dir='ltr'><strong>ab</strong></span> <span class='ocrx_word' id='word_1_418' title='bbox 1568 3339 1803 3394; x_wconf 82' lang='lat' dir='ltr'><strong>Heraclii</strong></span> <span class='ocrx_word' id='word_1_419' title='bbox 1833 3350 2028 3411; x_wconf 89' lang='lat' dir='ltr'><strong>nepote</strong></span> <span class='ocrx_word' id='word_1_420' title='bbox 2058 3357 2071 3395; x_wconf 92' lang='lat'><strong>:</strong></span> 
     </span>
    </p>
   </div>
   <div class='ocr_carea' id='block_1_60' title="bbox 501 3427 2076 3497">
    <p class='ocr_par' dir='ltr' id='par_1_60' title="bbox 501 3427 2076 3497">
     <span class='ocr_line' id='line_1_60' title="bbox 501 3427 2076 3497; baseline 0.002 -15"><span class='ocrx_word' id='word_1_421' title='bbox 501 3427 799 3497; x_wconf 85' lang='lat' dir='ltr'><strong>statimque</strong></span> <span class='ocrx_word' id='word_1_422' title='bbox 835 3429 1075 3481; x_wconf 79' lang='lat' dir='ltr'><strong>surrexit</strong></span> <span class='ocrx_word' id='word_1_423' title='bbox 1129 3428 1409 3484; x_wconf 87' lang='lat' dir='ltr'><strong>solitarius</strong></span> <span class='ocrx_word' id='word_1_424' title='bbox 1452 3430 1675 3485; x_wconf 81' lang='lat' dir='ltr'><strong>Amalec</strong></span> <span class='ocrx_word' id='word_1_425' title='bbox 1723 3446 1823 3486; x_wconf 91' lang='lat' dir='ltr'><strong>nos</strong></span> <span class='ocrx_word' id='word_1_426' title='bbox 1867 3429 2076 3486; x_wconf 89' lang='lat' dir='ltr'><strong>Christi</strong></span> 
     </span>
    </p>
   </div>
   <div class='ocr_carea' id='block_1_61' title="bbox 501 3520 1116 3589">
    <p class='ocr_par' dir='ltr' id='par_1_61' title="bbox 501 3520 1116 3589">
     <span class='ocr_line' id='line_1_61' title="bbox 501 3520 1116 3589; baseline 0.003 -16"><span class='ocrx_word' id='word_1_427' title='bbox 501 3520 753 3589; x_wconf 86' lang='lat' dir='ltr'><strong>populqu</strong></span> <span class='ocrx_word' id='word_1_428' title='bbox 783 3522 1116 3588; x_wconf 85' lang='lat' dir='ltr'><strong>percutiens.</strong></span> 
     </span>
    </p>
   </div>
   <div class='ocr_carea' id='block_1_62' title="bbox 572 3611 2077 3684">
    <p class='ocr_par' dir='ltr' id='par_1_62' title="bbox 572 3611 2077 3684">
     <span class='ocr_line' id='line_1_62' title="bbox 572 3611 2077 3684; baseline 0.003 -17"><span class='ocrx_word' id='word_1_429' title='bbox 572 3611 756 3668; x_wconf 86' lang='lat' dir='ltr'><strong>Prima</strong></span> <span class='ocrx_word' id='word_1_430' title='bbox 799 3630 862 3669; x_wconf 86' lang='lat' dir='ltr'><strong>ea</strong></span> <span class='ocrx_word' id='word_1_431' title='bbox 916 3614 1021 3669; x_wconf 78' lang='lat' dir='ltr'><strong>fuit</strong></span> <span class='ocrx_word' id='word_1_432' title='bbox 1067 3614 1343 3682; x_wconf 83' lang='lat' dir='ltr'><strong>terribilis,</strong></span> <span class='ocrx_word' id='word_1_433' title='bbox 1395 3624 1560 3684; x_wconf 82' lang='lat' dir='ltr'><strong>atque</strong></span> <span class='ocrx_word' id='word_1_434' title='bbox 1615 3615 1935 3672; x_wconf 86' lang='lat' dir='ltr'><strong>insanabilis</strong></span> <span class='ocrx_word' id='word_1_435' title='bbox 1964 3617 2077 3673; x_wconf 81' lang='lat' dir='ltr'><strong>Ro-</strong></span> 
     </span>
    </p>
   </div>
   <div class='ocr_carea' id='block_1_63' title="bbox 500 3706 2074 3777">
    <p class='ocr_par' dir='ltr' id='par_1_63' title="bbox 500 3706 2074 3777">
     <span class='ocr_line' id='line_1_63' title="bbox 500 3706 2074 3777; baseline 0.002 -17"><span class='ocrx_word' id='word_1_436' title='bbox 500 3706 647 3760; x_wconf 87' lang='lat' dir='ltr'><strong>mani</strong></span> <span class='ocrx_word' id='word_1_437' title='bbox 676 3707 954 3761; x_wconf 76' lang='lat' dir='ltr'><strong>exercitus</strong></span> <span class='ocrx_word' id='word_1_438' title='bbox 979 3707 1164 3762; x_wconf 89' lang='lat' dir='ltr'><strong>clades</strong></span> <span class='ocrx_word' id='word_1_439' title='bbox 1198 3724 1212 3760; x_wconf 90' lang='lat'><strong>:</strong></span> <span class='ocrx_word' id='word_1_440' title='bbox 1248 3707 1361 3772; x_wconf 87' lang='lat' dir='ltr'><strong>illa,</strong></span> <span class='ocrx_word' id='word_1_441' title='bbox 1393 3707 1635 3775; x_wconf 82' lang='lat' dir='ltr'><strong>inquam,</strong></span> <span class='ocrx_word' id='word_1_442' title='bbox 1661 3708 1727 3761; x_wconf 87' lang='lat' dir='ltr'><strong>ad</strong></span> <span class='ocrx_word' id='word_1_443' title='bbox 1757 3708 2074 3777; x_wconf 86' lang='lat' dir='ltr'><strong>Gabitham,</strong></span> 
     </span>
    </p>
   </div>
   <div class='ocr_carea' id='block_1_64' title="bbox 497 3799 2077 3868">
    <p class='ocr_par' dir='ltr' id='par_1_64' title="bbox 497 3799 2077 3868">
     <span class='ocr_line' id='line_1_64' title="bbox 497 3799 2077 3868; baseline -0.001 -12"><span class='ocrx_word' id='word_1_444' title='bbox 497 3811 555 3856; x_wconf 84' lang='lat' dir='ltr'><strong>et</strong></span> <span class='ocrx_word' id='word_1_445' title='bbox 595 3800 1008 3866; x_wconf 84' lang='lat' dir='ltr'><strong>Hiermucltam,</strong></span> <span class='ocrx_word' id='word_1_446' title='bbox 1048 3812 1103 3856; x_wconf 90' lang='lat' dir='ltr'><strong>et</strong></span> <span class='ocrx_word' id='word_1_447' title='bbox 1156 3799 1459 3855; x_wconf 84' lang='lat' dir='ltr'><strong>Dathemon</strong></span> <span class='ocrx_word' id='word_1_448' title='bbox 1494 3800 1773 3868; x_wconf 70' lang='lat' dir='ltr'><strong>Sanguinis</strong></span> <span class='ocrx_word' id='word_1_449' title='bbox 1808 3801 1970 3866; x_wconf 80' lang='lat' dir='ltr'><strong>fusio,</strong></span> <span class='ocrx_word' id='word_1_450' title='bbox 2009 3800 2077 3854; x_wconf 91' lang='lat' dir='ltr'><strong>ad</strong></span> 
     </span>
    </p>
   </div>
   <div class='ocr_carea' id='block_1_65' title="bbox 498 3892 2078 3964">
    <p class='ocr_par' dir='ltr' id='par_1_65' title="bbox 498 3892 2078 3964">
     <span class='ocr_line' id='line_1_65' title="bbox 498 3892 2078 3964; baseline 0 -17"><span class='ocrx_word' id='word_1_451' title='bbox 498 3908 663 3964; x_wconf 87' lang='lat' dir='ltr'><strong>quam</strong></span> <span class='ocrx_word' id='word_1_452' title='bbox 703 3893 1134 3960; x_wconf 80' lang='lat' dir='ltr'><strong>Palaestinorum,</strong></span> <span class='ocrx_word' id='word_1_453' title='bbox 1167 3904 1220 3948; x_wconf 92' lang='lat' dir='ltr'><strong>et</strong></span> <span class='ocrx_word' id='word_1_454' title='bbox 1250 3892 1701 3957; x_wconf 71' lang='lat' dir='ltr'><strong>Caesareeusium,</strong></span> <span class='ocrx_word' id='word_1_455' title='bbox 1739 3900 1795 3947; x_wconf 90' lang='lat' dir='ltr'><strong>et</strong></span> <span class='ocrx_word' id='word_1_456' title='bbox 1825 3892 2078 3947; x_wconf 85' lang='lat' dir='ltr'><strong>Hieroso-</strong></span> 
     </span>
    </p>
   </div>
   <div class='ocr_carea' id='block_1_66' title="bbox 499 3984 2073 4055">
    <p class='ocr_par' dir='ltr' id='par_1_66' title="bbox 499 3984 2073 4055">
     <span class='ocr_line' id='line_1_66' title="bbox 499 3984 2073 4055; baseline 0.001 -18"><span class='ocrx_word' id='word_1_457' title='bbox 499 3984 809 4055; x_wconf 73' lang='lat' dir='ltr'><strong>lymitarum</strong></span> <span class='ocrx_word' id='word_1_458' title='bbox 882 3992 1084 4039; x_wconf 68' lang='lat' dir='ltr'><strong>secutae</strong></span> <span class='ocrx_word' id='word_1_459' title='bbox 1133 3993 1260 4038; x_wconf 86' lang='lat' dir='ltr'><strong>sunt</strong></span> <span class='ocrx_word' id='word_1_460' title='bbox 1310 3995 1552 4053; x_wconf 66' lang='lat' dir='ltr'><strong>capturae</strong></span> <span class='ocrx_word' id='word_1_461' title='bbox 1603 3993 1655 4039; x_wconf 89' lang='lat' dir='ltr'><strong>et</strong></span> <span class='ocrx_word' id='word_1_462' title='bbox 1709 3985 2073 4040; x_wconf 90' lang='lat' dir='ltr'><strong>incensiones.</strong></span> 
     </span>
    </p>
   </div>
   <div class='ocr_carea' id='block_1_67' title="bbox 498 4074 2077 4146">
    <p class='ocr_par' dir='ltr' id='par_1_67' title="bbox 498 4074 2077 4146">
     <span class='ocr_line' id='line_1_67' title="bbox 498 4074 2077 4146; baseline 0.002 -17"><span class='ocrx_word' id='word_1_463' title='bbox 498 4075 628 4130; x_wconf 88' lang='lat' dir='ltr'><strong>lude</strong></span> <span class='ocrx_word' id='word_1_464' title='bbox 666 4074 884 4146; x_wconf 59' lang='lat' dir='ltr'><strong>IEgypti</strong></span> <span class='ocrx_word' id='word_1_465' title='bbox 922 4076 1217 4145; x_wconf 86' lang='lat' dir='ltr'><strong>pernicies,</strong></span> <span class='ocrx_word' id='word_1_466' title='bbox 1262 4085 1385 4145; x_wconf 86' lang='lat' dir='ltr'><strong>post</strong></span> <span class='ocrx_word' id='word_1_467' title='bbox 1433 4091 1560 4130; x_wconf 88' lang='lat' dir='ltr'><strong>vero</strong></span> <span class='ocrx_word' id='word_1_468' title='bbox 1614 4078 1872 4132; x_wconf 90' lang='lat' dir='ltr'><strong>continuo</strong></span> <span class='ocrx_word' id='word_1_469' title='bbox 1907 4076 2077 4132; x_wconf 86' lang='lat' dir='ltr'><strong>Medi-</strong></span> 
     </span>
    </p>
   </div>
   <div class='ocr_carea' id='block_1_68' title="bbox 500 4155 2077 4233">
    <p class='ocr_par' dir='ltr' id='par_1_68' title="bbox 500 4155 2077 4233">
     <span class='ocr_line' id='line_1_68' title="bbox 500 4155 2077 4233; baseline 0.001 -9"><span class='ocrx_word' id='word_1_470' title='bbox 500 4155 901 4230; x_wconf 77' lang='lat' dir='ltr'><strong>terraneorum.</strong></span> <span class='ocrx_word' id='word_1_471' title='bbox 955 4178 1012 4223; x_wconf 87' lang='lat' dir='ltr'><strong>et</strong></span> <span class='ocrx_word' id='word_1_472' title='bbox 1044 4169 1373 4233; x_wconf 84' lang='lat' dir='ltr'><strong>insularum,</strong></span> <span class='ocrx_word' id='word_1_473' title='bbox 1407 4177 1462 4223; x_wconf 89' lang='lat' dir='ltr'><strong>et</strong></span> <span class='ocrx_word' id='word_1_474' title='bbox 1492 4169 1777 4224; x_wconf 57' lang='lat' dir='ltr'><strong>Romaniae</strong></span> <span class='ocrx_word' id='word_1_475' title='bbox 1806 4170 2077 4225; x_wconf 69' lang='lat' dir='ltr'><strong>universa)</strong></span> 
     </span>
    </p>
   </div>
   <div class='ocr_carea' id='block_1_69' title="bbox 497 4258 2068 4330">
    <p class='ocr_par' dir='ltr' id='par_1_69' title="bbox 497 4258 2068 4330">
     <span class='ocr_line' id='line_1_69' title="bbox 497 4258 2068 4330; baseline -0.002 -16"><span class='ocrx_word' id='word_1_476' title='bbox 497 4259 862 4328; x_wconf 83' lang='lat' dir='ltr'><strong>captivitates,</strong></span> <span class='ocrx_word' id='word_1_477' title='bbox 889 4258 1324 4326; x_wconf 87' lang='lat' dir='ltr'><strong>insanabilesque</strong></span> <span class='ocrx_word' id='word_1_478' title='bbox 1345 4259 1678 4313; x_wconf 74' lang='lat' dir='ltr'><strong>vastationes</strong></span> <span class='ocrx_word' id='word_1_479' title='bbox 1704 4259 2068 4330; x_wconf 78' lang='lat' dir='ltr'><strong>contigerunt.</strong></span> 
     </span>
    </p>
   </div>
   <div class='ocr_carea' id='block_1_70' title="bbox 432 4351 2074 4421">
    <p class='ocr_par' dir='ltr' id='par_1_70' title="bbox 432 4351 2074 4421">
     <span class='ocr_line' id='line_1_70' title="bbox 432 4351 2074 4421; baseline -0.001 -14"><span class='ocrx_word' id='word_1_480' title='bbox 432 4374 439 4379; x_wconf 74' lang='grc'><strong>-</strong></span> <span class='ocrx_word' id='word_1_481' title='bbox 500 4353 701 4407; x_wconf 78' lang='lat' dir='ltr'><strong>Verum</strong></span> <span class='ocrx_word' id='word_1_482' title='bbox 736 4366 913 4419; x_wconf 74' lang='lat' dir='ltr'><strong>neque</strong></span> <span class='ocrx_word' id='word_1_483' title='bbox 953 4360 1241 4420; x_wconf 87' lang='lat' dir='ltr'><strong>propterea</strong></span> <span class='ocrx_word' id='word_1_484' title='bbox 1273 4364 1460 4419; x_wconf 89' lang='lat' dir='ltr'><strong>pacem</strong></span> <span class='ocrx_word' id='word_1_485' title='bbox 1518 4351 1745 4406; x_wconf 78' lang='lat' dir='ltr'><strong>Romani</strong></span> <span class='ocrx_word' id='word_1_486' title='bbox 1797 4352 2074 4421; x_wconf 89' lang='lat' dir='ltr'><strong>principes</strong></span> 
     </span>
    </p>
   </div>
   <div class='ocr_carea' id='block_1_71' title="bbox 496 4440 2074 4509">
    <p class='ocr_par' dir='ltr' id='par_1_71' title="bbox 496 4440 2074 4509">
     <span class='ocr_line' id='line_1_71' title="bbox 496 4440 2074 4509; baseline -0.003 -12"><span class='ocrx_word' id='word_1_487' title='bbox 496 4450 553 4497; x_wconf 88' lang='lat' dir='ltr'><strong>et</strong></span> <span class='ocrx_word' id='word_1_488' title='bbox 613 4441 982 4495; x_wconf 87' lang='lat' dir='ltr'><strong>dominatores</strong></span> <span class='ocrx_word' id='word_1_489' title='bbox 1038 4441 1557 4509; x_wconf 88' lang='lat' dir='ltr'><strong>consensionemque</strong></span> <span class='ocrx_word' id='word_1_490' title='bbox 1607 4440 1930 4503; x_wconf 78' lang='lat' dir='ltr'><strong>firmarunt;</strong></span> <span class='ocrx_word' id='word_1_491' title='bbox 1987 4453 2074 4492; x_wconf 80' lang='lat' dir='ltr'><strong>ve-</strong></span> 
     </span>
    </p>
   </div>
   <div class='ocr_carea' id='block_1_72' title="bbox 2192 3256 3766 3331">
    <p class='ocr_par' dir='ltr' id='par_1_72' title="bbox 2192 3256 3766 3331">
     <span class='ocr_line' id='line_1_72' title="bbox 2192 3256 3766 3331; baseline 0.001 -20"><span class='ocrx_word' id='word_1_492' title='bbox 2192 3256 2536 3329; x_wconf 85' lang='grc' dir='ltr'>Ἡράκλειος·</span> <span class='ocrx_word' id='word_1_493' title='bbox 2587 3260 2886 3331; x_wconf 78' lang='grc' dir='ltr'>ὲξορίζεται</span> <span class='ocrx_word' id='word_1_494' title='bbox 2915 3261 3190 3331; x_wconf 81' lang='grc' dir='ltr'>Μαρτῖνος</span> <span class='ocrx_word' id='word_1_495' title='bbox 3235 3259 3341 3313; x_wconf 82' lang='grc' dir='ltr'>ὑπὸ</span> <span class='ocrx_word' id='word_1_496' title='bbox 3394 3258 3491 3312; x_wconf 87' lang='grc' dir='ltr'><strong>τοῦ</strong></span> <span class='ocrx_word' id='word_1_497' title='bbox 3538 3260 3766 3328; x_wconf 80' lang='grc' dir='ltr'>ὲγγόνου</span> 
     </span>
    </p>
   </div>
   <div class='ocr_carea' id='block_1_73' title="bbox 2189 3349 3769 3421">
    <p class='ocr_par' dir='ltr' id='par_1_73' title="bbox 2189 3349 3769 3421">
     <span class='ocr_line' id='line_1_73' title="bbox 2189 3349 3769 3421; baseline 0 -19"><span class='ocrx_word' id='word_1_498' title='bbox 2189 3349 2538 3420; x_wconf 81' lang='grc' dir='ltr'>Ἡρακλείου·</span> <span class='ocrx_word' id='word_1_499' title='bbox 2574 3353 2670 3405; x_wconf 72' lang='grc' dir='ltr'><strong>καὶ</strong></span> <span class='ocrx_word' id='word_1_500' title='bbox 2702 3351 2898 3405; x_wconf 82' lang='grc' dir='ltr'>θᾶττον</span> <span class='ocrx_word' id='word_1_501' title='bbox 2922 3350 3123 3420; x_wconf 79' lang='grc' dir='ltr'>ἀνέστη</span> <span class='ocrx_word' id='word_1_502' title='bbox 3152 3352 3179 3403; x_wconf 88' lang='grc' dir='ltr'><strong>ό</strong></span> <span class='ocrx_word' id='word_1_503' title='bbox 3205 3350 3472 3421; x_wconf 77' lang='grc' dir='ltr'>ὲρημικὸς</span> <span class='ocrx_word' id='word_1_504' title='bbox 3513 3349 3769 3419; x_wconf 66' lang='grc' dir='ltr'>’Δμαλὴκ</span> 
     </span>
    </p>
   </div>
   <div class='ocr_carea' id='block_1_74' title="bbox 2177 3440 3302 3513">
    <p class='ocr_par' dir='ltr' id='par_1_74' title="bbox 2177 3440 3302 3513">
     <span class='ocr_line' id='line_1_74' title="bbox 2177 3440 3302 3513; baseline 0.002 -19"><span class='ocrx_word' id='word_1_505' title='bbox 2177 3440 2399 3496; x_wconf 80' lang='grc' dir='ltr'>τύπτων</span> <span class='ocrx_word' id='word_1_506' title='bbox 2442 3443 2593 3512; x_wconf 81' lang='grc' dir='ltr'>ἡμᾶς</span> <span class='ocrx_word' id='word_1_507' title='bbox 2622 3441 2713 3496; x_wconf 81' lang='grc' dir='ltr'>τὸν</span> <span class='ocrx_word' id='word_1_508' title='bbox 2745 3442 2873 3495; x_wconf 80' lang='grc' dir='ltr'>λαδν</span> <span class='ocrx_word' id='word_1_509' title='bbox 2910 3440 3007 3496; x_wconf 86' lang='grc' dir='ltr'><strong>τοῦ</strong></span> <span class='ocrx_word' id='word_1_510' title='bbox 3040 3440 3302 3513; x_wconf 80' lang='grc' dir='ltr'>Χριστοῦ.</span> 
     </span>
    </p>
   </div>
   <div class='ocr_carea' id='block_1_75' title="bbox 2250 3612 3765 3690">
    <p class='ocr_par' dir='ltr' id='par_1_75' title="bbox 2250 3612 3765 3690">
     <span class='ocr_line' id='line_1_75' title="bbox 2250 3612 3765 3690; baseline -0.005 -18"><span class='ocrx_word' id='word_1_511' title='bbox 2250 3617 2465 3690; x_wconf 79' lang='grc' dir='ltr'>Ἐκείνη</span> <span class='ocrx_word' id='word_1_512' title='bbox 2497 3613 2565 3690; x_wconf 80' lang='grc' dir='ltr'><strong>ἦν</strong></span> <span class='ocrx_word' id='word_1_513' title='bbox 2594 3619 2626 3690; x_wconf 81' lang='grc' dir='ltr'>ἡ</span> <span class='ocrx_word' id='word_1_514' title='bbox 2668 3615 2860 3688; x_wconf 83' lang='grc' dir='ltr'>πρώτη</span> <span class='ocrx_word' id='word_1_515' title='bbox 2896 3615 2991 3670; x_wconf 71' lang='grc' dir='ltr'>καὶ</span> <span class='ocrx_word' id='word_1_516' title='bbox 3026 3613 3248 3686; x_wconf 73' lang='grc' dir='ltr'>φοϐερά</span> <span class='ocrx_word' id='word_1_517' title='bbox 3287 3615 3388 3669; x_wconf 68' lang='grc' dir='ltr'>καὶ</span> <span class='ocrx_word' id='word_1_518' title='bbox 3416 3614 3640 3678; x_wconf 81' lang='grc' dir='ltr'>ἀνίατος</span> <span class='ocrx_word' id='word_1_519' title='bbox 3673 3612 3765 3666; x_wconf 82' lang='grc' dir='ltr'><strong>τοῦ</strong></span> 
     </span>
    </p>
   </div>
   <div class='ocr_carea' id='block_1_76' title="bbox 2190 3705 3767 3778">
    <p class='ocr_par' dir='ltr' id='par_1_76' title="bbox 2190 3705 3767 3778">
     <span class='ocr_line' id='line_1_76' title="bbox 2190 3705 3767 3778; baseline -0.001 -17"><span class='ocrx_word' id='word_1_520' title='bbox 2190 3705 2504 3777; x_wconf 80' lang='grc' dir='ltr'>Ῥωμαϊκοῦ</span> <span class='ocrx_word' id='word_1_521' title='bbox 2545 3707 2777 3778; x_wconf 85' lang='grc' dir='ltr'>στρατοῦ</span> <span class='ocrx_word' id='word_1_522' title='bbox 2816 3707 3052 3769; x_wconf 86' lang='grc' dir='ltr'>πτῶσις·</span> <span class='ocrx_word' id='word_1_523' title='bbox 3109 3708 3141 3777; x_wconf 84' lang='grc' dir='ltr'>ή</span> <span class='ocrx_word' id='word_1_524' title='bbox 3190 3707 3333 3760; x_wconf 86' lang='grc' dir='ltr'><strong>κατὰ</strong></span> <span class='ocrx_word' id='word_1_525' title='bbox 3380 3706 3481 3776; x_wconf 81' lang='grc' dir='ltr'><strong>τὴν</strong></span> <span class='ocrx_word' id='word_1_526' title='bbox 3527 3705 3767 3760; x_wconf 79' lang='grc' dir='ltr'>Γασιθᾶν</span> 
     </span>
    </p>
   </div>
   <div class='ocr_carea' id='block_1_77' title="bbox 2179 3794 3762 3868">
    <p class='ocr_par' dir='ltr' id='par_1_77' title="bbox 2179 3794 3762 3868">
     <span class='ocr_line' id='line_1_77' title="bbox 2179 3794 3762 3868; baseline -0.002 -18"><span class='ocrx_word' id='word_1_527' title='bbox 2179 3796 2348 3864; x_wconf 81' lang='grc' dir='ltr'>λέγω,</span> <span class='ocrx_word' id='word_1_528' title='bbox 2379 3797 2474 3849; x_wconf 79' lang='grc' dir='ltr'>καὶ</span> <span class='ocrx_word' id='word_1_529' title='bbox 2517 3798 2863 3867; x_wconf 79' lang='grc' dir='ltr'>Ἰερμουχᾶν,</span> <span class='ocrx_word' id='word_1_530' title='bbox 2897 3797 2994 3850; x_wconf 80' lang='grc' dir='ltr'>καὶ</span> <span class='ocrx_word' id='word_1_531' title='bbox 3016 3795 3116 3866; x_wconf 80' lang='grc' dir='ltr'>τὴν</span> <span class='ocrx_word' id='word_1_532' title='bbox 3149 3794 3416 3867; x_wconf 83' lang='grc' dir='ltr'>Δαθεμὼν</span> <span class='ocrx_word' id='word_1_533' title='bbox 3442 3794 3762 3868; x_wconf 81' lang='grc' dir='ltr'>αῐμοχυσία,</span> 
     </span>
    </p>
   </div>
   <div class='ocr_carea' id='block_1_78' title="bbox 2182 3887 3765 3961">
    <p class='ocr_par' dir='ltr' id='par_1_78' title="bbox 2182 3887 3765 3961">
     <span class='ocr_line' id='line_1_78' title="bbox 2182 3887 3765 3961; baseline -0.001 -19"><span class='ocrx_word' id='word_1_534' title='bbox 2182 3890 2303 3961; x_wconf 85' lang='grc' dir='ltr'>μεθ’</span> <span class='ocrx_word' id='word_1_535' title='bbox 2359 3891 2425 3961; x_wconf 76' lang='grc' dir='ltr'><strong>ἢν</strong></span> <span class='ocrx_word' id='word_1_536' title='bbox 2479 3890 2538 3945; x_wconf 74' lang='lat' dir='ltr'><strong>at</strong></span> <span class='ocrx_word' id='word_1_537' title='bbox 2588 3890 2830 3944; x_wconf 84' lang='grc' dir='ltr'>Παλαιστ</span> <span class='ocrx_word' id='word_1_538' title='bbox 2860 3907 3003 3957; x_wconf 76' lang='grc' dir='ltr'>νων,</span> <span class='ocrx_word' id='word_1_539' title='bbox 3064 3890 3160 3945; x_wconf 76' lang='grc' dir='ltr'><strong>καὶ</strong></span> <span class='ocrx_word' id='word_1_540' title='bbox 3220 3890 3574 3961; x_wconf 80' lang='grc' dir='ltr'>Καισαρέων,</span> <span class='ocrx_word' id='word_1_541' title='bbox 3671 3887 3765 3941; x_wconf 75' lang='grc' dir='ltr'>καὶ</span> 
     </span>
    </p>
   </div>
   <div class='ocr_carea' id='block_1_79' title="bbox 2189 3976 3765 4053">
    <p class='ocr_par' dir='ltr' id='par_1_79' title="bbox 2189 3976 3765 4053">
     <span class='ocr_line' id='line_1_79' title="bbox 2189 3976 3765 4053; baseline -0.001 -19"><span class='ocrx_word' id='word_1_542' title='bbox 2189 3981 2583 4052; x_wconf 84' lang='grc' dir='ltr'>Ἰεροσολύμων</span> <span class='ocrx_word' id='word_1_543' title='bbox 2634 3981 2869 4046; x_wconf 75' lang='grc' dir='ltr'>ἁλώσεις</span> <span class='ocrx_word' id='word_1_544' title='bbox 2950 3983 3044 4035; x_wconf 73' lang='grc' dir='ltr'>καὶ</span> <span class='ocrx_word' id='word_1_545' title='bbox 3075 3983 3404 4053; x_wconf 80' lang='grc' dir='ltr'>ἐμπρήσεις.</span> <span class='ocrx_word' id='word_1_546' title='bbox 3442 3976 3583 4034; x_wconf 81' lang='grc' dir='ltr'>Εἶτα</span> <span class='ocrx_word' id='word_1_547' title='bbox 3614 3982 3643 4033; x_wconf 85' lang='grc' dir='ltr'><strong>ό</strong></span> <span class='ocrx_word' id='word_1_548' title='bbox 3669 3981 3765 4033; x_wconf 82' lang='grc' dir='ltr'><strong>Δί-</strong></span> 
     </span>
    </p>
   </div>
   <div class='ocr_carea' id='block_1_80' title="bbox 2178 4071 3761 4144">
    <p class='ocr_par' dir='ltr' id='par_1_80' title="bbox 2178 4071 3761 4144">
     <span class='ocr_line' id='line_1_80' title="bbox 2178 4071 3761 4144; baseline -0.002 -18"><span class='ocrx_word' id='word_1_549' title='bbox 2178 4073 2407 4142; x_wconf 83' lang='grc' dir='ltr'>γύπτιος</span> <span class='ocrx_word' id='word_1_550' title='bbox 2453 4072 2695 4144; x_wconf 74' lang='grc' dir='ltr'>ὄλεθρος,</span> <span class='ocrx_word' id='word_1_551' title='bbox 2758 4073 2855 4126; x_wconf 75' lang='grc' dir='ltr'>καὶ</span> <span class='ocrx_word' id='word_1_552' title='bbox 2888 4072 3125 4141; x_wconf 73' lang='grc' dir='ltr'>καθεξῆς</span> <span class='ocrx_word' id='word_1_553' title='bbox 3175 4074 3232 4126; x_wconf 88' lang='grc' dir='ltr'>αἱ</span> <span class='ocrx_word' id='word_1_554' title='bbox 3284 4072 3397 4126; x_wconf 88' lang='grc' dir='ltr'><strong>τῶν</strong></span> <span class='ocrx_word' id='word_1_555' title='bbox 3437 4071 3761 4142; x_wconf 77' lang='grc' dir='ltr'>μεσογείων,</span> 
     </span>
    </p>
   </div>
   <div class='ocr_carea' id='block_1_81' title="bbox 2179 4163 3764 4236">
    <p class='ocr_par' dir='ltr' id='par_1_81' title="bbox 2179 4163 3764 4236">
     <span class='ocr_line' id='line_1_81' title="bbox 2179 4163 3764 4236; baseline -0.002 -17"><span class='ocrx_word' id='word_1_556' title='bbox 2179 4166 2277 4219; x_wconf 71' lang='grc' dir='ltr'>καὶ</span> <span class='ocrx_word' id='word_1_557' title='bbox 2304 4166 2506 4235; x_wconf 86' lang='grc' dir='ltr'>νήσων,</span> <span class='ocrx_word' id='word_1_558' title='bbox 2541 4166 2639 4217; x_wconf 73' lang='grc' dir='ltr'>καὶ</span> <span class='ocrx_word' id='word_1_559' title='bbox 2682 4163 2995 4235; x_wconf 81' lang='grc' dir='ltr'>Ῥωμανίας</span> <span class='ocrx_word' id='word_1_560' title='bbox 3023 4167 3204 4236; x_wconf 79' lang='grc' dir='ltr'>πάσης</span> <span class='ocrx_word' id='word_1_561' title='bbox 3233 4165 3613 4235; x_wconf 79' lang='grc' dir='ltr'>αίχμαλωσίαι</span> <span class='ocrx_word' id='word_1_562' title='bbox 3672 4165 3764 4220; x_wconf 75' lang='grc' dir='ltr'>καὶ</span> 
     </span>
    </p>
   </div>
   <div class='ocr_carea' id='block_1_82' title="bbox 2180 4255 3762 4327">
    <p class='ocr_par' dir='ltr' id='par_1_82' title="bbox 2180 4255 3762 4327">
     <span class='ocr_line' id='line_1_82' title="bbox 2180 4255 3762 4327; baseline 0 -18"><span class='ocrx_word' id='word_1_563' title='bbox 2180 4256 2389 4309; x_wconf 78' lang='grc' dir='ltr'>ἀνίατοι</span> <span class='ocrx_word' id='word_1_564' title='bbox 2414 4255 2746 4327; x_wconf 81' lang='grc' dir='ltr'>ἐρημώσεις.</span> <span class='ocrx_word' id='word_1_565' title='bbox 2787 4257 2929 4310; x_wconf 82' lang='grc' dir='ltr'>Ἀλλ’</span> <span class='ocrx_word' id='word_1_566' title='bbox 2959 4258 3070 4310; x_wconf 83' lang='grc' dir='ltr'>οὐδ’</span> <span class='ocrx_word' id='word_1_567' title='bbox 3103 4256 3273 4319; x_wconf 75' lang='grc' dir='ltr'>οὕτως</span> <span class='ocrx_word' id='word_1_568' title='bbox 3301 4258 3383 4321; x_wconf 84' lang='grc' dir='ltr'><strong>εἰς</strong></span> <span class='ocrx_word' id='word_1_569' title='bbox 3407 4257 3762 4325; x_wconf 82' lang='grc' dir='ltr'>συναίσθησιν</span> 
     </span>
    </p>
   </div>
   <div class='ocr_carea' id='block_1_83' title="bbox 2179 4345 3765 4421">
    <p class='ocr_par' dir='ltr' id='par_1_83' title="bbox 2179 4345 3765 4421">
     <span class='ocr_line' id='line_1_83' title="bbox 2179 4345 3765 4421; baseline 0.001 -20"><span class='ocrx_word' id='word_1_570' title='bbox 2179 4345 2345 4418; x_wconf 78' lang='grc' dir='ltr'>ἦλθον</span> <span class='ocrx_word' id='word_1_571' title='bbox 2368 4349 2419 4402; x_wconf 81' lang='grc' dir='ltr'>οἱ</span> <span class='ocrx_word' id='word_1_572' title='bbox 2457 4349 2750 4420; x_wconf 84' lang='grc' dir='ltr'>Ῥωμαίων</span> <span class='ocrx_word' id='word_1_573' title='bbox 2779 4349 3042 4421; x_wconf 79' lang='grc' dir='ltr'>ἄρχοντες</span> <span class='ocrx_word' id='word_1_574' title='bbox 3094 4350 3187 4402; x_wconf 72' lang='grc' dir='ltr'><strong>καὶ</strong></span> <span class='ocrx_word' id='word_1_575' title='bbox 3210 4349 3561 4420; x_wconf 81' lang='grc' dir='ltr'>κυριεύοντες</span> <span class='ocrx_word' id='word_1_576' title='bbox 3583 4365 3596 4378; x_wconf 91' lang='grc'><strong>·</strong></span> <span class='ocrx_word' id='word_1_577' title='bbox 3630 4350 3765 4402; x_wconf 78' lang='grc' dir='ltr'>ἀλλὰ</span> 
     </span>
    </p>
   </div>
   <div class='ocr_carea' id='block_1_84' title="bbox 2176 4440 3765 4512">
    <p class='ocr_par' dir='ltr' id='par_1_84' title="bbox 2176 4440 3765 4512">
     <span class='ocr_line' id='line_1_84' title="bbox 2176 4440 3765 4512; baseline -0.001 -18"><span class='ocrx_word' id='word_1_578' title='bbox 2176 4440 2242 4511; x_wconf 85' lang='grc' dir='ltr'>δὴ</span> <span class='ocrx_word' id='word_1_579' title='bbox 2298 4441 2781 4511; x_wconf 75' lang='grc' dir='ltr'>μεταστειλάμενοί</span> <span class='ocrx_word' id='word_1_580' title='bbox 2822 4442 2948 4505; x_wconf 79' lang='grc' dir='ltr'>τοὺς</span> <span class='ocrx_word' id='word_1_581' title='bbox 2980 4442 3038 4494; x_wconf 80' lang='grc' dir='ltr'><strong>ἐν</strong></span> <span class='ocrx_word' id='word_1_582' title='bbox 3091 4445 3157 4512; x_wconf 83' lang='grc' dir='ltr'><strong>τῇ</strong></span> <span class='ocrx_word' id='word_1_583' title='bbox 3218 4441 3512 4512; x_wconf 86' lang='grc' dir='ltr'>Ῥωμαίων</span> <span class='ocrx_word' id='word_1_584' title='bbox 3560 4442 3765 4510; x_wconf 82' lang='grc' dir='ltr'>συνόδῳ</span> 
     </span>
    </p>
   </div>
   <div class='ocr_carea' id='block_1_85' title="bbox 497 4527 2069 4619">
    <p class='ocr_par' dir='ltr' id='par_1_85' title="bbox 497 4527 2069 4601">
     <span class='ocr_line' id='line_1_85' title="bbox 497 4527 2069 4601; baseline -0.003 -16"><span class='ocrx_word' id='word_1_585' title='bbox 497 4546 619 4585; x_wconf 91' lang='lat' dir='ltr'><strong>rum</strong></span> <span class='ocrx_word' id='word_1_586' title='bbox 656 4530 828 4598; x_wconf 83' lang='lat' dir='ltr'><strong>captis</strong></span> <span class='ocrx_word' id='word_1_587' title='bbox 864 4529 952 4596; x_wconf 92' lang='lat' dir='ltr'><strong>iis,</strong></span> <span class='ocrx_word' id='word_1_588' title='bbox 994 4531 1086 4600; x_wconf 90' lang='lat' dir='ltr'><strong>qui</strong></span> <span class='ocrx_word' id='word_1_589' title='bbox 1119 4532 1169 4585; x_wconf 93' lang='lat' dir='ltr'><strong>in</strong></span> <span class='ocrx_word' id='word_1_590' title='bbox 1207 4529 1449 4585; x_wconf 84' lang='lat' dir='ltr'><strong>Romana</strong></span> <span class='ocrx_word' id='word_1_591' title='bbox 1481 4530 1691 4601; x_wconf 89' lang='lat' dir='ltr'><strong>synodo</strong></span> <span class='ocrx_word' id='word_1_592' title='bbox 1730 4527 2069 4593; x_wconf 68' lang='lat' dir='ltr'><strong>effulserant,</strong></span> 
     </span>
    </p>
   </div>
   <div class='ocr_carea' id='block_1_86' title="bbox 2175 4527 3765 4619">
    <p class='ocr_par' dir='ltr' id='par_1_86' title="bbox 2183 4530 3765 4602">
     <span class='ocr_line' id='line_1_86' title="bbox 2183 4530 3765 4602; baseline 0 -18"><span class='ocrx_word' id='word_1_593' title='bbox 2183 4530 2614 4601; x_wconf 81' lang='grc' dir='ltr'>διαλάμψαντας,</span> <span class='ocrx_word' id='word_1_594' title='bbox 2643 4531 3081 4602; x_wconf 79' lang='grc' dir='ltr'>γλωσσοτομίαις</span> <span class='ocrx_word' id='word_1_595' title='bbox 3133 4532 3227 4585; x_wconf 75' lang='grc' dir='ltr'>καὶ</span> <span class='ocrx_word' id='word_1_596' title='bbox 3260 4531 3645 4602; x_wconf 83' lang='grc' dir='ltr'>χειροκοπίαις</span> <span class='ocrx_word' id='word_1_597' title='bbox 3685 4533 3765 4595; x_wconf 79' lang='grc' dir='ltr'><strong>είς</strong></span> 
     </span>
    </p>
   </div>
   <div class='ocr_carea' id='block_1_87' title="bbox 497 4621 2075 4693">
    <p class='ocr_par' dir='ltr' id='par_1_87' title="bbox 497 4621 2075 4693">
     <span class='ocr_line' id='line_1_87' title="bbox 497 4621 2075 4693; baseline -0.001 -17"><span class='ocrx_word' id='word_1_598' title='bbox 497 4622 803 4693; x_wconf 79' lang='lat' dir='ltr'><strong>linguarum</strong></span> <span class='ocrx_word' id='word_1_599' title='bbox 835 4621 1198 4688; x_wconf 89' lang='lat' dir='ltr'><strong>sectionibus,</strong></span> <span class='ocrx_word' id='word_1_600' title='bbox 1242 4637 1611 4692; x_wconf 87' lang='lat' dir='ltr'><strong>manuumque</strong></span> <span class='ocrx_word' id='word_1_601' title='bbox 1647 4621 2075 4679; x_wconf 87' lang='lat' dir='ltr'><strong>abscissionibus</strong></span> 
     </span>
    </p>
   </div>
   <div class='ocr_carea' id='block_1_88' title="bbox 497 4711 2076 4781">
    <p class='ocr_par' dir='ltr' id='par_1_88' title="bbox 497 4711 2076 4781">
     <span class='ocr_line' id='line_1_88' title="bbox 497 4711 2076 4781; baseline -0.003 -12"><span class='ocrx_word' id='word_1_602' title='bbox 497 4714 552 4769; x_wconf 89' lang='lat' dir='ltr'><strong>in</strong></span> <span class='ocrx_word' id='word_1_603' title='bbox 591 4715 734 4781; x_wconf 90' lang='lat' dir='ltr'><strong>ipsos</strong></span> <span class='ocrx_word' id='word_1_604' title='bbox 767 4713 1289 4768; x_wconf 84' lang='lat' dir='ltr'><strong>animadverterunt.</strong></span> <span class='ocrx_word' id='word_1_605' title='bbox 1332 4711 1436 4768; x_wconf 88' lang='lat' dir='ltr'><strong>Sed</strong></span> <span class='ocrx_word' id='word_1_606' title='bbox 1464 4713 1632 4781; x_wconf 82' lang='lat' dir='ltr'><strong>quid?</strong></span> <span class='ocrx_word' id='word_1_607' title='bbox 1679 4712 1872 4767; x_wconf 90' lang='lat' dir='ltr'><strong>horum</strong></span> <span class='ocrx_word' id='word_1_608' title='bbox 1919 4711 2076 4766; x_wconf 88' lang='lat' dir='ltr'><strong>nobis</strong></span> 
     </span>
    </p>
   </div>
   <div class='ocr_carea' id='block_1_89' title="bbox 495 4804 2075 4870">
    <p class='ocr_par' dir='ltr' id='par_1_89' title="bbox 495 4804 2075 4870">
     <span class='ocr_line' id='line_1_89' title="bbox 495 4804 2075 4870; baseline -0.001 -12"><span class='ocrx_word' id='word_1_609' title='bbox 495 4823 523 4858; x_wconf 70' lang='grc' dir='ltr'><strong>ιι</strong></span> <span class='ocrx_word' id='word_1_610' title='bbox 570 4806 680 4862; x_wconf 89' lang='lat' dir='ltr'><strong>Deo</strong></span> <span class='ocrx_word' id='word_1_611' title='bbox 729 4821 990 4862; x_wconf 85' lang='lat' dir='ltr'><strong>concessa</strong></span> <span class='ocrx_word' id='word_1_612' title='bbox 1036 4805 1323 4860; x_wconf 86' lang='lat' dir='ltr'><strong>retributio</strong></span> <span class='ocrx_word' id='word_1_613' title='bbox 1379 4806 1508 4870; x_wconf 88' lang='lat' dir='ltr'><strong>fuit;</strong></span> <span class='ocrx_word' id='word_1_614' title='bbox 1565 4805 1652 4858; x_wconf 86' lang='lat' dir='ltr'><strong>illa</strong></span> <span class='ocrx_word' id='word_1_615' title='bbox 1706 4805 1965 4860; x_wconf 87' lang='lat' dir='ltr'><strong>nimirum</strong></span> <span class='ocrx_word' id='word_1_616' title='bbox 2020 4804 2075 4857; x_wconf 91' lang='lat' dir='ltr'><strong>in</strong></span> 
     </span>
    </p>
   </div>
   <div class='ocr_carea' id='block_1_90' title="bbox 494 4897 2075 4967">
    <p class='ocr_par' dir='ltr' id='par_1_90' title="bbox 494 4897 2075 4967">
     <span class='ocr_line' id='line_1_90' title="bbox 494 4897 2075 4967; baseline -0.003 -14"><span class='ocrx_word' id='word_1_617' title='bbox 494 4898 780 4954; x_wconf 68' lang='lat' dir='ltr'><strong>thnicia</strong></span> <span class='ocrx_word' id='word_1_618' title='bbox 832 4897 1013 4953; x_wconf 88' lang='lat' dir='ltr'><strong>totalis</strong></span> <span class='ocrx_word' id='word_1_619' title='bbox 1056 4913 1194 4967; x_wconf 88' lang='lat' dir='ltr'><strong>pene</strong></span> <span class='ocrx_word' id='word_1_620' title='bbox 1256 4897 1484 4952; x_wconf 80' lang='lat' dir='ltr'><strong>Romani</strong></span> <span class='ocrx_word' id='word_1_621' title='bbox 1545 4898 1840 4963; x_wconf 78' lang='lat' dir='ltr'><strong>exercitus,</strong></span> <span class='ocrx_word' id='word_1_622' title='bbox 1876 4897 2075 4951; x_wconf 59' lang='lat' dir='ltr'><strong>milita.</strong></span> 
     </span>
    </p>
   </div>
   <div class='ocr_carea' id='block_1_91' title="bbox 496 4988 2075 5061">
    <p class='ocr_par' dir='ltr' id='par_1_91' title="bbox 496 4988 2075 5061">
     <span class='ocr_line' id='line_1_91' title="bbox 496 4988 2075 5061; baseline -0.002 -15"><span class='ocrx_word' id='word_1_623' title='bbox 496 4993 745 5061; x_wconf 89' lang='lat' dir='ltr'><strong>riumqne</strong></span> <span class='ocrx_word' id='word_1_624' title='bbox 769 4991 1018 5045; x_wconf 89' lang='lat' dir='ltr'><strong>ordinum</strong></span> <span class='ocrx_word' id='word_1_625' title='bbox 1045 4991 1334 5059; x_wconf 87' lang='lat' dir='ltr'><strong>pernicies,</strong></span> <span class='ocrx_word' id='word_1_626' title='bbox 1385 4999 1549 5057; x_wconf 88' lang='lat' dir='ltr'><strong>atque</strong></span> <span class='ocrx_word' id='word_1_627' title='bbox 1598 4989 1650 5042; x_wconf 92' lang='lat' dir='ltr'><strong>in</strong></span> <span class='ocrx_word' id='word_1_628' title='bbox 1691 4988 1848 5057; x_wconf 88' lang='lat' dir='ltr'><strong>hujus</strong></span> <span class='ocrx_word' id='word_1_629' title='bbox 1889 5003 2075 5043; x_wconf 80' lang='lat' dir='ltr'><strong>acces-</strong></span> 
     </span>
    </p>
   </div>
   <div class='ocr_carea' id='block_1_92' title="bbox 496 5081 2074 5155">
    <p class='ocr_par' dir='ltr' id='par_1_92' title="bbox 496 5081 2074 5155">
     <span class='ocr_line' id='line_1_92' title="bbox 496 5081 2074 5155; baseline -0.003 -16"><span class='ocrx_word' id='word_1_630' title='bbox 496 5101 613 5139; x_wconf 87' lang='lat' dir='ltr'><strong>sum</strong></span> <span class='ocrx_word' id='word_1_631' title='bbox 659 5086 864 5155; x_wconf 85' lang='lat' dir='ltr'><strong>pariter</strong></span> <span class='ocrx_word' id='word_1_632' title='bbox 900 5084 1079 5138; x_wconf 92' lang='lat' dir='ltr'><strong>omnis</strong></span> <span class='ocrx_word' id='word_1_633' title='bbox 1120 5082 1419 5138; x_wconf 85' lang='lat' dir='ltr'><strong>Christiani</strong></span> <span class='ocrx_word' id='word_1_634' title='bbox 1475 5082 1654 5151; x_wconf 85' lang='lat' dir='ltr'><strong>pepuli</strong></span> <span class='ocrx_word' id='word_1_635' title='bbox 1719 5081 2074 5150; x_wconf 85' lang='lat' dir='ltr'><strong>locorumque</strong></span> 
     </span>
    </p>
   </div>
   <div class='ocr_carea' id='block_1_93' title="bbox 494 5174 2071 5247">
    <p class='ocr_par' dir='ltr' id='par_1_93' title="bbox 494 5174 2071 5247">
     <span class='ocr_line' id='line_1_93' title="bbox 494 5174 2071 5247; baseline -0.003 -17"><span class='ocrx_word' id='word_1_636' title='bbox 494 5180 729 5231; x_wconf 84' lang='lat' dir='ltr'><strong>vastatio</strong></span> <span class='ocrx_word' id='word_1_637' title='bbox 764 5196 776 5230; x_wconf 91' lang='lat'>:</span> <span class='ocrx_word' id='word_1_638' title='bbox 815 5194 935 5246; x_wconf 67' lang='lat' dir='ltr'><strong>qua:</strong></span> <span class='ocrx_word' id='word_1_639' title='bbox 977 5194 1084 5231; x_wconf 90' lang='lat' dir='ltr'><strong>non</strong></span> <span class='ocrx_word' id='word_1_640' title='bbox 1118 5175 1268 5247; x_wconf 89' lang='lat' dir='ltr'><strong>prius</strong></span> <span class='ocrx_word' id='word_1_641' title='bbox 1303 5175 1575 5241; x_wconf 87' lang='lat' dir='ltr'><strong>cessavit,</strong></span> <span class='ocrx_word' id='word_1_642' title='bbox 1633 5190 1794 5244; x_wconf 88' lang='lat' dir='ltr'><strong>quam</strong></span> <span class='ocrx_word' id='word_1_643' title='bbox 1856 5174 2071 5227; x_wconf 80' lang='lat' dir='ltr'><strong>Martini</strong></span> 
     </span>
    </p>
   </div>
   <div class='ocr_carea' id='block_1_94' title="bbox 496 5266 2075 5340">
    <p class='ocr_par' dir='ltr' id='par_1_94' title="bbox 496 5266 2075 5340">
     <span class='ocr_line' id='line_1_94' title="bbox 496 5266 2075 5340; baseline -0.001 -17"><span class='ocrx_word' id='word_1_644' title='bbox 496 5280 812 5337; x_wconf 88' lang='lat' dir='ltr'><strong>persecutor</strong></span> <span class='ocrx_word' id='word_1_645' title='bbox 856 5270 908 5322; x_wconf 92' lang='lat' dir='ltr'><strong>in</strong></span> <span class='ocrx_word' id='word_1_646' title='bbox 946 5269 1131 5324; x_wconf 83' lang='lat' dir='ltr'><strong>Sicilia</strong></span> <span class='ocrx_word' id='word_1_647' title='bbox 1186 5270 1363 5340; x_wconf 77' lang='lat' dir='ltr'><strong>gladio</strong></span> <span class='ocrx_word' id='word_1_648' title='bbox 1398 5280 1711 5339; x_wconf 86' lang='lat' dir='ltr'><strong>peremptus</strong></span> <span class='ocrx_word' id='word_1_649' title='bbox 1756 5277 1858 5323; x_wconf 89' lang='lat' dir='ltr'><strong>est.</strong></span> <span class='ocrx_word' id='word_1_650' title='bbox 1903 5266 2075 5334; x_wconf 80' lang='lat' dir='ltr'><strong>Hujus</strong></span> 
     </span>
    </p>
   </div>
   <div class='ocr_carea' id='block_1_95' title="bbox 499 5360 2076 5432">
    <p class='ocr_par' dir='ltr' id='par_1_95' title="bbox 499 5360 2076 5432">
     <span class='ocr_line' id='line_1_95' title="bbox 499 5360 2076 5432; baseline 0.002 -21"><span class='ocrx_word' id='word_1_651' title='bbox 499 5376 659 5429; x_wconf 84' lang='lat' dir='ltr'><strong>porro</strong></span> <span class='ocrx_word' id='word_1_652' title='bbox 706 5361 844 5415; x_wconf 88' lang='lat' dir='ltr'><strong>filius</strong></span> <span class='ocrx_word' id='word_1_653' title='bbox 884 5360 1279 5417; x_wconf 84' lang='lat' dir='ltr'><strong>Constantinus</strong></span> <span class='ocrx_word' id='word_1_654' title='bbox 1299 5363 1440 5432; x_wconf 91' lang='lat' dir='ltr'><strong>pius,</strong></span> <span class='ocrx_word' id='word_1_655' title='bbox 1478 5361 1814 5416; x_wconf 76' lang='lat' dir='ltr'><strong>meumenica</strong></span> <span class='ocrx_word' id='word_1_656' title='bbox 1844 5375 2076 5430; x_wconf 78' lang='lat' dir='ltr'><strong>congre-</strong></span> 
     </span>
    </p>
   </div>
   <div class='ocr_carea' id='block_1_96' title="bbox 496 5452 2073 5524">
    <p class='ocr_par' dir='ltr' id='par_1_96' title="bbox 496 5452 2073 5524">
     <span class='ocr_line' id='line_1_96' title="bbox 496 5452 2073 5524; baseline -0.001 -18"><span class='ocrx_word' id='word_1_657' title='bbox 496 5462 619 5521; x_wconf 73' lang='lat' dir='ltr'><strong>gata</strong></span> <span class='ocrx_word' id='word_1_658' title='bbox 657 5452 886 5523; x_wconf 83' lang='lat' dir='ltr'><strong>synodo,</strong></span> <span class='ocrx_word' id='word_1_659' title='bbox 918 5462 1140 5508; x_wconf 86' lang='lat' dir='ltr'><strong>sanctas</strong></span> <span class='ocrx_word' id='word_1_660' title='bbox 1189 5454 1469 5524; x_wconf 81' lang='lat' dir='ltr'><strong>conjunxit</strong></span> <span class='ocrx_word' id='word_1_661' title='bbox 1523 5452 1817 5516; x_wconf 86' lang='lat' dir='ltr'><strong>Ecclesias,</strong></span> <span class='ocrx_word' id='word_1_662' title='bbox 1874 5452 1926 5506; x_wconf 94' lang='lat' dir='ltr'><strong>in</strong></span> <span class='ocrx_word' id='word_1_663' title='bbox 1960 5466 2073 5521; x_wconf 82' lang='lat' dir='ltr'><strong>qua</strong></span> 
     </span>
    </p>
   </div>
   <div class='ocr_carea' id='block_1_97' title="bbox 498 5544 2072 5603">
    <p class='ocr_par' dir='ltr' id='par_1_97' title="bbox 498 5544 2072 5603">
     <span class='ocr_line' id='line_1_97' title="bbox 498 5544 2072 5603; baseline -0.001 -6"><span class='ocrx_word' id='word_1_664' title='bbox 498 5544 680 5597; x_wconf 83' lang='lat' dir='ltr'><strong>divina</strong></span> <span class='ocrx_word' id='word_1_665' title='bbox 710 5544 871 5597; x_wconf 80' lang='lat' dir='ltr'><strong>simul</strong></span> <span class='ocrx_word' id='word_1_666' title='bbox 907 5554 962 5598; x_wconf 89' lang='lat' dir='ltr'><strong>et</strong></span> <span class='ocrx_word' id='word_1_667' title='bbox 987 5545 1222 5601; x_wconf 82' lang='lat' dir='ltr'><strong>humana</strong></span> <span class='ocrx_word' id='word_1_668' title='bbox 1251 5546 1376 5602; x_wconf 77' lang='lat' dir='ltr'><strong>.lesu</strong></span> <span class='ocrx_word' id='word_1_669' title='bbox 1404 5546 1609 5603; x_wconf 85' lang='lat' dir='ltr'><strong>Christi</strong></span> <span class='ocrx_word' id='word_1_670' title='bbox 1647 5544 1740 5600; x_wconf 88' lang='lat' dir='ltr'><strong>Dei</strong></span> <span class='ocrx_word' id='word_1_671' title='bbox 1775 5545 1946 5600; x_wconf 80' lang='lat' dir='ltr'><strong>nostri</strong></span> <span class='ocrx_word' id='word_1_672' title='bbox 1976 5558 2072 5597; x_wconf 78' lang='lat' dir='ltr'><strong>vo-</strong></span> 
     </span>
    </p>
   </div>
   <div class='ocr_carea' id='block_1_98' title="bbox 502 5635 2069 5706">
    <p class='ocr_par' dir='ltr' id='par_1_98' title="bbox 502 5635 2069 5706">
     <span class='ocr_line' id='line_1_98' title="bbox 502 5635 2069 5706; baseline 0.001 -21"><span class='ocrx_word' id='word_1_673' title='bbox 502 5637 701 5699; x_wconf 77' lang='lat' dir='ltr'><strong>luntas,</strong></span> <span class='ocrx_word' id='word_1_674' title='bbox 728 5645 891 5704; x_wconf 90' lang='lat' dir='ltr'><strong>atque</strong></span> <span class='ocrx_word' id='word_1_675' title='bbox 920 5646 1157 5706; x_wconf 87' lang='lat' dir='ltr'><strong>potestas</strong></span> <span class='ocrx_word' id='word_1_676' title='bbox 1184 5638 1460 5693; x_wconf 89' lang='lat' dir='ltr'><strong>communi</strong></span> <span class='ocrx_word' id='word_1_677' title='bbox 1485 5637 1831 5691; x_wconf 83' lang='lat' dir='ltr'><strong>confessione</strong></span> <span class='ocrx_word' id='word_1_678' title='bbox 1862 5635 2069 5688; x_wconf 86' lang='lat' dir='ltr'><strong>consti-</strong></span> 
     </span>
    </p>
   </div>
   <div class='ocr_carea' id='block_1_99' title="bbox 500 5726 2070 5800">
    <p class='ocr_par' dir='ltr' id='par_1_99' title="bbox 500 5726 2070 5800">
     <span class='ocr_line' id='line_1_99' title="bbox 500 5726 2070 5800; baseline 0.003 -23"><span class='ocrx_word' id='word_1_679' title='bbox 500 5735 614 5779; x_wconf 80' lang='lat' dir='ltr'><strong>tuta</strong></span> <span class='ocrx_word' id='word_1_680' title='bbox 667 5735 772 5781; x_wconf 81' lang='lat' dir='ltr'><strong>est.</strong></span> <span class='ocrx_word' id='word_1_681' title='bbox 805 5726 935 5793; x_wconf 67' lang='lat' dir='ltr'><strong>Quae</strong></span> <span class='ocrx_word' id='word_1_682' title='bbox 964 5738 1149 5783; x_wconf 86' lang='lat' dir='ltr'><strong>sancta</strong></span> <span class='ocrx_word' id='word_1_683' title='bbox 1203 5730 1466 5800; x_wconf 86' lang='lat' dir='ltr'><strong>synodus,</strong></span> <span class='ocrx_word' id='word_1_684' title='bbox 1508 5729 1672 5783; x_wconf 83' lang='lat' dir='ltr'><strong>veluti</strong></span> <span class='ocrx_word' id='word_1_685' title='bbox 1727 5726 2070 5793; x_wconf 84' lang='lat' dir='ltr'><strong>acceptabile</strong></span> 
     </span>
    </p>
   </div>
   <div class='ocr_carea' id='block_1_100' title="bbox 497 5816 2070 5889">
    <p class='ocr_par' dir='ltr' id='par_1_100' title="bbox 497 5816 2070 5889">
     <span class='ocr_line' id='line_1_100' title="bbox 497 5816 2070 5889; baseline 0.003 -20"><span class='ocrx_word' id='word_1_686' title='bbox 497 5817 849 5884; x_wconf 65' lang='lat' dir='ltr'><strong>sacrificium,</strong></span> <span class='ocrx_word' id='word_1_687' title='bbox 903 5829 957 5874; x_wconf 87' lang='lat' dir='ltr'><strong>et</strong></span> <span class='ocrx_word' id='word_1_688' title='bbox 1011 5831 1066 5875; x_wconf 93' lang='lat' dir='ltr'><strong>ut</strong></span> <span class='ocrx_word' id='word_1_689' title='bbox 1119 5822 1300 5877; x_wconf 80' lang='lat' dir='ltr'><strong>Aaron</strong></span> <span class='ocrx_word' id='word_1_690' title='bbox 1332 5821 1461 5875; x_wconf 86' lang='lat' dir='ltr'><strong>illud</strong></span> <span class='ocrx_word' id='word_1_691' title='bbox 1533 5819 1851 5889; x_wconf 79' lang='lat' dir='ltr'><strong>thymiama,</strong></span> <span class='ocrx_word' id='word_1_692' title='bbox 1893 5832 1920 5870; x_wconf 88' lang='lat' dir='ltr'><strong>a</strong></span> <span class='ocrx_word' id='word_1_693' title='bbox 1962 5816 2070 5873; x_wconf 87' lang='lat' dir='ltr'><strong>Deo</strong></span> 
     </span>
    </p>
   </div>
   <div class='ocr_carea' id='block_1_101' title="bbox 2187 4624 3765 4697">
    <p class='ocr_par' dir='ltr' id='par_1_101' title="bbox 2187 4624 3765 4697">
     <span class='ocr_line' id='line_1_101' title="bbox 2187 4624 3765 4697; baseline 0 -20"><span class='ocrx_word' id='word_1_694' title='bbox 2187 4624 2387 4688; x_wconf 80' lang='grc' dir='ltr'>αὐτοὺς</span> <span class='ocrx_word' id='word_1_695' title='bbox 2442 4626 2769 4697; x_wconf 78' lang='grc' dir='ltr'>ἐχρήσαντο.</span> <span class='ocrx_word' id='word_1_696' title='bbox 2803 4624 2868 4676; x_wconf 89' lang='grc' dir='ltr'>Τί</span> <span class='ocrx_word' id='word_1_697' title='bbox 2920 4625 3014 4691; x_wconf 86' lang='grc' dir='ltr'><strong>δέ;</strong></span> <span class='ocrx_word' id='word_1_698' title='bbox 3074 4626 3231 4695; x_wconf 79' lang='grc' dir='ltr'>καὶὴ</span> <span class='ocrx_word' id='word_1_699' title='bbox 3286 4624 3495 4678; x_wconf 86' lang='grc' dir='ltr'>τούτων</span> <span class='ocrx_word' id='word_1_700' title='bbox 3530 4625 3667 4695; x_wconf 72' lang='grc' dir='ltr'>ἡμῖν</span> <span class='ocrx_word' id='word_1_701' title='bbox 3702 4625 3765 4677; x_wconf 79' lang='grc' dir='ltr'>ἐκ</span> 
     </span>
    </p>
   </div>
   <div class='ocr_carea' id='block_1_102' title="bbox 2177 4716 3764 4791">
    <p class='ocr_par' dir='ltr' id='par_1_102' title="bbox 2177 4716 3764 4791">
     <span class='ocr_line' id='line_1_102' title="bbox 2177 4716 3764 4791; baseline 0 -22"><span class='ocrx_word' id='word_1_702' title='bbox 2177 4716 2314 4769; x_wconf 81' lang='grc' dir='ltr'>Θεοῦ</span> <span class='ocrx_word' id='word_1_703' title='bbox 2348 4717 2622 4781; x_wconf 83' lang='grc' dir='ltr'>ἀντίδοσις</span> <span class='ocrx_word' id='word_1_704' title='bbox 2643 4734 2655 4747; x_wconf 92' lang='grc'><strong>·</strong></span> <span class='ocrx_word' id='word_1_705' title='bbox 2690 4717 2874 4787; x_wconf 78' lang='grc' dir='ltr'>ἐκείνη</span> <span class='ocrx_word' id='word_1_706' title='bbox 2902 4719 2934 4787; x_wconf 85' lang='grc' dir='ltr'>ὴ</span> <span class='ocrx_word' id='word_1_707' title='bbox 2965 4718 3021 4768; x_wconf 82' lang='grc' dir='ltr'><strong>ὲν</strong></span> <span class='ocrx_word' id='word_1_708' title='bbox 3047 4720 3114 4787; x_wconf 74' lang='grc' dir='ltr'>τῇ</span> <span class='ocrx_word' id='word_1_709' title='bbox 3141 4716 3365 4791; x_wconf 79' lang='grc' dir='ltr'>Φοινίκῃ</span> <span class='ocrx_word' id='word_1_710' title='bbox 3409 4717 3618 4789; x_wconf 84' lang='grc' dir='ltr'>μικροῦ</span> <span class='ocrx_word' id='word_1_711' title='bbox 3651 4718 3764 4770; x_wconf 84' lang='grc' dir='ltr'>δεῖν</span> 
     </span>
    </p>
   </div>
   <div class='ocr_carea' id='block_1_103' title="bbox 2179 4808 3760 4880">
    <p class='ocr_par' dir='ltr' id='par_1_103' title="bbox 2179 4808 3760 4880">
     <span class='ocr_line' id='line_1_103' title="bbox 2179 4808 3760 4880; baseline -0.001 -17"><span class='ocrx_word' id='word_1_712' title='bbox 2179 4809 2456 4880; x_wconf 77' lang='grc' dir='ltr'>παντελὴς</span> <span class='ocrx_word' id='word_1_713' title='bbox 2485 4809 2581 4863; x_wconf 89' lang='grc' dir='ltr'><strong>τοῦ</strong></span> <span class='ocrx_word' id='word_1_714' title='bbox 2620 4809 2942 4879; x_wconf 80' lang='grc' dir='ltr'>Ῥωμαϊκοῦ</span> <span class='ocrx_word' id='word_1_715' title='bbox 2986 4808 3241 4880; x_wconf 79' lang='grc' dir='ltr'>στρατοῦ,</span> <span class='ocrx_word' id='word_1_716' title='bbox 3290 4809 3387 4862; x_wconf 68' lang='grc' dir='ltr'><strong>καὶ</strong></span> <span class='ocrx_word' id='word_1_717' title='bbox 3437 4808 3533 4861; x_wconf 89' lang='grc' dir='ltr'><strong>τοῦ</strong></span> <span class='ocrx_word' id='word_1_718' title='bbox 3572 4810 3760 4861; x_wconf 85' lang='grc' dir='ltr'>στόλου</span> 
     </span>
    </p>
   </div>
   <div class='ocr_carea' id='block_1_104' title="bbox 2177 4898 3761 4970">
    <p class='ocr_par' dir='ltr' id='par_1_104' title="bbox 2177 4898 3761 4970">
     <span class='ocr_line' id='line_1_104' title="bbox 2177 4898 3761 4970; baseline -0.002 -18"><span class='ocrx_word' id='word_1_719' title='bbox 2177 4899 2446 4967; x_wconf 80' lang='grc' dir='ltr'>ἀπώλεια,</span> <span class='ocrx_word' id='word_1_720' title='bbox 2486 4902 2583 4953; x_wconf 72' lang='grc' dir='ltr'><strong>καὶ</strong></span> <span class='ocrx_word' id='word_1_721' title='bbox 2626 4902 2659 4970; x_wconf 80' lang='grc' dir='ltr'><strong>ἡ</strong></span> <span class='ocrx_word' id='word_1_722' title='bbox 2691 4900 2829 4953; x_wconf 78' lang='grc' dir='ltr'>κατὰ</span> <span class='ocrx_word' id='word_1_723' title='bbox 2859 4899 3162 4970; x_wconf 75' lang='grc' dir='ltr'>πρόσόασιν</span> <span class='ocrx_word' id='word_1_724' title='bbox 3196 4898 3359 4952; x_wconf 82' lang='grc' dir='ltr'>πάλιν</span> <span class='ocrx_word' id='word_1_725' title='bbox 3387 4898 3608 4952; x_wconf 77' lang='grc' dir='ltr'>πάντων</span> <span class='ocrx_word' id='word_1_726' title='bbox 3655 4899 3761 4952; x_wconf 87' lang='grc' dir='ltr'><strong>τῶν</strong></span> 
     </span>
    </p>
   </div>
   <div class='ocr_carea' id='block_1_105' title="bbox 2176 4992 3759 5065">
    <p class='ocr_par' dir='ltr' id='par_1_105' title="bbox 2176 4992 3759 5065">
     <span class='ocr_line' id='line_1_105' title="bbox 2176 4992 3759 5065; baseline -0.001 -19"><span class='ocrx_word' id='word_1_727' title='bbox 2176 4994 2582 5064; x_wconf 79' lang='grc' dir='ltr'>Χριστιανικῶν</span> <span class='ocrx_word' id='word_1_728' title='bbox 2638 4992 2817 5059; x_wconf 86' lang='grc' dir='ltr'>λαῶν,</span> <span class='ocrx_word' id='word_1_729' title='bbox 2879 4994 2973 5047; x_wconf 72' lang='grc' dir='ltr'><strong>καὶ</strong></span> <span class='ocrx_word' id='word_1_730' title='bbox 3024 4994 3204 5049; x_wconf 85' lang='grc' dir='ltr'>τόπων</span> <span class='ocrx_word' id='word_1_731' title='bbox 3260 4995 3545 5065; x_wconf 75' lang='grc' dir='ltr'>ἐρήμωσις</span> <span class='ocrx_word' id='word_1_732' title='bbox 3580 5011 3593 5025; x_wconf 69' lang='grc' dir='ltr'><strong>ι</strong></span> <span class='ocrx_word' id='word_1_733' title='bbox 3641 4994 3759 5063; x_wconf 79' lang='grc' dir='ltr'>ἥτις</span> 
     </span>
    </p>
   </div>
   <div class='ocr_carea' id='block_1_106' title="bbox 2176 5083 3757 5156">
    <p class='ocr_par' dir='ltr' id='par_1_106' title="bbox 2176 5083 3757 5156">
     <span class='ocr_line' id='line_1_106' title="bbox 2176 5083 3757 5156; baseline -0.002 -18"><span class='ocrx_word' id='word_1_734' title='bbox 2176 5087 2278 5139; x_wconf 85' lang='grc' dir='ltr'><strong>οὐκ</strong></span> <span class='ocrx_word' id='word_1_735' title='bbox 2336 5087 2639 5150; x_wconf 79' lang='grc' dir='ltr'>ἐπαύσατο,</span> <span class='ocrx_word' id='word_1_736' title='bbox 2685 5085 2845 5156; x_wconf 76' lang='grc' dir='ltr'>ἄχρις</span> <span class='ocrx_word' id='word_1_737' title='bbox 2901 5084 2966 5138; x_wconf 85' lang='grc' dir='ltr'>ἂν</span> <span class='ocrx_word' id='word_1_738' title='bbox 3018 5086 3046 5138; x_wconf 87' lang='grc' dir='ltr'>ὁ</span> <span class='ocrx_word' id='word_1_739' title='bbox 3098 5085 3376 5156; x_wconf 87' lang='grc' dir='ltr'>Μαρτίνου</span> <span class='ocrx_word' id='word_1_740' title='bbox 3435 5083 3672 5154; x_wconf 81' lang='grc' dir='ltr'>διώκτης</span> <span class='ocrx_word' id='word_1_741' title='bbox 3702 5085 3757 5135; x_wconf 85' lang='grc' dir='ltr'><strong>ἐν</strong></span> 
     </span>
    </p>
   </div>
   <div class='ocr_carea' id='block_1_107' title="bbox 2176 5175 3757 5248">
    <p class='ocr_par' dir='ltr' id='par_1_107' title="bbox 2176 5175 3757 5248">
     <span class='ocr_line' id='line_1_107' title="bbox 2176 5175 3757 5248; baseline -0.003 -18"><span class='ocrx_word' id='word_1_742' title='bbox 2176 5177 2404 5248; x_wconf 75' lang='grc' dir='ltr'>Σικελίᾳ</span> <span class='ocrx_word' id='word_1_743' title='bbox 2439 5177 2546 5231; x_wconf 82' lang='grc' dir='ltr'>ὑπὸ</span> <span class='ocrx_word' id='word_1_744' title='bbox 2577 5177 2860 5248; x_wconf 73' lang='grc' dir='ltr'>μαχαίρας</span> <span class='ocrx_word' id='word_1_745' title='bbox 2889 5176 3185 5230; x_wconf 83' lang='grc' dir='ltr'>ἀπέθανεν.</span> <span class='ocrx_word' id='word_1_746' title='bbox 3232 5177 3290 5230; x_wconf 87' lang='lat'><strong>&#39;0</strong></span> <span class='ocrx_word' id='word_1_747' title='bbox 3335 5175 3391 5229; x_wconf 87' lang='grc' dir='ltr'>δὲ</span> <span class='ocrx_word' id='word_1_748' title='bbox 3418 5175 3611 5230; x_wconf 84' lang='grc' dir='ltr'>τούτου</span> <span class='ocrx_word' id='word_1_749' title='bbox 3646 5176 3757 5237; x_wconf 79' lang='grc' dir='ltr'>υίὸς</span> 
     </span>
    </p>
   </div>
   <div class='ocr_carea' id='block_1_108' title="bbox 2177 5267 3754 5340">
    <p class='ocr_par' dir='ltr' id='par_1_108' title="bbox 2177 5267 3754 5340">
     <span class='ocr_line' id='line_1_108' title="bbox 2177 5267 3754 5340; baseline -0.002 -17"><span class='ocrx_word' id='word_1_750' title='bbox 2177 5270 2587 5332; x_wconf 82' lang='grc' dir='ltr'>Κωνσταντῖνος</span> <span class='ocrx_word' id='word_1_751' title='bbox 2628 5270 2657 5321; x_wconf 89' lang='grc' dir='ltr'><strong>ό</strong></span> <span class='ocrx_word' id='word_1_752' title='bbox 2710 5268 2941 5340; x_wconf 68' lang='grc' dir='ltr'>εὐσεϐὴς</span> <span class='ocrx_word' id='word_1_753' title='bbox 2986 5267 3053 5321; x_wconf 85' lang='grc' dir='ltr'><strong>δι’</strong></span> <span class='ocrx_word' id='word_1_754' title='bbox 3101 5270 3489 5340; x_wconf 80' lang='grc' dir='ltr'>οἱκουμενικῆς</span> <span class='ocrx_word' id='word_1_755' title='bbox 3536 5268 3754 5322; x_wconf 79' lang='grc' dir='ltr'>συνόδου</span> 
     </span>
    </p>
   </div>
   <div class='ocr_carea' id='block_1_109' title="bbox 2174 5359 3754 5431">
    <p class='ocr_par' dir='ltr' id='par_1_109' title="bbox 2174 5359 3754 5431">
     <span class='ocr_line' id='line_1_109' title="bbox 2174 5359 3754 5431; baseline 0 -18"><span class='ocrx_word' id='word_1_756' title='bbox 2174 5360 2272 5424; x_wconf 83' lang='grc' dir='ltr'><strong>τὰς</strong></span> <span class='ocrx_word' id='word_1_757' title='bbox 2306 5361 2472 5428; x_wconf 80' lang='grc' dir='ltr'>ἁγίας</span> <span class='ocrx_word' id='word_1_758' title='bbox 2524 5359 2853 5428; x_wconf 83' lang='grc' dir='ltr'>Ἐκκλησίας</span> <span class='ocrx_word' id='word_1_759' title='bbox 2894 5360 3097 5431; x_wconf 78' lang='grc' dir='ltr'>ἤνωσε.</span> <span class='ocrx_word' id='word_1_760' title='bbox 3150 5360 3305 5416; x_wconf 87' lang='grc' dir='ltr'>θείαν</span> <span class='ocrx_word' id='word_1_761' title='bbox 3353 5378 3415 5414; x_wconf 88' lang='grc' dir='ltr'><strong>τε</strong></span> <span class='ocrx_word' id='word_1_762' title='bbox 3465 5359 3607 5431; x_wconf 79' lang='grc' dir='ltr'>ὁμοῦ</span> <span class='ocrx_word' id='word_1_763' title='bbox 3666 5361 3754 5414; x_wconf 74' lang='grc' dir='ltr'><strong>καὶ</strong></span> 
     </span>
    </p>
   </div>
   <div class='ocr_carea' id='block_1_110' title="bbox 2175 5451 3754 5523">
    <p class='ocr_par' dir='ltr' id='par_1_110' title="bbox 2175 5451 3754 5523">
     <span class='ocr_line' id='line_1_110' title="bbox 2175 5451 3754 5523; baseline -0.001 -16"><span class='ocrx_word' id='word_1_764' title='bbox 2175 5452 2532 5522; x_wconf 81' lang='grc' dir='ltr'>ἀνθρωπίνην</span> <span class='ocrx_word' id='word_1_765' title='bbox 2588 5454 2645 5506; x_wconf 75' lang='grc' dir='ltr'><strong>ἐν</strong></span> <span class='ocrx_word' id='word_1_766' title='bbox 2696 5451 2919 5522; x_wconf 81' lang='grc' dir='ltr'>Χριστῷ</span> <span class='ocrx_word' id='word_1_767' title='bbox 2949 5452 3027 5522; x_wconf 82' lang='grc' dir='ltr'><strong>τῷ</strong></span> <span class='ocrx_word' id='word_1_768' title='bbox 3071 5452 3190 5523; x_wconf 82' lang='grc' dir='ltr'><strong>Θεῷ</strong></span> <span class='ocrx_word' id='word_1_769' title='bbox 3241 5451 3400 5523; x_wconf 83' lang='grc' dir='ltr'>ἡμῶν</span> <span class='ocrx_word' id='word_1_770' title='bbox 3445 5452 3593 5507; x_wconf 80' lang='grc' dir='ltr'>κατὰ</span> <span class='ocrx_word' id='word_1_771' title='bbox 3629 5453 3754 5515; x_wconf 74' lang='grc' dir='ltr'>τοὺς</span> 
     </span>
    </p>
   </div>
   <div class='ocr_carea' id='block_1_111' title="bbox 2174 5539 3753 5612">
    <p class='ocr_par' dir='ltr' id='par_1_111' title="bbox 2174 5539 3753 5612">
     <span class='ocr_line' id='line_1_111' title="bbox 2174 5539 3753 5612; baseline -0.002 -16"><span class='ocrx_word' id='word_1_772' title='bbox 2174 5542 2366 5611; x_wconf 80' lang='grc' dir='ltr'>ἁγίους</span> <span class='ocrx_word' id='word_1_773' title='bbox 2402 5541 2665 5612; x_wconf 71' lang='grc' dir='ltr'><strong>ῐίαιιέραςΔ</strong></span> <span class='ocrx_word' id='word_1_774' title='bbox 2712 5540 3059 5612; x_wconf 74' lang='grc' dir='ltr'>ὁμολογήσας</span> <span class='ocrx_word' id='word_1_775' title='bbox 3105 5540 3328 5612; x_wconf 72' lang='grc' dir='ltr'>θέλησιν</span> <span class='ocrx_word' id='word_1_776' title='bbox 3378 5556 3439 5593; x_wconf 90' lang='grc' dir='ltr'><strong>τε</strong></span> <span class='ocrx_word' id='word_1_777' title='bbox 3479 5540 3574 5594; x_wconf 70' lang='grc' dir='ltr'>καὶ</span> <span class='ocrx_word' id='word_1_778' title='bbox 3605 5539 3753 5610; x_wconf 77' lang='grc' dir='ltr'><strong>ὲνέρ⁹</strong></span> 
     </span>
    </p>
   </div>
   <div class='ocr_carea' id='block_1_112' title="bbox 2174 5630 3753 5703">
    <p class='ocr_par' dir='ltr' id='par_1_112' title="bbox 2174 5630 3753 5703">
     <span class='ocr_line' id='line_1_112' title="bbox 2174 5630 3753 5703; baseline -0.002 -17"><span class='ocrx_word' id='word_1_779' title='bbox 2174 5650 2353 5701; x_wconf 83' lang='grc' dir='ltr'>γειαν.</span> <span class='ocrx_word' id='word_1_780' title='bbox 2389 5632 2551 5694; x_wconf 80' lang='grc' dir='ltr'>’Ἢτις</span> <span class='ocrx_word' id='word_1_781' title='bbox 2582 5630 2706 5685; x_wconf 81' lang='grc' dir='ltr'>ὁσία</span> <span class='ocrx_word' id='word_1_782' title='bbox 2736 5630 2975 5693; x_wconf 81' lang='grc' dir='ltr'>σύνοδος,</span> <span class='ocrx_word' id='word_1_783' title='bbox 3018 5631 3210 5703; x_wconf 82' lang='grc' dir='ltr'>ὥσπερ</span> <span class='ocrx_word' id='word_1_784' title='bbox 3244 5631 3406 5685; x_wconf 85' lang='grc' dir='ltr'>θυσία</span> <span class='ocrx_word' id='word_1_785' title='bbox 3462 5630 3753 5702; x_wconf 70' lang='grc' dir='ltr'>εὐπρόσδε-</span> 
     </span>
    </p>
   </div>
   <div class='ocr_carea' id='block_1_113' title="bbox 2175 5722 3752 5795">
    <p class='ocr_par' dir='ltr' id='par_1_113' title="bbox 2175 5722 3752 5795">
     <span class='ocr_line' id='line_1_113' title="bbox 2175 5722 3752 5795; baseline -0.003 -16"><span class='ocrx_word' id='word_1_786' title='bbox 2175 5743 2322 5787; x_wconf 83' lang='grc' dir='ltr'>κτος,</span> <span class='ocrx_word' id='word_1_787' title='bbox 2354 5725 2450 5779; x_wconf 75' lang='grc' dir='ltr'><strong>καὶ</strong></span> <span class='ocrx_word' id='word_1_788' title='bbox 2484 5725 2559 5787; x_wconf 84' lang='grc' dir='ltr'>ὡς</span> <span class='ocrx_word' id='word_1_789' title='bbox 2587 5726 2768 5779; x_wconf 71' lang='grc' dir='ltr'>έκεῖνο</span> <span class='ocrx_word' id='word_1_790' title='bbox 2801 5724 2864 5776; x_wconf 85' lang='grc' dir='ltr'>τὸ</span> <span class='ocrx_word' id='word_1_791' title='bbox 2891 5722 2986 5776; x_wconf 88' lang='grc' dir='ltr'><strong>τοῦ</strong></span> <span class='ocrx_word' id='word_1_792' title='bbox 3031 5724 3248 5794; x_wconf 76' lang='grc' dir='ltr'>’Λαρὼν</span> <span class='ocrx_word' id='word_1_793' title='bbox 3293 5723 3547 5795; x_wconf 85' lang='grc' dir='ltr'>θυμίαμα</span> <span class='ocrx_word' id='word_1_794' title='bbox 3583 5738 3752 5795; x_wconf 83' lang='grc' dir='ltr'>προσ-</span> 
     </span>
    </p>
   </div>
   <div class='ocr_carea' id='block_1_114' title="bbox 2173 5814 3750 5889">
    <p class='ocr_par' dir='ltr' id='par_1_114' title="bbox 2173 5814 3750 5889">
     <span class='ocr_line' id='line_1_114' title="bbox 2173 5814 3750 5889; baseline -0.009 -18"><span class='ocrx_word' id='word_1_795' title='bbox 2173 5819 2422 5889; x_wconf 75' lang='grc' dir='ltr'>δεχθεῖσα</span> <span class='ocrx_word' id='word_1_796' title='bbox 2446 5816 2594 5887; x_wconf 82' lang='grc' dir='ltr'>παρὰ</span> <span class='ocrx_word' id='word_1_797' title='bbox 2612 5815 2686 5888; x_wconf 79' lang='grc' dir='ltr'><strong>τῷ</strong></span> <span class='ocrx_word' id='word_1_798' title='bbox 2717 5814 2835 5886; x_wconf 82' lang='grc' dir='ltr'>Θεῷ</span> <span class='ocrx_word' id='word_1_799' title='bbox 2854 5814 2945 5868; x_wconf 73' lang='grc' dir='ltr'>ἐπὶ</span> <span class='ocrx_word' id='word_1_800' title='bbox 2971 5814 3142 5870; x_wconf 75' lang='grc' dir='ltr'>εἴκοσι</span> <span class='ocrx_word' id='word_1_801' title='bbox 3167 5815 3389 5889; x_wconf 61' lang='grc' dir='ltr'>χρόνους</span> <span class='ocrx_word' id='word_1_802' title='bbox 3416 5817 3506 5870; x_wconf 67' lang='grc' dir='ltr'><strong>τὸν</strong></span> <span class='ocrx_word' id='word_1_803' title='bbox 3533 5815 3750 5885; x_wconf 58' lang='grc' dir='ltr'>ὀλεθρον</span> 
     </span>
    </p>
   </div>
  </div>
