4064 6464
336 351 473 418 1157

1753 371 2008 431 SERMO
2052 373 2170 436 ΠΙ.

3454 381 3597 452 ’1153

330 468 427 564 τοῦ
482 468 769 564 ᾗμετέρου
821 471 953 527 λαοῦ
1012 474 1256 542 ἔπαυσε,
1317 479 1418 548 τὴν
1469 481 1746 553 μάχαιραν
1807 483 1914 539 τῶν

2042 496 2268 558 :xcepta,
2319 488 2506 560 viginti
2539 505 2808 548 annorum
2860 494 3060 564 spatio,
3107 509 3327 552 cessare
3375 497 3600 556 omnino

331 559 548 632 ἐχθρῶν
597 565 718 618 κατ’
777 565 1022 636 ἀλλήλων
1081 569 1263 623 αὐτῶν
1323 571 1522 641 ἤγαγε,
1585 573 1684 638 τὰς
1735 575 1924 646 χώρας

331 652 614 706 ἀνέπαυσε
645 693 661 715 ,
721 657 824 725 τὴν
881 657 1156 713 θάλατταν
1219 661 1450 732 πλόῖμον
1499 665 1766 735 ἐποίησε,
1819 665 1920 731 τὰς

329 746 715 815 αἰχμαλωσίας
756 749 1074 816 διεκώλυσε,
1143 754 1238 806 καὶ
1293 755 1443 828 πάσῃ
1506 759 1570 827 τῇ
1635 757 1920 828 Ῥωμανίᾳ.

329 835 519 890 ἄνεσιν
554 841 648 892 καὶ
684 841 1036 912 παράκλησιν
1072 845 1165 896 καὶ
1213 846 1442 917 είρήνην
1472 847 1532 898 οὑ
1571 847 1798 916 μετρίαν
1833 864 1922 900 πε-

333 929 589 999 ποίηκεν.
637 932 801 986 ’Λλλὰ
845 933 908 1003 δὴ
967 933 1140 988 ταῦτα
1189 937 1370 990 πάντα
1419 939 1468 990 oi
1521 938 1917 1008 ματαιόφρονες

330 1019 437 1073 οὐκ
467 1021 738 1090 ἔγνωσαν,
756 1023 876 1076 οὐδὲ
906 1025 1173 1094 συνῆκαν,
1197 1029 1254 1080 ὲν
1275 1030 1458 1082 σκότει
1479 1029 1916 1100 διαπορεύονται,

332 1111 428 1162 ἐπὶ
469 1113 809 1182 καπηλείων,
845 1117 942 1168 καὶ
989 1116 1308 1186 βαλανείων,
1361 1120 1456 1172 καὶ
1498 1121 1792 1192 κορασίων,
1827 1119 1922 1174 καὶ

331 1203 629 1276 ἑταιρίδων
659 1207 806 1276 ἡμᾶς
835 1207 1209 1280 διασύροντες,
1259 1211 1352 1262 καὶ
1399 1212 1723 1281 φάσκοντες,
1753 1212 1836 1265 ὅτι
1871 1213 1920 1265 οἱ

331 1297 432 1352 δύο
464 1301 589 1369 θελή
603 1319 749 1372 ματα
777 1303 1030 1371 λέγοντες
1058 1307 1115 1358 ἐν
1145 1305 1224 1376 τῷ
1254 1307 1495 1378 Χριστῷ,
1529 1310 1746 1371 πάντως
1773 1307 1834 1360 τὸ
1863 1304 1921 1360 ἓν

331 1394 546 1461 ἀγαθὸν
571 1395 817 1464 λέγουσι,
853 1398 913 1450 τὸ
942 1399 998 1451 δὲ
1021 1399 1210 1470 ἕτερον
1237 1401 1492 1470 πονηρὸν,
1529 1400 1592 1454 τὸ
1635 1399 1692 1453 ἓν
1718 1401 1919 1466 Θεῖκὸν,

333 1483 398 1538 τὸ
425 1486 482 1538 δὲ
517 1487 602 1540 ἒτε
616 1505 706 1559 ρον
735 1487 1067 1544 διαϐολικόν.
1104 1491 1226 1555 Πῶς
1263 1491 1372 1562 γὰρ
1404 1492 1628 1544 δυνατὸν
1670 1491 1808 1555 ὅλως
1835 1491 1925 1544 λέ-

333 1595 400 1645 γε
411 1597 460 1632 ιν
479 1580 823 1650 ἀνθρώπινον
852 1582 1067 1654 θέλημα
1091 1586 1147 1636 ὲν
1169 1584 1390 1656 Χριστῷ
1412 1603 1426 1652 ;
1452 1585 1548 1638 τοῦ
1593 1562 1926 1638 ’Δποστὸλου

332 1674 614 1742 λέγοντος,
646 1678 729 1730 ὅτι
778 1695 798 1729 ι
837 1677 910 1731 Τὸ
957 1677 1176 1749 θέλημα
1219 1680 1320 1748 τῆς
1366 1678 1572 1748 σαρκὸς
1601 1677 1752 1747 νόμῳ
1785 1674 1923 1729 Θεοῦ

331 1768 440 1840 οὐχ
486 1769 891 1824 ὑποτάσσεται·
934 1788 952 1821 ι
989 1771 1080 1824 καί
1107 1785 1120 1798 °
1163 1791 1181 1823 ι
1227 1771 1300 1824 Τὸ
1328 1769 1542 1841 θέλημα
1574 1768 1675 1836 τῆς
1726 1765 1928 1837 σαρκὸς

2020 578 2150 636 fecit
2186 581 2360 648 gentis
2387 591 2587 638 nostrae
2617 585 2934 653 perniciem,
2989 586 3308 656 gladiosque
3349 587 3598 642 inimico-

2021 687 2140 726 rum
2173 673 2224 725 in
2255 673 2400 742 ipsos
2424 673 2654 728 invicem
2675 677 2949 730 convertit
2974 694 2988 729 :
3015 671 3330 731 civitatibus
3351 681 3595 748 requiem

2020 764 2271 828 contulit,
2304 766 2576 833 placidum
2624 765 2755 822 fecit
2791 784 2962 834 mare,
3005 769 3280 837 sanguinis
3303 769 3600 826 eﬂusionett

2022 857 2196 911 valide
2251 858 2519 925 cohibuit,
2575 860 2955 929 universasque
3006 861 3282 914 Bouiania»
3333 862 3600 928 requiem,

2019 948 2440 1015 relaxationem,
2480 949 2935 1011 consolationem.
2964 967 3268 1020 pacemque
3301 950 3601 1006 incredibi-

2019 1037 2123 1093 lem
2155 1041 2509 1108 comparavit.
2539 1038 2736 1096 Verum
2765 1041 2876 1096 haec
2905 1058 3038 1096 sane
3061 1044 3243 1096 omnia
3281 1043 3602 1110 insipientes

2021 1145 2129 1186 non
2153 1142 2544 1202 cognoverunt,
2599 1147 2774 1202 neque
2810 1133 3228 1198 intellexerunt;
3266 1133 3318 1186 in
3359 1132 3599 1185 tenebris

2022 1224 2321 1286 ambulant,
2345 1235 2507 1293 atque
2533 1239 2630 1294 per
2659 1239 2952 1293 cauponas,
2974 1241 3070 1294 per
3092 1227 3306 1289 balnea,
3343 1227 3598 1291 interque

2023 1313 2465 1368 muliercularum
2509 1316 2746 1384 agmina,
2781 1325 2832 1370 et
2862 1315 3145 1383 lupanaria
3183 1315 3338 1366 nobis
3395 1314 3600 1367 calumv

2023 1405 2268 1467 niantur,
2299 1406 2506 1460 aientcs
2537 1421 2633 1461 eos
2657 1408 2747 1475 qni
2768 1408 2900 1461 duas
2923 1422 3042 1461 esse
3076 1409 3124 1459 in
3157 1407 3376 1460 Christo
3412 1405 3604 1458 volun-

2027 1507 2166 1552 tates
2219 1499 2511 1563 allirmant,
2569 1499 2792 1553 alterum
2844 1500 3040 1553 bonam
3091 1499 3318 1552 omnino
3377 1509 3603 1565 ponere,

2025 1591 2250 1646 alteram
2282 1591 2548 1661 iniquam,
2585 1606 2747 1644 unam
2785 1591 3042 1655 divinam,
3071 1589 3296 1642 alteram
3331 1601 3461 1642 vero
3494 1585 3606 1640 dia-

2025 1679 2278 1736 bolicam.
2303 1680 2417 1746 Qua
2439 1679 2605 1747 enim,
2634 1681 2905 1750 inquiunt,
2933 1679 3144 1733 ratione
3172 1679 3286 1733 fieri
3321 1685 3518 1748 potest,
3546 1684 3607 1729 ut

2026 1771 2266 1826 humana
2301 1785 2424 1826 esse
2460 1770 2514 1826 in
2567 1770 2788 1827 Christo
2821 1772 3034 1825 dicatur
3081 1770 3358 1834 voluntas,
3415 1768 3601 1821 aiente

334 1856 512 1927 ἔχθρα
529 1859 609 1921 εἰς
637 1857 790 1911 Θεὸνο
817 1878 835 1910 ι
857 1859 969 1914 καί·
1009 1877 1028 1910 ι
1060 1857 1249 1928 Ἧμέν
1277 1875 1408 1912 ποτε
1441 1859 1534 1912 καὶ
1571 1859 1735 1928 ἡμεῖς
1765 1857 1924 1910 ἀπει-

2042 1863 2289 1934 Αροειοιο
2319 1863 2464 1934 quod
2503 1881 2522 1914 ι
2559 1863 2811 1918 voluntas
2851 1862 3034 1917 carnis
3075 1861 3184 1914 Deo
3217 1874 3323 1914 non
3381 1855 3610 1924 subjici-

335 1944 481 2011 Θεῖς,
538 1947 824 2012 ποιοῦντες
848 1949 918 2002 τὰ
953 1949 1237 2020 θελήματα
1286 1949 1386 2022 τῆς
1419 1948 1624 2020 σαρκός
1651 1963 1664 1977 °
1708 1948 1771 2001 τὸ
1813 1945 1924 2018 γὰρ

336 2039 559 2112 θέλημα
600 2042 700 2112 τῆς
729 2043 934 2114 σαρκὸς
968 2042 1222 2107 θάνατος.
1267 2061 1287 2096 ι

417 2307 609 2363 Ταῦτα
635 2309 730 2363 καί
753 2309 825 2364 τὰ
850 2310 1076 2365 τοιαῦτα
1103 2311 1151 2362 oi
1177 2310 1274 2381 τῆς
1304 2309 1563 2380 ἀληθείας
1593 2307 1782 2381 ἐχθροὶ
1803 2305 1927 2361 καθ’

342 2401 508 2472 ἡμῶν
543 2403 886 2470 ὑλακτοῦσιν,
921 2405 997 2470 ὡς
1031 2405 1216 2472 κύνες,
1245 2406 1339 2460 καὶ
1373 2406 1554 2470 ἵπποι,
1579 2405 1672 2459 ml.
1691 2403 1926 2476 ἡμίονοι,

342 2489 430 2557 οἷς
462 2495 562 2548 ούκ
596 2495 712 2550 ἔστι
747 2495 985 2563 σύνεσις,
1019 2498 1484 2570 συκοφαντοῦντες
1516 2497 1686 2567 ἡμᾶς,
1724 2494 1802 2558 ὡς
1838 2493 1930 2548 δύο

344 2587 642 2658 πρόσωπα,
673 2587 769 2641 καὶ
801 2587 895 2642 δύο
924 2589 1259 2652 ὑποστάσεις
1283 2588 1541 2657 λέγοντας
1592 2586 1650 2638 ὲν
1682 2584 1928 2656 Χριστῷ,

343 2681 446 2733 καὶ
476 2680 567 2733 δύο
599 2680 938 2752 διορισμοὺς,
986 2681 1082 2734 καὶ
1115 2680 1210 2733 δύο
1249 2680 1501 2742 ἐναντίας
1531 2676 1802 2743 ἐξουσίας,
1839 2675 1932 2730 καὶ

344 2772 722 2844 ἀρνουμένους
743 2773 841 2844 τὴν
860 2774 1157 2826 Θεοτόκον
1179 2772 1384 2842 φωνὴν,
1417 2771 1514 2824 καὶ
1539 2769 1720 2823 πάντα
1745 2767 1928 2831 διπλᾶ,

347 2865 449 2918 καὶ
480 2865 789 2936 διῃρημένα
840 2863 934 2917 ἐπὶ
981 2862 1148 2917 αὐτοῦ
1198 2861 1647 2932 δογματίζοντας,
1696 2859 1792 2912 καὶ
1839 2856 1934 2911 δύο

350 2957 658 3028 ἐνεργείας.
691 2955 906 3026 ἀγαθήν
927 2971 988 3008 τε
1017 2955 1112 3008 καὶ
1147 2951 1390 3024 πονηρὰν
1418 2952 1504 3005 ἐπ’
1529 2949 1696 3006 αὐτοῦ
1723 2948 1933 3020 κηρύτ-

349 3065 568 3112 τοντας.
604 3049 682 3101 Δι’
715 3040 956 3102 ὧντινων
1007 3045 1287 3118 φλυαριῶν
1325 3061 1385 3098 τε
1429 3044 1524 3097 καὶ
1558 3039 1936 3112 συκοφαντιῶν

349 3139 595 3208 ἔϐλαψαν
612 3139 799 3205 λαοὺς,
817 3137 1042 3208 ἕσχισαν
1069 3135 1418 3206 Ἐκκλησίας,
1437 3133 1708 3204 ἐτάραξαν
1723 3130 1934 3204 χώρας,

271 3276 278 3281 .
351 3233 654 3306 ὲνύὸρισαν
677 3234 776 3306 τὴν
807 3207 1014 3298 πίστιν,
1047 3232 1214 3304 ἱερεῖς
1239 3229 1567 3300 ἁπέσχισαν,
1605 3226 1936 3298 μονάζοντας
1963 3207 2007 3267 C

352 3329 693 3398 ἐπλάνησαν,
719 3328 992 3400 ἄρχοντας
1026 3325 1281 3396 ἐμίαναν,
1308 3323 1376 3376 τὰ
1401 3321 1586 3376 πάντα
1613 3321 1936 3383 ἐσάλευσαν,

354 3421 540 3474 πᾶσαν
571 3420 744 3486 πόλιν,
764 3420 946 3474 πᾶσαν
979 3417 1196 3490 κῴμην,
1237 3419 1420 3470 πᾶσαν
1453 3413 1746 3485 ἐπαρχίαν,
1778 3411 1941 3479 διωγ-

364 3515 503 3584 μοὺς
549 3513 904 3583 ποιήσαντες,
925 3509 1244 3581 αίκισμοὺς,
1264 3507 1555 3577 ὲτασμοὺς,
1577 3503 1938 3574 ἀφορισμοὺς,

356 3603 601 3673 ἐξορῐας,
655 3601 982 3666 καταδίκας,
1021 3600 1140 3663 οἵας
1171 3597 1292 3652 οὐδὲ
1333 3595 1604 3669 ’Ᾱρειανοὶ
1651 3593 1796 3647 κατὰ
1844 3593 1942 3662 τῆς

371 3695 730 3766 Ἑκκλησίας,
767 3694 926 3765 μῖσός
960 3711 1019 3746 τε
1069 3692 1316 3746 τοιοῦτον
1351 3689 1488 3760 πρὸς
1520 3687 1669 3760 ἡμᾶς
1705 3685 1941 3756 ἔχοντες»

356 3784 478 3842 οἷον
496 3787 620 3842 οὗτε
639 3787 776 3856 πρὸς
810 3785 1124 3849 Ἰουδαίους,
1146 3784 1178 3854 ἢ
1197 3783 1498 3854 Σαμαρεῖς,
1525 3779 1559 3851 ἢ
1583 3776 1941 3848 Μανιχαίους,

358 3881 394 3952 ἢ
451 3879 744 3948 Ἕλληνας,
801 3877 835 3948 ἢ
888 3876 1206 3938 ἀποστάτας
1241 3874 1486 3944 ἔχουσιν
1544 3869 1863 3942 αἱρούμενοι
1889 3867 1946 3920 δὲ

364 3972 572 4043 μᾶλλον
604 3969 920 4034 συνδυάζειν
951 3967 1049 4022 καὶ
1075 3963 1494 4030 συναυλίζεσθαι
1515 3965 1628 4026 τοῖς
1653 3963 1720 4014 τὰ
1750 3959 1948 4014 εἴδωλα

363 4061 790 4134 προσκυνοῦσιν,
817 4061 850 4132 ἢ
875 4062 1009 4132 ἡμῖν
1033 4061 1144 4123 τοῖς
1171 4059 1268 4122 τὰς
1287 4057 1382 4111 δύο
1405 4055 1644 4127 Χριστοῦ
1679 4054 1948 4124 ἰδιότητας

363 4153 698 4225 ἀδιαιρέτως
754 4152 1000 4219 λέγουσι,
1049 4151 1145 4205 καὶ
1199 4148 1556 4219 συνεύχεσθαι
1611 4146 1814 4218 μᾶλλον
1852 4145 1952 4198 σὺν

380 4247 664 4308 Ἰουδαίοις
697 4244 1078 4315 ἐκλεγόμενοι,
1103 4244 1137 4314 ἢ
1171 4245 1268 4298 σὺν
1302 4244 1432 4314 ἡμῖν
1461 4243 1575 4304 τοῖς
1595 4237 1952 4310 ὁμολογοῦσιν

369 4343 428 4392 ἐν
481 4337 706 4410 Χριστῷ
765 4337 919 4391 θείαν
981 4321 1174 4390 τεκαὶ
1233 4332 1586 4406 ἀνθρωπίνην
1626 4331 1953 4402 ἁδιαιρέτως

369 4430 595 4500 θέλησίν
626 4446 688 4482 τε
721 4429 817 4482 καὶ
847 4429 1132 4499 ἐνέργειαν
1153 4441 1167 4456 ⁸
1205 4427 1278 4498 μὴ
1328 4426 1669 4497 βουλόμενοι,
1709 4425 1852 4496 τάχα
1897 4423 1954 4478 δὲ

2034 1954 2156 2009 tur‘
2201 1972 2220 2006 ι
2254 1964 2306 2009 et
2341 1971 2354 2008 :
2390 1971 2410 2006 ι
2449 1952 2707 2009 Voluntas
2738 1953 2922 2008 carnis
2946 1952 3228 2006 inimicitia
3261 1951 3312 2004 in
3333 1950 3546 2004 1)eum'
3577 1967 3596 2000 ι

2031 2057 2085 2104 et
2119 2066 2138 2100 ι
2172 2047 2398 2102 Fuimus
2429 2046 2720 2116 aliquando
2745 2046 2910 2108 etiam
2945 2059 3044 2100 nos
3078 2044 3188 2098 Deo
3222 2043 3604 2098 inobedientes

2033 2138 2216 2194 carnis
2242 2139 2572 2194 voluntatem
2596 2137 2858 2194 facientes
2888 2154 2902 2192 :
2938 2137 3188 2192 voluntas
3219 2148 3453 2202 namque
3481 2146 3608 2187 car-

2033 2229 2120 2286 nis
2152 2243 2298 2284 mors
2326 2227 2487 2283 est'?
2525 2246 2544 2280 ι

2109 2317 2254 2384 Haec,
2281 2319 2586 2387 horumque
2607 2313 2808 2370 similia
2829 2315 3092 2370 adversus
3116 2327 3216 2368 nos
3239 2313 3442 2367 latrant
3465 2309 3610 2366 veri-

2040 2411 2170 2467 tatis
2205 2411 2415 2477 hostes,
2443 2417 2502 2464 ut
2539 2422 2726 2471 canes,
2755 2415 2810 2460 et
2843 2405 2992 2474 equi,
3013 2414 3068 2460 et
3092 2404 3247 2469 muli,
3278 2405 3474 2472 quibus
3497 2417 3605 2457 non

2036 2513 2121 2560 est
2157 2503 2488 2566 intellectus,
2523 2498 2916 2555 calumniantes
2942 2493 3126 2560 nobis,
3153 2500 3406 2560 tanquam
3469 2495 3607 2548 duas

2037 2609 2332 2664 personas,
2404 2594 2645 2662 duasque
2705 2589 3084 2646 subsistentias
3167 2589 3474 2643 diceremus
3555 2585 3610 2638 in

2037 2686 2274 2748 Christo,
2325 2684 2628 2754 duplexque
2678 2683 2807 2736 item
2863 2681 3154 2736 discrimen
3206 2676 3612 2742 distinctionis,

2040 2777 2284 2845 duasque
2319 2775 2626 2830 contrarias
2670 2781 3007 2843 potestates;
3045 2780 3098 2826 et
3141 2769 3438 2824 Tlteotocon
3486 2766 3614 2822 Dei-

2039 2885 2185 2938 parae
2236 2883 2422 2923 vocem
2479 2880 2834 2936 negaremus,
2883 2865 3177 2933 omniaque
3221 2863 3478 2929 diversa,
3527 2869 3618 2913 at-

2042 2975 2148 3030 que
2193 2959 2454 3016 dis1ineta
2503 2969 2870 3014 statueremus
2917 2957 2969 3011 in
3033 2957 3183 3024 ipso,
3217 2954 3484 3024 duplicent
3518 2953 3616 3006 de-

2049 3053 2212 3122 nique
2237 3051 2630 3122 operationem,
2691 3049 2886 3104 bonam
2915 3057 2971 3104 et
2997 3047 3196 3102 malam
3237 3046 3291 3100 in
3323 3060 3386 3102 eo
3413 3041 3621 3099 consti-

2046 3153 2344 3200 tueremus.
2387 3143 2596 3211 Quibus
2621 3141 2885 3209 dicteriis,
2915 3149 2970 3196 et
3001 3137 3291 3195 calumniis
3321 3136 3620 3192 maximum

2042 3237 2336 3293 intulerunt
2395 3235 2606 3306 pupulis
2655 3235 2936 3298 damnum,
2969 3233 3272 3288 seisserunt
3319 3227 3620 3292 Ecclesias,

2043 3333 2332 3387 turbarunt
2351 3331 2535 3393 urbes,
2570 3326 2766 3397 injuria
2795 3326 2955 3380 (Idem
2983 3323 3304 3386 aifecerunt,
3328 3321 3626 3376 schismate

2041 3423 2342 3479 diviserunt
2379 3419 2693 3475 sacerdotes
2717 3455 2732 3483 ,
2777 3416 3110 3485 deceperuut
3156 3411 3457 3474 solitarius,
3491 3423 3624 3464 con-

2044 3515 2374 3570 taminarunt
2406 3510 2699 3582 principes,
2744 3507 2925 3562 omnia
2963 3504 3330 3566 concitarunt,
3375 3501 3426 3554 in
3465 3499 3616 3554 omni

2043 3607 2196 3670 urbe,
2248 3605 2300 3659 in
2359 3601 2504 3657 omni
2559 3600 2819 3663 incolatu,
2877 3598 3296 3669 principatuque
3360 3607 3623 3662 perseeu-

2046 3698 2246 3752 tionem
2299 3699 2730 3756 commoventes,
2765 3690 3012 3760 injurias,
3055 3686 3456 3756 inquisitiones,
3501 3698 3627 3738 sen-

2047 3789 2284 3852 tentias,
2333 3786 2548 3851 exsilia,
2597 3783 3120 3844 condemnationes,
3192 3776 3378 3848 quales
3452 3789 3629 3844 neque

2047 3881 2234 3937 Ariani
2317 3885 2733 3936 commoverunt
2805 3877 3014 3945 uspiam
3098 3871 3362 3924 adversus
3439 3866 3630 3920 Eccle-

2049 3976 2208 4038 siam,
2236 3979 2388 4026 tanto
2413 3985 2513 4026 nos
2537 3969 2662 4023 odio
2691 3965 2986 4038 prosecuti,
3021 3971 3285 4032 quantum
3319 3973 3494 4027 tneque
3524 3957 3625 4010 ad-

2051 4082 2244 4123 versus
2265 4064 2504 4126 Judmos,
2543 4059 2628 4117 vel
2673 4058 2995 4119 Samaritas,
3033 4054 3118 4108 vel
3159 4053 3511 4114 Maniclneos,
3543 4047 3632 4102 vel

2051 4158 2291 4224 Graecos,
2335 4157 2418 4211 vel
2463 4166 2794 4214 recessuros,
2829 4147 2948 4203 sive
2967 4155 3246 4217 apostatas
3275 4143 3458 4196 animo
3487 4155 3630 4193 cou-

2053 4251 2354 4324 cepissent,
2391 4247 2720 4304 commorari
2750 4243 2955 4312 petius,
2988 4239 3338 4309 copularique
3363 4235 3629 4304 eligentes

2054 4322 2176 4399 cuiu
2207 4340 2476 4396 idolorum
2509 4335 2812 4392 cultoribus
2840 4346 3004 4402 quam
3038 4327 3348 4389 nobiscmn,
3377 4325 3468 4393 qui
3499 4322 3634 4375 duas

2057 4431 2292 4487 indivise
2325 4427 2528 4484 Christi
2554 4425 2914 4494 preprietates
2945 4421 3297 4491 profitemur;
3331 4424 3386 4470 et
3435 4409 3636 4482 pratic-

375 4525 517 4597 μήτε
551 4523 844 4594 δυνάμενοι
905 4521 1210 4592 διακρῖναι,
1254 4519 1306 4574 τί
1347 4523 1451 4590 μὶν
1505 4519 1618 4572 ἔστι
1665 4518 1727 4572 τὺ
1774 4517 1938 4572 οεῖκὸι

2063 4533 2245 4581 rentes
2276 4534 2396 4577 cum
2415 4518 2617 4575 Iudaeis
2641 4517 2890 4572 oratione
2916 4513 3233 4575 convenire,
3262 4524 3426 4578 quam
3451 4504 3639 4559 nobis-

373 4617 474 4670 καὶ
495 4615 755 4670 ἄκτιστον
787 4611 1020 4684 θέλημα,
1051 4611 1104 4665 τί
1149 4611 1206 4664 δέ
1238 4613 1356 4664 ἐστι
1386 4611 1448 4664 τὸ
1495 4611 1810 4664 θεὸκτιστον
1859 4610 1959 4664 καὶ⁹

375 4709 661 4763 Θεόσδοτον
695 4707 795 4778 τῆς
839 4705 1066 4776 λογικῆς
1095 4703 1253 4776 ἡμῶν
1299 4701 1482 4773 ψυχῆς
1511 4701 1726 4772 θέλημα
1748 4741 1763 4768 ,
1799 4701 1867 4755 δι’
1897 4693 1962 4756 οὗ

376 4801 688 4874 θελήματος
725 4798 1020 4870 ἐργάζεται
1053 4797 1116 4850 τὸ
1171 4795 1376 4864 ἀγαθὸν
1407 4796 1500 4848 καὶ
1527 4794 1824 4866 εὐάρεστον
1861 4792 1960 4848 τοῦ

376 4893 516 4948 Θεοῦ
545 4891 792 4962 θέλημα”
826 4889 879 4942 τί
917 4888 976 4942 δὲ
1021 4887 1186 4942 πάλιν
1213 4887 1332 4940 ἐστὶ
1376 4886 1438 4938 τὸ
1474 4884 1762 4958 σαρκικὸν,
1798 4885 1965 4956 ἤγουν

377 4982 686 5041 διαὸολικὸν
718 4981 811 5035 καὶ
865 4979 1052 5034 ὑλικὸν
1083 4979 1316 5050 θέλημα,
1363 4979 1500 5050 ὃτερ
1542 4979 1570 5032 ὁ
1609 4977 1751 5042 θεῖος
1797 4977 1961 5030 Ἀπό-

383 5076 597 5138 οτολος,
628 5074 722 5128 καὶ
755 5073 926 5126 πᾶσαι
958 5071 1014 5125 αἱ
1049 5069 1264 5142 Γραφαὶ
1291 5068 1638 5124 διαϐάλλουσι
1693 5069 1790 5122 καὶ
1828 5069 1965 5122 dmo-

387 5167 694 5222 ϐάλλονται.

2059 4632 2204 4683 cum,
2241 4615 2332 4686 qui
2365 4613 2604 4668 divinam
2627 4611 3032 4678 humanamque
3060 4606 3293 4660 indivise
3345 4603 3399 4656 in
3422 4599 3642 4656 Christo

2057 4711 2292 4765 fatemur
2324 4705 2680 4768 voluntatem,
2717 4715 2882 4770 atque
2910 4699 3326 4770 Operationem;
3358 4705 3480 4746 eum
3538 4702 3639 4741 no-

2061 4801 2184 4867 lint,
2229 4812 2408 4868 neque
2434 4810 2564 4850 vero
2605 4795 2820 4866 possint
2842 4791 3100 4847 continuo
3128 4789 3460 4848 discernere,
3489 4793 3642 4849 quae-

2063 4907 2186 4947 nam
2222 4891 2292 4947 sit
2324 4890 2528 4956 divina,
2571 4897 2737 4960 atque
2785 4887 3028 4941 increata
3067 4882 3317 4937 voluntas
3341 4917 3355 4943 ,
3389 4886 3640 4945 quaenam

2067 4996 2194 5036 vero
2222 4995 2286 5036 ea
2319 4980 2392 5034 sit
2415 4978 2690 5042 voluntas,
2723 4991 2846 5048 quae
2872 4991 2901 5028 a
2939 4977 3048 5029 Deo
3086 4979 3270 5037 creata
3330 4976 3435 5034 est,
3471 4967 3644 5018 dono.

2071 5088 2174 5144 que
2203 5073 2401 5128 tributa
2435 5069 2682 5126 rationali
2724 5078 2925 5124 nostra:
2960 5074 3190 5127 natura},
3237 5075 3343 5132 qua
3392 5055 3647 5112 videlicet

2075 5163 2349 5220 voluntate
2365 5161 2562 5216 bonum
2585 5175 2897 5230 operamnr,
2922 5167 3084 5228 atque
3104 5150 3447 5210 sanctissima
3467 5147 3652 5202 divina

389 5261 694 5317 voluntasa
737 5259 894 5314 nobis
937 5257 1264 5328 atlimpletur
1297 5277 1310 5312 :
1341 5256 1580 5326 quidque
1609 5271 1797 5310 rursus
1833 5255 2088 5320 carnalis,
2140 5256 2255 5312 sive
2312 5253 2604 5319 diabolica,
2673 5263 2838 5322 atque
2902 5247 3202 5306 materialis
3260 5247 3519 5300 voluntas
3549 5238 3646 5304 sit,

389 5367 556 5424 quam
589 5363 813 5407 sanctus
843 5350 1154 5420 Apostolus,
1184 5349 1558 5420 universasque
1604 5349 1800 5404 divina:
1839 5347 2060 5404 Littera:
2095 5348 2408 5418 improbant
2432 5357 2597 5416 atque
2625 5345 2896 5416 rejiciunt.

463 5445 592 5498 Ὅτι
617 5445 727 5515 γὰρ
755 5443 856 5514 τὴν
893 5442 1172 5515 ἁμαρτίαν
1199 5440 1464 5507 πολλάκις
1491 5440 1675 5513 σάρκα
1713 5440 1970 5511 ὀνομάζει

390 5540 421 5593 ὁ
449 5535 690 5600 Παῦλος,
739 5535 973 5589 ἄκουσον
1003 5533 1168 5590 αὑτοῦ
1195 5533 1471 5602 λέγοντος,
1502 5535 1586 5588 ὅτι
1632 5553 1650 5587 ι
1687 5533 1835 5605 Σὰρξ
1878 5534 1974 5587 καὶ

397 5626 542 5703 αἷμα
573 5627 854 5699 βασιλείαν
900 5626 1038 5681 Θεοῦ
1077 5627 1138 5681 οὐ
1179 5627 1678 5700 κληρονομήσουσι,
1711 5629 1805 5680 καὶ
1833 5627 1882 5680 oi
1919 5629 1975 5681 ἐν

476 5786 671 5842 ’Rom.
705 5802 821 5851 vttt,
854 5788 909 5846 7.
986 5789 1008 5820 ³
1047 5788 1178 5843 ibid.
1257 5789 1276 5820 ³
1309 5787 1440 5843 ibid.
1465 5786 1522 5843 6.

2151 5439 2306 5507 Quod
2337 5449 2518 5495 autem
2552 5445 2834 5509 peccatum
2881 5433 3114 5506 appellet
3149 5430 3346 5486 Paulus
3383 5439 3527 5495 saepe
3546 5437 3654 5478 sm-

2081 5531 2204 5602 pius
2233 5545 2476 5596 carnem,
2511 5529 2636 5585 audi
2678 5529 2852 5599 ipsum
2877 5526 3147 5583 dicentem
3177 5519 3322 5593 quod
3356 5537 3376 5572 ι
3409 5515 3572 5582 Caro,
3597 5521 3654 5616 et

2086 5625 2307 5698 sanguis
2335 5637 2561 5696 regnum
2598 5623 2690 5679 Dei
2726 5636 2835 5678 non
2868 5618 3224 5692 possidebunt
3251 5615 3306 5684 ις
3345 5632 3366 5668 ι
3387 5619 3444 5669 et
3473 5627 3488 5665 :
3521 5615 3656 5678 «qui

1601 5790 1661 5842 1Ἰ
1690 5788 1815 5844 Cor.
1847 5802 1934 5853 xv,
1977 5787 2068 5845 50.
