4064 6456
505 349 639 417 1159

1707 358 1792 452 $.-
1812 359 2210 421 ANASTASII
2250 340 2576 418 SINAIM

3615 345 3743 432 uia

502 473 554 522 ill
601 482 761 522 carne
809 476 956 535 sunt,
1013 471 1122 525 Deo
1173 473 1390 544 placere
1433 489 1537 528 non
1592 473 1898 544 possunt';
1943 493 1962 526 ι
2010 474 2075 528 Et

2198 473 2350 544 rapxl.
2397 473 2568 535 ὄντες,
2599 467 2717 539 Θεῷ
2750 467 2947 538 ἀρέσαι
2977 463 3036 517 ού
3068 461 3359 516 δύνανται·
3395 479 3414 514 ι
3456 458 3584 514 καί·
3625 481 3644 514 ι
3693 463 3746 516 '0

507 576 528 610 ι
565 559 656 628 qui
681 560 920 614 seminat
949 563 1000 618 in
1031 579 1217 628 carne,
1262 567 1328 620 de
1360 581 1524 620 carne
1553 567 1715 620 etiam
1746 575 1914 620 metet
1946 581 2076 620 cor-

508 651 812 717 ruptionem
849 651 906 714 ‘;
954 672 972 706 ι
1001 665 1095 711 et:
1135 675 1153 708 ι
1192 655 1248 711 Si
1275 658 1574 712 secundum
1623 672 1842 712 carnem
1889 658 2080 711 ambu-

503 739 750 798 laveritis
772 785 787 804 .
821 747 1062 801 futurum
1097 760 1178 802 est
1210 758 1266 803 ut
1304 750 1540 818 pereatis
1565 749 1608 815 ";
1649 767 1668 800 ι
1704 765 1928 802 carnem
1955 763 2082 818 pec-

507 843 688 886 catum
737 838 1048 904 nominans,
1087 856 1193 894 non
1235 853 1410 894 autem
1463 841 1646 894 carnis
1692 852 1890 896 nostra:
1922 851 2082 894 natu-

507 932 645 979 ram.
676 925 870 992 lnjnria
896 933 1092 999 quippe
1117 932 1277 984 etiam
1319 932 1596 986 Christum
1627 931 1870 986 alliceret
1899 934 2085 986 dicen-

509 1023 618 1068 tetu
651 1031 664 1068 :
692 1035 710 1067 ι
743 1018 962 1087 Palpate
989 1037 1093 1084 me,
1122 1033 1177 1074 et
1213 1025 1411 1080 videte.
1444 1024 1568 1091 quia
1598 1024 1824 1092 spiritus
1861 1039 2085 1078 carnem

509 1119 700 1160 etossa
729 1127 832 1162 non
862 1113 1044 1174 habet,
1068 1114 1210 1166 sicut
1237 1130 1322 1168 me
1345 1115 1540 1169 videtis
1567 1115 1772 1169 habere
1797 1115 1840 1168 ⁸.
1867 1134 1885 1167 ι
1924 1117 2001 1170 Ita
2030 1124 2088 1170 ut

511 1201 783 1253 carnalem
819 1202 1151 1256 voluntatem
1177 1205 1408 1258 alienam
1435 1221 1462 1259 a
1489 1206 1728 1271 Christo,
1753 1217 2090 1261 extraneam-

511 1301 616 1354 que
648 1289 909 1342 deliniant
941 1294 1112 1346 sancti
1153 1293 1408 1349 Ecclesia:
1446 1297 1661 1362 Patres,
1698 1306 1752 1350 et
1787 1298 2086 1363 carnalem,

511 1384 675 1442 atque
710 1389 932 1445 peccato
963 1381 1260 1450 subjectam
1303 1387 1562 1452 onerandi
1604 1387 1948 1455 facultatem;
1985 1405 2088 1444 non

509 1481 654 1529 eam,
685 1483 804 1532 quae
848 1479 1057 1525 naturae
1081 1484 1185 1536 est,
1221 1490 1328 1528 non
1367 1491 1512 1542 eam,
1541 1493 1662 1546 qua:
1702 1489 1887 1533 creata
1919 1496 1947 1532 a
1981 1480 2091 1534 Deo

513 1567 616 1621 est,
639 1570 742 1610 non
764 1575 907 1624 eam,
931 1577 1050 1630 quae
1074 1565 1138 1616 ad
1169 1564 1458 1635 imaginem
1490 1569 1973 1624 etsimilitudinem
1997 1571 2091 1627 Dei

515 1649 670 1698 nobis
695 1664 950 1706 concessa
990 1663 1108 1718 est,
1152 1655 1559 1714 itnmaculatam
1594 1671 1649 1716 et
1692 1662 2092 1731 irreprehensi-

510 1734 677 1789 bilem
709 1742 1010 1796 naturalem
1042 1745 1399 1813 voluntatem,
1429 1759 1592 1819 atque
1624 1753 2018 1820 operationem.

587 1827 695 1882 Sed
726 1833 818 1898 qui
851 1847 979 1888 vere
1019 1836 1215 1890 diaboli
1257 1840 1530 1906 potestate
1573 1841 1723 1897 intus
1753 1853 2007 1912 aguntur,
2038 1853 2094 1898 et

513 1921 696 1973 carnis
723 1925 1200 1992 concupiscentiis,
1232 1938 1286 1982 et
1305 1930 1573 1985 incendiis
1592 1933 1820 2003 subjecti
1849 1944 2092 2002 manent,

515 2010 725 2079 subque
754 2016 960 2068 carnali
997 2018 1696 2092 voluntatedeprimuntur,
1730 2025 1780 2079 in
1814 2025 1947 2095 ipsis
1966 2043 2096 2083 cou-

515 2104 790 2170 taminati,
837 2116 893 2160 et
943 2109 1210 2176 obvoluli,
1251 2129 1374 2168 cum
1407 2115 1718 2172 discernere
1751 2133 2092 2190 nequaquam

511 2193 736 2251 Valeant
769 2197 915 2254 inter
950 2204 1390 2270 superinductam
1429 2209 1764 2266 voluntatem
1791 2221 1848 2266 et
1875 2214 2094 2279 malam,

516 2293 576 2339 et
607 2290 1006 2359 Operationem,
1047 2308 1166 2362 quae
1211 2307 1408 2364 praeter
1438 2310 1688 2356 naturam
1738 2311 1843 2370 est,
1871 2313 1926 2360 et
1954 2303 2098 2358 inter

515 2385 664 2442 eam,
717 2392 838 2446 quae
868 2394 898 2433 a
943 2383 1050 2436 Deo
1093 2385 1356 2454 originem
1407 2389 1657 2458 sortitur,
1711 2400 1876 2462 atque
1922 2409 1952 2448 a
1986 2393 2096 2449 Deo

519 2463 648 2522 data
687 2479 773 2524 est
803 2470 1037 2539 animae,
1077 2479 1445 2535 essentialiter
1495 2484 1836 2548 rationalem,
1873 2495 1928 2540 et
1952 2486 2098 2542 desi-

523 2558 692 2615 deriis
716 2571 897 2630 aptam
929 2565 1259 2622 voluntatem
1294 2589 1308 2624 :
1341 2587 1519 2642 neque
1550 2574 1680 2643 quid
1712 2590 1900 2631 rursus
1932 2579 2001 2632 sit
2026 2578 2101 2631 vi-

523 2647 652 2702 talis
689 2649 827 2718 ejus,
865 2661 920 2708 et
945 2656 1250 2711 subsistens
1283 2657 1515 2717 facultas
1557 2667 1824 2734 corporis,
1854 2677 1911 2721 ut
1940 2670 2100 2738 periti

522 2731 761 2796 Manetis
863 2746 1112 2816 discipuli
1185 2749 1499 2820 improbant
1567 2731 1870 2813 naturalem
1913 2731 1954 2814 a-
1990 2760 2102 2816 Deo

520 2832 694 2885 Creati
730 2831 969 2891 hominis
992 2838 1348 2908 voluntatem,
1379 2855 1546 2914 utque
1575 2846 1858 2904 Manicbtei
1880 2865 2102 2906 carnem

524 2929 767 2976 nostram
807 2941 835 2978 ιι
865 2923 978 2981 Deo
1035 2929 1154 2997 ipso
1203 2933 1405 2988 editam
1453 2935 1742 3004 damnant,
1797 2940 2105 3010 injuriaque

529 3005 774 3066 aﬂiciunt
803 3014 985 3070 datam
1021 3035 1051 3072 a
1088 3021 1197 3076 Deo
1226 3025 1382 3079 nobis
1420 3027 1788 3084 vivificantem
1832 3005 2105 3100 operatio-

525 3113 674 3166 nem,
713 3103 1240 3182 intellectualemque
1266 3131 1295 3169 a
1327 3115 1440 3172 Deo
1477 3121 1632 3176 nobis
1675 3123 1884 3192 pariter
1923 3126 2102 3180 datam

523 3187 870 3253 desiderandi
919 3199 1233 3261 facultatem
1275 3207 1548 3277 incusant,
1579 3187 1860 3285 per-quam
1895 3218 2104 3274 scilicet

523 3279 720 3341 elevati
753 3289 994 3346 divinam
1029 3297 1399 3353 nanciscimur
1423 3303 1780 3360 salvationem
1813 3325 1827 3362 :
1863 3311 1963 3363 hoc
1992 3311 2103 3364 sci-

524 3371 658 3472 licet
699 3395 892 3438 eorum
937 3385 1188 3456 dogmate
1234 3407 1331 3456 per
1375 3395 1556 3452 omnia
1598 3399 1776 3466 ipsum
1835 3402 2104 3472 impetuut

523 3463 865 3530 Creatorem.-

599 3555 659 3615 Si
681 3571 860 3620 autem
895 3567 1079 3640 iniqua
1105 3573 1222 3630 haec
1246 3577 1480 3648 ingenita
1503 3583 1700 3640 animae
1719 3585 1966 3642 voluntas
1995 3599 2102 3656 est,

451 3687 488 3741 ι,
527 3656 802 3718 quomodo
854 3659 1024 3716 David
1079 3665 1256 3736 inquit
1294 3689 1308 3724 :
1347 3689 1366 3723 ι
1408 3671 1675 3739 Quoniam
1718 3692 1787 3733 ex
1827 3681 2105 3738 voluntate

525 3756 648 3798 mea
683 3751 985 3808 conﬁtebor
1019 3757 1249 3815 Domino
1279 3765 1340 3817 οἳ
1385 3784 1403 3816 ι
1443 3766 1725 3832 Quomodo
1771 3783 1952 3828 autem
1981 3792 2103 3830 om-

523 3835 659 3893 nino
711 3843 892 3898 anima
942 3861 1128 3916 posset
1185 3855 1431 3912 divinum
1487 3852 1706 3933 aliquod
1759 3867 1939 3934 velle,
1999 3869 2102 3923 nisi

525 3927 780 4008 rationali
830 3946 1113 4003 prtestaret
1159 3945 1474 4003 voluntate?
1508 3927 1592 4006 vel
1621 3957 1892 4021 quomodo
1921 3958 1984 4010 ad
2015 3973 2102 4024 ea,

525 4028 650 4088 qua!
677 4023 882 4092 optima
919 4038 1070 4093 sunt,
1102 4040 1156 4085 et
1185 4033 1597 4107 intellectualia,
1635 4054 1823 4114 posset
1858 4023 2100 4102 animum

526 4108 797 4203 adjicere,
819 4115 902 4170 vel
921 4119 986 4172 ad
1013 4121 1128 4189 ipsa
1157 4129 1366 4195 conari,
1403 4131 1508 4185 nisi
1539 4135 1858 4203 rationalem
1879 4139 2106 4194 haberet

527 4195 892 4260 facultatem?
929 4210 1126 4277 quibus
1153 4215 1408 4274 nimirum
1438 4223 1651 4280 duabus
1681 4196 2106 4297 proprietatibus

527 4291 584 4347 in
613 4309 676 4350 ea
712 4301 1004 4357 manifeste
1051 4309 1380 4374 exprimitur
1409 4314 1486 4378 id,
1519 4319 1662 4385 quod
1681 4291 1877 4376 Vest-ad
1914 4325 2106 4396 imagi-

528 4397 654 4438 nem
705 4397 761 4442 et
795 4392 1207 4454 similitudinem
1271 4401 1390 4456 Dei.
1438 4404 1729 4476 Propterea
1778 4392 2106 4484 itaque,'et

2181 566 2420 636 σπείρων
2453 566 2532 627 είς
2559 564 2659 632 τὴν
2691 561 2891 631 σάρκα.
2927 560 2990 610 ἐκ
3025 558 3124 626 τῆς
3153 553 3357 624 σαρκὸς
3388 552 3600 624 θερίσει
3629 555 3750 622 φθο-

2183 657 2316 728 ράνο
2355 675 2374 708 ι
2407 655 2533 708 καί·
2575 673 2594 706 ι
2630 655 2727 706 Ἂν
2753 653 2892 706 κατὰ
2921 651 3100 722 σάρκα
3129 647 3501 718 περιπατῆτε,
3537 648 3749 717 μέλλετε

2181 747 2550 818 ἀποθνήσκειν
2571 761 2618 797 ἰ
2653 746 2832 816 σάρκα
2863 743 2962 812 τὴν
2987 741 3266 812 ἁμαρτίαν
3293 739 3611 808 ὀνομάζων,
3645 739 3752 791 ἀλλ’

2181 842 2243 894 ού
2271 841 2369 911 τὴν
2417 838 2580 910 φύσιν
2609 838 2708 908 τῆς
2745 836 3019 907 ἡμετέρας
3047 833 3271 902 σαρκός.
3315 831 3480 884 Ἐπεὶ
3515 831 3754 914 εὑρίσκε-

2182 952 2273 988 ται
2311 933 2402 985 τὸν
2437 934 2670 1003 Χριστὸν
2709 930 3012 1000 ἐνυϐρίζων
3057 928 3149 980 τὸν
3177 919 3440 993 λέγοντα·
3503 943 3523 975 ι
3576 924 3756 993 Ψηλα-

2187 1024 2396 1094 φήσατέ
2429 1040 2518 1092 με,
2555 1023 2650 1075 καὶ
2682 1021 2843 1083 ἴδετε,
2873 1022 2957 1074 ὅτι
2995 1018 3211 1088 πνεῦμα
3243 1018 3430 1086 σάρκα.
3460 1015 3557 1068 καί
3610 1017 3760 1070 ὀστέα

2185 1119 2285 1170 οὐκ
2311 1117 2447 1186 ἔχει,
2497 1115 2681 1177 καθὼς
2731 1113 2830 1182 ἐμέ
2873 1111 3132 1183 θεωρεῖτε
3164 1111 3380 1180 ἔχοντα.
3417 1127 3437 1159 ι
3487 1105 3652 1160 Ὥστε
3706 1109 3760 1160 τὸ

2189 1211 2450 1274 σαρκικδν
2483 1207 2695 1278 θέλημα
2726 1205 3008 1274 ἀλλότριον
3060 1201 3157 1255 καὶ
3204 1201 3372 1268 ξένον’
3391 1199 3492 1254 τοῦ
3535 1198 3758 1268 Χριστοῦ

2187 1301 2237 1353 οἱ
2270 1300 2417 1368 ἆγιοι
2465 1298 2708 1368 Πατέρες
2737 1295 3002 1367 ὁρίζουσι,
3054 1293 3150 1346 καὶ
3177 1291 3276 1362 τὴν
3330 1287 3633 1362 σαρκικην,
3678 1290 3763 1341 καὶ

2190 1391 2410 1462 ἐμπαθῆ
2432 1391 2530 1460 τῆς
2563 1387 2838 1458 ἁμαρτίας
2870 1385 3173 1456 ἐνέργειαν,
3200 1382 3262 1434 οὐ
3290 1383 3392 1452 τὴν
3429 1379 3685 1448 φυσικὴν,
3707 1376 3758 1431 οὗ

2189 1483 2286 1554 τὴν
2322 1482 2655 1546 θεόκτιστον,
2697 1480 2758 1532 οὐ
2815 1477 2914 1548 τὴν
2954 1475 3077 1530 κατ’
3121 1475 3308 1527 εἰκόνα
3367 1471 3466 1526 καὶ
3519 1472 3762 1541 ὁμοίωσιν

2191 1573 2327 1628 Θεοῦ
2388 1574 2776 1644 ὑπάρχουσαν,ι
2812 1570 2971 1642 ἡμῶν
3023 1567 3254 1639 ἄμωμον
3304 1565 3408 1621 καὶ
3456 1564 3764 1633 ἀδιάϐλητον

2192 1667 2426 1738 φυσικήν
2453 1666 2674 1737 θέλησιν
2702 1665 2799 1720 καὶ
2823 1663 3130 1734 ἐνέργειαν.

2122 1824 2167 1879 Β
2276 1843 2416 1896 Ἀλλ’
2464 1843 2513 1897 οἱ
2551 1840 2768 1912 ἀληθῶς
2821 1841 2990 1904 ὅντως
3039 1839 3146 1893 ὑπὸ
3205 1836 3309 1907 τῆς
3351 1833 3641 1908 ἐνεργείας
3681 1837 3763 1887 τοι

2195 1935 2444 1988 διαϐόλου
2495 1933 2905 2005 ἐνεργούμενοι,
2947 1931 3044 1985 καὶ
3079 1932 3159 1993 είς
3197 1929 3298 1992 τὰς
3344 1927 3632 1999 πυρώσεις
3682 1926 3762 1979 καὶ

2196 2026 2489 2090 ἐκκαύσεις
2535 2027 2633 2096 τῆς
2680 2025 2886 2096 σαρκὸς
2933 2022 3351 2094 ἐκμαινόμενοι,
3386 2022 3488 2074 καλ⁵
3537 2020 3640 2072 ὑπὸ
3681 2019 3763 2071 τοῦ

2198 2115 2464 2185 σαρκικοῦ
2502 2115 2810 2185 θελήματος
2833 2115 3392 2184 κατακαμπτόμενοι,
3422 2112 3520 2166 καὶ
3556 2110 3762 2180 μολυνό-

2202 2225 2376 2278 μενοι,
2409 2207 2504 2260 καὶ
2537 2206 2980 2278 βορΰορούμενοι,
3015 2207 3090 2278 μὴ
3117 2203 3454 2276 ἰσχύσαντες
3473 2203 3762 2275 διακρῖναι,

2198 2299 2251 2352 τί
2285 2302 2387 2368 μέν
2411 2293 2524 2353 ἔστι
2555 2299 2615 2352 τὸ
2647 2298 2972 2352 ἐπείσακτον
3001 2299 3094 2351 καὶ
3124 2298 3365 2368 πονηρὸν
3399 2296 3636 2365 θέλημα,
3685 2293 3764 2345 καὶ

2201 2389 2236 2460 ἡ
2267 2390 2419 2460 παρὰ
2447 2387 2610 2458 φύσιν
2649 2389 2922 2459 ἐνέργεια,
2952 2387 3004 2441 τί
3031 2385 3090 2442 δέ
3141 2389 3260 2441 ἐστι
3290 2387 3356 2440 τὸ
3397 2386 3657 2461 θεόφυτον
3683 2382 3764 2436 καὶ

2201 2478 2478 2532 θεόσδοτον
2510 2479 2609 2549 τῆς
2656 2477 2834 2548 ψυχῆς
2877 2476 3190 2546 λογιστικὸν
3242 2477 3342 2530 καὶ
3385 2473 3765 2544 ἐπιθυμητικὸν

2199 2571 2458 2634 οὐσιῶδες
2479 2570 2715 2641 θέλημα,
2751 2571 2848 2623 καὶ
2886 2569 2937 2624 τί
2969 2569 3133 2624 πάλιν
3162 2571 3195 2639 ὴ
3243 2567 3461 2634 ζωτικὴ
3490 2567 3657 2636 αὐτῆς
3683 2565 3764 2619 καὶ

2204 2665 2504 2735 συστατικὴ
2539 2662 2634 2717 τοῦ
2679 2662 2930 2733 σώματος
2980 2663 3254 2732 ἐνέργεια,
3303 2661 3384 2726 ὡς
3425 2663 3638 2732 γνήσιοι
3684 2660 3760 2713 τεῦ

2201 2758 2483 2819 Μάνεντος
2532 2755 2773 2826 μαθηταὶ
2812 2753 3162 2808 διαϐάλλουσι
3187 2756 3248 2808 τὸ
3278 2755 3386 2822 τῆς
3433 2752 3646 2822 φύσεως
3680 2751 3760 2804 τοῦ

2203 2850 2519 2904 θεοκτίστου
2543 2848 2832 2920 ἀνθρώπου
2863 2844 3098 2920 θέλημα,
3129 2847 3462 2912 κακίζουσιν
3481 2846 3556 2910 ὡς
3587 2846 3632 2899 οἱ
3658 2845 3760 2900 Μα-

2204 2945 2399 3014 νιχαίοι
2431 2943 2530 3014 τὴν
2564 2941 2721 3013 ἡμῶν
2778 2915 3087 2995 θεόκτιστέν
3121 2941 3339 3012 σάρκα,
3377 2938 3653 3010 ὑϐρίζουσι
3678 2937 3760 3007 τὴν

2204 3033 2465 3097 ζωοποιὸν
2497 3031 2774 3085 θεόσδοτον
2807 3031 2968 3102 ἡμῶν
3004 3033 3310 3102 ἐνέργειαν,
3346 3033 3650 3102 μέμφονται
3678 3030 3761 3098 τὴν

2205 3125 2402 3196 νοερὰν
2426 3125 2584 3195 ἡμῶν
2615 3125 2894 3177 θεόσδοτον
2922 3123 3242 3194 ἐπιθυμίαν,
3279 3123 3352 3177 δι’
3378 3117 3448 3195 ἦς
3471 3121 3764 3192 ὀρεγόμενοι

2207 3216 2316 3269 τῶν
2364 3215 2522 3269 θείων
2583 3214 2924 3286 τυγχάνομεν
2973 3215 3072 3286 τῆς
3119 3214 3428 3286 σωτηρίας,
3462 3214 3550 3266 διὰ
3589 3207 3763 3270 παντὸς

2209 3304 2390 3358 αὐτῶν
2408 3304 2502 3358 τοῦ
2525 3304 2797 3376 δόγματος
2827 3303 2903 3376 τῷ
2936 3304 3146 3376 Κτίστῃ
3173 3305 3629 3377 προσκρούοντες.

2281 3575 2346 3628 ΕΞ
2387 3574 2446 3628 δέ
2475 3574 2710 3646 πονηρὸν
2739 3569 2807 3646 ἦν
2833 3573 2894 3627 τὺ
2931 3572 3174 3643 ἔμφυτον
3212 3573 3312 3643 τῆς
3350 3571 3531 3643 ψυχῆς
3557 3569 3759 3637 θέλημα,

2213 3668 2332 3732 πῶς
2367 3685 2534 3738 φησιν
2569 3669 2597 3720 ό
2640 3667 2833 3721 Δαθίδ·
2873 3684 2892 3718 ι
2932 3667 3056 3720 "Ott
3083 3667 3178 3720 καὶ
3202 3669 3266 3720 ἐκ
3323 3662 3630 3736 θελήματός
3674 3675 3758 3730 μου

2211 3761 2682 3832 ἐξομολογήσομαι
2705 3760 2784 3831 τῷ
2811 3759 2964 3830 Θεῷ;
2997 3777 3015 3810 ι
3039 3758 3164 3822 Πῶς
3193 3759 3302 3828 γὰρ
3333 3760 3402 3814 ἂν
3423 3760 3560 3821 ὅλως
3585 3755 3670 3808 καὶ
3685 3753 3752 3804 δο-

2213 3855 2438 3924 νήσεται
2477 3854 2509 3923 ἡ
2557 3849 2705 3924 ψυχὴ
2747 3850 2972 3920 θελῆσαι
3013 3868 3066 3903 τι
3109 3850 3221 3904 τῶν
3249 3850 3440 3914 θείων,
3495 3851 3540 3902 εί
3575 3845 3644 3917 μή
3669 3843 3758 3911 ἔχει

2213 3943 2438 4014 θέλησιν
2467 3942 2730 4014 λογικήν;
2759 3943 2792 4014 ἢ
2843 3943 2960 4006 πῶς
2991 3943 3176 4014 νοήσει
3220 3960 3274 3996 τι
3319 3943 3435 3996 τῶν
3466 3937 3759 4012 κρειττόνων

2211 4037 2309 4091 καὶ
2381 4036 2608 4108 νοερῶν,
2674 4036 2708 4107 ἢ
2771 4037 3078 4106 ἐνεργήσει,
3130 4034 3205 4107 μὴ
3248 4035 3458 4128 ἔχουσα
3511 4031 3757 4128 ἐνέργειαν

2211 4129 2404 4200 νοερὰν
2429 4169 2446 4194 ,
2473 4128 2540 4182 δι’
2567 4122 2640 4182 ὧν
2673 4127 2766 4180 δύο
2813 4128 3090 4198 ίδιοτήτων
3123 4126 3450 4193 ἐξεικονίζει
3502 4117 3673 4190 ampli);
3712 4130 3757 4166 εν

2213 4223 2378 4290 ἑαυτῇ
2407 4221 2468 4274 τὸ
2506 4221 2627 4274 κατ’
2661 4220 2846 4272 εἰκόνα
2887 4219 2984 4272 καὶ
3025 4218 3289 4289 ὁμοίωσιν
3334 4216 3502 4284 Θεοῦ;
3553 4212 3644 4266 Διὰ
3667 4207 3755 4276 γὰρ

2211 4313 2368 4364 τούτο
2399 4310 2492 4364 καὶ
2531 4311 2694 4381 μόνον
2723 4313 2856 4380 ἡμῖν
2888 4311 3224 4381 πεπόνηνται
3247 4310 3298 4362 οἱ
3325 4307 3668 4381 προκείμενοι
3693 4298 3758 4357 είς

2214 4405 2296 4468 τὸ,
2320 4403 2667 4467 κατέίκόνα,
2696 4402 2870 4470 λόγοι,
2903 4403 2983 4465 είς
3006 4401 3070 4454 τὸ
3099 4400 3292 4465 δεῖξαι,
3316 4401 3396 4464 ὡς
3411 4402 3468 4452 ὲν
3499 4395 3639 4463 τύπῳ
3669 4385 3756 4440 τινὶ

527 4472 647 4532 haec
683 4495 787 4535 una
821 4483 888 4539 de
917 4501 1083 4544 causa
1125 4493 1230 4548 duo
1267 4510 1295 4546 a
1326 4497 1484 4550 nobis
1532 4502 1774 4568 pradicti
1827 4521 2098 4566 sermones

2214 4497 2310 4550 καὶ
2330 4497 2496 4551 είκόνι
2523 4496 2600 4566 τῷ
2615 4494 2890 4566 ἀνθρώπῳ
2911 4497 2971 4548 οὐ
2993 4494 3152 4566 μόνον
3181 4493 3291 4546 τῶν
3315 4493 3409 4546 δύο
3429 4489 3520 4546 τοῦ
3550 4487 3754 4580 Χριστξυ

528 4577 828 4645 conscripti
864 4590 990 4636 sunt
1027 4583 1080 4638 in
1119 4585 1270 4654 illud,
1303 4590 1370 4644 ad
1414 4589 1726 4662 imaginem,
1766 4605 1825 4651 ut
1853 4603 2098 4658 ostende-

2209 4591 2408 4644 οὐσιῶν
2441 4591 2540 4660 τὴν
2571 4587 3038 4662 προδιατύπωσιν,
3063 4586 3200 4640 ἀλλὰ
3235 4585 3450 4658 καὶδύο
3491 4577 3752 4648 ἐνεργειῶν

528 4679 737 4734 remus,
778 4670 831 4725 in
871 4673 1090 4732 homine
1138 4680 1302 4734 veluti
1341 4683 1393 4737 in
1430 4685 1604 4754 figura
1633 4698 1688 4742 et
1717 4691 1950 4760 imagine
1979 4711 2111 4764 qua-

527 4755 684 4830 dam,
703 4775 806 4816 non
840 4765 1000 4820 modo
1031 4767 1261 4837 duplicis
1278 4773 1482 4830 Christi
1505 4779 1760 4834 essentia!
1795 4755 2108 4852 imaginem,

525 4860 718 4903 verum
773 4854 936 4909 etiam
975 4857 1204 4914 duarum
1241 4868 1618 4932 operationum
1663 4871 2110 4944 voluntatumque

528 4938 886 5000 indivisarum
959 4953 1258 5021 exemplar.
1319 4955 1800 5018 Verumeuimvero
1853 4977 2107 5034 patrem,

529 5043 871 5108 matremque
899 5041 1195 5110 honorare,
1229 5047 1452 5114 fratres,
1487 5061 1650 5122 atque
1673 5057 2110 5126 consanguineos

528 5123 753 5197 diligere
790 5132 1038 5190 hmnanae
1057 5139 1244 5205 procul
1273 5141 1436 5196 dubio
1465 5154 1672 5200 natura:
1709 5149 1974 5204 naturalis
2003 5158 2106 5216 est,

529 5222 783 5276 essentia:
817 5224 1009 5290 indita,
1055 5239 1222 5298 atque
1253 5232 1320 5286 ab
1342 5235 1522 5288 anima
1555 5238 1782 5292 indivisa
1813 5239 2062 5293 voluntas
2093 5257 2107 5294 :

529 5321 652 5359 cum
721 5323 932 5380 patrem
986 5320 1198 5388 ipsum,
1251 5334 1411 5394 atque
1467 5337 1736 5396 matrem,
1803 5331 2110 5400 fratresque

531 5409 752 5466 propter
787 5403 953 5463 Deum
988 5413 1391 5485 derelinquere,
1429 5429 1592 5490 atque
1624 5423 1894 5492 abnegare
1922 5424 2099 5478 divina

2203 4675 2306 4735 5ιαὶ
2329 4681 2652 4752 θελημὰτων
2697 4680 3058 4751 ἀδιαῦλήτιον,
3095 4679 3170 4742 ὡς
3205 4681 3263 4732 ἐν
3311 4679 3468 4746 τύπῳ
3505 4672 3605 4725 τινὶ
3635 4667 3752 4735 ἀμυ-

2209 4773 2320 4844 δρῷ
2362 4771 2786 4843 προδιάγραῷιν.
2829 4773 2940 4826 Καὶ
2983 4773 3092 4843 γὰρ
3124 4771 3185 4824 τὸ
3227 4772 3395 4842 τιμᾷν
3432 4763 3633 4833 πατέρα
3667 4752 3750 4860 θεαὶ

2213 4867 2449 4939 μητέρα,
2483 4867 2574 4920 καὶ
2601 4865 2868 4934 ἀδελφοὺς
2898 4867 3142 4934 ἀγαπᾷν,
3177 4865 3272 4916 καὶ
3303 4859 3634 4955 συγγένειαν,
3661 4863 3719 4955 φιξ

2212 4978 2346 5020 σεως
2388 4959 2737 5030 ἀνθρωπίνης
2784 4957 3010 5026 φυσικόν
3063 4958 3210 5009 ἐστιν
3243 4953 3496 5013 οὐσιῶδες
3545 4945 3742 5048 θέλήίλαι

2207 5052 2384 5122 ψυχῆς
2415 5051 2739 5123 ἀδιάϐλητον
2767 5067 2780 5079 ’
2819 5050 2880 5102 τὸ
2905 5049 2962 5101 δὲ
2999 5048 3347 5116 καταλεῖψαῑ,
3403 5040 3743 5140 xei-epse?—

2210 5142 2334 5196 σθαι
2393 5143 2480 5196 διὰ
2507 5142 2640 5196 Θεὸν
2688 5141 2924 5212 πατέρα,
2966 5140 3062 5194 καὶ
3096 5139 3328 5210 μητέρα,
3364 5135 3454 5189 καὶ
3498 5130 3740 5224 ἀδελφονς,

2207 5235 2375 5298 ὅντως
2410 5235 2552 5287 θεῖον
2609 5233 2702 5287 καὶ
2759 5233 2900 5304 ὑπὲρ
2954 5233 3117 5302 φύσιν
3170 5231 3381 5301 θέλημα
3447 5221 3740 5312 ἀξιέπαξνΟΫ

2223 5324 2351 5378 ’ἰδοὺ
2383 5324 2475 5376 δύο
2504 5323 2786 5394 θελήματα
2814 5323 3134 5394 ἀδιάϐλητοι,
3161 5323 3224 5376 τὸ
3257 5323 3354 5393 μὲν
3384 5316 3535 5386 φύσει
3563 5305 3742 5370 ἀνορω·

2213 5435 2389 5484 πινον,
2421 5420 2479 5473 τὸ
2517 5418 2574 5472 δέ
2613 5421 2750 5491 ὑπὲρ
2775 5419 2939 5489 φύσιν
2969 5421 3063 5472 καὶ
3089 5418 3253 5472 θεῖον.

532 5489 625 5554 Si"
661 5491 822 5550 laude
853 5499 1012 5570 digna
1039 5506 1313 5572 voluntas,
1336 5485 1716 5582 exced—ensque
1741 5485 1952 5568 n-aturae‘
1979 5515 2371 5568 conditionem.
2413 5513 2488 5564 lin
2558 5512 2743 5581 itaque
2803 5513 2936 5564 duas
2982 5510 3242 5564 indivisas
3302 5507 3617 5562 voluntalesi
3656 5485 3738 5592 Ῑξίν

536 5597 710 5638 manu:
728 5598 931 5647 natura:
949 5595 1197 5667 alteram,
1219 5601 1443 5658 alteram
1460 5619 1626 5676 super
1642 5616 1892 5661 naturam
1920 5607 2116 5676 ipsam,
2160 5616 2322 5672 atque
2351 5603 2613 5657 divinam.

613 5739 635 5771 ³
663 5739 815 5794 Rana.
842 5759 952 5800 rm.
979 5747 1029 5801 8.
1106 5751 1126 5781 ⁸
1151 5750 1190 5806 G
1236 5751 1306 5810 l'll
1345 5755 1493 5817 vt,8.
1571 5758 1590 5788 "
1618 5757 1773 5811 Rom.
1808 5773 1925 5822 vttt,
1949 5759 2028 5812 l5.
2107 5758 2127 5789 ⁸
2161 5757 2293 5810 Luc.
2340 5771 2486 5818 utr,
2519 5756 2588 5808 3‘.)

2714 5755 2732 5785 ’
2785 5752 2922 5808 Ps.-l.
2963 5769 3129 5818 xxv“,
3165 5751 3218 5806 7.
