4064 6460
417 270 546 336 1161

482 388 681 441 Λοιπὸν
742 390 828 441 ξτε
920 390 1034 461 ἴδῃς

418 478 751 545 δουλεύοντα,
783 481 857 545 ὣς
880 498 1044 551 φησιν
1077 484 1106 533 ό
1138 485 1373 545 Λουκᾶς,
1413 482 1492 552 τῷ
1532 484 1757 552 Ἰωσὴφ,
1791 485 1888 537 καὶ
1914 486 1984 555 τῇ

418 571 639 641 μητέρι,
679 572 772 626 καὶ
816 573 1225 644 προστρέχοντα
1261 574 1357 627 καὶ
1391 574 1870 645 περιπλεκόμενον,
1910 574 1987 638 ὠς

418 663 653 726 παιδίον,
688 665 803 725 ταῖς
831 663 1096 731 ἀγκάλαις
1114 667 1204 719 καὶ
1224 668 1335 728 τοῖς
1361 666 1535 733 ἁγίοις
1555 666 1775 729 κόλποις
1790 667 1984 736 αὐτῆς,

420 756 497 826 μὴ
549 756 812 827 διστασῃς
834 760 1009 810 εἰπεῖν
1040 759 1305 828 θελήματι
1366 759 1464 811 καὶ
1498 761 1701 829 στοργῇ
1730 759 1828 828 τῆς
1865 756 1988 810 καθ’

418 848 567 916 ἡμᾶς
598 849 812 916 φύσεως
842 850 1126 911 ποιοῦντα,
1155 851 1249 903 καὶ
1277 849 1565 903 δεικνύντα
1595 850 1758 902 αὐτὸν
1784 847 1983 909 ταῦτα,

419 942 514 992 καί
542 941 768 1001 τέλειον,
793 942 886 993 καὶ
907 941 1189 1009 ὀμοούσιον
1230 942 1360 1010 ἡμῖν
1388 940 1528 994 κατὰ
1568 939 1666 1011 τὴν
1707 939 1990 1009 ἀνθρωπό-

417 1048 557 1101 τητα
578 1032 766 1084 ἑαυτὸν
789 1033 1151 1100 ἐμφανίζοντα
1170 1033 1313 1085 κατά
1341 1033 1519 1086 πάντα
1539 1034 1760 1100 τρόπον.
1777 1030 1853 1093 ὥς
1884 1047 1988 1099 φη-

420 1140 505 1175 σιν
522 1126 552 1175 ὁ
572 1122 801 1185 Παῦλος,
824 1124 945 1192 δίχα
970 1124 1139 1193 μόνης
1167 1124 1266 1193 τῆς
1295 1123 1593 1194 ἁμαρτίας.
1616 1124 1785 1177 Ὅταν
1799 1121 1859 1174 δὲ
1882 1123 1990 1176 πάι

419 1211 504 1265 λιν
523 1214 658 1281 πρὸς
679 1212 776 1281 τὴν
790 1214 999 1284 μητέρα
1023 1213 1158 1287 λέγῃ
1174 1253 1189 1277 ,
1216 1233 1234 1266 ι
1255 1214 1320 1267 Τί
1341 1215 1484 1284 ἐμοὶ,
1519 1217 1610 1268 καὶ
1633 1215 1734 1277 σοὶ,
1759 1212 1917 1282 γύναι
1936 1229 1985 1277 ς»

420 1304 513 1357 και
539 1320 551 1332 ⁸
579 1324 597 1355 ι
636 1306 732 1369 Tt;
761 1308 878 1360 ἐστί
917 1325 1019 1376 μου
1050 1308 1252 1378 πατὴρ,
1283 1308 1317 1379 ἢ
1345 1310 1552 1379 μήτηρ,
1585 1308 1635 1359 εἰ
1668 1307 1796 1377 μὴ.ὁ
1821 1305 1992 1358 ποιῶν

416 1399 481 1451 τὺ
520 1399 730 1469 θέλημα
758 1400 851 1454 τοῦ
896 1400 1210 1469 πέμψαντός
1228 1418 1332 1477 με;
1384 1420 1403 1452 ι
1454 1400 1692 1455 ἐνταῦθα
1742 1398 1992 1452 παιδεύει

418 1492 568 1560 ἡμᾶς
609 1493 668 1544 τὸ
701 1493 843 1544 θετον
873 1493 966 1545 καὶ
990 1493 1130 1563 ὑπὲρ
1152 1493 1313 1561 φύσιν
1344 1494 1578 1564 θέλημα.
1609 1494 1687 1545 Δι’
1710 1493 1858 1563 ἡμᾶς
1883 1489 1995 1561 γὰρ

418 1584 597 1636 πάντα
619 1584 792 1636 ἐποίει
827 1585 920 1638 καὶ
951 1583 1240 1654 ἔπραττεν,
1273 1586 1328 1637 ἐν
1358 1586 1525 1638 πᾶσιν
1556 1583 1722 1645 αὐτὸς
1758 1581 1989 1646 τέλειος,

419 1674 513 1727 καὶ
550 1675 880 1743 προτέλειος,
912 1676 1007 1727 καὶ
1048 1678 1137 1729 ἀεὶ
1172 1674 1390 1744 πλήρης
1436 1676 1723 1746 ὑπάρχων,
1757 1673 1992 1743 νομίζων

1821 280 2074 341 SERMO
2114 283 2229 343 III.

1111 392 1319 461 Ἰησοῦν
1392 393 1834 463 ὑποτασσόμενον
1890 394 1985 447 καὶ

2161 395 2433 451 Caeterum
2475 411 2596 451 cum
2633 394 2816 449 Jesum
2852 395 3116 463 prospicis
3170 396 3467 462 subditum,
3502 408 3553 449 et
3588 397 3667 448 in-

3540 280 3672 342 11(τέ

2089 486 2435 549 servientem,
2473 496 2531 539 ut
2569 485 2745 555 inquit
2794 485 2972 538 Lucas
3006 486 3070 547 ",
3102 483 3358 554 Josepho,
3394 496 3452 540 et
3481 488 3668 547 matri,

2089 576 2224 645 ipsis
2279 590 2679 643 accnrrentem,
2724 585 2777 630 et
2824 587 2881 630 ιιι
2914 577 3198 644 puerulum
3249 577 3423 631 sancti
3482 579 3672 648 gremii

2089 668 2205 736 ejus
2231 664 2523 737 complexu’
2549 671 2969 731 circumdatum,
3004 684 3071 720 ne
3101 668 3321 721 dubites
3357 670 3538 722 dicere
3575 684 3671 721 vo-

2091 759 2318 821 luntate,
2350 769 2405 813 et
2433 760 2677 829 ingenito
2726 771 2927 813 nostrae
2977 768 3186 812 natura:
3239 773 3423 811 arnore
3455 759 3570 811 lucc
3609 758 3677 811 ab

2091 852 2211 918 ipso
2247 853 2529 919 praestari,
2564 853 3044 922 demonstrariqne
3067 890 3084 916 ,
3141 867 3309 920 seque
3346 866 3469 906 eum
3521 851 3674 905 nobis

2090 942 2333 1009 perfecte
2402 946 2736 997 humanitate
2808 943 3330 998 consubstantialem
3390 947 3676 996 osmndere

2092 1034 2262 1096 onmi,
2298 1044 2355 1087 ut
2389 1034 2563 1102 inquit
2594 1034 2810 1097 Paulus,
2845 1036 3078 1099 ratione,
3116 1037 3160 1087 si
3195 1015 3417 1089 unicum
3444 1050 3671 1101 excepe-

2096 1124 2170 1178 ris
2221 1135 2525 1191 peccatum.
2575 1123 2709 1178 Cum
2780 1140 2969 1179 rursus
3025 1135 3205 1179 autem
3266 1127 3433 1180 matri
3498 1127 3672 1179 dicit:

2103 1233 2121 1265 ι
2167 1214 2305 1281 Quid
2341 1215 2471 1268 mihi
2520 1224 2625 1277 est,
2674 1224 2729 1267 ct
2779 1216 2899 1280 tibi,
2947 1215 3143 1267 mulier
3174 1216 3263 1268 “?
3303 1235 3321 1265 ι
3362 1226 3457 1269 et:
3495 1238 3510 1263 ο
3545 1215 3677 1280 Quis

2097 1305 2260 1359 Pater
2278 1320 2435 1359 mens
2461 1314 2565 1369 est,
2594 1314 2649 1358 et
2681 1315 2874 1367 mater,
2906 1307 3006 1359 nisi
3038 1306 3104 1367 is,
3140 1306 3231 1375 qui
3265 1305 3393 1359 facit
3426 1307 3676 1359 volunta-

2097 1411 2203 1453 tem
2230 1399 2369 1468 ejus,
2400 1401 2489 1467 qui
2520 1398 2667 1452 misit
2697 1414 2781 1452 me
2812 1398 2891 1451 “‘3
2924 1418 2943 1449 ι
2978 1398 3144 1452 Nobis
3179 1399 3246 1451 iis
3283 1398 3417 1452 locis
3439 1399 3675 1452 divinam

2096 1489 2677 1560 supernaturalemque
2700 1503 2852 1541 suam
2876 1489 3081 1543 indicat
3105 1488 3460 1542 voluntatem.
3481 1487 3673 1542 Ott-.nia

2096 1582 2297 1650 quippe
2332 1588 2558 1650 propter
2589 1594 2689 1634 nos
2739 1580 2885 1647 fecit,
2914 1589 2969 1633 et
2994 1588 3254 1649 cperatus
3285 1592 3363 1635 est
3405 1579 3678 1647 perfectus

2097 1673 2214 1741 ipse
2253 1673 2307 1725 in
2342 1670 2613 1734 omnibus,
2646 1682 2701 1724 et
2733 1685 2944 1724 summe
3006 1670 3309 1739 perfectus,
3356 1684 3678 1737 semperque

416 1764 477 1818 δὲ
506 1766 706 1833 μᾶλλον
750 1766 1149 1835 ἀκριὸεστέραν
1179 1767 1445 1837 ὑπάρχειν
1471 1768 1571 1835 τὴν
1618 1767 1812 1836 ἑτέραν
1843 1765 1993 1817 ἐκδο-

2098 1765 2367 1818 exsisteus
2406 1763 2460 1815 in
2494 1763 2852 1831 plenitudine,
2889 1771 2941 1823 et
2972 1773 3216 1817 Statuens
3269 1762 3519 1825 alteram,
3558 1778 3677 1831 que

417 1855 521 1923 χὴν
550 1858 649 1923 τὴν
673 1855 1009 1922 φάσκουσαν,
1050 1856 1131 1907 ὅτι
1169 1855 1256 1907 διὰ
1286 1856 1385 1923 τῆς
1416 1854 1689 1924 θελήσεως
1720 1853 1821 1921 τῆς
1842 1851 1993 1918 λογιο

419 1941 637 2010 στικῆς.
668 1943 762 1994 καὶ
804 1941 1183 2012 βουλευτικῆς,
1216 1944 1311 2005 καὶ
1342 1941 1693 2013 διανοητικῆς
1730 1942 1831 2008 τῆς
1876 1956 1994 1994 νοε-

419 2034 522 2101 ρᾶς
540 2034 719 2101 ψυχῆς
736 2036 835 2104 τῆς
862 2033 957 2086 τοῦ
983 2034 1171 2087 δούλου
1200 2034 1418 2104 μορφῆς
1437 2035 1679 2103 ἐπλήρου
1705 2034 1733 2084 ὁ
1757 2031 1995 2101 Χριστὸς

427 2121 519 2191 τὴν
557 2123 821 2192 ὑπακοὴν,
865 2123 959 2176 καὶ
1012 2124 1073 2176 τὸ
1111 2122 1324 2193 θέλημα
1357 2123 1453 2177 τοῦ
1481 2124 1716 2194 Πατρὸς,
1771 2124 1866 2175 καὶ
1892 2122 1994 2193 τὴν

419 2215 659 2285 ἐντολὴν,
692 2218 786 2268 καὶ
827 2219 890 2268 τὸ
929 2217 1281 2286 πρόσταγμα,
1315 2215 1411 2269 καὶ
1442 2216 1533 2269 τὸν
1567 2216 1757 2283 νόμον·
1800 2214 1887 2266 διὰ
1936 2213 1995 2266 δέ

421 2303 584 2357 πάλιν
613 2305 716 2374 τῆς
753 2305 1012 2375 ζωτικῆς,
1046 2305 1139 2358 καὶ
1163 2304 1428 2368 ζωοποιοῦ
1462 2303 1768 2366 θεοσδότου,
1800 2302 1990 2373 αὐτῆς,

420 2394 566 2462 λέγω
584 2394 668 2463 δὴ,
685 2395 785 2463 τῆς
808 2394 986 2464 ψυχῆς
1008 2396 1107 2464 τῆς
1122 2398 1313 2465 νοερᾶς
1339 2394 1621 2465 ἐνεργείας
1648 2394 1990 2464 συνεκράτει,

421 2486 514 2538 καὶ
549 2486 850 2549 ἐζωοποίει,
884 2488 978 2540 καὶ
999 2486 1153 2554 ηὕξει
1183 2487 1244 2539 τὸ
1272 2488 1471 2539 οἰκεῖον
1495 2485 1658 2555 σῶμα
1682 2486 1708 2537 ὁ
1734 2486 1865 2546 Θεὸς
1888 2484 1993 2538 Λό-

423 2578 522 2645 γος⁹
535 2577 676 2630 κατὰ
692 2577 782 2630 τὸν
797 2578 920 2648 ὅρον
936 2579 1030 2631 καὶ
1051 2578 1233 2647 νόμον,
1247 2578 1305 2631 ὃν
1323 2577 1525 2630 δέδωκε
1547 2578 1612 2645 τῇ
1636 2575 1825 2644 λογικῇ
1846 2573 1992 2643 ψυχῇ

421 2668 726 2733 ζωοποιεῖν,
757 2672 848 2722 καὶ
872 2674 1221 2740 συγκρατείν.
1244 2668 1556 2732 καὶαῦξειν,
1583 2668 1677 2720 καὶ
1698 2669 1867 2719 κινεῖν
1894 2667 1994 2736 τὴν

421 2761 526 2812 τῶν
549 2762 816 2829 σωμάτων
849 2760 1028 2830 φύσιν.
1058 2760 1222 2815 Ὅθεν
1242 2761 1336 2813 καὶ
1363 2759 1512 2830 ψυχὴ
1534 2757 1604 2812 δι’
1628 2757 1782 2811 οὐδὲν
1806 2758 1995 2827 ἕτερον

420 2853 658 2921 εἴρηται,
699 2855 746 2905 εἰ
786 2852 860 2923 μὴ
907 2855 970 2906 ἐκ
998 2852 1092 2905 τοῦ
1151 2853 1367 2923 ψύχειν,
1421 2854 1591 2923 ἡγουν
1620 2853 1905 2917 ζωοποιεῖν
1934 2848 1997 2903 τδ

421 2942 602 3013 σῶμα.
663 2942 758 2995 Ἐκ
795 2942 987 2995 τούτου
1050 2944 1142 2996 καὶ
1191 2941 1499 3013 ἀποψύχειν
1531 2940 1593 2995 τὸ
1628 2939 1996 3010 ἀποθνήσκειν

420 3032 672 3105 εἴρηται·
706 3033 896 3108 ὥσπερ
922 3034 1085 3089 πάλιν
1114 3036 1173 3089 τὸ
1197 3035 1493 3105 ἀναψύχειν
1522 3033 1584 3087 τὸ
1613 3033 1735 3104 ζῇν.

492 3224 704 3295 Ὥσπερ
731 3224 786 3277 δὲ
816 3223 1002 3294 διττῆς
1026 3223 1262 3295 Χριστοῦ
1311 3223 1550 3294 φύσεως,
1603 3220 1868 3284 ὡσαύτως
1899 3218 1997 3273 καὶ

419 3315 697 3386 θελήσεως
735 3316 950 3378 εἰκόνας
976 3316 1259 3385 ἐδείξαμεν
1289 3317 1371 3379 εἰς
1396 3315 1492 3368 τὸν
1516 3313 1636 3368 κατ’
1663 3312 1850 3365 εἰκόνα
1901 3311 1998 3365 καὶ

416 3407 681 3477 ὁμοίωσιν
714 3405 881 3459 αὑτοῦ
932 3406 1026 3461 ὑπ’
1059 3405 1225 3461 αὐτοῦ
1260 3406 1551 3476 γενόμενον
1601 3403 1856 3458 σύνθετον
1905 3402 2000 3457 ἄν.

417 3495 672 3565 θρωπον·
704 3495 846 3548 οὕτω
898 3497 1061 3550 πάλιν
1089 3496 1165 3554 ὼς
1194 3497 1252 3550 ἐν
1303 3497 1477 3550 εἰκόνι
1505 3494 1613 3549 τινὶ
1673 3493 1770 3549 καὶ
1815 3493 1993 3563 τύπῳ,

416 3586 583 3654 λέγω.
615 3588 808 3657 ὁρᾶται
860 3590 928 3641 ἐνρ
965 3588 1042 3659 τῷ
1087 3587 1360 3659 ᾁνθρὼπῳ
1414 3588 1511 3641 καὶ
1544 3587 1695 3657 διττή
1733 3603 1817 3649 τις
1843 3586 1996 3656 ἐνερο

416 3680 573 3747 γείας
593 3679 830 3748 ἔμφασις
860 3681 939 3742 εἰς
967 3679 1159 3733 εἰκόνα
1198 3680 1295 3733 καὶ
1316 3678 1486 3732 τύπον
1514 3677 1776 3746 Χριστοῦ.
1801 3675 2023 3752 Καθάη

416 3788 529 3841 περ
560 3771 669 3841 γὰρ
714 3773 748 3841 ἡ
779 3771 946 3825 αὐτοῦ
988 3771 1179 3842 θεότης
1212 3773 1432 3842 ἐνήργει
1472 3771 1567 3825 καὶ
1616 3767 1994 3839 θεανδρικῶς,

415 3864 643 3933 ἐνήργει
669 3863 724 3914 δὲ
751 3864 845 3915 καί
871 3862 1067 3926 οεϊκῶς
1098 3865 1156 3916 ἐν
1188 3861 1403 3935 οὐρανῷ
1433 3863 1539 3932 πρὸ
1563 3863 1661 3932 τῆς
1690 3860 1784 3915 τοῦ
1809 3859 1998 3929 σώμα-

417 3972 509 4017 τος
563 3953 907 4024 ἀναλήψεως,
942 3955 1019 4017 ὡς
1077 3956 1512 4027 ἀπερίγραπτος,
1549 3955 1646 4008 καὶ
1708 3952 1786 4023 μὴ
1834 3968 1998 4022 περι-

417 4048 689 4116 γραφείσα
731 4047 789 4097 ἐν
826 4044 904 4114 τῷ
937 4044 1152 4114 σώματι.
1176 4061 1190 4075 ·
1246 4043 1390 4098 οὕτω
1425 4044 1518 4097 καὶ
1550 4045 1583 4114 ἡ
1624 4042 1771 4112 ψυχὴ
1810 4041 1843 4110 ὴ
1874 4040 1996 4093 κατ’

416 4136 606 4189 εἰκόνα
659 4136 753 4189 καὶ
778 4137 1036 4205 ὁμοίωσιν
1065 4134 1159 4189 τοῦ
1187 4136 1421 4206 ἀοράτου
1452 4134 1587 4187 θεοῦ
1613 4135 1791 4203 Λόγου
1820 4132 2029 4204 ὕπαρ-κ

418 4243 614 4298 χουσα,
684 4228 931 4297 ἐνεργεῖν
975 4228 1074 4296 μὲν
1124 4228 1220 4280 καὶ
1271 4224 1672 4296 ψυχανδρικῶς,
1746 4224 1998 4277 τουτέστι

420 4318 833 4389 σωματοψύχως
873 4320 954 4384 εἰς
1002 4318 1174 4372 τύπον
1204 4318 1296 4372 τοῦ
1329 4317 1664 4386 θεανδρικῶς
1714 4316 1956 4385 Χριστοῦ
1980 4331 1995 4347 ⁸

419 4414 636 4481 ἐνεργεῖ
665 4412 724 4465 δὲ
775 4413 868 4464 καὶ
925 4410 1175 4480 ψυχικῶς
1231 4411 1414 4481 μόνον,
1459 4410 1693 4464 πλεῖστά
1751 4427 1875 4464 τινα
1919 4411 1993 4480 μὴ
2027 4445 2073 4500 D

418 4503 809 4574 συνεργοῦντος
840 4503 980 4574 αὐτῇ
1011 4503 1105 4555 τοῦ
1141 4503 1343 4556 οἰκείου
1394 4502 1667 4571 σώματος,
1716 4504 1796 4567 εἰς
1825 4502 1995 4555 τύπον

417 4597 513 4650 τοῦ
558 4597 790 4668 ἀοράτου
820 4594 956 4648 Θεοῦ
980 4595 1153 4661 Λόγου
1186 4594 1281 4649 τοῦ
1342 4595 1509 4648 πολλὰ
1541 4596 1791 4666 ἀοράτως
1838 4596 1994 4664 ἐνερ-

417 4688 715 4758 γῆσαντος,
749 4688 843 4741 καὶ
876 4687 1229 4760 ἐνεργοῦντος
1253 4688 1312 4740 ἐν
1339 4686 1555 4759 οὐρανῷ
1585 4688 1681 4741 καὶ
1728 4686 1823 4740 ἐπὶ
1862 4686 1993 4757 γῆς,

419 4782 510 4835 διὰ
539 4781 640 4852 τῆς
666 4781 1086 4851 ἀπεριγρὰπτου
1112 4779 1303 4845 αὐτοῦ,
1346 4782 1441 4835 καὶ
1486 4780 1862 4851 παγκοσμίου,
1897 4781 1997 4839 καὶ

420 4875 799 4950 ὑπερκοσμίου
828 4874 1018 4945 θεῖκῆς
1047 4874 1348 4944 ἐνεργείας.

504 5152 572 5206 Ἦ
624 5145 719 5205 οὖν
757 5150 946 5221 ἀγάπη
983 5152 1017 5222 ἠ
1067 5150 1203 5222 πρὸς
1229 5150 1363 5203 Θεὸν
1415 5150 1557 5204 κατὰ
1614 5150 1856 5223 ψυχικὴν
1902 5153 1997 5206 καὶ

423 5242 595 5313 μόνην
648 5241 977 5295 ἐπιτελεῖται
1022 5240 1321 5311 ἐνέργειαν,
1351 5241 1412 5293 οὐ
1438 5242 1715 5313 χρῄζουσα
1737 5244 1796 5295 ἐν
1822 5242 1996 5311 τούτῳ

346 5337 365 5351 ‘
418 5330 518 5400 τῆς
550 5330 870 5401 συνεργείας
899 5329 993 5382 τοῦ
1025 5327 1279 5397 σώματος
1299 5343 1315 5358 ⁶
1349 5330 1552 5400 ὁμοίως
1599 5331 1694 5384 καὶ
1748 5333 1781 5401 ἠ
1812 5331 1996 5396 πίστις

416 5419 661 5490 ψυχικῆς
708 5420 800 5472 καὶ
832 5421 1000 5491 μόνης
1039 5420 1321 5490 ἐνεργείας
1352 5420 1498 5473 ἐστὶν
1523 5419 1747 5485 ἔνδειξις
1778 5436 1791 5451 ο
1811 5422 1994 5475 dim)-

417 5528 529 5575 τως
548 5511 654 5565 ,καὶ
708 5512 742 5582 ὴ
775 5510 932 5575 ἐλπὶς
990 5511 1133 5565 κατὰ
1171 5510 1414 5583 ψυχικὴν
1464 5511 1559 5566 καὶ
1595 5513 1768 5585 μόνην
1812 5516 1993 5567 ἐπιτε-

495 5687 540 5719 ¹⁶
582 5684 707 5741 Luc.
750 5701 809 5750 ιι,
852 5687 942 5743 5t.

744 5779 1015 5842 Ριιτῐιοι..
1059 5783 1174 5841 GR.
1218 5774 1551 5842 LXXXIX.

2099 1871 2222 1911 mox
2254 1856 2398 1909 dicta
2426 1865 2514 1908 est
2557 1854 2953 1923 subjectionem
2989 1850 3161 1905 multo
3194 1868 3315 1907 esse
3369 1853 3671 1913 meliorem,

2097 1948 2351 2017 quoniam
2386 1960 2482 2016 per
2528 1945 2869 2009 rationalem,
2924 1955 3093 2013 atque.
3132 1946 3542 2000 deliberativam
3579 1961 3673 1994 vo-

2096 2042 2379 2103 luntatem,
2399 2045 2454 2092 et
2475 2038 2825 2092 discretivam
2862 2035 3241 2090 intellectualis
3265 2037 3481 2098 animae,
3510 2050 3673 2103 quam

2097 2134 2149 2189 in
2184 2133 2358 2189 forma
2392 2133 2534 2188 servi
2569 2139 2873 2202 acceperat,
2910 2130 3162 2199 implevit
3202 2127 3455 2182 Christus
3483 2127 3676 2175 vulnu-

2097 2228 2287 2290 tatem,
2349 2232 2706 2294 praeceptum,
2783 2220 3094 2288 imperium,
3142 2228 3198 2273 et
3242 2218 3412 2285 legem
3468 2214 3672 2284 patris;

2095 2324 2258 2383 atque
2296 2314 2502 2384 pariter
2556 2327 2655 2379 per
2701 2310 2944 2373 vitalem,
2977 2318 3030 2363 et
3077 2309 3463 2369 viviﬁcantem,
3506 2320 3532 2355 a
3568 2303 3676 2355 Deo

2095 2406 2200 2460 sibi
2248 2405 2463 2469 datam,
2520 2416 2680 2468 eam,
2732 2402 2994 2468 inquam,
3042 2400 3238 2453 anima:
3299 2393 3677 2448 intellectualis

2097 2496 2431 2559 facultatem,
2470 2495 2629 2556 rexit,
2665 2492 2977 2556 viviﬁravi',
3004 2492 3260 2559 auxitque
3286 2502 3484 2553 cerpns
3511 2500 3670 2536 suum

2098 2589 2239 2644 Deus
2275 2586 2533 2649 Verbum,
2566 2587 2631 2639 iis
2658 2599 2790 2639 Sane
2836 2585 3122 2647 limitibus,
3172 2597 3235 2635 ac
3274 2579 3513 2648 legibus,
3558 2591 3677 2643 qua:

2099 2678 2354 2734 rationali
2398 2680 2595 2732 animae
2639 2686 2767 2730 sunt
2796 2693 2825 2729 a
2860 2677 2965 2729 Deo
3017 2673 3368 2743 prmscriptze,
3408 2681 3464 2722 ut
3504 2668 3676 2719 intor-

2101 2782 2231 2837 tuet,
2261 2771 2445 2825 vivere
2474 2770 2660 2829 faciat,
2686 2777 2971 2836 augeat,et
2999 2773 3210 2818 moveat
3239 2758 3679 2830 corporisipsius

2102 2878 2373 2919 naturam.
2424 2862 2788 2929 Quamobrem
2846 2876 2952 2913 non
3004 2858 3106 2911 alia
3137 2858 3203 2910 de
3235 2868 3400 2910 causa
3453 2849 3680 2919 spiritus

2100 2958 2324 3024 dicitur,
2374 2955 2478 3010 nisi
2511 2969 2574 3008 eo
2599 2954 2744 3022 quod
2799 2966 2997 3019 corpus
3029 2950 3291 3012 vivilieet,
3350 2945 3465 2999 sive
3513 2941 3680 2995 faciat

2099 3049 2351 3121 spirare;
2380 3047 2683 3114 exindeque
2724 3042 2928 3113 pariter
2961 3042 3127 3103 mori,
3162 3054 3267 3093 non
3301 3037 3513 3106 spirare
3541 3048 3681 3087 nun-

2024 3108 2067 3166 c
2100 3108 2350 3209 citpatur,
2381 3136 2744 3204 similiterque
2776 3134 2985 3196 vivere,
3028 3131 3323 3199 respirare.

2170 3229 2631 3296 Quemadmodum
2686 3239 2868 3280 autem
2921 3224 3155 3295 duplicis
3212 3216 3418 3276 Christi
3469 3225 3680 3271 natura:

2100 3321 2390 3391 imaginem
2445 3318 2850 3387 voluntatisque
2911 3317 3164 3371 similiter
3198 3315 3251 3368 in
3294 3310 3577 3382 proposito
3611 3308 3682 3362 ab

2098 3415 2219 3484 ipso
2255 3413 2324 3466 ad
2359 3412 2648 3482 imaginem
2683 3421 2739 3465 et
2782 3408 3200 3465 similitudinem
3239 3420 3394 3460 suam
3443 3402 3681 3456 formato

2100 3503 2322 3558 homine
2351 3502 2876 3569 demousuavimus;
2908 3501 2988 3555 sic
3028 3499 3236 3569 pariter
3264 3495 3428 3551 veluti
3457 3495 3508 3548 in
3539 3494 3682 3545 ima-

2100 3596 2224 3666 gine
2253 3594 2510 3664 qttadam,
2553 3594 2795 3662 inquam,
2830 3603 2996 3661 atque
3036 3590 3206 3660 llgura
3254 3586 3589 3658 prospicitur
3622 3584 3678 3637 in

2100 3687 2319 3741 homine
2359 3685 2553 3756 duplex
2611 3686 2886 3740 facultatis
2933 3686 3089 3754 vigor
3138 3683 3438 3737 secmulum
3493 3690 3678 3749 typum

2096 3790 2155 3846 et
2180 3780 2469 3848 imaginem
2508 3777 2734 3833 Christi.
2783 3776 2998 3832 Etenim
3050 3776 3194 3831 sicut
3243 3773 3510 3828 divinitas
3561 3768 3679 3835 ejus

2102 3871 2441 3936 theaudrire,
2469 3870 2585 3924 sive
2618 3867 2948 3923 deiviriliter
2998 3864 3349 3936 operabatur,
3381 3871 3440 3915 et
3474 3859 3680 3928 pariter

2102 3972 2230 4018 ante
2265 3962 2512 4031 corporis
2539 3962 2966 4030 assumptionem
2998 3957 3260 4031 divinitus
3288 3955 3451 4008 etiam
3477 3964 3677 4019 Opera-

2099 4055 2262 4110 batur
2306 4057 2359 4109 in
2391 4055 2550 4118 «mlo,
2583 4062 2643 4108 ut
2674 4053 3169 4120 incircumscripta,
3207 4061 3382 4116 neque
3431 4042 3679 4112 corporis

2102 4146 2338 4200 coercita
2370 4144 2631 4198 limitibus
2654 4161 2669 4210 ;
2691 4145 2764 4197 ita
2798 4144 2980 4198 anima
3013 4157 3228 4212 quoque
3264 4142 3330 4194 ad
3368 4132 3675 4207 imaginem

2100 4247 2156 4293 et
2191 4238 2600 4292 similitudinem
2630 4237 2917 4293 invisibilis
2946 4235 3039 4290 Dei
3066 4233 3233 4288 ‘Verbi
3273 4232 3568 4292 exsistens,
3598 4227 3680 4279 fa-

2101 4335 2360 4387 cultatem
2396 4330 2729 4400 operationis
2772 4330 2936 4384 habet
2981 4326 3413 4400 psychandricm,
3461 4323 3563 4376 hoc
3595 4330 3683 4375 est

2102 4416 2156 4472 in
2185 4433 2384 4487 corpus
2415 4418 2653 4472 vitaliter
2677 4419 2908 4487 agentis,
2940 4419 3081 4487 quod
3119 4415 3449 4469 theandrica-
3481 4425 3681 4481 cpera-

2100 4510 2264 4563 tiouis
2285 4507 2494 4565 Christi
2527 4510 2697 4580 figura
2727 4511 3150 4579 exprimitur,et
3173 4507 3486 4562 facultatem
3519 4504 3683 4557 habet

2099 4618 2292 4657 rursus
2319 4603 2658 4671 operationis
2685 4601 2948 4669 spiritalis
2985 4611 3218 4665 tantum,
3252 4612 3378 4652 cum
3407 4597 3520 4665 ipsa
3553 4608 3682 4663 per-

2098 4696 2267 4750 multa
2318 4696 2740 4764 haudquaquam
2790 4710 2913 4749 cum
2952 4695 3174 4763 proprio
3230 4690 3395 4746 simul
3450 4701 3682 4755 corpore

2097 4795 2391 4855 operetur;
2437 4787 2581 4857 quod
2631 4788 2797 4855 ﬁgura
2858 4786 3185 4854 exprimitur
3244 4783 3336 4836 Dei
3388 4779 3679 4835 invisibilis

2101 4876 2289 4939 Verbi,
2328 4878 2482 4946 plura
2533 4877 2882 4931 invisibiliter
2911 4870 3128 4944 operari
3183 4869 3676 4943 potentis,'l'acien-

2099 4969 2281 5039 tisque
2313 4969 2365 5021 in
2402 4969 2559 5029 coelo.
2609 4978 2667 5023 et
2715 4969 2768 5021 in
2813 4978 2983 5032 terra,
3043 4962 3516 5032 incircumscripta
3557 4976 3678 5025 sua,

2098 5060 2624 5129 perfectissimaque,
2656 5069 2712 5114 et
2740 5059 3191 5129 superexcellenti
3222 5056 3403 5110 divina
3452 5055 3673 5108 virtute.

2168 5152 2340 5205 Amor
2389 5153 2603 5221 itaque,
2644 5169 2753 5221 quo
2794 5154 2848 5208 iu
2902 5154 3067 5206 Deum
3123 5149 3375 5212 ferimur,
3448 5148 3678 5218 spiritali

2106 5249 2315 5295 tantum
2347 5243 2542 5296 anima:
2581 5243 2779 5297 virtute
2807 5244 3110 5312 perﬁcitur,
3140 5242 3268 5310 quin
3300 5240 3527 5294 omnino
3560 5253 3682 5292 cor-

2104 5333 2253 5404 poris
2302 5334 2684 5404 cooperatione
2720 5337 2787 5390 ad
2835 5340 2937 5390 hoc
2985 5348 3161 5404 egeat.
3217 5334 3379 5389 Fides
3430 5332 3683 5388 similiter

2105 5425 2263 5480 unius
2291 5435 2501 5480 tantum
2536 5427 2799 5493 spiritalis
2832 5426 2992 5496 huius
3038 5427 3319 5483 facultatis
3363 5421 3448 5482 csl
3483 5427 3679 5495 vigor:

2103 5531 2231 5586 spes
2265 5518 2452 5573 eodem
2505 5531 2719 5586 quoque
2765 5521 2923 5576 modo
2978 5521 3091 5575 sola
3144 5519 3376 5591 spiritali
3421 5518 3682 5573 facultate

1021 5689 1060 5721 “
1092 5685 1251 5742 Joan.
1288 5702 1323 5742 lt
1381 5687 1433 5741 4.
1514 5690 1555 5719 ’³
1584 5689 1772 5745 Matth.
1811 5706 1906 5756 xtl,
1938 5689 2127 5749 46-49.

3248 5789 3325 5844 37
