4064 6464
504 349 638 417 Πῦθ

1705 359 1791 452 s._
1811 360 2208 421 ANASTASII
2249 341 2574 418 SINAITAS

3606 345 3730 433 tum

501 472 554 522 in
599 482 760 523 carne
809 476 955 536 sunt,
1011 472 1120 525 Deo
1172 474 1388 544 placere
1431 489 1535 529 non
1591 474 1897 544 possunt';
1942 493 1960 526 ι
2007 475 2074 528 Ει

2198 473 2349 544 rapaci.
2395 473 2566 535 ὄντες,
2597 468 2715 538 Θεῷ
2748 468 2944 538 ἀρέσαι
2975 464 3034 518 ού
3067 461 3356 516 δύνανται·
3390 481 3408 514 ι
3449 459 3575 514 καί·
3615 481 3633 514 ι
3681 465 3734 517 '0

505 575 527 611 ι
563 559 654 628 qui
680 561 918 615 seminat
947 564 999 617 in
1029 579 1216 628 carne,
1261 567 1326 621 de
1357 581 1522 620 carne
1551 567 1714 621 etiam
1745 575 1912 620 metet
1944 581 2074 620 cor-

506 650 811 717 ruptionem
849 651 904 714 ‘;
952 672 970 706 ι
999 665 1094 711 et:
1133 676 1151 709 t
1190 655 1248 712 Si
1273 657 1572 712 secundum
1621 672 1841 712 carnem
1887 659 2078 712 ambu-

502 739 750 798 laveritis
771 785 786 804 .
819 746 1060 801 futurmu
1095 761 1176 803 est
1208 759 1264 803 ut
1303 750 1538 818 pereatis
1563 749 1607 816 ";
1648 768 1666 800 ι
1703 765 1926 804 carnem
1954 763 2080 818 pec-

505 842 686 887 catum
736 838 1046 904 nominans,
1085 856 1191 894 non
1233 853 1408 895 autem
1461 841 1644 895 carnis
1690 853 1889 896 nostra}
1920 852 2080 895 natu-

506 931 643 980 ram.
674 926 869 992 lnjuria
894 933 1090 999 quippe
1115 932 1276 984 etiam
1317 932 1594 986 Christum
1625 933 1868 986 alliceret
1898 935 2082 987 dicen-

507 1023 616 1068 tem
649 1031 663 1068 :
691 1035 709 1066 ι
741 1018 960 1088 Palpate
987 1037 1092 1084 me,
1120 1033 1175 1074 et
1211 1025 1409 1081 videte,
1441 1025 1566 1092 quia
1597 1025 1822 1092 spiritus
1860 1039 2084 1078 carnem

508 1119 698 1160 etossa
728 1127 830 1162 nun
861 1113 1042 1173 habet,
1067 1113 1209 1166 sicut
1235 1129 1320 1169 me
1343 1115 1538 1168 videtis
1565 1116 1770 1170 habere
1795 1116 1838 1168 ⁸.
1865 1135 1883 1168 ι
1922 1117 1999 1170 Ita
2027 1125 2086 1170 ut

509 1200 782 1253 cartmlem
818 1202 1149 1256 voluntatem
1175 1205 1406 1258 alienam
1433 1223 1460 1259 a
1487 1206 1726 1271 Christo,
1751 1217 2087 1262 exlraneam-

509 1301 614 1354 que
646 1289 908 1342 definiant
939 1294 1110 1346 sancti
1151 1293 1406 1349 Ecclesia:
1445 1297 1659 1362 Patres,
1697 1306 1751 1350 et
1785 1299 2084 1364 carnalem,

509 1384 673 1442 atque
709 1390 930 1446 peccato
961 1381 1258 1450 Suhjectam
1303 1387 1560 1453 operandi
1602 1387 1946 1455 facultatem;
1983 1405 2086 1445 non

508 1481 652 1528 eam,
685 1483 802 1533 quae
847 1479 1055 1526 natura:
1079 1483 1183 1536 est,
1221 1490 1326 1528 non
1366 1491 1510 1542 eam,
1539 1493 1659 1546 quae
1701 1489 1886 1533 creata
1917 1496 1944 1532 a
1979 1480 2089 1535 Deo

511 1565 615 1620 εει,
637 1569 741 1610 non
763 1575 905 1623 eam,
929 1577 1049 1630 quae
1072 1565 1137 1616 ad
1167 1565 1456 1634 imaginem
1489 1577 1542 1621 et
1559 1569 1972 1624 similitudinem
1995 1571 2088 1627 Dei

512 1649 668 1699 nobis
693 1664 949 1706 concessa
988 1664 1106 1718 est,
1149 1655 1557 1714 immaculatam
1593 1671 1647 1716 et
1691 1648 2090 1731 irreprehensi-

509 1734 675 1789 bilem
708 1743 1008 1796 naturalem
1040 1745 1396 1814 voluntatem,
1426 1759 1591 1819 atque
1622 1753 2016 1819 operationem.

2179 567 2419 636 σπείρων
2451 567 2530 627 εἰς
2557 565 2658 633 τὴν
2689 562 2888 638 σάρκα.
2925 561 2988 610 ἐκ
3023 559 3122 626 τῆς
3151 553 3352 625 σαρκὸς
3383 553 3590 625 θερίσει
3619 555 3737 623 φθο-

2181 657 2314 728 ράν·
2353 675 2372 709 ›
2405 657 2532 709 καί·
2573 675 2592 707 ι
2628 655 2726 706 Ἂν
2751 653 2890 706 κατὰ
2918 651 3098 722 σάρκα
3127 647 3494 720 περιπατῆτε,
3528 648 3737 718 μέλλετε

2179 748 2548 819 ἀποθνήσκειν
2569 762 2616 798 ἰ
2651 747 2830 816 σάρκα
2861 744 2960 814 τὴν
2985 741 3263 812 ἁμαρτίαν
3293 739 3601 809 ὀνομάζων,
3633 739 3740 791 ἀλλ’

2180 843 2241 894 ού
2269 841 2367 911 τὴν
2415 839 2578 910 φύσιν
2607 839 2706 908 τῆς
2743 836 3017 907 ἡμετέρας
3045 833 3269 902 σαρκός.
3313 831 3473 884 Ἐπεὶ
3507 832 3744 900 εὑρίσκε-

2180 953 2272 988 ται
2309 934 2400 986 τὸν
2435 935 2668 1004 Χριστὸν
2707 931 3010 1000 ἐνυϐρίζων
3055 927 3146 980 τὸν
3176 920 3434 993 λέγοντα·
3495 943 3514 976 ι
3567 924 3744 993 Ψηλα-

2185 1025 2394 1095 φήσατέ
2426 1041 2516 1093 με,
2552 1023 2648 1076 καὶ
2679 1022 2841 1083 ἴδετε,
2871 1023 2955 1075 ὅτι
2993 1018 3210 1088 πνεῦμα
3241 1017 3423 1086 σάρκα
3453 1015 3548 1068 καὶ
3601 1017 3749 1069 ὀστέα

2183 1119 2284 1171 οὐκ
2309 1117 2444 1187 ἔχει,
2495 1115 2679 1178 καθὼς
2729 1113 2828 1184 ἐμὲ
2871 1113 3129 1183 θεωρεῖτε
3163 1111 3375 1180 ἔχοντα.
3411 1128 3430 1160 ›
3479 1107 3642 1160 Ὥστε
3695 1109 3748 1160 τὸ

2188 1211 2447 1276 σαρκικδν
2481 1207 2692 1278 θέλημα
2724 1205 3006 1274 ἀλλότριον
3057 1202 3154 1255 καὶ
3202 1201 3366 1268 ξένον
3385 1199 3486 1254 τοῦ
3527 1198 3746 1268 Χριστοῦ

2185 1302 2236 1354 oi
2267 1301 2415 1369 ἅγιοι
2463 1299 2706 1369 Πατέρες
2734 1296 3000 1368 ὁρίζουσι,
3051 1293 3148 1346 καὶ
3175 1292 3273 1363 τὴν
3328 1287 3623 1362 σαρκικὴν,
3669 1290 3752 1378 και

2187 1391 2409 1462 ἐμπαθῆ
2429 1391 2528 1461 τῆς
2561 1387 2836 1459 ἁμαρτίας
2868 1385 3170 1456 ἐνέργειαν,
3198 1383 3260 1435 οὐ
3287 1383 3388 1453 τὴν
3423 1379 3676 1449 φυσικὴν,
3697 1379 3748 1432 ού

2186 1483 2284 1554 τὴν
2319 1482 2653 1545 θεόκτιστον,
2695 1481 2756 1532 οὺ
2813 1477 2912 1549 τὴν
2952 1477 3074 1530 κατ’
3119 1475 3306 1528 εἰκόνα
3362 1473 3460 1527 καὶ
3511 1471 3752 1542 ὁμοίωσιν

2188 1574 2324 1628 Θεοῦ
2385 1575 2773 1644 ὑπάρχουσαν,
2810 1571 2969 1643 ἡμῶν
3021 1568 3252 1639 ἄμωμον
3302 1565 3402 1622 καὶ
3450 1564 3753 1634 ἀδιάϐλητον

2189 1668 2424 1738 φυσικὴν
2451 1666 2672 1738 θέλησιν
2699 1665 2796 1720 καὶ
2821 1664 3129 1734 ἐνέργειαν.

585 1827 693 1882 Sed
725 1833 816 1898 qui
849 1847 977 1888 vere
1017 1835 1213 1890 diaboli
1255 1840 1528 1906 potestate
1571 1842 1720 1898 intus
1751 1853 2005 1912 aguntur,
2036 1854 2091 1899 et

2273 1843 2414 1897 Ἀλλ’
2461 1843 2511 1897 οἱ
2549 1841 2766 1913 ἀληθῶς
2817 1841 2988 1905 ὅντως
3037 1839 3144 1894 ῡπδ
3203 1836 3306 1908 τῆς
3347 1833 3632 1909 ἐνεργείας
3673 1851 3754 1888 τοι,

512 1921 694 1974 carnis
722 1925 1198 1992 concupiscentiis,
1231 1929 1571 1986 etiucendiis
1590 1933 1818 2003 subjecti
1847 1945 2089 2002 manent,

513 2011 724 2079 subque
753 2015 959 2069 carnali
995 2019 1273 2075 voluntate
1295 2023 1694 2092 deprimuntur,
1728 2026 1779 2079 in
1811 2025 1945 2095 ipsis
1964 2043 2094 2083 cou-

513 2105 788 2170 tamiuati,
835 2116 891 2160 et
941 2109 1208 2176 obvoluti,
1249 2127 1372 2168 cum
1405 2115 1716 2172 discernere
1749 2133 2090 2190 nequaquam

509 2193 734 2251 valeant
767 2197 913 2253 inter
948 2203 1388 2271 superinductam
1427 2209 1762 2266 voluntatem
1789 2221 1846 2266 et
1873 2214 2092 2278 malam,

514 2293 574 2340 et
605 2290 1004 2359 Operationem,
1044 2308 1164 2362 quae
1209 2306 1406 2364 praeter
1436 2311 1686 2355 naturam
1736 2312 1840 2370 est,
1869 2313 1924 2359 et
1952 2303 2095 2358 inter

514 2385 661 2443 eam,
715 2391 836 2446 qua:
865 2395 896 2433 a
941 2383 1048 2436 Deo
1091 2384 1354 2454 originem
1405 2390 1655 2457 sortitur,
1709 2400 1874 2461 atque
1919 2409 1950 2448 a
1984 2393 2093 2449 Deo

517 2463 646 2522 data
684 2478 770 2524 est
801 2470 1034 2539 animae,
1075 2478 1443 2534 essentialiter
1493 2483 1834 2548 rationalem,
1871 2495 1926 2540 et
1951 2486 2096 2542 desi-

521 2557 690 2615 deriis
713 2571 895 2630 aptam
927 2565 1258 2622 voluntatem
1292 2588 1305 2624 :
1340 2586 1517 2641 neque
1548 2574 1677 2643 quid
1709 2590 1898 2631 rursus
1931 2579 2000 2632 sit
2024 2578 2100 2631 vi-

521 2647 650 2702 talis
686 2649 824 2718 ejus,
863 2661 918 2707 et
943 2655 1248 2712 subsistens
1281 2657 1514 2718 facultas
1554 2666 1822 2734 corporis,
1852 2678 1909 2721 ut
1937 2670 2098 2738 periti

519 2731 758 2796 Manetis
860 2746 1110 2816 discipuli
1182 2749 1496 2820 improbant
1564 2731 1868 2812 naturalem
1911 2731 1952 2814 a-
1988 2760 2100 2815 Deo

518 2833 691 2884 ereati
729 2831 966 2890 hominis
990 2838 1346 2908 voluntatem,
1377 2855 1545 2914 utque
1572 2845 1855 2904 Manichtei
1878 2865 2100 2906 carnem

521 2929 765 2976 nostram
804 2942 832 2978 a
863 2924 974 2980 Deo
1032 2929 1152 2998 ipso
1201 2933 1402 2988 editam
1451 2936 1740 3004 damnant,
1795 2941 2102 3010 iniuriaque

525 3005 771 3067 alliciunt
801 3014 982 3070 datam
1019 3035 1048 3072 a
1085 3020 1194 3076 Deo
1224 3024 1380 3080 nobis
1418 3027 1786 3084 vivificantem
1829 3005 2102 3100 operat-io-

522 3113 672 3166 nem,
709 3103 1238 3182 intellectualemque
1264 3131 1293 3170 a
1325 3115 1438 3172 Deo
1475 3121 1630 3175 nobis
1673 3123 1881 3192 pariter
1913 3127 2099 3180 datam

521 3187 868 3252 desiderandi
915 3199 1230 3260 facultatem
1273 3207 1546 3276 incusant,
1575 3187 1859 3285 per-quam
1892 3219 2102 3274 scilicet

522 3279 718 3340 elevati
751 3289 991 3346 divinam
1027 3297 1397 3353 nanciscimur
1421 3302 1778 3360 salvationetn
1810 3324 1824 3362 :
1860 3309 1962 3364 hoc
1991 3311 2100 3364 sci-

523 3371 656 3473 licet
697 3394 890 3438 eorum
935 3385 1186 3456 dogmate
1232 3406 1328 3456 per
1373 3395 1554 3450 omnia
1597 3398 1774 3467 ipsum
1833 3402 2101 3473 impetunt

521 3455 863 3530 Creatorem.

597 3555 657 3614 Si
679 3572 858 3620 autem
893 3567 1076 3640 iniqua
1103 3573 1219 3630 luet;
1243 3577 1478 3649 ingenita
1501 3582 1696 3640 anima:
1717 3585 1964 3642 voluntas
1992 3599 2100 3657 est,

449 3687 486 3742 ί
525 3655 799 3717 quomodo
851 3659 1022 3716 David
1075 3665 1254 3736 inquit
1291 3689 1306 3723 :
1345 3689 1363 3723 ι
1405 3671 1673 3739 Quoniam
1716 3692 1784 3733 ex
1825 3655 2102 3738 voluntate

524 3755 646 3798 mea
681 3750 983 3808 conﬁtebor
1017 3756 1247 3815 Domino
1277 3765 1338 3818 ’?
1382 3785 1400 3816 ι
1441 3766 1722 3832 Quomodo
1769 3783 1950 3828 autem
1979 3792 2100 3829 om-

521 3835 657 3893 nino
709 3843 890 3898 anima
939 3861 1126 3916 posset
1183 3855 1428 3912 divinum
1485 3851 1704 3932 aliquod
1757 3867 1936 3934 velle,
1997 3870 2099 3923 nisi

523 3927 778 4008 rationali
829 3945 1111 4002 praestaret
1157 3945 1471 4003 voluntate?
1506 3951 1588 4006 vel
1619 3957 1890 4022 quomodo
1919 3958 1982 4010 ad
2013 3974 2100 4024 ea,

523 4028 648 4087 quae
674 4023 880 4091 optima
917 4037 1068 4093 sunt,
1100 4040 1154 4085 et
1183 4033 1594 4106 intellectualia,
1633 4054 1820 4113 posset
1855 4023 2098 4102 animum

525 4107 794 4203 adjicere,
817 4115 898 4170 vel
918 4119 983 4172 ad
1010 4121 1126 4190 ipsa
1155 4129 1364 4194 conari,
1401 4131 1505 4185 nisi
1536 4134 1855 4203 rationalem
1877 4139 2104 4194 haberet

525 4195 890 4260 facultatem?
926 4210 1124 4278 quibus
1151 4215 1405 4273 nimirum
1435 4223 1648 4280 duabus
1678 4196 2102 4297 proprietatibus

525 4291 582 4347 in
610 4310 673 4350 ea
709 4301 1002 4357 manifeste
1049 4309 1378 4374 exprimitur
1407 4315 1482 4378 id,
1515 4319 1659 4386 quod
1678 4291 1874 4377 Vest—ad
1912 4324 2103 4396 imagi-

527 4397 650 4438 nem
703 4399 758 4442 et
791 4393 1204 4454 similitudinem
1269 4401 1388 4456 Dei.
1436 4405 1726 4476 PrOpterea
1775 4393 2103 4485 itaque,'et

2193 1935 2442 1989 διαϐόλου
2492 1934 2903 2006 ἐνεργούμενοι,
2945 1931 3042 1986 καὶ
3076 1933 3156 1993 είς
3196 1930 3294 1992 τὰς
3341 1927 3624 2000 πυρώσεις
3673 1927 3754 1980 καὶ

2194 2026 2486 2090 ἐκκαύσεις
2533 2027 2631 2097 τῆς
2677 2026 2884 2096 σαρκὸς
2931 2023 3347 2094 ἐκμαινόμενοι,
3382 2022 3482 2075 καὶ
3531 2021 3632 2073 ὑπὸ
3673 2019 3754 2072 τοῦ

2196 2116 2462 2186 σαρκικοῦ
2499 2115 2807 2185 θελήματος
2831 2115 3387 2184 κατακαμπτόμενοι,
3417 2111 3514 2166 καὶ
3550 2111 3754 2181 μολυνὸ-

2199 2224 2374 2278 μενοι,
2407 2207 2502 2260 καὶ
2534 2206 2978 2279 βορϐορούμενοι,
3013 2207 3088 2278 μὴ
3114 2203 3448 2276 ἰσχύσαντες
3468 2203 3754 2275 διακρῖναι,

2195 2299 2249 2352 τί
2283 2303 2386 2368 μὲν
2410 2295 2522 2354 ἐστι
2553 2299 2612 2352 τὸ
2644 2298 2970 2352 ἐπείσακτον
2999 2299 3092 2352 καὶ
3121 2299 3362 2368 πονηρὸν
3395 2295 3629 2365 θέλημα,
3677 2295 3756 2346 καὶ

2199 2389 2233 2460 ἡ
2264 2390 2417 2460 παρὰ
2445 2387 2608 2458 φύσιν
2646 2389 2920 2460 ἐνέργεια,
2949 2387 3002 2442 τί
3029 2383 3088 2442 δέ
3139 2389 3258 2442 ἐστι
3287 2387 3352 2440 τὸ
3393 2387 3649 2458 θεόφυτον
3675 2383 3758 2454 καὶ

2199 2478 2477 2533 θεόσδοτον
2508 2479 2608 2549 τῆς
2653 2478 2831 2548 ψυχῆς
2875 2477 3186 2546 λογιστικὸν
3239 2477 3338 2530 καὶ
3382 2473 3758 2545 ἐπιθυμητικὸν

2197 2571 2455 2634 οὐσιῶδες
2477 2571 2712 2641 θέλημα,
2749 2571 2845 2624 καὶ
2884 2569 2935 2624 τί
2966 2569 3130 2624 πάλιν
3159 2571 3192 2640 ἡ
3241 2568 3456 2634 ζωτικὴ
3485 2568 3651 2636 αὐτῆς
3677 2566 3757 2619 καὶ

2201 2665 2501 2735 συστατικὴ
2537 2663 2632 2718 τοῦ
2676 2662 2928 2734 σώματος
2978 2663 3252 2732 ἐνέργεια,
3299 2661 3381 2726 ὡς
3421 2663 3633 2734 γνήσιοι
3677 2659 3754 2714 τεῦ

2199 2758 2480 2819 Μάνεντος
2529 2755 2770 2826 μαθηταὶ
2811 2754 3159 2808 διαϐάλλουσι
3185 2756 3246 2808 τὸ
3277 2754 3383 2822 τῆς
3429 2753 3640 2823 φύσεως
3675 2751 3754 2805 τοῦ

2201 2850 2517 2904 θεοκτίστου
2541 2848 2830 2920 ἀνθρώπου
2861 2847 3096 2920 θέλημα,
3127 2847 3458 2912 κακίζουσιν
3477 2847 3552 2910 ὡς
3582 2847 3627 2899 οἱ
3653 2846 3754 2900 Μα-

2202 2945 2396 3014 νιχαίοι
2428 2943 2528 3014 τὴν
2562 2941 2718 3012 ἡμῶν
2775 2915 3086 2994 θεόκτιστέν
3121 2941 3334 3012 σάρκα,
3375 2939 3648 3011 ὑϐρίζουσι
3674 2938 3756 3007 τὴν

2202 3032 2462 3097 ζωοποιὸν
2495 3031 2772 3086 θεόσδοτον
2805 3031 2966 3103 ἡμῶν
3002 3032 3305 3103 ἐνέργειαν,
3342 3033 3644 3102 μέμφονται
3673 3031 3756 3099 τὴν

2203 3124 2400 3195 νοεράν
2425 3123 2582 3194 ἡμῶν
2613 3124 2892 3177 θεόσδοτον
2919 3123 3240 3195 ἐπιθυμίαν,
3277 3124 3350 3177 δι’
3377 3117 3446 3195 ἦς
3469 3121 3760 3193 ὀρεγόμενοι

2205 3216 2315 3269 τῶν
2361 3215 2520 3268 θείων
2581 3214 2922 3286 τυγχάνομεν
2971 3215 3070 3286 τῆς
3117 3214 3426 3286 σωτηρίας,
3459 3215 3546 3268 διὰ
3585 3208 3758 3271 παντὸς

2207 3303 2388 3358 αὐτῶν
2406 3303 2500 3357 τοῦ
2523 3303 2794 3375 δόγματος
2825 3304 2902 3376 τῷ
2933 3304 3144 3376 Κτίστῃ
3171 3305 3625 3378 προσκρούοντες.

2280 3575 2344 3629 Εἰ
2385 3575 2444 3628 δὲ
2473 3574 2709 3645 πονηρὸν
2737 3569 2806 3646 ἦν
2830 3573 2892 3628 τὺ
2929 3573 3172 3644 ἔμφυτον
3209 3573 3310 3643 τῆς
3347 3572 3529 3642 ψυχῆς
3553 3569 3757 3638 θέλημα,

2211 3667 2330 3733 πῶς
2364 3685 2532 3739 φησιν
2567 3670 2596 3721 ὁ
2637 3667 2830 3720 Δαϐίδ·
2871 3685 2890 3718 ι
2930 3667 3053 3720 Ὀτι
3081 3667 3176 3720 καὶ
3200 3669 3264 3720 ἐκ
3319 3663 3628 3736 θελήματός
3671 3676 3756 3730 μου

2209 3761 2504 3832 ἐξομολογή
2516 3778 2681 3830 σομαι
2703 3759 2782 3831 τῷ
2809 3759 2962 3830 Θεῷ;
2995 3778 3014 3811 ι
3037 3759 3161 3823 Πῶς
3191 3759 3300 3829 γὰρ
3327 3760 3402 3814 ἂν
3423 3761 3557 3821 ὅλως
3583 3755 3668 3809 καὶ
3683 3753 3749 3806 δυ-

2211 3853 2436 3923 νήσεται
2475 3853 2507 3923 ή
2555 3849 2703 3923 ψυχὴ
2745 3851 2970 3920 θελῆσαι
3011 3869 3064 3903 τι
3107 3850 3218 3904 τῶν
3247 3849 3438 3914 θείων,
3494 3851 3538 3902 εί
3573 3845 3641 3918 μὴ
3667 3843 3756 3912 ἔχει

2211 3943 2436 4014 θέλησιν
2464 3942 2729 4013 λογικήνς
2757 3943 2789 4014 ἢ
2840 3943 2958 4006 πῶς
2990 3943 3174 4014 νοήσει
3218 3960 3270 3996 τι
3315 3943 3434 3996 τῶν
3465 3937 3758 4014 κρειττόνων

2209 4037 2306 4091 καὶ
2379 4037 2605 4108 νοερῶν,
2673 4036 2706 4107 ἢ
2769 4037 3076 4106 ἐνεργήσει,
3127 4035 3202 4106 μὴ
3245 4034 3456 4104 ἔχουσα
3510 4030 3756 4102 ἐνέργειαν

2209 4129 2402 4200 νοερὰν
2427 4169 2444 4194 ,
2471 4128 2537 4181 δι’
2564 4121 2638 4181 ὧν
2670 4127 2764 4180 δύο
2811 4127 3088 4198 ξδιοτήτων
3121 4126 3448 4194 ἐξεικονίζει
3500 4117 3670 4191 σαφῶς
3711 4117 3757 4168 έν

2209 4222 2376 4290 ἑαυτῇ
2405 4221 2466 4272 τὸ
2503 4221 2624 4273 κατ’
2659 4220 2844 4272 είκόνα
2886 4219 2981 4272 καὶ
3023 4218 3286 4288 ὁμοίωσιν
3328 4217 3500 4283 Θεοῦ;
3551 4213 3642 4266 Διὰ
3667 4208 3756 4278 γὰρ

2209 4311 2366 4364 τοῦτο
2397 4310 2490 4364 καὶ
2529 4311 2692 4380 μόνον
2720 4313 2854 4380 ἡμῖν
2885 4311 3220 4380 πεπόνηνται
3245 4310 3296 4362 οἱ
3322 4309 3666 4381 προκείμενοι
3693 4299 3758 4358 είς

2211 4405 2292 4466 τὸ,
2317 4403 2441 4457 κατ’
2459 4402 2664 4466 εἰκόνα,
2693 4402 2867 4470 λόγοι,
2900 4403 2981 4465 είς
3003 4401 3067 4454 τὸ
3097 4399 3290 4465 δεῖξαι,
3314 4400 3394 4464 ὡς
3410 4402 3466 4452 ἐν
3497 4396 3638 4464 τύπῳ
3667 4386 3756 4442 τινὶ

525 4471 644 4532 haec
679 4495 784 4536 una
817 4483 884 4539 de
914 4501 1080 4544 causa
1123 4493 1228 4549 duo
1265 4509 1293 4546 a
1324 4496 1481 4551 nobis
1530 4503 1771 4568 pradicti
1824 4521 2096 4566 sermones

2211 4497 2306 4550 καὶ
2327 4497 2492 4551 εικόνι
2520 4496 2597 4566 τῷ
2613 4494 2887 4566 ἀνθρώπῳ
2908 4496 2969 4548 οὐ
2991 4494 3150 4566 μόνον
3179 4494 3288 4546 τῶν
3312 4494 3408 4546 δύο
3428 4490 3518 4546 τοῦ
3549 4489 3754 4579 Χριστου

526 4577 825 4645 conscripti
861 4590 988 4636 sunt
1025 4584 1077 4638 in
1117 4585 1269 4653 illud,
1300 4591 1366 4645 ad
1411 4589 1724 4662 imaginem,
1763 4607 1822 4652 ut
1851 4603 2108 4658 ostende-

527 4679 736 4734 remus,
775 4671 828 4725 in
869 4673 1088 4732 homine
1136 4680 1299 4734 veluti
1339 4683 1390 4738 in
1428 4685 1602 4755 figura
1630 4698 1685 4743 et
1714 4691 1947 4760 imagine
1976 4710 2108 4764 qua-

526 4755 682 4830 dam,
701 4775 804 4816 non
838 4766 998 4820 modo
1029 4767 1258 4838 duplicis
1276 4773 1480 4830 Christi
1503 4779 1756 4834 essentia:
1793 4755 2105 4852 imaginem,

523 4859 716 4903 verum
771 4854 933 4908 etiam
973 4858 1201 4914 duarunt
1238 4869 1615 4931 operationum
1660 4871 2107 4943 voluntatumque

526 4937 883 5013 indivisarutn
957 4953 1256 5022 exemplar.
1316 4955 1798 5018 Verumeuimvero
1850 4977 2104 5034 patrem,

527 5043 868 5106 matremque
896 5041 1193 5110 honorare,
1226 5047 1450 5115 fratres,
1485 5061 1647 5120 atque
1671 5057 2107 5126 consanguineos

526 5123 751 5197 diligere
788 5131 1036 5190 humana!
1054 5139 1242 5206 procul
1270 5141 1432 5196 dubio
1463 5154 1670 5199 naturte
1706 5149 1971 5204 naturalis
1999 5159 2104 5217 est,

527 5221 780 5276 essentia:
815 5225 1006 5290 indita,
1053 5239 1220 5298 atque
1251 5232 1318 5286 ab
1339 5235 1519 5288 anima
1553 5237 1780 5292 indivisa
1810 5239 2059 5293 voluntas
2090 5257 2105 5294 :

527 5321 648 5360 cum
719 5324 929 5380 patrem
983 5319 1194 5389 ipsum,
1247 5333 1408 5394 atque
1464 5337 1732 5398 matrem,
1800 5331 2108 5400 fratresque

529 5409 748 5493 propter
784 5403 950 5463 Deum
985 5413 1388 5485 derelinquere,
1425 5428 1589 5490 atque
1621 5423 1891 5493 ahnegare
1919 5423 2096 5478 divina

2207 4590 2404 4644 οὐσιῶν
2437 4591 2538 4659 τὴν
2568 4587 3036 4661 προδιατύπωσιν,
3061 4587 3196 4640 ἀ).λά
3232 4586 3328 4640 καὶ
3355 4585 3448 4659 δύο
3491 4570 3754 4650 ἐνεργειῶν

2200 4675 2303 4736 ’καὶ
2327 4682 2648 4752 θελημάτων
2695 4679 3055 4751 ἀδιαῦλήτων,
3093 4679 3168 4742 ὡς
3203 4681 3260 4731 ἐν
3307 4679 3467 4747 τύπῳ
3504 4673 3604 4726 τινὶ
3634 4669 3754 4736 ἀμυ-

2207 4773 2317 4843 δρῷ
2360 4770 2784 4843 προδιάγραῷιν.
2826 4773 2938 4826 Καὶ
2981 4774 3089 4843 γὰρ
3121 4771 3182 4824 τὸ
3223 4773 3393 4842 τιμᾷν
3431 4765 3632 4834 πατέρα
3667 4753 3751 4813 ,καὶ

2211 4866 2446 4939 μητέρα,
2479 4867 2571 4919 καὶ
2599 4865 2864 4935 ἀδελφοὺς
2895 4866 3138 4934 ἀγαπᾷν,
3174 4865 3269 4916 καί
3301 4859 3633 4932 συγγένειαν,
3661 4866 3720 4918 φυ

2209 4978 2343 5019 astu:
2385 4959 2735 5030 ἀνθρωπίνης
2781 4957 3008 5027 φυσικόν
3059 4958 3206 5010 ἐστιν
3239 4954 3494 5014 οὐσιῶδες
3543 4945 3744 5011 θέλημαι

2204 5052 2381 5122 ψυχῆς
2413 5051 2736 5122 ἀδιάϐλητον
2763 5065 2776 5078 ·
2817 5051 2878 5102 τὸ
2901 5049 2960 5101 δέ
2997 5049 3346 5118 καταλείψαι,
3401 5043 3492 5098 καὶ
3535 5035 3745 5134 ἀρνήςπ·

2207 5143 2330 5196 σθαι
2391 5143 2478 5196 διὰ
2505 5142 2638 5196 Θεὸν
2685 5141 2922 5212 πατέρα,
2963 5141 3060 5194 καὶ
3093 5139 3326 5210 μητέρα,
3361 5137 3452 5190 καὶ
3497 5129 3743 5194 ἀδελφονῦ

2204 5235 2373 5298 ὅντως
2407 5235 2550 5288 θεῖον
2607 5233 2699 5287 καὶ
2756 5233 2898 5303 ὑπὲρ
2951 5233 3115 5302 φύσιν
3167 5233 3379 5302 θέλημα
3444 5223 3742 5314 ἀξιέπαΨθῨ

2219 5324 2349 5378 Ἰδοὺ
2380 5324 2472 5376 δύο
2501 5323 2782 5394 θελήματα
2812 5323 3132 5394 ἀδιάϐλητα,
3159 5323 3220 5376 τὸ
3253 5324 3352 5394 μὲν
3381 5317 3534 5388 φύσει
3562 5307 3746 5373 ἀνορίέν

2211 5435 2387 5484 πινον,
2418 5420 2477 5472 τὸ
2514 5419 2570 5472 δέ
2610 5420 2748 5491 ὑπὲρ
2773 5419 2936 5490 φύσιν
2967 5421 3060 5472 καὶ
3086 5419 3250 5472 θεῖον.

529 5489 622 5554 δῖε,
658 5492 819 5550 laude
849 5500 1010 5571 digna
1035 5487 1713 5582 voluntas,excedensque
1738 5487 1950 5568 natura-3
1977 5515 2368 5569 conditionem.
2410 5513 2484 5565 Eu
2555 5512 2740 5580 itaque
2801 5512 2934 5563 duas
2979 5511 3238 5564 indivisas
3299 5508 3618 5562 voluntates;
3659 5487 3742 5594 ll‘l‘

533 5597 707 5638 manu:
725 5598 928 5648 natura:
947 5595 1194 5667 alteram,
1215 5601 1440 5658 alteram
1457 5619 1622 5676 super
1639 5615 1890 5661 naturam
1917 5606 2114 5676 ipsam,
2158 5617 2318 5673 atque
2348 5604 2610 5658 divinam.

611 5738 632 5770 ³
660 5739 812 5792 itaut.
839 5760 948 5800 vttt.
976 5747 1026 5800 8.
1102 5751 1124 5782 ⁸
1148 5751 1187 5806 G
1233 5753 1304 5810 l-tt
1343 5755 1489 5817 vt.8.
1568 5757 1587 5787 ⁷
1614 5756 1770 5811 Rom.
1805 5773 1922 5822 vui,
1946 5759 2025 5812 l5.
2104 5758 2124 5789 ⁸
2158 5757 2290 5810 Luc.
2338 5771 2482 5818 xxiv,
2515 5756 2584 5808 39

2711 5754 2730 5784 ⁹
2781 5752 2862 5808 Ps.
2888 5753 2920 5816 1Ἴ
2961 5769 3126 5818 xxvu,
3161 5751 3214 5806 7.
