4064 6462
426 271 553 337 [161

488 388 688 441 Λοιπὸν
749 391 835 441 ﬁre
927 391 1041 462 ἴδῃς

425 479 758 545 δουλεύοντα,
790 482 864 547 ὣς
887 499 1052 552 φησιν
1085 484 1113 534 ό
1146 486 1381 546 Λουκᾶς,
1421 483 1499 552 τῷ
1539 485 1764 553 Ἰωσὴφ,
1799 485 1895 537 καί
1922 487 1991 555 τῇ

425 573 646 642 μητέρι,
686 573 780 626 καὶ
824 574 1233 645 προστρέχοντα
1268 575 1365 628 καὶ
1398 574 1877 645 περιπλεκόμενον,
1917 575 1995 639 ὡς

425 665 660 727 παιδίον,
695 666 810 726 ταῖς
839 664 1103 732 ἀγκάλαις
1121 668 1212 721 καὶ
1231 669 1343 728 τοῖς
1368 667 1543 734 ἁγίοις
1562 666 1782 728 κόλποις
1798 667 1991 736 αὐτῆς,

427 758 504 827 μὴ
556 757 819 828 διστασῃς
842 761 1017 811 εἰπεῖν
1047 759 1313 829 θελήματι
1374 759 1471 811 καὶ
1506 761 1709 830 στοργῇ
1738 758 1835 828 τῆς
1873 756 1996 810 καθ’

426 849 574 918 ἡμᾶς
605 850 820 916 φύσεως
850 850 1134 911 ποιοῦντα,
1162 851 1256 903 καὶ
1285 850 1572 903 δεικνύντα
1603 851 1765 902 αὑτὸν
1793 847 1991 909 ταῦτα,

426 943 522 993 καὶ
550 942 775 1002 τέλειον,
801 942 893 994 καὶ
914 942 1196 1010 ὁμοούσιον
1237 944 1367 1011 ἡμῖν
1395 940 1536 994 κατά
1575 940 1674 1011 τὴν
1714 940 1998 1010 ἀνθρωπό-

425 1049 564 1101 τητα
586 1033 773 1085 ἐαυτὸν
796 1034 1159 1101 ἐμφανίζοντα
1178 1033 1321 1085 κατά
1349 1033 1527 1086 πάντα
1546 1034 1767 1101 τρόπον,
1784 1030 1860 1093 ὥς
1891 1048 1996 1099 φη-

428 1141 513 1176 σιν
529 1126 561 1176 ὁ
579 1122 809 1186 Παῦλος,
832 1124 952 1193 δίχα
978 1125 1147 1194 μόνης
1174 1125 1274 1194 τῆς
1302 1123 1600 1195 ἁμαρτίας.
1623 1124 1793 1177 Ὅταν
1807 1122 1867 1174 δὲ
1890 1123 1998 1176 πά-

427 1212 512 1265 λιν
530 1214 666 1282 πρὸς
687 1212 784 1282 τὴν
798 1214 1008 1284 μητέρα
1030 1214 1166 1287 λέγῃ
1182 1254 1197 1278 ,
1224 1234 1241 1266 ι
1262 1214 1328 1267 Τί
1349 1216 1492 1285 ἐμοὶ,
1527 1217 1618 1268 καὶ
1641 1215 1743 1277 σοὶ,
1767 1213 1925 1281 γύναι
1944 1229 1993 1277 ς»

429 1305 521 1358 καί
547 1320 559 1333 ·
587 1324 605 1356 ι
645 1307 740 1370 Τίς
769 1308 886 1360 ἐστί
925 1325 1027 1376 μου
1057 1308 1260 1378 πατὴρ,
1291 1308 1325 1379 ἢ
1353 1310 1560 1379 μήτηρ,
1594 1308 1643 1359 εἰ
1676 1308 1805 1377 μὴ.ὀ
1828 1305 2000 1358 ποιῶν

426 1400 488 1452 τὸ
529 1399 738 1469 θέλημα
765 1401 859 1454 τοῦ
904 1401 1217 1469 πέμψαντός
1239 1418 1340 1469 με;
1392 1420 1411 1452 ι
1463 1400 1700 1455 ἐνταῦθα
1749 1398 2000 1453 παιδεύει

428 1493 576 1561 ἡμᾶς
617 1492 676 1544 τὸ
709 1494 851 1545 θεῖον
880 1494 974 1546 καὶ
998 1493 1139 1563 ὑπὲρ
1160 1474 1321 1562 φύσιν
1352 1494 1586 1563 θέλημα.
1618 1494 1695 1545 Δι’
1718 1493 1867 1562 ἡμᾶς
1891 1489 2003 1562 γὰρ

428 1585 605 1636 πάντα
627 1584 800 1637 ἐποίει
835 1585 927 1638 καὶ
960 1583 1248 1654 ἔπραττεν,
1280 1587 1337 1638 ἐν
1366 1586 1534 1639 πᾶσιν
1565 1583 1730 1646 αὐτὸς
1766 1580 1998 1645 τέλειος,

429 1675 522 1728 καὶ
559 1676 888 1743 προτέλειος,
920 1676 1015 1728 καὶ
1057 1678 1144 1730 ἀεὶ
1180 1674 1398 1745 πλήρης
1445 1676 1731 1746 ὑπάρχων,
1764 1673 2001 1743 νομίζων

1828 280 2081 341 SERMO
2123 284 2236 343 III.

1118 392 1326 461 Ἰησοῦν
1399 392 1841 462 ὑποτασσόμενον
1898 394 1992 447 καὶ

2168 395 2440 450 Caeterum
2482 411 2604 451 cum
2640 394 2824 449 Jesum
2859 394 3123 463 prospicis
3177 395 3474 462 subditum,
3509 408 3561 449 et
3595 396 3673 448 in-

3548 280 3680 342 liii-'2

2096 487 2443 549 servientem,
2480 496 2537 539 ut
2576 485 2753 554 inquit
2802 485 2980 538 Lucas
3014 486 3078 547 ¹⁶,
3109 483 3365 553 Josepho,
3402 496 3459 539 et
3488 488 3676 546 matri,

2096 576 2231 645 ipsis
2287 590 2687 643 accurrentem,
2732 585 2785 630 et
2832 587 2890 630 ut
2922 576 3206 644 puerulum
3256 576 3430 631 sancti
3489 578 3679 647 gremii

2096 669 2212 736 ejus
2239 668 2529 737 complexu
2557 671 2977 730 circumdatum,
3013 684 3078 719 ne
3109 668 3329 721 dubites
3364 669 3546 721 dicere
3583 683 3678 721 ro-

2099 760 2326 821 luntate,
2358 770 2413 813 et
2441 760 2685 829 ingenito
2734 771 2935 812 nostra:
2985 767 3193 811 naturm
3246 772 3431 810 amore
3462 758 3577 810 luee
3616 758 3684 810 ab

2099 852 2219 919 ipso
2255 853 2536 919 prmstari,
2571 853 3091 921 demonstrarique,
3149 867 3316 919 seque
3354 866 3477 905 eum
3529 851 3681 904 nobis

2098 942 2341 1009 perfecte
2410 945 2744 996 humanitate
2816 943 3338 997 consubstantialem
3398 946 3683 995 ostendere

2100 1034 2271 1097 omni,
2305 1044 2363 1087 ut
2396 1034 2572 1102 inquit
2602 1034 2818 1096 Paulus,
2852 1035 3086 1098 ratione,
3123 1036 3167 1087 si
3203 1013 3425 1088 unicum
3451 1049 3679 1100 excepe-

2104 1125 2179 1179 ris
2229 1135 2533 1191 peccatum.
2583 1123 2716 1178 Cum
2788 1140 2977 1178 rursus
3033 1134 3213 1177 autem
3273 1126 3441 1179 matri
3506 1125 3679 1178 dicit:

2110 1233 2129 1264 ι
2175 1214 2313 1281 Quid
2349 1215 2479 1268 mihi
2528 1224 2633 1275 est,
2682 1224 2736 1267 et
2787 1216 2907 1281 libi,
2954 1214 3153 1268 mulier
3182 1214 3271 1267 “?
3311 1233 3328 1264 ι
3370 1225 3464 1268 et:
3503 1237 3517 1262 ι
3553 1214 3685 1280 Quis

2105 1306 2268 1359 Pater
2288 1320 2443 1359 meus
2469 1314 2573 1369 est,
2603 1314 2657 1358 ct
2689 1315 2881 1367 mater,
2913 1306 3013 1359 nisi
3046 1305 3111 1366 is,
3147 1306 3239 1375 qui
3272 1304 3401 1359 facit
3434 1306 3683 1358 rolnn'a-

2106 1411 2211 1453 tem
2238 1400 2377 1467 ejus,
2407 1400 2498 1467 qui
2528 1397 2675 1451 misit
2705 1414 2789 1451 me
2820 1398 2898 1450 “‘L’
2932 1417 2950 1449 ι
2986 1397 3151 1451 Nobis
3187 1399 3253 1450 iis
3290 1398 3424 1452 locis
3447 1398 3683 1450 divinam

2104 1489 2685 1560 superuaturalemque
2709 1503 2859 1542 suam
2884 1489 3089 1542 indicat
3113 1486 3468 1541 voluntatem.
3488 1486 3682 1541 Omnia

2105 1582 2305 1650 quippe
2340 1588 2566 1650 propter
2597 1593 2697 1634 nos
2747 1580 2893 1646 fecit,
2924 1588 2977 1633 et
3002 1587 3261 1649 operatus
3293 1591 3372 1634 est
3413 1578 3686 1646 perfectus

2106 1673 2222 1741 ipse
2262 1672 2315 1725 in
2350 1670 2621 1733 omnibus,
2654 1681 2709 1723 et
2741 1684 2952 1724 summe
3015 1670 3317 1738 perfectus,
3364 1684 3686 1736 semperque

426 1764 485 1819 δὲ
514 1766 714 1834 μᾶλλον
758 1766 1157 1836 ἀκριϐεστέραν
1187 1767 1453 1837 ὑπάρχειν
1480 1768 1580 1835 τὴν
1626 1768 1820 1836 ἑτέραν
1851 1765 2001 1817 ἐκδο-

2107 1765 2375 1818 exsistens
2415 1762 2468 1815 in
2502 1762 2861 1830 plenitudine,
2897 1770 2949 1815 et
2981 1772 3224 1815 Statueus
3277 1761 3526 1824 alterum,
3565 1777 3685 1830 qum
3720 1792 3737 1797 ί

426 1856 530 1925 χὴν
559 1860 657 1923 τὴν
682 1855 1017 1922 φάσκουσαν,
1058 1856 1138 1907 ὅτι
1177 1854 1265 1908 διὰ
1294 1856 1392 1923 τῆς
1424 1854 1698 1925 θελήσεως
1728 1853 1829 1921 τῆς
1852 1852 2001 1918 λογι-

429 1940 646 2011 πικῆς,
677 1943 771 2005 καὶ
812 1941 1191 2012 βουλευτικῆς,
1225 1944 1319 2005 καὶ
1351 1942 1702 2013 διανοητικῆς
1739 1942 1840 2008 τῆς
1886 1957 2002 1994 νοε-

428 2034 530 2101 ρᾶς
548 2034 727 2102 ψυχῆς
745 2036 843 2104 τῆς
870 2034 965 2087 τοῦ
991 2034 1180 2087 δούλου
1208 2034 1426 2104 μορφῆς
1446 2034 1688 2103 ἐπλήρου
1713 2034 1742 2085 ὁ
1766 2031 2004 2101 Χριστὸς

437 2122 527 2192 τὴν
566 2124 829 2193 ὑπακοὴν,
873 2124 968 2177 καί⁵
1020 2125 1081 2176 τὸ
1119 2122 1332 2193 Θέλημα
1365 2123 1461 2177 τοῦ
1490 2124 1725 2194 Πατρὸς.
1780 2124 1875 2176 καὶ
1900 2123 2002 2192 τὴν

429 2215 667 2285 ἐντολὴν,
701 2218 794 2269 καὶ
836 2219 898 2269 τὸ
938 2217 1290 2287 πρόσταγμα,
1324 2215 1421 2270 καὶ
1450 2217 1542 2269 τὸν
1575 2216 1766 2283 νόμον
1809 2214 1896 2266 διὰ
1945 2213 2003 2267 δὲ

430 2304 593 2357 πάλιν
622 2305 724 2375 τῆς
761 2305 1021 2375 ζωτικῆς,
1054 2306 1148 2358 καὶ
1172 2305 1437 2368 ζωοποιοῦ
1470 2304 1777 2365 θεοσδότου,
1808 2302 1998 2373 αὐτῆς,

430 2394 574 2462 λέγω
593 2395 677 2464 δὴ,
693 2396 794 2464 τῆς
816 2395 995 2465 ψυχῆς
1017 2397 1116 2464 τῆς
1130 2398 1322 2466 νοερᾶς
1348 2394 1629 2465 ἐνεργείας
1657 2393 1999 2464 συνεκράτει,

430 2486 524 2539 καὶ
558 2486 859 2550 ἐζωοποίει,
894 2488 988 2540 καὶ
1008 2486 1161 2556 ubist
1192 2488 1254 2540 τὸ
1281 2488 1480 2539 οἰκεῖον
1503 2486 1667 2555 σῶμα
1691 2486 1717 2537 ὁ
1742 2485 1874 2547 Θεὸς
1896 2484 2001 2538 Λό-

432 2578 684 2645 γος’κατά
701 2578 791 2630 τὸν
806 2579 929 2649 ὅρον
945 2580 1039 2631 καὶ
1060 2578 1243 2647 νόμον,
1256 2578 1314 2630 ὃν
1332 2577 1533 2631 δέδωκε
1556 2578 1621 2645 τῇ
1645 2576 1834 2645 λογικῇ
1855 2573 2001 2644 ψυχῇ

430 2669 735 2735 ζωοποιεῖν,
766 2673 857 2723 καὶ
880 2675 1230 2741 συγκρατεῐν,
1254 2671 1348 2723 καὶ
1360 2668 1566 2733 αὔξειν,
1591 2668 1686 2721 καὶ
1707 2670 1876 2719 κινεῖν
1902 2667 2003 2736 τὴν

431 2762 536 2813 τῶν
558 2763 826 2830 σωμάτων
858 2761 1037 2830 φύσιν.
1067 2761 1231 2815 Ὅθεν
1251 2761 1345 2814 καὶ
1372 2760 1521 2831 ψυχὴ
1543 2757 1613 2812 δι’
1637 2757 1791 2811 οὐδὲν
1816 2758 2004 2827 ἕτερον

429 2854 667 2922 εἴρηται,
708 2855 755 2906 εἰ
795 2853 869 2923 μὴ
916 2855 979 2907 ἐκ
1006 2853 1100 2906 τοῦ
1160 2854 1376 2924 ψῦχειν,
1430 2855 1600 2923 ἦγουν
1630 2852 1914 2916 ζωοποιεῖν
1943 2848 2006 2902 τὸ

430 2943 612 3012 σῶμα.
672 2943 766 2996 Ἐκ
804 2942 996 2996 τούτου
1059 2944 1151 2997 καί⁵
1200 2941 1507 3013 ἀποψύχειν
1540 2941 1602 2995 τὸ
1638 2940 2005 3010 ἀποθνήσκειν

429 3033 647 3106 εἴρηται
667 3051 683 3066 ’
715 3035 906 3109 ὥσπερ
931 3035 1094 3090 πάλιν
1124 3036 1183 3089 τι
1206 3036 1502 3106 ἀναψύχειν
1531 3033 1593 3087 τὸ
1622 3034 1744 3105 ζῇν.

501 3226 713 3296 Ὥσπερ
741 3224 795 3278 δὲ
824 3224 1010 3295 διττῆς
1035 3223 1272 3295 Χριστοῦ
1321 3223 1559 3295 φύσεως,
1612 3220 1877 3284 ὡσαύτως
1908 3218 2007 3274 καὶ

429 3316 706 3387 θελήσεως
744 3317 959 3379 εἰκόνας
985 3317 1269 3386 ἐδείξαμεν
1299 3318 1380 3379 εἰς
1406 3316 1501 3369 τὸν
1525 3314 1645 3368 κατ’
1672 3312 1859 3366 εἰκόνα
1910 3310 2007 3364 καὶ

427 3408 691 3478 ὁμοίωσιν
724 3407 891 3460 αὐτοῦ
942 3407 1035 3461 ὑπ’
1068 3406 1235 3461 αὑτοῦ
1269 3406 1561 3476 γενόμενον
1609 3404 1865 3458 σύνθετον
1914 3402 2009 3456 ἇν-

426 3496 681 3566 θρωπον·
713 3496 855 3549 οὕτω
908 3497 1070 3551 πάλιν
1098 3497 1175 3555 ὼς
1203 3497 1262 3550 ἐν
1313 3497 1486 3550 εἰκόνι
1514 3494 1623 3549 τινὶ
1683 3493 1779 3548 καὶ
1824 3492 2002 3563 τύπῳ,

427 3588 592 3655 λέγω.
624 3589 818 3659 ὁρᾶται
869 3591 938 3642 ἐν.
974 3588 1051 3659 τῷ
1096 3587 1369 3660 ἀνθρώπῳ
1423 3588 1521 3642 καὶ
1552 3587 1704 3658 διττή
1742 3603 1826 3649 τις
1852 3586 2005 3655 ἐνερ-

427 3681 583 3748 γείας
603 3680 839 3749 ἔμφασις
870 3682 949 3744 εἰς
977 3679 1168 3734 εἰκόνα
1208 3681 1304 3734 καὶ
1326 3679 1495 3733 τύπον
1523 3677 1786 3747 Χριστού.
1810 3675 2003 3732 Καθά-
2026 3746 2033 3752 Ι

426 3788 538 3843 περ
570 3772 678 3842 γὰρ
724 3774 757 3842 ἡ
788 3772 955 3825 αὐτοῦ
997 3772 1189 3842 θεότης
1222 3773 1442 3842 ἐνήργει
1482 3771 1577 3825 καὶ
1625 3768 2004 3839 Θεανδρικῶς,

426 3865 652 3934 ἐνήργει
678 3864 734 3914 δὲ
760 3865 854 3916 καὶ
880 3862 1077 3927 οεῖκῶς
1107 3866 1166 3917 ἐν
1198 3862 1413 3935 οὐρανῷ
1443 3863 1549 3933 πρὸ
1572 3863 1671 3933 τῆς
1699 3860 1795 3915 τοῦ
1818 3859 2009 3929 σώμα-

427 3973 519 4018 τος
573 3954 916 4024 ἀναλήψεως,
952 3956 1028 4018 ὼς
1086 3956 1522 4027 ἀπερίγραπτος,
1558 3956 1656 4008 καὶ
1718 3952 1795 4023 μὴ
1844 3968 2008 4022 περι-

426 4049 699 4117 γραφεῖσα
740 4048 799 4098 ἐν
836 4044 914 4115 τῷ
947 4045 1162 4114 σώματι
1185 4062 1199 4076 ·
1255 4043 1400 4098 οὕτω
1433 4044 1527 4097 καὶ
1558 4045 1592 4114 ή
1633 4043 1780 4112 ψυχὴ
1820 4043 1852 4111 ἠ
1884 4040 2006 4094 κατ’

426 4136 616 4190 εἰκόνα
670 4137 763 4189 καὶ
788 4137 1045 4205 ὁμοίωσιν
1075 4135 1168 4189 τοῦ
1196 4136 1430 4207 ἀοράτου
1461 4134 1596 4187 θεοῦ
1623 4135 1801 4203 Λόγου
1829 4133 2039 4204 ῦπαρ-κ

427 4244 623 4298 χουσα,
694 4229 911 4297 ἐνεργεῖ
984 4228 1083 4297 μὲν
1133 4228 1229 4280 καὶ
1280 4225 1682 4296 ψυχανδρικῶς,
1755 4224 2008 4278 τουτέστι

430 4319 843 4390 σωματοψύχως
883 4321 963 4385 εἰς
1011 4318 1184 4372 τύπον
1213 4317 1304 4372 τοῦ
1338 4317 1673 4386 θεανδρικῶς
1723 4316 1965 4385 Χριστοῦ
1989 4331 2005 4347 ·

2108 1871 2230 1910 mox
2262 1856 2406 1908 dicta
2435 1864 2523 1908 est
2566 1853 2961 1922 subjectiouem
2997 1850 3169 1905 multo
3202 1867 3323 1906 esse
3377 1853 3680 1912 meliorem,

2106 1948 2359 2017 quoniam
2394 1960 2491 2015 per
2536 1944 2878 2008 rationalem,
2932 1954 3104 2012 atque.
3140 1945 3550 1999 deliberativam
3587 1960 3681 1993 vn-

2104 2041 2388 2102 lnntatetn,
2407 2045 2462 2091 et
2484 2038 2834 2091 discretivam
2870 2034 3249 2089 intellectualis
3273 2036 3489 2098 animae,
3519 2050 3681 2103 quant

2105 2134 2157 2189 in
2192 2133 2365 2189 forma
2400 2133 2541 2187 servi
2578 2139 2882 2201 acceperat,
2919 2129 3170 2198 implevit
3210 2126 3463 2181 Christus
3491 2125 3684 2175 vulnu-

2106 2234 2296 2289 tatem,
2356 2233 2714 2293 praeceptum,
2792 2220 3102 2287 imperium,
3150 2228 3206 2272 et
3250 2217 3421 2284 legem
3476 2214 3681 2283 patris;

2104 2324 2267 2383 atque
2305 2314 2511 2384 pariter
2564 2327 2664 2381 per
2710 2310 2953 2373 vitalem,
2986 2317 3039 2363 et.
3085 2308 3472 2367 viviﬁcantem,
3515 2320 3541 2354 ιι
3576 2302 3685 2355 Deo

2104 2405 2209 2460 sibi
2257 2406 2471 2469 datam,
2529 2416 2688 2468 eam,
2742 2402 3002 2468 inquam,
3051 2400 3247 2452 animae
3307 2393 3685 2447 intellectualis

2106 2496 2440 2559 facultatem,
2478 2495 2638 2555 rexit,
2673 2492 2985 2555 viviﬁravi',
3012 2492 3269 2557 auxitque
3295 2502 3493 2552 corpus
3520 2498 3678 2535 suum

2107 2589 2248 2644 Deus
2283 2585 2542 2649 Verbum,
2574 2586 2640 2639 iis
2667 2599 2798 2639 Sulle
2844 2584 3131 2647 limitibus,
3181 2596 3243 2634 ac
3282 2579 3522 2647 legibus,
3566 2589 3686 2642 qua:

2109 2679 2362 2734 rationali
2406 2680 2604 2731 anima:
2648 2686 2775 2730 sunt
2805 2692 2834 2729 a
2868 2677 2974 2729 Deo
3027 2673 3377 2743 praescriptas,
3416 2680 3473 2722 ut
3512 2668 3685 2718 infor-

2110 2783 2241 2836 met,
2270 2771 2454 2824 vivere
2483 2769 2669 2829 faciat,
2696 2776 2980 2836 augeat,et
3007 2772 3219 2817 moveat
3248 2761 3497 2829 corporis
3516 2757 3688 2824 ipsius

2111 2878 2383 2919 naturam.
2433 2861 2796 2928 Quamobrem
2852 2875 2961 2912 non
3013 2857 3115 2910 alia
3146 2857 3211 2909 de
3245 2867 3410 2909 causa
3462 2849 3690 2918 spiritus

2110 2958 2334 3023 dicitur,
2384 2955 2487 3010 nisi
2519 2968 2583 3009 eo
2608 2954 2752 3022 quod
2807 2965 3006 3019 corpus
3038 2950 3300 3011 vivilicet,
3359 2944 3474 2998 sive
3520 2941 3691 2994 faciat

2109 3049 2360 3120 spirare;
2389 3046 2691 3113 exindeque
2733 3042 2937 3112 pariter
2970 3041 3137 3102 mori,
3170 3053 3276 3092 non
3310 3037 3522 3105 spirare
3550 3047 3691 3085 nun-

2034 3108 2076 3166 c
2109 3150 2359 3209 cupatnr,
2390 3135 2753 3204 similiterque
2785 3133 2993 3196 vivere,
3037 3131 3333 3198 respirare.

2179 3229 2640 3296 Quemadmodum
2695 3237 2876 3279 autem
2931 3223 3165 3294 duplicis
3221 3217 3427 3276 Christi
3479 3224 3690 3269 natura:

2109 3321 2400 3391 imaginem
2454 3319 2859 3386 voluntatisque
2919 3316 3174 3371 similiter
3208 3314 3261 3367 in
3304 3309 3586 3382 proposito
3620 3307 3691 3361 ab

2108 3415 2228 3483 ipso
2264 3413 2332 3466 ad
2368 3412 2658 3481 imaginem
2692 3420 2749 3464 et
2791 3407 3209 3464 similitudinem
3249 3420 3403 3459 suam
3453 3401 3691 3455 formato

2110 3503 2332 3558 homine
2360 3501 2885 3568 demouStravimus;
2917 3500 2997 3555 sic
3037 3499 3245 3568 pariter
3273 3494 3436 3550 veluti
3466 3494 3518 3548 in
3549 3493 3691 3545 ima-

2109 3595 2234 3666 gine
2262 3595 2519 3664 quadam,
2562 3594 2803 3662 inquam,
2839 3602 3004 3661 atque
3045 3590 3215 3660 figura
3263 3585 3599 3657 prospicitur
3632 3584 3687 3636 in

2110 3687 2329 3741 homine
2369 3685 2562 3755 duplex
2621 3686 2896 3739 facultatis
2942 3684 3098 3753 vigor
3148 3682 3447 3737 secundum
3503 3689 3687 3749 typum

2105 3789 2164 3846 et
2190 3780 2479 3848 imaginem
2518 3777 2743 3833 Christi.
2792 3775 3007 3831 Etenim
3059 3775 3203 3830 sicut
3252 3773 3519 3828 divinitas
3570 3767 3689 3835 ejus

2113 3871 2450 3937 theandrire,
2478 3871 2595 3924 sive
2627 3867 2957 3923 deiviriliter
3007 3864 3359 3936 operabatur,
3391 3870 3449 3915 ct
3483 3858 3690 3928 pariter

2111 3954 2239 4018 ante
2275 3962 2521 4032 corporis
2549 3961 2976 4029 assumptionem
3007 3957 3269 4031 divinitus
3298 3955 3460 4007 etiam
3486 3963 3687 4018 opera-

2108 4055 2272 4110 batur
2315 4056 2369 4109 in
2401 4055 2560 4117 coelo,
2593 4061 2652 4108 ut
2683 4052 3179 4120 incircumscripta,
3216 4061 3392 4116 neque
3440 4042 3688 4111 corporis

2111 4146 2348 4200 coercita
2380 4145 2641 4198 limitibus
2663 4161 2678 4209 ;
2700 4144 2774 4196 ita
2807 4144 2990 4197 anima
3023 4156 3238 4212 quoque
3274 4142 3340 4194 ad
3393 4138 3684 4206 imaginem

2110 4247 2166 4294 et
2201 4237 2610 4292 similitudinem
2639 4236 2927 4291 invisibilis
2956 4235 3049 4290 Dei
3076 4232 3243 4287 Verbi
3283 4232 3578 4292 exsisteus,
3607 4226 3689 4279 fa-

2111 4336 2370 4386 cultatem
2406 4330 2739 4400 operationis
2781 4330 2947 4383 habet
2991 4325 3422 4399 psychandricaa,
3470 4322 3573 4375 hoc
3605 4329 3692 4374 est

429 4415 647 4482 ἐνεργεῖ
676 4413 734 4465 δὲ
784 4413 877 4464 καὶ
933 4411 1184 4481 ψυχικῶς
1241 4411 1423 4482 μόνον,
1469 4410 1703 4465 πλεῖστά
1760 4428 1885 4463 τινα
1929 4411 2003 4481 μὴ

2113 4417 2166 4471 in
2195 4432 2393 4486 corpus
2425 4418 2662 4472 vitaliter
2686 4418 2918 4486 agentis,
2949 4419 3091 4487 quod
3129 4415 3458 4469 theandrica-
3491 4425 3691 4480 opera-

429 4503 819 4575 συνεργοῦντος
849 4503 989 4574 αὐτῇ
1020 4503 1114 4556 τοῦ
1151 4503 1353 4556 οἰκείου
1404 4502 1676 4572 σώματος,
1725 4504 1805 4567 εἰς
1835 4502 2006 4555 τύπον

427 4598 524 4651 τοῦ
567 4598 800 4669 ἀοράτου
830 4595 965 4649 Θεοῦ
989 4596 1163 4662 Λόγου
1196 4595 1291 4649 τοῦ
1351 4595 1518 4649 πολλὰ
1551 4596 1800 4667 ἀοράτως
1848 4596 2003 4664 ἐνερ-

428 4688 725 4759 γῆσαντος,
758 4689 853 4742 καὶ
885 4687 1238 4761 ἐνεργοῦντος
1263 4689 1322 4739 ἐν
1349 4686 1565 4759 οὐρανῷ
1596 4688 1690 4741 καὶ
1739 4686 1832 4741 ἐπὶ
1872 4687 2003 4756 ﬁlii

430 4783 520 4836 διὰ
549 4782 650 4852 τῆς
676 4782 1096 4852 ἀπεριγράπτου
1122 4779 1313 4846 αὐτοῦ,
1355 4782 1451 4836 καὶ
1495 4780 1872 4850 παγκοσμίου,
1907 4781 2006 4840 καὶ

431 4876 808 4951 ὑπερκοσμίου
838 4875 1027 4946 θεῖκῆς
1057 4874 1358 4944 ἐνεργείας.

514 5153 582 5206 Ἡ
634 5146 729 5206 οὖν
767 5151 956 5222 ἀγάπη
993 5152 1027 5222 ἠ
1077 5150 1214 5222 πρὸς
1239 5151 1373 5204 Θεὸν
1425 5150 1567 5204 κατὰ
1624 5150 1866 5222 ψυχικὴν
1912 5153 2006 5206 καὶ

434 5243 605 5313 μόνην
658 5241 987 5295 ἐπιτελεῖται
1032 5240 1331 5311 ἐνέργειαν,
1360 5241 1422 5293 οὐ
1447 5242 1724 5312 χρῄζουσα
1747 5245 1806 5295 ἐν
1831 5243 2006 5310 τούτῳ

348 5338 371 5353 ‘
429 5331 529 5401 τῆς
560 5330 880 5402 συνεργείας
909 5329 1003 5382 τοῦ
1036 5328 1289 5396 σώματος
1310 5343 1325 5358 ⁸
1359 5330 1563 5399 ὁμοίως
1609 5331 1704 5384 καὶ
1758 5333 1791 5401 ὴ
1821 5331 2005 5397 πίστις

427 5419 670 5491 ψυχικῆς
718 5420 810 5473 καὶ
842 5421 1010 5490 μόνης
1049 5421 1331 5491 ἐνεργείας
1362 5421 1508 5474 ἐστὶν
1533 5419 1758 5485 ἔνδειξις
1787 5436 1801 5451 ο
1821 5422 2004 5475 ὡσαύ-

428 5528 538 5575 τως
557 5511 664 5565 ,καὶ
718 5512 752 5582 ὴ
786 5510 942 5576 ἐλπὶς
1000 5512 1144 5566 κατά
1181 5510 1425 5583 ψυχικὴν
1475 5512 1569 5566 καὶ
1605 5513 1778 5584 μόνην
1822 5515 2004 5567 ἐπιτεο

505 5688 550 5720 ¹⁰
591 5686 717 5742 Luc.
760 5701 819 5751 Il,
863 5687 952 5742 5i.
1032 5689 1071 5721 ¹¹
1102 5685 1262 5743 Joan.
1298 5703 1333 5742 ιι
1391 5688 1444 5741 4.

755 5779 1025 5842 Ρλτιιοι..
1070 5782 1184 5841 Gn.
1228 5774 1563 5842 LXXXIX.

2110 4510 2274 4563 tionis
2294 4507 2504 4565 Christi
2537 4510 2706 4579 ﬁgura
2737 4510 3160 4579 exprimitur,et
3183 4506 3495 4562 facultatem
3529 4504 3693 4557 habet

2108 4617 2302 4657 rursus
2329 4603 2667 4670 operationis
2694 4601 2958 4669 spiritalis
2995 4611 3227 4664 tantum,
3263 4611 3387 4652 cum
3416 4597 3531 4665 ipsa
3563 4608 3691 4663 per-

2108 4695 2277 4750 multa
2328 4696 2749 4764 haudquaquam
2799 4710 2922 4748 eum
2962 4695 3184 4763 proprio
3240 4689 3406 4746 simul
3460 4701 3692 4755 corpore

2107 4795 2401 4855 operetur;
2446 4787 2590 4857 quod
2640 4787 2807 4854 ﬁgura
2867 4786 3195 4853 exprimitur
3254 4782 3346 4836 Dei
3398 4778 3689 4834 invisibilis

2112 4875 2299 4938 Verbi,
2338 4877 2492 4946 plura
2543 4876 2892 4930 invisibiliter
2921 4864 3138 4944 operari
3192 4869 3685 4943 potentis,'facien-

2108 4970 2291 5039 tisque
2324 4969 2375 5021 in
2412 4969 2569 5029 coelo.
2619 4978 2676 5022 et
2724 4969 2778 5021 in
2822 4978 2992 5031 terra,
3052 4963 3525 5031 iucircnmscripta
3566 4976 3687 5025 sua,

2107 5060 2633 5129 perfectissimaque,
2666 5069 2721 5114 et
2750 5059 3201 5129 superexcellenti
3232 5056 3412 5110 divina
3461 5055 3682 5108 virtute.

2179 5153 2350 5205 Antor
2400 5153 2612 5221 itaque,
2654 5168 2763 5221 quo
2804 5154 2857 5208 in
2912 5154 3076 5206 Deum
3133 5149 3384 5212 feriatur,
3458 5148 3688 5218 spiritali

2116 5250 2326 5295 tantum
2357 5242 2552 5296 anima:
2591 5243 2789 5297 virtute
2818 5244 3119 5312 perficitur,
3150 5241 3278 5309 quin
3310 5239 3536 5294 omnino
3570 5253 3692 5292 cor-

2114 5333 2263 5404 poris
2313 5335 2693 5404 cooperatione
2730 5337 2797 5390 ad
2844 5338 2947 5390 hoc
2995 5347 3171 5404 egeat.
3226 5333 3389 5389 Fides
3439 5332 3693 5387 similiter

2116 5425 2274 5480 unius
2301 5434 2510 5480 tantum
2545 5427 2809 5492 spiritalis
2841 5427 3002 5496 hujus
3048 5427 3329 5482 facultatis
3373 5420 3458 5482 est
3492 5427 3689 5494 vigor:

2114 5531 2242 5585 spes
2275 5518 2462 5572 eodem
2515 5531 2729 5585 quoque
2775 5521 2933 5576 modo
2988 5521 3101 5575 sola
3155 5518 3385 5591 spiritali
3431 5517 3692 5573 facultate

1525 5690 1566 5719 ”
1595 5689 1783 5745 Matth.
1821 5705 1917 5756 xu,
1950 5689 2138 5748 46-159.

3259 5789 3334 5844 37
