4064 6426
479 325 613 386 “(:3

475 528 734 584 demissio
762 543 857 596 per
887 527 1188 597 spiritalem
1218 527 1532 584 facultatem
1555 539 1858 592 exercetur,
1889 539 2052 598 atque

473 622 744 685 consistit,
789 630 845 674 et
893 631 951 673 ut
1004 622 1314 676 summatim
1389 623 1666 686 dicamus,
1729 623 2053 676 necessaria:

476 729 690 777 omnes,
721 723 774 767 et
804 713 1084 781 spiritales
1141 715 1391 780 virtutes,
1427 729 1654 782 quarum
1715 716 1890 780 radix,
1927 715 2046 768 fun-

477 806 816 869 damentum,
846 820 909 858 ac
954 816 1126 858 mater
1156 813 1238 858 est
1266 805 1477 873 puritas
1514 806 1717 867 cordis,
1756 822 1850 874 per
1879 807 2049 860 solam

479 896 898 951 intellectualem
957 895 1238 949 rationalis
1292 895 1456 950 animi
1513 897 1685 950 nostri
1740 895 2050 950 facultatem

479 990 856 1054 perficiuntur,
906 988 1038 1058 quin
1093 987 1312 1040 omnino
1361 1003 1596 1056 corpore
1635 988 1958 1055 'indigeant,
1997 998 2054 1042 ut

480 1082 718 1145 ipsarum
771 1091 923 1134 actus
974 1079 1324 1149 impleantur.
1363 1079 1732 1146 Quamobrem
1767 1080 1801 1134 ii
1835 1095 2052 1149 quoque

479 1173 570 1242 qui
607 1187 771 1225 carne
814 1181 1104 1235 tumentes,
1137 1181 1187 1225 et
1221 1172 1420 1224 infirmi
1453 1181 1598 1238 sunt,
1645 1183 1692 1226 et
1729 1173 2050 1238 immobiles,

477 1263 743 1330 ejusmodi
781 1263 1092 1327 virtutibus,
1136 1278 1254 1329 qua:
1295 1278 1360 1316 ex
1409 1264 1575 1316 animi
1628 1264 1885 1320 facultate
1927 1273 2054 1319 sunt

482 1353 590 1406 Deo
619 1353 1031 1420 beueplaceutes
1061 1353 1177 1407 fieri
1210 1362 1454 1420 possunt.
1482 1353 1747 1408 Caeterum
1780 1356 1832 1408 in
1857 1371 2053 1411 somno

481 1446 818 1510 potissimum
855 1455 1040 1502 nostro
1085 1447 1277 1516 duplex
1310 1449 1422 1502 lucc
1452 1458 1635 1502 nostra
1688 1447 1916 1503 facultas
1945 1449 2054 1503 ele-

479 1545 672 1602 gauter
704 1537 1030 1591 ostenditur.
1067 1536 1310 1606 Corpore
1347 1539 1492 1592 enim
1529 1539 1765 1593 habente
1807 1549 1932 1594 tunc
1961 1555 2053 1594 ve-

482 1628 559 1679 lut
612 1638 885 1694 mortuas,
942 1629 1246 1698 agendique
1312 1629 1703 1698 propemodum
1772 1633 2054 1700 incapaces

481 1731 740 1772 sensuum
773 1717 1078 1782 facultates,
1126 1720 1511 1775 intellectualis
1546 1727 1777 1786 tantum,
1818 1724 2056 1777 rationa-

1676 331 1735 388 S.
1776 328 2175 390 ANASTASII
2217 327 2540 386 SlNAlT.E

475 434 1294 505 peragitur:quemadmodum
1370 437 1588 492 humilis
1659 440 1822 492 etiam
1888 437 2053 492 animi

2172 437 2333 489 λεῖται
2404 437 2688 506 ἐνέργειαν
2722 457 2736 471 ·

2783 440 2970 511 ὥσπερ
3032 447 3198 518 καὶὴ
3261 457 3702 529 ταπεινοφροσύνη

2159 526 2226 578 δι’
2289 529 2572 598 ἐνεργείας
2622 530 2859 602 ψυχικῆς
2903 536 3229 606 ἐνεργεῖται,
3278 542 3370 594 καὶ
3416 526 3703 616 ὑφίσταται,

2160 621 2253 672 καὶ
2333 622 2745 692 περιληπτικῶς
2811 630 3005 690 εἰπεῖν,
3081 632 3251 684 πᾶσαι
3306 635 3360 686 αἱ
3436 637 3705 704 ἀναγκαῖαι

2157 711 2250 764 καὶ
2301 715 2673 782 πνευματικάὶ
2715 717 2928 786 ἀρεταὶ,
2963 713 3036 771 ὧν
3089 722 3232 790 ῥίζα,
3267 724 3357 776 καὶ
3393 728 3589 797 μήτηρ,
3621 733 3706 786 καὶ

2157 803 2409 873 θεμέλιός
2443 807 2588 860 ἐστιν
2635 809 2667 878 ἡ
2701 809 3010 879 καθαρότης
3041 813 3140 883 τῆς
3169 816 3415 884 καρδίας,
3461 821 3594 872 κατὰ
3622 823 3709 891 τὴν

2157 894 2352 962 νοεράν
2392 895 2486 947 καὶ
2523 897 2692 965 μόνην
2744 898 2842 967 τῆς
2885 900 3106 970 λογικῆς
3153 905 3311 973 ἡμῶν
3359 907 3531 978 ψυχῆς
3573 913 3710 983 ἐνέρ-

2156 999 2311 1051 γειαν
2350 985 2746 1052 ἐπιτελοῦνται,
2782 989 2842 1040 οὐ
2882 990 3181 1060 χρῄζουσαι
3230 994 3323 1047 τοῦ
3372 998 3614 1066 σώματος
3642 1003 3713 1066 είς

2155 1075 2254 1144 τὴν
2328 1077 2536 1129 ἑαυτῶν
2604 1080 2979 1150 ἐκπλήρωσιν.
3035 1085 3199 1136 Ὅθεν
3252 1088 3346 1140 καὶ
3398 1090 3446 1141 οἱ
3534 1095 3709 1163 πηροὶ,

2157 1167 2250 1218 καὶ
2288 1167 2558 1232 ἀσθενεῖς,
2615 1171 2710 1224 καὶ
2777 1173 3024 1244 ἀκίνητοι
3091 1176 3243 1241 ὄντες
3285 1183 3349 1250 τῇ
3405 1184 3587 1252 σαρκὶ,
3636 1185 3714 1239 δῦο

2157 1273 2345 1310 νανται
2393 1259 2480 1311 διά
2518 1260 2627 1312 τῶν
2677 1263 2935 1316 τοιούτων
2998 1266 3211 1336 ἀρετῶν
3257 1273 3322 1338 τῇ
3365 1273 3508 1324 κατὰ
3552 1274 3713 1347 ψυχὴν

2156 1349 2410 1423 ἐνεργείᾳ
2441 1351 2804 1425 εὐαρεστῆσαι
2834 1356 2911 1426 τῷ
2959 1357 3079 1428 Θεῷ
3104 1374 3118 1387 °
3160 1362 3255 1413 καὶ
3285 1364 3341 1414 ἐν
3377 1364 3454 1434 τῷ
3499 1364 3642 1436 ὕπνῳ
3665 1369 3715 1422 δὲ

2161 1447 2393 1517 μάλιστα
2423 1451 2502 1520 τῷ
2534 1451 2656 1504 καθ’
2685 1455 2836 1521 ἡμᾶς
2878 1455 3154 1509 δείκνυται
3189 1457 3248 1510 τὸ
3285 1459 3463 1512 διττὸν
3488 1463 3580 1532 τῆς
3610 1464 3717 1517 καθ’

2157 1539 2304 1608 ἡμᾶς
2330 1541 2647 1608 ἐνεργείας·
2684 1541 2778 1595 τοῦ
2819 1543 2927 1614 γὰρ
2960 1545 3212 1613 σώματος
3247 1545 3438 1618 ὥσπερ
3465 1567 3716 1620 νενεκρω-

2159 1629 2328 1699 μένας
2400 1633 2494 1684 καὶ
2563 1633 2746 1702 σχεδὸν
2817 1635 3219 1707 ἀνενεργήτους
3291 1640 3391 1702 τὰς
3456 1643 3718 1713 σῖσθήσεις

2157 1721 2390 1791 ἔχοντος,
2420 1725 2452 1792 ἡ
2485 1723 2650 1794 νοερά
2683 1725 2773 1779 καὶ
2798 1725 3080 1796 λογιστικὴ
3127 1729 3227 1798 τῆς
3255 1729 3436 1800 ψυχῆς
3485 1735 3716 1803 ἐνέργεια

485 1808 659 1879 lisque
681 1813 872 1865 animm
895 1812 1061 1875 actio,
1084 1828 1184 1866 nec
1215 1813 1411 1878 quietis
1441 1813 1676 1881 patiens,
1702 1829 1800 1869 nec
1825 1815 2050 1882 silentii,

2172 1815 2474 1885 Ξικοιμήτως
2525 1817 2616 1868 καὶ
2651 1817 2932 1888 ἀσιγήτως
2981 1819 3049 1872 τά
3096 1821 3276 1875 πάντα
3313 1800 3614 1894 περιπολεῒ.

482 1903 662 1953 omnia
695 1903 1062 1957 administrat.

557 1992 835 2058 Quomodo
862 2011 990 2049 vero
1015 1997 1178 2048 etiam
1203 2004 1460 2065 separata
1479 2012 1508 2052 a
1537 2012 1767 2068 corpore
1791 2014 1886 2068 per
1913 2014 2060 2054 mor-

486 2097 592 2138 tum
647 2087 925 2142 rationalis
975 2090 1222 2143 subsistit
1272 2090 1477 2156 anima,
1533 2101 1729 2158 prmter
1770 2108 1932 2160 otism
1989 2091 2061 2147 ob

486 2174 904 2230 intellectualem
937 2177 1041 2239 sui,
1090 2178 1437 2246 vitalcmque,
1471 2191 1634 2250 atque
1682 2189 1941 2250 perpetuo
1979 2183 2062 2236 vi-

485 2277 699 2320 ventem
746 2269 1037 2323 virtutem?
1067 2271 1146 2324 Ac
1183 2272 1449 2341 justorum
1483 2275 1679 2329 animae
1719 2276 2058 2345 putissimum

481 2361 755 2427 quomodo
790 2359 958 2415 Deum
1001 2377 1147 2416 nunc
1193 2364 1440 2419 laudibus
1487 2367 1794 2420 extollunt?
1824 2381 2059 2434 quanam

485 2452 703 2506 actione
736 2452 908 2507 lucem
942 2457 1123 2518 abeo,
1158 2466 1210 2509 et
1244 2456 1554 2512 claritatem
1587 2459 1898 2527 accipiunt?
1925 2475 2063 2528 quo-

485 2545 644 2594 modo
671 2557 771 2612 pro
807 2547 1006 2599 mundo
1036 2547 1273 2616 rogant?
1313 2564 1423 2602 rem
1455 2551 1600 2602 enim
1627 2551 1729 2604 sibi
1777 2562 2062 2620 cognatam

484 2634 748 2701 quidlibet
781 2639 998 2707 proprie
1023 2640 1266 2708 respicit,
1296 2650 1350 2694 et
1381 2643 1446 2696 ad
1474 2658 1595 2695 eam
1625 2644 1815 2697 tendit.
1855 2645 2063 2714 Corpus

487 2742 742 2796 namque,
776 2747 875 2782 ceu
923 2747 987 2785 ex
1023 2735 1261 2802 stupida,
1297 2747 1349 2788 et
1395 2746 1628 2801 mortua,
1677 2749 1730 2792 et
1778 2739 2061 2804 immobili,

486 2817 896 2888 insensibilique
947 2830 1092 2875 terra
1125 2824 1452 2891 formatum,
1500 2837 1774 2882 mortuum
1799 2869 1815 2891 ,
1856 2834 2062 2894 animo,

487 2923 673 2976 sensu,
718 2927 781 2963 ac
835 2924 980 2966 matu
1021 2914 1370 2982 destitutum,
1398 2928 1562 2986 atque
1606 2921 1805 2974 actioni
1857 2922 2066 2990 cuique

489 3001 728 3070 ineptum
771 3004 825 3056 fit
863 3022 957 3072 per
986 3019 1240 3073 mortem,
1273 3010 1428 3080 juxta
1459 3011 1696 3064 divinam
1738 3015 2064 3067 sententiam

2243 1998 2396 2052 Ἐπεὶ
2423 1998 2539 2062 πῶς
2573 1999 2664 2051 καὶ
2709 2000 3054 2072 χωριζομένη
3112 2002 3207 2055 τοῦ
3263 2002 3518 2074 σώματος
3552 2007 3606 2060 ἐν
3631 2006 3722 2075 ’τῷ

2161 2091 2378 2162 θανάτῳ
2405 2093 2780 2163 συνίσταταιή
2831 2093 3026 2165 λογικὴ
3066 2095 3235 2165 ψυχὴ,
3281 2099 3331 2150 εἰ
3392 2097 3466 2167 μὴ
3507 2099 3591 2152 διά
3633 2101 3721 2170 τῆς

2161 2185 2354 2253 νοερᾶς
2388 2183 2581 2252 αὐτῆς,
2615 2185 2710 2236 καὶ
2735 2185 2996 2253 ζωτικῆς,
3025 2187 3121 2239 καὶ
3148 2186 3388 2251 ἀειζώου
3422 2189 3720 2260 ἐνεργείαςς

2161 2275 2274 2329 Καὶ
2306 2275 2540 2345 μάλιστα
2568 2277 2623 2329 αἱ
2665 2275 2774 2328 τῶν
2803 2277 3029 2331 δικαίων
3079 2279 3252 2348 ψυχαὶ
3307 2281 3428 2342 πῶς
3475 2279 3567 2333 νῦν
3608 2281 3725 2336 Θεὸν

2163 2367 2416 2433 αίνοῦσι;
2480 2368 2624 2421 κατὰ
2679 2369 2839 2421 ποίαν
2896 2370 3181 2439 ἐνέργειαν
3230 2370 3332 2442 τὴν
3382 2373 3513 2440 παρ’
3569 2371 3720 2426 αὐτοῦ

2163 2459 2499 2528 εἰσδέχονται
2531 2459 2828 2529 ἔλλαμψιν;
2866 2461 2980 2523 πῶς
3007 2462 3150 2531 ὑπὲρ
3175 2463 3386 2531 κόσμου
3412 2463 3725 2533 πρεσσεύουο

2165 2565 2279 2612 σιν;
2313 2549 2546 2602 ἕκαστον
2582 2551 2693 2620 γάρ
2727 2551 2865 2621 πρὸς
2890 2553 2990 2621 τὴν
3020 2554 3230 2605 οἰκείαν
3256 2555 3582 2623 συγγένειαν
3634 2555 3724 2624 τὴν

2167 2641 2408 2710 ἰδιότητα
2438 2641 2548 2710 ἔχει
2569 2683 2580 2695 .
2619 2642 2690 2693 Τὸ
2726 2643 2826 2710 μὲν
2855 2644 3019 2711 σῶμα
3047 2644 3122 2706 ὡς
3176 2645 3235 2708 ἐξ
3275 2645 3614 2716 ἠρεμούσης,
3643 2646 3726 2699 καὶ

2163 2733 2386 2803 νεκρᾶς,
2419 2733 2516 2786 καὶ
2548 2733 2830 2803 ἀκινήτου,
2855 2735 2952 2786 καὶ
2977 2734 3310 2805 ἀναισθήτου
3358 2736 3463 2806 γῆς
3497 2736 3725 2804 ὑφεστὼς

2165 2825 2357 2894 νεκρόν
2387 2841 2445 2876 τε
2479 2827 2570 2878 καὶ
2611 2825 2834 2894 ἄψυχον,
2871 2823 2966 2879 καὶ
3015 2827 3372 2898 ἀναίσθητον,
3415 2832 3508 2884 καὶ
3552 2831 3726 2901 ἀκίνηο

2165 2931 2275 2978 τον,
2308 2916 2404 2969 καὶ
2442 2918 2618 2986 πάντη
2662 2915 2943 2988 ἄπρακτον
2999 2919 3060 2970 ἐν
3111 2917 3190 2989 τῷ
3246 2918 3468 2989 Θανάτῳ
3515 2921 3724 2989 γίνεται,

2168 3007 2310 3061 κατά
2361 3007 2462 3077 τὴν
2510 3005 2662 3059 Θείαν
2715 3007 2992 3074 ἀπόφασιν
3041 3007 3140 3078 τὴν
3186 3009 3315 3080 περὶ
3366 3010 3460 3063 τοῦ
3499 3012 3727 3082 σώματος

491 3092 751 3148 adversus
773 3111 969 3164 corpus
988 3099 1042 3152 in
1061 3100 1326 3155 Atlamum
1347 3105 1775 3171 pronuntiatam,
1804 3106 2060 3174 quoniam

2172 3101 2305 3169 πρὸς
2343 3099 2433 3152 τὸν
2485 3099 2657 3169 Ἀδάμ
2689 3097 2970 3170 ῥηθεῖσαν,
2999 3100 3078 3152 ὅτι
3111 3120 3129 3151 ι
3161 3102 3235 3172 Γῆ
3277 3098 3349 3169 εἴ,
3400 3104 3495 3156 καὶ
3532 3105 3608 3166 είς
3637 3102 3728 3172 γῆν

491 3201 515 3232 «α
557 3193 698 3238 terra
745 3201 824 3253 es,
857 3200 909 3243 ct
949 3190 1000 3244 in
1053 3201 1252 3246 terram
1321 3195 1517 3248 iterum
1583 3196 1896 3263 reverteris,
1947 3197 2067 3266 ejus

497 3287 655 3329 terra:
697 3280 964 3350 similem,
1011 3299 1075 3337 ex
1128 3300 1233 3354 qua
1283 3286 1446 3340 etiam
1502 3287 1797 3357 plasmatus
1832 3305 1892 3343 es
1928 3287 1993 3340 ³³.
2041 3306 2062 3338 ι

490 3367 685 3423 Anima
740 3389 900 3440 porro
954 3392 1057 3432 non
1092 3378 1160 3432 de
1193 3388 1345 3435 terra-
1371 3379 1509 3434 facta
1541 3392 1642 3444 est,
1679 3393 1781 3436 non
1827 3397 1890 3436 ex
1919 3397 2067 3448 aere,

486 3476 602 3512 non
637 3477 701 3515 ex
750 3465 928 3532 aquis,
981 3482 1083 3522 non
1113 3485 1176 3522 ex
1215 3471 1360 3536 igne,
1411 3486 1516 3524 non
1555 3487 1619 3525 ex
1655 3471 1790 3533 luce,
1842 3487 1948 3526 non
1990 3488 2069 3528 ex

495 3551 632 3615 sole,
666 3570 768 3608 non
805 3572 866 3610 ex
907 3560 1159 3626 nubibus,
1197 3578 1372 3631 neque
1396 3578 1464 3617 ex
1507 3565 1610 3616 alia
1652 3563 1843 3632 quavis
1887 3573 2072 3618 creata

498 3644 814 3711 aSpectabili
841 3648 1168 3713 substantia,
1199 3655 1312 3707 sive
1350 3664 1566 3716 natura,
1594 3654 1674 3707 vel
1723 3655 2071 3722 excogitabili

499 3739 774 3802 essentia;
811 3741 994 3793 verum
1042 3759 1106 3796 ex
1147 3744 1260 3811 ipsa
1297 3745 1664 3809 immaculata,
1717 3757 1943 3812 αξιοι-ηε,
1995 3750 2078 3802 in—

501 3825 1014 3894 comprehensibili,
1079 3830 1478 3900 inexplicabili,
1538 3836 1834 3903 invisibili,
1892 3838 2078 3908 figurae

502 3925 744 3981 experte,
776 3918 1090 3986 immortali,
1117 3924 1536 4012 ijtcorruptibili,
1559 3929 1782 3995 intacta,
1806 3929 2077 3986 deﬂuxum

505 4020 611 4060 non
647 4009 902 4077 patiente,
953 4009 1385 4089 incorporeaque
1447 4019 1538 4076 Dei
1593 4032 1788 4076 natura
1847 4022 2082 4077 creatio-

504 4110 652 4162 netu,
694 4099 1126 4172 subsistentiam,
1178 4118 1233 4162 et
1273 4119 1454 4165 ortum
1501 4125 1600 4179 per
1643 4112 1888 4167 divinum
1931 4114 2080 4167 illum

508 4185 777 4253 amatum,
806 4190 917 4248 Deo
948 4196 1164 4260 similis,
1190 4215 1218 4250 a
1249 4199 1358 4254 Deo
1385 4201 1533 4268 data,
1560 4201 1671 4258 Deo
1691 4203 1883 4265 affinis,
1913 4219 1941 4256 a
1977 4205 2085 4258 Deo

493 4291 689 4336 creata
721 4286 902 4339 anima
948 4300 1132 4344 nostra
1171 4291 1382 4356 habuit,
1417 4302 1477 4346 ut
1511 4309 1578 4348 ex
1615 4294 1762 4350 fonte
1789 4296 1913 4349 vita!
1948 4311 2086 4365 quo-

508 4377 632 4426 dam
685 4377 815 4445 vita,
848 4387 903 4433 et
943 4381 1226 4438 vivificans
1276 4400 1587 4456 progressa,
1637 4399 1801 4458 utque
1834 4403 1898 4442 ex
1951 4389 2085 4444 lucis

2169 3191 2245 3253 ὡς
2266 3190 2338 3258 γῆ
2366 3189 2664 3260 ἁπελεύσῃ,
2704 3188 2764 3255 ἐξ
2787 3183 2854 3262 ἦς
2893 3192 2991 3242 zeal.
3023 3191 3324 3261 ἐπλάσθης.
3361 3211 3380 3244 ι
3427 3192 3489 3245 'H
3520 3193 3575 3246 δὲ
3600 3190 3726 3263 ψυχὴ

2170 3282 2270 3333 οὐκ
2295 3283 2357 3333 ἐκ
2391 3281 2496 3348 γῆς
2527 3281 2772 3349 γέγονεν,
2800 3282 2901 3333 οὐκ
2951 3281 3012 3345 ἐξ
3045 3282 3226 3353 ἀέρος,
3268 3284 3374 3337 οὐκ
3408 3285 3470 3349 ἐξ
3521 3284 3726 3345 ὑδάτων,

2173 3374 2273 3427 οὐκ
2303 3376 2366 3426 ὲκ
2397 3373 2593 3444 πυρὸς,
2629 3373 2730 3426 οὐκ
2755 3375 2819 3426 ἐκ
2851 3373 3049 3441 φωτδξ,
3087 3375 3189 3426 οὐκ
3220 3373 3282 3439 ἐξ
3315 3377 3494 3446 ἡλίου,
3541 3377 3636 3428 οὐκ
3676 3377 3729 3427 ἐκ

2174 3466 2424 3534 νεφέλης,
2453 3466 2576 3519 οὐδὲ
2599 3466 2655 3532 ἐξ
2690 3466 2887 3538 ἐτέρας
2913 3467 3059 3529 τινὸς
3096 3468 3476 3532 ὑποστάσεως,
3501 3469 3533 3540 ἢ
3563 3467 3727 3529 οὐσίας

2175 3560 2403 3629 κτιστῆς
2432 3561 2740 3631 ὁρωμένης,
2773 3561 2806 3630 ἦ
2843 3561 3178 3631 νοουμένηςο
3213 3562 3332 3614 ἀλλ’
3366 3563 3424 3630 ἐξ
3452 3562 3616 3630 αὐτῆς
3648 3561 3732 3630 τῆς

2177 3653 2470 3722 ἀχράντου,
2496 3655 2591 3705 καὶ
2625 3652 2823 3717 ἀϊδίου,
2857 3653 2953 3706 καὶ
2983 3645 3422 3722 ἀκαταλήπτου,
3457 3656 3549 3707 καί
3589 3655 3732 3720 ἀνερ-

2181 3743 2476 3814 μηνεύτου,
2533 3745 2629 3798 καὶ
2676 3744 2912 3816 ἀοράτου
2939 3783 2955 3807 ,
3010 3745 3106 3798 καὶ
3165 3745 3604 3815 ἀσχηματίστου,
3651 3742 3731 3795 καὶ

2179 3836 2475 3900 ἀθανάτου,
2499 3837 2592 3890 καὶ
2616 3837 2918 3906 ἀφθάρτου,
2947 3837 3042 3889 καὶ
3073 3834 3462 3906 άψηλαφήτου,
3502 3837 3592 3889 καὶ
3641 3833 3732 3904 ἀρ-

2182 3928 2434 4000 ῥεὺστου,
2456 3929 2552 3981 καὶ
2575 3926 2871 3997 ἀσωμάτου
2894 3926 3112 3994 φύσεως
3135 3925 3228 3978 τοῦ
3256 3925 3398 3980 Θεοῦ
3424 3928 3521 3996 τὴν
3547 3923 3724 3985 κτίσιν,

2179 4021 2276 4074 καὶ
2303 4020 2404 4090 τὴν
2446 4017 2705 4089 ὕπαρξιν,
2751 4017 2847 4072 καὶ
2882 4015 2984 4088 τὴν
3039 4016 3265 4088 πρόοδον
3317 4018 3414 4071 διά
3463 4016 3552 4070 τοῦ
3607 4013 3732 4067 θείου

2183 4112 2395 4166 ἐκείνου
2427 4113 2823 4181 ἐμφυσήματος
2857 4111 2889 4180 ἡ
2929 4109 3254 4172 θεοείκελος,
3303 4110 3406 4162 καὶ
3460 4106 3731 4166 θεόσδοτος,

2184 4204 2280 4258 καὶ
2305 4201 2591 4273 θεόμοιος,
2643 4203 2739 4255 καὶ
2788 4201 3103 4265 θεόκτιστος
3157 4189 3318 4271 ἡμῶν
3376 4201 3522 4271 ψυχὴ
3574 4198 3731 4270 ἔσχεν,

2184 4294 2373 4366 ὥσπερ
2393 4295 2456 4348 ἐκ
2481 4311 2626 4357 τινος
2647 4293 2834 4366 πηγῆς
2856 4293 3004 4362 ζωῆς
3034 4291 3150 4364 ζωὴ
3171 4295 3266 4347 καὶ
3285 4292 3550 4358 ζωοποιὸς
3571 4287 3738 4360 προελ-

2187 4387 2375 4453 θοῦσα,
2433 4387 2530 4440 καὶ
2597 4386 2674 4448 ὡς
2738 4388 2802 4440 ἐκ
2877 4383 3155 4456 θησαυροῦ
3222 4386 3404 4456 φωτὸς
3477 4378 3751 4454 λαμπηδὼν

511 4465 768 4522 thesauro
793 4481 974 4527 creata
1006 4474 1120 4539 fax,
1153 4485 1320 4546 utque
1350 4479 1554 4546 pariter
1577 4493 1640 4535 ex
1671 4482 1902 4549 quadam
1933 4496 2068 4536 sem-

2184 4479 2679 4552 δημιουργηθεϊσα,
2733 4480 2829 4533 καὶ
2866 4477 2942 4543 ὡς
2998 4478 3061 4532 ἐκ
3121 4495 3268 4542 τινος
3308 4479 3549 4532 ἀϐύσσου
3589 4473 3735 4529 ἀϊδίου

509 4554 708 4624 pitcrui
744 4564 1005 4617 aromatis
1034 4566 1231 4636 abysso
1258 4567 1444 4623 odoris
1474 4570 1659 4626 divino
1685 4585 1751 4625 ex
1780 4585 1877 4626 ore
1909 4572 2081 4642 respi-

508 4647 653 4702 ratio
687 4651 895 4721 genita,
923 4664 978 4708 et
1009 4670 1249 4726 egressa,
1275 4669 1441 4730 atque
1467 4660 1520 4716 in
1551 4663 1722 4718 Adam
1749 4663 2085 4718 habitatione

513 4740 688 4795 locata
716 4760 728 4795 :
759 4755 928 4816 utque
962 4749 1192 4804 ﬁdenter
1215 4751 1416 4820 dicam,
1442 4756 1509 4809 ab
1533 4757 1774 4809 omnium
1805 4756 2089 4810 conditore

519 4835 610 4889 liei
647 4836 824 4892 Verbo
871 4841 1154 4897 rationalis
1184 4845 1346 4901 nobis
1377 4849 1608 4902 traditus
1641 4857 1723 4903 est
1751 4849 2091 4912 animus,cx

518 4928 864 4985 immaculato
915 4934 1084 5001 ipsius
1131 4949 1228 4990 ore
1262 4937 1315 4991 in
1351 4938 1716 5008 nosmetipsos
1761 4939 2085 5006 inspiratus,

517 5035 583 5071 ex
614 5023 796 5077 divino
838 5027 1002 5082 corde
1045 5028 1097 5081 in
1133 5041 1380 5086 nostrum
1427 5032 1724 5088 collocatus
1756 5046 1872 5097 cor,
1898 5046 1964 5088 ex
1997 5032 2087 5086 Dei

594 5199 638 5230 ⁸³
667 5201 804 5256 Gen.
851 5205 1042 5268 ttt,l9.

2181 4573 2474 4645 ἀρώματος
2525 4571 2757 4635 εὐωδίας
2811 4571 2950 4642 πνοὴ
3002 4570 3090 4625 διὰ
3132 4569 3226 4623 τοῦ
3281 4570 3432 4623 θείου
3497 4567 3738 4636 στόματος

2183 4663 2549 4735 γεννηθεῖσα,
2607 4661 2942 4728 ἐξελθοῦσα,
3023 4661 3120 4714 καὶ
3182 4660 3261 4731 τῷ
3329 4660 3503 4730 Ἀδὰμ
3565 4660 3738 4710 ἐνοικιο

2189 4757 2509 4826 uesica“)-
2562 4756 2658 4808 καὶ
2709 4755 2856 4816 ὅπως
2892 4753 3280 4824 ἀποτολμήσας
3338 4754 3498 4816 εῐπω,
3553 4751 3614 4802 ἐκ
3659 4740 3737 4796 τοῦ

2189 4847 2526 4920 δημιουργοῦ
2561 4846 2668 4902 τῶν
2697 4847 2950 4900 ἁπάντων
2972 4844 3108 4898 Θεοῦ
3137 4845 3313 4913 Λόγου
3347 4847 3380 4914 ἡ
3409 4842 3597 4912 λογικὴ
3626 4835 3738 4906 ἡμῖν

2201 4939 2463 5010 μετεδόθη
2486 4937 2654 5009 ψυχὴ,
2687 4939 2752 4989 ἐκ
2784 4936 2880 4990 τοῦ
2906 4936 3178 5006 ἀχράντου
3212 4936 3482 5005 στόματος
3515 4935 3588 4994 είς
3612 4925 3737 4998 ἡμᾶς

2197 5031 2621 5104 ἐμπνευσθεῖσα,
2653 5032 2718 5082 ἐκ
2759 5027 2895 5082 Θεοῦ
2939 5027 3167 5098 καρδίας
3201 5029 3336 5099 ἡμῖν
3378 5021 3734 5097 καρδιωθεῖσαη

2006 5319 2235 5375 NOTAE.

603 5455 678 5523 (ί)
718 5455 1021 5526 Notandum
1078 5474 1196 5526 qum
1247 5459 1498 5525 leguntur
1550 5456 1636 5510 hic
1683 5472 1710 5509 a
1767 5456 1950 5511 verbis
2005 5457 2099 5508 καὶ

533 5525 591 5575 ἐν
625 5526 700 5596 τῷ
747 5524 931 5596 ὕπνῳ,
969 5547 1026 5582 κ.
1079 5524 1140 5582 λ.
1197 5544 1313 5594 quae
1341 5538 1465 5580 sunt
1494 5527 1649 5579 initio
1683 5527 1844 5590 hujus
1886 5527 2094 5593 pagina:

535 5610 702 5663 usque
733 5599 798 5646 ah
831 5599 969 5651 hanc
1000 5613 1183 5652 vocem
1213 5598 1594 5657 ἐνοικισθεῖσα,
1629 5606 1678 5645 et
1714 5613 1797 5660 ea,
1833 5612 1950 5658 quae
1973 5611 2097 5648 mox

537 5669 842 5717 subduntur
870 5683 896 5719 a
925 5670 1103 5722 verbis
1136 5672 1228 5720 καὶ
1264 5669 1487 5736 ἐποίησε
1519 5665 1650 5735 παρ’
1681 5665 1870 5718 ἐαυτοῦ
1893 5708 1904 5722 .
1934 5683 1989 5736 κ.
2021 5667 2094 5736 ..1.

533 5750 663 5805 pag.
724 5740 1032 5805 sequentis,
1083 5754 1253 5806 usque
1304 5739 1366 5790 ad
1412 5734 1874 5806 νοεθδδιαφέρει
1924 5735 1953 5786 ὁ
1999 5734 2095 5789 ἀν-

2205 5455 2424 5523 θρωπος
2481 5453 2783 5517 inclusive,
2835 5453 3022 5508 haberi
3073 5453 3135 5524 in
3187 5453 3317 5524 fine?
3355 5449 3474 5524 tum
3525 5443 3734 5524 eitys'lem

2205 5521 2476 5596 @tastasii
2501 5563 2514 5582 ,
2547 5526 2635 5596 qui
2671 5525 3030 5596 inscribitur;
3064 5523 3136 5596 De
3176 5521 3400 5576 hominis
3443 5521 3733 5596 creatione

2204 5593 2314 5647 Deo
2346 5597 2413 5645 ad
2446 5594 2755 5659 imaginem,
2789 5603 2836 5645 et
2869 5593 3273 5646 similitudinem
3297 5607 3443 5644 suam
3472 5625 3484 5650 ,
3514 5593 3732 5659 iniurati?

2205 5665 2257 5717 in
2298 5664 2450 5786 ἓδὲςθ
2488 5648 2797 5718 (adlocutio
2838 5663 3084 5732 Origenis
3126 5664 3258 5718 edit.
3300 5648 3479 5715 Paris;
3524 5651 3645 5706 1624
3686 5648 3731 5698 4-

2205 5749 2255 5786 ι).
2404 5771 2421 5784 .

2203 5749 2255 5800 ι).
2298 5749 2421 5786 oua.
