4064 6436
472 335 607 400 1ί67

1678 346 1735 407 S.
1777 343 2172 409 ANASTASII
2220 349 2544 413 SiNAl'l‘.£

3574 372 3690 438 1168

468 465 525 503 ut
551 451 691 533 apud
722 448 912 504 Jobnm
954 452 1129 521 inquit
1177 453 1461 520 Dominus,
1494 464 1775 522 pra‘Stanl,
1808 466 1860 511 et
1884 473 2041 526 appc«

2150 461 2333 514 πάντα
2389 464 2458 517 τὰ
2526 467 2816 536 σωματικὰ
2872 470 3023 541 ἡμῶν
3082 471 3299 543 ἔχουσι·
3345 479 3499 548 μόνον
3549 485 3600 540 δὶ
3641 492 3692 543 τδ

468 552 596 596 titus
625 542 848 605 habent,
874 552 927 595 et
956 543 1109 611 fami,
1134 557 1190 619 et
1219 546 1330 610 siti,
1360 556 1413 599 et
1444 546 1718 599 doloribus
1749 548 2050 616 subjiciun-

468 643 613 696 tur,-
657 644 822 702 atque
878 636 1213 690 sudoribus:
1247 637 1430 689 omnia
1498 636 1731 705 denique
1789 653 2047 708 corporea

2155 552 2481 621 λογιστικὸν,
2515 561 2609 612 καὶ
2638 564 2844 631 νοερὸν,
2883 566 2975 617 καὶ
3005 564 3345 635 βουλευτικὸν
3383 573 3479 644 τῆς
3507 577 3691 634 ἀθανά-

2151 659 2249 696 του
2280 647 2436 717 ἡμῶν
2461 648 2642 719 ψυχῆς
2670 652 2731 704 τὸ
2771 655 2835 706 ὲκ
2871 655 3005 709 Θεοῦ
3055 656 3318 729 προελθὸν
3350 664 3449 718 οὐκ
3477 666 3688 737 ἔχουσιν.

468 733 655 779 nostra
676 735 801 780 sunt
834 724 967 793 ipsis
1003 741 1156 795 aeque
1179 727 1490 781 eummunia
1526 744 1537 780 :
1577 727 1681 780 hoc
1709 741 1815 781 uno
1847 738 2031 783 tamen
2068 743 2281 797 carent,
2351 737 2601 793 rationali
2634 742 2865 808 scilicet,
2901 756 2957 798 et
3024 724 3398 816 intellectuali,
3430 724 3695 817 ac'ilelibo-

468 817 638 871 rativa
688 818 853 872 animi
893 820 1217 875 immortalis
1275 820 1451 874 nosu‘i
1485 835 1512 872 a
1545 821 1656 874 Deo
1702 824 2051 892 procedentis
2081 826 2363 885 facultate.

476 934 483 941 -
538 916 651 982 Age
674 928 817 968 nunc
850 928 997 980 vero,
1019 916 1241 980 annabo,’
1264 916 1561 970 etecitatem
1584 924 1639 969 et
1666 931 1909 972 errorem
1952 932 2042 971 as-

468 1006 588 1073 pice
624 1006 1055 1069 ‘hmreticorunt,
1085 1006 1177 1074 qui
1210 1006 1412 1059 .omnia
1475 1007 1629 1060 nobis
1689 1021 1811 1062 cum
1868 1008 2042 1069 brutis

468 1095 838 1159 animantibus
880 1081 1211 1162 communia,
1250 1097 1380 1165 quin
1406 1098 1685 1165 quidpiam
1725 1098 2041 1164 detrahant,

470 1186 522 1237 in
555 1182 777 1240 Christo
836 1185 1185 1251 eonﬂtetttur,
1218 1199 1414 1255 corpus
1468 1187 1700 1251 scilicet,
1733 1190 2038 1255 materiem,

458 1277 898 1346 corruptionem,
933 1277 1544 1346 succum,sanguinem,
1577 1278 1874 1349 lacrymas,
1914 1286 2039 1347 spu-

466 1378 606 1433 tum,
628 1380 753 1421 ossa
825 1380 1201 1432 excrementa,
1230 1366 1450 1436 ﬂuores,
1486 1371 1705 1438 famem,
1742 1370 1912 1432 sitim.
1947 1372 2043 1424 do-

467 1457 631 1523 lores,
665 1458 911 1521 sudores,
946 1469 1201 1523 mortem,
1231 1460 1532 1528 interitum,
1568 1477 1685 1531 quae
1719 1471 1909 1516 natura
1947 1477 2044 1517 sua

464 1561 726 1603 extranea
758 1550 823 1605 ab
846 1536 911 1605 eo
944 1562 1092 1617 sunt,
1113 1552 1328 1621 Deoque
1343 1554 1522 1609 minus
1552 1556 1731 1623 digna,
1758 1566 2041 1625 propterea

464 1645 607 1710 quod
646 1641 934 1713 iumentis,
972 1653 1026 1697 et
1057 1641 1212 1709 feris,
1238 1652 1293 1699 et
1344 1645 1689 1713 serpentibus
1735 1645 2043 1700 communia

465 1737 574 1788 sint
602 1751 618 1789 :
649 1734 978 1788 imntortalis
1005 1749 1160 1799 vero,
1200 1735 1694 1804 iutellectuaiisque
1736 1737 1929 1790 animae
1962 1748 2044 1792 at-

2217 924 2361 995 Ὅρα
2413 944 2504 997 μοι
2544 928 2739 986 λοιπὸν
2784 932 2844 985 τὸ
2890 936 3092 1005 τυφλὸν
3136 939 3230 991 καὶ
3294 943 3692 1018 πεπλανημένον

2141 1013 2253 1108 τῶν
2276 1018 2599 1108 αἱρετικῶν·
2639 1024 2819 1078 πάντα
2853 1025 2921 1097 τᾲ
2952 1029 3187 1099 συγγενῆ
3209 1029 3341 1085 ὄντα
3367 1034 3475 1087 τῶν
3500 1013 3695 1108 ἁλόγῶν

2144 1105 2447 1174 ἀνελλιπῶς
2491 1111 2847 1181 ὁμολογοῦσιν
2902 1118 2962 1169 ὲν
3014 1118 3092 1189 τῷ
3141 1121 3391 1193 Χριστῷ,
3432 1105 3695 1198 τουτέστι,

2146 1196 2325 1268 σῶμα,
2350 1198 2504 1270 ῦλην,
2541 1204 2766 1273 φθορὰν,
2815 1207 3023 1278 χυμὸν,
3069 1202 3231 1278 αἷμα,
3267 1214 3524 1283 δάκρυον,
3574 1196 3697 1274 1:16-

2144 1301 2278 1355 σμα,
2315 1287 2468 1354 ὀστᾶ,
2519 1291 2748 1363 κόπρον,
2806 1296 2984 1364 ῥύσιν,
3030 1302 3256 1367 πεῖναν,
3288 1303 3470 1373 δίψαν,
3518 1309 3695 1375 κόπον,

2142 1375 2361 1467 ἱδρῶτα,
2399 1378 2648 1447 θάνατον,
2708 1384 2998 1452 νέκρωσιν,
3042 1385 3188 1459 ἅπερ
3245 1394 3354 1445 εἰσὶ
3381 1397 3522 1448 κατὰ
3553 1399 3699 1467 φύσιν

2141 1465 2401 1538 ἀλλότρια
2461 1469 2633 1535 ὅντως
2672 1474 2769 1526 καὶ
2809 1475 3009 1541 ἀνάξια
3060 1478 3219 1547 Θεοῦ,
3284 1483 3361 1546 ὡς
3421 1486 3524 1542 (δια
3565 1465 3700 1547 -δντα

2141 1558 2376 1651 κτηνῷν,
2407 1560 2501 1612 καὶ
2532 1560 2758 1632 Θηρίων,
2792 1568 2888 1617 καὶ
2906 1569 3152 1638 ἑρπετῶν
3177 1588 3190 1602 ·
3218 1571 3289 1625 τὰ
3304 1574 3361 1626 δὲ
3384 1576 3483 1644 τῆς
3530 1584 3702 1651 νοερᾶς

2140 1648 2233 1700 καὶ
2254 1649 2523 1704 ἀθανάτου
2551 1652 2731 1725 ψυχῆς
2791 1656 3086 1728 ἰδιώματα,
3116 1660 3185 1715 τὰ
3230 1664 3356 1717 κατ’
3402 1666 3582 1721 εἰκόνα
3615 1648 3703 1724 καὶ

2139 1738 2399 1808 ὁμοίωσιν
2413 1742 2549 1794 Θεοῦ
2580 1743 2919 1816 ὑπάρχοντα,
2940 1750 3034 1802 καὶ
3060 1751 3125 1802 ἐκ
3145 1752 3239 1804 τοῦ
3263 1754 3536 1824 άχράντου
3553 1759 3705 1814 αὑτοῦ

470 1826 815 1889 tributiones,
848 1840 968 1893 quae
999 1824 1064 1878 ad
1094 1824 1187 1878 Dei
1214 1837 1339 1880 sunt
1377 1828 1692 1896 imaginem,
1715 1835 1877 1895 atque
1895 1827 2041 1879 simi»

2145 1831 2413 1902 στόματος
2443 1834 2795 1905 προελθόντα,
2829 1842 2921 1893 καὶ
2957 1842 3144 1911 σχεδὸν
3167 1845 3368 1911 εἰπεῖν,
3400 1850 3703 1919 συγγένειάν

467 1918 773 1982 litudinem,
806 1926 862 1970 et
901 1931 966 1971 ex
998 1916 1114 1985 ejus
1155 1916 1505 1971 immaculato
1534 1930 1629 1971 ore
1661 1919 2042 1987 procedentes,

465 2020 520 2065 et
543 2010 929 2080 propemodum
951 2009 1213 2074 dicerem,
1234 2010 1613 2079 cognationem
1639 2010 1926 2078 quamdam
1950 2026 2047 2081 per

465 2101 695 2171 gratiam
743 2115 865 2154 cum
894 2098 1004 2153 Deo
1033 2101 1170 2169 ipso,
1202 2107 1252 2153 et
1286 2098 2033 2166 similitudinemhabentes;

465 2199 588 2264 has,
611 2196 854 2267 inquam,
884 2203 1146 2266 tanquam
1182 2195 1353 2250 malas
1377 2195 1429 2248 in
1449 2194 1666 2250 Christo
1692 2194 1851 2250 fateri
1890 2196 2043 2264 impii

463 2291 518 2343 hi
551 2304 659 2344 non
714 2289 1042 2360 patiuntur:
1085 2286 1283 2357 quibus
1338 2286 1609 2341 universa
1660 2299 1871 2352 nostra,
1928 2289 2045 2343 sive

472 2383 707 2435 humana
746 2390 938 2435 natura
989 2379 1152 2432 vitam
1210 2376 1391 2443 habet,
1421 2389 1587 2448 atque
1625 2390 1894 2433 servatur.
1940 2377 2045 2433 Su-

464 2475 606 2528 blata
639 2473 838 2544 Quippe
864 2472 1019 2526 vitali
1047 2473 1147 2526 hac
1175 2482 1229 2525 et
1263 2471 1576 2526 vivificante
1601 2473 1828 2541 spiritus
1870 2471 2041 2527 nostri

467 2565 753 2631 facultate,
811 2563 1096 2619 deducitur
1145 2563 1401 2616 continuo
1440 2564 1507 2616 ad
1572 2573 1800 2617 mortem
1860 2564 2040 2630 homo,

463 2670 694 2726 rorpore
719 2655 969 2708 nimirum
1021 2668 1083 2706 ea
1120 2654 1318 2708 virtute
1368 2655 1592 2709 animali
1623 2656 1903 2722 destituto,
1938 2672 2041 2725 qua

463 2750 692 2818 regitur,
733 2759 895 2816 atque
923 2746 1231 2800 vivificatur
1267 2764 1280 2800 :
1312 2761 1612 2817 rursusque
1672 2748 1718 2803 si
1759 2747 1829 2803 ab
1859 2748 2042 2805 animo

464 2838 747 2894 rationalis
783 2839 901 2908 ejus
950 2836 1173 2891 tollatur
1209 2837 1315 2903 vis,
1339 2838 1695 2907 volitivaque,
1735 2848 1897 2908 atque
1948 2855 2042 2910 ap-

460 2932 685 3002 petitiva
714 2931 1031 2985 detrahatur
1065 2935 1328 3000 potestas,
1361 2931 1494 2984 nihil
1539 2931 1653 3001 jam
1686 2914 1793 2985 erit
1822 2931 2039 3004 reliqui,

460 3039 569 3093 quo
630 3024 698 3077 ab
759 3019 1091 3087 irrationali,
1148 3020 1606 3092 cogitationisque
1651 3033 1875 3092 experte
1916 3023 2038 3093 eq‘ui

461 3117 642 3170 animo
669 3115 1033 3169 discernatur.

2146 1939 2271 1977 τινα
2295 1923 2433 1977 Θεοῦ
2458 1927 2598 1980 κατὰ
2644 1928 2806 1999 χάριν
2858 1933 2955 1983 καὶ
2979 1932 3240 2003 ὁμοίωσιν
3269 1934 3494 2008 ἔχοντα,
3550 1941 3706 1997 ταῦτα

2146 2012 2221 2076 ὡς
2242 2016 2453 2085 πονηρὰ
2486 2016 2616 2069 ὄντα
2632 2019 2916 2088 ὁμολογεῖν
2944 2022 3003 2073 ἐν
3030 2024 3254 2096 Χριστῷ
3297 2027 3352 2080 οἱ
3400 2028 3584 2100 μιαροὶ⁷
3620 2033 3708 2087 οὐκ

2140 2104 2465 2176 ἀνέχονται·
2528 2107 2596 2161 δι’
2627 2103 2703 2163 ὧν
2740 2112 2893 2165 πᾶσα
2944 2114 3125 2184 ἡμῶν,
3174 2116 3207 2187 ἢ
3263 2117 3377 2173 τῶν
3419 2121 3707 2194 ἀνθρώπων

2146 2196 2309 2267 φύσις
2343 2197 2684 2263 ζωοποιεῖται
2718 2203 2814 2255 καὶ
2843 2204 3099 2268 σώζεται.
3158 2198 3585 2283 Ἀνάιρουμένης
3612 2215 3707 2285 γάρ

2145 2292 2245 2360 τῆς
2262 2291 2499 2363 ζωτικῆς
2521 2294 2619 2347 καὶ
2646 2295 2912 2358 ζωοποιοῦ
2930 2300 3029 2368 τῆς
3044 2300 3224 2371 ψυχῆς
3240 2290 3404 2373 ἡμῶν
3424 2305 3705 2376 ἐνεργείας,

2146 2381 2348 2445 εὐθέως
2373 2385 2402 2436 ὁ
2430 2385 2716 2456 ἄνθρωπος
2741 2385 2959 2459 Θανάτῳ
2989 2394 3451 2462 παραπέμπεται,
3499 2400 3708 2469 χωριζο-
3792 2425 3795 2428 ν

2148 2473 2311 2543 μένου
2337 2473 2435 2527 τοῦ
2461 2475 2714 2546 σώματος
2735 2477 2836 2549 τῆς
2853 2483 3293 2555 συγκρατούσης,
3322 2487 3420 2539 καὶ
3440 2485 3708 2553 ζωοποιοῦ-

2148 2579 2247 2634 σης
2281 2564 2412 2618 αὐτὸ
2437 2565 2678 2637 ψυχικῆς
2716 2569 2997 2641 ἐνεργείας
3017 2586 3031 2600 ⁸
3065 2575 3442 2647 στερουμένης
3470 2578 3527 2631 δὲ
3560 2579 3707 2633 πάλιν

2144 2656 2245 2727 τῆς
2293 2657 2520 2729 λογικῆς
2571 2660 2732 2731 ἡμῶν
2777 2661 2976 2734 ψυχῆς,
3026 2667 3123 2719 καὶ
3173 2669 3580 2745 ἀναιρουμένης
3620 2673 3707 2741 τῆς

2144 2747 2437 2833 θελητικῆς
2466 2752 2640 2823 αὐτῆς
2682 2756 2777 2808 καλ⁵
2801 2757 3186 2831 ὲπθυμητικῆς
3214 2761 3524 2834 δυνάμεως.
3570 2765 3707 2819 οὐδὲν

2143 2839 2393 2912 διαφέρει
2458 2842 2559 2913 τῆς
2612 2843 2812 2914 ἀλόγου
2869 2850 2963 2901 καὶ
3013 2850 3343 2923 ἁδιανοήτου
3399 2856 3496 2908 τοῦ
3554 2855 3706 2909 ἵππου

2142 2931 2340 3002 ψυχῆςο

535 3198 818 3277 Quomodo
846 3222 1013 3278 porro
1044 3208 1159 3266 fieri
1193 3209 1410 3280 poterit,
1460 3219 1519 3262 ut
1550 3208 1660 3264 Deo
1682 3208 2039 3279 bencplacens

2217 3201 2343 3265 Πῶς
2379 3203 2487 3275 γὰρ
2514 3203 2581 3258 ἂν
2614 3206 2709 3259 καὶ
2758 3207 3103 3281 εὐαρεστήσῃ
3141 3210 3219 3282 τῷ
3250 3210 3406 3283 Θεῷ,
3442 3216 3490 3268 εί
3521 3216 3593 3287 μὴ
3630 3215 3706 3269 διὰ

461 3304 552 3371 sit,
586 3300 691 3356 nisi
717 3301 938 3356 volitiva
963 3340 979 3366 ,
1009 3297 1397 3372 operativaque
1434 3301 1539 3356 hac
1576 3302 1658 3356 sui
1694 3302 1934 3356 motione
1958 3310 2038 3356 at-

461 3388 895 3463 quepotestate?
920 3389 1203 3455 Quomodo
1235 3401 1416 3446 autem
1470 3391 1704 3445 divinam
1740 3392 1910 3460 ipsam
1944 3393 2043 3446 im-

461 3485 609 3551 plere
639 3482 838 3553 poterit
871 3484 1226 3549 voluntatem,
1255 3482 1359 3537 nisi
1393 3496 1492 3553 per
1519 3481 1747 3536 inditam
1784 3483 1886 3538 sibi
1920 3497 2036 3536 -es-

461 3574 1127 3630 sentialem'voluntatem?
1149 3573 1324 3642 Quam
1376 3575 1711 3630 voluntatem
1758 3576 1955 3644 smpius
1984 3575 2036 3628 in

459 3667 632 3721 sacris
660 3665 886 3722 Litteris
917 3667 1083 3721 variis
1106 3665 1565 3736 appellationibus
1588 3664 1927 3734 designatum
1962 3680 2040 3719 re-

461 3755 701 3825 perimus
730 3772 745 3809 :
779 3753 980 3809 dictam
1029 3755 1239 3810 scilicet
1278 3755 1474 3810 bonam
1519 3753 1878 3821 voluntatem,
1906 3769 2039 3807 eon-

457 3838 881 3918 cupiscentiam,
936 3848 1288 3922 desiderium,
1343 3832 1712 3911 dilectionem,
1775 3858 2035 3899 amorem.

457 3942 627 4012 Cujus
683 3956 815 3995 sane
849 3941 927 3995 rei
957 3941 1122 3996 breve
1176 3940 1397 4009 aliquod
1426 3939 1800 3994 testimonium
1836 3938 2040 3993 referre

461 4048 567 4088 non
602 4030 828 4102 pigebit.
863 4027 1075 4085 Dicitur
1122 4028 1308 4099 itaque
1351 4028 1494 4096 quod
1525 4044 1544 4078 ι
1586 4026 1919 4081 voluntatem
1973 4024 2041 4077 ti-

460 4127 722 4181 mentium
745 4139 803 4179 se
838 4121 1002 4177 faciet
1050 4121 1314 4176 Dominus
1364 4119 1408 4151 "
1449 4137 1468 4171 ι
1499 4128 1552 4171 et
1612 4119 1754 4174 beati
1806 4116 2041 4172 hominis

457 4210 788 4272 voluntatem
821 4229 942 4270 esse
963 4216 1016 4269 in
1045 4215 1163 4285 lege
1193 4212 1404 4268 Domini
1433 4213 1509 4278 ης
1543 4220 1596 4266 et
1624 4230 1642 4263 ι
1666 4210 2035 4278 Quemadmo-

459 4315 586 4365 dum
608 4306 880 4363 desiderat
911 4321 1105 4360 cervus
1136 4306 1203 4360 ad
1253 4303 1433 4358 fontes
1470 4317 1759 4373 aquarum,
1792 4305 1864 4356 ita
1892 4303 2037 4356 desi-

2139 3294 2239 3364 τῆς
2289 3294 2586 3368 θελητικῆς
2646 3298 2744 3352 καὶ¹
2791 3300 3159 3372 ὲνεργητικῆς
3219 3305 3402 3376 αὐτῆς
3458 3310 3706 3377 κινήσεως

2141 3386 2232 3438 καὶ
2267 3384 2584 3455 δυνάμεω;;
2633 3386 2757 3452 Πῶς
2787 3386 2843 3441 δὲ
2869 3391 2965 3443 καὶ
3005 3390 3197 3463 τελέσῃ
3228 3392 3290 3446 τὸ
3340 3394 3435 3448 τοῦ
3466 3394 3599 3449 Θεοῦ
3629 3395 3704 3446 θέο

2140 3475 2312 3546 λημα.
2346 3478 2393 3529 εἰ
2429 3476 2504 3549 μὴ
2528 3477 2617 3532 διὰ
2652 3477 2747 3532 τοῦ
2795 3479 3043 3550 ἐμφύτου
3085 3484 3258 3555 αὐτῆς
3304 3488 3402 3540 καὶ
3434 3487 3706 3550 οὖσιὼδους

2141 3564 2485 3638 θελήματος;
2516 3569 2696 3642 ὐπερ
2741 3570 3004 3638 πολλάκις
3033 3575 3090 3627 ὲν
3116 3577 3182 3646 τῇ
3216 3576 3706 3653 Γραφῇδιαφόροις

2139 3660 2399 3731 ὀνόμασιν
2444 3661 2774 3733 εὑρίσκομεν
2817 3665 3250 3736 ὀνομαζόμενον,
3295 3672 3582 3736 τουτέστι,
3631 3673 3721 3725 οἰδ

2139 3751 2291 3824 λημα
2314 3752 2540 3821 ἀγαθὸν,
2573 3755 2894 3825 ἐπιθυμίαν,
2924 3756 3172 3831 ἀγάπην,
3204 3758 3412 3831 ἔρωτα.
3453 3764 3516 3819 Et
3544 3765 3598 3818 δὲ
3636 3763 3707 3817 δεῖ

2142 3845 2236 3898 καὶ
2298 3846 2500 3916 μικρὰς
2562 3847 2871 3918 μαρτυρίας
2932 3830 3202 3916 ἐνθεῖναι,
3237 3830 3380 3923 οὐκ,
3446 3856 3703 3928 ὀκνητέον.

2139 3934 2371 4004 Εἴρηται
2401 3933 2551 4003 γοῦν,
2582 3935 2665 3988 ὅτι
2697 3953 2716 3985 ι
2753 3935 2992 4006 Θὲλημα·
3022 3936 3132 3990 τῶν
3161 3938 3521 4011 φοϐουμένων
3562 3942 3706 3994 αὑτὸν

2142 4025 2358 4095 ποιήσει
2388 4026 2418 4078 ὀ
2448 4024 2650 4097 Κύριος
2672 4042 2685 4055 ·
2722 4045 2741 4078 ι
2779 4027 2903 4079 καίσ
2948 4045 2968 4078 ι
3015 4028 3103 4081 Ἐν
3130 4029 3208 4100 τῷ
3238 4032 3396 4103 νόμῳ
3427 4034 3627 4104 Κυρίου
3656 4032 3708 4085 τὸ

2142 4115 2359 4186 θέλημα
2402 4117 2498 4170 τοῦ
2536 4117 2812 4188 μακαρίου
2839 4118 3067 4192 ἀνδρόςο
3106 4137 3126 4172 ι
3156 4122 3252 4174 καί
3275 4138 3290 4151 ο
3328 4143 3350 4176 «
3394 4125 3492 4178 “Ov
3522 4126 3706 4196 τρόπον

2142 4212 2395 4264 ἐπιποθεῖ
2437 4213 2471 4281 ἠ
2505 4210 2704 4279 ἔλαφος
2742 4210 2838 4264 ἐπὶ
2865 4210 2967 4275 τὰς
2998 4211 3183 4282 πηγὰς
3222 4213 3337 4267 τῶν
3370 4215 3597 4283 ὑδάτων,
3628 4215 3708 4269 οῦ-

2141 4318 2249 4365 τως
2283 4302 2599 4373 ἐπιποθεῖὴ
2649 4302 2795 4375 ψυχή
2834 4319 2939 4372 μου
2982 4302 3119 4374 πρὸς
3160 4303 3244 4369 σὲ,
3270 4307 3300 4358 ὁ
3347 4305 3517 4371 Θεός·
3545 4326 3565 4361 ι
3593 4306 3704 4360 καί·

460 4399 811 4454 deratanima
840 4413 958 4453 mea
997 4398 1063 4452 ad
1097 4408 1172 4463 te,
1202 4395 1345 4450 Deus
1377 4396 1420 4428 ⁸⁷
1450 4407 1496 4448 et
1529 4413 1549 4447 ι
1596 4393 1950 4464 concupiscit,
1985 4404 2040 4449 et

2148 4409 2168 4443 ι
2223 4391 2511 4465 Ἐπιποθεῖ
2538 4393 2634 4446 καὶ⁵
2680 4393 2923 4446 ἐκλείπει
2953 4394 2986 4461 ή
3012 4390 3161 4465 ψυχή
3198 4412 3301 4465 μου
3332 4400 3416 4455 εἰς
3437 4399 3536 4462 τὰς
3558 4397 3704 4458 αὐλὰς

460 4490 644 4545 delicit
672 4489 854 4543 anima
907 4503 1026 4543 mea
1058 4488 1112 4542 in
1144 4487 1282 4541 atria
1319 4484 1532 4540 Domini
1576 4486 1653 4553 ¹⁸ς
1694 4504 1713 4537 ι
1749 4496 1804 4539 et
1841 4503 1860 4536 ι
1903 4501 2036 4540 eon-

2143 4484 2237 4539 τοῦ
2272 4487 2510 4555 Κυρίου’
2549 4504 2568 4539 ι
2596 4486 2720 4539 καί·
2769 4504 2787 4538 ι
2834 4485 3185 4555 Ἐπεπόθησα
3212 4485 3273 4539 τὸ
3304 4491 3572 4562 σωτήριόν
3606 4506 3704 4551 σου,

460 4582 642 4652 rupivi
680 4581 924 4636 salutare
972 4577 1399 4645 tuum',l)omiue
1447 4578 1511 4632 ".
1563 4596 1582 4629 ι
1614 4576 1692 4631 De
1752 4576 2041 4632 dilectione

2144 4579 2338 4647 Κύριε.
2372 4596 2391 4629 ι
2431 4577 2569 4649 Περὶ
2617 4576 2675 4630 δὲ
2704 4576 2958 4647 ἀγάπης·
2989 4595 3010 4629 ι
3055 4574 3364 4648 Ἀγαπήσω
3406 4598 3490 4645 σε,
3521 4578 3705 4652 Κύριε,

463 4668 643 4729 autem
714 4675 914 4728 dicitur
962 4691 974 4724 :
1019 4691 1039 4727 ε
1086 4672 1316 4742 Diligam
1384 4681 1457 4736 te,
1486 4669 1731 4735 Domine,
1777 4668 2043 4725 fortitudo

462 4780 585 4823 mea
608 4768 677 4822 ³⁸.
720 4786 738 4820 ι
775 4755 828 4821 et
866 4786 884 4818 ι
928 4767 1123 4830 Dilexi,
1158 4766 1416 4834 quoniam
1482 4750 1732 4818 exaudiet
1783 4764 2044 4818 Dominus

461 4874 651 4915 vocem
683 4847 953 4915 orationis
986 4873 1118 4913 mea».
1147 4856 1213 4923 ¹¹,
1252 4875 1269 4909 ι
1302 4869 1355 4911 et
1390 4875 1407 4907 ι
1449 4856 1719 4924 quomodo
1764 4855 1927 4910 dilexi
1969 4856 2045 4909 le-

461 4970 582 5023 gem
625 4964 795 5019 tuam,
825 4944 1051 5007 Domine
1083 4951 1153 5015 ²¹,
1179 4961 1235 5005 et
1274 4967 1293 5001 ι
1329 4948 1526 5018 Diliges
1557 4946 1843 5002 Dominum
1874 4947 2039 5002 Deum

464 5058 617 5101 tuum
653 5033 865 5100 ex‘toto
900 5044 1064 5098 corde
1118 5028 1331 5108 tuo,'et
1380 5055 1446 5094 ex
1480 5049 1593 5097 tota,
1623 5039 1804 5093 anima
1861 5046 1972 5093 tua.
2015 5057 2034 5087 ι

465 5137 752 5203 Quomodo
786 5136 953 5205 igitur
980 5118 1205 5200 diligere
1237 5130 1422 5186 Deum
1455 5116 1654 5201 poterit
1688 5129 1923 5194 animus,
1950 5130 2041 5197 qui

467 5231 520 5282 in
550 5228 732 5297 seipse
765 5225 1002 5281 essentia
1045 5225 1275 5280 inditam
1320 5238 1428 5280 non
1459 5224 1652 5278 haheat
1682 5222 1918 5287 volandi,
1958 5222 2043 5275 di-

466 5318 692 5386 ligendi.
712 5316 1079 5378 desiderandi,
1113 5314 1558 5384 concupiscendi,
1597 5312 1921 5381 amandique
1952 5327 2047 5365 na-

470 5410 724 5474 turalem,
764 5409 1073 5479 bonamque
1108 5418 1433 5477 potestatem
1464 5407 1487 5459 ?
1516 5421 1621 5476 qua
1662 5404 1871 5460 scilicet
1908 5414 2047 5473 prae-

464 5513 616 5558 Stans
672 5501 907 5575 lgnatius
969 5501 1150 5555 aiebat
1198 5516 1279 5555 ιη
1338 5499 1716 5555 Amormeus
1754 5495 2046 5550 cruciﬁxus

2144 4674 2177 4742 ὴ
2208 4671 2360 4741 ἰσχύς
2394 4687 2496 4741 μου
2520 4685 2533 4698 ·
2573 4687 2590 4720 ι
2646 4669 2770 4723 καί·
2809 4687 2830 4721 ι
2879 4668 3194 4743 Ἠγάπησα,
3231 4673 3314 4725 ὅτι
3341 4673 3708 4727 εἰσακούσεται

2143 4761 2381 4833 Κύριος’
2411 4780 2430 4812 ι
2458 4760 2584 4814 καί’
2625 4779 2644 4810 ι
2694 4758 2781 4823 ’ος
2804 4760 3069 4833 ἠγάπησα
3103 4762 3196 4816 τὸν
3245 4764 3414 4834 νόμον
3452 4768 3565 4827 σου,
3611 4761 3710 4817 Κύ-

2147 4869 2275 4925 ριεοη
2306 4870 2326 4904 ι
2364 4853 2458 4906 καί
2482 4868 2496 4882 ο
2539 4872 2556 4903 ι
2602 4853 2938 4924 Ἀγαπήσεις
2972 4854 3180 4925 Κύριον
3229 4855 3322 4909 τὸν
3367 4855 3502 4910 Θεόν
3532 4871 3622 4908 σου
3658 4850 3709 4914 ἐξ

2147 4945 2275 5015 ὅλης
2299 4946 2397 5014 τῆς
2429 4942 2657 5014 καρδίας
2681 4961 2799 5009 σου,
2833 4945 2930 4998 καὶ⁹
2956 4944 3018 5010 ἐξ
3044 4945 3174 5015 ὅλης
3201 4945 3306 5016 τῆς
3331 4947 3515 5019 ψυχῆς
3546 4963 3653 5002 σου.
3685 4961 3702 4995 ι

2148 5033 2276 5096 Πῶς
2308 5029 2402 5086 οὖν
2430 5021 2722 5104 δυνῆσεται
2755 5034 3041 5105 ἀγαπῆσαι
3073 5035 3166 5089 τὸν
3195 5036 3330 5089 Θεὸν
3380 5040 3414 5106 ὴ
3442 5038 3607 5107 ψυχὴ,
3642 5034 3706 5104 μὴ

2148 5125 2350 5197 ἔχουσα
2401 5125 2675 5190 ούσιωδῶς
2703 5128 2762 5180 ὲν
2790 5127 2958 5199 ἑαυτῇ
2988 5125 3088 5198 τὴν
3122 5127 3355 5199 δύναμιν
3381 5128 3484 5200 τὴν
3510 5128 3700 5199 θελητιρ

2145 5218 2270 5289 κὴν,
2299 5218 2394 5272 καὶ
2423 5217 2850 5290 ὲπιθυμητικὴν,
2879 5219 2973 5272 καὶ
2996 5219 3372 5289 ἁγαπητικὴν,
3410 5221 3505 5275 καὶ
3533 5221 3705 5291 spum-

2145 5311 2271 5381 κὴν,
2307 5312 2544 5381 φυσικήν
2585 5327 2642 5363 τε
2702 5314 2797 5364 καὶ
2848 5310 3100 5382 ἀγαθήν;
3134 5311 3204 5382 ἢν
3261 5311 3403 5383 ἔχων
3465 5311 3707 5381 Ἰγνάτιος

2146 5401 2408 5471 ἔφασκεν,
2471 5402 2666 5455 am'o
2722 5403 2857 5474 ὲμδς
2917 5403 3058 5473 ἔρως
3108 5404 3707 5476 ὲσταύρωταιηδντινα

2146 5494 2326 5565 ἔρωτα
2353 5493 2515 5559 Θεοῦ,
2545 5494 2642 5546 καὶ
2668 5495 2890 5566 ἀγάπην
2916 5494 3072 5562 Θεοῦ,
3115 5496 3213 5548 καὶ
3244 5494 3430 5561 πόθον,
3478 5496 3571 5548 καὶ
3599 5495 3706 5545 ἑπι-

544 5656 579 5682 "
619 5651 755 5704 [ὐειὶ.
787 5666 965 5716 eum,
998 5654 1084 5708 19.
1168 5654 1207 5684 ’θ
1243 5652 1388 5714 Psal.
1428 5668 1465 5714 ι,
1498 5652 1552 5705 2.
1630 5651 1675 5682 ³⁷
1703 5649 1846 5712 Psal,
1877 5665 1984 5713 xu,
2029 5650 2041 5702 ξ

2165 5649 2207 5679 ⁸⁸
2244 5646 2389 5703 Psal.
2438 5663 2667 5711 until,
2701 5648 2756 5701 5.
2834 5647 2878 5719 ff
2915 5646 3059 5705 Psal.
3084 5663 3270 5719 czvttt,
3297 5646 3424 5703 ιιι.
3499 5645 3542 5678 ’⁸
3567 5638 3697 5701 Psal.

472 5737 602 5775 xm,
640 5726 695 5775 2.
774 5726 815 5754 ’ί
852 5722 993 5777 Psal.
1028 5739 1171 5787 cxtv,
1204 5723 1253 5776 1.
1329 5726 1374 5755 ³⁵
1405 5723 1549 5777 Psal.
1584 5736 1770 5784 emit,
1804 5722 1893 5774 97.
1978 5722 2024 5752 ⁸³

2143 5731 2214 5774 ιιι.
2250 5735 2321 5785 vx,
2349 5720 2414 5785 εἰς
2450 5719 2640 5772 Matth.
2674 5733 2804 5783 χιιι,
2832 5718 2920 5772 37.
