4064 6440
362 1442 365 1445 λ
448 1403 683 1458 Verbum
756 1398 1103 1456 ineffabiliter
1165 1399 1296 1454 olim
1359 1414 1429 1454 ex

427 381 560 448 1171

1640 378 1703 437 S.
1745 377 2146 438 ANASTASII
2188 374 2517 437 SINAIT.E

3534 352 3686 461 i172

428 479 620 553 sen'tim
645 491 1037 550 reformatione
1082 490 1433 563 indiguisset,
1474 502 1596 559 qua
1615 503 1682 542 es
1731 486 1843 542 Deo
1880 503 2009 558 pro-
2041 514 2055 552 Α

2147 506 2181 541 ,ν
2204 487 2295 540 καὶ
2315 482 2493 557 χρῄζῃ
2519 483 2811 548 ούσιιὶιδους
2842 483 3199 547 ἀναπλάσεως
3251 484 3285 553 η
3314 484 3377 538 ὲκ
3405 482 3543 537 Θεοῦ
3568 502 3690 557 προ.

433 586 625 651 cessit,
651 594 709 641 et
736 573 824 640 ‘a’d
872 585 1165 655 imaginem
1214 590 1271 638 et
1297 580 1708 638 similitudinem
1762 579 1854 634 Dei
1905 588 2010 644 est,

432 681 617 732 anima
644 676 947 746 praesertim
978 671 1139 729 Verbi
1174 672 1265 727 Dei
1300 686 1512 727 summe
1569 667 1939 743 immaculatii

500 760 794 821 Enimvero
827 766 957 820 Adae
1016 768 1199 819 anima
1247 778 1370 819 esse
1400 778 1431 817 a
1485 761 1596 816 Deo
1629 777 1729 832 per
1770 762 2011 832 inspira-

443 860 646 915 tiouem
700 858 891 913 sortita
946 863 1081 913 est:
1138 855 1456 910 Emmanuel
1501 865 1681 908 autem
1742 855 1924 907 anima
1963 854 2015 908 itt

438 947 570 1017 Deo,
610 960 667 1005 et
685 964 810 1006 cum
836 948 967 1013 Deo,
1004 956 1058 1002 et
1092 947 1182 1001 Dei
1208 947 1439 1002 similem
1477 945 1666 1001 habuit
1693 936 2045 1008 essentiam,

438 1059 504 1097 ex
540 1043 682 1113 ipso,
714 1049 769 1095 et
792 1053 888 1110 per
927 1041 1126 1108 ipsum,
1156 1050 1366 1097 etcum
1404 1038 1546 1109 ipso,
1575 1049 1628 1092 et
1657 1038 1709 1092 in
1755 1038 1872 1106 ipso
1925 1050 2022 1106 per

445 1130 784 1202 ltypostasim
821 1127 1285 1197 concorporaliter
1336 1127 1389 1180 in
1439 1125 1785 1181 immaculato
1817 1125 2023 1195 Deique

444 1218 760 1288 susceptiv’o
808 1225 966 1272 utero
997 1216 1337 1282 subsistens;
1371 1217 1446 1269 ita
1475 1224 1533 1270 ut
1565 1217 1642 1288 (et
1668 1216 1714 1270 si
1755 1215 1894 1269 forte
1922 1217 2024 1271 hoc

443 1312 622 1365 audax
678 1310 822 1365 dictu
854 1309 945 1373 sit,
980 1308 1156 1363 dicant
1189 1308 1392 1380 tamen)
1421 1306 1878 1378 quemadmodum
1927 1308 2024 1363 Dei

1501 1403 1681 1468 seipse
1740 1399 1989 1468 produxit
2009 1437 2026 1463 ,

444 1495 759 1562 creavitque
798 1492 1081 1547 rationalis
1125 1493 1321 1546 animae
1374 1493 1663 1546 essentiam
1701 1507 1715 1545 :
1754 1491 1825 1546 ita
1862 1492 2027 1546 etiam

443 1602 507 1640 es
555 1584 821 1654 virgineis
850 1583 1149 1639 femoribus
1170 1585 1221 1637 in
1252 1584 1438 1654 seipso
1464 1597 1583 1638 eam
1616 1583 1812 1637 fecerit
1873 1583 2032 1637 inha-

444 1679 640 1733 bitare.
674 1675 933 1743 Quaenam
966 1686 1097 1744 ergo
1138 1672 1345 1743 reliqua
1377 1675 1425 1727 ei
1455 1684 1662 1727 naturae
1708 1674 1887 1728 inesse
1918 1689 2024 1728 ma-

445 1768 565 1823 cula
590 1776 791 1838 potest,
824 1781 946 1837 quae
975 1766 1133 1819 initio
1175 1781 1238 1819 ex
1272 1766 1380 1819 Deo
1403 1766 1685 1819 creatione
1712 1767 2033 1835 procedens,

2113 576 2371 636 ελθοῦσα,
2405 575 2499 629 καὶ
2522 578 2580 629 ὲν
2607 576 2778 630 εἰκόνι
2801 574 2937 629 Θεοῦ
2960 574 3056 630 καὶ
3074 574 3330 645 ὁμοιώσει
3355 574 3689 645 ὑπάρχουσα,

2115 666 2209 720 καὶ
2248 665 2483 736 μάλιστα
2513 666 2547 734 ἡ
2590 664 2983 736 παναχράντου
3008 662 3102 716 τοῦ
3130 663 3266 717 Θεοῦ
3294 663 3473 731 Λόγου
3494 665 3669 735 ψυχῆς

2200 756 2264 812 Ἥ
2291 759 2392 828 μὲν
2422 758 2530 829 γὰρ
2559 757 2654 811 τοῦ
2699 756 2873 827 Ἀδὰμ
2904 756 3051 827 ψυχὴ
3090 759 3156 809 ὲκ
3187 755 3323 808 Θεοῦ
3348 754 3447 827 τὴν
3470 754 3696 827 ὕπαρξιν

2116 850 2206 905 διὰ
2233 850 2329 904 τοῦ
2364 851 2761 921 ὲμςρυσήματος
2808 849 3001 919 ἔσχενο
3044 847 3165 919 ἡδὲ
3206 847 3300 901 τοῦ
3360 847 3700 921 Ἐμμανουήλ

2118 942 2267 1012 ψυχὴ
2290 940 2497 1005 ἔνθεον,
2544 941 2639 994 καὶ
2669 939 2916 1004 σύνθεον,
2955 939 3050 993 καὶ
3075 938 3303 1009 ὁμόθεον
3321 938 3419 1010 τὴν
3449 938 3699 995 ούσίωσιν

2122 1033 2303 1105 ἔσχεν,
2329 1033 2388 1100 ἐξ
2416 1032 2610 1095 αὑτοῦ,
2648 1033 2749 1085 καὶ⁵
2774 1032 2845 1085 δι’
2872 1030 3062 1097 αὑτοῦ,
3085 1031 3180 1084 καὶ
3209 1032 3307 1083 σὺν
3333 1029 3508 1100 αὐτῷ,
3534 1031 3627 1083 καὶ
3651 1035 3702 1085 ὲν

2123 1123 2275 1195 αύτῷ
2304 1122 2428 1177 καθ’
2456 1123 2757 1176 ὑπόστασιν
2789 1121 3099 1190 συσσὼμως
3139 1122 3199 1174 ὲν
3228 1124 3296 1191 τῇ
3348 1122 3705 1192 παναχράντῳ

2126 1218 2222 1270 καὶ
2251 1216 2484 1286 θεοδόχῳ
2516 1215 2702 1286 μήτρᾳ
2742 1215 3051 1278 ὑποστᾶσα,
3101 1213 3243 1267 ὥστε
3285 1214 3335 1266 εἰ
3383 1211 3461 1284 μὴ
3511 1214 3704 1284 τολμη-

2131 1309 2222 1381 ρὸν
2259 1307 2319 1360 τὸ
2349 1306 2555 1376 λέγειν,
2602 1301 2760 1359 εἷπον
2806 1306 2911 1369 ἂν,
2949 1307 3032 1359 ὅτι
3078 1306 3273 1375 ὥσπερ
3313 1306 3485 1359 πάλαι
3531 1307 3559 1359 6
3586 1306 3708 1371 Θεὸς

2127 1400 2302 1468 Λόγος
2327 1398 2389 1463 ἐξ
2428 1397 2625 1452 ἑαυτοῦ
2653 1398 2910 1470 ἀρρήτως
2944 1398 3233 1468 προήγαγε
3290 1398 3389 1450 καὶ
3417 1396 3598 1450 ἔκτισε
3630 1397 3708 1451 λο-

2131 1491 2295 1561 γικῆς
2332 1488 2515 1561 ψυχῆς
2554 1489 2767 1553 οὐσίαν,
2791 1487 2935 1541 οὕτω
2963 1490 3060 1541 καὶ
3088 1490 3153 1541 ἐκ
3180 1486 3533 1558 παρθενικιῖω
3561 1488 3710 1558 λαγό-

2131 1599 2238 1635 νων
2269 1583 2352 1644 εἰς
2380 1578 2981 1653 ὲαυτδνείσῴκικε.Καί
3007 1581 3159 1631 ποῖον
3191 1578 3377 1632 λοιπὸν
3411 1578 3603 1649 μῶμον
3625 1579 3709 1632 δύ-

2134 1690 2291 1727 ναται
2318 1671 2465 1743 ἔχειν
2487 1673 2643 1726 οὐσία
2664 1674 2698 1742 ἠ
2723 1672 2979 1743 ἀπαρχῆς
3011 1674 3077 1726 ὲκ
3105 1670 3243 1724 Θεοῦ
3270 1669 3612 1743 προελθοῦσα
3642 1674 3712 1738 εἰς

2136 1762 2315 1817 κτίσιν
2336 1801 2350 1827 ,
2384 1763 2482 1816 καί¹
2518 1760 2613 1816 νῦν
2648 1764 2706 1816 ὲν
2745 1763 2895 1834 αὐτῷ
2924 1762 3001 1834 τῷ
3028 1762 3150 1834 Θεῷ
3178 1763 3594 1827 εἰσοικισθεῖσα,
3626 1765 3715 1818 καὶ

449 1876 593 1915 nunc
619 1873 780 1930 porro
810 1859 862 1912 in
889 1857 1002 1912 Deo
1033 1856 1266 1927 metipso
1288 1856 1660 1911 habitaculum
1688 1856 1875 1924 habet,
1901 1871 2024 1912 cum

2147 1853 2353 1917 πύνθεος
2370 1852 2683 1923 ὑπάρξασα,
2706 1855 2801 1908 καὶ
2834 1856 3171 1932 τιμιωτέραν
3197 1855 3295 1926 τὴν
3322 1855 3490 1926 φύσιν
3516 1856 3609 1909 καὶ
3627 1856 3715 1927 τὴν

452 1954 561 2007 Deo
620 1949 951 2015 subsistens,
1001 1956 1153 2003 tanto
1213 1947 1671 2005 honorabiliorem
1734 1958 1894 2004 nacta
1938 1964 2036 2004 vo-

454 2041 713 2095 luntatem
765 2037 1266 2109 operationemque,
1303 2053 1412 2108 quo
1443 2048 1570 2093 tunc
1621 2038 1838 2109 quidem
1862 2055 1893 2094 a
1931 2039 2039 2095 Deo

453 2141 736 2201 separatas
793 2140 922 2187 suas
980 2130 1174 2186 habuit
1244 2134 1519 2201 potentias
1584 2140 1748 2201 atque
1810 2131 2040 2187 faculta-

452 2232 556 2285 tes.
584 2238 728 2278 nunc
778 2237 911 2279 vero
957 2235 1021 2277 ex
1086 2222 1434 2295 hypostatica
1494 2223 1696 2277 unione
1754 2220 1867 2278 Deo
1935 2224 2037 2294 ipsi

453 2311 803 2381 coniunctas,
833 2320 889 2368 et
942 2312 1254 2383 aliqualiter
1292 2312 1382 2367 Dei
1442 2312 1673 2378 similes,
1703 2322 1869 2383 atque
1914 2328 2039 2368 cum

453 2403 567 2460 Deo
616 2405 734 2476 ipso
775 2403 1176 2460 subsistentes?
1206 2390 1343 2471 Quae
1368 2418 1490 2458 cum
1540 2404 1617 2458 ita
1663 2419 1723 2458 se
1784 2406 2041 2473 ltabeant,

453 2494 748 2561 ridiculus,
790 2506 982 2549 rursus
1038 2493 1282 2563 inquam,
1307 2500 1392 2546 est
1414 2492 1605 2561 procul
1636 2492 1804 2549 dubio
1862 2495 2044 2548 stulti-

460 2586 552 2641 tize
587 2584 969 2642 haretlcorum
1018 2594 1197 2651 error,
1232 2586 1374 2653 quod
1423 2584 1706 2652 passiones
1757 2585 2050 2639 animanti-

457 2677 563 2733 bus
594 2675 772 2733 brutis
793 2690 1113 2732 communes
1134 2674 1383 2744 corporis
1414 2683 1469 2729 et
1493 2675 1701 2741 carnis,
1735 2673 2052 2728 mutationi-

2136 1948 2420 2017 ὲνέργειαν
2462 1945 2689 2016 ἔχουσα,
2718 1947 2832 2014 ὅσῳ
2869 1948 2993 2000 τότε
3023 1946 3126 2019 μὲν
3154 1948 3435 2019 χωριστὰς
3464 1946 3600 2001 Θεοῦ
3626 1947 3717 2012 τὰς

2138 2038 2341 2110 ἑαυτῆς
2368 2038 2631 2109 δυνάμεις
2653 2040 2749 2093 καὶ
2772 2039 3045 2111 ἰδιότητας
3073 2038 3224 2111 ἔσχε,
3243 2038 3341 2093 νῦν
3362 2040 3421 2094 δὲ
3451 2040 3718 2103 συναπτὰς

2137 2128 2298 2195 Θεοῦ,
2336 2129 2431 2184 καὶ
2461 2131 2628 2182 οἱονεὶ
2683 2128 3006 2200 ὁμοιοθὲους
3028 2169 3044 2196 ,
3094 2130 3190 2183 καὶ
3218 2130 3483 2193 συνθέους
3511 2133 3577 2203 τῇ
3609 2129 3718 2184 καθ’

2139 2221 2442 2291 ὑπόστασιν
2487 2220 2851 2287 tubercula}.
2899 2220 3108 2274 τούτων
3137 2221 3313 2284 οὕτως
3355 2221 3609 2292 ἑχόντων,
3639 2221 3718 2275 δν-

2141 2311 2472 2379 τωςηπάλιν
2500 2311 2668 2381 λέγω,
2699 2311 2877 2381 γέλως
2893 2313 2922 2366 6
2946 2311 3155 2378 πλατὺς
3178 2313 3281 2382 τῆς
3300 2313 3413 2366 τῶν
3436 2314 3719 2385 αἰρετικῶν

2142 2404 2478 2477 ἀφροσύνης,
2500 2405 2583 2458 ὅτι
2606 2405 2674 2458 τὰ
2693 2405 2856 2475 ὅμοια
2880 2405 3030 2476 πάθη
3053 2406 3151 2475 τῆς
3179 2405 3492 2476 κτηνὼδους
3519 2405 3721 2473 φύσεως

2144 2497 2243 2568 τῆς
2287 2497 2493 2568 σαρκὸς
2542 2494 2645 2566 τῆς
2676 2497 3010 2567 τραπείσης,
3052 2498 3199 2567 πάθη
3237 2497 3494 2566 λέγουσιν
3523 2499 3578 2549 ὲν
3602 2498 3722 2565 Χρι-

2108 2657 2111 2661 _
2148 2588 2295 2658 στῷ⁸
2340 2589 2410 2642 τὰ
2446 2588 2503 2640 δὲ
2533 2588 2632 2658 τῆς
2679 2590 2803 2642 κατ’
2838 2589 3026 2643 εἰκόνα
3062 2589 3232 2642 αὐτοῦ
3262 2588 3444 2660 ψυχῆς
3475 2586 3727 2658 ἰδιώματα

2144 2680 2218 2734 τὰ
2238 2681 2518 2744 οὐσιωδῶς
2548 2683 2623 2753 μὴ
2647 2683 2926 2754 τραπέντα
2954 2682 3357 2754 παραιτοῦνται
3393 2684 3589 2737 εἰπεῖν.

457 2769 563 2825 bus
608 2768 877 2824 obnoxias
926 2767 985 2820 in
1027 2763 1250 2820 Christo
1318 2762 1641 2819 fateantur:
1680 2764 1876 2819 anima
1936 2779 2068 2821 vero
2124 2773 2511 2842 preprictates,
2561 2787 2682 2842 qua:
2724 2773 2792 2826 ad
2845 2773 3132 2841 imaginem
3177 2773 3270 2828 Dei
3307 2783 3440 2828 sunt
3484 2773 3722 2829 immuta-

462 2860 654 2917 tabiles
676 2857 934 2924 essentia,
966 2857 1022 2911 in
1053 2857 1170 2924 ipso
1196 2856 1379 2909 dicere
1411 2864 1685 2910 recusent.

534 2952 713 3021 Atque
744 2960 814 3004 ne
856 2948 972 3002 haec
1000 2946 1200 3002 nostris
1249 2947 1556 3008 sententiis,
1595 2947 2048 3018 sermonibusque

464 3046 612 3100 dicta
642 3054 767 3097 esse
803 3040 1142 3104 existiment,
1158 3045 1213 3092 et
1249 3047 1435 3090 contra
1470 3050 1565 3092 eos
1592 3038 1863 3107 disputata
1904 3057 1920 3095 :
1949 3055 2049 3110 age

2219 2955 2331 3007 Καὶ
2377 2954 2528 3018 ὅπως
2576 2955 2651 3027 μὴ
2699 2954 2927 3023 δόξωσιν
2954 2956 3014 3023 ἐξ
3057 2957 3274 3011 οἰκείων
3311 2956 3473 3029 ἡμῶν
3520 2957 3722 3012 ὲννοιῶν

2148 3046 2244 3100 καὶ
2272 3048 2461 3119 μύθων
2490 3050 2626 3121 πρὸς
2647 3051 2846 3116 αὐτοὺς
2869 3051 3238 3122 διαλέγεσθαι,
3270 3053 3410 3120 φέρε
3447 3056 3514 3125 τῇ
3551 3069 3722 3121 συνερ-

468 3134 580 3190 Deo
630 3130 929 3201 adiuvante
959 3143 1028 3183 ex
1070 3127 1186 3198 ipsa
1227 3127 1511 3197 Scriptura
1560 3140 1880 3200 argumenta
1919 3146 2047 3202 pro-

2152 3137 2283 3209 γείᾳ
2321 3137 2413 3192 τοῦ
2457 3139 2593 3193 Θεοῦ
2640 3139 2935 3211 Γραφικῶς
2991 3142 3090 3207 τὰς
3143 3144 3525 3212 παραστάσεις
3582 3142 3724 3210 ποιη-

468 3226 726 3281 feramus.

540 3316 884 3372 Constituto!
909 3314 961 3367 in
998 3309 1233 3367 vinculis
1261 3311 1425 3367 Divus
1455 3326 1761 3382 praecursor
1788 3312 2050 3378 Joannes,

472 3409 756 3477 oculisque
811 3406 1009 3460 mentis
1071 3404 1189 3459 fore
1243 3403 1603 3474 prospiciens,
1641 3414 1700 3461 ut
1732 3408 1799 3460 ab
1840 3405 2052 3461 Herode

473 3500 722 3558 sublatus
748 3499 813 3551 all
838 3496 1044 3550 inferos
1068 3494 1529 3564 proﬁcisceretur,
1569 3496 1790 3551 mittens
1821 3497 1957 3550 duos
1985 3512 2053 3550 ex

479 3590 769 3661 discipulis
795 3592 931 3655 suis,
969 3605 997 3641 a
1045 3587 1264 3641 Christo
1311 3595 1662 3658 percontatus
1696 3597 1799 3652 est,
1823 3589 2007 3643 dicens
2040 3605 2055 3643 :

481 3704 502 3739 ι
550 3683 629 3738 Tu
659 3698 718 3737 es
765 3682 859 3751 qui
904 3691 1163 3735 venturus
1193 3692 1290 3743 es,
1327 3698 1348 3730 ι
1394 3690 1586 3748 nempe
1615 3680 1681 3733 ad
1736 3678 1939 3734 inferos
1969 3680 2063 3735 de-

477 3769 795 3840 scensurus,
819 3790 842 3825 ι
864 3787 931 3827 an
961 3772 1124 3826 alium
1143 3780 1521 3840 exspectamus
1542 3770 1631 3824 “'3
1663 3789 1683 3822 ι
1706 3773 2059 3840 quemadmo-

478 3871 605 3925 dum
632 3864 829 3923 Petrus
855 3880 1073 3937 quoque
1106 3866 1158 3919 in
1213 3863 1497 3919 Catholica
1551 3860 1798 3933 Epistula
1853 3879 1952 3918 sua
1993 3865 2061 3920 de

475 3959 702 4016 Christe
755 3958 932 4029 inquit
977 3957 1122 4029 quod
1159 3975 1181 4008 ο
1222 3956 1278 4010 in
1325 3954 1599 4009 infernum
1657 3955 1977 4020 adveniens,
2009 3963 2066 4011 et

478 4054 586 4110 illis
620 4053 712 4124 qui
752 4053 807 4108 in
868 4050 1186 4107 carceribus
1225 4058 1385 4104 erant
1432 4047 2066 4119 spiritibus,'incredulis

478 4145 791 4217 aliquando,
830 4143 1144 4215 praedicavit
1176 4142 1246 4208 ”,
1285 4159 1307 4195 ι
1338 4156 1501 4210 quam
1550 4142 1770 4210 quidem
1824 4143 2064 4197 descen-

479 4237 691 4294 sionem
747 4233 1011 4311 Domin'us
1040 4234 1154 4303 ipse
1198 4233 1341 4300 apud
1386 4228 1582 4286 Johqu
1631 4233 1958 4301 praenuntiat
1985 4233 2069 4288 di.
2114 4259 2124 4281 .

480 4340 613 4385 cens
647 4344 667 4383 :
699 4343 723 4379 ι
760 4325 1013 4396 Nunquid
1064 4325 1117 4378 in
1169 4322 1502 4393 profundum
1556 4324 1725 4377 maris
1762 4323 1990 4391 venisti,
2013 4330 2068 4377 et

481 4423 539 4476 in
569 4417 876 4474 novissimis
926 4415 1110 4487 abyssi
1143 4414 1545 4470 deambulasti?
1576 4412 1828 4485 Nunquid
1867 4426 2067 4484 aperta:

2158 3246 2364 3299 σωμεν.

2228 3319 2659 3384 Κατακλεισθείς
2696 3320 2756 3373 ὲν
2786 3319 2866 3390 τῷ
2894 3319 3259 3393 δεσμωτηρίῳ
3312 3323 3340 3374 6
3376 3322 3519 3386 θεῖος
3559 3322 3722 3376 ’ίωάνο

2157 3429 2256 3482 νης
2292 3414 2321 3465 ό
2371 3413 2709 3484 ΙΙρόδρομος,
2771 3413 2868 3465 καί.
2914 3412 3130 3483 ὄμμασι
3183 3417 3299 3477 τοῖς
3341 3417 3551 3484 νοεροίς
3600 3431 3718 3482 προ-

2158 3506 2341 3572 γνοὺς,
2365 3504 2447 3557 ὅτι
2477 3504 2582 3557 ὑπὸ
2600 3504 2844 3575 Ἡρώδου
2880 3504 3274 3574 ἀναιρούμενος
3300 3505 3364 3559 ἐν
3388 3503 3488 3578 ᾄδῃ
3514 3502 3721 3573 πορεύε-

2158 3614 2271 3659 ται,
2303 3597 2631 3660 ἀποστείλας
2655 3597 2749 3650 δύο
2777 3597 2885 3649 τῶν
2912 3596 3112 3649 ἑαυτοῦ
3177 3595 3444 3667 μαθητῶν
3485 3595 3718 3666 ἠρώτησε

2161 3688 2251 3740 τὸν
2281 3690 2538 3759 Χριστὸν,
2565 3687 2757 3757 λέγων·
2782 3706 2801 3739 ι
2830 3688 2901 3740 Σῦ
2939 3685 2988 3741 εἷ
3018 3690 3046 3741 ὁ
3068 3688 3396 3759 ἐρχόμενος,
3424 3709 3442 3740 ι
3464 3675 3721 3741 τουτέστιν

2163 3782 2222 3832 ὲν
2269 3777 2344 3849 τῷ
2390 3778 2499 3850 ᾄδῃ
2554 3779 2981 3851 κατερχόμενος,
3023 3799 3042 3831 ι
3096 3779 3129 3851 ἦ
3190 3779 3385 3851 ἓτερον
3434 3776 3722 3852 προσδοκῶ-

2168 3887 2339 3941 μενιι
2374 3872 2519 3924 καθὰ
2553 3872 2692 3925 καὶὸ
2720 3872 2927 3942 Πέτρος
2964 3871 3092 3943 περὶ
3123 3872 3369 3944 Χριστοῦ
3403 3874 3462 3926 ὲν
3484 3875 3552 3943 τῇ
3590 3870 3723 3923 Ἐπι-

2167 3962 2329 4033 στολῇ
2360 3965 2427 4034 τῇ
2459 3962 2740 4034 Καθολικῇ
2772 3963 2946 4032 λέγει,
2982 3964 3070 4017 ὅτι
3102 3983 3121 4016 ι
3161 3964 3461 4035 Πορευθείς
3506 3959 3722 4033 ἐκήρυξε

2165 4056 2260 4108 καὶ
2277 4057 2387 4118 τοϊς
2407 4058 2464 4109 ὲν
2487 4054 2703 4131 φυλακῇ
2725 4055 3001 4129 πνεύμασι
3020 4058 3133 4120 τοῖς
3146 4073 3279 4110 ποτε
3300 4057 3677 4128 ἀπειθήσασιν,
3698 4069 3719 4103 ι

2166 4144 2363 4217 ἥντινα
2396 4145 2706 4200 κατάϐασιν
2759 4145 2925 4210 αὐτὸς
2975 4146 3004 4199 6
3061 4145 3269 4217 Κύριος
3313 4147 3456 4219 πρὸς
3496 4145 3583 4199 τὸν
3619 4138 3721 4195 Ἰὼϐ

2169 4237 2649 4308 προκαταγγέλλει
2680 4236 2857 4304 λέγων
2877 4253 2897 4269 ν
2918 4256 2943 4288 1
2972 4232 3177 4300 *Ηλθες
3199 4236 3258 4290 δὲ
3278 4239 3375 4291 ἐπὶ
3403 4236 3616 4308 τρίὸους
3637 4234 3723 4287 εἰει⁶

2166 4330 2396 4402 λάσσης,
2426 4331 2487 4386 ἐν
2513 4329 2571 4383 δὲ
2603 4330 2808 4401 ἴχνεσιν
2840 4328 3081 4383 ἀϐύσσου
3121 4333 3568 4402 nepte-trima“;
3591 4322 3720 4381 ἀνοί-

2168 4438 2358 4490 γονται
2392 4421 2448 4474 δέ
2473 4438 2554 4475 σοι
2590 4422 2742 4492 φόϐῳ
2768 4420 2934 4474 πύλαι
2959 4421 3218 4486 θανάτου,
3253 4420 3500 4492 πυλωροὶ
3529 4418 3582 4471 δὲ
3611 4415 3723 4486 ᾆδον

487 4519 617 4568 sunt
643 4517 786 4564 metu
817 4508 909 4562 tibi
952 4516 1124 4577 portas
1152 4508 1369 4569 mortis,
1398 4515 1453 4561 et
1488 4507 1753 4576 janitores
1783 4506 1979 4561 inferni
2012 4515 2055 4562 te

2173 4513 2376 4578 ἰδόντες
2432 4531 2494 4565 σε
2543 4512 2806 4584 ἕφριξανς
2839 4533 2858 4565 ι
2918 4512 3068 4583 Δῦτη
3122 4513 3187 4584 δὴ
3236 4508 3331 4567 οῦν
3377 4508 3721 4584 ἡκατάὀασις

483 4604 735 4656 videntes
766 4598 1170 4655 exhorruerunt
1201 4597 1285 4651 "i
1323 4615 1342 4650 ι
1395 4597 1513 4667 Ipse
1542 4598 1709 4667 igitur
1739 4598 1940 4653 Christi
1976 4599 2071 4651 tle-

484 4702 715 4745 sceusus
763 4688 830 4743 ad
889 4688 1115 4753 inferos,
1168 4688 1604 4757 praesentiaque,
1661 4702 1725 4741 ac
1757 4686 2071 4756 praedicatio

483 4781 602 4852 ejus
629 4795 735 4853 qua
770 4779 980 4835 ratione
1010 4777 1153 4833 facta
1181 4777 1351 4832 sunt?
1378 4778 1547 4832 Deum
1602 4790 1761 4830 nemo
1794 4775 1931 4829 vidit
1965 4790 2067 4829 un-

483 4888 672 4945 quam,
707 4887 882 4943 neque
932 4870 1120 4927 videre
1170 4880 1349 4941 potest
1383 4886 1399 4924 :
1456 4868 1863 4924 sanctissimum
1899 4870 2068 4921 etiam

482 4966 686 5023 Christi
721 4979 920 5034 corpus
963 4973 1086 5033 post
1138 4971 1370 5017 mortem
1405 4975 1568 5031 super
1618 4964 1817 5014 terra‘m
1852 4957 2068 5024 iacebat

482 5059 539 5113 in
586 5066 964 5113 monumento.
994 5054 1283 5123 Quomodo
1338 5054 1504 5126 igitur
1562 5052 1763 5108 turbati
1819 5061 1948 5108 sunt
1987 5053 2069 5106 in-

483 5150 624 5206 feri?
652 5163 757 5219 qua
787 5150 1002 5213 ratione
1034 5148 1283 5204 videntes
1330 5149 1736 5201 exhorruerunt
1770 5145 2066 5200 inferorum

483 5236 778 5294 custodes?
809 5239 934 5308 quis
980 5250 1010 5291 a
1045 5237 1280 5301 saeculis,
1310 5236 1540 5291 vinculis
1598 5236 1795 5304 ligatas
1844 5234 2054 5288 animas

485 5330 871 5385 dormientium
943 5331 1223 5386 hominum
1274 5330 1558 5386 visitavit?
1610 5329 1832 5386 Constat
1891 5340 2069 5383 autem

487 5422 698 5478 Domini
743 5422 836 5478 Dei
870 5422 998 5478 desit
1034 5418 1240 5480 Christi
1276 5438 1486 5479 summe
1517 5424 1915 5479 itttmaculatatn
1951 5423 2069 5476 atti-

490 5528 631 5566 mam
656 5511 766 5567 sibi
800 5513 1300 5569 consubstantiales
1353 5513 1564 5568 animas
1610 5511 1908 5567 rationales
1935 5509 2069 5564 visi-

489 5604 634 5659 tioue
658 5619 754 5660 sua
802 5619 926 5660 esse
957 5608 1232 5678 diguatam
1262 5623 1278 5660 :
1305 5606 1422 5676 ipsa
1455 5607 1523 5662 ad
1554 5605 1674 5661 illas
1718 5620 1841 5660 cum
1869 5603 2067 5657 divini-

2167 4603 2406 4676 Χριστοῦ
2446 4607 2479 4674 ἠ
2511 4607 2571 4658 ὲν
2609 4604 2686 4674 τῷ
2712 4603 2842 4676 ᾄδῃ,
2870 4604 2963 4657 καὶ
2991 4606 3024 4675 η
3075 4603 3374 4673 παρουσία,
3406 4601 3500 4656 καὶ
3542 4599 3599 4653 τὸ
3632 4595 3721 4665 κήν

2104 4744 2121 4757 .
2169 4711 2356 4767 ρυγμα
2385 4695 2502 4757 πῶς
2551 4694 2774 4763 γέγονε;
2808 4693 2943 4749 Θεὸν
3004 4693 3184 4757 οὐδεὶς
3241 4691 3457 4764 ἑώρακε
3495 4689 3717 4747 πώποτε,

2166 4786 2426 4843 ἀλλὀῦτε
2460 4787 2588 4840 ἰδεῖν
2614 4786 2840 4842 δύναται
2865 4802 2882 4817 ο
2914 4786 3080 4840 πάλιν
3108 4803 3167 4839 τε
3198 4785 3261 4839 τὸ
3291 4786 3550 4853 πανάγιον
3578 4779 3722 4847 σῶμα.

2165 4879 2407 4951 Χριστοῦ
2443 4880 2502 4932 ἑν
2533 4882 2612 4949 τῷ
2640 4879 2856 4950 θανάτῳ
2910 4877 3080 4934 αὐτοῦ
3119 4880 3178 4932 ὲν
3212 4877 3292 4949 τῷ
3327 4878 3567 4949 μνήματι
3621 4871 3721 4925 ἅνω

2167 4971 2261 5023 ἐπὶ
2290 4970 2394 5041 γῆς
2432 4969 2633 5023 ἔκειτο.
2680 4969 2807 5036 Πῶς
2838 4964 2932 5023 οῦν
2962 4972 2989 5022 6
3041 4969 3176 5041 ᾅδης
3202 4967 3539 5035 ὲσκυλεύθης
3579 4960 3717 5017 ποίαν

2170 5062 2385 5131 μορφὴν
2408 5062 2456 5112 οἱ
2483 5060 2727 5131 πυλωροί
2746 5059 2840 5112 τοῦ
2871 5057 3000 5131 ᾅδου
3025 5059 3228 5121 ἰδόντες
3242 5058 3506 5130 {optim};
3534 5051 3611 5114 τίς
3631 5048 3715 5107 τὰς

2169 5149 2266 5206 ἀπ’
2300 5149 2496 5214 αἰῶνος
2526 5149 2783 5221 δεσμίους
2824 5147 3004 5220 ψυχὰς
3057 5148 3166 5204 τῶν
3201 5140 3604 5218 κεκοιμημένων
3632 5139 3711 5191 ἀν-

2172 5239 2410 5312 θρώπων
2444 5240 2826 5312 ἐπεσκέψατος
2858 5240 3156 5313 Πρόδηλον,
3191 5242 3273 5307 ὅτι
3302 5243 3336 5313 ἡ
3368 5238 3714 5305 πανάκραντος

2172 5331 2265 5386 τοῦ
2292 5332 2568 5386 Δεσπότου
2629 5333 2807 5402 Ἰησοῦ
2850 5331 3090 5402 Χριστοῦ
3122 5330 3217 5384 τοῦ
3265 5330 3400 5384 Θεοῦ
3447 5323 3584 5397 ψυχὴ
3628 5316 3712 5377 τὰς

2174 5421 2496 5491 όμοουσίους
2524 5420 2699 5493 αὐτῆς
2728 5419 2911 5491 ψυχὰς
2954 5420 3052 5482 τὰς
3084 5417 3312 5485 λογικὰς
3360 5407 3676 5493 “saw”?
3697 5411 3708 5424 ’

2174 5513 2315 5584 αὕτη
2341 5514 2479 5584 πρὸς
2522 5491 2693 5575 αὐτας
2728 5509 3065 5582 κατελήλυθε
3108 5507 3334 5572 σύνθεος
3360 5521 3375 5537 ο
3405 5503 3533 5570 αὕτη
3564 5494 3618 5548 τὸ
3639 5491 3711 5584 δεῖ

2176 5604 2490 5676 σμωτήριον
2510 5601 2838 5657 ἐσκύλευσεν
2858 5621 2871 5632 -
2900 5599 3039 5653 αῦτη
3063 5598 3155 5653 τὸν
3171 5598 3431 5670 τύραννον
3452 5591 3614 5658 ἔδησε,
3632 5575 3710 5631 καὶ

562 5779 815 5836 "Matth.
855 5783 1017 5848 11,5.
1095 5782 1191 5837 ἰι
1229 5780 1374 5838 Petr.
1407 5798 1490 5843 ιιι,
1529 5781 1613 5837 t9.
1691 5782 1734 5815 η
1760 5779 1861 5836 Joh
1899 5796 2122 5842 ηινιιι.
2163 5760 2245 5832 to;

3382 5832 3475 5863 LL.--
3494 5857 3501 5861 .
3582 5849 3605 5859 ο.
