4064 6416
498 318 641 387 1173
1986 309 2107 371 SEE

2212 309 2264 370 ).
3288 378 3301 387 λ
3640 308 3740 375 1'17
3753 310 3785 372 4

492 434 626 495 τοὺς
678 426 935 499 δεσμίους
993 390 1254 492 ἀπέλυσε,
1294 421 1539 493 βοήσασα
1582 421 1695 483 τοῖς
1729 418 1791 471 tv
1835 416 2078 487 δεσμοῖς,

2218 428 2305 473 ate
2352 416 2635 472 descendit
2671 432 2685 469 :
2723 415 2839 483 ipsa
2889 416 3099 470 carceri
3134 431 3331 472 noxam
3374 418 3575 483 intulit,
3609 430 3783 491 atque

510 521 816 591 Ἐξέλθετε,
842 519 917 583 ὡς
940 518 1111 572 τόπον
1125 512 1519 586 ἀναπληροῦσα
1547 512 1760 566 τελείου
1791 508 2085 581 ἀνθρώπου

2212 508 2502 563 nolestiam
2537 523 2552 574 ;
2591 505 2704 576 ipsa
2737 506 2923 575 ligavit
2957 516 3268 576 tyrannum,
3294 509 3610 581 vinctosque
3659 513 3777 571 disa

494 614 594 671 τοῦ
623 618 688 668 ἐκ
703 611 886 684 ψυχῆς
911 608 1311 679 συνισταμένου
1333 608 1428 660 καὶ
1446 604 1728 676 σώματος,
1753 599 2087 671 λογιστικῶς

2212 600 2368 663 ιοΙνξι,
2390 598 2459 653 iis
2476 598 2565 667 qui
2590 598 2645 652 in
2676 597 2909 653 vinculis
2927 598 3185 666 jaccbant
3209 604 3572 669 proclamans,
3597 604 3778 675 Exite,

495 726 560 763 τε
597 707 673 771 ὡς
695 704 913 774 λογικὴ.
944 702 1038 757 καὶ
1060 700 1386 769 θελητικῶς,
1417 701 1513 753 καὶ
1531 694 1905 768 ἐνεργητικῶς
1935 695 1993 747 ἐν
2008 691 2090 762 τῷ

2212 702 2254 748 ιι
2283 694 2458 748 locum
2487 692 2766 746 sustinens
2802 693 3026 762 perfecti
3089 693 3325 749 hominis
3370 711 3435 750 ex
3485 700 3672 756 anima
3726 715 3783 758 et

499 796 604 869 ᾄδῃ
624 793 999 865 κηρύττουσα,
1027 795 1123 847 καὶ
1157 791 1560 863 ἐπιτρέπουσα,
1594 790 1690 842 καὶ
1726 784 2087 849 σκυλεύουσα,

2212 797 2425 853 :orpore
2464 783 2838 845 subsistentis,
2870 782 3234 848 rationaliter,
3272 785 3433 840 veluti
3473 789 3780 855 rationalis,

498 891 537 959 ή
574 888 741 958 νοερά
766 886 867 949 τὰς
902 887 1100 955 νυεράς
1146 882 1510 953 ἐπιϐλέψασα,
1534 881 1683 951 ψυχὴ
1709 880 1805 943 τὰς
1826 876 2028 948 ψυχὰς,
2054 875 2091 944 ἡ

2212 876 2527 944 voluntarie,
2586 887 2642 931 et
2689 877 2971 943 operativc
3018 877 3089 930 in'
3129 877 3318 932 inferis
3375 882 3678 948 pra-dicatis
3734 896 3788 938 et

500 980 697 1051 λογικὴ
726 982 823 1042 τὰς
850 978 1101 1046 λογικὰς,
1130 979 1163 1048 ή
1196 977 1404 1047 ζωτικὴ
1429 975 1531 1038 τὰς
1569 973 1833 1040 ζωτικάς,
1887 972 1922 1040 ή
1955 967 2094 1023 ἀθά-

2212 985 2346 1040 tpem
2393 970 2603 1036 ferens,
2650 981 2705 1026 et
2736 967 3042 1026 molestiam
3101 973 3370 1039 inferens,
3404 976 3788 1032 intellectualis

500 1087 668 1134 νατος
692 1071 791 1134 τὰς
824 1069 1155 1133 ἀθανάτους,
1201 1071 1234 1139 ή
1280 1067 1620 1140 ἐνεργητικὴ
1653 1066 1753 1130 τὰς
1812 1065 2101 1134 ἐνεργητι-

2212 1064 2596 1119 .ntellectuales
2626 1063 2990 1132 prospiciens,
3023 1064 3215 1117 anima
3258 1069 3511 1133 animas,
3548 1069 3789 1123 rationa-

500 1164 630 1228 κάς,
677 1164 712 1235 ή
749 1162 975 1233 ἐνθελὴς
1029 1165 1128 1225 τάς
1175 1162 1492 1232 θελητικάςζ
1527 1160 1652 1223 Πῶς
1702 1159 1812 1229 γὰρ
1854 1156 1922 1211 ἀν
1989 1154 2089 1210 καὶ

499 1253 755 1319 ἐδέξαντο
780 1254 841 1306 τὸ
865 1254 966 1324 τῆς
995 1254 1156 1322 ἁγίας
1176 1253 1357 1323 ψυχῆς
1381 1253 1665 1323 κήρυγμα,
1697 1252 1746 1303 εί
1775 1250 1850 1321 μὴ
1879 1248 1968 1302 διὰ
1990 1247 2091 1317 τῆς

502 1348 700 1417 νοερᾶς
735 1346 920 1400 αὐτῶν
952 1346 1176 1415 λογικῆς
1211 1345 1520 1415 θελήσεως;
1591 1344 1654 1398 οὐ
1692 1344 1803 1414 γὰρ
1848 1343 2095 1411 ἀναγκα-

503 1439 711 1503 στικῶς
765 1441 863 1495 καὶ
916 1440 1197 1503 ἀκουσίως
1251 1440 1589 1493 ἐπίστευσαν
1643 1438 1740 1491 καὶ
1782 1435 2093 1507 ἐσώθησαν,

502 1533 619 1587 οὐδ’
655 1534 1064 1604 ἀπροαιρέτως,
1101 1532 1217 1586 ἀλλ’
1250 1531 1519 1594 ἑκουσίως
1574 1531 1672 1584 καὶ
1707 1528 1910 1601 γνώμῃ
1938 1528 2098 1599 θελή-

508 1641 668 1687 σεως,
693 1625 788 1678 καὶ
806 1625 1066 1695 ἐνεργείᾳ
1095 1622 1575 1692 συγκαταθέσεως.

2197 1156 2266 1210 lis
2296 1155 2611 1221 rationales,
2658 1156 2843 1210 vitalis
2893 1155 3108 1219 vitales,
3146 1157 3469 1214 immortalis
3503 1159 3789 1216 immorta-

2199 1250 2304 1317 les,
2334 1251 2611 1321 operativa
2653 1251 2986 1321 Operativas,
3027 1252 3227 1307 volens
3264 1253 3477 1307 volettdi
3534 1257 3791 1324 prteditas

2194 1342 2473 1399 facultate.
2496 1342 2781 1408 Quomodo
2824 1357 3080 1413 namque,
3112 1343 3216 1396 nisi
3277 1343 3659 1412 intellectuali,
3698 1361 3790 1399 ra-

2198 1433 2493 1502 tionalique
2532 1448 2631 1487 sua
2675 1434 3036 1499 voluntateii,
3072 1433 3168 1503 qui
3232 1433 3293 1487 in
3341 1434 3533 1489 inferis
3590 1447 3770 1503 erant,

2197 1538 2404 1584 sancta!
2451 1526 2597 1580 illius
2659 1526 2856 1580 animae
2897 1526 3342 1595 praedicationem
3394 1529 3793 1598 susceperunt!

2199 1641 2304 1679 non
2337 1624 2485 1677 enim
2542 1623 2743 1690 quippe
2794 1627 3003 1684 coacte,
3040 1620 3157 1674 sive
3212 1620 3580 1677 involuntario
3615 1623 3794 1676 credi-

506 1718 660 1783 dere,
703 1719 947 1786 salvique
975 1718 1103 1772 facti
1136 1730 1309 1772 sunt:
1359 1733 1466 1771 non
1529 1727 1736 1772 temere
1767 1717 2244 1802 inconsultoque,’
2291 1731 2481 1771 verum
2552 1724 2747 1786 sponte
2796 1714 3211 1785 deliberataque
3268 1716 3544 1771 sententia
3598 1716 3793 1771 volun-

507 1811 663 1875 tatis,
694 1820 751 1863 et
774 1810 1059 1878 compositi
1101 1810 1345 1879 ipsorum
1390 1810 1729 1878 operatione,
1776 1810 1938 1865 fidem
1991 1820 2373 1883 susceperunt.

504 1912 511 1917 ’
580 1901 875 1958 Πιστοῦται
909 1900 967 1954 δέ
1003 1918 1103 1970 μου
1150 1901 1221 1953 τὰ
1261 1900 1537 1971 λεγόμενα
1587 1903 1617 1954 ὁ
1662 1903 1763 1972 τῆς
1818 1903 2102 1974 θεολογίας

2275 1901 2407 1969 Quae
2429 1916 2592 1968 porro
2616 1901 2759 1956 dicta
2790 1917 2818 1955 a
2870 1915 2958 1956 me
3002 1911 3155 1966 sunt,
3214 1901 3501 1988 theologim
3561 1904 3792 1972 signifer

509 1996 772 2066 θεοφόρος
797 1995 1127 2065 Γρηγόριος,
1154 1993 1298 2047 οὕτω
1326 2011 1445 2057 πως
1486 1994 1714 2062 φάσκων
1745 1996 1875 2067 περὶ
1899 1997 1998 2066 τῆς
2038 1999 2097 2051 ἐν

507 2089 589 2160 τῷ
625 2088 727 2161 ᾅδῃ
751 2088 848 2142 τοῦ
878 2087 1118 2158 Χριστοῦ
1149 2086 1512 2148 καταϐάσεως
1540 2090 1598 2141 ἐν
1626 2087 1706 2159 τῷ
1726 2088 1886 2161 Λόγῳ
1907 2089 1987 2159 τῷ
2016 2091 2100 2155 είς

507 2184 572 2235 τὸ
594 2183 747 2250 ἆγιον
766 2181 961 2248 Πάσχα
976 2196 989 2209 ’
1017 2198 1036 2231 ι
1067 2180 1195 2232 Ἐὰν
1216 2181 1274 2232 ἐν
1292 2179 1512 2250 σταυρῷ
1528 2180 1764 2251 Χριστὸς
1781 2181 2095 2251 ἀνέρχηται,

511 2273 806 2328 συνάνελθε
841 2288 855 2302 ⁸
890 2271 985 2324 ἐὰν
1007 2273 1065 2325 ὲν
1096 2271 1171 2342 τῷ
1224 2272 1324 2343 ᾅδῃ
1351 2272 1703 2343 κατέρχηται,
1733 2272 2096 2337 συγκάτελθε.

510 2364 690 2419 Γνῶθι
729 2363 800 2417 τὰ
846 2364 965 2416 ἐκεῖ
999 2365 1300 2433 μυστήρια,
1347 2364 1448 2433 τὴν
1497 2364 1697 2434 διπλῆν
1740 2364 2050 2419 κατάϐασιν
2082 2383 2097 2398 ⁸

510 2457 725 2519 πάντας
759 2455 948 2518 ἁπλῶς
984 2454 1148 2519 σώζει
1176 2458 1464 2521 ἐπιφανεὶς
1490 2495 1505 2518 ,
1556 2455 1590 2525 ἢ
1634 2458 1799 2509 κὰκεί
1841 2458 1969 2522 τοὺς
2013 2475 2102 2512 πι-

512 2547 845 2610 στεύονταςξ
878 2566 896 2598 ι
927 2547 1058 2601 Ἰδοὺ
1090 2548 1153 2599 οὐ
1186 2548 1367 2609 πάσας
1401 2549 1552 2613 λέγει
1584 2548 1888 2619 Γρηγόριος
1919 2551 2018 2615 τὰς
2044 2555 2102 2606 ὲν

508 2640 592 2710 τῷ
622 2640 723 2712 ᾄδῃ
756 2640 936 2710 ψυχὰς
989 2639 1282 2706 σωθείσας,
1329 2639 1469 2694 ἀλλὰ
1524 2640 1695 2709 μόνας
1738 2642 1839 2705 τὰς
1879 2644 2103 2716 Χριστῷ

511 2733 892 2795 πιστευσὰσας
923 2729 984 2794 ἐξ
1012 2731 1224 2792 οἰκείας
1259 2730 1639 2801 προαιρέσεως
1670 2734 1764 2784 καὶ
1806 2730 2102 2803 θελήσεως.

512 2825 641 2889 Πῶς
669 2827 780 2895 γὰρ
804 2824 902 2876 καὶ⁵
954 2822 1251 2877 πιστεῦσαι
1284 2820 1432 2894 εἶχον
1458 2823 1631 2894 χωρὶς
1665 2823 1987 2897 λογιστικῆς
2019 2828 2106 2881 θε-

511 2917 726 2990 λήσεως
764 2917 855 2970 καὶ
901 2916 1221 2987 ἐνεργείας;
1256 2915 1608 2987 ’Λνορώπους
1631 2917 1861 2989 μὲνγὰρ
1888 2920 2017 2983 τοὺς
2048 2923 2107 2973 ἐν

520 3008 692 3077 σαρκὶ
721 3006 818 3061 καὶ
847 3006 995 3077 ψυχῇ
1038 3005 1153 3059 ἄνω
1189 3006 1284 3058 ἐπὶ
1310 3005 1417 3075 γῆς
1444 3003 1655 3071 ζῶντας
1710 3007 1800 3060 διὰ
1843 3010 2046 3081 σαρκὸς
2078 3011 2107 3063 ὁ

512 3099 756 3172 Χριστὸς
792 3101 889 3153 καὶ
942 3097 1127 3168 ψυχῆς
1196 3097 1565 3167 ἐπεσκέψατο,
1620 3100 1716 3152 καὶ
1767 3099 1964 3168 ἐοωσε,
2030 3102 2108 3173 τῷ

511 3192 692 3264 ὁμοίῳ
723 3191 785 3245 τὸ
813 3191 1001 3262 ὅμοιον
1027 3188 1441 3260 ἀνακαθαίρων,
1475 3190 1551 3251 ὡς
1577 3190 1884 3263 Γρηγὸριὸς
1942 3211 2101 3261 φησι,

2203 1994 2294 2049 ille
2324 1994 2620 2063 Gregorius
2655 1995 2964 2059 conﬁrmat,
3014 1995 3082 2049 de
3105 1992 3307 2050 Christi
3340 1996 3407 2049 ad
3448 1995 3651 2053 inferos
3682 1998 3791 2054 des-

2202 2100 2394 2150 censu,
2415 2086 2467 2140 in
2495 2086 2762 2142 SermOne
2784 2088 2849 2142 de
2884 2098 3076 2141 sancto
3102 2086 3368 2143 Paschate
3395 2090 3512 2144 ltzec
3545 2091 3753 2147 habens
3778 2110 3791 2146 :

2208 2198 2226 2231 ι
2263 2178 2320 2234 Si
2353 2178 2404 2232 in
2431 2192 2647 2234 crucem
2674 2182 2919 2233 ascendit
2945 2178 3220 2247 Christus,
3248 2181 3409 2235 simul
3442 2186 3713 2252 ascende;
3747 2185 3793 2239 si

2204 2269 2258 2324 in
2318 2269 2590 2324 infernum
2646 2272 2950 2336 descendit,
2984 2273 3258 2328 descende
3313 2274 3497 2332 simul.
3530 2273 3660 2342 Quae
3688 2276 3798 2331 illic

2207 2362 2464 2433 mysteria
2499 2373 2629 2418 sunt
2676 2377 2983 2433 cognosce,
3035 2365 3307 2433 duplicem
3369 2367 3627 2421 nimirum
3671 2369 3798 2423 des-

2205 2469 2465 2520 censum;
2527 2466 2706 2528 utrnm
2764 2471 2954 2511 omnes
3003 2458 3122 2512 sine
3164 2457 3274 2512 ulla
3327 2461 3647 2528 exceptione
3701 2462 3799 2515 ad-

2206 2559 2371 2601 tentu
2406 2563 2506 2602 suo
2547 2549 2727 2601 salvos
2753 2548 2965 2616 fecerit,
3001 2567 3069 2604 an
3098 2560 3155 2606 et
3203 2551 3313 2607 illic
3354 2567 3448 2607 eos
3479 2553 3653 2607 solum
3705 2552 3795 2624 qui

2207 2640 2643 2695 crediderunt?»
2694 2639 2836 2696 Ecce
2874 2658 2978 2696 non
3021 2638 3213 2699 omnes
3262 2647 3339 2700 ait
3394 2645 3693 2717 Gregorius
3745 2650 3797 2702 in

2209 2731 2401 2787 inferis
2465 2735 2792 2790 exsistentes
2846 2737 3057 2792 animas
3110 2738 3290 2795 salvas
3346 2740 3542 2807 factas,
3566 2741 3660 2797 sed
3707 2758 3801 2797 cas

2209 2829 2581 2893 tantum,qu:e
2613 2827 2666 2878 in
2714 2826 2993 2881 Christum
3031 2829 3255 2899 propria
3314 2831 3584 2886 electione
3628 2835 3800 2888 credi«

2208 2913 2408 2969 derant
2465 2926 2629 2986 atque
2678 2917 2976 2975 \olunlate.
3028 2920 3316 2986 Quomodo
3384 2938 3515 2979 vero
3574 2923 3801 2981 credere

2210 3007 2509 3076 potuissent
2578 3009 2828 3065 rationali
2878 3013 3196 3077 voluntate,
3258 3024 3425 3085 atque
3479 3019 3802 3087 operatione

2210 3095 2817 3159 destitutaenlomines
2865 3103 3065 3173 quippe
3124 3105 3211 3161 hic
3265 3121 3431 3176 super
3478 3118 3682 3165 terram
3746 3112 3799 3165 in

2211 3199 2376 3242 carne
2418 3191 2711 3262 animaque
2759 3193 3004 3250 viventes
3056 3212 3155 3266 per
3196 3214 3417 3255 carnem
3457 3212 3511 3257 et
3554 3204 3798 3258 animam

512 3255 632 3351 τοῖς
653 3255 872 3358 ἐρατοῖς
902 3285 970 3338 δι’
1004 3282 1211 3355 ὁρατῆς
1246 3255 1465 3353 φάσεως
1509 3255 1720 3347 λαλῶν,
1770 3255 1869 3338 καὶ
1920 3255 2107 3356 sits-81;;

2212 3280 2453 3334 visitarit
2508 3283 2783 3348 Christus,
2825 3289 3198 3360 servavitque,
3243 3292 3422 3348 simile
3476 3311 3570 3365 per
3624 3298 3804 3352 simile

518 3380 640 3452 μῶν
666 3395 681 3410 ·
728 3378 907 3449 ψυχὰς
936 3377 994 3430 δὲ
1027 3377 1301 3446 σωμάτων
1332 3375 1766 3447 ἀπηλλαγμένας
1790 3376 1879 3430 διὰ
1922 3378 2107 3449 ψυχῆς

513 3478 789 3552 ἀχράντου
814 3475 1068 3547 σώματος
1093 3472 1525 3546 ἀπηλλαγμένης
1560 3472 1927 3543 ἐπεσκέψατο.

590 3744 738 3801 Είδὲ
772 3741 975 3815 ἀθελής
1003 3743 1151 3796 ἐστιν
1205 3742 1238 3812 ή
1301 3739 1688 3810 πανάχραντος
1740 3737 1837 3792 τοῦ
1896 3737 2108 3810 Κυρίου

514 3839 690 3912 ψυχὴ,
724 3822 1017 3908 πρόδηλον,
1044 3836 1126 3890 ὅτι
1155 3835 1431 3898 ἀκουσίως
1470 3833 1630 3902 δίκην
1650 3832 1848 3902 ἀλόγου
1876 3831 2111 3887 ὑπετάτ-

515 3950 645 3986 τετο
669 3930 748 4000 τῷ
772 3928 891 4001 Θεῷ
930 3929 1111 3999 Λόγῳ,
1164 3927 1240 3989 ὼς
1277 3926 1687 3995 Ἀπολλινάριος
1741 3925 2013 3996 ληρωδεῖ’
2061 3925 2113 3979 εί

518 4023 721 4095 ἀθελὴς
751 4019 840 4094 ἦν,
866 4020 1113 4090 εὔδηλον,
1132 4019 1214 4073 ὅτι
1237 4018 1396 4089 δίκην
1415 4017 1565 4081 τινὸς
1596 4018 1848 4089 ἀστέρος,
1890 4018 1923 4091 ἦ
1956 4016 2115 4088 νεφέ-

519 4115 622 4185 λης
666 4112 958 4182 ἀλογίστου
997 4111 1092 4165 καὶ
1131 4111 1457 4178 ἀδιανοήτου
1494 4111 1553 4163 ἐν
1598 4109 1678 4181 τῷ
1708 4109 1810 4182 ᾄδῃ
1849 4109 2113 4180 κατῆλθε,

522 4206 620 4259 καὶ
652 4205 758 4257 ὑπὸ
792 4203 895 4271 τῆς
922 4202 1212 4271 Θεότητός,
1256 4199 1450 4271 ὥσπερ
1496 4198 1705 4271 ἄψυχον
1760 4201 1992 4270 ὄργανον
2018 4200 2116 4255 καὶ

522 4299 743 4362 ἄλαλον,
796 4296 997 4356 ἐλάλει.
1034 4296 1129 4349 καὶ
1159 4294 1453 4365 ἐκήρυττε,
1497 4293 1637 4365 μήτε
1663 4293 1823 4362 λόγον
1868 4293 2115 4349 ἐνδιάθε-

523 4407 616 4445 τον
637 4389 780 4443 κατὰ
800 4390 899 4460 τὴν
931 4386 1121 4441 οὐσίαν
1153 4386 1265 4441 τῶν
1291 4384 1483 4456 ψυχῶν
1510 4385 1739 4455 ἔχουσα,
1797 4386 1938 4457 μήτε
1988 4385 2117 4458 νόη-

526 4498 634 4544 σιν,
663 4482 802 4552 μήτε
827 4480 1096 4541 διάνοιαν,
1144 4480 1286 4548 μήτε
1335 4478 1745 4548 περιγραπτήν,
1780 4476 1814 4548 ἢ
1850 4479 2117 4550 ἐκπορευ.

2214 3386 2532 3441 repnrgans,
2567 3384 2625 3430 nt
2669 3378 2785 3449 ipse
2814 3382 2989 3451 inquit
3015 3383 3336 3455 Gregorius,
3380 3387 3689 3445 visibilibus
3718 3392 3800 3446 vi~

2211 3464 2429 3519 sibiliin
2470 3480 2662 3524 natura
2711 3471 2949 3540 locutus,
3002 3489 3123 3529 cum
3165 3476 3341 3547 iisque
3368 3492 3727 3538 conversatus
3785 3504 3797 3539 :

2212 3551 2424 3606 animas
2452 3566 2634 3610 autem
2660 3558 2772 3628 jam
2813 3576 2841 3615 a
2872 3565 3201 3632 corporibus
3237 3566 3445 3624 alienas
3486 3587 3582 3642 per
3617 3574 3804 3629 imma-

2214 3642 2453 3699 culatam
2489 3649 2729 3704 animam
2766 3656 3015 3722 corporis
3041 3667 3323 3725 expertem
3364 3661 3630 3718 visitavit.

2286 3737 2343 3791 Si
2380 3738 2563 3809 itaque
2618 3742 2899 3800 voluntate
2956 3757 3109 3802 caret
3176 3749 3525 3809 immaculata
3588 3755 3800 3812 Domini

2214 3831 2418 3897 anima,
2464 3834 2714 3901 sequitur
2770 3836 3058 3892 manifeste
3090 3840 3258 3910 ipsam
3292 3848 3608 3901 necessario
3656 3848 3801 3904 irra-

2216 3920 2496 3975 tionalium
2560 3924 2737 3978 instar
2796 3926 2909 3981 Deo
2961 3926 3141 3984 Verbo
3195 3929 3365 3987 fuisse
3426 3928 3803 4006 ‘sulljectatn,

2216 4016 2669 4083 quemadmodum
2735 4020 2918 4090 inepte
3000 4023 3442 4080 comminiscitur
3517 4028 3805 4099 Apollina-

2218 4109 2331 4163 rius
2365 4127 2380 4164 :
2417 4126 2719 4180 rursusque
2748 4114 3045 4170 voluntatis
3082 4132 3279 4187 expers
3308 4120 3351 4173 si
3388 4120 3481 4186 sit,
3510 4121 3625 4191 jam
3678 4139 3809 4179 con-

2217 4215 2453 4270 sequens
2508 4204 2686 4273 palam
2736 4214 2821 4262 est
2882 4207 3056 4277 ipsam
3143 4210 3478 4268 irrationalis
3546 4215 3748 4271 sideris
3791 4258 3807 4281 ,

2219 4294 2336 4347 sive
2366 4297 2525 4352 nnbis
2558 4298 2624 4350 ad
2670 4298 2847 4368 instar
2871 4301 2939 4355 ad
2970 4301 3179 4357 inferna
3218 4304 3588 4376 descendisse,
3614 4319 3671 4363 et
3704 4310 3810 4369 sub

2220 4386 2511 4443 Divinitate
2552 4389 2718 4444 veluti
2772 4391 3157 4461 inanimatum,
3189 4404 3245 4451 et
3270 4407 3480 4453 nmtum
3516 4415 3808 4472 organum,

2218 4491 2342 4533 sese
2371 4480 2738 4545 sermonibus,
2756 4491 2811 4536 et
2845 4485 3220 4553 praedicatiuni
3258 4491 3603 4556 praestitisse,
3634 4508 3810 4563 neque

521 4574 683 4645 τικὴν
712 4573 1022 4644 ἐνέργειαν,
1057 4571 1155 4625 καὶ
1184 4568 1417 4641 τοπικὴν
1450 4568 1806 4639 μετάστασιν.
1842 4570 1953 4621 Καὶ
1986 4570 2107 4642 ποίᾳ

2223 4570 2439 4625 iaterno
2484 4588 2762 4638 sermone,
2788 4575 2951 4631 sicuti
2984 4578 3180 4634 animae
3221 4582 3479 4638 essentia;
3530 4589 3809 4652 convenit,

522 4668 715 4722 λοιπὸν
760 4664 1019 4735 ἐνεργείᾳ
1071 4662 1169 4716 τοῦ
1207 4661 1463 4731 σώματος
1519 4659 1820 4732 ἐχωρίσθη,
1888 4661 2112 4715 καταλι-

525 4759 708 4813 ποῦσα
737 4758 869 4810 αὐτὸ
898 4754 1112 4827 νεκρὸν,
1146 4756 1242 4808 καὶ
1270 4754 1501 4824 ἄψυχον,
1546 4754 1642 4807 καὶ
1682 4753 1963 4823 ἀκίνητον,
2017 4754 2114 4807 καὶ

524 4853 895 4921 ἀνενέργητον
924 4851 1019 4911 τὰς
1058 4847 1169 4899 τῶν
1215 4847 1395 4918 μελῶν
1427 4847 1694 4917 κινήσεις,
1731 4843 1828 4900 καὶ
1887 4848 2115 4918 ἐνεργη-

523 4947 689 5008 τικάς
722 4943 955 5013 πράξεις
989 4941 1220 5012 ἔχοντας
1260 4941 1398 5012 Ποίᾳ
1423 4939 1677 5011 ἐνεργείᾳ
1703 4938 2001 5007 ἐξελθοῦσα
2050 4941 2116 4994 ἐκ

523 5037 631 5093 τοῖν
649 5034 1035 5106 δεσμωτηρίου
1078 5033 1174 5087 τοῦ
1228 5030 1355 5105 ᾅδου
1386 5030 1691 5101 ἐπανῆλθεν
1736 5034 1817 5094 είς
1872 5030 1934 5085 τὸ
1982 5031 2112 5085 ἴδιον

527 5130 691 5200 σῶμα
708 5146 745 5199 ς,
767 5129 832 5182 Ἠ
860 5130 968 5199 γὰρ
1001 5126 1123 5180 θεία
1152 5125 1403 5195 ἐνέργεια
1420 5125 1497 5187 ὡς
1518 5125 1620 5177 ἀπε
1630 5123 1935 5195 ρίγραπτος
1953 5120 2110 5193 οὖσα,

526 5224 622 5276 καὶ
657 5222 731 5275 τὰ
779 5222 960 5276 πάντα
1009 5217 1317 5290 πληροῦσα,
1353 5216 1477 5270 οὔτε
1524 5219 1590 5273 ἐκ
1632 5216 1804 5270 τόπου
1834 5217 1915 5282 εἰς
1951 5218 2118 5272 τόπον

528 5315 850 5387 πορεύεται,
879 5312 1242 5382 οὓτεΛχώραν
1289 5312 1354 5363 ἐκ
1388 5309 1572 5380 χώρας
1628 5308 1943 5379 ἀμείϐεται,
1992 5308 2118 5367 οὕτε

526 5409 849 5478 ἀιρίσταται,
885 5404 981 5460 καὶ
1033 5403 1199 5456 πάλιν
1239 5401 1485 5465 τοπικῶς
1535 5403 1928 5472 ἐπανέρχεται.
1964 5403 2025 5455 Εἰ
2063 5403 2118 5456 δὲ

527 5499 751 5571 suam,
773 5501 869 5552 καὶ
898 5497 1266 5568 ἀνενέργητος
1296 5492 1364 5563 ἦν
1403 5497 1461 5550 ἐν
1510 5495 1589 5565 τῷ
1646 5495 1747 5567 ᾄδῃ
1777 5497 1809 5565 ἡ
1860 5495 2118 5568 Κυριακὴ

525 5596 698 5667 ψυχὴ,
731 5594 950 5657 πάντως
1007 5593 1092 5646 ὅτι
1146 5591 1240 5644 καὶ
1284 5590 1508 5658 ἀλογίαν
1569 5593 1664 5643 καὶ
1724 5591 1951 5656 ἄγνοιαν
1982 5586 2116 5660 εἶχε,

530 5685 630 5741 γα).
658 5684 1019 5758 εὑρεθήσεται
1050 5682 1354 5751 τιμιωτέρα
1389 5680 1564 5749 αυτῆς
1594 5681 1628 5751 ή
1671 5679 1823 5750 ψυχὴ
1866 5679 1960 5734 τοῦ
2013 5679 2118 5732 Σα-

533 5778 708 5853 μουὴλ
744 5777 1044 5833 ἀνελθοῦσα
1082 5778 1144 5829 ἐκ
1174 5776 1267 5829 τοῦ
1304 5774 1431 5843 ᾅδου
1476 5775 1567 5829 διά
1624 5792 1747 5831 τινα
1778 5774 2115 5847 οἰκονομίαν,

2221 4678 2399 4733 neque
2457 4665 2839 4736 intelligentia,
2900 4684 3080 4738 neque
3125 4674 3460 4744 cogitatione
3509 4677 3808 4746 donatam;

2214 4757 2661 4828 circumscripta,
2691 4761 3121 4832 procedentiqne
3171 4768 3514 4834 Operatione,
3549 4780 3604 4824 et
3652 4772 3810 4828 locali

2218 4850 2593 4906 translationis
2646 4852 2903 4909 facultate
2949 4856 3289 4912 destitutam.
3350 4858 3619 4917 Caeterum
3673 4878 3811 4932 qua-

2219 4957 2344 4997 nam
2368 4945 2587 4999 actione
2635 4959 2665 4999 a
2715 4961 2947 5015 corpore
2984 4959 3239 5018 separata
3296 4961 3401 5018 est,
3434 4954 3611 5024 ipsmn
3666 4972 3812 5012 mor-

2222 5045 2396 5101 tuum,
2437 5038 2799 5094 inanimatum
2850 5048 2906 5094 et
2963 5041 3241 5097 immobile
3303 5044 3640 5113 relinquens,
3692 5049 3811 5118 ipsa

2223 5129 2493 5198 privatum
2517 5129 2682 5184 etiam
2716 5140 2897 5187 motus
2928 5133 3299 5188 membrorum
3327 5134 3609 5203 facultate,
3643 5142 3810 5197 mini-

2225 5236 2420 5290 meque
2448 5223 2715 5291 operativi
2747 5234 2904 5279 actus
2935 5225 3138 5281 virtute
3168 5226 3522 5284 roboratam?
3561 5230 3809 5299 Quanam

2223 5311 2442 5368 actione
2485 5327 2551 5367 ex
2587 5313 2786 5368 inferni
2821 5315 3141 5371 carceribus
3184 5332 3402 5386 egressa
3447 5322 3498 5375 in
3528 5325 3809 5393 proprittut

2223 5420 2420 5473 corpus
2461 5405 2659 5460 rediit?
2694 5406 2887 5461 Divina
2914 5410 3112 5479 quippe
3133 5416 3377 5481 operatio
3404 5415 3813 5473 incircumscri-

2224 5508 2311 5566 pta
2338 5514 2462 5551 cum
2483 5499 2578 5563 sit,
2607 5500 2907 5569 omniaque
2945 5504 3251 5571 complens,
3281 5516 3387 5561 non
3419 5508 3483 5563 de
3519 5508 3639 5564 loco
3678 5526 3809 5580 pro-

2223 5591 2369 5645 cedit
2398 5591 2466 5645 ad
2492 5590 2692 5656 locum,
2725 5608 2902 5661 neque
2923 5594 2988 5649 de
3019 5596 3244 5652 civitate
3276 5599 3329 5653 in
3354 5600 3637 5657 civitatem
3676 5616 3806 5673 per;

2225 5682 2452 5747 transit;
2513 5697 2620 5738 non
2680 5685 2911 5751 recedit,
2962 5702 3152 5742 rursus
3174 5687 3427 5744 localiter
3487 5694 3808 5749 adventura.

2223 5771 2413 5844 itaque
2438 5773 2482 5830 si
2516 5775 2835 5841 voluntatis,
2865 5778 2907 5832 si
2948 5782 3289 5848 operationis
3329 5797 3528 5855 expers
3575 5786 3627 5839 in
3667 5786 3812 5840 infe-
