4064 6418
356 381 499 449 1177

1871 392 2150 456 SERMO.

3497 395 3639 464 1178

351 500 550 574 ἐντολὴ
603 501 698 556 καὶ
726 501 924 578 ἁρετὴ,
951 502 1202 560 τουτέστι
1235 502 1296 558 τδ
1319 547 1331 566 ,
1375 523 1392 556 ι
1447 505 1787 578 Ἀγαπήσεις
1819 506 1937 560 Κύ-

2043 512 2385 580 virtutesque
2431 511 2806 576 continentur,
2845 521 3009 585 atque
3045 513 3398 586 colliguntur,
3435 513 3636 570 videli-

355 610 480 666 ριον
499 594 591 648 τδν
620 594 756 648 Θεόν
802 611 895 648 σου
936 595 996 661 ἐξ
1037 594 1163 668 ὅλης
1196 599 1297 668 τῆς
1328 598 1561 669 καρδίας
1593 615 1712 662 σου,
1747 599 1842 652 καὶ
1881 597 1942 668 ἐξ

351 688 488 757 ὅλης
513 687 612 758 τῆς
640 687 820 758 ψυχῆς
845 703 962 752 σου,
999 687 1098 740 καὶ
1125 689 1440 758 ἀγαπήσεις
1469 689 1562 740 τὸν
1593 689 1824 760 πλησίον
1847 707 1942 744 σου

351 781 434 842 ὡς
464 780 660 834 ἑαυτόν
681 795 695 810 ο
736 799 755 829 ι
794 779 892 833 καὶ
933 781 990 833 αι
1023 779 1120 836 δύο
1146 775 1308 835 αῦται
1338 781 1554 834 ἐντολαὶ
1591 783 1735 834 κατὰ
1763 782 1942 853 ψυχὴν

347 871 635 940 λέγονται,
675 869 774 923 καὶ
815 870 1189 940 ὲνεργοῦνται.
1233 871 1450 942 Ἀγάπη
1489 873 1597 944 γάρ
1647 875 1816 939 ἐστιν,
1866 873 1944 938 ὥς

351 979 494 1033 φησι
535 960 835 1026 Διονύσιος,
869 963 1106 1034 ἑνωτικὴ
1165 962 1260 1016 καὶ
1301 963 1608 1035 συναπτικὴ
1632 964 1734 1032 τῆς
1763 965 1942 1035 ψυχῆς

347 1055 602 1120 διάθεσις
629 1055 765 1128 πρὸς
807 1057 870 1108 τὸ
899 1055 1266 1126 ποθούμενον.
1307 1056 1580 1119 Ὡσαύτως
1627 1059 1724 1110 καὶ
1756 1059 1806 1110 οἱ
1845 1075 1944 1128 μα-

347 1149 625 1222 καρισμοὶ
671 1146 766 1202 τοῦ
797 1149 1027 1222 Κυρίου,
1064 1148 1206 1202 κατὰ
1227 1147 1325 1218 τὴν
1384 1149 1579 1219 νοερὰν
1621 1149 1840 1220 θέλησιν
1881 1167 1941 1204 τε

347 1244 450 1296 καὶ
467 1242 754 1313 ἐνέργειαν
781 1242 880 1312 τῆς
902 1243 1082 1313 ψυχῆς
1109 1241 1508 1295 ἐπιτελοῦνται·
1533 1241 1594 1294 τὸ
1621 1240 1751 1312 γὰρ,
1774 1261 1793 1292 ‹
1823 1242 1944 1296 Μα-

345 1338 543 1405 κάριοι
576 1337 628 1387 οἱ
658 1337 865 1405 πτωχοὶ
898 1335 976 1405 τῷ
1008 1335 1304 1404 πνεύματι,
1334 1355 1350 1386 ι
1370 1335 1580 1406 ψυχικῇ
1605 1338 1775 1406 ἀρετῇ
1809 1336 1943 1389 καθ-

348 1427 617 1498 έστηκενο
643 1429 844 1498 ὁμοίως
867 1429 960 1480 καὶ
979 1428 1061 1493 τὸ,
1095 1447 1113 1478 t
1150 1429 1430 1499 Μακάριοι
1458 1431 1506 1482 οἱ
1533 1427 1880 1492 πενθοῦντες,
1917 1447 1936 1479 ι

346 1520 417 1571 ἐκ
468 1517 712 1588 ψυχικῆς
749 1517 1274 1592 συνανθρωπότητος
1329 1520 1422 1571 καὶ
1467 1519 1762 1610 θελήσεως,
1787 1521 1941 1587 ἐνερ-

345 1611 553 1678 γεῖται·
575 1609 722 1664 καθὰ
753 1611 848 1663 καὶ
864 1611 946 1676 τὸ,
982 1629 1000 1661 ι
1028 1610 1306 1680 Μακάριοι
1357 1613 1406 1662 οἱ
1437 1613 1654 1679 πραεῖς,
1681 1629 1700 1660 ι
1729 1609 1824 1665 καὶ
1856 1609 1938 1675 τὸ,

351 1722 376 1754 ε
417 1702 696 1774 Μακάριοι
749 1703 800 1756 οἱ
831 1705 1066 1774 καθαροὶ
1099 1707 1165 1776 τῇ
1199 1704 1422 1776 καρδία,
1463 1723 1482 1755 ι
1521 1705 1728 1768 καὶτὸ,
1769 1723 1786 1754 ι
1821 1705 1944 1757 Μα-

345 1799 538 1866 κάριοι
556 1799 604 1850 οἱ
627 1799 986 1868 εἰρηνοποιοί.
1021 1815 1040 1847 ι
1065 1797 1140 1851 Οὐ
1172 1799 1332 1867 μόνον
1349 1796 1428 1857 δὲ,
1457 1795 1594 1849 άλλὰ
1621 1795 1716 1849 καὶ
1734 1796 1939 1861 πίστις,

348 1891 533 1954 ἐλπὶς,
579 1891 793 1962 ἀγάπη,
846 1891 1080 1960 ψυχικαὶ
1127 1890 1348 1960 ἀρεταὶ,
1383 1889 1480 1942 καὶ
1508 1889 1571 1942 οὐ
1628 1889 1940 1958 σωματικαὶ
1973 1872 2014 1926 Β

343 1981 722 2052 τυγχάνουσι·
773 1980 1031 2052 καθάπερ
1083 1980 1248 2034 πάλιν
1301 1981 1575 2046 κάκεῖναι,
1610 1979 1676 2043 ἃς
1721 1981 1750 2032 ὁ
1780 1979 1942 2042 αὐτὸς

360 2073 690 2137 ’Δπόστολος
711 2075 825 2126 άπα
837 2072 1114 2142 ριθμείται
1140 2073 1344 2140 λέγων,
1363 2075 1447 2127 ὅτι
1474 2091 1494 2124 ι
1523 2073 1587 2126 Οἱ
1613 2072 1820 2142 καρποὶ
1845 2069 1939 2124 τοῦ

347 2165 678 2238 Πνεύματός
709 2167 848 2219 εἰσιν
873 2167 1088 2236 ἀγάπη,
1129 2165 1296 2237 χαρά,
1325 2167 1538 2234 εἰρήνη,
1565 2162 1939 2236 μακροθυμία,

346 2261 684 2332 χρηστότης,
717 2259 1048 2329 ἀγαθοσύνη,
1101 2278 1120 2312 ι
1155 2261 1251 2312 καὶ
1287 2259 1356 2311 τὰ
1379 2257 1529 2327 ἑξῆς.
1563 2257 1720 2311 Κατὰ
1747 2249 1941 2328 νόεράν

347 2349 576 2420 θέλησιν
613 2365 673 2403 τε
700 2348 799 2402 καὶ
827 2349 1112 2417 ἐνέργειαν
1142 2349 1202 2400 ὲν
1227 2349 1288 2418 τῇ
1320 2345 1467 2418 ψυχῇ
1495 2345 1906 2416 προσγίνονται.

417 2615 530 2669 Καὶ
576 2615 770 2686 ἐπειδὴ
817 2614 974 2688 δίκην
999 2615 1186 2669 ἵππων
1218 2615 1318 2670 καὶ
1372 2613 1615 2686 ἡμιόνων
1661 2614 1938 2668 ἀσυνέτων

295 2757 302 2766 .
343 2708 644 2779 πτύρονται
695 2709 748 2762 οἱ
783 2709 883 2773 τὰς
913 2709 1007 2762 τοῦ
1055 2710 1261 2782 Κυρίου
1294 2709 1704 2780 ἀπαρνούμενοι
1739 2725 1938 2762 συστα-

340 2803 509 2864 τικὰς
535 2802 636 2872 τῆς
666 2803 948 2872 ἡμετέρας
974 2801 1192 2872 φύσεως
1235 2803 1529 2871 ἰδιότητας,
1559 2801 1706 2868 λέγω
1733 2801 1798 2872 δὴ
1837 2799 1938 2872 τὴν

340 2893 588 2965 οὐσιὼδη
608 2894 708 2969 τῆς
727 2893 905 2965 ψυχῆς
929 2895 1152 2964 θέλησιν
1172 2895 1466 2958 ἀκούοντες
1494 2895 1596 2948 καὶ
1626 2893 1934 2966 ἐνέργειαν,

340 2988 582 3058 ἔροῦμεν
607 2989 968 3058 σαφέστερον,
993 2988 1094 3058 τὴν
1114 2987 1321 3041 τούτων
1345 2986 1535 3058 ὥσπερ
1551 2984 1939 3056 διερμηνεύον-

338 3098 434 3142 τες
469 3082 562 3134 καὶ
597 3079 990 3150 σαφηνίζοντες
1015 3080 1244 3152 δύναμιν
1266 3097 1280 3111 ο
1315 3079 1538 3150 θέλησις
1581 3079 1764 3150 ψυχῆς
1786 3078 1938 3147 λογι-

340 3176 450 3242 κῆς
478 3176 648 3237 ἐστιν,
693 3173 770 3236 ὡς
811 3173 920 3244 προ
945 3172 1177 3245 βραχεος
1235 3173 1329 3228 καὶ
1357 3175 1386 3226 ὁ
1435 3174 1610 3242 μέγας
1658 3171 1936 3232 Διονύσιος

340 3266 538 3335 εἴρηκε
559 3305 574 3324 ,
604 3253 636 3315 ἰ
675 3263 903 3333 δύναμις
942 3263 1226 3335 λογιστικὴ
1278 3265 1371 3317 καὶ
1397 3263 1775 3332 ὲπιθυμητικὴ
1799 3262 1934 3332 πρὸς

338 3357 406 3408 τὸ
443 3354 816 3408 συνάπτεσθαι
844 3356 919 3421 τῷ
943 3353 1065 3425 Θεῷ
1100 3355 1198 3426 τὴν
1222 3354 1424 3424 ψυχὴν,
1449 3353 1554 3406 ὑπὸ
1576 3353 1713 3406 Θεοῦ
1735 3353 1934 3405 οὐσιω-

341 3447 456 3507 δὼς
492 3449 632 3518 αὐτῇ
670 3447 1050 3518 δεδωρημένη,
1091 3449 1161 3501 δι’
1305 3446 1619 3517 εἰργάζετο,
1674 3447 1767 3499 καὶ
1811 3443 1938 3512 ἐφύ-

340 3541 608 3592 λαττεν-ὁ
641 3539 858 3610 πρῶτος
907 3541 1199 3610 ἄνθρωπος
1229 3539 1299 3591 τὰ
1332 3539 1454 3591 θεῖα
1500 3539 1960 3609 προστάγματα,-

343 3637 412 3687 ὲκ
448 3633 724 3703 θελήσεως
749 3631 989 3703 ψυχικῆς
1013 3633 1094 3694 εἰς
1121 3631 1409 3701 ἐνέργειαν
1435 3631 1544 3683 τῶν
1578 3628 1811 3682 ἐντολῶν
1839 3626 1935 3679 τοῦ

342 3725 483 3778 Θεοῦ
511 3726 829 3796 ἐρχόμενος.
863 3745 880 3774 ι
919 3723 1081 3776 Ἀλλά
1113 3723 1290 3776 ταῦτα
1321 3723 1421 3793 μὲν
1453 3724 1546 3775 ἐπὶ
1577 3721 1670 3774 τοῦ
1719 3721 1894 3790 Ἀδάμ
1919 3737 1932 3750 ·

343 3821 568 3888 εἴρηται
607 3817 665 3869 δὲ
706 3817 799 3869 ἐπὶ
835 3815 1077 3885 Χριστοῦ
1132 3814 1228 3866 τοῦ
1277 3813 1430 3874 Υξοῦ,
1469 3816 1563 3866 καὶ
1592 3815 1675 3866 ὅτι
1722 3813 1937 3884 μορφὴν

341 3900 746 3978 δούλου,’ἧγουν
771 3906 962 3959 οὐσίαν
983 3905 1201 3968 δούλου,
1235 3905 1504 3967 ἑκουσίως
1535 3904 1749 3959 ἔλαϐεν.
1787 3903 1936 3974 Αῦτη

343 3999 594 4068 τοίνυνὴ
635 4001 778 4051 κατὰ
832 3997 924 4050 τὸν
961 3996 1196 4068 Χριστὸν
1251 3998 1459 4067 μορφὴ,
1491 3997 1585 4048 καὶ
1637 3996 1798 4050 οὐσία
1842 3997 1936 4049 τοῦ

343 4089 564 4154 δούλου,
601 4091 744 4146 κατὰ
776 4089 831 4142 τί
859 4089 1054 4141 ἀκούει
1095 4089 1280 4159 μορφὴ
1323 4087 1534 4150 δούλου,
1581 4089 1721 4140 κατᾶ
1779 4088 1937 4141 ποίαν

343 4184 617 4245 δουλείαν,
651 4184 747 4237 καί
788 4183 1118 4252 ὑπουργίαν,
1156 4183 1248 4234 καὶ
1282 4182 1599 4252 ὑποταγήν;
1657 4177 1766 4252 ἆρα
1797 4181 1945 4234 κατὰ·

344 4276 448 4346 τὴν
479 4275 822 4346 Δεσποτικὴν
854 4275 1102 4340 θέλησιν,
1139 4275 1236 4328 καὶ
1261 4276 1568 4346 ἐνέργειαν,
1599 4276 1690 4327 καὶ
1720 4275 1935 4346 μορφὴν

344 4367 444 4420 τοῦ
479 4366 614 4420 Θεοῦ
642 4367 842 4436 Λόγου,
872 4367 980 4420 ἀπό
1013 4383 1076 4435 γε
1104 4367 1202 4437 τῆς
1242 4365 1455 4438 ’Λρείου
1481 4367 1650 4436 μανέα
1663 4385 1714 4431 ;;

2047 614 2153 671 cet,
2195 623 2213 655 ι
2248 603 2449 676 Diliges
2482 602 2770 657 Dominum
2811 603 2976 659 Deum
3033 614 3182 660 tuum
3216 621 3283 660 ex
3311 615 3425 662 toto
3455 608 3622 662 corde

2045 703 2158 760 tuo,
2189 707 2242 749 et
2261 711 2326 750 ex
2347 705 2458 750 tota
2487 697 2671 749 anima
2693 706 2802 759 tua,
2825 708 2877 752 et
2907 697 3098 766 diliges
3123 701 3431 768 proximum
3455 708 3631 763 tuum,

2045 789 2186 843 sicut
2217 791 2442 857 teipsum
2473 789 2520 821 ’⁸
2554 807 2568 843 :
2605 807 2624 841 ι
2664 791 2887 866 haecque
2913 795 3019 845 duo
3053 796 3167 862 ipsa
3189 792 3632 862 prmceptajuxla

2045 880 2210 933 animi
2243 880 2557 934 facultatem
2579 884 2831 950 proponi,
2875 893 2930 938 et
2965 885 3238 939 exerceri.
3265 885 3436 938 Amor
3473 901 3629 938 nam-

2045 987 2170 1042 que,
2201 983 2257 1026 ut
2283 973 2572 1046 Dionysius
2611 975 2790 1041 docet,
2821 975 3028 1028 unitiva
3057 986 3162 1040 est,
3193 985 3249 1030 et
3279 977 3627 1046 c0njunetiva

2043 1065 2210 1117 animi
2267 1064 2551 1134 dispositio
2596 1067 2663 1120 ad
2705 1067 3073 1123 desideratum
3121 1068 3416 1139 objectnm.
3476 1068 3634 1124 Sicut

2043 1157 2208 1210 etiam
2230 1157 2912 1214 beatitudiues‘Dotninicze
2945 1157 3299 1214 intellectuali
3328 1161 3629 1227 voluntate,

2043 1249 2323 1316 animique
2342 1248 2604 1304 facultate
2627 1245 2986 1319 perﬁciuntur
3013 1270 3028 1306 :
3053 1253 3194 1321 quod
3213 1255 3358 1307 enim
3384 1253 3582 1306 dicitur
3612 1269 3630 1306 :

2049 1359 2068 1391 ‹
2109 1341 2260 1395 Beati
2311 1357 2578 1411 pauperes
2627 1344 2820 1412 spiritu
2847 1344 2915 1410 ’⁷,
2964 1363 2985 1396 ι
3023 1345 3090 1397 ad
3147 1344 3317 1398 animi
3373 1345 3629 1398 virtutem

2044 1435 2279 1502 pertinet
2310 1453 2324 1488 :
2362 1437 2501 1488 haud
2538 1451 2694 1489 secus
2754 1439 2962 1502 pariter
3007 1446 3170 1504 atque
3202 1435 3332 1488 illud
3372 1453 3386 1490 :
3421 1452 3440 1486 t
3480 1436 3630 1490 Beati

2043 1526 2134 1594 qui
2180 1525 2363 1595 lugent
2384 1523 2453 1590 ³⁸,
2485 1545 2503 1577 ι
2531 1541 2596 1580 ex
2629 1527 2900 1596 spirituali
2945 1527 3178 1583 Ιιοιιιίιιίε
3205 1537 3359 1596 parte
3385 1527 3632 1579 volunta-

2047 1627 2204 1686 teqne
2247 1617 2579 1687 adimpletur
2609 1637 2622 1674 :
2650 1619 3110 1688 quemadmodum
3134 1629 3187 1672 et
3217 1634 3337 1686 qua:
3386 1619 3631 1673 subdun-

2047 1719 2152 1772 tttr,
2181 1728 2199 1760 t
2232 1709 2690 1767 Beati’tnansueti.
2724 1727 2743 1760 ι
2771 1720 2826 1763 et
2858 1727 2876 1760 ι
2908 1707 3058 1762 Beati
3088 1712 3287 1762 mundo
3311 1709 3500 1772 corde,
3528 1728 3545 1760 ι
3571 1715 3631 1762 et

2048 1812 2068 1844 t
2107 1793 2254 1848 Beati
2287 1795 2498 1866 paciﬁci
2525 1797 2624 1850 ⁸³.»
2660 1795 2848 1866 Neque
2875 1798 3004 1865 _ha-c
3028 1799 3139 1850 sola
3169 1808 3401 1860 tantum,
3441 1813 3628 1850 verum

2044 1885 2212 1939 etiam
2258 1887 2414 1952 ﬁdes,
2439 1903 2584 1957 spes,
2614 1888 2878 1954 charitas,
2909 1889 3220 1957 spirituales
3250 1889 3502 1954 virtutes,
3529 1889 3632 1942 mi-

2050 1978 2196 2032 nime
2232 1993 2361 2034 vero
2393 1995 2672 2046 corporeae
2720 1995 2842 2034 esse
2889 1980 3250 2048 proculdubio
3285 1979 3625 2048 judicantur.

2045 2069 2218 2138 Cujus
2249 2085 2383 2126 sane
2418 2073 2636 2140 generis
2657 2071 2822 2125 etiam
2849 2087 2928 2126 eae
2961 2081 3108 2134 sunt,
3143 2086 3279 2139 quas
3336 2070 3629 2140 Apostolus

2046 2161 2162 2231 ipse
2183 2162 2423 2233 gentium
2453 2171 2762 2226 enumerat,
2789 2163 3066 2232 inquiens,
3127 2181 3146 2213 t
3189 2161 3422 2216 Fructus
3453 2160 3630 2229 Spiri$

2047 2264 2138 2309 tus
2168 2271 2288 2309 esse
2311 2256 2660 2318 eltaritatem,
2701 2255 2980 2324 gaudium,
3005 2271 3216 2324 pacem,
3245 2254 3631 2327 longanimita-

2045 2357 2176 2411 tem,
2205 2348 2526 2413 bonitatem,
2559 2347 2975 2416 benignitatem-
2997 2346 3067 2411 ³ο,
3123 2364 3142 2398 ι
3173 2356 3228 2400 et
3279 2355 3496 2400 caetera.
3525 2344 3631 2400 Per

2042 2439 2468 2494 intellectualem
2521 2439 2722 2509 quippe
2753 2439 3113 2503 voluntatem,
3162 2448 3214 2494 et
3251 2439 3629 2508 operationem

2042 2533 2240 2586 adsunt
2263 2541 2563 2602 praesentes
2593 2531 2798 2585 animo.

2111 2622 2381 2688 Quoniam
2413 2637 2545 2677 vero
2593 2636 2881 2691 equorum,
2913 2631 3004 2675 aut
3055 2620 3322 2675 mulorum
3367 2618 3632 2690 insipien-

2042 2715 2176 2768 tium
2215 2716 2391 2769 instar
2413 2723 2863 2778 consternantur,
2897 2719 2988 2782 qui
3021 2713 3388 2766 subsistentes
3420 2719 3631 2764 naturae

2039 2816 2245 2860 nostra:
2303 2805 2664 2874 proprietates
2717 2812 2920 2872 negant
2952 2803 3004 2856 in
3039 2801 3268 2856 Domino
3301 2815 3421 2854 esse
3451 2815 3466 2852 :
3497 2813 3634 2866 qua-

2041 2911 2159 2950 rum
2231 2913 2364 2952 sane
2429 2899 2648 2951 nomine
2719 2895 3080 2957 voluntatem,
3150 2893 3633 2961 operatione-mque

2039 2989 2223 3043 animo
2279 2988 2628 3045 essentialem
2685 2987 2971 3056 designant
3023 3003 3040 3040 :
3085 2985 3290 3038 clarius
3350 2983 3464 3037 Iure
3514 2981 3632 3050 ipsa

2039 3096 2398 3148 exponemus,
2451 3096 2638 3136 earum
2722 3077 3138 3146 interpretando
3219 3076 3411 3139 veluti,
3469 3083 3632 3144 atque

2039 3173 2394 3240 expendenda
2411 3173 2542 3239 vim,
2576 3186 2642 3226 ac
2679 3169 3011 3224 facultatem.
3054 3166 3151 3222 Est
3175 3167 3357 3236 itaque
3387 3167 3634 3220 rationa-

2040 3265 2108 3318 lis
2141 3265 2338 3318 animze
2368 3263 2638 3322 voluntas,
2658 3271 2720 3316 ἰιι
2751 3261 3036 3334 perpaucis
3062 3261 3221 3312 etiam
3253 3273 3479 3328 magnus
3506 3254 3634 3309 Dio-

2039 3355 2228 3425 nysius
2268 3352 2544 3416 diliinivit,
2577 3371 2595 3403 ι
2630 3351 2860 3406 facultas
2891 3349 3192 3414 rationalis,
3219 3363 3326 3415 qua
3358 3345 3634 3400 desiderio

2038 3446 2398 3514 conjungendi
2420 3444 2784 3512 nosmetipsos
2811 3441 2920 3494 Deo
2943 3441 3188 3504 feriumr,
3221 3454 3250 3490 a
3287 3437 3398 3492 Deo
3443 3451 3633 3492 essen-

2039 3537 2245 3591 tialiter
2266 3537 2464 3590 animae
2505 3536 2603 3604 ipsi
2635 3537 2858 3597 donata,
2895 3549 2989 3600 per
3011 3547 3175 3600 quem
3207 3539 3471 3600 operatus
3521 3537 3628 3590 est,

2040 3629 2391 3698 servavitque
2423 3628 2630 3696 primus
2663 3627 2826 3680 hmno
2855 3625 3036 3684 divina
3079 3633 3370 3692 praecepta,
3401 3636 3465 3674 ex
3501 3622 3628 3672 ani-

2038 3720 2167 3776 mali
2223 3721 2502 3772 voluntate
2548 3731 2874 3786 progressus
2909 3715 2962 3768 in
3015 3711 3388 3782 operationem
3422 3710 3634 3764 divino-

2043 3827 2157 3863 rtnn
2198 3812 2596 3867 mandatorum.
2634 3825 2654 3857 ι
2693 3797 2803 3858 [Ioc
2825 3819 2953 3858 vero
2991 3805 3058 3856 atl
3091 3803 3354 3855 Atlamum
3398 3809 3628 3867 spectat.

2042 3900 2116 3955 De
2148 3901 2370 3954 Christo
2433 3910 2612 3952 autem
2653 3897 2742 3950 Dei
2774 3895 2913 3950 Filio
2965 3895 3200 3955 (licetur,
3221 3893 3367 3960 quod
3397 3889 3629 3942 fortnam

2041 3995 2206 4056 servi,
2243 4009 2339 4047 seu
2377 3994 2520 4048 servi
2547 3990 2917 4046 substantiam
2975 3997 3166 4058 sponte
3199 3987 3524 4054 susceperit.
3555 3983 3631 4036 Ea

2043 4089 2206 4157 igitur
2233 4102 2352 4156 quae
2383 4087 2436 4139 in
2479 4085 2701 4140 Christo
2746 4083 2848 4138 fuit
2888 4082 3082 4144 forma,
3131 4082 3246 4134 sive
3311 4077 3630 4134 substantia

2041 4181 2185 4236 servi
2241 4180 2514 4248 quodnam
2571 4177 2765 4232 habuit
2833 4174 3113 4228 servitutis
3153 4171 3468 4240 specimen,
3531 4182 3631 4221 seu

2041 4288 2148 4342 qua
2205 4281 2462 4325 servnlute
2493 4311 2508 4336 ,
2558 4269 2939 4339 subjectione,
2986 4265 3327 4330 actionisque
3373 4262 3633 4314 famulatu

2042 4369 2335 4420 constituta
2385 4380 2506 4420 esse
2557 4373 2831 4429 censetur,
2877 4359 2981 4414 nisi
3043 4359 3142 4412 sub
3205 4355 3485 4409 Dominica
3540 4367 3637 4404 vo-

1947 4470 1954 4480 ‘
2042 4461 2342 4525 luntate,et
2371 4457 2762 4528 operationeet.
2789 4452 2966 4516 forma
2989 4451 3082 4506 Dei
3117 4449 3299 4514 Verbi,
3324 4456 3381 4499 ut
3419 4445 3488 4500 ab
3517 4444 3634 4499 Arii

430 4633 576 4687 Ἀλλ’
607 4634 797 4707 ἐπειδὴ
821 4634 912 4687 διὰ
937 4637 1037 4706 τῆς
1062 4635 1350 4707 παρακοῆς
1369 4635 1463 4688 τοῦ
1491 4635 1706 4705 πρώτου
1729 4634 1938 4708 ἀνθρώ-

346 4743 456 4780 που
544 4727 871 4796 ἁμαρτωλοὶ
915 4729 1277 4798 κατέστημεν
1315 4729 1363 4780 οἱ
1423 4727 1726 4798 ἅνθρωποι,
1790 4746 1940 4798 παρ-

346 4817 687 4884 ακούσαντος
711 4818 810 4872 τοῦ
847 4819 1022 4888 Ἀδὰμ
1041 4820 1148 4872 τῶν
1175 4818 1407 4873 ἐντολῶν
1437 4819 1528 4872 τοῦ
1554 4819 1714 4881 Θεοῦ,
1746 4819 1940 4872 τούτου

346 4913 511 4984 χάριν
539 4912 630 4966 διὰ
677 4913 777 4984 τῆς
807 4914 1020 4977 οἰκείας
1045 4914 1216 4967 αὑτοῦ
1247 4917 1274 4968 ὁ
1305 4915 1543 4984 Χριστὸς
1580 4914 1832 4984 ὑπακοῆς
1863 4915 1942 4968 δι-

347 5003 541 5069 καίους
572 5005 722 5075 ἡμᾶς
773 5005 1135 5074 κατέστησεν,
1175 5005 1235 5057 ἐν
1273 5008 1338 5075 τῇ
1391 5007 1574 5076 μορφῇ
1627 5003 1723 5058 τοῦ
1751 5005 1942 5058 δούλου

347 5097 581 5160 τ;λέσας
631 5097 700 5150 τὰ
766 5099 1174 5168 προστάγματα
1229 5098 1327 5151 τοῦ
1387 5099 1686 5164 Δεσπότου,
1747 5097 1784 5152 ἃ.
1840 5100 1944 5152 οὐκ

350 5176 622 5256 ἐφύλαξεν
675 5179 936 5258 ἀπαρχῆς
966 5189 994 5239 ὁ
1023 5185 1234 5250 δοῦλος.
1271 5187 1485 5258 ’Ὠσπερ
1524 5188 1634 5259 γὰρ
1657 5190 1748 5241 τὸν
1777 5186 1944 5242 θάνα-

349 5295 465 5342 τον,
501 5277 561 5330 ὃν
614 5279 915 5350 ἐχρεώστει
969 5282 996 5334 ὀ
1046 5279 1268 5346 δοῦλος,
1302 5281 1393 5334 διὰ
1442 5281 1545 5351 τῆς
1586 5282 1804 5353 μορφῆς
1851 5280 1948 5335 τοῦ

349 5370 543 5425 δούλου
580 5371 680 5442 τῆς
708 5371 913 5443 θνητῆς
944 5373 1272 5445 ἐπλήρωσεν
1305 5375 1333 5426 ὁ
1366 5376 1674 5444 Δεσπότης,
1707 5376 1952 5446 ὑπήκοος

349 5463 653 5532 γενόμενος
711 5465 874 5535 μέχρι
921 5465 1158 5519 θανάτου
1210 5466 1480 5536 σταυροῦ·
1522 5465 1798 5521 οὕτωκαὶ
1853 5467 1952 5538 τὴν

351 5559 647 5628 παρακοῆν
693 5557 788 5610 τοῦ
823 5559 1013 5630 νὸμο),
1059 5559 1154 5611 καὶ
1194 5557 1282 5612 τοῦ
1326 5559 1630 5629 θελήματος
1666 5563 1759 5612 τοῦ
1791 5561 1950 5622 Θεοῦ,

455 5759 694 5834 ’ξῐιοιιμ
723 5777 790 5821 ιι,
817 5761 884 5834 53
925 5761 1109 5819 Matth.
1141 5779 1277 5834 ml,
1307 5765 1396 5831 ὅτ,
1433 5767 1522 5819 δ’).

364 5833 406 5863 ’ί
485 5830 720 5902 Philipp.
753 5850 812 5899 ιι,
853 5832 903 5888 7.
935 5839 990 5888 8.

1602 5767 1645 5796 ³⁷
1675 5765 1864 5821 Mallll.
1901 5781 1960 5830 ν,
2003 5765 2055 5820 3.

1974 4575 2015 4627 ι)
2047 4554 2284 4608 amentia
2312 4549 2670 4606 recedamus?

2118 4645 2318 4716 verum
2345 4645 2602 4714 quoniam
2625 4659 2724 4710 per
2742 4641 2902 4711 primi
2919 4639 3158 4692 hominis
3209 4631 3636 4690 iuoliedienliam

2042 4747 2094 4792 et
2129 4753 2343 4799 casum,
2377 4746 2688 4804 peccatores
2742 4731 3023 4785 constituti
3083 4729 3332 4784 homines
3393 4725 3634 4788 fuerant,

2047 4839 2388 4896 transgresso
2417 4826 2590 4878 Adam
2657 4823 2748 4876 Dei
2799 4827 3063 4888 prtecepta
3085 4858 3100 4883 ,
3133 4816 3294 4882 hujus
3331 4813 3407 4866 rei
3437 4823 3630 4874 causa,

2045 4920 2261 4990 propria
2293 4918 2548 4972 Christus
2601 4911 3054 4984 ipseohedienlia
3111 4922 3211 4962 nos
3257 4907 3310 4959 itt
3363 4902 3631 4973 justitiam

2016 5012 2311 5084 _restituit,
2341 5011 2391 5063 in
2424 5010 2596 5062 forma
2635 5007 2777 5062 servi
2806 5004 3085 5060 DOIItllll‘l'a
3130 5007 3424 5056 exsecutus
3478 5011 3636 5049 man-

2049 5102 2194 5160 data.
2223 5116 2344 5170 quae
2401 5098 2530 5152 olim
2559 5114 2781 5152 ‘sertus
2831 5096 2900 5148 ab
2948 5093 3105 5147 initio
3136 5107 3241 5144 non
3277 5086 3632 5152 custodierat.

2050 5194 2513 5262 Queunulmodum
2547 5206 2779 5257 namque
2813 5195 3065 5248 mortem,
3108 5182 3196 5236 cui
3248 5179 3520 5234 obnoxius
3551 5180 3630 5228 fa-

2047 5299 2166 5342 ctus
2192 5285 2370 5338 fuerat
2401 5298 2617 5341 servus,
2654 5298 2750 5350 per
2779 5278 3065 5333 mortalem
3086 5274 3228 5330 servi
3263 5273 3632 5330 l'erntatusus-

2050 5377 2212 5430 tinuit
2253 5373 2531 5436 Dominus,
2566 5373 2744 5424 factus
2772 5370 3036 5424 ohediens
3071 5379 3246 5433 usque
3277 5364 3344 5418 ad
3398 5374 3630 5415 mortem

2043 5467 2231 5530 erucis
2262 5466 2302 5496 ³¹
2345 5483 2357 5518 :
2393 5474 2462 5517 ita
2533 5463 2664 5533 legis
2709 5479 2952 5533 quoque,
2985 5459 3398 5527 voluntatisun
3432 5458 3634 5510 divina:

2055 5561 2566 5630 transgressionem,
2599 5572 2758 5625 qu-uu
2795 5562 3140 5623 perpetrarat
3180 5565 3394 5614 servus,
3424 5549 3538 5618 ipse
3584 5548 3636 5600 in

2171 5765 2216 5796 ’³
2250 5765 2380 5819 ἰιιίιί.
2578 5764 2624 5796 ²⁹
2675 5761 2806 5816 ibid.
2862 5761 2915 5826 τι,
2952 5759 3007 5824 8,
3044 5763 3094 5824 9.
3197 5760 3238 5791 "’
3299 5757 3414 5810 Cal.
3456 5770 3508 5818 \‘,
3544 5756 3630 5808 ‘22.
