4064 6470
338 335 473 412 uss
1508 349 1809 411 CONTRA
1846 298 2444 410 MONOPHYSITAS.
3368 378 3390 391 -
3448 350 3589 415 1186

620 457 731 514 Τοῦ
755 459 965 522 αὐτοῦ,
999 459 1067 513 ἐκ
1098 457 1203 513 τοῦ
1235 459 1421 513 αὐτοῦ
1448 460 1656 528 λόγου.
1943 456 1996 517 Α

1943 456 1996 517 Α
2320 458 2594 529 Ejusdem,
2615 476 2676 512 ea:
2707 460 2880 513 eodem
2910 458 3308 515 commentario.

413 550 473 604 ὐ
502 549 611 619 γὰρ
641 551 709 620 τῇ
739 550 914 621 οἰκείᾳ
943 552 1094 619 φωνῇ
1140 550 1320 601 πᾶσαν
1350 549 1448 619 τὴν
1475 549 1581 601 τῶν
1608 546 1911 618 ἀνθρώπων

2087 549 2190 616 Qui
2230 564 2365 605 voce
2404 567 2502 606 sua
2541 553 2858 607 universum
2909 554 3195 606 hominum
3247 570 3420 625 genus
3448 572 3479 611 e
3506 571 3596 613 se-

330 644 495 712 σρύσιν
528 644 591 694 ἐκ
616 642 725 694 τῶν
751 643 939 710 τάφων
969 641 1274 709 ἀναστῆσαι
1307 639 1539 710 μέλλων,
1577 640 1695 702 πῶς
1721 638 1915 692 ἐδεδοί-

2014 642 2222 710 pulcris
2258 643 2691 697 resuscitaturus
2719 652 2822 707 est,
2853 645 3135 712 quomodo
3171 646 3421 700 timuerit
3448 662 3600 701 mor-

330 750 416 787 κει
464 732 737 800 θάνατον;
794 732 1009 786 Οὐκοῦν
1058 731 1416 801 πιστούμενος
1467 731 1527 783 τὸ
1573 729 1913 799 ἀνθρώπινον

2014 733 2166 786 tem?
2219 732 2291 788 Ut
2342 733 2530 803 igitur,
2579 734 2649 788 ob
2693 735 3080 789 haereticorum
3130 736 3597 803 incredulitatem,

329 825 525 877 ἑαυτοῦ
577 825 676 888 τὰς
721 823 831 876 τῶν
878 823 1143 893 αἱρέσεων
1186 823 1481 885 ἀπιστίας,
1527 822 1720 875 τούτου
1754 823 1913 892 χάριν

2016 823 2270 878 humanae
2310 823 2485 893 ipsius
2525 835 2735 879 naturae
2766 825 2929 880 fidem
2964 835 3261 890 astrueret,
3293 827 3437 890 ideo,
3471 844 3597 882 cum

328 916 424 969 καὶ
456 915 746 985 πράγμασι
780 915 876 967 καὶ
906 917 1148 985 ῥήμασιν
1187 915 1280 966 ἐπὶ
1310 915 1370 966 τὸ
1395 914 1570 976 πάθος
1597 914 1910 982 ἐρχόμενος,

2015 916 2080 969 ad
2123 916 2432 984 passionem
2475 932 2533 970 se
2566 919 2904 987 accingeret,
2943 917 3185 973 humano
3222 932 3371 972 more
3400 929 3459 973 et
3486 922 3601 989 egit

327 1008 690 1079 ἀνθρωπίνοις
738 1007 1028 1076 κέχρηται.
1079 1005 1171 1058 Διὸ
1233 1006 1327 1058 καὶ
1375 1003 1768 1072 προσεύχεται,
1817 1002 1913 1056 καὶ

2014 1012 2071 1058 et
2103 1003 2323 1058 locutus
2345 1012 2449 1057 est.
2484 1002 2832 1073 Quapropter
2860 1006 3029 1058 etiam
3063 1016 3202 1067 orat,
3227 1014 3284 1059 et
3313 1008 3602 1077 sanguinis

330 1098 471 1167 ίῧροῖ
500 1100 625 1161 τοὺς
657 1096 1001 1168 αἱματώδους
1038 1096 1311 1168 θρόμϐους
1333 1135 1349 1159 ,
1401 1098 1494 1149 καὶ
1546 1094 1911 1167 ὺπδὶὰγγέλου

2016 1103 2201 1165 guttas
2231 1094 2483 1157 desudat,
2530 1106 2586 1149 et
2626 1096 2696 1149 ab
2723 1096 2939 1166 angelo,
2981 1098 3305 1166 angelorum
3337 1096 3596 1162 Creator,

325 1192 355 1243 ὁ
396 1191 507 1244 τῶν
540 1190 792 1259 ἀγγέλων
826 1190 1061 1260 Ποιητὴς
1102 1189 1415 1258 ἐνισχύεται
1446 1189 1540 1241 καὶ
1565 1186 1910 1256 θρασοποιεῖ-

2017 1187 2219 1240 robore
2267 1201 2332 1240 ac
2380 1185 2580 1240 ﬁducia
2618 1187 2913 1252 imbuitur,
2953 1198 3012 1243 et
3060 1198 3119 1243 ut
3169 1190 3309 1243 calix
3356 1199 3601 1246 transeat

323 1300 449 1344 ται,
488 1283 582 1334 καὶ
618 1278 914 1352 παρελθεῖν
944 1281 1108 1333 αὑτὸν
1140 1281 1201 1333 τὸ
1234 1282 1494 1349 ποτήριον
1521 1281 1691 1338 αἰτεῖ.
1729 1279 1822 1331 καὶ
1853 1277 1913 1330 τὸ

2014 1286 2297 1347 precatur,
2323 1287 2381 1332 et
2421 1278 2714 1333 humanam
2748 1280 2925 1349 ipsius
2950 1281 3289 1335 voluntatem
3322 1284 3601 1339 submittit

324 1371 674 1442 ἀνθρώπινον
726 1370 891 1424 αὐτοῦ
938 1371 1152 1439 θέλημα
1204 1368 1484 1424 ύποκλίνει
1536 1367 1616 1436 τῷ
1661 1365 1913 1436 πατρικῴ

2015 1379 2261 1440 paternae
2281 1370 2594 1442 divinaeque
2628 1373 2902 1427 voluntati
2927 1374 3157 1451 dicens:
3196 1376 3458 1430 Craterum
3493 1394 3600 1430 non

324 1465 423 1519 καὶ
451 1463 580 1532 θείῳ
608 1461 774 1516 αὑτοῦ
807 1462 1073 1531 θελήματι
1104 1462 1304 1528 λέγων·
1345 1461 1521 1525 Πλὴν
1542 1460 1627 1527 μὴ
1658 1458 1723 1511 τὸ
1754 1457 1904 1524 ἐμὸν

2017 1477 2133 1514 mea
2156 1461 2274 1528 ﬁat,
2299 1462 2393 1515 sed
2418 1473 2510 1517 tua
2539 1465 2805 1530 voluntas,
2848 1465 2928 1519 sic.
2957 1468 3256 1520 ostendens
3299 1483 3409 1520 non
3454 1467 3597 1520 divi—

324 1556 558 1622 θέληιια
598 1552 896 1622 γενέσθω,
934 1552 1099 1606 ἀλλὰ
1131 1555 1192 1605 τὸ
1225 1553 1344 1606 σόν
1365 1569 1380 1583 ο
1432 1552 1492 1604 οὺ
1523 1546 1799 1620 διαίρεσιν
1821 1549 1914 1601 καὶ

2016 1554 2232 1610 sionem
2288 1563 2389 1609 aut
2435 1558 2885 1611 contrarietatem
2925 1558 3294 1622 voluntatum,
3342 1559 3438 1612 sed
3476 1576 3603 1628 per-

325 1648 683 1717 ἰναντιῦτητα
731 1644 1055 1715 θελημὰτων
1102 1645 1356 1706 δεικνὺς,
1412 1643 1549 1696 ἀλλὰ
1600 1644 1661 1696 τὺ
1709 1642 1913 1695 τέλειον

2016 1647 2217 1700 lectam
2252 1646 2794 1713 humanitatem.Qni
2815 1649 2960 1702 enim
2988 1650 3597 1717 naturam(humanam)

324 1742 386 1793 ὲν
414 1737 817 1808 ἁνθρωπότητι.
869 1736 928 1788 '0
967 1736 1074 1805 γὰρ
1120 1739 1220 1804 τὴν
1259 1735 1420 1804 φύσιν
1458 1734 1910 1803 καταδεξάμενος,

2067 1737 2302 1800 iduerat,
2348 1737 2576 1792 omnino
2623 1739 2789 1793 etiam
2837 1721 2961 1809 (intra
2995 1750 3206 1795 naturae
3247 1750 3453 1806 essent,
3493 1743 3599 1796 sibi
3670 1804 3672 1813 ι

327 1829 550 1890 πάντως
584 1830 678 1880 καὶ
704 1827 774 1878 τὰ
799 1825 899 1895 τῆς
925 1824 1142 1893 φύσεως
1177 1823 1517 1894 ᾠκειώσατο.

806 1825 899 1895 τῆς
925 1795 1142 1893 φύσεως
1176 1795 1517 1894 ᾠκειώσατο.
1672 1795 1685 1799 γ
1731 1795 1745 1803 ν
1946 1795 1987 1848 Β
2016 1795 2411 1899 appropriavit.

328 1939 446 1995 Τοῦ
490 1938 662 2007 ἁγίου
708 1936 1068 2008 ’ᾼθανασςόυ
1095 1934 1165 1986 ἐκ
1200 1931 1305 2008 τοῦ
1338 1932 1526 2008 λόγου
1562 1929 1665 1983 τοῦ
1699 1932 1786 2008 εἰς
1820 1930 1906 1981 τό*

2011 1942 2078 1997 Ε.
2115 1942 2172 1997 S.
2207 1922 2492 1998 Athanasii
2531 1947 2908 1999 commentario
2950 1947 3004 1999 in
3044 1946 3179 1999 illud
3216 1965 3236 2001 :
3278 1965 3296 1997 ι
3342 1946 3601 2000 Dominus

450 2027 469 2061 ι
499 2003 711 2077 Κύριος
726 2004 929 2059 ἐκτισέ
959 2021 1060 2075 με,
1101 2023 1121 2056 ι
1153 2003 1251 2056 καὶ
1279 2003 1431 2056 κατὰ
1469 2003 1797 2068 Ἀρειον-ῶν.

1672 2003 1797 2051 νῶν·
2312 2017 2510 2068 creavit
2538 2032 2641 2079 me,
2678 2036 2696 2067 ι
2733 2023 2783 2068 et
2814 2025 2997 2069 contra
3028 2018 3277 2070 Arianos.

401 2099 517 2152 Καὶ
565 2096 696 2165 γοῦν
751 2095 846 2149 ἐπὶ
900 2095 993 2148 τὸν
1037 2094 1269 2165 σταυρὸν
1325 2092 1641 2163 ἐρχόμενος,
1677 2089 1910 2150 ἐκτενῶς

2079 2103 2215 2159 Cum
2248 2104 2302 2158 in
2335 2120 2401 2159 eo
2429 2114 2517 2159 est
2550 2114 2609 2159 ut
2636 2106 2820 2161 crucis
2851 2114 3083 2160 mortem
3114 2106 3346 2169 subeat,
3380 2106 3598 2161 iutense

318 2188 699 2260 προσεύχεται
764 2188 858 2240 καὶ
916 2187 977 2239 τὸ
1026 2187 1156 2254 γόνυ
1187 2185 1356 2237 κλίνει
1390 2225 1405 2249 ,
1438 2183 1614 2250 λέγων
1645 2199 1660 2213 ο
1696 2181 1907 2248 Πάτερ,

2009 2212 2074 2250 ac
2097 2196 2331 2266 genibus
2356 2196 2511 2251 ﬂexis
2532 2206 2653 2252 orat
2680 2199 2828 2251 hunc
2854 2199 2907 2252 in
2934 2198 3158 2253 modum
3182 2216 3195 2251 :
3223 2198 3402 2261 Pater,
3423 2209 3601 2254 trans-

321 2277 670 2346 παρελθέτω
719 2276 822 2330 ἀπ’
850 2273 1007 2342 ἐμοῦ
1042 2274 1110 2328 τὸ
1148 2272 1438 2340 ποτήριον
1501 2271 1677 2325 τοῦτο
1698 2288 1711 2301 ⁸
1740 2272 1911 2337 πλὴν

2010 2297 2097 2341 eat
2130 2306 2162 2341 a
2194 2304 2276 2342 me
2309 2290 2452 2342 calix
2483 2291 2611 2352 iste;
2641 2297 3005 2343 uerumtamen
3038 2307 3144 2344 non
3179 2307 3294 2344 mea
3330 2291 3593 2351 voluntas.

315 2366 410 2437 μὴ
449 2366 515 2419 τὸ
550 2366 699 2434 ἐμὸν
730 2364 959 2433 θέλημα
984 2363 1271 2433 γενέσθω,
1302 2363 1460 2415 ἀλλὰ
1493 2361 1561 2414 τὸ
1589 2361 1707 2413 σόν
1735 2375 1749 2389 ·
1782 2361 1910 2413 ἴδιον

2008 2380 2099 2434 sed
2131 2390 2220 2432 tua
2249 2379 2347 2443 ﬁat
2366 2421 2379 2444 ,
2406 2394 2560 2433 suam
2593 2380 2786 2435 dicens
2810 2382 3152 2436 voluntatem
3182 2381 3395 2447 carnis,
3427 2381 3598 2452 siqni-

322 2457 493 2514 αὑτοῦ
554 2457 769 2527 θέλημα
820 2456 997 2523 λέγων
1043 2455 1105 2507 τὸ
1143 2454 1243 2523 τῆς
1279 2453 1518 2523 σαργός*
1581 2453 1776 2522 ὅτιπερ
1816 2452 1911 2505 καὶ

1581 2453 1776 2522 ὅτιπερ
1816 2452 1911 2505 καὶ
2009 2473 2135 2527 dem
2169 2470 2345 2541 ipsam
2378 2479 2625 2525 nostram
2661 2487 2888 2527 carnem
2925 2472 3123 2528 induit.

322 2550 503 2622 αὐτὴν
526 2548 625 2619 τὴν
664 2547 942 2617 ἡμετέραν
979 2546 1160 2614 σάρκα
1188 2547 1246 2597 ὲν
1276 2544 1456 2613 ἑαυτῷ
1491 2540 1832 2612 ᾠκειώσατο.
2198 2540 2205 2541 ί
2454 2552 2455 2555 ‘

334 2659 720 2739 ’Arzmdtpou
765 2659 1107 2739 ἐπισκέπται)
1161 2660 1443 2739 ιζόστρων
1498 2657 1595 2739 (ρ).
1661 2656 1757 2712 Ἐκ
1800 2653 1909 2711 τοῦ

2011 2664 2282 2734 Antipatri
2334 2663 2634 2720 Bostrensis
2680 2668 2913 2737 episwpi
2939 2709 2953 2734 ,
3005 2683 3069 2721 ea:
3119 2670 3487 2724 dissertatione
3540 2673 3593 2724 in

643 2733 832 2798 λόγου
883 2728 989 2781 τοῦ
1030 2730 1118 2792 εἰς
1149 2728 1256 2780 τὸν
1307 2729 1594 2793 σταυρόν.
2135 2728 2148 2734 ⁷

1309 2729 1594 2793 σταυρόν.
2135 2728 2148 2734 ⁷
2680 2728 2914 2790 crucem.

398 2819 509 2873 Τοῦ
549 2819 657 2888 γὰρ
686 2816 1032 2887 ἀνθρωπίνου
1067 2816 1167 2885 τῆς
1201 2815 1481 2886 ἡμετέρας
1509 2814 1726 2883 φύσεως
1758 2813 1911 2882 θελή-

2082 2824 2397 2880 Secundum
2442 2827 2740 2883 humanam
2779 2829 3118 2883 voluntatem
3154 2844 3264 2898 qua
3308 2830 3451 2885 sicut
3494 2845 3594 2885 οῖς

322 2926 499 2980 ματος
546 2909 604 2960 ἐν
630 2904 872 2978 Χριστῷ,
891 2906 1017 2975 περὶ
1042 2898 1102 2956 οὗ
1135 2903 1400 2974 φησι-Μὴ
1422 2904 1489 2957 τὸ
1517 2903 1664 2973 ἐμὸν
1684 2902 1912 2971 θέλημα

2010 2912 2275 2982 praeditus
2308 2922 2429 2967 erat
2459 2912 2747 2979 Christus,
2779 2915 2927 2968 unde
2960 2915 3096 2970 dicit
3122 2932 3137 2969 :
3167 2914 3286 2969 Non
3323 2934 3440 2971 mea
3461 2957 3476 2982 ,
3504 2919 3593 2971 sed

325 2998 592 3071 γενέσθω
618 3038 635 3064 ,
667 2997 827 3052 ἀλλὰ
868 2996 936 3049 τὸ
970 2994 1087 3049 σὺν
1109 3035 1124 3058 ,
1172 2994 1302 3047 ἴδιον
1340 2990 1408 3065 ἦν
1454 2994 1487 3064 ἡ
1546 2994 1645 3048 τοῦ
1677 2994 1909 3047 θανάτου

2012 3011 2105 3058 tua
2157 3003 2255 3072 ﬁat
2304 3004 2581 3071 voluntas,
2634 3015 2867 3060 mortem
2920 3006 3289 3074 detrectavit;
3345 3011 3590 3074 etenim,

319 3089 665 3158 παραίτησις
688 3104 701 3117 ·
720 3086 1039 3157 προεμήνυε
1082 3085 1186 3155 γὰρ
1214 3084 1289 3147 ὡς
1318 3084 1448 3148 Θεὸς
1477 3085 1903 3154 ὃτιπαρέρχεται

2011 3105 2120 3158 qua
2158 3090 2303 3144 Deus
2339 3091 2591 3160 praedixit
2629 3092 2857 3147 calicem
2902 3094 3079 3165 ipsum
3119 3110 3242 3150 esse
3283 3101 3594 3167 praeteritu-

320 3181 492 3232 αὐτὸν
518 3180 581 3231 τὸ
609 3179 889 3247 ποτήριον.
934 3175 1160 3245 Ἀνέστη
1195 3175 1303 3244 γὰρ
1328 3177 1633 3246 τριήμερος
1654 3215 1669 3239 ,
1705 3176 1906 3228 ἀθανα-

2015 3196 2160 3235 rum.
2184 3180 2457 3236 Nimirum
2488 3190 2614 3253 post
2645 3191 2757 3237 tres
2786 3182 2907 3238 dies
2938 3186 3271 3249 resurrexit,
3304 3196 3589 3256 postquam

319 3271 482 3334 τίσας
543 3272 642 3342 τὴν
693 3271 913 3342 σάρκα,
946 3269 1043 3324 καὶ
1089 3267 1388 3338 συντρίψας
1440 3267 1501 3320 τὸ
1545 3267 1638 3321 τοῦ
1678 3266 1913 3322 Θανάτου

2014 3284 2236 3325 carnem
2268 3270 2682 3350 immertalitate
2714 3272 3018 3329 donaverat
3049 3282 3107 3330 et
3138 3276 3335 3331 mortis
3366 3276 3588 3330 calicem

322 3363 610 3434 ποτήριον.

2011 3361 2381 3432 confregerat.

324 3476 446 3533 Τοῦ
481 3479 694 3543 αὐτοῦ,
726 3477 796 3531 ἐκ
830 3476 935 3531 τοῦ
964 3474 1152 3559 αὑτοῦ
1197 3473 1384 3542 λόγου
1423 3471 1575 3525 κατὰ
1611 3471 1929 3527 Ἀπολλιγαη

1870 3490 1953 3527 να·
2124 3473 2402 3540 Ejusdem,
2434 3488 2498 3526 ea:
2526 3481 2755 3526 tractatu
2787 3473 3038 3529 adversus
3064 3476 3475 3549 Apollinarium.

1084 3562 1198 3597 ιου.
2248 3562 2255 3577 ⁴τ

1084 3562 1198 3597 ιου.

411 3639 474 3693 '0
501 3637 633 3708 γοῦν
675 3637 815 3717 ύπὲρ
860 3637 1019 3708 ἡμῶν
1037 3562 1259 3687 ρπαθὼν
1304 3634 1363 3686 ού
1420 3633 1580 3703 μόνον
1639 3632 1915 3703 ἁμαρτίαν

2085 3631 2190 3700 Qui
2218 3632 2386 3703 igitur
2408 3647 2513 3702 pro
2536 3632 2698 3686 nobis
2723 3647 2919 3702 passus
2946 3643 3050 3699 est,
3079 3650 3190 3689 non
3218 3644 3430 3691 tantum
3463 3651 3593 3704 ιιι-α-

320 3730 433 3784 οὗκ
461 3731 747 3798 ἐποίησεν,
783 3727 919 3780 ἁλλὰ
944 3727 1040 3780 καὶ
1072 3724 1170 3787 τὰς
1219 3724 1374 3796 ῥίζας
1417 3725 1517 3794 τῆς
1549 3724 1821 3795 ἁμαρτίας
1851 3725 1917 3777 ὲκ

2016 3735 2198 3779 catum
2232 3740 2341 3779 non
2373 3724 2526 3791 fecit,
2557 3740 2749 3778 verum
2782 3726 2947 3779 etiam
2983 3728 3194 3795 peccati
3231 3728 3440 3781 radices
3473 3726 3596 3781 fun-

320 3820 599 3890 θεμελίων
648 3817 961 3888 ἀνέτρεψεν.
991 3816 1202 3869 Οὐκοῦν
1254 3816 1355 3887 οὐχ
1409 3815 1483 3877 ὼς
1516 3817 1759 3878 ἐναντίος
1785 3814 1908 3886 Θεῷ

2017 3816 2166 3871 ditus
2196 3815 2415 3887 evulsit.
2444 3816 2626 3884 Quare
2663 3817 2810 3877 haud
2843 3818 2995 3872 velut
3024 3819 3137 3872 Deo
3168 3825 3478 3872 retractans
3508 3817 3597 3871 di-

318 3910 405 3966 ὣν
433 3911 605 3979 λέγει,
636 3909 733 3977 Μὴ
769 3908 835 3962 τὸ
862 3909 1009 3977 ἐμὸν
1030 3908 1260 3976 θέλημα
1286 3907 1569 3977 γενέσθω,
1594 3905 1705 3960 ἁλλ’
1725 3907 1916 3959 ὑποτυ-

2017 3908 2116 3972 cit,
2153 3907 2268 3962 Non
2308 3922 2426 3960 mea
2456 3906 2557 3973 ﬁat
2590 3904 2875 3971 voluntas;
2906 3908 3003 3962 sed
3040 3917 3100 3964 ut
3132 3909 3293 3963 nobis
3325 3909 3596 3963 rationem

320 4006 536 4064 πώσεις
602 4004 738 4072 ἡμῖν
791 4001 1051 4072 παρέχων
1112 3999 1229 4062 πῶς
1302 4001 1362 4052 ἐν
1418 4001 1531 4061 τοῖς
1586 4000 1916 4069 πειρασμοῖς

2019 3997 2273 4052 ostendat
2303 3995 2581 4066 quomodo
2614 3996 2669 4049 in
2708 3996 3110 4051 tentationibus
3142 3997 3355 4066 precari
3392 3997 3596 4050 debea-

320 4093 737 4166 προσεύχεσθαι
766 4091 906 4161 Θεῷ.
952 4092 1017 4145 Εἰ
1042 4090 1098 4143 δὲ
1126 4091 1217 4143 διὰ
1244 4093 1306 4145 τὸ
1327 4091 1527 4156 λέγειν,
1564 4091 1659 4157 Μὴ
1681 4091 1746 4143 τὸ
1769 4091 1918 4158 ἐμόν

2019 4103 2161 4142 mus.
2194 4088 2251 4141 Si
2279 4103 2410 4142 vero
2434 4086 2810 4156 Apollinarius
2838 4094 3137 4156 propterea
3165 4086 3317 4157 quod
3342 4085 3597 4141 Christus

320 4187 563 4255 θέλημα
590 4183 873 4253 γενέσθω,
908 4186 1123 4253 ἀναιρεῖ
1151 4184 1317 4236 αὐτοῦ
1347 4186 1410 4235 τὸ
1449 4182 1632 4254 νοερὸν
1668 4183 1767 4251 τῆς
1815 4183 1917 4251 ψυ-

2017 4186 2176 4251 dixit,
2199 4183 2317 4238 Non
2342 4200 2460 4237 mea
2482 4183 2582 4251 ﬁat
2607 4184 2874 4245 voluntas,
2900 4184 3231 4238 rationabile
3256 4183 3378 4253 ejus
3404 4182 3599 4237 anima:

300 4278 484 4346 χῖ-,ςό⁴
499 4274 896 4348 ὶπολλινάριος,
922 4275 1126 4346 ἄψυχον
1150 4275 1314 4329 αὐτοῦ
1341 4276 1431 4328 καὶ
1449 4274 1610 4328 ἄνουν
1631 4274 1905 4345 κηρύττωι

2018 4278 2182 4341 tollit,
2211 4284 2289 4337 et,
2317 4284 2502 4329 mente
2531 4274 2679 4345 capti
2712 4275 2907 4333 instar.
2938 4273 3450 4327 inbumanationcm
3480 4273 3601 4342 ejus

321 4370 430 4438 τὴν
461 4369 758 4436 σάρκωσιν,
790 4370 972 4439 πολλῷ
996 4370 1177 4422 πλεῖον
1201 4368 1294 4421 τοῦ
1320 4363 1589 4435 φιλοζώου
1612 4366 1917 4436 θελήματος

2018 4368 2139 4423 sine
2168 4367 2351 4422 anima
2379 4376 2437 4420 et
2464 4374 2649 4420 mente
2679 4366 2848 4421 fuisse
2880 4364 3192 4430 contendit,
3225 4365 3400 4419 multo
3430 4365 3602 4433 magis

320 4461 664 4531 ὲφύόριστόν
705 4464 821 4515 ἐστι
868 4444 1049 4522 λέγειν
1082 4462 1172 4515 τὸν
1202 4460 1441 4531 Χριστὸν
1481 4460 1775 4528 γενόμενον
1814 4475 1916 4511 κα-

2018 4474 2180 4528 quam
2207 4457 2355 4527 quod
2382 4457 2451 4512 de
2473 4458 2759 4511 voluntate
2783 4455 2911 4510 vita:
2940 4465 3158 4509 amante
3189 4455 3414 4508 habettn
3432 4494 3446 4518 ,
3472 4467 3603 4508 con-

320 4556 511 4621 τὰραν
541 4551 635 4605 καὶ
666 4552 969 4623 ἁμαρτίαν,
1007 4555 1102 4605 καὶ
1132 4551 1502 4622 πειρασθὲντα
1530 4551 1635 4603 ὑπὸ
1663 4549 1758 4602 τοῦ
1808 4552 1914 4603 Σα-

2022 4550 2376 4604 tumeliosum
2406 4550 2516 4604 erit
2540 4549 2751 4613 dicere,
2772 4546 3054 4603 Christum
3083 4546 3289 4601 factum
3321 4562 3444 4601 esse
3472 4545 3604 4600 abo-

318 4644 470 4695 τοινᾶ
506 4643 913 4714 τεσσαράκοντα
942 4643 1176 4712 ἡμέρας,
1207 4644 1304 4696 καὶ
1334 4643 1574 4712 φυγόντα
1602 4643 1710 4695 ἀπὸ
1745 4639 1914 4712 Ἠρώ-

2020 4640 2382 4697 minutionem
2413 4649 2470 4695 et
2499 4648 2810 4709 peccatum,
2835 4646 2893 4693 et
2920 4645 3193 4693 tentatum
3218 4652 3250 4690 a
3279 4636 3481 4691 Satana
3506 4652 3603 4704 per

319 4730 424 4784 δου
451 4733 509 4783 ὲν
539 4730 825 4801 Αἰγύπτῳ,
868 4734 961 4784 καὶ
992 4732 1426 4801 ὑποταττόμενον
1468 4731 1666 4802 Ἰωσὴφ
1714 4730 1791 4799 τῷ
1821 4730 1914 4782 τέ-

2021 4732 2381 4803 quadraginta
2405 4732 2547 4796 dies,
2572 4730 2719 4785 etab
2744 4731 2960 4785 Herode
2983 4730 3188 4800 fugisse
3209 4728 3265 4781 in
3285 4727 3597 4799 Egyptum,

326 4839 514 4888 xzow,
551 4823 649 4875 καὶ
678 4823 1063 4893 ἐνισχυόμενον
1097 4822 1202 4876 ὑπὸ
1249 4822 1483 4891 ἀγγέλου
1514 4822 1591 4886 ὡς
1632 4822 1913 4875 δειλιῶντα

2020 4835 2080 4879 et
2106 4824 2418 4894 subjectum
2449 4822 2621 4877 fuisse
2648 4822 2890 4892 Josepbo
2918 4821 3079 4876 fabro
3104 4819 3369 4889 lignario,
3396 4829 3452 4873 et
3480 4834 3602 4871 eor-

320 4915 424 4970 τδν
450 4915 704 4970 θάνατον.

2021 4916 2340 4972 roboratum
2382 4914 2455 4969 ab
2502 4914 2699 4985 angelo
2745 4921 2807 4968 nt
2851 4913 2947 4982 qui
2996 4921 3233 4967 mortem
3279 4909 3603 4965 reformida-

1608 5076 1609 5079 η
2021 5008 2185 5064 verit.

335 5119 595 5192 Ἐφραὶμ
636 5114 1118 5192 t017_d‘rlattd_t03)_
1149 5115 1490 5192 ἐπισκόπου
1514 5188 1528 5192 _
1546 5116 1915 5192 ᾊντιοχείας

2022 5120 2091 5177 Ε.
2115 5119 2173 5177 S.
2198 5119 2468 5191 Ephrwmi
2497 5121 2723 5192 episcopi
2745 5119 3054 5174 Antiocheni
3083 5118 3232 5171 tertio
3259 5116 3390 5171 libro
3417 5126 3600 5171 contra

547 5185 617 5241 ἐκ
661 5188 769 5242 τοῦ
792 5188 942 5241 κατά
968 5185 1232 5254 Σεσήρου
1264 5186 1469 5253 τρίτου
1491 5185 1699 5253 λόγου.

1341 5186 1469 5239 ίτου
1491 5185 1699 5253 λόγου.
2247 5185 2259 5191 ’
2526 5185 2536 5192 ”
2670 5185 2946 5245 "Severum.

407 5281 585 5350 Ὦπερ
612 5275 707 5333 οὖν
737 5281 794 5333 ἐν
820 5280 887 5349 τῇ
917 5277 1039 5347 θείᾳ
1070 5278 1232 5346 φύσει
1270 5275 1509 5347 διάφορα
1556 5274 1789 5345 λέγομεν
1812 5273 1914 5345 φύ-

2093 5278 2569 5346 Quemadmodum
2612 5279 2669 5334 in
2709 5278 2895 5334 divina
2939 5287 3135 5331 natura
3175 5276 3422 5332 diversas
3461 5277 3602 5334 dici-

328 5388 475 5435 σεως
534 5372 949 5437 ίδια,τουτέστι
1004 5370 1066 5423 τὸ
1128 5370 1403 5433 ἁκτιστον,
1453 5368 1515 5420 τὸ
1563 5369 1819 5438 ἄναρχον,
1852 5367 1915 5420 τὸ

2022 5386 2148 5426 mus
2183 5379 2397 5426 naturae
2435 5370 2824 5442 proprietates,
2868 5368 3024 5423 verbi
3066 5368 3264 5439 gratia,
3306 5368 3454 5437 quod
3491 5384 3601 5423 non

325 5462 717 5525 ἀναλλοίωτον,
745 5463 805 5517 τὸ
849 5464 1291 5535 ἀπερίγραπτον,
1330 5461 1394 5514 τὸ
1427 5460 1697 5532 ἄτρεπτον
1728 5460 1820 5513 καὶ
1847 5460 1915 5513 τὰ

2057 5470 2208 5517 reata
2233 5461 2324 5527 sit,
2349 5460 2495 5531 quod
2527 5459 2685 5514 initio
2710 5469 2918 5525 careat,
2944 5457 3091 5529 quod
3118 5473 3227 5512 non
3256 5457 3601 5518 immutetur,
3650 5480 3662 5489 -

321 5559 543 5622 τούτοις
602 5558 811 5628 ἀδελφά
848 5575 907 5611 τε
954 5559 1051 5613 καὶ⁵
1097 5556 1365 5628 σύμφωνα
1388 5559 1483 5611 καὶ
1507 5559 1574 5629 τῇ
1608 5556 1728 5626 θείᾳ
1756 5556 1914 5625 οὐσίᾳ

2021 5553 2170 5624 quod
2198 5552 2673 5623 incircumscripta
2700 5560 2756 5606 et
2782 5551 3083 5606 immobilis
3110 5550 3200 5604 sit.
3227 5558 3394 5619 atque
3421 5548 3510 5602 his
3532 5549 3603 5603 si-

326 5649 473 5721 ιιόνῃ
515 5647 846 5719 ἁρμόζοντα·
866 5647 1009 5702 οὔτω
1043 5648 1138 5702 καὶ
1165 5649 1223 5700 ὲν
1256 5650 1322 5718 τῇ
1359 5647 1617 5716 θελητικῇ
1650 5646 1745 5699 τοῦ
1777 5646 1911 5698 Θεοῦ

2021 5644 2174 5697 milia
2195 5658 2317 5713 quae
2333 5643 2436 5698 soli
2457 5642 2659 5698 divina:
2681 5641 2936 5697 essentia}
2956 5639 3316 5701 conveniunt,
3342 5639 3416 5691 ita
3437 5638 3601 5692 etiam

324 5739 561 5813 δυνάμει
590 5741 761 5795 πολλὰ
794 5740 927 5795 Θεοῦ
970 5743 1028 5795 ἑν
1057 5742 1176 5805 ταῖς
1212 5739 1380 5804 θείαις
1428 5740 1670 5810 Γραφαῖς
1728 5738 1913 5806 λέγον-

2022 5736 2082 5791 in
2116 5735 2303 5805 divina
2334 5734 2555 5791 valendi
2591 5735 2850 5791 facultate
2887 5734 3071 5787 multa:
3105 5732 3157 5785 in
3196 5731 3479 5802 Scriptura
3516 5746 3600 5784 sa-

720 5983 732 6013 )
