4064 6428
588 313 726 377 1187

1835 310 1898 369 S.
1938 307 2340 368 ANASTASII
2377 304 2708 368 διΝΑΙΤΑς

3682 303 3792 372 1188

584 445 677 486 cra
708 427 806 483 Dei
828 425 1147 481 voluntates
1176 441 1299 481 esse
1329 424 1614 479 dicuntur.
1640 421 1850 478 Eodem
1882 419 2047 474 modo
2076 433 2173 475 co-

2296 434 2363 471 ται
2419 412 2559 471 εἶναι
2600 416 2916 486 θελήματα.
2973 411 3077 468 Τδν
3109 411 3269 467 αύτδν
3298 413 3359 467 δέ
3401 414 3587 485 τρόπον
3619 420 3700 472 καὶ
3726 423 3799 478 ἐπὶ

584 525 699 594 gita
731 521 900 577 ctiam
936 518 1006 574 de
1040 518 1222 573 anima
1252 518 1321 572 ad
1354 517 1646 587 imaginem
1678 512 1773 568 Dei
1805 511 1967 567 facta.
2000 509 2177 566 Unam

588 611 741 667 enim
768 610 1134 678 eamdemque
1164 607 1592 662 intellectualem
1623 619 1689 659 ac
1719 602 2046 658 rationalem
2078 601 2178 656 ha-

590 703 690 759 bet
727 701 1091 757 essentialitcr
1136 698 1357 754 volendi
1398 697 1713 752 facultatem
1757 710 1922 765 quam
1965 693 2182 763 accepit

591 797 659 852 ad
710 793 1090 865 amplectenda
1138 800 1195 847 et
1244 790 1600 859 exsequenda
1645 788 1833 842 divina
1878 794 2179 857 praecepta.

591 886 721 943 Haec
746 886 998 949 facultas,
1024 892 1299 952 quatenus
1325 879 1631 935 secundum
1659 886 1917 933 naturam
1941 876 2180 942 exsistit,

592 995 775 1048 neque
812 985 1100 1047 peccatum
1134 988 1318 1043 neque
1348 972 1561 1042 iustitia
1595 970 1826 1035 dicitur,
1856 968 1952 1023 sed
1985 968 2185 1023 animae

593 1070 820 1125 habitus
850 1068 918 1122 ad
946 1066 1244 1120 volendum
1276 1072 1460 1133 aptus.
1492 1062 1613 1118 Jam
1645 1074 1714 1115 ex
1748 1059 1854 1114 hac
1881 1059 2080 1114 anim
2107 1058 2187 1113 fac

594 1162 819 1221 cultate,
846 1174 969 1229 quae
1000 1158 1177 1211 libero
1208 1155 1414 1227 gaudet
1441 1154 1699 1216 arbitrlo,
1727 1152 1851 1207 dua:
1880 1152 2186 1206 voluntatis

592 1259 930 1305 enascuntur
961 1248 1204 1318 species,
1238 1246 1428 1301 divina
1459 1244 1724 1299 nimirum
1753 1252 1810 1299 et
1838 1243 2002 1297 mala.
2029 1241 2186 1309 Quod

593 1342 639 1396 si
672 1341 739 1395 ad
773 1342 869 1395 Dei
900 1350 1236 1411 praeceptum
1268 1338 1633 1404 inclinamus,
1662 1335 1849 1391 divina
1878 1335 2189 1406 appellatur

591 1433 876 1494 voluntas,
908 1446 1019 1486 non
1050 1428 1356 1486 secundum
1390 1428 1721 1492 essentiam,
1754 1425 1851 1482 sed
1884 1424 2188 1481 secundum

593 1534 780 1579 actum
818 1541 832 1576 :
872 1523 968 1577 ubi
1004 1538 1139 1577 vero
1179 1521 1247 1577 ad
1291 1520 1667 1576 obedientiam
1713 1519 1845 1575 mali
1889 1520 2189 1591 abripitur,

594 1620 713 1669 tum
769 1614 1010 1668 carnalis
1065 1612 1265 1667 merito
1318 1620 1552 1666 vocatur
1608 1611 1886 1665 voluntas.
1941 1610 2191 1681 Exempli

594 1721 782 1769 causa,
815 1714 1028 1760 naturae
1053 1715 1262 1760 nostra;
1289 1703 1685 1759 intellectualis
1710 1702 1967 1757 voluntas
1996 1701 2103 1757 fert
2131 1709 2194 1757 ut

2279 508 2381 580 τῆς
2443 510 2566 562 κατ’
2592 508 2783 561 είκόνα
2810 505 2947 560 Θεοῦ
2991 505 3368 575 γεγενημένης
3410 508 3592 576 νόησον
3610 511 3794 585 ψυχῆς.

2283 600 2415 671 μίαν
2468 599 2579 669 γὰρ
2624 600 2721 653 καὶ
2778 599 2949 669 αὐτὴν
3011 597 3206 669 νοερὰν
3235 598 3329 651 καὶ⁵
3371 598 3583 669 λογικὴν
3611 604 3802 679 ἔχειτὴν

2278 690 2687 762 ἐπιθυμητικὴν
2715 691 2991 753 ούσιωδῶς
3022 689 3279 759 δύναμιν,
3308 691 3375 763 ην
3405 691 3585 763 εἴληφε
3616 698 3731 768 πρὸς
3756 701 3805 753 τὸ

2281 786 2593 855 ἐμφύεσθαί
2620 803 2682 839 τε
2719 785 2814 839 καὶ
2858 787 3123 855 πράττειν
3164 787 3235 839 τὰ
3257 784 3379 839 θεία
3417 788 3804 859 προστάγματα·

2283 879 2408 950 ἥτις
2468 878 2699 948 δύναμις
2745 876 2890 931 κατὰ
2939 877 3157 947 φύσεως
3197 878 3430 937 ἐστῶσα.
3465 878 3581 933 οὔτε
3606 883 3808 955 ἁμαρτία

2285 968 2504 1036 λέγεται
2526 968 2651 1023 οὔτε
2681 969 3021 1039 δικαιοσύνη,
3052 970 3167 1023 ἀλλ’
3202 968 3315 1034 ἕξις
3362 969 3537 1041 ψυχῆς
3574 973 3808 1045 θελητική.

2286 1058 2510 1130 Ταύτης
2567 1061 2751 1114 τοίνυν
2788 1063 2855 1131 τῇ
2906 1060 3243 1131 αύτεξουσίῳ
3282 1060 3379 1130 τῆς
3416 1062 3587 1131 ψυχῆς
3607 1064 3810 1134 δυνάμει,

2282 1150 2617 1221 θελημάτων
2645 1151 2913 1221 προϐολαὶ
2964 1151 3208 1220 γίνονται
3247 1150 3360 1216 δύο,
3397 1152 3535 1220 λέγω
3562 1154 3632 1217 δὲ,
3663 1154 3813 1209 θεῖκοῦ

2289 1257 2350 1295 τε
2389 1243 2484 1295 καὶ
2512 1244 2754 1312 πονηροῦ
2776 1255 2793 1272 ·
2816 1242 2913 1295 καὶ
2939 1243 3030 1295 ὅτε
3060 1241 3166 1311 μὲν
3192 1240 3289 1313 τὴν
3323 1242 3493 1311 ῥοπὴν
3519 1241 3683 1313 δῶμεν
3706 1247 3814 1315 πρὸς

2288 1332 2390 1402 τὴν
2426 1332 2647 1404 ἐντολὴν
2687 1332 2782 1386 τοῦ
2843 1332 3004 1395 Θεοῦ,
3029 1332 3214 1387 θεῖκὸν
3257 1333 3577 1402 ὀνομάζεται
3614 1335 3747 1404 ἡμῶν
3769 1336 3815 1390 τὸ

2286 1422 2528 1494 θέλημα,
2549 1426 2611 1479 οὐ
2640 1424 2762 1479 κατ’
2786 1424 3000 1490 οὐσίαν,
3023 1424 3161 1478 ἀλλὰ
3185 1424 3328 1479 κατὰ
3356 1425 3452 1495 τὴν
3482 1424 3664 1494 πρᾶξιν
3688 1428 3819 1482 ’ὅταν

2293 1511 2352 1565 δέ
2388 1512 2555 1568 πάλιν
2582 1514 2723 1585 πρὸς
2751 1515 2852 1586 τὴν
2896 1514 3148 1587 ὑπακοὴν
3209 1514 3307 1569 τοῦ
3353 1516 3588 1586 πονηριῦ
3621 1518 3817 1572 κατασύο

2292 1620 2484 1675 ρηται,
2543 1607 2666 1659 τότε
2721 1604 2987 1680 σαρκικὸν
3032 1607 3260 1670 είκότως
3292 1608 3728 1676 προσαγορεύεται
3749 1608 3819 1662 θί-

2296 1695 2449 1768 λημα
2477 1712 2493 1728 ·
2529 1692 2645 1752 οἷον
2690 1700 2828 1769 φέρε
2886 1702 3092 1766 εἰπεῖν,
3120 1702 3220 1771 τῆς
3262 1699 3479 1768 φύσεως
3507 1699 3600 1770 τῆς
3642 1699 3821 1772 λογικῆς

592 1801 762 1855 vitam
799 1799 1132 1870 diligamus;
1158 1798 1398 1853 carnalis
1440 1805 1623 1852 autem
1658 1796 1935 1862 voluntas,
1969 1805 2033 1851 ut
2064 1809 2191 1850 cum

2298 1786 2456 1857 ἡμῶν
2513 1790 2629 1843 ἐστι
2662 1790 2881 1862 θέλησις
2925 1791 2988 1844 τὸ
3018 1791 3243 1862 ἀγαπᾷν
3270 1790 3373 1862 τὴν
3413 1792 3555 1861 ζωήν
3579 1808 3592 1821 ·
3627 1794 3821 1861 σαρκικὴ

593 1893 795 1949 affectu
821 1893 1116 1963 diligamus
1134 1910 1150 1953 ;
1173 1891 1363 1949 divina
1381 1890 1622 1960 denique
1644 1888 1999 1954 voluntas,ut
2015 1887 2189 1943 vitam

596 1996 1019 2041 contemnamus
1049 1985 1211 2054 eique
1240 1983 1647 2038 renuntiemus.

595 2097 876 2178 Eiusdem,
903 2113 969 2165 de
987 2114 1229 2166 oratione
1249 2113 1304 2165 in
1330 2112 1425 2164 hoc
1452 2108 1690 2180 Aposlofi
1721 2109 1935 2163 verbum
1958 2125 1977 2163 :
2014 2129 2031 2160 ι
2062 2108 2190 2164 Om-

852 2185 944 2238 nia
978 2193 1226 2254 expertus
1256 2182 1451 2252 absque
1484 2181 1597 2235 solo
1627 2191 1839 2252 peccato
1862 2181 1905 2234 ’.
1943 2196 1961 2232 ι

669 2338 885 2395 Exinde
917 2339 1107 2393 Patres
1152 2336 1402 2392 unanimi
1434 2352 1571 2392 voce
1626 2343 1967 2390 venerantur
2006 2335 2193 2406 perfe-

597 2439 748 2485 ctum
772 2430 1056 2485 Christum
1077 2430 1223 2485 sicut
1253 2430 1309 2484 in
1331 2428 1646 2488 divinitate.
1678 2427 1760 2483 sic
1784 2436 1841 2482 et
1865 2428 1919 2482 in
1941 2427 2197 2482 humani-

596 2531 732 2587 tate;
751 2523 955 2592 quippe
972 2521 1505 2576 consubstantialem
1523 2519 1686 2574 nobis
1698 2517 1849 2574 omni
1872 2518 2039 2573 modo
2057 2534 2196 2588 prae-

598 2623 684 2670 ter
715 2615 893 2668 solum
921 2624 1228 2683 peccatum.
1248 2612 1477 2667 Etsicut
1507 2628 1616 2666 una
1634 2617 1829 2667 eratet
1855 2609 2091 2665 indivisa
2109 2609 2197 2664 Si-

597 2706 828 2761 naitidis
855 2706 980 2760 rubi
1005 2704 1318 2760 substantia
1340 2704 1492 2759 omni
1518 2720 1586 2759 ex
1608 2711 1764 2774 parte
1803 2703 1928 2773 igne
1955 2703 2197 2758 innocuo

598 2798 1153 2866 circumdatameque
1183 2796 1398 2852 arbusti
1430 2794 2199 2867 cespitevirtusignisobscu-

597 2898 1050 2958 raretur,‘neque
1078 2889 1194 2958 ipsa
1234 2873 1320 2943 vis
1349 2888 1581 2945 flamma:
1620 2889 1922 2959 quidquam
1966 2887 2198 2942 arbusto

599 2989 852 3047 noceret,
904 2980 980 3035 ila
1019 2981 1187 3052 igitur
1216 2980 1272 3035 in
1303 2981 1468 3036 unica
1499 2997 1739 3051 persona
1760 2981 1967 3037 Christi
2016 2981 2200 3036 mani-

602 3081 748 3135 feste
779 3074 1025 3128 divinam
1056 3074 1477 3144 humanamque
1495 3076 1893 3145 proprietatem
1922 3076 2197 3149 intelligo.

2291 1878 2349 1932 δὲ
2385 1880 2549 1933 πάλιν
2605 1880 2864 1953 βούλησις
2908 1883 2970 1936 τδ
3014 1883 3283 1953 ἐμπαθῶς
3312 1884 3446 1955 ζῇν*
3483 1883 3653 1937 θεῖκδν
3678 1883 3727 1938 ἃ
3751 1882 3821 1937 θέ-

2286 1968 2445 2041 λημα
2490 1971 2552 2025 τὸ
2583 1977 2953 2044 καταφρονεῖν
2978 1975 3075 2028 καὶ
3104 1974 3391 2046 ἀρνεῖσθαι
3414 1976 3512 2045 τὴν
3540 1974 3696 2046 ζωήν.

2301 2108 2412 2162 Τοῦ
2470 2108 2685 2170 αὐτοῦ,
2718 2108 2788 2162 ἐκ
2824 2109 2931 2163 τοῦ
2989 2114 3076 2177 εἰς
3130 2111 3197 2164 τὸ
3240 2111 3648 2165 ἁποστολυιὸγ
3676 2110 3824 2177 ῥητὸν

2365 2178 2555 2249 λόγου
2600 2179 2665 2249 τὸ
2702 2178 2968 2246 φάσκον·
3012 2201 3030 2232 ι
3084 2184 3290 2249 Πεπεᾳ
3306 2181 3575 2249 ιισμένον
3614 2180 3677 2235 δὲ
3712 2179 3826 2234 κατὰ

2368 2247 2568 2309 πάντα
2601 2248 2751 2317 δίχα
2782 2253 2983 2319 μόνης
3010 2249 3122 2319 τῆς
3147 2247 3459 2319 ἁμαρτίας.
3503 2269 3526 2304 ι

2382 2337 2667 2392 Ἐντεῦθεν
2696 2339 3071 2411 δὲ’όρώμενος
3134 2343 3164 2394 ό
3217 2342 3330 2394 τῶν
3392 2342 3641 2413 Πατέρων
3684 2340 3824 2411 χορὸς.

2294 2428 2502 2483 τέλειον
2554 2430 2646 2485 τὸν
2676 2432 2912 2502 Χριστὸν
2965 2432 3262 2504 πρεσθεύει
3316 2432 3503 2505 ὥσπερ
3554 2436 3610 2486 ἐν
3635 2432 3823 2501 θεότητι,

2296 2520 2439 2574 οὕτω
2500 2523 2595 2575 καὶ
2652 2525 2710 2576 ἐν
2762 2523 3146 2595 ἁνθρωπότητι
3185 2545 3197 2557 ·
3234 2525 3522 2596 όμοούσιον
3567 2527 3689 2596 ἡμῖν
3729 2523 3827 2577 ὅντα

2299 2613 2443 2667 κατὰ
2484 2615 2679 2669 πάντα
2706 2617 2911 2686 τρόπον
2934 2610 3074 2687 δίχα
3108 2618 3283 2691 μόνης
3310 2618 3415 2689 τῆς
3448 2617 3721 2689 ἁμαρτίας.
3741 2614 3826 2668 Καὶ

2294 2701 2491 2774 ὥσπερ
2521 2705 2622 2774 μία
2658 2702 2729 2777 ἦν
2770 2708 2867 2761 καὶ
2888 2707 3194 2780 ἀδιαίρετος
3219 2710 3257 2779 ἡ
3304 2710 3401 2781 τῆς
3448 2707 3722 2770 ’Σιναῒτιδος
3748 2705 3826 2776 βά-

2299 2811 2394 2847 του
2426 2796 2728 2862 ὑπόστασις
2759 2799 3024 2853 πάντοθεν
3050 2799 3310 2863 ὰδλαὸῶς
3341 2801 3750 2874 περιειλημμένη
3772 2795 3828 2866 τῷ

2302 2892 2459 2962 πυρὶ,
2500 2894 2643 2964 μήτε
2689 2894 2790 2965 τῆς
2838 2893 2935 2948 τοῦ
2990 2894 3162 2964 φυτοῦ
3195 2895 3339 2959 πόας
3385 2895 3723 2967 ἀμαυρούσης
3756 2892 3828 2963 τὴν

2302 2983 2588 3052 ἐνέργειαν
2638 2985 2736 3039 τοῦ
2797 2986 2994 3059 πυρὸς,
3050 2988 3175 3059 μηδ’
3211 2990 3388 3060 αὐτῆς
3448 2989 3709 3059 ἐνεργείας
3756 2985 3828 3054 τῆς

2306 3072 2504 3144 φλογὸς
2532 3074 2940 3148 λυμαινομένης
2964 3077 3040 3149 τῷ
3072 3078 3247 3149 φυτῷ’
3276 3078 3508 3152 οὔτωιδὴ
3537 3081 3591 3133 ὲν
3616 3079 3685 3148 τῷ
3706 3073 3831 3144 ἐνικῷ

600 3165 673 3220 Et
706 3174 827 3235 post
858 3164 967 3221 alia
992 3183 1011 3220 :
1071 3142 1424 3237 Quapropter
1440 3142 1759 3223 similitudo
1788 3160 1845 3224 et
1865 3142 2192 3241 prototypus

2309 3142 2863 3241 προάώλπῳᾟρισὲοῡ
2896 3142 3116 3242 ama
3166 3142 3259 3243 μοι
3310 3174 3417 3227 νόει
3472 3142 3566 3245 τὴν
3594 3142 3731 3225 θείαν
3762 3142 3832 3223 κει

600 3256 725 3313 Filii
778 3257 876 3312 Dei
931 3257 988 3311 in
1018 3272 1324 3327 puerorum
1356 3258 1578 3313 camino
1630 3259 1986 3331 praefigurata
2037 3272 2190 3318 sunt.

600 3344 1081 3412 Quemadmodum
1143 3347 1292 3402 enim
1351 3348 1596 3404 humana
1644 3349 1844 3405 borum
1894 3366 2194 3421 puerorum

602 3446 803 3491 natura
848 3452 1018 3508 prope
1048 3447 1160 3492 tota
1185 3440 1484 3511 conjuncta
1510 3456 1635 3496 cum
1675 3442 1883 3497 virtute
1907 3451 1963 3497 et
1995 3454 2197 3500 natura

602 3526 862 3589 flammae,
900 3529 1155 3598 corporis
1197 3530 1400 3585 robore
1434 3547 1560 3586 cum
1591 3542 1744 3586 motu
1784 3542 1843 3588 et
1874 3533 2199 3590 deambula-

604 3615 755 3670 tione
785 3632 906 3671 sese
941 3616 1204 3685 habebat,
1229 3627 1287 3674 et
1313 3620 1549 3689 spiritali
1590 3622 1877 3677 voluntate
1901 3623 2191 3692 psallebat,

604 3719 785 3775 neque
818 3707 946 3762 ullis
982 3709 1217 3764 nocebat
1251 3710 1395 3781 ignis
1424 3712 1679 3782 corporis
1714 3721 1810 3767 aut
1838 3714 2037 3768 animae
2060 3729 2193 3784 pro-

603 3796 957 3865 prietatibus.
992 3799 1091 3854 sed
1133 3800 1416 3872 perfectus
1445 3812 1568 3857 erat
1613 3801 1840 3858 Azarias
1888 3804 1947 3859 in
1978 3804 2103 3876 igne
2137 3813 2195 3860 et

604 3886 663 3941 in
689 3887 1057 3956 humanitate,
1098 3891 1176 3947 ita
1229 3892 1392 3948 nobis
1434 3893 1511 3949 de
1556 3894 1888 3951 Emmanuel
1923 3905 2192 3967 reputan-

602 3978 737 4034 dum
791 3990 878 4037 est
936 3982 1248 4041 divinitatis
1295 3987 1419 4058 ejus
1468 3987 1651 4058 ignem
1701 3989 1849 4043 sicut
1897 3988 2193 4058 quemdam

603 4069 734 4126 vita:
757 4072 1019 4141 spiritum
1054 4090 1180 4129 cum
1204 4076 1388 4131 anima
1411 4086 1469 4133 et
1498 4093 1737 4149 corpore
1759 4079 2083 4150 conjuncta,
2128 4094 2193 4134 ea

604 4160 831 4231 quidem
882 4164 1271 4232 sanctificavit,
1294 4183 1413 4222 non
1446 4176 1632 4223 autem
1661 4170 1967 4239 quidquam
2010 4170 2197 4225 immi-

603 4253 731 4308 nuit
756 4256 1068 4313 secundum
1096 4260 1403 4315 essentiam
1428 4262 1631 4317 anim
1655 4272 1713 4317 et
1742 4263 2012 4333 corporis.

2302 3259 2652 3331 ἀνθρωπίνην
2712 3262 2971 3335 ἰδιότητα.
2999 3264 3108 3320 Καί
3158 3268 3294 3335 μεθ’
3328 3265 3523 3335 ἔτερα·
3584 3264 3674 3318 Διὰ
3713 3263 3832 3316 τοῦτο

2303 3350 2561 3423 ὁμοίωμα
2620 3356 2720 3408 καὶ
2768 3356 3114 3427 προτύπωμα
3152 3359 3250 3413 τοῦ
3296 3361 3428 3415 Υίοῦ
3481 3358 3572 3413 τοῦ
3621 3358 3738 3412 Θεοῦ
3791 3358 3832 3408 ἐν

2298 3446 2369 3513 τῇ
2396 3445 2614 3516 καμίνῳ
2640 3446 2753 3500 τῶν
2780 3449 2991 3503 παίδων
3022 3450 3503 3523 προεξεικονίσθη.
3538 3452 3729 3520 Ὠσπερ
3752 3447 3833 3519 γὰρ

2302 3536 2413 3589 τῶν
2447 3538 2658 3592 παίδων
2680 3539 2908 3594 ἐκείνων
2933 3535 3252 3615 ἀνθρῶπίνη
3298 3545 3461 3613 φύσις
3489 3544 3661 3615 σχεδὸν
3681 3556 3834 3609 συγκεο

2307 3630 2561 3702 κραμένη
2612 3630 2708 3702 ὅλη
2765 3635 2832 3703 τῇ
2873 3633 3130 3707 ἐνεργείᾳ
3196 3639 3294 3691 καὶ
3346 3638 3513 3707 φύσει
3547 3637 3639 3707 τῆς
3683 3631 3835 3703 φὶογδς

2300 3724 2368 3793 τῇ
2424 3721 2521 3777 τοῦ
2604 3726 2859 3794 σώματος
2929 3727 3228 3798 κινητικῶς
3317 3731 3415 3784 καὶ
3487 3722 3835 3800 μεταστατικῶς

2303 3814 2626 3883 περιεπάτει
2684 3816 2941 3889 ἐνεργείᾳ
2975 3856 2991 3883 ,
3047 3820 3142 3872 καὶ
3194 3821 3261 3890 τῇ
3340 3819 3554 3891 θελήσει
3614 3820 3673 3888 τῇ
3712 3810 3837 3883 περᾷ

2298 3904 2535 3972 ἐξετέλει
2559 3907 2662 3976 τὴν
2706 3908 3006 3980 ὑμνῳδίαν,
3068 3911 3163 3965 καὶ
3222 3913 3380 3966 οὐδὲν
3436 3913 3618 3983 ἐμίανε
3656 3909 3710 3982 τὸ
3753 3903 3837 3974 πῦρ

2299 3997 2411 4051 τῶν
2481 3998 2812 4068 σωματικῶν
2866 4000 2899 4071 ἢ
2956 3999 3209 4073 ψυχικῶν
3276 4003 3461 4058 αὐτῶν
3539 4001 3798 4072 ἰδιωμάτων
3821 4032 3834 4057 ο

2302 4086 2439 4141 ἀλλά
2461 4088 2669 4152 τέλειος
2691 4085 2763 4162 ἧν
2816 4090 3079 4163 Ἀζαρίας
3102 4096 3161 4147 ἐν
3188 4096 3460 4166 πυρότητι
3488 4095 3578 4151 καὶ
3594 4094 3647 4146 ἐν
3672 4088 3833 4158 ἀνθρωθ

2303 4178 2521 4250 πότητιο
2556 4179 2703 4236 οῦτω
2719 4182 2815 4237 καὶ
2843 4184 2938 4236 ἐπὶ
2956 4185 3052 4239 τοῦ
3083 4186 3436 4261 Ἐμμανουὴλ
3464 4185 3669 4257 νοητέον
3694 4182 3745 4237 τὸ
3762 4180 3835 4246 τῆς
3879 4254 3886 4262 ο

2298 4269 2560 4343 θεότητος
2597 4276 2763 4329 αὐτοῦ
2803 4275 2917 4348 πῦρ
2948 4277 3137 4349 ὥσπερ
3156 4281 3281 4334 τινὰ
3314 4281 3481 4352 πνοὴν
3511 4279 3648 4349 ζωῆς
3679 4287 3831 4342 συγκε-

602 4351 882 4421 κραμένον
899 4357 968 4426 τῇ
999 4355 1151 4428 ψυχῇ
1174 4357 1277 4410 καὶ
1293 4356 1374 4429 τῷ
1400 4356 1633 4428 σώματι,
1654 4361 1851 4432 ήγίασε
1881 4361 1980 4431 μὲν
2003 4360 2195 4429 ταῦτα,
2218 4365 2282 4419 ού
2314 4364 2420 4438 μὴν
2436 4367 2670 4437 ἐμείωσέ
2689 4388 2739 4425 τι
2762 4371 2870 4426 τῶν
2895 4373 3016 4426 κατ’
3039 4375 3227 4428 οὐσίαν
3249 4375 3349 4447 τῆς
3370 4375 3545 4449 ψυχῆς
3577 4373 3661 4428 τοῦ
3686 4368 3832 4439 σῶμα·

604 4463 722 4508 τος.
1948 4472 1955 4477 ’

607 4538 787 4596 Procli
816 4541 1198 4623 archiepisch
1218 4543 1738 4623 ροηειαηςὴιορσίὶε,
1775 4561 1841 4600 ex
1872 4547 2115 4601 oratione
2148 4548 2192 4602 in

2311 4550 2595 4623 Πρόκλου
2649 4553 3135 4623 ἁρχιεπισκόπου
3198 4555 3833 4623 Κωνσταντινοιοπόλεως

1206 4617 1304 4670 εἱδιί
1324 4615 1707 4685 proditionem.

678 4778 880 4850 Cmpit,
914 4780 1013 4844 ait,
1040 4782 1364 4838 contristari
1396 4792 1453 4837 et
1493 4792 1725 4841 matus
1766 4799 1908 4842 esse.
1954 4787 2204 4846 Tristitia

607 4878 818 4933 autem,
853 4879 911 4925 et
944 4886 1171 4936 mceror,
1208 4881 1281 4926 .et
1320 4882 1537 4944 stupor,
1577 4874 1799 4945 propria
1822 4885 1965 4932 sunt
2000 4879 2204 4935 auium

607 4962 879 5033 spiritalis
913 4965 1249 5019 naturaliter
1308 4965 1360 5018 ei
1417 4965 1776 5020 adhaerentia.
1824 4965 2014 5023 Solius
2036 4968 2193 5025 enim

608 5056 820 5125 peccati
875 5056 1140 5112 immunis
1182 5064 1304 5112 erat
1341 5056 1610 5128 spiritalis
1645 5054 1953 5114 Salvatoris
1976 5060 2189 5116 anima.

609 5149 679 5202 Et
714 5162 828 5220 post
861 5149 1008 5206 alia:
1037 5150 1287 5218 Namque
1318 5165 1447 5205 cum
1478 5150 1619 5206 dixit
1649 5167 1703 5209 vn
1732 5152 1987 5207 oratione
2029 5169 2044 5206 :
2072 5152 2194 5208 Non

611 5257 730 5295 mea
758 5241 1004 5297 voluntas
1028 5244 1148 5312 fiat,
1175 5243 1513 5299 sicutbomo
1547 5259 1677 5303 vere
1719 5245 1965 5311 locutus,
1992 5246 2197 5301 huma-

613 5345 740 5384 nam
774 5347 909 5386 voce
943 5334 1190 5388 ostendit
1226 5336 1574 5393 voluntatem
1606 5350 1786 5392 suam.
1832 5336 2025 5406 Neque
2057 5352 2193 5392 oon-

614 5423 859 5479 turberis
884 5427 1081 5481 videns
1123 5443 1252 5482 eum
1302 5428 1749 5484 consentientem
1768 5429 2001 5499 -pr0pria
2024 5444 2199 5486 came

614 5513 809 5568 mortis
838 5516 1093 5585 agoniam
1122 5518 1333 5574 subire.
1367 5520 1577 5589 Agonia
1618 5519 1767 5574 enim
1788 5519 2067 5574 humilius
2112 5530 2203 5576 est

613 5600 845 5671 aliquid,
876 5604 1089 5659 scilicet
1139 5617 1266 5677 post
1304 5608 1771 5663 resurrectionem
1798 5620 1959 5663 suam
1979 5645 1994 5666 ,
2023 5606 2202 5661 mani-

686 5740 704 5770 ⁹
741 5734 910 5793 Hebr.
942 5755 1015 5807 ιν,
1045 5741 1131 5795 l5.

2380 4622 2451 4698 ἐκ
2503 4621 2638 4698 τοῦ-
2683 4617 2875 4695 ξλὸτου
2947 4626 3059 4681 τοῦ
3101 4630 3191 4695 είς
3237 4630 3354 4698 τὴν
3402 4629 3714 4698 προδοσίαν
3753 4617 3851 4683 τοῦ.

2379 4693 2663 4760 Χριστοῦ.

2384 4782 2653 4854 Ἤρξατο,
2676 4784 2836 4855 φησὶ,
2867 4785 3156 4842 λυπεῖσθαι
3172 4788 3269 4843 καὶ
3294 4789 3604 4859 ἀδημονεῖν.
3634 4775 3831 4850 Λύπηλδὶ

2309 4874 2407 4929 καὶ
2441 4875 2715 4947 ἀδημονία
2746 4877 2839 4931 καὶ
2889 4878 3101 4949 θάμϐος
3155 4881 3268 4935 ίδιά
3310 4884 3420 4936 εισι
3448 4880 3621 4952 ψυχῆς
3656 4871 3832 4944 λογικῆς

2302 4966 2551 5035 φυσικῶς
2596 4970 2876 5040 προσόντα
2930 4972 3108 5043 αὐτῇο
3141 4973 3313 5043 μόνης
3358 4973 3468 5044 γὰρ
3515 4968 3756 5043 ἁμαρτίας
3778 4957 3830 5034 ἦν

2301 5055 2704 5129 ἀπηλλαγμένη
2733 5060 2772 5131 ὴ
2806 5060 2973 5134 νοερὰ
3018 5063 3118 5117 τοῦ
3160 5063 3415 5135 Σωτῆρος
3430 5064 3593 5134 ψυχή.
3618 5047 3831 5124 sazm'

2300 5147 2495 5217 ἔτερα·
2520 5149 2709 5204 Εἰπὼν
2734 5150 2793 5205 δὲ
2820 5152 2882 5205 ἐν
2915 5155 2985 5224 τῇ
3010 5157 3319 5226 προσευχῇ,
3364 5154 3467 5224 ’Μὴ
3516 5155 3579 5207 τὸ
3611 5148 3737 5221 ἐμὸν
3757 5139 3829 5197 θέο

2303 5245 2468 5312 λημα
2492 5242 3178 5318 γηέσθω,ᾶκάνθρωπος
3200 5246 3421 5317 ἀληθῶς
3444 5230 3829 5317 χρηματίσαςιτδ

2304 5332 2650 5406 ἀνθρώπινον
2681 5334 2846 5388 αὐτοῦ
2882 5335 2973 5389 διὰ
3007 5340 3108 5408 τῆς
3134 5341 3316 5409 φωνῆς
3352 5339 3588 5409 ἐσήμανε
3636 5329 3821 5395 θέλημα·

2300 5425 2412 5479 Καὶ
2445 5425 2520 5497 μὴ
2555 5425 2848 5497 θαμὸηθῇς
2873 5427 3019 5499 δρῶν
3048 5430 3213 5483 αὐτὸν
3252 5426 3637 5500 συγχωροῦντα
3660 5423 3714 5492 τῇ
3745 5414 3825 5483 ίδίέί

2303 5516 2470 5589 σαρκὶ⁵
2507 5519 2750 5590 ἀγωνιᾷν
2780 5519 2874 5572 τὸν
2907 5520 3168 5576 θάνατον’
3199 5523 3297 5593 τῆς
3328 5523 3439 5592 γὰρ
3463 5517 3684 5587 ἀγωνίας
3707 5520 3823 5561 πτων

2311 5608 2566 5691 χίστερόν
2596 5610 2651 5664 τί
2673 5612 2794 5665 ἐστι
2820 5611 2885 5665 τὸ
2912 5612 3055 5681 μετὰ
3080 5612 3181 5684 τὴν
3206 5614 3499 5669 ἀνάστασιν
3525 5604 3675 5664 αὑτοῦ
3693 5612 3823 5671 τραυ-
