4064 6500
402 234 556 301 Ἧθῦ

1613 237 1716 303 .S.
1756 234 2159 297 ANASTASII
2200 235 2526 298 SINAIT/E

3611 244 3753 308 1200

415 355 525 423 fui;
551 362 608 409 et
636 368 801 409 nemo
827 360 913 408 est
946 353 1042 425 qui
1075 368 1164 409 me
1191 353 1425 417 liberet;
1460 368 1590 410 ecce
1619 353 1854 425 supplex
1881 368 2006 423 pre-

2129 368 2234 421 ιαι,
2263 352 2361 407 καὶ
2391 350 2568 428 οὐδεὶς
2605 355 2633 407 6
2660 353 2991 412 είσακούων.
3041 358 3281 433 Ἀληθῶς
3307 359 3526 415 δικαία
3565 361 3601 432 ή
3628 361 3758 432 κρί-

412 458 530 509 cor,
559 452 617 497 et
653 457 822 497 nemo
857 452 944 496 est
967 442 1064 514 qui
1091 458 1180 499 me
1204 443 1414 498 audiat.
1452 443 1594 501 Vere
1631 443 1839 515 justum
1861 442 2009 515 judi-

412 536 559 590 Cium
614 535 736 590 Dei.
794 534 1031 602 Quoties
1070 536 1220 591 enim
1249 536 1300 592 ei
1342 534 2004 606 poenitentiam'promisi,

411 638 469 682 et
499 643 725 682 rursum
770 627 964 699 pejora
987 626 1287 684 faciebam!
1351 628 1580 696 Quoties
1606 628 1713 684 mei
1745 628 2008 686 misertus

412 728 519 785 est,
554 728 611 774 et
632 724 859 775 rursum
888 720 1029 775 iram
1061 721 1185 793 ejus
1212 721 1521 777 concitavit

484 812 615 867 llaec
659 813 995 884 plerumque
1042 814 1387 869 moribundo
1433 813 1503 877 ad
1562 829 1665 869 nos
1705 823 2010 897 praesentes

414 906 681 971 dicente,
733 906 923 977 subito
979 907 1103 979 ejus
1153 907 1400 963 vincitur
1454 906 1684 979 lingua,
1738 907 2012 962 avertitur

418 1014 594 1062 mens,
642 982 946 1055 turbantur
989 1000 1163 1067 oculi,
1213 1000 1392 1056 donec
1423 1001 1661 1057 inferna:
1705 1008 2012 1072 potestates

417 1093 688 1164 deinceps
740 1094 1222 1164 supervenerint;
1274 1092 1539 1165 quoniam
1596 1110 1708 1149 non
1766 1093 2011 1149 invocati

418 1195 714 1242 exactores
736 1186 805 1240 ad
839 1185 1089 1240 tribunal
1116 1201 1220 1241 nos
1245 1186 1536 1242 trahentes
1559 1186 1839 1255 deferunt,
1872 1201 2016 1258 quos

417 1279 721 1334 etintnens
753 1279 925 1334 miser
965 1279 1156 1344 homo,
1210 1280 1315 1334 etsi
1373 1296 1470 1334 rex
1506 1279 1611 1347 sit,
1655 1280 1743 1335 vel
1792 1291 2011 1352 potens,

420 1372 505 1426 vel
534 1380 822 1444 tyrannus,
853 1379 1002 1427 totus
1031 1372 1373 1439 concutitur,
1400 1382 1459 1429 et
1499 1373 1717 1441 domus,
1750 1384 2013 1446 tanquam

420 1482 450 1518 c
503 1473 776 1518 terrarum
828 1466 1212 1535 quassatione,
1241 1474 1356 1521 tota
1390 1466 1686 1534 tremiscit,
1723 1476 1837 1524 tota
1876 1486 2013 1525 cou-

424 1557 684 1612 turbatur
720 1599 735 1624 ,
791 1567 907 1613 tota
970 1567 1203 1629 stupet,
1273 1568 1330 1614 et
1389 1561 1666 1616 excitatur
1745 1562 2018 1619 formido-

420 1651 570 1705 losas
602 1650 801 1729 videns
843 1660 1171 1721 potestates,
1216 1652 1416 1708 videns
1467 1651 1675 1709 formas
1703 1664 1925 1711 exteras
1962 1666 2019 1713 et

421 1738 715 1809 violentas,
744 1744 940 1798 videns
973 1744 1256 1810 cohortes,
1283 1760 1422 1816 quas
1455 1761 1741 1816 nunquam
1769 1758 2021 1804 contem-

422 1838 607 1909 platus
642 1846 747 1892 est.
794 1838 921 1893 llagc
958 1850 1091 1894 tunc
1139 1839 1337 1896 obiens
1378 1842 1566 1908 videt,
1599 1857 1701 1898 nos
1740 1858 1877 1904 vero
1904 1844 2018 1914 jam

421 1945 534 1983 non
569 1929 757 1994 videt;
801 1930 897 2009 sed
921 1930 987 1985 ad
1018 1940 1289 1988 vocantes
1328 1948 1455 1990 eum
1488 1943 1796 2009 potestates
1823 1952 2022 1992 exsur-

423 2022 504 2091 git
540 2008 909 2091 stupefactus.
939 2020 1106 2081 Forte
1142 2034 1199 2081 et
1240 2008 1542 2084 nonnullas
1584 2045 1782 2101 preces
1821 2031 1890 2086 ad
1926 2047 2020 2088 eas

424 2114 610 2169 fundit
654 2117 980 2180 mussitans,
1028 2128 1297 2187 quantum
1341 2120 1528 2193 lingua
1558 2122 1706 2193 loqui
1738 2125 1907 2179 valet.
1940 2125 2021 2180 Ex

424 2207 635 2278 quibus
667 2208 854 2263 verbis
884 2217 939 2263 et
972 2211 1139 2265 rebus
1183 2222 1486 2282 praesentes
1515 2216 1848 2288 plerumque
1881 2234 2019 2274 eon-

418 2299 644 2371 jicimus
679 2300 825 2371 quod
862 2302 1190 2372 tyrannicas
1216 2312 1527 2373 potestates
1549 2306 1713 2374 vidit,
1742 2316 1801 2361 et
1827 2323 2027 2363 omnes

424 2402 671 2447 tremore
715 2395 914 2448 aborto
962 2393 1382 2462 horrescimus;
1422 2406 1479 2451 et
1510 2397 1659 2452 inter
1694 2413 1799 2453 nos
1839 2398 2023 2459 innui-

423 2498 550 2537 mus
581 2482 837 2539 dicentes
871 2502 883 2537 :
917 2485 1245 2552 Precemur,
1288 2487 1511 2556 fratres,
1547 2489 1603 2544 in
1638 2506 1839 2563 magno
1869 2493 2022 2547 enim

425 2575 734 2630 certamine
765 2588 1042 2632 versatur.
1088 2577 1420 2633 Meditemur
1452 2588 1511 2635 et
1536 2580 1605 2637 de
1635 2580 1727 2636 illa
1759 2582 1896 2637 hora
1924 2584 2023 2639 eo-

425 2668 686 2740 gitemus.
716 2667 859 2735 Quid
898 2670 1049 2725 enim
1079 2678 1165 2725 est
1192 2671 1394 2727 homo?
1420 2673 1594 2733 Nihil.
1633 2673 1777 2742 Quid
1813 2676 2023 2732 homo?

424 2760 667 2825 vermis,
701 2761 864 2828 cinis,
918 2763 1151 2829 umbra,
1219 2765 1521 2822 sonmium.
1562 2765 1708 2822 Ecce
1764 2769 2020 2837 transiit,

425 2866 557 2905 ecce
589 2850 750 2917 abiit,
782 2867 912 2907 ecce
961 2854 1220 2919 cessavit,
1248 2869 1379 2910 ecce
1417 2850 1718 2927 requievit.
1770 2858 1874 2915 Hic
1906 2877 2021 2916 ma-

427 2960 589 3014 gnus,
623 2944 895 3011 invictus,
930 2955 1151 3017 potens,
1195 2948 1435 3016 validus,
1463 2951 1613 3021 jacet
1651 2952 1743 3006 ovi
1793 2953 2019 3023 mitior;

2114 464 2199 511 σις
2229 444 2328 500 τοῦ
2355 446 2514 502 Θεοῦ.
2542 447 2785 516 Ποσάκις
2813 449 2922 522 γὰρ
2949 450 3103 529 αὐτῷ
3128 456 3439 523 μετανοεῖν
3474 472 3760 508 συνετασ-

2114 537 2290 610 σόμην
2323 538 2462 610 (53).
2490 538 2586 593 καὶ
2626 539 2791 615 πάλιν
2815 540 2884 594 τὰ
2907 540 3081 612 χείρω
3124 542 3614 617 διεπραττόμηνί
3652 547 3763 599 llo-

2113 629 2273 695 σάκις
2301 648 2371 703 με
2397 632 2620 705 ἠλέησε,
2645 634 2740 701 καὶ
2765 633 2927 689 πάλιν
2953 632 3287 707 παρῶργισα
3329 642 3344 693 ί

2152 864 2159 869 ,
2185 811 2376 867 Ταῦτα
2410 812 2677 876 πολλάκις
2701 811 2797 867 τοῦ
2827 812 3198 879 τελευτῶντος
3220 815 3380 887 πρὸς
3417 817 3592 887 ἡμᾶς
3625 820 3760 882 τοὺς

2103 884 2395 979 ⁸παρόντας
2417 905 2830 977 διαλεγομένου,
2863 905 3129 979 ἐξαίφνης
3158 884 3481 981 δεσμεῖται
3511 911 3551 980 ἠ
3573 910 3759 979 γλῶσ-

2116 1015 2205 1064 σα,
2269 996 2534 1053 ἀναπολεί
2561 1000 2589 1051 ὁ
2634 997 2780 1064 νοῦς,
2811 998 3155 1054 ἀλλοιοῦνται
3187 1001 3237 1059 οἱ
3262 1000 3603 1072 ὀφθαλμοὶ,
3639 991 3762 1074 ἧνίι-

2116 1107 2189 1143 κα
2239 1090 2297 1143 at
2346 1090 2670 1143 δεσποτικαὶ
2715 1090 2979 1162 δυνάμεις
3015 1091 3207 1150 λοιπὸν
3256 1092 3757 1164 παραγένωνται.

2119 1180 2243 1233 Ὅτι
2277 1180 2327 1261 oi
2374 1180 2768 1261 ἀπαράκλητοιὴ
2812 1184 3116 1254 ἀπαιτηταὶ
3149 1185 3229 1250 είς
3263 1185 3338 1239 τὸ
3370 1185 3758 1259 δικαστήριον

2115 1275 2264 1343 ημᾶς
2292 1273 2544 1353 ἕλκοντες
2577 1275 2975 1348 ἀποφέρουσιν,
3029 1277 3127 1342 οὓς
3175 1280 3271 1333 καὶ
3318 1279 3705 1349 θεασάμενος
3729 1280 3760 1333 6

2117 1367 2468 1441 ταλαίπωρος
2493 1368 2805 1442 ἄνθρωπος,
2832 1370 2937 1425 κᾶν
2966 1360 3223 1442 βασιλεύς
3250 1374 3411 1439 ἐστι,
3452 1373 3574 1426 κᾶν
3597 1374 3757 1428 δυνά·

2120 1477 2275 1530 στης,
2312 1460 2418 1515 κᾶν
2456 1461 2760 1532 τύραννος,
2793 1461 2918 1526 ὅλος
2960 1462 3218 1530 δονεῖται,
3240 1464 3349 1517 καὶ
3388 1466 3423 1518 ὁ
3455 1459 3643 1529 οἶκος,
3679 1464 3755 1527 ὡς

2118 1554 2227 1608 ἀπὸ
2285 1555 2536 1624 σεισμοῦ,
2592 1554 2713 1618 ὅλος
2761 1554 2983 1626 τρέμει,
3036 1555 3158 1619 ὅλος
3199 1558 3595 1628 ταράττεται,
3632 1555 3753 1618 ὅλος

2121 1644 2415 1717 θαμϐεῐται
2455 1649 2550 1701 καὶ
2599 1648 2881 1716 ἐξίσταται
2934 1649 3080 1723 ὁρῶν
3132 1650 3420 1722 δυνάμεις
3473 1649 3752 1720 φοϐερὰς,

2121 1734 2263 1804 ὁρῶν
2297 1735 2515 1807 μορφὰς
2564 1734 2720 1803 ξένας
2759 1740 2855 1793 καὶ
2894 1740 3182 1810 κραταιὰς,
3212 1742 3369 1812 ὁρῶν
3406 1738 3585 1801 τάξιν
3614 1741 3749 1811 (54).

2122 1828 2188 1897 ἣν
2226 1828 2484 1883 οὐδέποτε
2532 1830 2833 1885 ἐθεάσατοο
2878 1832 3055 1887 ταῦτα
3104 1835 3229 1887 τότε
3277 1837 3309 1886 6
3376 1832 3753 1902 ἀπαγόμενος

2122 1922 2245 1992 ὁρᾷ,
2282 1923 2430 1993 ἡμᾶς
2462 1922 2520 1976 δὲ
2578 1922 2765 1976 οὐκέτι
2816 1923 3052 1996 καθορᾷ,
3082 1925 3221 1980 ἀλλά
3284 1926 3444 1996 πρὸς
3493 1925 3605 1989 τὰς
3652 1943 3748 1979 κα-

2122 2012 2323 2078 λούσας
2356 2013 2618 2085 δυνάμεις
2654 2015 2960 2088 θαμὸηθεὶς
2989 2017 3295 2082 ἐξίσταται.
3341 2018 3525 2081 Ἴσως
3557 2018 3620 2071 δὲ
3660 2019 3749 2072 καί

2121 2122 2278 2170 τινας
2304 2106 2518 2179 δεήσεις
2552 2106 2688 2178 πρὸς
2707 2108 2877 2172 αὐτὰς
2911 2111 3147 2163 ποιεῖται
3169 2108 3528 2181 ψιθυρίζων,
3560 2109 3748 2172 καθὼς

2123 2198 2157 2269 ἡ
2190 2196 2415 2267 γλῶσσα
2435 2197 2617 2252 λαλεῖν
2652 2197 2901 2254 δύναται.
2932 2200 3023 2269 Ἐξ
3048 2194 3125 2255 ὧν
3156 2201 3442 2273 ῥημάτων
3477 2201 3582 2255 καὶ
3611 2218 3749 2271 χρη-

2127 2291 2315 2365 μάτων
2348 2291 2398 2345 οί
2429 2292 2697 2364 παρόντες
2752 2293 3018 2358 πολλάκις
3061 2294 3292 2367 νοοῦμεν
3319 2334 3335 2361 ,
3384 2292 3487 2350 ’ὅτι
3524 2295 3631 2360 τὰς
3663 2297 3746 2348 δε-

2127 2385 2396 2449 σποτικὰς
2435 2385 2696 2456 δυνάμεις
2744 2386 3033 2453 ἐθεάσατο,
3071 2388 3166 2442 καὶ
3220 2389 3446 2452 πάντες
3509 2387 3746 2458 σύντροο

2128 2496 2218 2552 μοι
2253 2478 2365 2550 (55)
2400 2479 2706 2550 γενόμενοι,
2746 2481 3080 2552 φρίττομεν,
3122 2483 3220 2537 καὶ⁵
3255 2483 3409 2553 πρὸς
3474 2482 3746 2553 ἀλλήλους

2123 2569 2448 2641 διανεύομεν
2483 2569 2736 2639 λέγοντες
2763 2586 2791 2627 ⁸,
2824 2571 3293 2644 Προσευξώμεθα,
3347 2572 3616 2642 ἀδελφοί·
3667 2573 3746 2634 είς

2124 2664 2233 2736 γὰρ
2272 2665 2465 2734 ἀγῶνα
2521 2665 2699 2735 μέγαν
2761 2665 3118 2736 παρίσταται.
3170 2666 3609 2738 Σκοπήσωμεν,
3650 2665 3741 2719 καὶ

2124 2756 2223 2829 τῆς
2247 2757 2398 2830 ῶρας
2423 2756 2626 2829 ταύτης
2653 2742 3054 2829 φροντίσωμεν.
3084 2758 3151 2812 Τί
3182 2759 3296 2831 γάρ
3327 2760 3500 2814 ἐστιν
3526 2759 3742 2830 ἄνθρωο

2124 2870 2256 2921 πο;;
2309 2852 2486 2907 οὐδέν·
2514 2852 2569 2906 τί
2622 2853 2951 2924 άνθρωπος;
3012 2852 3230 2924 σκώληξ
3279 2853 3384 2907 καὶ
3412 2852 3604 2924 τέφρα
3648 2851 3740 2906 tta-3

2128 2946 2258 3000 σκιὰ
2307 2945 2401 2999 καὶ
2435 2945 2591 3016 ὄναρ.
2668 2944 2769 2998 ’ἰδὲ
2826 2944 3002 3014 διέϐη,
3061 2943 3136 2997 ίδὲ
3171 2943 3434 3013 ἀπῆλθε,
3483 2944 3563 2996 ἰδὲ
3609 2960 3740 2996 κατ-

428 3036 790 3107 conspicuus,
823 3037 982 3108 quasi
1019 3054 1129 3093 non
1170 3040 1530 3111 conspicuus,
1562 3042 1744 3119 factus
1769 3053 1855 3101 est
1888 3045 2025 3101 invi-

2130 3040 2372 3099 ἐπαυσεν
2399 3079 2413 3107 ,
2482 3040 2555 3094 ἰδὲ
2598 3039 2894 3112 ἡσύχασεν.
2940 3040 3180 3104 Ἐκεῖνος
3225 3040 3254 3092 6
3306 3039 3490 3104 πολὺς
3548 3017 3680 3111 (ὅθ),
3708 3038 3738 3091 6

429 3130 650 3197 sibilis;
680 3141 979 3205 superatus
1007 3134 1206 3203 estqui
1246 3135 1566 3204 superabat,
1603 3144 1659 3191 et
1684 3152 1813 3192 ecce
1848 3138 2026 3193 abdu-

430 3234 570 3280 cunt
605 3226 1041 3296 quoabducunt
1069 3226 1449 3297 abducentes,
1494 3230 1549 3286 in
1590 3248 1702 3303 quo
1725 3233 1850 3289 loco
1878 3243 2027 3291 stant

430 3325 742 3388 potestates
791 3327 847 3374 et
885 3319 1323 3388 dominationes,
1353 3322 1543 3377 acerbi
1572 3334 1834 3401 nostrum
1864 3314 2029 3381 accu-

433 3417 650 3465 satores
681 3411 736 3466 in
767 3427 894 3467 aere
921 3429 935 3477 ;
973 3411 1028 3467 in
1064 3429 1176 3483 quo
1203 3414 1487 3471 terribiles
1511 3416 1823 3486 publicani,
1848 3425 1908 3472 et
1938 3418 2027 3473 in-

433 3500 760 3573 quisitores,
785 3512 841 3558 et
864 3496 1195 3584 collectores
1220 3515 1351 3561 sunt
1375 3506 1548 3575 obvii,
1577 3509 1673 3578 qui
1700 3498 2050 3580 scrutantur,

437 3593 750 3663 inquirunt,
790 3594 1143 3662 insimulant,
1171 3598 1473 3668 proferunt
1497 3600 1746 3657 hominis
1778 3611 2026 3673 peccata,

434 3678 906 3758 ctcbirographa,
935 3688 1051 3744 sive
1083 3690 1138 3744 in
1167 3691 1489 3762 juventute,
1517 3693 1636 3763 sive
1674 3690 1729 3748 in
1766 3704 2029 3769 senectu-

438 3788 513 3845 te,
553 3780 668 3859 sive
702 3781 963 3849 libenter,
994 3782 1111 3838 sive
1140 3784 1313 3839 invit’e
1342 3784 1507 3851 facta,
1540 3786 1657 3857 sive
1689 3787 1886 3854 verbo,
1912 3787 2031 3843 sive

436 3887 627 3942 opere,
675 3874 792 3941 sive
824 3873 1187 3945 cogitatione.
1230 3875 1440 3930 Multus
1474 3877 1642 3932 timor
1673 3878 1772 3946 ibi,
1820 3877 2037 3937 multus

437 3964 656 4019 misera:
675 3966 874 4037 animae
896 3975 1128 4021 tremor.
1154 3965 1388 4021 lnfanda
1413 3968 1753 4042 necessitas.
1775 3984 1939 4039 quam
1961 3970 2030 4026 ab

439 4056 685 4112 inimicis
741 4057 1004 4127 sustinet,
1047 4058 1490 4129 impedientibus
1536 4059 2058 4133 obstantibusque,.

438 4163 511 4203 ne
544 4150 809 4205 ascendat
859 4150 916 4206 in
957 4151 1184 4219 cmlum,
1216 4167 1286 4207 nc
1322 4151 1380 4207 in
1413 4152 1728 4208 viventium
1748 4153 2031 4225 regionem

442 4240 818 4312 ingrediatur.
867 4242 1078 4299 Verum
1129 4244 1306 4299 sanct‘i
1351 4243 1556 4315 angeli,
1606 4244 1847 4322 animam
1879 4246 2034 4303 exci-

361 4345 368 4352 '
444 4336 687 4407 pientes,
724 4344 858 4393 tunc
892 4336 1203 4394 abducunt.
1236 4337 1583 4407 Nosautcm,
1610 4339 1780 4411 justis
1809 4348 2033 4397 mortuo

443 4428 668 4499 corpori
709 4429 1039 4499 persolutis,
1072 4429 1153 4484 ad
1183 4430 1458 4485 tumulum
1500 4407 1799 4504 diligenter
1830 4433 2031 4489 defun-
2064 4407 2110 4463 Β

443 4530 595 4575 ctum
650 4520 970 4588 cﬂerimus;
1030 4538 1197 4593 quem
1249 4523 1324 4577 ibi
1370 4523 1774 4594 relinquentes,
1812 4525 2040 4582 domum

443 4613 788 4668 revertimur
838 4615 1025 4671 maesti
1081 4623 1137 4671 et
1185 4615 1412 4688 abjecli,
1452 4616 1801 4688 excipientes
1837 4629 1895 4675 et
1933 4618 2041 4690 ipsi

445 4704 866 4762 ineluctabilem
894 4708 1093 4763 mortis
1122 4707 1319 4764 horam
1339 4751 1354 4764 .
1384 4708 1464 4765 Ne
1500 4709 1670 4781 igitur
1696 4726 1800 4766 nos
1821 4726 2043 4782 quoque

445 4796 803 4852 inveniamur
853 4797 1140 4869 imparati,
1172 4798 1396 4864 fratres,
1435 4800 1494 4854 in
1548 4800 1653 4856 hac
1680 4801 2071 4871 necessitate,_

444 4907 761 4957 curramus,
789 4907 1193 4963 properamus,
1248 4909 1684 4965 praecavcamus,
1717 4910 1789 4949 ne
1821 4910 1890 4950 ex
1928 4896 2034 4948 im-

446 4985 676 5055 proviso
702 4985 1077 5057 abripiuntur.
1112 4986 1525 5058 Ingrediamur,
1555 5002 1626 5041 ne
1650 4985 1798 5041 foris.
1816 5001 2041 5041 manea-

447 5095 606 5147 unus;
646 5079 978 5152 abjiciamus
1022 5098 1224 5137 vanam
1266 5080 1431 5137 istam
1472 5080 1781 5152 ignaviam;
1806 5079 2042 5151 abjicia-

450 5187 574 5226 mus
593 5173 907 5229 socordiam
933 5181 1205 5241 nostram,
1241 5174 1297 5230 in
1332 5191 1441 5246 qua
1465 5190 1640 5245 nsque
1676 5174 1744 5230 ad
1770 5174 1877 5230 hoc
1899 5185 2041 5231 tem-

683 5444 867 5519 ᾯρῶν
892 5444 1107 5519 τάξιν.
1126 5447 1364 5519 Ἠγουν,
1396 5446 1675 5519 τάγματα.
1738 5470 1739 5473 η

551 5513 644 5589 ὖξ)
676 5518 1023 5589 Σὺντρομοι.
1059 5518 1097 5572 i.
1131 5533 1182 5573 e.
1217 5513 1497 5589 ἔντρομοι.

529 5585 642 5662 (ζνθ)
768 5585 983 5662 σξρλύς.
1015 5588 1166 5643 Πάνυ
1203 5585 1549 5662 περιϐόητος.
1570 5589 1634 5645 ν.
1666 5588 1860 5660 Synes.
1904 5596 1942 5641 ι.
1974 5589 2039 5651 ll,

457 5672 512 5729 p.
538 5658 629 5729 2},
667 5656 755 5729 δίο,
784 5656 870 5713 61.

529 5727 641 5799 (37)
670 5727 852 5799 Τὸπῳ.
899 5729 1003 5784 Ἐν
1486 5732 1501 5759 ’

546 5373 617 5429 53
667 5377 1172 5446 Συνετασσόμην.
1203 5375 1461 5433 Promisi.

524 5372 638 5583 $54;
683 5444 867 5514 Ὁρῶν
892 5446 1087 5513 τάξιν.
1126 5447 1364 5517 Ἠγουν,
1396 5446 1461 5502 τά

551 5513 644 5580 55)
676 5518 1023 5583 Σὺντρομοι.
1059 5518 1097 5572 i.
1131 5533 1182 5573 e.
1224 5518 1455 5583 ἐντρομο

2127 3133 2423 3203 ἀήττητος,
2456 3134 2484 3186 ὁ
2526 3131 2820 3203 δυνάστης,
2855 3133 2883 3186 6
2913 3132 3177 3203 κραταιὸς
3223 3134 3412 3186 κεῖται
3455 3130 3736 3202 προϐάτου

2128 3227 2461 3297 πραΰτερος.
2501 3226 2561 3280 Ὀ
2599 3227 2822 3296 φαινὴς,
2852 3226 2931 3288 ὡς
2971 3225 3046 3297 μὴ
3079 3224 3299 3296 φαινὴς,
3326 3225 3570 3296 γέγονεν
3597 3223 3734 3290 ἀφα-

2129 3319 2246 3389 νής.
2293 3318 2352 3372 Ὀ
2400 3318 2621 3389 κρατῶν
2670 3316 3040 3391 κεκράτηται,
3087 3317 3184 3372 καὶ
3229 3317 3344 3373 ίδοὺ
3400 3318 3728 3385 ἀπάγουσιν,

2128 3412 2265 3466 ὅπου
2298 3398 2609 3480 ἀπάγουσιν
2635 3411 2684 3464 oi
2711 3410 3042 3481 ἀπάγοντες,
3072 3413 3129 3464 ἐν
3163 3410 3274 3482 (57)
3310 3402 3359 3479 ᾧ
3385 3411 3644 3465 ἵστανται
3676 3406 3729 3460 αί

2131 3504 2302 3576 ἀρχαὶ
2326 3504 2420 3556 καὶ
2448 3502 2711 3570 ἐξουσίαι,
2742 3505 2791 3557 οί
2815 3504 3007 3575 ’πικροὶ⁵
3035 3502 3198 3575 ήμῶν
3225 3506 3540 3576 κατήγοροι
3573 3504 3629 3555 ἐν
3654 3499 3731 3569 τῷ

2130 3598 2288 3669 άέρι⁶
2344 3596 2405 3650 ἐν
2435 3590 2478 3664 ᾧ
2504 3598 2555 3650 oi
2591 3596 2759 3650 δεινοὶ
2790 3596 3022 3650 τελῶναι
3058 3596 3152 3651 καὶ
3188 3596 3486 3667 λογοθέται
3515 3595 3608 3651 καὶ
3638 3612 3726 3663 φο-

2136 3690 2347 3763 ρολόγοι
2398 3689 2771 3754 συναντῶντες
2794 3730 2809 3756 ,
2855 3690 3271 3759 λογοθετοῦντες
3302 3730 3316 3754 ,
3355 3689 3722 3765 κρατοῦντες,

2133 3783 2596 3856 κατηγοροῦντες,
2619 3784 2994 3855 προφέροντες
3016 3782 3086 3837 τά
3106 3783 3200 3838 τοῦ
3225 3785 3531 3858 ἀνθρώπου
3554 3783 3723 3854 ἁμαρ⁸

2133 3877 2355 3947 τήματα
2404 3876 2499 3929 καὶ
2544 3876 2910 3949 χειρόγραφα,
2953 3875 3021 3930 τὰ
3061 3878 3120 3931 ἐν
3150 3879 3394 3948 νεότητι.
3432 3876 3504 3930 τὰ
3536 3880 3593 3930 ἐν
3624 3873 3718 3944 γή-

2137 3986 2222 4040 ρει
2258 3969 2393 4040 (58),
2432 3967 2503 4022 τὰ
2542 3967 2789 4033 ἑκούσια,
2819 3969 2889 4021 τὰ
2918 3968 3173 4035 ἀκούσια,
3207 3969 3275 4024 τὰ
3320 3968 3393 4023 δι’
3426 3969 3623 4041 ἔργων,
3656 3964 3719 4019 τὰ

2134 4058 2227 4113 διά
2253 4057 2452 4127 λόγων,
2483 4058 2553 4111 τά
2579 4058 2646 4112 δι’
2676 4058 3047 4129 ἐνθυμήσεων.
3097 4058 3272 4123 Πολὺς
3320 4062 3350 4114 6
3395 4060 3563 4129 φόϐος
3593 4057 3717 4121 ἐκεῖ,

2137 4150 2306 4215 πολὺς
2347 4149 2450 4218 τῆς
2498 4148 2694 4213 ἀθλίας
2742 4149 2927 4221 ψυχῆς
2973 4152 3003 4204 6
3047 4150 3274 4223 τρόμος.
3325 4153 3645 4222 Ἀδιήγητος
3686 4147 3716 4216 ἡ

2137 4242 2378 4314 ἀνάγκη,
2408 4241 2477 4313 ἢν
2507 4240 2613 4309 ὑπὸ
2642 4240 2751 4296 τῶν
2790 4241 3003 4315 ἐχθρῶν
3035 4243 3357 4312 ὑφίσταται,
3386 4243 3716 4301 κωλυόντων,

2139 4320 2675 4409 ἐμποδιζόντων,ῑνα
2714 4335 2791 4407 μὴ
2826 4338 2885 4390 ἐν
2915 4334 2995 4410 τῷ
3010 4336 3229 4410 οὐρανῷ
3256 4338 3371 4410 (59)
3399 4335 3618 4406 ἀνέλθῃ,
3639 4333 3716 4386 ἵνα

2141 4427 2218 4501 μὴ
2256 4430 2316 4483 ἐν
2346 4429 2412 4499 τῇ
2450 4425 2606 4499 χώρᾳ
2646 4426 2761 4482 τῶν
2812 4425 3038 4493 ζώντων
3083 4429 3321 4501 εισέλθῃ.
3362 4428 3504 4483 Ἀλλ’
3536 4428 3585 4479 ot
3628 4421 3715 4495 μιν

2140 4523 2287 4591 ἀγιοι
2318 4519 2574 4590 ,ἄγγελοι
2617 4522 2717 4592 τὴν
2753 4519 2937 4593 ψυχὴν
2987 4520 3405 4592 παραλαϐόντες
3453 4520 3714 4586 ἀπάγουσι

2140 4615 2286 4670 τότε.
2333 4614 2527 4686 Ἡμεῖς
2561 4612 2641 4680 δέ,
2667 4611 2729 4667 τὸ
2757 4613 2953 4686 θνητὸν
2991 4613 3153 4685 σῶμα
3176 4614 3562 4684 κηδεύσαντες,
3593 4607 3713 4679 πρὸς

2141 4708 2235 4762 τὸν
2277 4707 2472 4780 καιρὸν
2505 4707 2805 4778 κομίζομεν
2849 4707 2990 4778 μετά
3027 4707 3261 4779 σπουδῆς
3307 4707 3402 4761 τὸν
3432 4701 3708 4760 τεθνεῶτα.

2146 4803 2257 4859 Καὶ
2312 4806 2495 4858 ἐκεῖσε
2548 4802 2965 4869 καταλιπόντες,
3026 4802 3217 4857 οἴκαδε
3271 4800 3708 4872 ἀναστρέφομεν.

2148 4894 2543 4963 στυγνάζοντες
2587 4893 2683 4947 καὶ
2729 4896 3024 4964 κατηφεῖς,
3062 4891 3412 4962 ἐκδεχόμενοι
3444 4880 3711 4944 καὶαύτοὶ

2139 4988 2238 5061 τὴν
2285 4986 2662 5059 ἀπαραίτητον
2715 4984 2812 5038 τοῦ
2862 4984 3096 5039 θανάτου
3152 4983 3324 5054 ὤραν.
3360 4983 3460 5036 'lv’
3492 4975 3581 5034 οὖν
3625 4973 3706 5027 καὶ

2139 5085 2303 5154 ἡμεῖς
2338 5081 2413 5151 μὴ
2447 5081 2724 5150 ἁνέτοιμοι
2758 5079 3096 5153 εὑρεθῶμεν,
3118 5078 3359 5145 ἀδελφοὶ,
3382 5078 3440 5128 ἐν
3473 5075 3534 5143 τῇ
3564 5068 3704 5132 ἀνάγ-

2163 5193 2235 5247 κῃ
2287 5174 2503 5246 ἐκείνῃ,
2540 5172 2879 5245 δράμωμεν,
2932 5171 3283 5240 σπεύσωμεν,
3344 5163 3699 5240 προλάόωμένς

2220 5375 2337 5449 (58)
2379 5373 2481 5449 Ἐν
2521 5374 2709 5449 γήρει.
2758 5373 2851 5428 Sic
2900 5371 3054 5449 alibi_
3088 5385 3265 5441 saepe,
3302 5379 3361 5449 ut
3413 5363 3541 5449 psal.
3578 5373 3693 5449 Iret“.

2146 5431 2236 5502 H.‘
2284 5431 2371 5499 ’ἓν
2410 5431 2791 5516 γήρέι”πίονι,
2816 5442 3095 5516 quomodo
3136 5431 3317 5511 reperi
3378 5431 3535 5493 etiam

2149 5534 2188 5582 ι,
2223 5518 2312 5584 56,
2347 5509 2662 5586 ἱιιίἱίίίιυοι
2708 5509 3102 5569 νοιιίδιὶδείιιιὶε
3142 5509 3433 5583 οιίιιοειιιε
3479 5509 3693 5559 auctor!-

2152 5588 2278 5643 tatis
2309 5587 2612 5644 codicibus.

2225 5659 2334 5730 (59)
2391 5659 2487 5709 Ἐν
2528 5655 2607 5722 τῷ
2632 5654 2888 5723 οὐρανῷ.
2929 5654 3052 5718 Pro,
3082 5654 3160 5717 είς
3180 5652 3272 5706 τὸν
3301 5646 3533 5721 οὐρανόν.
