4064 6420
345 469 491 534 agor

1561 461 1818 525 SERMO
1858 459 1938 520 IN
1982 453 2457 519 DEFUNCTOS.-

3482 435 3669 499 1202--

345 586 443 639 ἵνα
499 581 574 653 μὴ
628 580 782 649 ἄφνω
833 577 1404 651 προαναρπασθῶμεν.
1442 577 1807 646 Είοέλθωμεν,
1842 574 1928 625 ίνα

2043 585 2134 641 pus
2160 568 2440 632 viximus;
2477 579 2604 634 spes
2652 578 2921 619 eruamus
2969 574 3091 629 quae
3140 571 3241 610 nos
3293 553 3359 607 de
3416 550 3507 605 die
3558 566 3616 605 in

350 676 429 747 μὴ
451 673 556 739 ἐξω
586 672 884 743 μείνωμεν,
915 670 1249 741 ἀποθώμεθα
1280 670 1379 734 τὰς
1410 668 1647 741 ματαίας
1669 665 1931 737 όκνηρίας

342 767 581 827 ἐκείνας.
632 762 994 833 Ἀποθώμεθα
1017 762 1117 833 τὴν
1145 761 1423 834 ῥᾳθυμίαν
1455 759 1636 833 ἡμῶν,
1665 762 1723 814 ἐν
1830 774 1930 809 πε-

345 856 678 929 ριεζήσασεν
733 855 846 926 (40)
890 854 997 918 ἓως
1042 853 1136 906 τοῦ
1193 854 1309 908 νῦν.
1362 853 1789 925 Ἀπορῤίψωμεν
1831 849 1931 913 τάς

346 947 722 1021 χλευαζούσας
769 948 918 1017 ἡμᾶς
961 945 1152 1017 ἡμέρᾳ
1202 948 1270 1017 τῇ
1315 946 1501 1018 ἡμέρᾳ
1543 944 1654 1014 (41.)
1686 941 1928 1005 ἐλπίδας.

342 1042 438 1111 Μὴ
472 1039 719 1111 ἐμπαίξῃ
749 1039 881 1109 ἡμῖν
912 1038 1007 1090 τοῦ
1030 1036 1221 1109 λο-ιποῦ
1251 1038 1278 1091 ό
1336 1036 1534 1108 μιαρὸς
1566 1034 1664 1089 καὶ
1695 1033 1933 1104 πονηρὸς

341 1130 628 1200 λογισμὸς,
684 1130 766 1182 ὃτι
811 1125 998 1182 πολλοὶ
1034 1126 1206 1181 πολλὰ
1240 1125 1667 1197 βουλευσάμενοι
1719 1124 1798 1187 είς
1833 1123 1933 1193 τὴν

343 1221 541 1294 αῠριον
595 1221 656 1275 οὐ
711 1220 1047 1285 κατέλαϐον,
1098 1217 1215 1274 ἀλλ’
1268 1218 1530 1288 ἐξαίφνης
1576 1212 1957 1289 ἡρπάγησαν,

340 1316 422 1380 ὡς
455 1314 568 1387 (42)
610 1313 896 1386 στρουθίον
928 1312 1031 1366 ὑπὸ
1080 1311 1322 1382 ἱέρακος,
1378 1310 1454 1374 ὡς
1479 1310 1664 1381 ἀρνίον
1694 1308 1800 1362 ὑπὸ
1841 1307 1936 1361 λύ-

343 1426 472 1483 κου⁹
516 1408 655 1476 μήτε
686 1405 919 1477 λαλῆσαι
958 1404 1097 1468 ὅλως
1130 1402 1433 1474 ίσχῠοντες,
1482 1403 1624 1474 μήτε
1667 1401 1936 1472 διαθήκας

346 1497 700 1569 ποιήσασθαι.
766 1498 832 1551 Ol.
885 1496 986 1566 μὲν
1050 1494 1449 1561 καθεύδοντες,
1520 1494 1629 1547 ἀπὸ
1696 1493 1938 1562 ἑσπέρας

347 1591 547 1660 ὂγιείς,
583 1588 687 1661 τὴν
725 1588 940 1662 πρωῒαν
964 1589 1067 1642 οὐκ
1111 1588 1377 1658 ἔφθασαν.
1410 1587 1473 1641 Οί
1512 1585 1570 1639 δέ
1608 1585 1701 1639 ἐπὶ
1729 1584 1939 1656 τραπέ-

345 1680 452 1752 ζης
489 1680 815 1753 καθήμενοι,
852 1683 911 1734 ἐν
941 1681 1080 1751 αὐτῇ
1122 1680 1501 1741 ἀπέπνευσαν.
1527 1677 1666 1732 Οίδὲ
1700 1695 1939 1750 περιπα-

342 1771 571 1837 τοῦντες
600 1772 697 1826 καὶ
724 1771 1009 1839 πεσόντες,
1041 1771 1304 1842 ἐξαίφνης
1331 1768 1629 1827 ἀπέθανον,
1664 1770 1775 1823 Καὶ
1802 1769 1936 1823 ταῦ-

341 1881 417 1917 τα
450 1864 633 1921 πάντα
674 1863 899 1934 εἴδομεν
939 1863 1037 1918 καὶ
1096 1864 1469 1934 γινώσκομειη
1528 1862 1620 1914 Διὸ
1679 1860 1938 1933 οὐδεμίαν

2030 662 2180 716 diem
2220 659 2532 725 deludunt;
2576 672 2647 712 ne
2690 670 2793 710 nos
2819 653 3084 721 deinceps
3114 645 3357 717 decipiat
3400 644 3619 713 impura

2031 763 2088 810 et
2120 767 2293 825 prava
2335 749 2706 813 ratiocinatio,
2739 747 2871 818 quia
2911 744 3073 800 multi
3122 740 3297 797 multa
3326 754 3454 795 cum
3487 753 3622 793 con-

2032 845 2351 925 stituissent
2392 842 2449 896 in
2481 840 2787 897 crastinam
2809 879 2823 904 ,
2857 851 2970 891 non
3003 831 3291 889 consecuti
3337 835 3488 895 sunt,
3520 827 3620 883 sed

2033 921 2268 1009 repente
2303 935 2471 991 ablati
2521 940 2675 998 sunt,
2711 931 2861 986 sicut
2907 936 3094 983 turtur
3140 943 3171 981 a
3227 924 3442 987 milvio,
3476 921 3623 977 sicut

2035 1044 2211 1100 agnus
2234 1043 2265 1082 a
2288 1028 2460 1098 lupo;
2495 1036 2677 1095 neque
2706 1021 2861 1091 loqui
2887 1020 3115 1075 omnino
3139 1017 3411 1081 valentes,
3440 1028 3623 1083 neque

2035 1126 2370 1177 teStamenta
2406 1120 2615 1174 iacere.
2676 1116 2742 1171 l‘li
2777 1114 3006 1185 quidem
3047 1111 3413 1181 dormientes,
3464 1123 3493 1162 a
3526 1121 3624 1161 ve-

2036 1228 2198 1284 spere
2226 1212 2410 1267 adhuc
2449 1211 2615 1281 plane
2659 1209 2909 1264 valentes
2935 1248 2949 1273 ,
2999 1205 3067 1261 ad
3126 1200 3461 1258 matutinum
3510 1214 3624 1254 non

2038 1313 2456 1378 pervenerunt;
2494 1302 2576 1357 illi
2619 1316 2755 1357 vero
2788 1314 2995 1355 mensae
3023 1295 3444 1359 accumbentes,
3473 1292 3531 1345 in
3559 1305 3627 1345 ea

2037 1401 2467 1473 exspiraverunt
2493 1416 2507 1464 ;
2545 1397 2639 1452 alii
2685 1395 3035 1451 ambulantes
3066 1398 3123 1446 et
3146 1389 3413 1444 cadentes
3441 1384 3631 1442 subito

2037 1493 2248 1549 mortui
2276 1500 2429 1547 sunt.
2466 1491 2536 1547 Et
2569 1490 2687 1544 haec
2740 1486 2927 1543 omnia
2954 1483 3200 1538 vidimus
3234 1489 3293 1537 et
3332 1476 3626 1550 cognosci-

2039 1601 2182 1641 mus.
2211 1566 2342 1639 Ideo
2363 1583 2571 1637 nullam
2593 1580 2814 1635 veniam
2836 1593 2869 1632 a
2891 1577 3006 1632 Deo
3031 1574 3335 1640 habemus;
3362 1569 3628 1642 quoniam

2039 1693 2152 1733 non
2179 1675 2364 1742 inscii,
2395 1674 2492 1730 sed
2519 1671 2728 1729 conscii
2765 1683 3058 1735 erramus;
3092 1666 3383 1721 audientes
3400 1661 3628 1734 quidem

2041 1769 2262 1826 divinas
2292 1767 2637 1838 Scripturas,
2671 1772 2727 1819 et
2772 1777 2897 1833 qua:
2928 1759 3094 1817 nobis
3127 1757 3275 1815 dicta
3303 1766 3435 1813 sunt
3464 1754 3630 1811 nohi-
3696 1826 3704 1840 χ

2041 1878 2200 1917 scum
2234 1867 2580 1931 reputantes,
2603 1871 2787 1926 neque
2816 1869 2951 1910 vero
2980 1851 3268 1908 facientes.

344 1952 691 2025 συγγνώμην
722 1954 878 2028 παρὰ
920 1954 1059 2009 θεοῦ
1115 1955 1580 2026 ἔχομενσὸτιοὺκ
1635 1954 1694 2007 ἐν
1744 1954 2010 2027 ἀγνωσία,
2052 1955 2168 2010 ἀλλ’
2221 1956 2279 2008 ἐν
2339 1952 2540 2022 γνώσει
2586 1946 2951 2021 πλανώμεθα,
3029 1948 3320 2009 ἀκούοντες
3366 1945 3465 2016 μὲν
3521 1941 3633 1995 τῶν

345 2046 522 2101 θείων
583 2046 823 2118 Γραφῶν
849 2087 865 2114 ,
898 2048 994 2101 καὶ
1042 2046 1354 2111 ἐννοοῦντες
1407 2047 1475 2101 τὰ
1523 2048 1815 2119 λεγόμενα,
1870 2049 1946 2121 μὴ
1990 2050 2274 2112 ποιοῦντες
2302 2048 2381 2102 δέ.
2436 2042 2441 2049 ’

422 2135 517 2189 Διὸ
548 2137 874 2208 παρακαλῶ,
920 2137 995 2209 μὴ
1033 2137 1195 2207 μόνον
1223 2138 1494 2208 ἀκροαταί⁸
1521 2138 1809 2210 γενώμεθα
1836 2140 1939 2210 τῆς

2117 2142 2308 2212 Itaque
2341 2154 2563 2211 precor,
2611 2154 2682 2193 ne
2730 2135 3122 2193 tantummodo
3175 2134 3444 2191 doctrina!
3476 2134 3633 2188 audi-

341 2228 596 2299 διδαχῆς,
644 2227 785 2282 ἀλλά
834 2227 932 2283 καὶ
985 2228 1231 2299 ποιηταί.
1287 2229 1358 2283 Et’
1397 2248 1483 2294 τις
1529 2226 1625 2285 οὗν
1668 2231 1808 2298 μετὰ
1840 2230 1941 2302 τὴν

345 2320 623 2391 ἀκρόασιν
670 2321 784 2374 τῶν
829 2319 927 2376 νῦν
981 2321 1293 2394 είρημένων
1351 2323 1645 2393 συνήθειαν
1694 2323 1940 2396 πονηρὰν

349 2414 615 2486 πορνείας
658 2414 799 2485 ἔχων
846 2413 1060 2479 ταύτην
1112 2415 1417 2489 ἀπέκοψενζ
1453 2410 1612 2481 οὗτος
1663 2419 1941 2489 ἀκροατὴς

356 2505 546 2569 καλός.
585 2505 655 2559 El
680 2514 768 2569 τις
810 2505 1183 2577 μνησικακίαν
1217 2488 1357 2589 ἔχων
1391 2508 1526 2589 πρὸς
1583 2508 1676 2562 τὸν
1713 2488 1942 2580 πλησίον

355 2592 456 2652 καὶ
500 2598 760 2670 διαλλαγῇ
796 2598 964 2670 αὐτῷ,
1016 2593 1173 2663 οὗτος
1220 2587 1383 2666 καλὸς
1411 2587 1712 2673 ἀκροατής.
1758 2602 1825 2655 Et
1860 2618 1944 2666 τις

351 2691 686 2757 κατανυγεὶς
735 2690 831 2746 ἐπὶ
875 2692 991 2755 τοῖς
1041 2691 1280 2765 παροῦσι
1326 2691 1507 2762 λόγοις
1557 2693 1806 2764 ἐλεήμων
1846 2694 1945 2749 καὶ

347 2781 723 2852 εὐμετάδοτος
768 2781 1031 2853 γένηται,
1081 2776 1243 2849 οὗτος
1283 2784 1448 2849 καλδς
1493 2784 1800 2867 ἀκροατήςς
1858 2784 1944 2840 ίνα

350 2868 434 2941 μὴ
460 2871 541 2934 είς
580 2873 755 2942 κρῖμα
797 2874 831 2944 ἡ
841 2872 957 2943 μῶν
985 2872 1082 2927 καὶ
1107 2872 1247 2945 αὕτη
1273 2873 1313 2946 ἡ
1333 2875 1642 2944 ἀνάγνωσις
1668 2874 1902 2946 γένηται
1924 2892 1939 2906 ·
1983 2912 1989 2923 ι

347 2960 635 3033 ἀκούομεν
668 2962 804 3034 γὰρ,
838 2963 933 3017 καὶ
957 2964 1021 3018 οὐ
1053 2960 1341 3035 ποιοῦμεν.
1375 2966 1440 3021 Et
1474 2966 1551 3036 μὴ
1572 2967 1681 3039 γὰρ
1714 2968 1743 3021 ό
1773 2966 1941 3023 θάνα-

346 3070 444 3119 τος
482 3052 580 3107 τοῦ
612 3054 847 3126 ἀδελφοῦ
885 3073 981 3109 σου
1030 3056 1359 3129 σωφρονίσει
1388 3074 1469 3125 σε,
1501 3058 1678 3123 οὐδεὶς
1720 3058 1945 3114 δύναταί

349 3164 415 3201 σε
467 3146 806 3220 ὠφελήσειν.
843 3150 907 3203 Εί
953 3149 1030 3223 μὴ
1076 3151 1272 3229 νεκρὸν
1310 3150 1526 3219 βλέπων
1562 3153 1942 3224 μετανοήσεις,

347 3246 489 3300 πότε
520 3245 710 3300 λοιπὸν
735 3247 1120 3320 ἐπιστρέψεις;
1146 3247 1196 3301 εί
1230 3248 1304 3319 μὴ
1331 3248 1425 3309 ἐπὶ
1459 3249 1573 3312 τοῖς
1595 3228 1691 3303 νῐίν
1724 3247 1946 3321 είρημέ-

347 3353 464 3402 νοις
496 3338 837 3411 κατενύγης,
859 3339 993 3393 πότε
1019 3339 1119 3409 τῆς
1143 3340 1420 3411 ἁμαρτίας
1438 3341 1767 3413 ἀποστήσῃ;
1798 3341 1946 3394 Ταύ-

346 3429 793 3501 την.ἀγαπητοὶ,
822 3432 923 3503 τὴν
951 3430 1063 3484 τῶν
1084 3431 1245 3486 θείων
1273 3431 1473 3500 λογίων
1496 3433 1703 3502 ,πρᾶξιν
1731 3432 1783 3485 οί
1807 3432 1964 3503 πρὸς·

2044 2241 2219 2296 tores,
2275 2230 2373 2285 sed
2424 2238 2481 2286 et
2512 2229 2905 2285 observatores
2946 2227 3162 2283 ﬁamus.
3199 2226 3255 2281 Si
3296 2229 3425 2296 quis
3468 2227 3635 2298 igitur

2044 2331 2170 2394 post
2206 2322 2552 2377 auditionem
2585 2337 2784 2377 eorum
2843 2335 2967 2390 quae
3011 2318 3160 2375 dicta
3197 2326 3371 2386 sunt,
3405 2335 3634 2389 pravam

2043 2412 2439 2468 fornicationis
2477 2410 2945 2468 consuetudinem
2994 2409 3229 2472 habens,
3271 2424 3403 2464 eam
3439 2411 3636 2480 pra'ci-

2045 2502 2216 2570 derit,
2243 2502 2292 2558 is
2326 2503 2552 2557 auditor
2586 2502 2787 2558 bonus.
2836 2500 2895 2556 Si
2928 2500 3057 2570 quis
3086 2508 3336 2555 veterem
3363 2500 3417 2554 in
3443 2501 3639 2570 proxi:

2045 2610 2199 2650 mum
2244 2595 2589 2651 simultatem
2631 2593 2849 2649 habens
2885 2592 3165 2665 ignoverit
3218 2593 3293 2657 ei,
3330 2591 3377 2647 is
3411 2592 3634 2647 auditor

2047 2686 2228 2745 bonus
2256 2706 2277 2756 ;
2314 2688 2360 2744 si
2409 2688 2535 2759 quis
2566 2674 2947 2758 praesentibus
2981 2686 3338 2742 sermonibus
3369 2700 3638 2755 compun-

2047 2785 2173 2835 ctus
2211 2779 2539 2836 misericors
2574 2786 2632 2835 et
2674 2779 2927 2835 liberalis
2957 2778 3141 2835 factus
3181 2779 3283 2846 sit,
3335 2776 3641 2832 isauditor

2046 2868 2259 2939 bonus;
2292 2885 2366 2927 ne
2390 2879 2447 2927 et
2483 2870 2905 2927 nobiscrimini
2940 2880 3195 2927 vertatur
3227 2870 3346 2929 haec
3384 2868 3639 2925 admoni-

2050 2963 2163 3029 tio;
2198 2961 2458 3019 audimus
2489 2964 2638 3019 enim
2688 2973 2747 3019 et
2788 2979 2901 3019 non
2934 2962 3443 3041 agimust‘Elenim.
3482 2962 3529 3017 si
3586 2972 3641 3016 te

2048 3070 2200 3110 mors
2224 3055 2424 3133 fratris
2460 3056 2544 3111 tui
2591 3072 2702 3112 non
2729 3057 3142 3123 emendaverit,
3176 3072 3343 3112 nemo
3372 3056 3474 3112 tibi
3504 3072 3639 3127 pro-

2048 3148 2209 3204 desse
2246 3148 2476 3219 poterit.
2513 3148 2571 3204 Si
2608 3158 2895 3205 mortuum
2922 3150 3123 3206 videns
3153 3166 3267 3206 non
3301 3151 3421 3207 haec
3451 3151 3669 3207 animo.

2048 3238 2458 3309 circumspicis.
2480 3239 2705 3309 quando
2730 3240 2997 3312 deinceps
3020 3241 3409 3299 converteris?
3433 3240 3490 3297 Si
3525 3257 3641 3297 non

2048 3328 2138 3384 his
2164 3322 2293 3399 qua:
2316 3346 2468 3385 nunc
2494 3331 2762 3387 dicuntur
2792 3331 2969 3387 fueris
3000 3342 3386 3404 compunctus,
3416 3333 3640 3403 quando

2048 3437 2080 3476 a
2113 3432 2344 3492 peccato
2372 3422 2693 3479 descisces?
2736 3424 2889 3480 Hanc
2924 3425 3119 3495 igitur,
3153 3424 3379 3492 dilecti,
3417 3425 3639 3480 divino-

346 3519 595 3592 Χριστὸν
615 3520 981 3592 προλαϐόντες
1012 3522 1169 3593 ἡμῶν
1198 3521 1420 3590 ἀδελφοὶ
1445 3523 1577 3592 ἡμῖν
1600 3521 1942 3594 παρέθηκαν.

2051 3526 2176 3566 rum
2206 3518 2524 3568 sermonum
2549 3513 2965 3571 observantiam
2987 3514 3187 3571 fratres
3214 3515 3414 3582 nostri,
3442 3515 3537 3586 qui
3570 3516 3641 3572 ad

348 3611 541 3666 Ταῦτα
602 3611 674 3669 τὰ
746 3610 989 3677 ζωοποιὰ
1062 3611 1338 3682 ἐδέσματα
1404 3613 1540 3683 ἡμῖν
1616 3613 1944 3684 ἡτοίμασαν.

348 3700 560 3757 Τοῦτον
600 3703 733 3772 ἡμῖν
782 3701 876 3755 τὸν
926 3704 1026 3773 τῆς
1059 3701 1415 3777 διδασκαλίας
1452 3696 1595 3756 οίνον
1647 3701 1942 3773 ἐκέρασαν,

350 3795 502 3857 ὅπως
528 3791 702 3847 ταῦτα
749 3792 1086 3864 μελετῶντες
1119 3796 1181 3848 ἐν
1219 3793 1397 3859 νυκτὶ,
1441 3795 1499 3848 ἐν
1529 3794 1734 3866 ἡμέρᾳ,
1762 3797 1819 3849 ὲν
1847 3796 1946 3849 ἐκ·

351 3883 576 3957 κλησίᾳ,
613 3887 672 3939 ἐν
707 3886 899 3952 οῐκοις,
925 3885 1018 3939 ἐπὶ
1050 3884 1356 3958 τραπέζης,
1412 3887 1470 3939 ἐν
1517 3870 1751 3954 κλίναις,
1782 3888 1945 3959 δυνη-

353 3975 565 4046 σόμεθα
619 3976 718 4046 τῆς
746 3975 1019 4048 πονηρᾶς
1063 3976 1160 4029 καὶ
1219 3975 1454 4046 ματαίας
1497 3974 1791 4047 συνηθείας
1848 3975 1944 4029 καὶ⁸

351 4067 614 4139 ἀμελείας
643 4068 975 4138 ἀποστῆναι,
1009 4068 1106 4121 καὶ
1143 4067 1240 4139 τὴν
1277 4067 1454 4139 ψυχὴν
1483 4066 1661 4137 ἡμῶνι
1683 4068 1940 4135 ἐπιστρέ-

349 4158 451 4229 ψαι
492 4158 587 4212 καὶ
637 4160 774 4231 πρὸς
806 4158 1123 4230 μετάνοιαν,
1151 4159 1256 4214 κᾶν
1299 4159 1410 4214 ἀπὸ
1442 4159 1537 4213 τοῦ
1570 4159 1690 4226 νῦν,
1737 4158 1940 4225 κλῖναι,

352 4250 449 4303 καὶ
477 4249 570 4302 τόν
598 4251 877 4321 Δεσπότην
904 4251 1250 4323 δυσωπῆσαι,
1278 4251 1376 4307 καὶ
1399 4254 1497 4324 τῆς
1527 4250 1807 4322 βασιλείας
1829 4251 1939 4304 τῶν

353 4338 606 4410 οὐρανῶν
653 4341 939 4413 ἐπιτυχεῖν
970 4384 985 4410 ,
1040 4344 1225 4415 χάριτι
1270 4344 1367 4397 καὶ
1416 4343 1802 4417 φιλανθρωπίᾳ
1846 4343 1940 4398 τοῦ

352 4432 562 4503 Κυρίου
597 4434 758 4505 ἡμῶν
792 4435 967 4507 Ἰησοῦ
1000 4436 1270 4508 Χριστοῦ,
1301 4438 1382 4491 ὃτι
1413 4435 1564 4507 αὐτῷ
1588 4438 1789 4507 πρέπει
1814 4437 1947 4505 δόξα

353 4525 454 4580 σὺν
487 4525 567 4596 τῷ
604 4527 829 4601 ἀνάρχῳ
880 4530 1059 4601 Πατρὶ
1102 4530 1199 4584 καὶ⁵
1253 4527 1331 4602 τῷ
1381 4530 1634 4601 ζωοποιῷ
1675 4532 1766 4584 καὶ
1798 4530 1941 4604 ἁγίῳ

353 4616 663 4685 Ιινεύματι,
696 4606 791 4672 νῦν
842 4620 937 4673 καλ⁸
980 4619 1083 4681 όιεί¹
1118 4621 1213 4676 καὶ
1244 4622 1326 4686 είς
1372 4621 1500 4686 τοὺς
1549 4621 1940 4693 ἀτελευτήτους

350 4706 560 4772 αἰῶνας
591 4708 701 4763 τῶν
736 4708 969 4767 αἰώνων.
1008 4712 1208 4784 Ἀμὴν.

425 4862 553 4939 (Μρ)Δ
592 4865 1049 4935 περιεζήσασεν.
1103 4866 1266 4925 Forte
1303 4910 1317 4934 ,
1369 4868 1798 4939 περιεζήσαμεν,
1846 4880 1943 4925 aut

347 4936 761 5006 πρφςεζήσαμεν-

814 5025 846 5061 τ
854 5006 890 5076 ᾗ
915 5008 1126 5078 ἡμέρᾳ.
1142 4970 1406 5067 Fortasse
1424 5012 1733 5083 scripserat
1757 5010 1947 5088 ἡμέρᾳ

2050 3601 2331 3658 Christum
2363 3613 2786 3674 pmcesserunt,
2834 3606 2934 3661 has
2973 3608 3317 3662 vivificantes
3350 3622 3509 3663 escas
3539 3622 3642 3662 no-

2026 3694 2140 3749 -his
2188 3705 2545 3765 paraverunt.
2591 3695 2709 3752 Hoc
2736 3698 2900 3754 nobis
2934 3698 3204 3753 doctrinae
3248 3700 3438 3755 vinum
3480 3697 3640 3753 fude-

2053 3794 2205 3852 runt,
2241 3798 2302 3841 ut
2347 3786 2465 3843 haec
2510 3788 2866 3855 meditantes,
2900 3774 3097 3857 nocte,
3127 3789 3239 3857 die,
3283 3790 3341 3845 in
3373 3788 3634 3855 ecclesia,

2052 3879 2110 3934 in
2150 3879 2337 3946 domo,
2383 3879 2455 3936 ad
2501 3896 2771 3947 mensam,
2824 3881 2884 3936 in
2932 3883 3080 3940 lecto
3129 3898 3324 3953 pravas
3357 3880 3640 3953 possimus

2053 3966 2337 4043 vanasque
2388 3974 2829 4030 consuetudines
2875 3984 2931 4029 et
2961 3973 3328 4046 negligentias
3373 3974 3634 4046 ahjicere,

2052 4066 2406 4136 animamque
2455 4078 2703 4121 nosuam
2756 4077 3117 4134 convertere,
3153 4075 3209 4122 et
3257 4066 3327 4121 ad
3360 4067 3638 4138 poeniten-

2053 4155 2211 4225 tiam,
2253 4158 2421 4213 etiam
2467 4174 2638 4225 nunc,
2692 4158 2963 4215 inclinare
2995 4169 3051 4215 et
3087 4168 3385 4233 tyrannum
3417 4159 3636 4230 pudore

2046 4248 2408 4315 confundere,
2455 4258 2513 4306 et
2572 4250 2642 4306 ad
2694 4267 2930 4323 regnum
2987 4253 3252 4308 ccelorum
3303 4252 3632 4323 pervenire,

2046 4333 2222 4412 gratia
2253 4351 2309 4397 et
2352 4343 2697 4400 humanitate
2744 4345 2982 4403 Domini'
3017 4346 3192 4401 nostri
3243 4347 3371 4402 Jesu
3402 4345 3636 4411 Christi,

2045 4450 2212 4504 quem
2239 4436 2399 4493 decet
2432 4438 2609 4509 gloria
2638 4455 2767 4494 cum
2799 4448 3008 4497 aeterno
3042 4441 3202 4497 Patre
3233 4451 3290 4495 et
3319 4440 3636 4496 viviﬁcante

2045 4534 2249 4589 sancto,
2264 4527 2500 4599 Spiritu,
2536 4547 2691 4587 nunc
2715 4540 2772 4588 et
2804 4548 3047 4606 semper,
3094 4542 3152 4589 et
3186 4534 3244 4589 in
3279 4531 3496 4590 inﬁnita
3530 4546 3632 4589 sae-

2044 4619 2167 4674 cula
2200 4621 2554 4679 saeculorum.
2580 4624 2781 4680 Amen.

2046 4871 2356 4946 καί-ᾑμέρᾳ
2388 4882 2449 4928 ut
2491 4880 2577 4929 est
2606 4890 2643 4946 ιι
2667 4873 2796 4930 Cor.
2832 4892 2907 4939 Iv,
2947 4874 3035 4939 16,
3064 4884 3121 4929 et
3152 4877 3291 4946 psal.
3335 4892 3493 4930 Lxm.
3537 4877 3627 4931 19.

2118 4942 2230 5014 (42)
2258 4942 2365 5014 fa};
2392 4944 2718 5013 στρουθίον
2742 4946 2859 5001 ὑπὸ
2896 4942 3169 5014 ίέρακοςξ
3185 4947 3253 5003 Et
3282 4946 3400 5002 haec
3440 4947 3632 5003 similio

2045 5013 2179 5067 tudo
2218 5013 2419 5083 placet.
2776 5038 2781 5044 ·
