4064 6484
396 316 530 382 ῙῈἼἸ

1602 318 1669 378 S.
1706 316 2103 377 ANiSTASil
2143 318 2479 381 SlNAlTﬁ‘l

3573 322 3725 389 12:33

391 435 502 490 Ειε
547 432 1085 505 «Spiritusdivinus
1127 434 1259 491 fecit
1300 450 1419 497 me,
1451 444 1507 490 et
1550 436 1756 490 halitus
1784 434 1977 491 Omni-

2099 436 2177 490 ιαὶ
2229 437 2323 489 ἐπὶ
2370 437 2472 501 τὰς
2513 428 2823 509 θυγατέρας
2870 438 3078 510 ὑμῶν.)
3120 440 3217 496 καὶ
3247 441 3329 497 τὰ.
3358 441 3535 512 ἑξῆς.
3573 444 3719 509 Καὶ,

392 525 635 598 patentis
671 543 759 582 me
789 525 981 582 docuit
1011 527 1074 582 “.
1109 547 1127 579 ι
1168 526 1231 583 Et
1267 544 1460 584 rursus
1494 545 1506 581 :
1551 548 1568 579 ι
1606 528 1840 583 Entittes
1862 528 1987 599 Spi-

396 621 561 674 ritum
608 629 762 679 tuum
786 662 799 684 ,
852 629 910 676 et
944 622 1326 689 creabuntur,
1363 632 1420 678 et
1451 622 1746 678 renovabis
1785 623 1985 679 faciem

394 718 557 763 terra:
586 709 651 762 ¹¹.
687 728 705 760 ι
749 709 1018 767 Similiter
1042 712 1186 773 Deus
1219 713 1384 789 etiam
1419 712 1489 767 de
1518 713 1728 793 Adamo
1754 713 1983 770 dicens:

400 821 419 853 ι
457 802 603 859 Ecce
637 804 819 862 factus
869 815 956 862 est
983 806 1157 863 Adam
1197 816 1260 862 ut
1294 824 1439 863 unus
1463 823 1493 863 e
1534 807 1698 863 nobis
1726 809 1800 875 ",
1830 829 1849 861 ι
1881 810 1985 865 Pa-

395 884 563 961 trem,
602 896 804 953 Filium
840 907 1006 970 atque
1044 900 1315 971 Spiritum
1368 911 1630 957 sanctum
1653 901 1860 957 innuit.
1890 902 1989 958 His

395 986 574 1058 adjice
605 998 662 1043 et
690 991 982 1048 considera
1021 993 1169 1062 quod
1206 1010 1238 1048 a
1283 995 1396 1051 Deo
1433 997 1489 1051 in
1516 996 1636 1067 lege
1663 997 1987 1075 promulga-

397 1091 491 1134 tur
527 1099 540 1134 :
574 1101 595 1132 ι
623 1083 791 1145 Audi,
824 1085 1017 1151 Israel,
1043 1076 1488 1146 DominusDeus
1529 1102 1658 1146 tuus
1678 1133 1692 1158 ,
1721 1092 1989 1147 Dominus

400 1188 544 1243 unus
569 1185 654 1230 cst
685 1176 748 1229 ".
773 1195 791 1228 ι
840 1177 1038 1233 Nonne
1070 1180 1174 1235 hac
1202 1198 1338 1238 voce
1383 1192 1466 1239 ter
1494 1186 1733 1256 repetita
1760 1195 1991 1256 apparet

397 1279 644 1325 sanctam
677 1268 1009 1327 Trinitatem
1045 1289 1168 1329 esse
1200 1291 1371 1330 unum
1398 1277 1609 1332 Deum?
1639 1279 1857 1333 Patrem
1893 1293 1991 1333 au-

400 1370 512 1415 tem
552 1376 617 1415 ac
664 1362 868 1418 Filium
899 1373 970 1419 -et
1016 1364 1286 1435 Spiritum
1337 1378 1591 1423 sanctum
1643 1384 1766 1425 esse
1816 1385 1989 1424 unum

397 1453 593 1515 Deum,
632 1463 749 1508 tum
800 1455 968 1510 dictis
1015 1464 1132 1511 tum
1180 1458 1436 1525 dicendis
1481 1461 1770 1531 probatur.
1816 1449 1991 1517 Porro

398 1542 528 1597 hinc
563 1558 788 1614 quoque
817 1545 953 1603 illud
983 1547 1284 1621 intelliges,
1314 1552 1464 1621 quod
1503 1553 1711 1607 Filium
1741 1552 1989 1623 appella-

397 1651 522 1689 mus
550 1651 700 1699 eum,
737 1636 806 1692 de
837 1654 948 1709 quo
980 1641 1252 1712 Propheta
1278 1643 1422 1697 dixit
1457 1661 1470 1699 :
1517 1664 1535 1696 ι
1560 1645 1744 1722 Verbo
1770 1646 1991 1701 Domini

314 1780 321 1787 ,
397 1728 522 1783 εωὶί
572 1728 775 1785 ﬁrmati
823 1742 955 1790 sunt
999 1735 1063 1790 “.
1105 1754 1124 1787 ι
1187 1736 1479 1803 Quomodo
1505 1748 1693 1795 autem
1726 1739 1964 1795 dicimus

398 1819 669 1889 Spiritum
708 1824 1011 1881 sanctum?
1060 1827 1172 1883 «Et
1222 1828 1432 1900 Spiritu
1481 1830 1596 1885 oris
1646 1831 1767 1903 ejus
1810 1831 1993 1886 omnis

395 1911 576 1967 virtus
626 1929 822 1970 eorum
856 1917 992 1981 “⁸;.ι
1042 1917 1122 1974 ita
1176 1920 1324 1976 enim
1372 1920 1430 1975 in
1485 1920 1763 1999 Trinitate
1815 1904 1990 1978 unum

396 2002 572 2059 Deum
602 2006 862 2063 colimus.
904 2009 1024 2077 iam
1050 2027 1261 2083 quaso,
1289 2028 1322 2070 ο
1348 2013 1562 2079 Iudaee,
1595 2015 1817 2070 cuinam
1842 2014 1993 2073 Scri-

394 2112 561 2172 ptura
610 2113 796 2157 vestra
833 2102 975 2160 dicit
1018 2104 1182 2163 haec:
1219 2126 1238 2159 ι
1271 2107 1542 2167 Dominus
1572 2108 1641 2163 ad
1685 2124 1773 2164 me
1805 2105 1943 2165 dixit
1974 2126 1989 2164 :

403 2215 423 2247 ε
462 2195 637 2250 Filius
660 2211 818 2255 meus
863 2212 924 2257 es
957 2206 1013 2256 tu
1035 2238 1055 2263 ,
1083 2214 1186 2269 ego
1210 2199 1377 2257 hodie
1424 2210 1479 2258 te
1517 2204 1686 2274 genui
1716 2204 1804 2257 “‘2
1834 2224 1852 2257 ι
1885 2203 1991 2263 Ubi

396 2287 669 2357 psalmum
716 2287 786 2345 de
829 2288 1127 2346 Salomone
1162 2291 1335 2348 verba
1379 2292 1566 2350 facere
1597 2295 1996 2366 responderit,

396 2382 679 2452 interroga
709 2397 836 2439 eum
867 2399 880 2435 :
914 2380 1309 2453 Quotuplicem
1341 2392 1507 2442 terra:
1537 2396 1754 2457 partem
1782 2388 1991 2460 guber-

395 2472 552 2528 navit
584 2462 851 2531 Salomo?
883 2473 1113 2530 Scilicet
1143 2492 1248 2532 nec
1275 2477 1565 2534 dimidiam
1591 2521 1606 2544 ,
1636 2495 1742 2541 nec
1768 2474 1993 2540 tertiam

395 2574 611 2636 partem
654 2576 841 2632 terra}.
880 2567 984 2641 sed
1021 2569 1195 2624 solam
1219 2570 1493 2629 Judaeam.
1522 2572 1795 2629 Caeterum
1819 2574 1992 2646 probe

397 2658 656 2717 attendas
680 2700 694 2725 ,
725 2675 759 2714 ο
791 2660 1016 2725 Judaae,
1047 2671 1110 2717 ut
1150 2660 1430 2735 intelligas
1469 2665 1742 2734 psalmum
1771 2683 1882 2721 non
1921 2667 1993 2723 de

399 2753 722 2820 Salomone,
756 2753 855 2810 sed
885 2755 954 2811 de
983 2753 1212 2813 Christo
1253 2772 1438 2828 agere.
1479 2756 1574 2814 Sic
1595 2759 1747 2814 enim
1773 2759 1944 2816 habet
1975 2777 1989 2814 :

407 2867 423 2894 ε
458 2846 727 2903 Dominus
777 2847 919 2903 dixit
958 2848 1027 2905 ad
1079 2863 1168 2905 me
1198 2865 1214 2904 :
1243 2850 1421 2907 Filius
1465 2867 1625 2914 meus
1671 2868 1732 2908 es
1780 2859 1861 2919 tu,
1891 2869 1994 2925 ego

398 2937 565 2993 hodie
595 2947 648 2993 te
674 2938 861 3009 genui.
890 2939 1024 2995 Pete
1045 2956 1081 2996 α
1108 2955 1217 3008 me,
1247 2950 1304 2998 et
1336 2942 1482 2999 dabo
1523 2944 1628 3000 tibi
1656 2952 1855 3017 gentes
1881 2945 1995 3000 bte-

399 3030 694 3086 reditatem
724 3040 896 3098 tuam,
928 3041 986 3088 et
1011 3034 1429 3104 possessionem
1461 3042 1612 3094 tuam
1646 3036 1782 3092 lines
1806 3044 1991 3093 terrae.

2096 547 2116 580 ι
2148 529 2374 600 Πνεῦμα
2404 532 2466 584 τὸ
2493 531 2636 605 θεῖον
2667 532 2725 586 τὸ
2750 533 2985 604 ποιῆσάν
3008 551 3100 604 με,
3129 533 3267 606 πνοὴ
3286 535 3353 588 δὲ
3383 536 3727 607 Παντοκρά-

2089 640 2251 693 τορος
2282 625 2315 696 ἡ
2343 624 2679 680 διδάσκουσά
2702 643 2825 697 με.»
2861 628 2975 680 Καὶ
3001 628 3184 695 πάλιν,
3215 648 3234 680 ι
3263 628 3731 706 Ἐξαςιτοστελεῐς

2089 717 2150 769 τὸ
2186 717 2413 787 Πνεῦμά
2444 735 2539 771 σου
2560 759 2576 784 ,
2636 719 2732 772 κα).
2767 718 3178 788 κτισθήσονται,
3211 720 3311 773 καὶ⁸
3350 720 3731 784 ἀνακαινιείς

2089 809 2152 861 τὸ
2202 809 2496 880 πρόσωπον
2526 810 2625 881 τῆς
2669 810 2798 880 γῆς.
2834 830 2854 863 ι
2895 811 3144 882 Ὀμοίως
3168 810 3233 864 δὲ
3266 813 3378 866 καὶ
3412 811 3503 882 τῷ
3539 812 3729 867 εἰπεῖν

2088 899 2182 952 τὸν
2212 899 2345 954 Θεὸν
2379 902 2510 972 περὶ
2537 900 2632 955 τοῦ
2655 902 2831 973 Ἀδὰμ
2851 943 2866 966 ,
2914 903 2996 957 ὅτι
3035 921 3056 956 ι
3093 902 3230 957 Ἰδοὺ
3260 903 3518 973 γέγονεν
3545 902 3731 974 Ἀδάμ

2091 992 2168 1056 ὡς
2207 986 2288 1057 εἷς
2337 992 2397 1059 ἐξ
2426 993 2640 1065 ἡμῶνρ
2679 994 2928 1066 Πατέρα,
2966 995 3110 1062 Υἱὸν,
3146 995 3243 1049 καὶ
3271 996 3454 1064 ἆγιον
3483 994 3729 1065 Πνεῦμα

2091 1082 2262 1152 δηλοῖ.
2313 1083 2648 1167 Ἀρίθμησον
2695 1086 2755 1139 δὲ
2814 1088 2909 1140 καὶ
2951 1086 3152 1153 τοῦτο,
3199 1088 3295 1141 καὶ
3332 1086 3423 1141 ἴδε
3483 1084 3552 1140 τὸ
3580 1085 3729 1157 ὑπὲρ

2091 1176 2187 1230 τοῦ
2211 1177 2349 1231 Θεοῦ
2381 1180 2675 1250 εἰρημένον
2704 1179 2795 1233 διὰ
2816 1180 2911 1234 τοῦ
2935 1180 3105 1251 νόμου
3127 1179 3418 1250 λέγοντος·
3446 1198 3469 1232 ‹
3486 1180 3725 1246 Ἀκουε,

2093 1268 2335 1339 Ἰσραὴλ,
2376 1270 2584 1343 Κύριος
2617 1271 2645 1324 ὁ
2670 1270 2807 1334 Θεός
2834 1288 2950 1338 σου,
2976 1271 3185 1343 Κύριος
3208 1266 3291 1337 εἷς
3318 1273 3560 1325 ἐστιν.»
3589 1271 3729 1342 Οὐχὶ

2094 1361 2331 1431 φανερὸν
2356 1362 2595 1433 ὑπάρχει
2625 1362 2716 1417 διὰ
2739 1364 2839 1434 τῆς
2865 1364 3488 1437 τρισαρίθμουολέξεως
3509 1363 3730 1434 ταύτης

2093 1452 2174 1507 ὅτι
2206 1455 2240 1525 ἡ
2271 1454 2402 1522 ἁγία
2424 1456 2599 1527 Τριὰς
2634 1456 2768 1523 Θεὸς
2797 1452 2876 1521 εἷς
2905 1459 3092 1524 ὲστιν;
3127 1458 3253 1512 Ὅτι
3280 1457 3346 1512 δὲ
3384 1457 3602 1529 Πατὴρ
3632 1458 3728 1512 καὶ

2095 1545 2222 1610 Υἱὸς
2267 1548 2365 1600 καὶ¹
2401 1548 2559 1616 ἅγιον
2598 1548 2828 1620 Πνεῦμα
2872 1549 3008 1615 Θεὸς
3043 1544 3126 1614 εἷς
3159 1551 3305 1617 ἐστι,
3337 1550 3449 1604 καὶ
3474 1549 3595 1605 ἀπὸ
3616 1549 3725 1605 τῶν

2096 1635 2376 1710 ῥηθέντων
2398 1640 2495 1711 καὶ
2514 1633 2589 1696 ὧν
2612 1641 2907 1714 ὀφείλομεν
2924 1642 3129 1712 λέγειν,
3152 1643 3347 1714 δῆλον.
3380 1641 3512 1697 Καὶ
3538 1642 3728 1700 ἐντεῦ-

2094 1730 2188 1785 θεν
2207 1731 2606 1805 καίπρόσσχες.
2638 1730 2890 1790 Ἐκεῖνον
2916 1735 3029 1808 γὰρ
3064 1736 3353 1808 καλοῦμεν
3381 1735 3555 1804 Υίὸν,
3592 1735 3723 1807 περὶ

2094 1817 2156 1879 οῦ
2183 1824 2213 1877 δ
2239 1826 2527 1898 προφήτης
2554 1823 2700 1881 εἴπεο
2731 1848 2751 1882 ι
2788 1826 2880 1900 Τῷ
2945 1824 3095 1902 λόγῳ
3127 1830 3345 1901 Κυρίου
3391 1828 3449 1883 οἱ
3492 1828 3724 1901 οὐρανοὶ

2094 1916 2530 1989 ἐστερεώθησαν.
2570 1938 2590 1973 ι
2627 1921 2724 1986 Ei;
2768 1920 2798 1975 δ
2852 1920 2910 1975 δὲ
2949 1920 3193 1993 λέγομεν
3226 1921 3480 1994 Πνεῦμα
3527 1920 3717 1991 ἃγιονς

2100 2029 2120 2063 ι
2152 2011 2262 2065 Καὶ
2292 2009 2374 2081 τῷ
2407 2011 2690 2083 Πνεῦματι
2711 2012 2807 2067 τοῦ
2846 2013 3122 2085 στόματος
3151 2013 3326 2069 αὐτοῦ
3366 2016 3545 2070 πᾶσα
3570 2017 3607 2087 ἡ
3634 2014 3716 2069 δύο

2094 2120 2258 2173 ναμις
2281 2103 2484 2157 αὐτῶνθ
2530 2123 2550 2157 ι
2580 2102 2729 2159 οὓτω
2756 2105 2866 2176 γὰρ
2895 2107 3059 2177 ἡμεῖς
3098 2107 3158 2161 ὲν
3187 2106 3395 2178 Τριάδι
3428 2106 3581 2160 Θεὸν
3627 2104 3717 2159 ἕνα

2096 2194 2349 2266 σέϐομεν.
2386 2196 2523 2251 Είπὲ
2542 2196 2600 2250 δὲ
2631 2198 2718 2263 σὺ,
2748 2191 2794 2252 ὦ
2829 2197 3074 2266 Ἰουδαῖε,
3104 2198 3246 2272 πρὸς
3269 2199 3407 2253 τίνα
3445 2201 3484 2270 ή
3525 2197 3721 2271 Γραφὴ

2096 2285 2250 2358 ὑμῶν
2281 2287 2452 2357 λέγει,
2499 2289 2581 2342 ὄτι
2622 2288 2865 2361 (Κύριος
2896 2283 3021 2344 εἷπε
3051 2292 3188 2363 πρός
3221 2307 3326 2362 με·
3364 2291 3509 2356 Υἱός
3536 2307 3642 2363 μου
3670 2285 3749 2343 εί

2096 2379 2184 2445 σὺ,
2212 2378 2324 2449 ἐγὼ
2350 2380 2597 2453 σήμερον
2629 2381 2948 2451 γεγέννηκά
2976 2399 3037 2436 σε
3065 2400 3079 2450 ;
3125 2402 3144 2435 ι
3180 2383 3292 2437 Καὶ
3324 2384 3378 2437 εί
3418 2383 3528 2454 μὲν
3564 2381 3718 2454 εἴπῃ,

2094 2472 2179 2525 ὅτι
2227 2473 2359 2544 περὶ
2406 2460 2761 2545 Σολομῶντος
2794 2473 2945 2544 λέγει
2988 2476 3018 2529 ὁ
3064 2474 3304 2547 ψαλμὸς,
3342 2474 3478 2529 εἰπὲ
3536 2472 3716 2544 αὐτῷ’

2096 2566 2208 2621 Καὶ
2244 2552 2611 2641 πόσονμέρος
2634 2568 2733 2624 τοῦ
2758 2569 2968 2640 κόσμου
2999 2568 3327 2640 ἐκυρίευσεν
3356 2571 3387 2623 ὁ
3418 2566 3717 2638 Σολομῶν;

2097 2659 2356 2728 Δηλονότι
2384 2659 2508 2714 οὐδὲ
2539 2660 2602 2714 τὸ
2637 2660 2837 2732 ἥμισυ,
2873 2662 2997 2719 οὐδὲ
3026 2660 3087 2715 τὸ
3117 2660 3305 2734 τρίτον
3337 2660 3443 2715 τοῦ
3474 2661 3710 2732 κόσμου,

2095 2747 2211 2803 ἀλλ’
2256 2748 2290 2820 ἢ
2326 2750 2488 2819 μόνον
2521 2750 2622 2822 τὴν
2666 2748 2948 2805 Ἰουδαίαν.
2984 2750 3098 2805 Καὶ
3131 2750 3375 2806 ἄκουσον
3414 2748 3712 2821 νουνεχῶς,

2094 2834 2141 2893 ὦ
2185 2840 2434 2907 Ἰουδαῖε,
2466 2843 2562 2896 καὶ
2593 2842 2735 2915 μάθε
2762 2843 2844 2897 ὄτι
2876 2842 3007 2915 περὶ
3028 2842 3124 2898 τοῦ
3150 2843 3405 2916 Χριστοῦ
3438 2846 3469 2899 ὁ
3497 2842 3714 2916 ψαλμὸς

2094 2931 2267 3002 λέγει,
2301 2934 2397 2989 καὶ
2441 2935 2564 3007 οὐχὶ
2586 2935 2716 3007 περὶ
2743 2936 3118 3007 Σολομῶντος.
3150 2920 3326 3006 ΛέγειΔ
3359 2936 3499 3011 γάρ·
3540 2955 3560 2988 ι
3598 2935 3709 2991 Κύ-

2098 3043 2214 3098 ριος
2251 3024 2373 3080 εἶπε
2429 3028 2569 3099 πρός
2611 3045 2716 3100 με·
2767 3028 2897 3095 Υἱός
2927 3047 3031 3100 μου
3077 3025 3129 3084 εἷ
3178 3030 3267 3095 σὺ,
3309 3029 3441 3101 ἐγὼ.
3470 3031 3713 3101 σήμερον

395 3122 601 3180 Pasces
634 3138 731 3180 eos
769 3123 828 3179 in
863 3124 1025 3197 virga
1063 3124 1242 3183 ferrea
1265 3168 1280 3193 ,
1316 3127 1471 3184 velut
1504 3143 1630 3185 vasa
1667 3128 1817 3200 ﬁguli
1856 3144 1991 3185 con-

2099 3118 2407 3191 γεγέννηκά
2429 3136 2509 3173 σε·
2540 3120 2766 3192 αῖτησαι
2801 3122 2933 3192 παρ’
2960 3120 3120 3192 ἐμοῦ,
3147 3121 3245 3174 καὶ
3270 3121 3455 3176 δώσω.
3472 3138 3557 3180 σοι.
3583 3119 3706 3189 ἔθνη

401 3227 551 3271 teres
602 3232 699 3272 eos
725 3216 788 3271 ¹⁷.
823 3216 985 3273 »Ιοιιι
1036 3232 1171 3273 vero
1210 3234 1338 3293 eum
1391 3228 1610 3276 certum
1650 3230 1818 3290 atque
1839 3230 1994 3278 extra

398 3328 620 3369 omnem
640 3312 1010 3370 dubitationis
1032 3316 1206 3371 aleam
1232 3315 1475 3386 positum
1503 3316 1596 3381 sit,
1621 3314 1993 3382 Salomonem,

400 3409 481 3466 ιιιί
510 3408 773 3474 diximus,
811 3423 993 3479 neque
1019 3408 1335 3476 dimidiam,
1372 3424 1556 3479 neque
1584 3410 1804 3465 tertiam
1829 3419 1995 3466 terra:

399 3510 641 3569 partem,
674 3500 774 3557 sed
815 3501 990 3557 solam
1049 3508 1257 3557 terram
1302 3502 1590 3559 Iudaicam
1633 3502 1992 3573 gubernasse,

399 3609 513 3661 quo
543 3602 816 3663 tempore,
841 3608 1051 3663 quaeso,
1092 3607 1126 3647 o
1154 3591 1363 3659 Judme,
1397 3592 1534 3648 lines
1561 3601 1723 3649 terrae
1751 3593 1997 3663 possedit

400 3686 624 3743 Salonio
641 3685 665 3742 ‘i
685 3684 919 3752 Qitando
942 3686 1097 3757 pavit
1120 3700 1220 3741 eos
1247 3685 1305 3741 in
1340 3686 1488 3757 virga
1513 3686 1736 3740 ferrea?
1759 3685 1995 3752 Quando

298 3797 302 3801 ί
399 3779 557 3833 velut
586 3794 717 3834 vasa
761 3778 913 3850 figuli
958 3779 1223 3837 contrivit
1262 3779 1455 3835 hostes
1492 3780 1667 3835 suos?
1699 3778 1997 3849 Nunquam

399 3872 653 3933 omnino.

473 4155 555 4209 Ad
583 4154 760 4211 Judaei
791 4162 978 4210 autem
1012 4154 1381 4226 objectionem
1416 4174 1429 4210 :
1467 4156 1522 4212 Si
1554 4157 1728 4213 Filius
1752 4168 1838 4214 est
1875 4160 1999 4225 Dei,

402 4250 484 4303 uti
520 4246 797 4313 asseritis,
827 4249 1109 4318 quomodo
1139 4250 1344 4306 dixerit
1383 4250 1529 4307 Deus
1561 4250 1718 4321 quasi
1762 4252 1833 4307 ad
1874 4267 1999 4309 ser-

400 4357 533 4402 vum
569 4360 584 4397 :
627 4360 645 4393 ι
681 4342 816 4407 Pete
866 4358 899 4397 a
947 4358 1071 4405 me.
1116 4352 1176 4399 et
1219 4342 1367 4398 dabo
1414 4343 1558 4399 tibi?
1587 4364 1606 4398 ι
1661 4353 1719 4400 et
1749 4362 1946 4402 rursus
1981 4364 1996 4402 :

408 4455 427 4483 ι
468 4434 582 4505 Ego
610 4433 777 4489 hodie
812 4442 866 4489 te
891 4435 1095 4505 genui?
1120 4454 1140 4486 ι
1181 4435 1443 4493 similiter
1475 4436 1635 4507 quasi
1676 4436 1744 4493 ad
1771 4454 1996 4495 servum

400 4526 499 4597 qni
532 4534 683 4595 petat
712 4535 881 4596 atque
913 4526 1175 4597 accipiat,
1221 4537 1280 4583 et
1309 4528 1378 4583 de
1411 4527 1687 4588 hodierno
1714 4530 1828 4597 die,
1869 4545 1995 4587 cum

400 4622 553 4680 dicat
580 4638 594 4674 :
631 4637 648 4669 ι
680 4619 797 4691 Ego
828 4619 997 4675 hodie
1025 4627 1078 4676 te
1102 4621 1303 4693 genui;
1340 4641 1357 4674 ι
1391 4637 1489 4677 vos
1515 4622 1817 4679 Christiani
1844 4625 1995 4681 enim

400 4716 532 4765 ante
573 4707 843 4763 mundum
896 4709 1125 4764 omnino
1175 4725 1306 4769 eum
1348 4722 1543 4766 natum
1587 4728 1710 4769 esse
1750 4706 1993 4774 dicitis:

402 4796 473 4856 ad
512 4797 678 4860 hanc,
709 4797 960 4866 inquam,
987 4796 1362 4868 objectionem
1394 4800 1446 4854 ei
1481 4800 1561 4857 sic
1591 4803 1993 4871 respondebis:

401 4890 480 4949 Dc
510 4906 579 4945 eo
606 4889 759 4960 quod
788 4890 954 4945 Pater
984 4890 1053 4945 ad
1084 4890 1286 4947 Filium
1316 4893 1525 4951 dixerit
1551 4912 1565 4948 :
1606 4913 1625 4946 ι
1665 4895 1799 4952 Pete
1826 4912 1857 4952 a
1885 4913 1996 4964 me,

400 4998 458 5037 et
492 4984 636 5040 dabo
677 4985 803 5051 tibi,
846 5004 865 5038 ι
897 4986 1013 5041 noli
1046 4985 1276 5042 oii‘endi.
1317 4986 1473 5058 Saepe
1524 4989 1677 5045 enim
1717 5006 1817 5051 rex
1855 5008 2000 5061 quo-

401 5094 539 5146 que,
570 5078 744 5137 animi
771 5078 1166 5135 benevolentia
1197 5079 1422 5146 ductus,
1466 5082 1534 5137 ad
1577 5082 1755 5141 lilium
1803 5083 1944 5141 dicit
1980 5103 1994 5139 :

402 5166 557 5237 Roga
606 5183 723 5234 me,
772 5176 831 5224 et
880 5170 1187 5226 concedam
1234 5170 1336 5225 tibi
1385 5172 1662 5244 quidquid
1728 5176 1996 5233 volueris.

403 5260 565 5332 Quod
601 5268 788 5315 autem
836 5261 1054 5322 addidit
1087 5281 1099 5317 :
1139 5282 1157 5314 ι
1192 5262 1306 5334 Ego
1337 5264 1506 5323 hodie
1546 5275 1597 5322 te
1647 5268 1838 5339 genui,
1883 5287 1903 5317 ι
1942 5269 1999 5325 id

405 5352 474 5405 de
505 5353 866 5420 generatione
897 5355 1022 5425 ejus
1050 5357 1362 5417 secundum
1401 5373 1628 5431 carnem
1679 5360 1999 5432 intelligen-

405 5443 537 5500 dum
563 5457 668 5506 est.
702 5445 976 5515 siquidem
1008 5449 1188 5505 Patris
1218 5450 1560 5523 benignitate
1584 5469 1615 5508 e
1648 5462 1837 5508 saneta
1873 5454 2002 5509 Dei-

402 5551 538 5608 ιλιι-ιι
564 5547 618 5593 et
648 5552 867 5607 semper
900 5542 1115 5612 virgine
1160 5543 1330 5598 Maria
1376 5553 1542 5598 natus
1570 5553 1674 5599 est.
1719 5545 1800 5600 Ad
1832 5562 1997 5615 quem

475 5723 519 5757 ¹⁹
549 5722 654 5779 Job
682 5737 870 5789 xxxnt,
901 5723 953 5777 4.

402 5812 469 5859 ιι.
496 5799 547 5852 7.
630 5795 671 5825 ιτ
712 5791 849 5847 ibid.
881 5793 941 5864 8,
970 5794 1023 5847 9.

1035 5724 1073 5754 “
1102 5723 1244 5779 Psal.
1272 5740 1403 5791 cm,
1428 5724 1515 5779 δυ.
1596 5728 1636 5759 ¹²
1667 5726 1807 5785 Gen.
1840 5742 1919 5793 ιιι,
1952 5727 1992 5779 2‘

2125 5726 2169 5759 ¹³
2193 5726 2356 5781 Deut.
2386 5743 2459 5793 γι,
2491 5726 2541 5779 ιί.
2625 5723 2828 5780 "Psal.
2863 5738 3035 5790 xxx",
3067 5721 3120 5777 6.
3201 5722 3243 5754 ”
3266 5718 3395 5777 ibid.

2101 3214 2202 3284 τὴν
2243 3212 2614 3283 κληρονομίαν
2663 3230 2780 3282 σου,
2820 3214 2921 3269 καὶ⁸
2971 3213 3071 3285 τὴν
3114 3213 3464 3285 κατάσχεσιν
3516 3229 3611 3266 σου
3643 3209 3741 3275 τά,

2105 3309 2321 3380 πέρατα
2348 3308 2449 3378 τῆς
2474 3308 2600 3380 γῆς·
2637 3311 2927 3380 ποιμανεῖς
2955 3309 3155 3374 αὐτοὺς
3181 3311 3241 3362 ὲν
3274 3309 3471 3381 ῥάϐδῳ
3489 3309 3701 3378 σιδηρᾷ,

2102 3402 2179 3465 ὼς
2208 3401 2377 3471 σκεύη
2413 3402 2709 3473 κεραμέως
2750 3388 3062 3473 συντρίψεις
3113 3401 3343 3466 αὐτούς.
3383 3421 3411 3454 ι
3445 3401 3585 3455 Εἰπέ
3617 3416 3701 3471 μοι

2102 3489 2197 3548 οὖν
2234 3494 2298 3549 σὺ
2337 3491 2487 3565 ἄρτι,
2532 3493 2778 3561 Ἰουδαῖε,
2814 3495 3034 3559 πάντως
3064 3494 3222 3565 δῆλον
3266 3494 3370 3548 καὶ
3408 3489 3699 3569 ὁμολογού-

2107 3587 2269 3657 μενόν
2298 3588 2470 3652 ἐστιν,
2503 3587 2581 3651 ὡς
2613 3585 2863 3657 εἴπομεν,
2894 3587 2977 3641 δτι
3025 3587 3195 3658 ἥμισυ
3230 3590 3339 3659 τῆς
3391 3587 3499 3657 γῆς
3550 3585 3699 3638 Σολο-

2107 3677 2224 3748 μῶν
2251 3679 2311 3732 οὐ
2354 3678 2642 3750 κατέσχεν,
2672 3679 2794 3734 οὐδὲ
2845 3678 2905 3733 τὸ
2950 3678 3157 3750 τρίτον,
3192 3678 3360 3747 ἐκτὸς
3408 3682 3505 3732 καὶ
3546 3675 3697 3747 μόνον

2102 3770 2205 3840 τὴν
2251 3768 2513 3825 Ἰουδαίαν
2542 3770 2669 3847 γῆν.
2702 3770 2926 3836 Λοιπὸν,
2969 3770 3101 3823 πότε
3150 3769 3431 3840 κατέσχεν
3472 3770 3502 3824 ὁ
3549 3765 3697 3821 Σολο·

2108 3861 2226 3932 μῶν
2253 3861 2323 3915 τὰ
2343 3862 2568 3934 πέρατα
2596 3862 2697 3933 τῆς
2724 3862 2868 3933 γῆς;
2904 3862 3042 3916 Πότε
3074 3861 3134 3915 δὲ
3173 3863 3482 3934 ὲποίμανεν
3508 3859 3694 3920 αὐτοὺς

2104 3956 2163 4013 ὲν
2192 3954 2376 4027 ῥάϐδῳ
2407 3955 2649 4026 σιδηρᾷς
2687 3955 2828 4008 Πότε
2861 3955 2919 4008 δὲ
2948 3936 3225 4025 ώςήσκεύη
3250 3954 3552 4026 κεραμέως
3581 3966 3694 4007 συν-

2105 4045 2295 4116 έτριψε
2338 4047 2465 4111 τοὺς
2492 4045 2725 4119 ἐχθροὺς
2758 4045 2924 4100 αὐτοῦ
2951 4063 2966 4114 ;
3009 4047 3235 4111 Πάντως
3267 4046 3558 4101 οὐδέποτε.

2176 4163 2239 4217 Ei
2267 4163 2324 4216 δὲ
2362 4160 2492 4234 εἴπῃ
2528 4165 2557 4216 ὁ
2592 4162 2866 4226 Ἰουδαῖος·
2899 4162 2964 4216 Εἰ
2999 4161 3126 4225 Υἱός
3157 4164 3273 4216 ἐστι
3304 4162 3405 4217 τοῦ
3434 4158 3588 4226 Θεοῦ,
3621 4156 3693 4219 ὡς

2105 4252 2316 4322 λέγετε,
2352 4253 2469 4317 πῶς
2498 4247 2653 4307 εἶπεν
2683 4255 2711 4307 ὁ
2739 4252 2872 4317 Θεὸς
2897 4253 2975 4318 ώς
3003 4253 3143 4325 πρὸς
3164 4253 3378 4309 δοῦλονο
3416 4274 3435 4305 ι
3466 4253 3686 4321 Αἵτησαι

2107 4347 2241 4419 παρ’
2264 4345 2424 4417 ἐμοῦ,
2454 4346 2550 4400 καὶ
2597 4344 2757 4400 δώσω
2794 4361 2913 4412 σοι;
2948 4363 2966 4398 ι
3003 4346 3100 4399 καὶ
3129 4344 3316 4399 πάλιν·
3352 4365 3373 4398 ι
3420 4343 3560 4412 Ἐγὼ
3598 4341 3685 4409 σὴ·

2111 4452 2277 4508 μερον
2303 4434 2614 4505 γεγέννηκά
2638 4451 2729 4502 σε;
2772 4451 2791 4484 ι
2836 4434 2981 4505 τάχα
3014 4434 3091 4497 ὡς
3112 4433 3253 4505 πρὸς
3278 4434 3490 4495 δοῦλον,
3521 4429 3604 4483 διὰ
3632 4426 3688 4480 τὸ

2103 4527 2277 4580 αἰτεῖν
2316 4526 2413 4580 κα).
2456 4523 2782 4594 λαμϐάνειν·
2827 4524 2925 4577 καὶ
2965 4522 3042 4587 ὡς
3090 4524 3375 4594 ἐφήμερον
3400 4564 3415 4586 ,
3476 4520 3563 4575 διὰ
3606 4516 3680 4579 τδν

2110 4638 2129 4672 ι
2186 4616 2329 4687 Ἐγὼ
2365 4618 2607 4690 σήμερον
2648 4615 2961 4689 γεγέννηκά
2990 4633 3049 4670 σε
3071 4633 3085 4648 ·
3121 4634 3140 4667 ι
3180 4616 3275 4670 καὶ
3313 4615 3425 4686 γὰρ
3460 4611 3611 4683 ὑμεῖς
3634 4606 3678 4658 οἶ

2105 4709 2428 4781 Χριστιανοὶ
2461 4709 2568 4780 πρὸ
2602 4706 2696 4761 τοῦ
2730 4706 2941 4776 κόσμου
2977 4706 3107 4760 ὅλου
3128 4704 3321 4774 λέγετε
3348 4705 3435 4761 ὅτι
3467 4698 3677 4769 ἐγεννή-

2107 4804 2194 4876 θη·
2229 4803 2352 4858 εἰπὲ
2408 4803 2558 4873 αὐτῷ
2588 4802 2782 4866 οὕτως’
2825 4802 2963 4872 Περὶ
3013 4800 3106 4854 τοῦ
3155 4801 3333 4853 εἰπεῖν
3360 4797 3450 4851 τὸν
3476 4791 3675 4858 Πατέρα

2106 4895 2245 4967 πρὸς
2278 4896 2369 4949 τὸν
2403 4896 2552 4960 Υίὸν,
2587 4896 2667 4948 ὅτι
2706 4914 2723 4945 ι
2772 4893 3009 4963 Αἵτησαι
3060 4893 3189 4965 παρ’
3225 4891 3383 4963 ἐμοῦ,
3414 4888 3507 4943 καὶ
3534 4884 3676 4939 δώσω

2106 5005 2212 5055 σοι,
2252 5008 2271 5041 ι
2304 4986 2379 5060 μὴ
2407 4987 2782 5053 σκανδαλίζου·
2818 4987 2991 5040 πολλὰ
3017 4985 3127 5054 γὰρ
3152 4986 3249 5039 καὶ
3278 4981 3526 5055 βασιλεὺς
3546 4973 3672 5053 ⁴πρδεῖ

2102 5082 2195 5136 τὸν
2222 5082 2391 5138 αὑτοῦ
2436 5082 2564 5145 ¹υἱὸν
2594 5080 2748 5149 λέγει
2801 5081 2922 5141 άπὸ,
2945 5078 3150 5149 πολλῆς
3181 5079 3426 5148 ἀγάπηςο
3460 5063 3672 5167 Mensa}

2107 5192 2219 5245 μοι,
2253 5176 2347 5228 καὶ
2373 5175 2598 5246 παρέχω
2624 5191 2707 5228 σοι
2733 5174 2787 5227 εἴ
2815 5192 2866 5226 τι
2895 5172 3092 5237 θέλεις.
3117 5174 3228 5227 Καὶ
3258 5172 3419 5235 πάλιν
3441 5167 3562 5239 περὶ
3586 5175 3667 5217 του

2105 5270 2302 5333 εἰπεῖν,
2361 5286 2379 5318 ι
2426 5266 2568 5335 Ἐγὼ
2602 5268 2844 5337 σήμερον
2884 5265 3198 5335 γεγέννηκά
3246 5281 3325 5329 σε,
3367 5282 3386 5316 ι
3440 5251 3668 5328 περὶτῆς

2103 5358 2249 5414 κατὰ
2292 5358 2488 5427 σάρκα
2544 5359 2855 5427 γεννήσεως
2899 5356 3063 5409 αὐτοῦ
3107 5356 3294 5424 λέγει·
3339 5349 3548 5417 εὐδοκία
3571 5340 3665 5410 γὰρ

2102 5453 2198 5507 τοῦ
2231 5453 2467 5523 Πατρὸς,
2498 5449 2695 5521 ἐτέχθη
2729 5452 2791 5502 ὲκ
2817 5449 2918 5519 τῆς
2946 5450 3111 5516 ἁγίας
3135 5448 3397 5501 Θεοτόκου
3421 5441 3511 5498 καὶ
3543 5436 3665 5487 Ἀει-

2104 5545 2377 5617 παρθένου
2409 5544 2654 5616 Μαρίας.
2698 5542 2820 5595 Τίνι
2847 5543 2957 5614 γάρ
2981 5537 3103 5595 εἶπέ
3135 5557 3266 5594 ποτε
3290 5538 3391 5592 τῶν
3413 5527 3660 5601 ἀγγέλων.

3472 5713 3508 5743 η
3529 5701 3651 5764 Psal.
