4064 6440
373 415 506 480 12.19

1369 406 1829 472 DISPUTATIO
1861 405 2258 470 ADV’ERSUS
2295 409 2627 473 JUDEOS.

3491 411 3630 478 1210

377 542 394 574 ι
443 521 568 584 Υἱός
593 537 696 594 μου
725 513 780 574 εἴ
809 519 900 586 σὺ,
931 518 1044 590 ἐγὼ
1065 519 1309 592 σήμερον
1338 519 1646 604 γεγέννηκά
1687 537 1746 573 σε
1773 535 1788 583 ;
1832 537 1852 572 ι
1883 548 1953 558 -

2073 517 2203 573 enim
2233 521 2555 591 angelorum
2591 522 2732 578 dixit
2757 523 3058 592 aliquando
3086 540 3100 578 :
3137 542 3154 575 ι
3193 522 3366 580 Filius
3399 541 3554 581 meus
3575 542 3637 583 es

375 614 543 684 «Οὐχὶ
559 613 761 678 πάντες
784 613 892 667 είσὶ
917 611 1090 667 λειτου
1100 615 1266 684 ργικά
1289 612 1572 684 πνεύματα
1587 614 1664 676 εἰς
1679 611 1953 664 διακονίαν

371 705 814 776 ἀποστελλόμενα
833 723 884 775 ;›
919 707 1030 760 Καὶ
1052 705 1214 760 πάλιν
1243 704 1501 776 ἀλλαχοῦ·
1537 723 1558 756 ι
1583 704 1725 774 Ἐγὼ
1759 703 1954 772 ἔσομαι

372 799 454 862 εἰς
483 799 728 870 Πατέρα,
763 800 857 852 καὶ
888 799 1050 864 αὐτὸς
1081 800 1230 852 ἔσται
1257 817 1350 868 μοι
1403 799 1485 862 είς
1521 798 1668 852 Υίόν.
1719 815 1740 849 ι
1771 796 1956 850 Ταῦτα

373 892 485 964 γάρ
514 893 656 947 κατά
707 892 768 946 τὸ
798 891 1140 964 ἀνθρώπινον
1197 891 1292 946 καὶ
1339 893 1442 964 τὴν
1484 891 1752 963 ἕνσαρκον
1788 888 1954 943 αὑτοῦ

377 983 692 1055 οἰκονομίαν
730 983 974 1056 εἴρηκεν,
1002 986 1065 1039 οὺ
1103 984 1202 1057 τὴν
1248 983 1471 1038 αἰώνιον
1503 983 1758 1053 γέννησιν
1785 982 1955 1053 δηλοῖ,

383 1075 520 1129 ἀλλά
544 1076 642 1146 τὴν
679 1075 788 1130 τῶν
816 1077 1024 1148 χρόνων
1055 1075 1516 1147 συνεζευγμένην.
1560 1073 1622 1130 Ὀ
1658 1075 1766 1146 γὰρ
1797 1073 1958 1144 φύσει

381 1165 679 1231 Υίὸς.Θεοῦ
702 1167 896 1236 γέγονε
929 1171 1024 1221 καὶ
1057 1168 1218 1238 φύσει
1254 1167 1350 1220 ἄνθ
1361 1185 1542 1239 ρωπος
1570 1165 1658 1220 διά
1677 1165 1774 1237 τὴν
1802 1164 1959 1236 ἡμῶν

378 1245 676 1324 σωτηρίαν,
715 1255 776 1307 οὐ
813 1257 954 1309 κατά
979 1257 1142 1327 χάριν
1171 1256 1333 1310 τοῦτο
1364 1257 1654 1330 λαμὸάνων
1693 1256 1829 1328 (ἔχει
1851 1256 1960 1326 γὰρ

376 1347 514 1403 αὐτὸ
539 1348 678 1402 κατά
706 1347 886 1418 φύσιν·
917 1350 1012 1403 καὶ
1047 1349 1318 1420 λαμϐάνει
1347 1348 1504 1402 τοῦτο
1556 1347 1719 1402 πάλιν
1749 1347 1824 1411 ὼς
1860 1348 1959 1400 ἇν-

379 1437 622 1509 θρωπος,
647 1439 785 1507 ὅπερ
811 1432 976 1510 εἶχεν,
1005 1437 1080 1498 ὡς
1112 1439 1264 1502 Θεός.
1297 1438 1560 1510 ’Υψιστος
1583 1437 1688 1508 γάρ
1711 1435 1805 1501 ὣν,
1829 1435 1960 1500 Θεὸς

377 1535 617 1602 ἐγένετο)
639 1550 654 1566 ·
699 1533 816 1587 ἀλλ’
845 1533 921 1598 ὡς
968 1534 1068 1605 μὲν
1097 1533 1251 1598 Θεὸς,
1289 1534 1567 1602 Δεσπότης
1593 1528 1661 1603 ἦν
1687 1530 1796 1584 τῶν
1825 1532 1963 1584 ὅλων

377 1624 486 1678 ἀεί·
517 1624 592 1689 ὡς
623 1625 680 1678 δὲ
704 1624 1015 1696 ἄνθρωπος,
1045 1625 1420 1698 προσελάϐετο
1443 1623 1598 1689 δόξαν
1620 1624 1796 1696 ἦνπερ
1817 1617 1964 1692 εἶχεν

375 1715 455 1781 ὡς
489 1715 642 1780 Θεός·
671 1717 764 1771 καὶ
789 1715 992 1789 ⁴ᾔτησεν
1029 1717 1092 1771 οὐ
1121 1716 1310 1772 λαϐεῖν
1343 1714 1489 1787 άπερ
1521 1715 1622 1770 οὐκ
1643 1711 1810 1786 εἶχεν,
1843 1713 1966 1768 ἀλλ’

379 1809 526 1881 ἅπερ
558 1805 672 1880 εἶχε
706 1810 1010 1882 δειχθῆναι,
1047 1809 1232 1874 καθὼς
1269 1811 1602 1881 γέγραπται,
1637 1809 1722 1864 ὅτι
1762 1829 1781 1862 ι
1837 1810 1964 1863 Ποι-

381 1879 575 1972 μανεῖς
605 1879 896 1964 άῡτοὺξεᾲ
935 1900 1122 1972 ῥάϐδῳ
1151 1879 1428 1974 σιδηρᾷ,’›
1469 1901 1592 1972 ἥτις
1614 1901 1762 1954 ὲστὶν
1795 1901 1827 1972 ἡ
1855 1900 1966 1955 τῶν
1991 1879 2040 1939 Β

394 1995 690 2066 Ῥωμαίων
719 1993 1006 2065 βασιλείαν
1030 1993 1238 2066 ταύτην
1281 1992 1392 2066 γὰρ
1443 1995 1656 2056 πιστοῖς
1690 1993 1786 2046 καὶ
1831 1992 1967 2064 Χρι-

377 2089 623 2151 στιανοῖς
655 2087 936 2158 βασιλεῦσι
989 2085 1118 2151 δοὺς
1161 2085 1398 2160 Χριστὸς
1441 2087 1470 2140 ὁ
1510 2085 1635 2148 Υἱὸς
1667 2083 1761 2138 τοῦ
1801 2083 1962 2150 Θεοῦ,

381 2175 734 2232 ἑπιστατεύει
766 2177 856 2233 καὶ
898 2175 1292 2248 συμόασιλεύει
1336 2175 1542 2239 αὐτοῖς.
1579 2173 1656 2228 Δι’
1687 2172 1851 2228 αὑτοῦ
1899 2172 1968 2228 τά

381 2271 556 2328 πιστὰ
602 2271 728 2343 ἔθνη
773 2271 855 2335 είς
909 2270 1244 2344 κατάσχεσιν
1293 2268 1645 2341 κληρωθέντα
1693 2267 1968 2323 πιστεύειν

382 2365 766 2436 ποιμαίνονται
797 2363 981 2419 αὐτόν.
1023 2362 1202 2418 Ὅθεν
1232 2361 1328 2416 καὶ
1357 2361 1534 2415 πάντα
1567 2361 1634 2415 τὰ
1681 2360 1808 2432 ἔθνη
1837 2377 1968 2429 συγ-

385 2458 657 2530 κρούοντα
676 2455 818 2529 μετά
842 2456 943 2528 τῆς
965 2455 1075 2510 τῶν
1101 2454 1445 2528 Χριστιανῶν
1469 2453 1766 2525 βασιλείας,
1799 2455 1848 2506 εί
1877 2456 1968 2508 καὶ

392 2551 720 2624 ἡττηθῶσιν,
757 2550 898 2622 πλὴν
932 2547 1140 2621 ταύτην
1186 2549 1246 2602 οὑ
1285 2548 1648 2620 μετέστησαν,
1701 2547 1826 2601 οὔτε
1861 2548 1969 2618 μὴν

393 2648 796 2716 μεταστήσωσι·
850 2642 1032 2707 καθὼς
1083 2643 1390 2714 γέγραπται
1428 2643 1498 2695 ἐν
1531 2641 1697 2712 βίϐλῳ
1722 2641 1968 2712 Ψαλμῶν

388 2737 519 2809 περὶ
546 2737 644 2808 τῆς
691 2734 964 2808 βασιλείας
1003 2735 1098 2788 τοῦ
1133 2732 1396 2804 Χριστοῦ,
1431 2735 1512 2788 ὅτι
1547 2751 1567 2785 ι
1634 2731 1695 2785 ῚΙ
1742 2732 1970 2803 ἀλήθειά

389 2846 518 2900 μου,
545 2830 639 2882 καὶ
667 2829 728 2881 τὸ
759 2827 907 2891 ἔλεός
935 2843 1039 2898 μου
1074 2826 1190 2898 μετ’
1223 2824 1410 2880 αὐτοῦ’
1443 2825 1538 2878 καὶ
1563 2826 1620 2878 ὲν
1646 2823 1722 2894 τῷ
1743 2823 1968 2894 ὀνόματί

389 2937 497 2991 μου
548 2917 899 2990 ὑψωθήσεται
956 2917 1012 2970 τὸ
1071 2915 1242 2987 κέρας
1291 2913 1488 2970 αὐτοῦ’
1521 2913 1618 2968 καὶ
1650 2913 1885 2984 θήσομαι
1912 2913 1970 2965 ἐν

387 3011 638 3084 θαλάσσῃ
658 3012 818 3091 χεῖρα
847 3009 1014 3064 αὐτοῦ
1047 3009 1141 3061 καὶ
1166 3009 1223 3061 ὲν
1267 3009 1532 3076 ποταμοῖς
1571 3004 1752 3074 δεξιὰν
1779 3003 1967 3057 αὑτεῦο

387 3087 554 3168 αὐτὸς
581 3087 969 3156 ἐπικαλέσεταί
1000 3117 1092 3172 με,
1125 3100 1318 3169 Πατήρ
1342 3116 1444 3170 μου
1479 3094 1530 3151 εἷ
1561 3098 1646 3163 σὺ,
1672 3097 1804 3160 Θεὸς
1841 3115 1967 3167 μου,

378 3197 486 3252 "tati.
515 3195 868 3266 ἀντιλήπτωρ
893 3194 996 3263 τῆς
1020 3193 1296 3262 σωτηρίας
1332 3207 1456 3288 μου·
1494 3187 1649 3288 κάξίὼ
1683 3190 1972 3288 πρωτότρ-
1997 3227 2041 3288 C

388 3303 489 3340 κον
519 3285 762 3356 θήσομαι
791 3283 974 3347 αὑτὸν,
1008 3281 1211 3353 ὑψηλὸν
1237 3280 1392 3350 παρά
1410 3281 1522 3341 τοῖς
1555 3278 1834 3348 βασιλεῦσι
1873 3277 1974 3348 τῆς
2002 3277 2025 3342 Ῐ

387 3374 516 3446 γῆς’
551 3375 633 3438 είς
669 3373 762 3428 τὸν
791 3372 964 3428 αἰῶνα
993 3371 1217 3441 φυλάξω
1247 3369 1395 3440 αὑτῷ
1437 3369 1500 3422 τὸ
1535 3369 1681 3432 ἔλεός
1720 3386 1846 3437 μου,
1880 3368 1976 3421 καὶ

389 3468 425 3536 ή
467 3464 703 3536 διαθήκη
754 3481 857 3534 μου
907 3461 1076 3532 πιστὴ
1113 3459 1261 3532 αὑτῷ
1287 3477 1302 3493 ο
1339 3461 1433 3514 καὶ
1469 3459 1709 3530 θήσομαι
1763 3461 1841 3521 είς
1885 3458 1976 3511 τὸν

391 3557 568 3628 αἰῶνα
603 3555 698 3610 τοῦ
726 3555 920 3619 αἰῶνος
951 3555 1015 3608 τὸ
1043 3554 1266 3624 σπέρμα
1291 3551 1481 3617 αὐτοῦ,
1523 3553 1621 3604 καὶ
1654 3551 1745 3604 τὸν
1788 3551 1977 3622 θρόνον

391 3649 562 3702 αὑτοῦ
609 3647 684 3712 ὡς
723 3648 822 3712 τὰς
855 3647 1074 3719 ἡμέρας
1098 3645 1194 3700 τοῦ
1229 3644 1483 3716 οὐρανοῦ.
1531 3645 1656 3697 Ἐὰν
1688 3643 1977 3714 ἐγκαταλί-

395 3757 570 3796 πωσιν
597 3741 652 3793 ὀί
684 3741 790 3793 uici.
828 3737 992 3792 αὐτοῦ
1043 3738 1136 3792 τὸν
1164 3737 1328 3809 νόμον
1364 3754 1490 3808 μου,
1535 3755 1554 3788 ι
1595 3737 1714 3808 ήτοι
1751 3739 1800 3789 σί
1841 3737 1976 3806 Χρι-

395 3831 624 3898 στιανοὶ,
663 3850 682 3886 ι
717 3831 949 3894 καὶτοῖς
987 3829 1224 3902 κρίμασί
1256 3847 1357 3900 μου
1383 3829 1444 3882 οὐ
1487 3829 1847 3899 πορευθῶσιν·
1881 3828 1976 3881 ἐὰν

391 3927 462 3982 τά
493 3923 844 3994 δικαιώματά
902 3939 1006 3993 μου
1038 3921 1416 3993 βεϐηλώσωσι,
1477 3921 1572 3974 καὶ
1625 3920 1723 3984 τὰς
1757 3920 1978 3984 ἐντολάς

396 4035 502 4091 μου
540 4019 615 4088 μὴ
654 4016 969 4086 φυλάξωσι,
999 4013 1372 4085 ἐπισκέψομαι
1406 4015 1466 4068 ἐν
1494 4013 1677 4085 ῥάϐδῳ
1722 4012 1818 4076 τὰς
1855 4015 1977 4067 ἀνοο

397 4111 530 4183 μίας
560 4109 762 4176 αὐτῶν,
810 4109 905 4162 καὶ
938 4108 996 4161 ὲν
1032 4106 1255 4178 μάστιξι
1284 4106 1385 4170 τάς
1415 4103 1630 4169 ἀδικίας
1662 4105 1844 4158 αὐτῶν
1867 4121 1881 4134 ο
1918 4105 1978 4157 τὸ

391 4203 450 4256 δὲ
476 4201 628 4262 ἔλεός
663 4219 764 4272 μου
805 4201 870 4254 οὐ
922 4200 998 4272 μὴ
1037 4199 1380 4255 διασκεδάσω
1411 4201 1502 4256 ἐπ’
1530 4201 1734 4268 αὐτῶν,
1769 4199 1881 4254 οὐδ’
1913 4200 1975 4253 οὐ

399 4297 475 4369 μὴ
510 4296 758 4374 ἀδικήσω
797 4295 896 4364 τὴν
924 4293 1194 4367 διαθήκην
1219 4312 1345 4366 μου.
1376 4295 1562 4362 ’Δπαξ
1590 4293 1780 4364 ῶμοσα
1811 4296 1870 4347 ὲν
1899 4291 1978 4363 τῷ

393 4388 540 4458 ἁγιῳ
569 4405 693 4457 μου.
727 4385 808 4442 Ἦ
826 4386 906 4458 τῷ
941 4385 1106 4439 Δαϐὶδ
1130 4384 1434 4457 ψεύσομαι;
1471 4386 1532 4438 τὸ
1557 4385 1781 4456 σπέρμα
1809 4381 1976 4440 αὑτοῦ

395 4481 480 4543 εἰς
532 4479 629 4533 τὸν
681 4479 857 4534 αἰῶνα
912 4478 1086 4550 μένει,
1133 4497 1152 4530 ι
1195 4479 1254 4540 ὅς
1302 4479 1421 4531 ἐστι
1459 4477 1696 4546 Χριστὸς
1742 4476 1804 4531 τὸ
1836 4477 1978 4532 κατά

2058 618 2138 674 ιιι,
2172 625 2277 681 ego
2308 611 2476 668 hodie
2515 620 2569 668 te
2595 614 2802 684 genui?
2832 633 2851 666 ι
2889 646 2955 657 -—
2985 634 3003 666 ι
3040 613 3234 669 Nonne
3271 630 3468 670 omnes
3507 627 3638 670 sunt

2057 701 2518 760 administratorii
2547 708 2796 777 spiritus,
2827 710 2882 763 in
2917 709 3289 764 ministerium
3320 709 3476 764 missi
3499 709 3588 763 “?
3613 729 3632 762 ι
3693 745 3710 758 ο

2057 793 2126 847 Ει
2155 811 2352 852 rursus
2380 799 2491 853 alio
2519 797 2576 853 in
2615 799 2740 855 loco
2769 818 2781 855 :
2819 821 2836 851 ι
2873 801 2988 872 Ego
3010 817 3110 856 ero
3141 801 3192 856 ei
3228 802 3285 856 in
3313 803 3554 867 Patrem,
3585 811 3640 857 et

2059 885 2178 955 ipse
2209 888 2318 943 erit
2347 889 2485 944 mihi
2512 891 2568 944 in
2601 891 2801 946 Filium
2833 893 2910 946 19?
2939 914 2957 944 ι
2987 893 3113 948 Haec
3142 893 3292 948 enim
3331 893 3640 948 secundum

2064 979 2363 1036 humanam
2405 992 2666 1038 naturam
2714 993 2772 1040 et
2813 1000 3134 1054 corpoream
3180 987 3304 1056 ejus
3350 985 3644 1056 dispensa-

2062 1071 2267 1129 tionem
2301 1077 2552 1145 protulit,
2579 1078 2652 1132 ita
2677 1086 2740 1132 ut
2764 1095 2874 1133 non
2906 1088 3168 1135 aeternam
3201 1081 3642 1150 generationem,

2061 1164 2160 1218 sed
2189 1180 2310 1218 eam
2333 1182 2454 1236 quae
2487 1176 2798 1238 temporum
2831 1169 3069 1224 decursu
3099 1169 3242 1224 facta
3273 1177 3381 1238 est,
3411 1169 3642 1226 indicet.

2061 1257 2166 1322 Qui
2199 1259 2348 1312 enim
2392 1269 2588 1316 natura
2617 1269 2705 1316 est
2746 1261 2922 1317 Filius
2962 1261 3084 1326 Dei,
3129 1262 3309 1318 factus
3352 1270 3438 1318 est
3475 1263 3645 1319 etiam

2063 1358 2263 1406 natura
2293 1351 2457 1406 homo
2498 1368 2728 1422 propter
2750 1364 2999 1409 nostram
3029 1354 3286 1418 salutem,
3313 1370 3424 1409 non
3447 1369 3648 1410 secun-

2065 1441 2194 1497 dum
2231 1443 2465 1514 gratiam
2497 1444 2604 1499 hoc
2631 1445 2934 1515 accipiens,
2964 1447 3114 1516 quod
3145 1446 3314 1500 habet
3338 1445 3646 1502 secundum

2065 1542 2340 1588 naturam.
2377 1535 2445 1590 Et
2470 1553 2670 1592 rursus
2692 1545 2752 1593 ut
2787 1538 2955 1592 homo
2985 1536 3188 1608 accipit
3214 1538 3348 1592 illud
3379 1538 3524 1608 quod
3550 1537 3648 1592 ha-

2065 1625 2233 1680 bebat
2257 1641 2364 1696 qua
2393 1627 2540 1682 Deus
2569 1637 2672 1684 est.
2703 1629 3019 1685 Altissimus
3046 1631 3194 1685 enim
3222 1645 3349 1684 eum
3381 1629 3472 1694 sit,
3499 1630 3650 1686 Deus

2065 1715 2193 1781 fuit,
2243 1727 2302 1772 et
2344 1728 2620 1788 quatenus
2670 1721 2814 1776 Deus
2852 1731 2957 1786 est,
3005 1738 3226 1792 semper
3259 1722 3648 1777 universorum

2069 1811 2338 1867 Dominus
2380 1811 2520 1878 fuit",
2557 1821 2619 1869 ut
2655 1813 3042 1870 homo.autem
3074 1815 3376 1886 assumpsit
3415 1813 3650 1886 gloriam

2067 1918 2231 1974 quam
2269 1903 2461 1960 habuit
2496 1916 2556 1960 ut
2595 1906 2764 1972 Deus,
2808 1915 2866 1962 et
2893 1906 3072 1977 petiit,
3113 1921 3224 1961 non
3268 1915 3331 1961 ut
3370 1906 3652 1977 acciperet

2069 2010 2193 2066 quae
2216 1993 2330 2052 non
2363 1997 2624 2062 habebat,
2651 1997 2748 2053 sed
2785 2007 2847 2053 ut
2879 2013 3002 2069 qua:
3036 1997 3295 2063 habebat,
3333 1997 3652 2054 manifesta-

2069 2095 2285 2156 rentur,
2315 2089 2785 2160 quemadmodum
2811 2091 3081 2159 scriptum
3113 2100 3198 2145 est
3223 2107 3236 2144 :
3276 2109 3295 2142 ι
3323 2089 3522 2146 Pasees
3552 2104 3652 2144 eos

2069 2179 2127 2235 in
2153 2181 2306 2252 virga
2339 2181 2600 2258 ferrea",
2627 2202 2644 2233 ι
2674 2198 2796 2252 qua:
2818 2194 2904 2237 est
2931 2182 3305 2237 Romanorum
3332 2181 3648 2251 imperium.

2070 2270 2368 2341 Postquam
2398 2272 2546 2326 enim
2588 2269 2846 2327 Christus
2885 2273 2992 2328 hoc
3034 2289 3268 2343 regnum
3305 2272 3562 2330 ﬁdelibus
3595 2283 3654 2330 et

2069 2361 2406 2418 Christianis
2450 2363 2882 2434 imperatoribus
2931 2364 3160 2434 largitus
3188 2372 3294 2427 est,
3334 2365 3416 2418 eis
3452 2375 3654 2435 praaest

2071 2463 2236 2525 atque
2267 2463 2588 2526 eonregnat.
2616 2456 2724 2511 Per
2739 2472 2868 2511 eum
2895 2455 3084 2512 lideles
3110 2456 3296 2526 populi
3326 2457 3458 2512 huic
3483 2473 3654 2530 regno

2072 2547 2302 2618 ascripti
2335 2555 2644 2617 pascuntur
2669 2556 2726 2602 et
2765 2548 2820 2602 in
2860 2547 2968 2603 ﬁde
2997 2549 3381 2627 continentur.
3407 2549 3656 2620 Quapro-

2073 2649 2200 2709 pter
2266 2639 2398 2694 lieet
2453 2654 2649 2693 omnes
2693 2648 2884 2710 gentes
2933 2639 3378 2696 Christianorum
3419 2657 3653 2712 regnum

2075 2731 2526 2802 impugnaverint
2548 2745 2606 2787 et
2626 2732 2697 2786 ad
2733 2741 2950 2801 tempus
2975 2734 3268 2788 victoriam
3292 2737 3654 2804 reportarint,

2073 2819 2208 2875 illud
2241 2837 2422 2891 neque
2453 2835 2625 2886 nunc,
2659 2836 2842 2891 neque
2872 2821 2927 2875 in
2957 2831 3243 2892 posterum
3274 2833 3526 2879 evertere
3559 2841 3657 2879 va-

2072 2913 2396 2978 lebunt,.uti
2446 2913 2504 2968 in
2540 2913 2688 2968 libro
2737 2914 3084 2969 Psalmorum
3123 2915 3193 2971 de
3235 2915 3444 2972 Christi
3485 2934 3658 2988 regno

2073 3005 2341 3076 scriptum
2393 3005 2598 3076 legitur
2634 3025 2649 3061 :
2697 3025 2716 3058 ι
2749 3007 2968 3065 Veritas
3012 3023 3132 3063 mea
3177 3017 3232 3063 et
3278 3009 3661 3066 misericordia

2074 3113 2196 3153 mea
2231 3114 2356 3156 cum
2387 3113 2476 3165 eo,
2511 3108 2567 3154 et
2597 3099 2654 3154 in
2680 3099 2906 3154 nomine
2937 3115 3062 3154 meo
3087 3117 3260 3156 cornu
3293 3103 3417 3174 ejus
3447 3103 3660 3158 exalta-

2076 3189 2246 3244 bitur.
2285 3191 2490 3246 Ponam
2533 3191 2588 3246 in
2639 3191 2778 3246 mari
2827 3207 3055 3246 manum
3099 3194 3240 3262 ejus,
3287 3205 3346 3250 et
3391 3194 3444 3250 in
3477 3195 3661 3252 lluviis

2076 3282 2324 3336 dextram
2345 3285 2484 3354 ejus.
2511 3283 2634 3354 ipse
2659 3283 2940 3338 invocabit
2961 3299 3048 3339 me
3078 3302 3090 3336 :
3118 3285 3281 3338 Pater
3307 3299 3462 3340 meus
3494 3300 3554 3340 es
3576 3293 3658 3352 tu,

2077 3372 2223 3427 Deus
2246 3353 2422 3437 meus,
2453 3381 2509 3427 et
2545 3353 2834 3442 susceptor
2865 3374 3060 3428 salutis
3110 3390 3267 3428 meae.
3312 3374 3380 3430 Et
3411 3391 3514 3447 ego
3540 3377 3661 3446 pri-

2078 3461 2420 3532 mogenitum
2470 3478 2671 3531 ponam
2715 3463 2904 3528 illum,
2945 3463 3226 3518 excelsum
3279 3480 3388 3534 prae
3435 3467 3662 3536 regibus

2081 3561 2260 3608 terrae.
2333 3553 2391 3607 In
2439 3563 2720 3633 [internum
2789 3555 3022 3609 servabo
3082 3555 3158 3610 illi
3218 3556 3659 3613 misericordiam

2079 3661 2276 3709 meam,
2303 3653 2358 3699 et
2385 3655 2774 3700 testamentum
2805 3663 2989 3701 meum
3017 3645 3175 3701 ﬁdele
3212 3647 3336 3716 ipsi.
3365 3649 3433 3702 Et
3459 3665 3660 3718 ponam

2079 3735 2132 3788 in
2173 3737 2434 3790 saeculum
2475 3735 2660 3790 saeculi
2702 3753 2892 3791 semen
2937 3738 3091 3804 ejus,
3141 3747 3200 3792 et
3249 3739 3510 3793 thronum
3541 3741 3662 3811 ejus

2077 3827 2223 3882 sicut
2263 3827 2384 3881 dies
2425 3827 2574 3881 emli.
2623 3827 2678 3880 Si
2711 3837 2895 3880 autem
2952 3827 3356 3898 dereliquerint
3397 3829 3494 3884 ﬁlii
3537 3834 3661 3901 ejus

2079 3917 2152 3988 {id
2177 3927 2262 3972 est
2288 3915 2612 3984 Christiani)
2667 3917 2844 3988 legem
2875 3933 3076 3982 meam,
3105 3929 3162 3972 et
3187 3919 3243 3972 in
3267 3919 3495 3986 judiciis
3515 3923 3662 3979 meis

2077 4024 2188 4063 non
2211 4008 2632 4078 ambulaverint
2658 4027 2670 4062 :
2699 4009 2744 4064 si
2768 4009 3014 4078 justitias
3043 4025 3193 4064 meas
3217 4010 3658 4080 profanaverint,

2077 4110 2132 4157 et
2155 4101 2414 4157 mandata
2445 4119 2566 4156 mea
2599 4119 2711 4157 non
2740 4103 3128 4167 custodierint,
3157 4103 3395 4159 visitabo
3419 4104 3478 4159 in
3506 4104 3662 4178 virga

2077 4180 2401 4264 iniquitates
2431 4209 2647 4260 eorum,
2673 4203 2729 4248 et
2757 4195 2812 4248 in
2845 4195 3172 4251 verberibus
3197 4207 3421 4266 peccata
3443 4211 3661 4266 eorum,

2077 4286 2520 4342 misericordiam
2555 4295 2743 4340 autem
2773 4302 2948 4342 meam
2979 4303 3090 4341 non
3120 4287 3439 4358 dispergam
3467 4289 3538 4345 ab
3557 4291 3662 4358 eis,

2076 4393 2259 4451 neque
2287 4377 2594 4448 profanabo
2633 4386 3020 4433 testamentum
3053 4395 3258 4434 meum.
3278 4379 3462 4438 Semel
3479 4383 3667 4452 juravi

2079 4469 2135 4524 in
2177 4477 2370 4524 sancto
2411 4483 2558 4539 meo,
2591 4468 2636 4522 si
2675 4468 2852 4522 David
2894 4469 3181 4523 mentiar:
3227 4451 3418 4525 semen
3452 4451 3574 4542 ejus
3609 4472 3668 4527 in

397 4573 577 4644 σάρκα
613 4571 838 4644 σπέρμα
876 4569 970 4625 τοῦ
1015 4570 1200 4633 Δαὸὶδ,
1240 4589 1258 4622 ι
1286 4571 1380 4624 καὶ
1411 4572 1438 4624 ὁ
1482 4570 1672 4641 θρόνος
1701 4569 1868 4624 αὐτοῦ
1901 4571 1973 4636 ὡς

2081 4573 2350 4619 teternum
2390 4561 2638 4616 manebit
2695 4561 2774 4632 (id
2807 4569 2894 4616 est
2933 4560 3192 4626 Christus
3222 4577 3412 4618 semen
3445 4563 3671 4620 Davidis

393 4663 552 4734 ἥλιος
585 4661 829 4716 ἐναντίον
874 4679 998 4732 μου,
1027 4661 1123 4714 καῖ⁷
1157 4660 1234 4724 ὡς
1265 4661 1300 4731 ή
1335 4659 1534 4732 σελήνη
1565 4661 1978 4732 κατηρτισμένη

397 4757 478 4821 εἰς
506 4755 600 4809 τὸν
626 4751 820 4820 αἰῶνα,
854 4753 1008 4824 καὶό
1043 4751 1258 4823 μάρτυς
1299 4751 1358 4804 ὲν
1387 4749 1603 4822 οὐρανῷ
1633 4751 1844 4814 πιστός.
1884 4769 1903 4803 ι

355 4928 363 4937 ’
467 4933 568 4988 Διὰ
598 4933 658 4988 δὲ
697 4933 760 4986 τὸ
793 4931 867 5004 μή
896 4929 1188 4986 ὑπολαϐεῖν
1217 4947 1276 4984 σε
1311 4929 1566 4984 Ἰουδαῖον
1605 4929 1687 4983 ὅτι
1711 4928 1798 4983 διά
1816 4929 1983 4982 Δαϐὶδ

394 5027 571 5084 ταῦτα
598 5025 798 5100 ὲῤῥέθη
828 5025 922 5078 καὶ
975 5023 1074 5094 τὴν
1105 5022 1282 5100 ἀὐτοῦ
1315 5019 1614 5092 βασιλείαν,
1655 5021 1825 5092 ήγουν
1852 5023 1978 5084 τοὺς

410 5097 720 5184 Ἰουδαίους,
743 5117 839 5172 καὶ
871 5115 994 5187 οὐχὶ
1031 5097 1120 5170 διά
1162 5115 1254 5169 τὸν
1281 5115 1539 5188 Χριστὸν,
1568 5115 1766 5184 ἐπάγει
1793 5113 1854 5168 τὺ
1885 5131 1979 5184 γε·

396 5196 556 5285 ἰγονὺς
601 5212 690 5266 διὰ
718 5211 780 5264 τὸ
811 5208 1105 5264 ἀποθανεῖν
1157 5209 1256 5279 μὲν
1285 5208 1374 5262 τὸν
1419 5207 1614 5271 Δαϐὶδ,
1647 5207 1742 5262 καὶ
1773 5206 1979 5278 παρελ-

400 5305 513 5360 θεῖν
539 5304 638 5378 τὴν
663 5301 942 5374 βασιλείαν
980 5300 1090 5355 τῶν
1146 5300 1438 5364 Ἰουδαίων,
1481 5300 1578 5354 καὶ
1605 5300 1705 5370 τὴν
1740 5298 1978 5354 παλαιὰν

401 5395 669 5468 διαθήκην
699 5393 1063 5469 βεβηλῶσθαι,
1093 5391 1272 5462 λέγων
1285 5390 1484 5457 οὕτως’
1517 5411 1536 5444 ι
1573 5392 1645 5444 Σὺ
1687 5390 1746 5444 δὲ
1772 5389 1980 5470 ἀπώσῳ

401 5493 500 5546 καὶ
547 5485 914 5554 ὲξουδενώσας
961 5483 1226 5540 ἀνεϐάλου
1285 5482 1376 5535 τὸν
1410 5481 1630 5553 χριστόν
1695 5497 1811 5545 σου,
1845 5497 1976 5533 κατ-

401 5580 673 5654 έστρεψας
699 5579 799 5650 τὴν
829 5577 1099 5648 διαθήκην
1122 5573 1216 5628 τοῦ
1253 5572 1443 5628 δούλου
1475 5589 1590 5626 σου·
1629 5569 1976 5642 ἐϐεϐήλωσας

402 5674 484 5736 είς
517 5659 620 5742 τὴν
643 5671 750 5741 γῆν
803 5667 866 5722 τὸ
917 5667 1167 5738 ἁγίασμα
1226 5662 1411 5718 αὐτοῦ·
1467 5661 1714 5726 καθεῖλες
1767 5659 1978 5724 πάντας

2083 4654 2392 4711 secundum
2437 4651 2718 4722 carnem);
2761 4661 2818 4706 et
2863 4651 3100 4706 thronus
3141 4653 3263 4722 ejus
3303 4653 3450 4707 sicut
3491 4652 3572 4708 sol
3609 4654 3666 4709 in

2083 4753 2385 4816 conspectu
2418 4759 2562 4810 meo,
2593 4751 2650 4798 et
2677 4742 2824 4798 sicut
2845 4742 2974 4796 luna
3000 4742 3248 4812 perfecta
3273 4743 3330 4797 in
3353 4752 3624 4799 aeternum
3648 4786 3664 4812 ,

2083 4847 2142 4893 et
2173 4837 2330 4893 testis
2364 4838 2421 4891 in
2457 4836 2598 4892 οοειο
2633 4835 2813 4890 ﬁdelis
2839 4835 2905 4886 ἰ.
2944 4853 2963 4885 ι

2155 4928 2236 4984 Ne
2262 4935 2448 4982 autem
2483 4935 2576 4990 tu,
2601 4925 2810 4990 Judzee,
2839 4924 2956 4979 haec
2980 4923 3048 4979 de
3087 4924 3295 4981 Davide
3318 4925 3550 4997 ejusque
3574 4943 3666 4982 re-

2085 5031 2217 5088 gno,
2233 5016 2350 5071 sive
2371 5014 2441 5070 de
2469 5013 2676 5071 Iudaeis
2706 5010 3029 5082 accipienda
3055 5019 3332 5078 autumes,
3356 5011 3453 5068 sed
3482 5014 3668 5083 potius

2081 5108 2152 5164 de
2197 5107 2449 5173 Christo,
2503 5105 2663 5161 addit
2711 5104 2885 5176 (quod
2929 5104 3100 5160 etiam
3146 5103 3354 5175 evenit)
3402 5103 3666 5160 Davidem

2085 5207 2392 5263 mortuum,
2433 5195 2757 5253 Iudaeorum
2802 5209 3035 5266 regnum
3079 5208 3335 5249 eversum
3360 5234 3376 5258 ,
3421 5203 3480 5250 et
3509 5205 3668 5253 vetus

2087 5297 2476 5348 testamentum
2508 5287 2780 5342 abolitum
2809 5302 2954 5350 esse,
2984 5285 3214 5341 dicens:
3245 5305 3262 5338 ι
3307 5285 3391 5340 Tu
3421 5301 3554 5342 vero
3577 5303 3668 5344 re-

2083 5384 2275 5456 pulisti
2322 5389 2378 5437 et
2423 5379 2724 5450 despexisti
2777 5397 2789 5430 :
2843 5377 3109 5434 distulisti
3162 5377 3432 5434 ehristum
3485 5388 3666 5434 tuum.

2083 5475 2343 5532 Evertisti
2369 5481 2760 5530 testamentum
2791 5471 2936 5527 servi
2963 5471 3082 5525 tui:
3114 5469 3420 5542 profanasti
3445 5469 3502 5524 in
3521 5481 3670 5526 terra

2087 5567 2474 5628 sanctuarium
2513 5565 2655 5637 ejus.
2683 5563 3017 5620 Destruxisti
3051 5578 3246 5619 omnes
3275 5577 3436 5632 sepes
3464 5562 3607 5633 ejus,
3643 5577 3664 5616 ι

2085 5670 2142 5715 et
2171 5675 2294 5730 qua:
2319 5665 2628 5728 sequuntur
2653 5670 2828 5725 usque
2851 5655 2920 5710 ad
2946 5655 3082 5710 illud
3111 5672 3124 5710 :
3158 5673 3178 5707 ι
3213 5653 3516 5710 Perfudisti
3539 5667 3667 5708 eum

475 5853 520 5889 ³⁸
547 5850 714 5908 liebr.
746 5867 784 5916 ι,
815 5850 902 5906 14.
985 5850 1025 5882 ’⁸
1054 5849 1098 5904 ll
1131 5850 1264 5920 Reg.
1297 5863 1393 5915 vn,
1431 5847 1532 5914 ll;
1563 5843 1732 5900 Hebr.
1777 5860 1813 5915 i,
1848 5841 1904 5897 5.

2073 5841 2188 5897 'sal.
2212 5857 2270 5907 ιι,
2302 5839 2355 5894 9.
2415 5841 2469 5914 f‘
2507 5837 2650 5895 Psal.
2686 5852 2941 5904 Lxxxvnl,
2970 5835 3162 5892 25-58.
