  <div class='ocr_page' id='page_1' title='image "/cluster/home/n/w/nwhite01/storage/ocr_20150623/89/coo.31924054869932/621.png"; bbox 0 0 4064 6430; ppageno 0'>
   <div class='ocr_carea' id='block_1_1' title="bbox 497 367 630 434">
    <p class='ocr_par' dir='ltr' id='par_1_1' title="bbox 497 367 630 434">
     <span class='ocr_line' id='line_1_1' title="bbox 497 367 630 434; baseline 0.008 -1"><span class='ocrx_word' id='word_1_1' title='bbox 497 367 630 434; x_wconf 76' lang='grc'><strong>1211</strong></span> 
     </span>
    </p>
   </div>
   <div class='ocr_carea' id='block_1_2' title="bbox 1700 379 2570 443">
    <p class='ocr_par' dir='ltr' id='par_1_2' title="bbox 1700 379 2570 443">
     <span class='ocr_line' id='line_1_2' title="bbox 1700 379 2570 443; baseline 0.005 -5"><span class='ocrx_word' id='word_1_2' title='bbox 1700 379 1762 439; x_wconf 84' lang='lat' dir='ltr'><strong>S.</strong></span> <span class='ocrx_word' id='word_1_3' title='bbox 1801 379 2203 442; x_wconf 70' lang='lat' dir='ltr'><strong>ANASTASII</strong></span> <span class='ocrx_word' id='word_1_4' title='bbox 2244 382 2570 443; x_wconf 68' lang='lat' dir='ltr'><strong>SINAITAE</strong></span> 
     </span>
    </p>
   </div>
   <div class='ocr_carea' id='block_1_3' title="bbox 3640 394 3781 463">
    <p class='ocr_par' dir='ltr' id='par_1_3' title="bbox 3640 394 3781 463">
     <span class='ocr_line' id='line_1_3' title="bbox 3640 394 3781 463; baseline 0.021 -3"><span class='ocrx_word' id='word_1_5' title='bbox 3640 394 3781 463; x_wconf 70' lang='lat'><strong>1212</strong></span> 
     </span>
    </p>
   </div>
   <div class='ocr_carea' id='block_1_4' title="bbox 494 485 2087 582">
    <p class='ocr_par' dir='ltr' id='par_1_4' title="bbox 494 485 2081 559">
     <span class='ocr_line' id='line_1_4' title="bbox 494 485 2081 559; baseline 0.003 -17"><span class='ocrx_word' id='word_1_6' title='bbox 494 485 822 542; x_wconf 78' lang='lat' dir='ltr'><strong>confusione</strong></span> <span class='ocrx_word' id='word_1_7' title='bbox 851 489 917 542; x_wconf 83' lang='lat'><strong>&quot;.</strong></span> <span class='ocrx_word' id='word_1_8' title='bbox 959 507 976 540; x_wconf 74' lang='grc' dir='ltr'><strong>ι</strong></span> <span class='ocrx_word' id='word_1_9' title='bbox 1021 487 1094 542; x_wconf 83' lang='lat' dir='ltr'><strong>Ac</strong></span> <span class='ocrx_word' id='word_1_10' title='bbox 1130 489 1383 556; x_wconf 80' lang='lat' dir='ltr'><strong>profecto</strong></span> <span class='ocrx_word' id='word_1_11' title='bbox 1409 490 1550 544; x_wconf 83' lang='lat' dir='ltr'><strong>bene</strong></span> <span class='ocrx_word' id='word_1_12' title='bbox 1577 491 1817 559; x_wconf 72' lang='lat' dir='ltr'><strong>Spiritus</strong></span> <span class='ocrx_word' id='word_1_13' title='bbox 1847 501 2081 546; x_wconf 77' lang='lat' dir='ltr'><strong>sanctus</strong></span> 
     </span>
    </p>
   </div>
   <div class='ocr_carea' id='block_1_5' title="bbox 2191 485 3779 582">
    <p class='ocr_par' dir='ltr' id='par_1_5' title="bbox 2191 494 3779 582">
     <span class='ocr_line' id='line_1_5' title="bbox 2191 494 3779 582; baseline 0.014 -38"><span class='ocrx_word' id='word_1_14' title='bbox 2191 494 2307 556; x_wconf 73' lang='grc' dir='ltr'>τοὺς</span> <span class='ocrx_word' id='word_1_15' title='bbox 2323 496 2612 564; x_wconf 78' lang='grc' dir='ltr'>φραγμοὺς</span> <span class='ocrx_word' id='word_1_16' title='bbox 2636 497 2825 566; x_wconf 73' lang='grc' dir='ltr'>αὑτοῦ,</span> <span class='ocrx_word' id='word_1_17' title='bbox 2861 500 2960 554; x_wconf 70' lang='grc' dir='ltr'><strong>σὺν</strong></span> <span class='ocrx_word' id='word_1_18' title='bbox 2985 503 3096 564; x_wconf 80' lang='grc' dir='ltr'>τοῖς</span> <span class='ocrx_word' id='word_1_19' title='bbox 3127 503 3354 571; x_wconf 71' lang='grc' dir='ltr'>λοιποῖς,</span> <span class='ocrx_word' id='word_1_20' title='bbox 3399 507 3495 561; x_wconf 70' lang='grc' dir='ltr'><strong>καὶ</strong></span> <span class='ocrx_word' id='word_1_21' title='bbox 3530 505 3642 582; x_wconf 73' lang='grc' dir='ltr'>[τὸ]</span> <span class='ocrx_word' id='word_1_22' title='bbox 3667 529 3779 566; x_wconf 82' lang='grc' dir='ltr'>κα-</span> 
     </span>
    </p>
   </div>
   <div class='ocr_carea' id='block_1_6' title="bbox 496 577 2088 652">
    <p class='ocr_par' dir='ltr' id='par_1_6' title="bbox 496 577 2088 652">
     <span class='ocr_line' id='line_1_6' title="bbox 496 577 2088 652; baseline 0.003 -19"><span class='ocrx_word' id='word_1_23' title='bbox 496 595 598 651; x_wconf 88' lang='lat' dir='ltr'><strong>per</strong></span> <span class='ocrx_word' id='word_1_24' title='bbox 627 579 956 650; x_wconf 76' lang='lat' dir='ltr'><strong>prophetam</strong></span> <span class='ocrx_word' id='word_1_25' title='bbox 993 580 1111 635; x_wconf 69' lang='lat' dir='ltr'><strong>haec</strong></span> <span class='ocrx_word' id='word_1_26' title='bbox 1155 581 1410 636; x_wconf 87' lang='lat' dir='ltr'><strong>elocutus</strong></span> <span class='ocrx_word' id='word_1_27' title='bbox 1434 593 1540 638; x_wconf 83' lang='lat' dir='ltr'><strong>est.</strong></span> <span class='ocrx_word' id='word_1_28' title='bbox 1572 581 1762 652; x_wconf 76' lang='lat' dir='ltr'><strong>Neque</strong></span> <span class='ocrx_word' id='word_1_29' title='bbox 1789 577 1944 637; x_wconf 82' lang='lat' dir='ltr'><strong>enim</strong></span> <span class='ocrx_word' id='word_1_30' title='bbox 1968 584 2088 638; x_wconf 78' lang='lat' dir='ltr'><strong>ﬁeri</strong></span> 
     </span>
    </p>
   </div>
   <div class='ocr_carea' id='block_1_7' title="bbox 493 671 2092 744">
    <p class='ocr_par' dir='ltr' id='par_1_7' title="bbox 493 671 2092 744">
     <span class='ocr_line' id='line_1_7' title="bbox 493 671 2092 744; baseline 0.003 -21"><span class='ocrx_word' id='word_1_31' title='bbox 493 680 684 740; x_wconf 70' lang='lat' dir='ltr'><strong>potest</strong></span> <span class='ocrx_word' id='word_1_32' title='bbox 725 680 785 724; x_wconf 86' lang='lat' dir='ltr'><strong>ut</strong></span> <span class='ocrx_word' id='word_1_33' title='bbox 821 672 966 725; x_wconf 89' lang='lat' dir='ltr'><strong>Deus</strong></span> <span class='ocrx_word' id='word_1_34' title='bbox 1009 671 1335 738; x_wconf 74' lang='lat' dir='ltr'><strong>mentiatur,</strong></span> <span class='ocrx_word' id='word_1_35' title='bbox 1382 673 1485 727; x_wconf 86' lang='lat' dir='ltr'><strong>sed</strong></span> <span class='ocrx_word' id='word_1_36' title='bbox 1516 673 1882 744; x_wconf 79' lang='lat' dir='ltr'><strong>jurejurando</strong></span> <span class='ocrx_word' id='word_1_37' title='bbox 1919 673 2092 728; x_wconf 87' lang='lat' dir='ltr'><strong>inter-</strong></span> 
     </span>
    </p>
   </div>
   <div class='ocr_carea' id='block_1_8' title="bbox 494 764 2089 834">
    <p class='ocr_par' dir='ltr' id='par_1_8' title="bbox 494 764 2089 834">
     <span class='ocr_line' id='line_1_8' title="bbox 494 764 2089 834; baseline 0.003 -18"><span class='ocrx_word' id='word_1_38' title='bbox 494 764 680 834; x_wconf 77' lang='lat' dir='ltr'><strong>posito</strong></span> <span class='ocrx_word' id='word_1_39' title='bbox 729 764 1118 819; x_wconf 73' lang='lat' dir='ltr'><strong>inconcussam</strong></span> <span class='ocrx_word' id='word_1_40' title='bbox 1169 767 1460 820; x_wconf 76' lang='lat' dir='ltr'><strong>veritatem</strong></span> <span class='ocrx_word' id='word_1_41' title='bbox 1513 767 1731 832; x_wconf 87' lang='lat' dir='ltr'><strong>innuit,</strong></span> <span class='ocrx_word' id='word_1_42' title='bbox 1777 767 2089 821; x_wconf 86' lang='lat' dir='ltr'><strong>secundum</strong></span> 
     </span>
    </p>
   </div>
   <div class='ocr_carea' id='block_1_9' title="bbox 493 855 2090 926">
    <p class='ocr_par' dir='ltr' id='par_1_9' title="bbox 493 855 2090 926">
     <span class='ocr_line' id='line_1_9' title="bbox 493 855 2090 926; baseline 0.001 -15"><span class='ocrx_word' id='word_1_43' title='bbox 493 855 678 911; x_wconf 73' lang='lat' dir='ltr'><strong>illud:</strong></span> <span class='ocrx_word' id='word_1_44' title='bbox 721 875 738 908; x_wconf 85' lang='grc' dir='ltr'><strong>ι</strong></span> <span class='ocrx_word' id='word_1_45' title='bbox 786 855 969 911; x_wconf 84' lang='lat' dir='ltr'><strong>Semel</strong></span> <span class='ocrx_word' id='word_1_46' title='bbox 1016 858 1198 926; x_wconf 91' lang='lat' dir='ltr'><strong>juravi</strong></span> <span class='ocrx_word' id='word_1_47' title='bbox 1253 859 1307 912; x_wconf 88' lang='lat' dir='ltr'><strong>in</strong></span> <span class='ocrx_word' id='word_1_48' title='bbox 1342 859 1577 913; x_wconf 81' lang='lat' dir='ltr'><strong>veritate</strong></span> <span class='ocrx_word' id='word_1_49' title='bbox 1630 873 1772 923; x_wconf 86' lang='lat' dir='ltr'><strong>mea,</strong></span> <span class='ocrx_word' id='word_1_50' title='bbox 1822 857 1869 912; x_wconf 90' lang='lat' dir='ltr'><strong>si</strong></span> <span class='ocrx_word' id='word_1_51' title='bbox 1915 858 2090 913; x_wconf 82' lang='lat' dir='ltr'><strong>David</strong></span> 
     </span>
    </p>
   </div>
   <div class='ocr_carea' id='block_1_10' title="bbox 493 950 2088 1006">
    <p class='ocr_par' dir='ltr' id='par_1_10' title="bbox 493 950 2088 1006">
     <span class='ocr_line' id='line_1_10' title="bbox 493 950 2088 1006; baseline 0.002 -3"><span class='ocrx_word' id='word_1_52' title='bbox 493 950 736 1004; x_wconf 77' lang='lat' dir='ltr'><strong>mentiar</strong></span> <span class='ocrx_word' id='word_1_53' title='bbox 765 951 832 1002; x_wconf 72' lang='grc'><strong>’³.</strong></span> <span class='ocrx_word' id='word_1_54' title='bbox 877 970 894 999; x_wconf 76' lang='grc' dir='ltr'><strong>ι</strong></span> <span class='ocrx_word' id='word_1_55' title='bbox 939 950 1163 1004; x_wconf 77' lang='lat' dir='ltr'><strong>Davidis</strong></span> <span class='ocrx_word' id='word_1_56' title='bbox 1193 950 1343 1004; x_wconf 89' lang='lat' dir='ltr'><strong>enim</strong></span> <span class='ocrx_word' id='word_1_57' title='bbox 1391 967 1581 1006; x_wconf 88' lang='lat' dir='ltr'><strong>semen</strong></span> <span class='ocrx_word' id='word_1_58' title='bbox 1618 951 1929 1006; x_wconf 85' lang='lat' dir='ltr'><strong>secundum</strong></span> <span class='ocrx_word' id='word_1_59' title='bbox 1963 967 2088 1006; x_wconf 88' lang='lat' dir='ltr'><strong>car-</strong></span> 
     </span>
    </p>
   </div>
   <div class='ocr_carea' id='block_1_11' title="bbox 494 1042 2089 1112">
    <p class='ocr_par' dir='ltr' id='par_1_11' title="bbox 494 1042 2089 1112">
     <span class='ocr_line' id='line_1_11' title="bbox 494 1042 2089 1112; baseline 0.001 -16"><span class='ocrx_word' id='word_1_60' title='bbox 494 1057 622 1096; x_wconf 85' lang='lat' dir='ltr'><strong>nem</strong></span> <span class='ocrx_word' id='word_1_61' title='bbox 664 1042 1031 1096; x_wconf 63' lang='lat' dir='ltr'><strong>est&#39;Christus</strong></span> <span class='ocrx_word' id='word_1_62' title='bbox 1067 1043 1160 1096; x_wconf 88' lang='lat' dir='ltr'><strong>Dei</strong></span> <span class='ocrx_word' id='word_1_63' title='bbox 1214 1043 1410 1106; x_wconf 89' lang='lat' dir='ltr'><strong>Filius,</strong></span> <span class='ocrx_word' id='word_1_64' title='bbox 1461 1043 1740 1112; x_wconf 85' lang='lat' dir='ltr'><strong>siquidem</strong></span> <span class='ocrx_word' id='word_1_65' title='bbox 1788 1059 1819 1099; x_wconf 90' lang='lat' dir='ltr'><strong>e</strong></span> <span class='ocrx_word' id='word_1_66' title='bbox 1857 1042 2089 1098; x_wconf 87' lang='lat' dir='ltr'><strong>Davidis</strong></span> 
     </span>
    </p>
   </div>
   <div class='ocr_carea' id='block_1_12' title="bbox 495 1135 2089 1206">
    <p class='ocr_par' dir='ltr' id='par_1_12' title="bbox 495 1135 2089 1206">
     <span class='ocr_line' id='line_1_12' title="bbox 495 1135 2089 1206; baseline 0.002 -18"><span class='ocrx_word' id='word_1_67' title='bbox 495 1149 699 1206; x_wconf 74' lang='lat' dir='ltr'><strong>genere</strong></span> <span class='ocrx_word' id='word_1_68' title='bbox 733 1135 1040 1190; x_wconf 89' lang='lat' dir='ltr'><strong>secundum</strong></span> <span class='ocrx_word' id='word_1_69' title='bbox 1069 1151 1296 1190; x_wconf 86' lang='lat' dir='ltr'><strong>carnem</strong></span> <span class='ocrx_word' id='word_1_70' title='bbox 1333 1136 1538 1206; x_wconf 88' lang='lat' dir='ltr'><strong>prodiit</strong></span> <span class='ocrx_word' id='word_1_71' title='bbox 1584 1137 1821 1206; x_wconf 80' lang='lat' dir='ltr'><strong>Deipara</strong></span> <span class='ocrx_word' id='word_1_72' title='bbox 1865 1151 2089 1206; x_wconf 86' lang='lat' dir='ltr'><strong>semper</strong></span> 
     </span>
    </p>
   </div>
   <div class='ocr_carea' id='block_1_13' title="bbox 494 1223 2086 1298">
    <p class='ocr_par' dir='ltr' id='par_1_13' title="bbox 494 1223 2086 1298">
     <span class='ocr_line' id='line_1_13' title="bbox 494 1223 2086 1298; baseline 0.003 -20"><span class='ocrx_word' id='word_1_73' title='bbox 494 1223 661 1294; x_wconf 75' lang='lat' dir='ltr'><strong>Virgo</strong></span> <span class='ocrx_word' id='word_1_74' title='bbox 715 1237 894 1280; x_wconf 82' lang='lat' dir='ltr'><strong>mater</strong></span> <span class='ocrx_word' id='word_1_75' title='bbox 939 1225 1150 1281; x_wconf 87' lang='lat' dir='ltr'><strong>Christi</strong></span> <span class='ocrx_word' id='word_1_76' title='bbox 1195 1227 1290 1280; x_wconf 88' lang='lat' dir='ltr'><strong>Dei</strong></span> <span class='ocrx_word' id='word_1_77' title='bbox 1345 1227 1545 1282; x_wconf 84' lang='lat' dir='ltr'><strong>nostri.</strong></span> <span class='ocrx_word' id='word_1_78' title='bbox 1601 1229 1853 1298; x_wconf 80' lang='lat' dir='ltr'><strong>Regnum</strong></span> <span class='ocrx_word' id='word_1_79' title='bbox 1898 1238 2086 1282; x_wconf 83' lang='lat' dir='ltr'><strong>autem</strong></span> 
     </span>
    </p>
   </div>
   <div class='ocr_carea' id='block_1_14' title="bbox 494 1317 2087 1392">
    <p class='ocr_par' dir='ltr' id='par_1_14' title="bbox 494 1317 2087 1392">
     <span class='ocr_line' id='line_1_14' title="bbox 494 1317 2087 1392; baseline 0.004 -22"><span class='ocrx_word' id='word_1_80' title='bbox 494 1317 638 1386; x_wconf 86' lang='lat' dir='ltr'><strong>quod</strong></span> <span class='ocrx_word' id='word_1_81' title='bbox 672 1320 887 1386; x_wconf 73' lang='lat' dir='ltr'><strong>accepit</strong></span> <span class='ocrx_word' id='word_1_82' title='bbox 912 1330 972 1375; x_wconf 87' lang='lat' dir='ltr'><strong>ut</strong></span> <span class='ocrx_word' id='word_1_83' title='bbox 1012 1319 1200 1382; x_wconf 88' lang='lat' dir='ltr'><strong>homo,</strong></span> <span class='ocrx_word' id='word_1_84' title='bbox 1225 1333 1414 1376; x_wconf 85' lang='lat' dir='ltr'><strong>manet</strong></span> <span class='ocrx_word' id='word_1_85' title='bbox 1440 1322 1494 1375; x_wconf 91' lang='lat' dir='ltr'><strong>in</strong></span> <span class='ocrx_word' id='word_1_86' title='bbox 1524 1333 1884 1392; x_wconf 87' lang='lat' dir='ltr'><strong>perpetuum.</strong></span> <span class='ocrx_word' id='word_1_87' title='bbox 1909 1321 2087 1376; x_wconf 81' lang='lat' dir='ltr'><strong>David</strong></span> 
     </span>
    </p>
   </div>
   <div class='ocr_carea' id='block_1_15' title="bbox 493 1410 2085 1488">
    <p class='ocr_par' dir='ltr' id='par_1_15' title="bbox 493 1410 2085 1488">
     <span class='ocr_line' id='line_1_15' title="bbox 493 1410 2085 1488; baseline 0.005 -24"><span class='ocrx_word' id='word_1_88' title='bbox 493 1410 641 1470; x_wconf 84' lang='lat' dir='ltr'><strong>enim</strong></span> <span class='ocrx_word' id='word_1_89' title='bbox 678 1421 735 1465; x_wconf 88' lang='lat' dir='ltr'><strong>et</strong></span> <span class='ocrx_word' id='word_1_90' title='bbox 765 1423 1022 1469; x_wconf 89' lang='lat' dir='ltr'><strong>mortuus</strong></span> <span class='ocrx_word' id='word_1_91' title='bbox 1045 1424 1103 1470; x_wconf 90' lang='lat' dir='ltr'><strong>et</strong></span> <span class='ocrx_word' id='word_1_92' title='bbox 1139 1417 1391 1484; x_wconf 86' lang='lat' dir='ltr'><strong>sepultus</strong></span> <span class='ocrx_word' id='word_1_93' title='bbox 1425 1429 1531 1483; x_wconf 86' lang='lat' dir='ltr'><strong>est,</strong></span> <span class='ocrx_word' id='word_1_94' title='bbox 1564 1433 1797 1488; x_wconf 80' lang='lat' dir='ltr'><strong>regnum</strong></span> <span class='ocrx_word' id='word_1_95' title='bbox 1826 1417 1948 1488; x_wconf 85' lang='lat' dir='ltr'><strong>ejus</strong></span> <span class='ocrx_word' id='word_1_96' title='bbox 1983 1416 2085 1472; x_wconf 80' lang='lat' dir='ltr'><strong>Ju-</strong></span> 
     </span>
    </p>
   </div>
   <div class='ocr_carea' id='block_1_16' title="bbox 495 1503 987 1560">
    <p class='ocr_par' dir='ltr' id='par_1_16' title="bbox 495 1503 987 1560">
     <span class='ocr_line' id='line_1_16' title="bbox 495 1503 987 1560; baseline 0.008 -4"><span class='ocrx_word' id='word_1_97' title='bbox 495 1503 716 1558; x_wconf 84' lang='lat' dir='ltr'><strong>daicum</strong></span> <span class='ocrx_word' id='word_1_98' title='bbox 751 1504 987 1560; x_wconf 87' lang='lat' dir='ltr'><strong>interiit.</strong></span> 
     </span>
    </p>
   </div>
   <div class='ocr_carea' id='block_1_17' title="bbox 568 1691 2084 1763">
    <p class='ocr_par' dir='ltr' id='par_1_17' title="bbox 568 1691 2084 1763">
     <span class='ocr_line' id='line_1_17' title="bbox 568 1691 2084 1763; baseline 0 -17"><span class='ocrx_word' id='word_1_99' title='bbox 568 1692 818 1761; x_wconf 78' lang='lat' dir='ltr'><strong>Regnum</strong></span> <span class='ocrx_word' id='word_1_100' title='bbox 851 1707 984 1746; x_wconf 89' lang='lat' dir='ltr'><strong>vero</strong></span> <span class='ocrx_word' id='word_1_101' title='bbox 1005 1692 1152 1763; x_wconf 87' lang='lat' dir='ltr'><strong>quod</strong></span> <span class='ocrx_word' id='word_1_102' title='bbox 1184 1691 1438 1762; x_wconf 88' lang='lat' dir='ltr'><strong>promisit</strong></span> <span class='ocrx_word' id='word_1_103' title='bbox 1464 1691 1610 1746; x_wconf 90' lang='lat' dir='ltr'><strong>Deus</strong></span> <span class='ocrx_word' id='word_1_104' title='bbox 1635 1691 1942 1747; x_wconf 86' lang='lat' dir='ltr'><strong>secundum</strong></span> <span class='ocrx_word' id='word_1_105' title='bbox 1981 1691 2084 1746; x_wconf 84' lang='lat' dir='ltr'><strong>lto-</strong></span> 
     </span>
    </p>
   </div>
   <div class='ocr_carea' id='block_1_18' title="bbox 495 1782 2083 1846">
    <p class='ocr_par' dir='ltr' id='par_1_18' title="bbox 495 1782 2083 1846">
     <span class='ocr_line' id='line_1_18' title="bbox 495 1782 2083 1846; baseline 0.001 -11"><span class='ocrx_word' id='word_1_106' title='bbox 495 1786 696 1836; x_wconf 80' lang='lat' dir='ltr'><strong>minem</strong></span> <span class='ocrx_word' id='word_1_107' title='bbox 727 1782 858 1836; x_wconf 85' lang='lat' dir='ltr'><strong>dare</strong></span> <span class='ocrx_word' id='word_1_108' title='bbox 885 1783 1170 1838; x_wconf 84' lang='lat' dir='ltr'><strong>incarnato</strong></span> <span class='ocrx_word' id='word_1_109' title='bbox 1189 1782 1408 1838; x_wconf 86' lang='lat' dir='ltr'><strong>Christo</strong></span> <span class='ocrx_word' id='word_1_110' title='bbox 1436 1785 1548 1840; x_wconf 89' lang='lat' dir='ltr'><strong>Deo</strong></span> <span class='ocrx_word' id='word_1_111' title='bbox 1570 1791 1784 1846; x_wconf 87' lang='lat' dir='ltr'><strong>nostro,</strong></span> <span class='ocrx_word' id='word_1_112' title='bbox 1810 1794 1996 1839; x_wconf 84' lang='lat' dir='ltr'><strong>manet</strong></span> <span class='ocrx_word' id='word_1_113' title='bbox 2025 1783 2083 1838; x_wconf 90' lang='lat' dir='ltr'><strong>in</strong></span> 
     </span>
    </p>
   </div>
   <div class='ocr_carea' id='block_1_19' title="bbox 2189 583 3782 672">
    <p class='ocr_par' dir='ltr' id='par_1_19' title="bbox 2189 583 3782 672">
     <span class='ocr_line' id='line_1_19' title="bbox 2189 583 3782 672; baseline 0.014 -36"><span class='ocrx_word' id='word_1_114' title='bbox 2189 583 2386 672; x_wconf 70' lang='grc' dir='ltr'>τέχεας</span> <span class='ocrx_word' id='word_1_115' title='bbox 2410 585 2563 656; x_wconf 82' lang='grc' dir='ltr'>αὐτῷ</span> <span class='ocrx_word' id='word_1_116' title='bbox 2583 587 2871 659; x_wconf 80' lang='grc' dir='ltr'>αἰσχύνην.</span> <span class='ocrx_word' id='word_1_117' title='bbox 2911 607 2932 642; x_wconf 70' lang='grc' dir='ltr'><strong><em>ι</em></strong></span> <span class='ocrx_word' id='word_1_118' title='bbox 2967 593 3076 647; x_wconf 71' lang='grc' dir='ltr'><strong>Καὶ</strong></span> <span class='ocrx_word' id='word_1_119' title='bbox 3106 592 3322 665; x_wconf 74' lang='grc' dir='ltr'>ἀληθῶς</span> <span class='ocrx_word' id='word_1_120' title='bbox 3347 597 3526 662; x_wconf 82' lang='grc' dir='ltr'>καλῶς</span> <span class='ocrx_word' id='word_1_121' title='bbox 3553 599 3782 672; x_wconf 78' lang='grc' dir='ltr'><strong>Πνεῦμα</strong></span> 
     </span>
    </p>
   </div>
   <div class='ocr_carea' id='block_1_20' title="bbox 2188 671 3782 752">
    <p class='ocr_par' dir='ltr' id='par_1_20' title="bbox 2188 671 3782 752">
     <span class='ocr_line' id='line_1_20' title="bbox 2188 671 3782 752; baseline 0.014 -28"><span class='ocrx_word' id='word_1_122' title='bbox 2188 671 2248 725; x_wconf 71' lang='grc' dir='ltr'>τὺ</span> <span class='ocrx_word' id='word_1_123' title='bbox 2269 673 2427 743; x_wconf 81' lang='grc' dir='ltr'>ἅγιον</span> <span class='ocrx_word' id='word_1_124' title='bbox 2453 677 2550 729; x_wconf 67' lang='grc' dir='ltr'>ιδιά</span> <span class='ocrx_word' id='word_1_125' title='bbox 2583 675 2680 730; x_wconf 88' lang='grc' dir='ltr'><strong>τοῦ</strong></span> <span class='ocrx_word' id='word_1_126' title='bbox 2730 682 3017 752; x_wconf 75' lang='grc' dir='ltr'>προφήτου</span> <span class='ocrx_word' id='word_1_127' title='bbox 3063 685 3240 739; x_wconf 84' lang='grc' dir='ltr'>ταῦτα</span> <span class='ocrx_word' id='word_1_128' title='bbox 3288 681 3444 741; x_wconf 72' lang='grc' dir='ltr'>εἶπεν</span> <span class='ocrx_word' id='word_1_129' title='bbox 3470 705 3484 719; x_wconf 91' lang='grc'><strong>·</strong></span> <span class='ocrx_word' id='word_1_130' title='bbox 3515 689 3782 749; x_wconf 81' lang='grc' dir='ltr'>ἀδύνατον</span> 
     </span>
    </p>
   </div>
   <div class='ocr_carea' id='block_1_21' title="bbox 2189 765 3782 852">
    <p class='ocr_par' dir='ltr' id='par_1_21' title="bbox 2189 765 3782 852">
     <span class='ocr_line' id='line_1_21' title="bbox 2189 765 3782 852; baseline 0.015 -35"><span class='ocrx_word' id='word_1_131' title='bbox 2189 765 2298 836; x_wconf 82' lang='grc' dir='ltr'><strong>γάρ</strong></span> <span class='ocrx_word' id='word_1_132' title='bbox 2331 768 2425 821; x_wconf 77' lang='grc' dir='ltr'><strong>τὸν</strong></span> <span class='ocrx_word' id='word_1_133' title='bbox 2460 770 2595 822; x_wconf 74' lang='grc' dir='ltr'>Θεὸν</span> <span class='ocrx_word' id='word_1_134' title='bbox 2626 771 2957 842; x_wconf 75' lang='grc' dir='ltr'>ψεύσασθαι,</span> <span class='ocrx_word' id='word_1_135' title='bbox 3004 775 3140 832; x_wconf 80' lang='grc' dir='ltr'>ἀλλὰ</span> <span class='ocrx_word' id='word_1_136' title='bbox 3167 777 3236 832; x_wconf 81' lang='grc' dir='ltr'><strong>δι’</strong></span> <span class='ocrx_word' id='word_1_137' title='bbox 3261 779 3428 850; x_wconf 83' lang='grc' dir='ltr'><strong>ὅρκου</strong></span> <span class='ocrx_word' id='word_1_138' title='bbox 3458 782 3782 852; x_wconf 68' lang='grc' dir='ltr'><strong>ἐμεσίτευσε</strong></span> 
     </span>
    </p>
   </div>
   <div class='ocr_carea' id='block_1_22' title="bbox 2188 860 3782 946">
    <p class='ocr_par' dir='ltr' id='par_1_22' title="bbox 2188 860 3782 946">
     <span class='ocr_line' id='line_1_22' title="bbox 2188 860 3782 946; baseline 0.015 -34"><span class='ocrx_word' id='word_1_139' title='bbox 2188 860 2249 912; x_wconf 79' lang='grc' dir='ltr'><strong>τὸ</strong></span> <span class='ocrx_word' id='word_1_140' title='bbox 2304 864 2642 930; x_wconf 75' lang='grc' dir='ltr'><strong>ἀμετάθετον</strong></span> <span class='ocrx_word' id='word_1_141' title='bbox 2687 867 2786 938; x_wconf 75' lang='grc' dir='ltr'>τῆς</span> <span class='ocrx_word' id='word_1_142' title='bbox 2833 868 3116 939; x_wconf 73' lang='grc' dir='ltr'><strong>ἀληθείας,</strong></span> <span class='ocrx_word' id='word_1_143' title='bbox 3153 871 3340 936; x_wconf 77' lang='grc' dir='ltr'>καθὼς</span> <span class='ocrx_word' id='word_1_144' title='bbox 3391 875 3646 946; x_wconf 81' lang='grc' dir='ltr'>εἴρηται,</span> <span class='ocrx_word' id='word_1_145' title='bbox 3696 881 3782 936; x_wconf 84' lang='grc' dir='ltr'>ὃτι</span> 
     </span>
    </p>
   </div>
   <div class='ocr_carea' id='block_1_23' title="bbox 2193 953 3784 1040">
    <p class='ocr_par' dir='ltr' id='par_1_23' title="bbox 2193 953 3784 1040">
     <span class='ocr_line' id='line_1_23' title="bbox 2193 953 3784 1040; baseline 0.016 -37"><span class='ocrx_word' id='word_1_146' title='bbox 2193 968 2213 1002; x_wconf 74' lang='grc' dir='ltr'><strong>ι</strong></span> <span class='ocrx_word' id='word_1_147' title='bbox 2257 953 2446 1021; x_wconf 57' lang='lat' dir='ltr'><strong>&quot;Ama</strong></span> <span class='ocrx_word' id='word_1_148' title='bbox 2498 956 2692 1027; x_wconf 78' lang='grc' dir='ltr'>ὤμοσα</span> <span class='ocrx_word' id='word_1_149' title='bbox 2744 959 2802 1013; x_wconf 86' lang='grc' dir='ltr'><strong>ἐν</strong></span> <span class='ocrx_word' id='word_1_150' title='bbox 2839 965 2902 1033; x_wconf 84' lang='grc' dir='ltr'>τῇ</span> <span class='ocrx_word' id='word_1_151' title='bbox 2941 962 3172 1036; x_wconf 70' lang='grc' dir='ltr'>ἀληθείᾳ</span> <span class='ocrx_word' id='word_1_152' title='bbox 3205 982 3344 1034; x_wconf 85' lang='grc' dir='ltr'>-μου,</span> <span class='ocrx_word' id='word_1_153' title='bbox 3390 961 3468 1021; x_wconf 84' lang='grc' dir='ltr'>Ἦ</span> <span class='ocrx_word' id='word_1_154' title='bbox 3497 968 3576 1040; x_wconf 85' lang='grc' dir='ltr'>τῷ</span> <span class='ocrx_word' id='word_1_155' title='bbox 3614 973 3784 1028; x_wconf 71' lang='grc' dir='ltr'>Δαϐὶδ</span> 
     </span>
    </p>
   </div>
   <div class='ocr_carea' id='block_1_24' title="bbox 2187 1043 3784 1134">
    <p class='ocr_par' dir='ltr' id='par_1_24' title="bbox 2187 1043 3784 1134">
     <span class='ocr_line' id='line_1_24' title="bbox 2187 1043 3784 1134; baseline 0.013 -37"><span class='ocrx_word' id='word_1_156' title='bbox 2187 1043 2462 1117; x_wconf 76' lang='grc' dir='ltr'>ψεύσομαι</span> <span class='ocrx_word' id='word_1_157' title='bbox 2494 1065 2510 1115; x_wconf 77' lang='grc' dir='ltr'><strong>ς</strong></span> <span class='ocrx_word' id='word_1_158' title='bbox 2551 1069 2570 1101; x_wconf 72' lang='grc' dir='ltr'><strong>ι</strong></span> <span class='ocrx_word' id='word_1_159' title='bbox 2597 1051 2824 1121; x_wconf 79' lang='grc' dir='ltr'><strong>Σπέρμα</strong></span> <span class='ocrx_word' id='word_1_160' title='bbox 2856 1055 2968 1125; x_wconf 87' lang='grc' dir='ltr'>γὰρ</span> <span class='ocrx_word' id='word_1_161' title='bbox 3015 1055 3110 1110; x_wconf 87' lang='grc' dir='ltr'><strong>τοῦ</strong></span> <span class='ocrx_word' id='word_1_162' title='bbox 3141 1056 3306 1110; x_wconf 79' lang='grc' dir='ltr'>Δασὶδ</span> <span class='ocrx_word' id='word_1_163' title='bbox 3327 1057 3390 1112; x_wconf 79' lang='grc' dir='ltr'><strong>τὸ</strong></span> <span class='ocrx_word' id='word_1_164' title='bbox 3433 1055 3572 1115; x_wconf 78' lang='grc' dir='ltr'>κατά</span> <span class='ocrx_word' id='word_1_165' title='bbox 3598 1063 3784 1134; x_wconf 79' lang='grc' dir='ltr'>σάρκα</span> 
     </span>
    </p>
   </div>
   <div class='ocr_carea' id='block_1_25' title="bbox 2189 1137 3783 1225">
    <p class='ocr_par' dir='ltr' id='par_1_25' title="bbox 2189 1137 3783 1225">
     <span class='ocr_line' id='line_1_25' title="bbox 2189 1137 3783 1225; baseline 0.013 -37"><span class='ocrx_word' id='word_1_166' title='bbox 2189 1137 2337 1190; x_wconf 73' lang='grc' dir='ltr'>ἐστὶν</span> <span class='ocrx_word' id='word_1_167' title='bbox 2369 1141 2396 1191; x_wconf 85' lang='grc' dir='ltr'>ὁ</span> <span class='ocrx_word' id='word_1_168' title='bbox 2418 1140 2656 1210; x_wconf 82' lang='grc' dir='ltr'>Χριστὸς</span> <span class='ocrx_word' id='word_1_169' title='bbox 2679 1145 2708 1196; x_wconf 87' lang='grc' dir='ltr'><strong>ὀ</strong></span> <span class='ocrx_word' id='word_1_170' title='bbox 2739 1143 2866 1208; x_wconf 87' lang='grc' dir='ltr'>Υἱὸς</span> <span class='ocrx_word' id='word_1_171' title='bbox 2895 1145 2994 1198; x_wconf 88' lang='grc' dir='ltr'><strong>τοῦ</strong></span> <span class='ocrx_word' id='word_1_172' title='bbox 3020 1145 3179 1202; x_wconf 86' lang='grc' dir='ltr'>Θεοῦ.</span> <span class='ocrx_word' id='word_1_173' title='bbox 3215 1147 3310 1202; x_wconf 81' lang='grc' dir='ltr'>Ἐκ</span> <span class='ocrx_word' id='word_1_174' title='bbox 3331 1149 3526 1218; x_wconf 79' lang='grc' dir='ltr'><strong>γένους</strong></span> <span class='ocrx_word' id='word_1_175' title='bbox 3554 1153 3664 1225; x_wconf 77' lang='grc' dir='ltr'>τὰρ</span> <span class='ocrx_word' id='word_1_176' title='bbox 3685 1155 3783 1209; x_wconf 87' lang='grc' dir='ltr'><strong>τοῦ</strong></span> 
     </span>
    </p>
   </div>
   <div class='ocr_carea' id='block_1_26' title="bbox 2189 1229 3786 1319">
    <p class='ocr_par' dir='ltr' id='par_1_26' title="bbox 2189 1229 3786 1319">
     <span class='ocr_line' id='line_1_26' title="bbox 2189 1229 3786 1319; baseline 0.014 -39"><span class='ocrx_word' id='word_1_177' title='bbox 2189 1229 2354 1319; x_wconf 63' lang='grc' dir='ltr'><strong>ᾼαϐὶδ</strong></span> <span class='ocrx_word' id='word_1_178' title='bbox 2389 1231 2449 1284; x_wconf 72' lang='grc' dir='ltr'><strong>τὸ</strong></span> <span class='ocrx_word' id='word_1_179' title='bbox 2483 1236 2624 1287; x_wconf 75' lang='grc' dir='ltr'>κατὰ</span> <span class='ocrx_word' id='word_1_180' title='bbox 2653 1237 2832 1307; x_wconf 82' lang='grc' dir='ltr'>σάρκα</span> <span class='ocrx_word' id='word_1_181' title='bbox 2860 1239 3104 1310; x_wconf 75' lang='grc' dir='ltr'><strong>ὑπῆρχεν</strong></span> <span class='ocrx_word' id='word_1_182' title='bbox 3137 1243 3170 1312; x_wconf 82' lang='grc' dir='ltr'>ἡ</span> <span class='ocrx_word' id='word_1_183' title='bbox 3213 1240 3478 1308; x_wconf 83' lang='grc' dir='ltr'>Θεοτόκος</span> <span class='ocrx_word' id='word_1_184' title='bbox 3521 1245 3786 1319; x_wconf 80' lang='grc' dir='ltr'>’Δειπαρ-</span> 
     </span>
    </p>
   </div>
   <div class='ocr_carea' id='block_1_27' title="bbox 2189 1317 3786 1408">
    <p class='ocr_par' dir='ltr' id='par_1_27' title="bbox 2189 1317 3786 1408">
     <span class='ocr_line' id='line_1_27' title="bbox 2189 1317 3786 1408; baseline 0.014 -38"><span class='ocrx_word' id='word_1_185' title='bbox 2189 1317 2346 1382; x_wconf 84' lang='grc' dir='ltr'>θένος</span> <span class='ocrx_word' id='word_1_186' title='bbox 2392 1323 2590 1394; x_wconf 84' lang='grc' dir='ltr'>Μήτηρ</span> <span class='ocrx_word' id='word_1_187' title='bbox 2634 1326 2874 1396; x_wconf 80' lang='grc' dir='ltr'><strong>Χριστοῦ</strong></span> <span class='ocrx_word' id='word_1_188' title='bbox 2911 1328 3005 1382; x_wconf 88' lang='grc' dir='ltr'><strong>τοῦ</strong></span> <span class='ocrx_word' id='word_1_189' title='bbox 3058 1331 3194 1384; x_wconf 86' lang='grc' dir='ltr'>Θεοῦ</span> <span class='ocrx_word' id='word_1_190' title='bbox 3230 1331 3411 1402; x_wconf 75' lang='grc' dir='ltr'>ἡμῶνο</span> <span class='ocrx_word' id='word_1_191' title='bbox 3451 1337 3548 1389; x_wconf 72' lang='grc' dir='ltr'>καὶ</span> <span class='ocrx_word' id='word_1_192' title='bbox 3580 1317 3786 1408; x_wconf 49' lang='lat' dir='ltr'><strong>mea.</strong></span> 
     </span>
    </p>
   </div>
   <div class='ocr_carea' id='block_1_28' title="bbox 2198 1411 3784 1500">
    <p class='ocr_par' dir='ltr' id='par_1_28' title="bbox 2198 1411 3784 1500">
     <span class='ocr_line' id='line_1_28' title="bbox 2198 1411 3784 1500; baseline 0.014 -36"><span class='ocrx_word' id='word_1_193' title='bbox 2198 1411 2408 1465; x_wconf 88' lang='grc' dir='ltr'>σιλείαν</span> <span class='ocrx_word' id='word_1_194' title='bbox 2459 1413 2534 1477; x_wconf 82' lang='grc' dir='ltr'>ὡς</span> <span class='ocrx_word' id='word_1_195' title='bbox 2586 1417 2874 1488; x_wconf 82' lang='grc' dir='ltr'>ἄνθρωπος</span> <span class='ocrx_word' id='word_1_196' title='bbox 2926 1420 3086 1476; x_wconf 73' lang='grc' dir='ltr'>ἔλαϐε</span> <span class='ocrx_word' id='word_1_197' title='bbox 3123 1466 3138 1491; x_wconf 92' lang='grc'><strong>,</strong></span> <span class='ocrx_word' id='word_1_198' title='bbox 3185 1425 3335 1494; x_wconf 81' lang='grc' dir='ltr'>μένει</span> <span class='ocrx_word' id='word_1_199' title='bbox 3380 1427 3672 1500; x_wconf 76' lang='grc' dir='ltr'>διηνεκῶς.</span> <span class='ocrx_word' id='word_1_200' title='bbox 3723 1433 3784 1486; x_wconf 81' lang='lat'><strong>’0</strong></span> 
     </span>
    </p>
   </div>
   <div class='ocr_carea' id='block_1_29' title="bbox 2193 1503 3788 1594">
    <p class='ocr_par' dir='ltr' id='par_1_29' title="bbox 2193 1503 3788 1594">
     <span class='ocr_line' id='line_1_29' title="bbox 2193 1503 3788 1594; baseline 0.014 -40"><span class='ocrx_word' id='word_1_201' title='bbox 2193 1503 2304 1572; x_wconf 84' lang='grc' dir='ltr'><strong>γὰρ</strong></span> <span class='ocrx_word' id='word_1_202' title='bbox 2343 1505 2508 1558; x_wconf 71' lang='grc' dir='ltr'>Δαϐὶδ</span> <span class='ocrx_word' id='word_1_203' title='bbox 2541 1508 2638 1560; x_wconf 79' lang='grc' dir='ltr'><strong>καὶ</strong></span> <span class='ocrx_word' id='word_1_204' title='bbox 2674 1508 2992 1580; x_wconf 70' lang='grc' dir='ltr'><strong>ἐτελεύτησε</strong></span> <span class='ocrx_word' id='word_1_205' title='bbox 3042 1515 3138 1567; x_wconf 63' lang='grc' dir='ltr'><strong>καὶ⁸</strong></span> <span class='ocrx_word' id='word_1_206' title='bbox 3170 1517 3382 1586; x_wconf 76' lang='grc' dir='ltr'>ἐτάφη,</span> <span class='ocrx_word' id='word_1_207' title='bbox 3411 1522 3508 1573; x_wconf 76' lang='grc' dir='ltr'><strong>καὶ</strong></span> <span class='ocrx_word' id='word_1_208' title='bbox 3552 1523 3586 1593; x_wconf 75' lang='grc' dir='ltr'><strong>η</strong></span> <span class='ocrx_word' id='word_1_209' title='bbox 3623 1521 3788 1594; x_wconf 83' lang='grc' dir='ltr'>βασι-</span> 
     </span>
    </p>
   </div>
   <div class='ocr_carea' id='block_1_30' title="bbox 2185 1597 3510 1682">
    <p class='ocr_par' dir='ltr' id='par_1_30' title="bbox 2185 1597 3510 1682">
     <span class='ocr_line' id='line_1_30' title="bbox 2185 1597 3510 1682; baseline 0.014 -32"><span class='ocrx_word' id='word_1_210' title='bbox 2185 1597 2304 1651; x_wconf 78' lang='grc' dir='ltr'>λεία</span> <span class='ocrx_word' id='word_1_211' title='bbox 2352 1600 2539 1665; x_wconf 81' lang='grc' dir='ltr'>αὐτοῦ,</span> <span class='ocrx_word' id='word_1_212' title='bbox 2571 1604 2604 1673; x_wconf 78' lang='grc' dir='ltr'><strong>ἡ</strong></span> <span class='ocrx_word' id='word_1_213' title='bbox 2645 1603 2756 1657; x_wconf 85' lang='grc' dir='ltr'><strong>τῶν</strong></span> <span class='ocrx_word' id='word_1_214' title='bbox 2801 1603 3092 1674; x_wconf 78' lang='grc' dir='ltr'>Ἰουδαίων,</span> <span class='ocrx_word' id='word_1_215' title='bbox 3122 1609 3376 1682; x_wconf 75' lang='grc' dir='ltr'><strong>ἀφῃρέθη</strong></span> <span class='ocrx_word' id='word_1_216' title='bbox 3408 1612 3510 1682; x_wconf 76' lang='lat' dir='ltr'><strong>il).</strong></span> 
     </span>
    </p>
   </div>
   <div class='ocr_carea' id='block_1_31' title="bbox 2265 1691 3791 1772">
    <p class='ocr_par' dir='ltr' id='par_1_31' title="bbox 2265 1691 3791 1772">
     <span class='ocr_line' id='line_1_31' title="bbox 2265 1691 3791 1772; baseline 0.014 -30"><span class='ocrx_word' id='word_1_217' title='bbox 2265 1691 2367 1744; x_wconf 88' lang='grc' dir='ltr'>Ἢν</span> <span class='ocrx_word' id='word_1_218' title='bbox 2419 1691 2475 1745; x_wconf 81' lang='grc' dir='ltr'>δὲ</span> <span class='ocrx_word' id='word_1_219' title='bbox 2523 1696 2552 1746; x_wconf 79' lang='grc' dir='ltr'>ὁ</span> <span class='ocrx_word' id='word_1_220' title='bbox 2603 1694 2737 1758; x_wconf 74' lang='grc' dir='ltr'>Θεὸς</span> <span class='ocrx_word' id='word_1_221' title='bbox 2789 1696 3071 1766; x_wconf 79' lang='grc' dir='ltr'>βασιλείαν</span> <span class='ocrx_word' id='word_1_222' title='bbox 3133 1700 3404 1772; x_wconf 74' lang='grc' dir='ltr'>ὑπέσχετο</span> <span class='ocrx_word' id='word_1_223' title='bbox 3449 1704 3636 1761; x_wconf 83' lang='grc' dir='ltr'>δοῦναι</span> <span class='ocrx_word' id='word_1_224' title='bbox 3687 1725 3791 1763; x_wconf 75' lang='grc' dir='ltr'>κα·</span> 
     </span>
    </p>
   </div>
   <div class='ocr_carea' id='block_1_32' title="bbox 2187 1779 3792 1873">
    <p class='ocr_par' dir='ltr' id='par_1_32' title="bbox 2187 1779 3792 1873">
     <span class='ocr_line' id='line_1_32' title="bbox 2187 1779 3792 1873; baseline 0.014 -41"><span class='ocrx_word' id='word_1_225' title='bbox 2187 1779 2257 1832; x_wconf 79' lang='grc' dir='ltr'>τὰ</span> <span class='ocrx_word' id='word_1_226' title='bbox 2320 1782 2382 1834; x_wconf 79' lang='grc' dir='ltr'>τὸ</span> <span class='ocrx_word' id='word_1_227' title='bbox 2458 1784 2798 1856; x_wconf 84' lang='grc' dir='ltr'>ἀνθρώπινον</span> <span class='ocrx_word' id='word_1_228' title='bbox 2878 1789 2957 1860; x_wconf 81' lang='grc' dir='ltr'><strong>τῷ</strong></span> <span class='ocrx_word' id='word_1_229' title='bbox 3021 1793 3358 1862; x_wconf 70' lang='grc' dir='ltr'>σαρκωθέντι</span> <span class='ocrx_word' id='word_1_230' title='bbox 3423 1797 3650 1869; x_wconf 83' lang='grc' dir='ltr'><strong>Χριστῷ</strong></span> <span class='ocrx_word' id='word_1_231' title='bbox 3707 1800 3792 1873; x_wconf 80' lang='grc' dir='ltr'>τῷ</span> 
     </span>
    </p>
   </div>
   <div class='ocr_carea' id='block_1_33' title="bbox 493 1865 2087 1961">
    <p class='ocr_par' dir='ltr' id='par_1_33' title="bbox 493 1872 2087 1945">
     <span class='ocr_line' id='line_1_33' title="bbox 493 1872 2087 1945; baseline 0.002 -18"><span class='ocrx_word' id='word_1_232' title='bbox 493 1879 761 1927; x_wconf 67' lang='lat' dir='ltr'><strong>aeternum</strong></span> <span class='ocrx_word' id='word_1_233' title='bbox 787 1872 966 1942; x_wconf 88' lang='lat' dir='ltr'><strong>;quod</strong></span> <span class='ocrx_word' id='word_1_234' title='bbox 993 1873 1269 1928; x_wconf 84' lang='lat' dir='ltr'><strong>commisit</strong></span> <span class='ocrx_word' id='word_1_235' title='bbox 1293 1875 1720 1945; x_wconf 55' lang='lat' dir='ltr'><strong>imperatoribus</strong></span> <span class='ocrx_word' id='word_1_236' title='bbox 1738 1873 2087 1938; x_wconf 81' lang='lat' dir='ltr'><strong>Christianis,</strong></span> 
     </span>
    </p>
   </div>
   <div class='ocr_carea' id='block_1_34' title="bbox 2191 1865 3790 1961">
    <p class='ocr_par' dir='ltr' id='par_1_34' title="bbox 2198 1865 3790 1961">
     <span class='ocr_line' id='line_1_34' title="bbox 2198 1865 3790 1961; baseline 0.016 -38"><span class='ocrx_word' id='word_1_237' title='bbox 2198 1871 2316 1942; x_wconf 83' lang='grc' dir='ltr'><strong>Θεῷ</strong></span> <span class='ocrx_word' id='word_1_238' title='bbox 2361 1875 2541 1944; x_wconf 80' lang='grc' dir='ltr'>ἡμῶν,</span> <span class='ocrx_word' id='word_1_239' title='bbox 2590 1881 2744 1948; x_wconf 81' lang='grc' dir='ltr'>μένει</span> <span class='ocrx_word' id='word_1_240' title='bbox 2793 1881 3065 1952; x_wconf 83' lang='grc' dir='ltr'><strong>διηνεκῶς</strong></span> <span class='ocrx_word' id='word_1_241' title='bbox 3091 1923 3106 1948; x_wconf 95' lang='grc'><strong>,</strong></span> <span class='ocrx_word' id='word_1_242' title='bbox 3139 1885 3209 1956; x_wconf 77' lang='grc' dir='ltr'>ἢν</span> <span class='ocrx_word' id='word_1_243' title='bbox 3239 1887 3339 1942; x_wconf 78' lang='grc' dir='ltr'><strong>καὶ</strong></span> <span class='ocrx_word' id='word_1_244' title='bbox 3386 1865 3660 1961; x_wconf 74' lang='grc' dir='ltr'>παρέθετο</span> <span class='ocrx_word' id='word_1_245' title='bbox 3695 1865 3790 1948; x_wconf 46' lang='grc' dir='ltr'>πιλ</span> 
     </span>
    </p>
   </div>
   <div class='ocr_carea' id='block_1_35' title="bbox 493 1962 2085 2046">
    <p class='ocr_par' dir='ltr' id='par_1_35' title="bbox 493 1962 2085 2046">
     <span class='ocr_line' id='line_1_35' title="bbox 493 1962 2085 2046; baseline 0.003 -28"><span class='ocrx_word' id='word_1_246' title='bbox 493 1973 693 2018; x_wconf 91' lang='lat' dir='ltr'><strong>etcum</strong></span> <span class='ocrx_word' id='word_1_247' title='bbox 719 1962 856 2032; x_wconf 85' lang='lat' dir='ltr'><strong>ipsis</strong></span> <span class='ocrx_word' id='word_1_248' title='bbox 886 1973 1097 2034; x_wconf 80' lang='lat' dir='ltr'><strong>regnat,</strong></span> <span class='ocrx_word' id='word_1_249' title='bbox 1122 1975 1182 2018; x_wconf 91' lang='lat' dir='ltr'><strong>ut</strong></span> <span class='ocrx_word' id='word_1_250' title='bbox 1209 1965 1486 2020; x_wconf 77' lang='lat' dir='ltr'><strong>diximus:</strong></span> <span class='ocrx_word' id='word_1_251' title='bbox 1515 1981 1626 2021; x_wconf 91' lang='lat' dir='ltr'><strong>non</strong></span> <span class='ocrx_word' id='word_1_252' title='bbox 1650 1966 1900 2022; x_wconf 73' lang='lat' dir='ltr'><strong>estenim</strong></span> <span class='ocrx_word' id='word_1_253' title='bbox 1930 1967 2085 2046; x_wconf 80' lang='lat' dir='ltr'><strong>aliud</strong></span> 
     </span>
    </p>
   </div>
   <div class='ocr_carea' id='block_1_36' title="bbox 495 2053 2084 2125">
    <p class='ocr_par' dir='ltr' id='par_1_36' title="bbox 495 2053 2084 2125">
     <span class='ocr_line' id='line_1_36' title="bbox 495 2053 2084 2125; baseline 0.004 -18"><span class='ocrx_word' id='word_1_254' title='bbox 495 2068 728 2122; x_wconf 72' lang='lat' dir='ltr'><strong>regnum</strong></span> <span class='ocrx_word' id='word_1_255' title='bbox 775 2053 860 2107; x_wconf 87' lang='lat' dir='ltr'><strong>vel</strong></span> <span class='ocrx_word' id='word_1_256' title='bbox 913 2054 1207 2124; x_wconf 89' lang='lat' dir='ltr'><strong>imperium</strong></span> <span class='ocrx_word' id='word_1_257' title='bbox 1266 2055 1360 2110; x_wconf 91' lang='lat' dir='ltr'><strong>illo</strong></span> <span class='ocrx_word' id='word_1_258' title='bbox 1417 2055 1782 2125; x_wconf 87' lang='lat' dir='ltr'><strong>splendidius.</strong></span> <span class='ocrx_word' id='word_1_259' title='bbox 1829 2057 1985 2124; x_wconf 80' lang='lat' dir='ltr'><strong>Quod</strong></span> <span class='ocrx_word' id='word_1_260' title='bbox 2036 2058 2084 2114; x_wconf 88' lang='lat' dir='ltr'><strong>si</strong></span> 
     </span>
    </p>
   </div>
   <div class='ocr_carea' id='block_1_37' title="bbox 491 2143 2088 2218">
    <p class='ocr_par' dir='ltr' id='par_1_37' title="bbox 491 2143 2088 2218">
     <span class='ocr_line' id='line_1_37' title="bbox 491 2143 2088 2218; baseline 0.003 -20"><span class='ocrx_word' id='word_1_261' title='bbox 491 2144 578 2199; x_wconf 82' lang='lat' dir='ltr'><strong>vis</strong></span> <span class='ocrx_word' id='word_1_262' title='bbox 603 2143 892 2198; x_wconf 78' lang='lat' dir='ltr'><strong>veritatem</strong></span> <span class='ocrx_word' id='word_1_263' title='bbox 919 2145 1256 2214; x_wconf 84' lang='lat' dir='ltr'><strong>perspicere,</strong></span> <span class='ocrx_word' id='word_1_264' title='bbox 1298 2160 1454 2200; x_wconf 90' lang='lat' dir='ltr'><strong>sume</strong></span> <span class='ocrx_word' id='word_1_265' title='bbox 1495 2146 1632 2200; x_wconf 87' lang='lat' dir='ltr'><strong>mihi</strong></span> <span class='ocrx_word' id='word_1_266' title='bbox 1673 2147 1872 2218; x_wconf 78' lang='lat' dir='ltr'><strong>Moysts</strong></span> <span class='ocrx_word' id='word_1_267' title='bbox 1912 2162 2088 2217; x_wconf 90' lang='lat' dir='ltr'><strong>popu-</strong></span> 
     </span>
    </p>
   </div>
   <div class='ocr_carea' id='block_1_38' title="bbox 491 2235 2085 2308">
    <p class='ocr_par' dir='ltr' id='par_1_38' title="bbox 491 2235 2085 2308">
     <span class='ocr_line' id='line_1_38' title="bbox 491 2235 2085 2308; baseline 0.004 -18"><span class='ocrx_word' id='word_1_268' title='bbox 491 2235 632 2298; x_wconf 86' lang='lat' dir='ltr'><strong>lum,</strong></span> <span class='ocrx_word' id='word_1_269' title='bbox 650 2235 741 2306; x_wconf 85' lang='lat' dir='ltr'><strong>qui</strong></span> <span class='ocrx_word' id='word_1_270' title='bbox 764 2235 932 2290; x_wconf 87' lang='lat' dir='ltr'><strong>tantis</strong></span> <span class='ocrx_word' id='word_1_271' title='bbox 953 2236 1236 2292; x_wconf 87' lang='lat' dir='ltr'><strong>miraculis</strong></span> <span class='ocrx_word' id='word_1_272' title='bbox 1255 2238 1628 2308; x_wconf 83' lang='lat' dir='ltr'><strong>profundique</strong></span> <span class='ocrx_word' id='word_1_273' title='bbox 1654 2239 1822 2295; x_wconf 85' lang='lat' dir='ltr'><strong>maris</strong></span> <span class='ocrx_word' id='word_1_274' title='bbox 1848 2243 2085 2296; x_wconf 86' lang='lat' dir='ltr'><strong>transitu</strong></span> 
     </span>
    </p>
   </div>
   <div class='ocr_carea' id='block_1_39' title="bbox 490 2326 2086 2400">
    <p class='ocr_par' dir='ltr' id='par_1_39' title="bbox 490 2326 2086 2400">
     <span class='ocr_line' id='line_1_39' title="bbox 490 2326 2086 2400; baseline 0.003 -19"><span class='ocrx_word' id='word_1_275' title='bbox 490 2326 779 2398; x_wconf 69' lang='lat' dir='ltr'><strong>[Egyplius</strong></span> <span class='ocrx_word' id='word_1_276' title='bbox 833 2326 1050 2398; x_wconf 72' lang='lat' dir='ltr'><strong>effugit.</strong></span> <span class='ocrx_word' id='word_1_277' title='bbox 1103 2327 1426 2400; x_wconf 49' lang='lat' dir='ltr'><strong>Considera,</strong></span> <span class='ocrx_word' id='word_1_278' title='bbox 1459 2329 1597 2384; x_wconf 87' lang='lat' dir='ltr'><strong>mihi</strong></span> <span class='ocrx_word' id='word_1_279' title='bbox 1645 2331 1854 2397; x_wconf 86' lang='lat' dir='ltr'><strong>Jesum,</strong></span> <span class='ocrx_word' id='word_1_280' title='bbox 1908 2331 2086 2387; x_wconf 76' lang='lat' dir='ltr'><strong>[ilium</strong></span> 
     </span>
    </p>
   </div>
   <div class='ocr_carea' id='block_1_40' title="bbox 490 2417 2086 2489">
    <p class='ocr_par' dir='ltr' id='par_1_40' title="bbox 490 2417 2086 2489">
     <span class='ocr_line' id='line_1_40' title="bbox 490 2417 2086 2489; baseline 0.003 -16"><span class='ocrx_word' id='word_1_281' title='bbox 490 2417 662 2480; x_wconf 75' lang='lat' dir='ltr'><strong>Nave,</strong></span> <span class='ocrx_word' id='word_1_282' title='bbox 693 2434 794 2488; x_wconf 86' lang='lat' dir='ltr'><strong>per</strong></span> <span class='ocrx_word' id='word_1_283' title='bbox 827 2434 992 2488; x_wconf 89' lang='lat' dir='ltr'><strong>quem</strong></span> <span class='ocrx_word' id='word_1_284' title='bbox 1023 2419 1104 2474; x_wconf 89' lang='lat' dir='ltr'><strong>sol</strong></span> <span class='ocrx_word' id='word_1_285' title='bbox 1143 2419 1298 2474; x_wconf 82' lang='lat' dir='ltr'><strong>stetit</strong></span> <span class='ocrx_word' id='word_1_286' title='bbox 1338 2429 1534 2475; x_wconf 89' lang='lat' dir='ltr'><strong>contra</strong></span> <span class='ocrx_word' id='word_1_287' title='bbox 1572 2420 1822 2489; x_wconf 86' lang='lat' dir='ltr'><strong>Gabaon,</strong></span> <span class='ocrx_word' id='word_1_288' title='bbox 1859 2430 1917 2477; x_wconf 92' lang='lat' dir='ltr'><strong>et</strong></span> <span class='ocrx_word' id='word_1_289' title='bbox 1953 2423 2086 2478; x_wconf 88' lang='lat' dir='ltr'><strong>luna</strong></span> 
     </span>
    </p>
   </div>
   <div class='ocr_carea' id='block_1_41' title="bbox 492 2510 2088 2581">
    <p class='ocr_par' dir='ltr' id='par_1_41' title="bbox 492 2510 2088 2581">
     <span class='ocr_line' id='line_1_41' title="bbox 492 2510 2088 2581; baseline 0.006 -18"><span class='ocrx_word' id='word_1_290' title='bbox 492 2521 688 2564; x_wconf 84' lang='lat' dir='ltr'><strong>contra</strong></span> <span class='ocrx_word' id='word_1_291' title='bbox 716 2510 940 2574; x_wconf 86' lang='lat' dir='ltr'><strong>vallem,</strong></span> <span class='ocrx_word' id='word_1_292' title='bbox 983 2521 1042 2565; x_wconf 91' lang='lat' dir='ltr'><strong>et</strong></span> <span class='ocrx_word' id='word_1_293' title='bbox 1067 2511 1172 2564; x_wconf 83' lang='lat' dir='ltr'><strong>alia</strong></span> <span class='ocrx_word' id='word_1_294' title='bbox 1205 2513 1456 2581; x_wconf 66' lang='lat' dir='ltr'><strong>quwdam</strong></span> <span class='ocrx_word' id='word_1_295' title='bbox 1485 2529 1708 2568; x_wconf 90' lang='lat' dir='ltr'><strong>omnem</strong></span> <span class='ocrx_word' id='word_1_296' title='bbox 1742 2515 1966 2570; x_wconf 87' lang='lat' dir='ltr'><strong>modum</strong></span> <span class='ocrx_word' id='word_1_297' title='bbox 1993 2532 2088 2572; x_wconf 81' lang='lat' dir='ltr'><strong>su-</strong></span> 
     </span>
    </p>
   </div>
   <div class='ocr_carea' id='block_1_42' title="bbox 491 2603 2088 2673">
    <p class='ocr_par' dir='ltr' id='par_1_42' title="bbox 491 2603 2088 2673">
     <span class='ocr_line' id='line_1_42' title="bbox 491 2603 2088 2673; baseline 0.007 -19"><span class='ocrx_word' id='word_1_298' title='bbox 491 2603 745 2672; x_wconf 79' lang='lat' dir='ltr'><strong>perantia</strong></span> <span class='ocrx_word' id='word_1_299' title='bbox 780 2603 1084 2669; x_wconf 77' lang='lat' dir='ltr'><strong>niiracula;</strong></span> <span class='ocrx_word' id='word_1_300' title='bbox 1113 2603 1245 2669; x_wconf 91' lang='lat' dir='ltr'><strong>imo,</strong></span> <span class='ocrx_word' id='word_1_301' title='bbox 1290 2613 1351 2658; x_wconf 83' lang='lat' dir='ltr'><strong>ut</strong></span> <span class='ocrx_word' id='word_1_302' title='bbox 1393 2621 1504 2659; x_wconf 92' lang='lat' dir='ltr'><strong>uno</strong></span> <span class='ocrx_word' id='word_1_303' title='bbox 1532 2607 1705 2661; x_wconf 88' lang='lat' dir='ltr'><strong>verbo</strong></span> <span class='ocrx_word' id='word_1_304' title='bbox 1737 2608 1943 2673; x_wconf 90' lang='lat' dir='ltr'><strong>dicam,</strong></span> <span class='ocrx_word' id='word_1_305' title='bbox 1977 2608 2088 2665; x_wconf 85' lang='lat' dir='ltr'><strong>He-</strong></span> 
     </span>
    </p>
   </div>
   <div class='ocr_carea' id='block_1_43' title="bbox 491 2694 2086 2766">
    <p class='ocr_par' dir='ltr' id='par_1_43' title="bbox 491 2694 2086 2766">
     <span class='ocr_line' id='line_1_43' title="bbox 491 2694 2086 2766; baseline 0.005 -19"><span class='ocrx_word' id='word_1_306' title='bbox 491 2694 768 2748; x_wconf 65' lang='lat' dir='ltr'><strong>braeorum</strong></span> <span class='ocrx_word' id='word_1_307' title='bbox 814 2695 1249 2750; x_wconf 87' lang='lat' dir='ltr'><strong>dominationem</strong></span> <span class='ocrx_word' id='word_1_308' title='bbox 1298 2698 1605 2766; x_wconf 81' lang='lat' dir='ltr'><strong>perpende.</strong></span> <span class='ocrx_word' id='word_1_309' title='bbox 1657 2699 1852 2754; x_wconf 81' lang='lat' dir='ltr'><strong>Totam</strong></span> <span class='ocrx_word' id='word_1_310' title='bbox 1901 2715 2086 2755; x_wconf 87' lang='lat' dir='ltr'><strong>nonne</strong></span> 
     </span>
    </p>
   </div>
   <div class='ocr_carea' id='block_1_44' title="bbox 490 2787 2084 2853">
    <p class='ocr_par' dir='ltr' id='par_1_44' title="bbox 490 2787 2084 2853">
     <span class='ocr_line' id='line_1_44' title="bbox 490 2787 2084 2853; baseline 0.006 -14"><span class='ocrx_word' id='word_1_311' title='bbox 490 2787 644 2840; x_wconf 89' lang='lat' dir='ltr'><strong>mille</strong></span> <span class='ocrx_word' id='word_1_312' title='bbox 676 2789 838 2842; x_wconf 89' lang='lat' dir='ltr'><strong>annis</strong></span> <span class='ocrx_word' id='word_1_313' title='bbox 875 2788 1145 2844; x_wconf 88' lang='lat' dir='ltr'><strong>dominati</strong></span> <span class='ocrx_word' id='word_1_314' title='bbox 1195 2799 1346 2853; x_wconf 89' lang='lat' dir='ltr'><strong>sunt,</strong></span> <span class='ocrx_word' id='word_1_315' title='bbox 1389 2801 1446 2846; x_wconf 90' lang='lat' dir='ltr'><strong>et</strong></span> <span class='ocrx_word' id='word_1_316' title='bbox 1486 2791 1730 2846; x_wconf 88' lang='lat' dir='ltr'><strong>ablatum</strong></span> <span class='ocrx_word' id='word_1_317' title='bbox 1765 2802 1851 2848; x_wconf 89' lang='lat' dir='ltr'><strong>est</strong></span> <span class='ocrx_word' id='word_1_318' title='bbox 1890 2810 2084 2848; x_wconf 88' lang='lat' dir='ltr'><strong>eorum</strong></span> 
     </span>
    </p>
   </div>
   <div class='ocr_carea' id='block_1_45' title="bbox 492 2878 2085 2950">
    <p class='ocr_par' dir='ltr' id='par_1_45' title="bbox 492 2878 2085 2950">
     <span class='ocr_line' id='line_1_45' title="bbox 492 2878 2085 2950; baseline 0.006 -17"><span class='ocrx_word' id='word_1_319' title='bbox 492 2878 825 2950; x_wconf 82' lang='lat' dir='ltr'><strong>imperium?</strong></span> <span class='ocrx_word' id='word_1_320' title='bbox 851 2881 1142 2948; x_wconf 88' lang='lat' dir='ltr'><strong>Quomodo</strong></span> <span class='ocrx_word' id='word_1_321' title='bbox 1165 2883 1270 2938; x_wconf 86' lang='lat' dir='ltr'><strong>sub</strong></span> <span class='ocrx_word' id='word_1_322' title='bbox 1297 2884 1672 2940; x_wconf 83' lang='lat' dir='ltr'><strong>Romanorum</strong></span> <span class='ocrx_word' id='word_1_323' title='bbox 1703 2886 2085 2944; x_wconf 86' lang='lat' dir='ltr'><strong>dominatione</strong></span> 
     </span>
    </p>
   </div>
   <div class='ocr_carea' id='block_1_46' title="bbox 491 2969 2086 3046">
    <p class='ocr_par' dir='ltr' id='par_1_46' title="bbox 491 2969 2086 3046">
     <span class='ocr_line' id='line_1_46' title="bbox 491 2969 2086 3046; baseline 0.006 -20"><span class='ocrx_word' id='word_1_324' title='bbox 491 2969 736 3027; x_wconf 76' lang='lat' dir='ltr'><strong>defecit?</strong></span> <span class='ocrx_word' id='word_1_325' title='bbox 769 2973 965 3027; x_wconf 80' lang='lat' dir='ltr'><strong>Nonne</strong></span> <span class='ocrx_word' id='word_1_326' title='bbox 993 2973 1152 3028; x_wconf 87' lang='lat' dir='ltr'><strong>Titus</strong></span> <span class='ocrx_word' id='word_1_327' title='bbox 1183 2983 1239 3028; x_wconf 86' lang='lat' dir='ltr'><strong>et</strong></span> <span class='ocrx_word' id='word_1_328' title='bbox 1273 2976 1647 3046; x_wconf 82' lang='lat' dir='ltr'><strong>Vespasianus</strong></span> <span class='ocrx_word' id='word_1_329' title='bbox 1669 2994 1864 3034; x_wconf 88' lang='lat' dir='ltr'><strong>omnes</strong></span> <span class='ocrx_word' id='word_1_330' title='bbox 1893 2980 2086 3035; x_wconf 89' lang='lat' dir='ltr'><strong>conci-</strong></span> 
     </span>
    </p>
   </div>
   <div class='ocr_carea' id='block_1_47' title="bbox 492 3065 2086 3138">
    <p class='ocr_par' dir='ltr' id='par_1_47' title="bbox 492 3065 2086 3138">
     <span class='ocr_line' id='line_1_47' title="bbox 492 3065 2086 3138; baseline 0.004 -18"><span class='ocrx_word' id='word_1_331' title='bbox 492 3067 735 3120; x_wconf 76' lang='lat' dir='ltr'><strong>derunt?</strong></span> <span class='ocrx_word' id='word_1_332' title='bbox 770 3065 965 3120; x_wconf 75' lang='lat' dir='ltr'><strong>Nonne</strong></span> <span class='ocrx_word' id='word_1_333' title='bbox 1014 3067 1202 3136; x_wconf 88' lang='lat' dir='ltr'><strong>templi</strong></span> <span class='ocrx_word' id='word_1_334' title='bbox 1233 3067 1403 3121; x_wconf 86' lang='lat' dir='ltr'><strong>diruti</strong></span> <span class='ocrx_word' id='word_1_335' title='bbox 1439 3069 1672 3138; x_wconf 78' lang='lat' dir='ltr'><strong>vestigia</strong></span> <span class='ocrx_word' id='word_1_336' title='bbox 1708 3081 1892 3126; x_wconf 88' lang='lat' dir='ltr'><strong>aratro</strong></span> <span class='ocrx_word' id='word_1_337' title='bbox 1935 3072 2086 3127; x_wconf 85' lang='lat' dir='ltr'><strong>dele-</strong></span> 
     </span>
    </p>
   </div>
   <div class='ocr_carea' id='block_1_48' title="bbox 490 3158 2088 3230">
    <p class='ocr_par' dir='ltr' id='par_1_48' title="bbox 490 3158 2088 3230">
     <span class='ocr_line' id='line_1_48' title="bbox 490 3158 2088 3230; baseline 0.003 -18"><span class='ocrx_word' id='word_1_338' title='bbox 490 3158 732 3212; x_wconf 76' lang='lat' dir='ltr'><strong>verunt?</strong></span> <span class='ocrx_word' id='word_1_339' title='bbox 760 3158 954 3212; x_wconf 86' lang='lat' dir='ltr'><strong>Nonne</strong></span> <span class='ocrx_word' id='word_1_340' title='bbox 985 3158 1438 3230; x_wconf 82' lang='lat' dir='ltr'><strong>Babyloniorum,</strong></span> <span class='ocrx_word' id='word_1_341' title='bbox 1485 3161 1768 3218; x_wconf 85' lang='lat' dir='ltr'><strong>Medorum</strong></span> <span class='ocrx_word' id='word_1_342' title='bbox 1810 3174 1867 3217; x_wconf 85' lang='lat' dir='ltr'><strong>et</strong></span> <span class='ocrx_word' id='word_1_343' title='bbox 1890 3164 2088 3218; x_wconf 88' lang='lat' dir='ltr'><strong>Persa-</strong></span> 
     </span>
    </p>
   </div>
   <div class='ocr_carea' id='block_1_49' title="bbox 494 3236 2160 3324">
    <p class='ocr_par' dir='ltr' id='par_1_49' title="bbox 494 3236 2160 3324">
     <span class='ocr_line' id='line_1_49' title="bbox 494 3236 2160 3324; baseline 0.003 -18"><span class='ocrx_word' id='word_1_344' title='bbox 494 3267 619 3306; x_wconf 83' lang='lat' dir='ltr'><strong>rum</strong></span> <span class='ocrx_word' id='word_1_345' title='bbox 651 3267 679 3305; x_wconf 84' lang='lat' dir='ltr'><strong>a</strong></span> <span class='ocrx_word' id='word_1_346' title='bbox 711 3251 971 3306; x_wconf 83' lang='lat' dir='ltr'><strong>Barbaris</strong></span> <span class='ocrx_word' id='word_1_347' title='bbox 999 3252 1110 3306; x_wconf 88' lang='lat' dir='ltr'><strong>illis</strong></span> <span class='ocrx_word' id='word_1_348' title='bbox 1137 3252 1334 3308; x_wconf 88' lang='lat' dir='ltr'><strong>Turcis</strong></span> <span class='ocrx_word' id='word_1_349' title='bbox 1379 3253 1704 3324; x_wconf 83' lang='lat' dir='ltr'><strong>absorptum</strong></span> <span class='ocrx_word' id='word_1_350' title='bbox 1737 3255 1862 3308; x_wconf 88' lang='lat' dir='ltr'><strong>est?</strong></span> <span class='ocrx_word' id='word_1_351' title='bbox 1894 3254 1998 3322; x_wconf 84' lang='lat' dir='ltr'><strong>Qui</strong></span> <span class='ocrx_word' id='word_1_352' title='bbox 2030 3265 2088 3310; x_wconf 86' lang='lat' dir='ltr'><strong>et</strong></span> <span class='ocrx_word' id='word_1_353' title='bbox 2115 3236 2160 3296; x_wconf 70' lang='grc' dir='ltr'>ο</span> 
     </span>
    </p>
   </div>
   <div class='ocr_carea' id='block_1_50' title="bbox 493 3343 2086 3412">
    <p class='ocr_par' dir='ltr' id='par_1_50' title="bbox 493 3343 2086 3412">
     <span class='ocr_line' id='line_1_50' title="bbox 493 3343 2086 3412; baseline 0.004 -16"><span class='ocrx_word' id='word_1_354' title='bbox 493 3343 598 3412; x_wconf 87' lang='lat' dir='ltr'><strong>ipsi</strong></span> <span class='ocrx_word' id='word_1_355' title='bbox 636 3344 938 3412; x_wconf 84' lang='lat' dir='ltr'><strong>aliquando</strong></span> <span class='ocrx_word' id='word_1_356' title='bbox 985 3345 1330 3400; x_wconf 68' lang='lat' dir='ltr'><strong>exeiclentnr.</strong></span> <span class='ocrx_word' id='word_1_357' title='bbox 1381 3346 1576 3400; x_wconf 75' lang='lat' dir='ltr'><strong>Nonne</strong></span> <span class='ocrx_word' id='word_1_358' title='bbox 1618 3347 1785 3400; x_wconf 87' lang='lat' dir='ltr'><strong>etiam</strong></span> <span class='ocrx_word' id='word_1_359' title='bbox 1830 3347 2086 3402; x_wconf 83' lang='lat' dir='ltr'><strong>Macedo-</strong></span> 
     </span>
    </p>
   </div>
   <div class='ocr_carea' id='block_1_51' title="bbox 491 3437 2089 3494">
    <p class='ocr_par' dir='ltr' id='par_1_51' title="bbox 491 3437 2089 3494">
     <span class='ocr_line' id='line_1_51' title="bbox 491 3437 2089 3494; baseline 0.003 -5"><span class='ocrx_word' id='word_1_360' title='bbox 491 3451 628 3490; x_wconf 87' lang='lat' dir='ltr'><strong>num</strong></span> <span class='ocrx_word' id='word_1_361' title='bbox 655 3437 960 3490; x_wconf 82' lang='lat' dir='ltr'><strong>dominatio</strong></span> <span class='ocrx_word' id='word_1_362' title='bbox 986 3437 1248 3492; x_wconf 88' lang='lat' dir='ltr'><strong>transiit?</strong></span> <span class='ocrx_word' id='word_1_363' title='bbox 1275 3439 1344 3493; x_wconf 80' lang='lat' dir='ltr'><strong>At</strong></span> <span class='ocrx_word' id='word_1_364' title='bbox 1387 3454 1520 3494; x_wconf 89' lang='lat' dir='ltr'><strong>vero</strong></span> <span class='ocrx_word' id='word_1_365' title='bbox 1569 3440 1943 3494; x_wconf 82' lang='lat' dir='ltr'><strong>Romanorum</strong></span> <span class='ocrx_word' id='word_1_366' title='bbox 1986 3441 2089 3494; x_wconf 87' lang='lat' dir='ltr'><strong>im-</strong></span> 
     </span>
    </p>
   </div>
   <div class='ocr_carea' id='block_1_52' title="bbox 493 3527 2086 3604">
    <p class='ocr_par' dir='ltr' id='par_1_52' title="bbox 493 3527 2086 3604">
     <span class='ocr_line' id='line_1_52' title="bbox 493 3527 2086 3604; baseline 0.005 -24"><span class='ocrx_word' id='word_1_367' title='bbox 493 3527 734 3597; x_wconf 88' lang='lat' dir='ltr'><strong>perium,</strong></span> <span class='ocrx_word' id='word_1_368' title='bbox 768 3529 884 3580; x_wconf 77' lang='lat' dir='ltr'><strong>sive</strong></span> <span class='ocrx_word' id='word_1_369' title='bbox 910 3527 1380 3596; x_wconf 70' lang='lat' dir='ltr'><strong>Christianorum,</strong></span> <span class='ocrx_word' id='word_1_370' title='bbox 1412 3533 1619 3601; x_wconf 84' lang='lat' dir='ltr'><strong>quippe</strong></span> <span class='ocrx_word' id='word_1_371' title='bbox 1655 3533 1802 3604; x_wconf 90' lang='lat' dir='ltr'><strong>quod</strong></span> <span class='ocrx_word' id='word_1_372' title='bbox 1828 3550 1936 3589; x_wconf 89' lang='lat' dir='ltr'><strong>una</strong></span> <span class='ocrx_word' id='word_1_373' title='bbox 1958 3549 2086 3588; x_wconf 90' lang='lat' dir='ltr'><strong>cum</strong></span> 
     </span>
    </p>
   </div>
   <div class='ocr_carea' id='block_1_53' title="bbox 492 3619 2087 3695">
    <p class='ocr_par' dir='ltr' id='par_1_53' title="bbox 492 3619 2087 3695">
     <span class='ocr_line' id='line_1_53' title="bbox 492 3619 2087 3695; baseline 0.004 -20"><span class='ocrx_word' id='word_1_374' title='bbox 492 3619 733 3694; x_wconf 79' lang='lat' dir='ltr'><strong>Domino</strong></span> <span class='ocrx_word' id='word_1_375' title='bbox 784 3632 975 3675; x_wconf 84' lang='lat' dir='ltr'><strong>nostro</strong></span> <span class='ocrx_word' id='word_1_376' title='bbox 1005 3622 1132 3676; x_wconf 74' lang='lat' dir='ltr'><strong>Jesu</strong></span> <span class='ocrx_word' id='word_1_377' title='bbox 1169 3623 1394 3677; x_wconf 86' lang='lat' dir='ltr'><strong>Christo</strong></span> <span class='ocrx_word' id='word_1_378' title='bbox 1432 3623 1874 3688; x_wconf 86' lang='lat' dir='ltr'><strong>administretur,</strong></span> <span class='ocrx_word' id='word_1_379' title='bbox 1907 3642 2087 3695; x_wconf 87' lang='lat' dir='ltr'><strong>usque</strong></span> 
     </span>
    </p>
   </div>
   <div class='ocr_carea' id='block_1_54' title="bbox 491 3709 2086 3782">
    <p class='ocr_par' dir='ltr' id='par_1_54' title="bbox 491 3709 2086 3782">
     <span class='ocr_line' id='line_1_54' title="bbox 491 3709 2086 3782; baseline 0.004 -18"><span class='ocrx_word' id='word_1_380' title='bbox 491 3709 562 3764; x_wconf 82' lang='lat' dir='ltr'><strong>ad</strong></span> <span class='ocrx_word' id='word_1_381' title='bbox 598 3710 788 3764; x_wconf 84' lang='lat' dir='ltr'><strong>mundi</strong></span> <span class='ocrx_word' id='word_1_382' title='bbox 817 3713 1355 3766; x_wconf 84' lang='lat' dir='ltr'><strong>consummationem</strong></span> <span class='ocrx_word' id='word_1_383' title='bbox 1393 3729 1502 3767; x_wconf 91' lang='lat' dir='ltr'><strong>non</strong></span> <span class='ocrx_word' id='word_1_384' title='bbox 1536 3716 1902 3782; x_wconf 73' lang='lat' dir='ltr'><strong>pertransiltit</strong></span> <span class='ocrx_word' id='word_1_385' title='bbox 1933 3735 1944 3768; x_wconf 94' lang='lat'>:</span> <span class='ocrx_word' id='word_1_386' title='bbox 1975 3716 2086 3770; x_wconf 92' lang='lat' dir='ltr'><strong>imo</strong></span> 
     </span>
    </p>
   </div>
   <div class='ocr_carea' id='block_1_55' title="bbox 489 3802 2086 3875">
    <p class='ocr_par' dir='ltr' id='par_1_55' title="bbox 489 3802 2086 3875">
     <span class='ocr_line' id='line_1_55' title="bbox 489 3802 2086 3875; baseline 0.003 -17"><span class='ocrx_word' id='word_1_387' title='bbox 489 3820 625 3858; x_wconf 78' lang='lat' dir='ltr'><strong>vero</strong></span> <span class='ocrx_word' id='word_1_388' title='bbox 653 3802 930 3864; x_wconf 85' lang='lat' dir='ltr'><strong>Christus,</strong></span> <span class='ocrx_word' id='word_1_389' title='bbox 959 3816 1018 3856; x_wconf 84' lang='lat' dir='ltr'><strong>ut</strong></span> <span class='ocrx_word' id='word_1_390' title='bbox 1039 3813 1124 3858; x_wconf 87' lang='lat' dir='ltr'><strong>est</strong></span> <span class='ocrx_word' id='word_1_391' title='bbox 1159 3805 1272 3859; x_wconf 78' lang='lat' dir='ltr'><strong>Rex</strong></span> <span class='ocrx_word' id='word_1_392' title='bbox 1314 3821 1503 3875; x_wconf 84' lang='lat' dir='ltr'><strong>regum</strong></span> <span class='ocrx_word' id='word_1_393' title='bbox 1527 3816 1581 3861; x_wconf 92' lang='lat' dir='ltr'><strong>et</strong></span> <span class='ocrx_word' id='word_1_394' title='bbox 1611 3809 1877 3862; x_wconf 84' lang='lat' dir='ltr'><strong>Dominus</strong></span> <span class='ocrx_word' id='word_1_395' title='bbox 1905 3809 2086 3863; x_wconf 88' lang='lat' dir='ltr'><strong>domi-</strong></span> 
     </span>
    </p>
   </div>
   <div class='ocr_carea' id='block_1_56' title="bbox 495 3892 2088 3972">
    <p class='ocr_par' dir='ltr' id='par_1_56' title="bbox 495 3892 2088 3972">
     <span class='ocr_line' id='line_1_56' title="bbox 495 3892 2088 3972; baseline 0.004 -22"><span class='ocrx_word' id='word_1_396' title='bbox 495 3892 745 3950; x_wconf 76' lang='lat' dir='ltr'><strong>nantium</strong></span> <span class='ocrx_word' id='word_1_397' title='bbox 781 3893 848 3958; x_wconf 74' lang='lat'><strong>&quot;,</strong></span> <span class='ocrx_word' id='word_1_398' title='bbox 902 3894 1140 3964; x_wconf 88' lang='lat' dir='ltr'><strong>imperio</strong></span> <span class='ocrx_word' id='word_1_399' title='bbox 1177 3895 1272 3950; x_wconf 90' lang='lat' dir='ltr'><strong>illo</strong></span> <span class='ocrx_word' id='word_1_400' title='bbox 1305 3899 1478 3952; x_wconf 91' lang='lat' dir='ltr'><strong>utitur</strong></span> <span class='ocrx_word' id='word_1_401' title='bbox 1518 3899 1584 3952; x_wconf 90' lang='lat' dir='ltr'><strong>ad</strong></span> <span class='ocrx_word' id='word_1_402' title='bbox 1623 3903 1960 3968; x_wconf 78' lang='lat' dir='ltr'><strong>pascendum</strong></span> <span class='ocrx_word' id='word_1_403' title='bbox 1988 3917 2088 3972; x_wconf 87' lang='lat' dir='ltr'><strong>po—</strong></span> 
     </span>
    </p>
   </div>
   <div class='ocr_carea' id='block_1_57' title="bbox 491 3986 2083 4062">
    <p class='ocr_par' dir='ltr' id='par_1_57' title="bbox 491 3986 2083 4062">
     <span class='ocr_line' id='line_1_57' title="bbox 491 3986 2083 4062; baseline 0.006 -23"><span class='ocrx_word' id='word_1_404' title='bbox 491 3986 682 4056; x_wconf 78' lang='lat' dir='ltr'><strong>pulum</strong></span> <span class='ocrx_word' id='word_1_405' title='bbox 709 4003 894 4050; x_wconf 86' lang='lat' dir='ltr'><strong>suum,</strong></span> <span class='ocrx_word' id='word_1_406' title='bbox 923 4003 1099 4056; x_wconf 82' lang='lat' dir='ltr'><strong>usque</strong></span> <span class='ocrx_word' id='word_1_407' title='bbox 1125 3988 1190 4042; x_wconf 91' lang='lat' dir='ltr'><strong>ad</strong></span> <span class='ocrx_word' id='word_1_408' title='bbox 1217 3989 1525 4044; x_wconf 86' lang='lat' dir='ltr'><strong>secundum</strong></span> <span class='ocrx_word' id='word_1_409' title='bbox 1557 3993 1733 4062; x_wconf 90' lang='lat' dir='ltr'><strong>ipsius</strong></span> <span class='ocrx_word' id='word_1_410' title='bbox 1761 3992 2083 4060; x_wconf 76' lang='lat' dir='ltr'><strong>adventum;</strong></span> 
     </span>
    </p>
   </div>
   <div class='ocr_carea' id='block_1_58' title="bbox 491 4077 2086 4152">
    <p class='ocr_par' dir='ltr' id='par_1_58' title="bbox 491 4077 2086 4152">
     <span class='ocr_line' id='line_1_58' title="bbox 491 4077 2086 4152; baseline 0.009 -24"><span class='ocrx_word' id='word_1_411' title='bbox 491 4077 642 4146; x_wconf 86' lang='lat' dir='ltr'><strong>quod</strong></span> <span class='ocrx_word' id='word_1_412' title='bbox 689 4077 989 4146; x_wconf 90' lang='lat' dir='ltr'><strong>imperium</strong></span> <span class='ocrx_word' id='word_1_413' title='bbox 1036 4093 1148 4132; x_wconf 91' lang='lat' dir='ltr'><strong>non</strong></span> <span class='ocrx_word' id='word_1_414' title='bbox 1189 4080 1282 4133; x_wconf 90' lang='lat' dir='ltr'><strong>alii</strong></span> <span class='ocrx_word' id='word_1_415' title='bbox 1329 4082 1534 4150; x_wconf 89' lang='lat' dir='ltr'><strong>populo</strong></span> <span class='ocrx_word' id='word_1_416' title='bbox 1569 4084 1950 4152; x_wconf 86' lang='lat' dir='ltr'><strong>relinquetur;</strong></span> <span class='ocrx_word' id='word_1_417' title='bbox 1988 4087 2086 4142; x_wconf 87' lang='lat' dir='ltr'><strong>sed</strong></span> 
     </span>
    </p>
   </div>
   <div class='ocr_carea' id='block_1_59' title="bbox 495 4171 2082 4247">
    <p class='ocr_par' dir='ltr' id='par_1_59' title="bbox 495 4171 2082 4247">
     <span class='ocr_line' id='line_1_59' title="bbox 495 4171 2082 4247; baseline 0.008 -24"><span class='ocrx_word' id='word_1_418' title='bbox 495 4180 632 4226; x_wconf 86' lang='lat' dir='ltr'><strong>tunc</strong></span> <span class='ocrx_word' id='word_1_419' title='bbox 662 4171 780 4239; x_wconf 84' lang='lat' dir='ltr'><strong>ipse</strong></span> <span class='ocrx_word' id='word_1_420' title='bbox 815 4171 1107 4235; x_wconf 88' lang='lat' dir='ltr'><strong>Dominus,</strong></span> <span class='ocrx_word' id='word_1_421' title='bbox 1127 4173 1296 4242; x_wconf 88' lang='lat' dir='ltr'><strong>utqui</strong></span> <span class='ocrx_word' id='word_1_422' title='bbox 1325 4175 1398 4228; x_wconf 86' lang='lat' dir='ltr'><strong>sit</strong></span> <span class='ocrx_word' id='word_1_423' title='bbox 1421 4175 1586 4230; x_wconf 88' lang='lat' dir='ltr'><strong>Pater</strong></span> <span class='ocrx_word' id='word_1_424' title='bbox 1605 4177 1776 4232; x_wconf 87' lang='lat' dir='ltr'><strong>futuri</strong></span> <span class='ocrx_word' id='word_1_425' title='bbox 1805 4181 1992 4234; x_wconf 68' lang='lat' dir='ltr'><strong>saeculi</strong></span> <span class='ocrx_word' id='word_1_426' title='bbox 2015 4183 2082 4247; x_wconf 79' lang='grc'><strong>³⁵,</strong></span> 
     </span>
    </p>
   </div>
   <div class='ocr_carea' id='block_1_60' title="bbox 496 4262 2083 4342">
    <p class='ocr_par' dir='ltr' id='par_1_60' title="bbox 496 4262 2083 4342">
     <span class='ocr_line' id='line_1_60' title="bbox 496 4262 2083 4342; baseline 0.008 -26"><span class='ocrx_word' id='word_1_427' title='bbox 496 4262 630 4320; x_wconf 83' lang='lat' dir='ltr'><strong>illud</strong></span> <span class='ocrx_word' id='word_1_428' title='bbox 671 4263 969 4326; x_wconf 83' lang='lat' dir='ltr'><strong>obtinebit,</strong></span> <span class='ocrx_word' id='word_1_429' title='bbox 1020 4280 1145 4318; x_wconf 89' lang='lat' dir='ltr'><strong>cum</strong></span> <span class='ocrx_word' id='word_1_430' title='bbox 1196 4267 1412 4320; x_wconf 86' lang='lat' dir='ltr'><strong>scilicet.</strong></span> <span class='ocrx_word' id='word_1_431' title='bbox 1461 4284 1658 4323; x_wconf 86' lang='lat' dir='ltr'><strong>omnes</strong></span> <span class='ocrx_word' id='word_1_432' title='bbox 1708 4287 2083 4342; x_wconf 82' lang='lat' dir='ltr'><strong>resurgemus,</strong></span> 
     </span>
    </p>
   </div>
   <div class='ocr_carea' id='block_1_61' title="bbox 495 4353 2088 4427">
    <p class='ocr_par' dir='ltr' id='par_1_61' title="bbox 495 4353 2088 4427">
     <span class='ocr_line' id='line_1_61' title="bbox 495 4353 2088 4427; baseline 0.007 -21"><span class='ocrx_word' id='word_1_433' title='bbox 495 4353 639 4406; x_wconf 84' lang='lat' dir='ltr'><strong>sicut</strong></span> <span class='ocrx_word' id='word_1_434' title='bbox 663 4353 936 4420; x_wconf 78' lang='lat' dir='ltr'><strong>scriptum</strong></span> <span class='ocrx_word' id='word_1_435' title='bbox 963 4361 1049 4407; x_wconf 89' lang='lat' dir='ltr'><strong>est</strong></span> <span class='ocrx_word' id='word_1_436' title='bbox 1089 4356 1158 4408; x_wconf 78' lang='lat'><strong>“.</strong></span> <span class='ocrx_word' id='word_1_437' title='bbox 1189 4355 1505 4427; x_wconf 78' lang='lat' dir='ltr'><strong>Resurgent</strong></span> <span class='ocrx_word' id='word_1_438' title='bbox 1529 4359 1730 4413; x_wconf 90' lang='lat' dir='ltr'><strong>mortui</strong></span> <span class='ocrx_word' id='word_1_439' title='bbox 1775 4369 1833 4415; x_wconf 89' lang='lat' dir='ltr'><strong>et</strong></span> <span class='ocrx_word' id='word_1_440' title='bbox 1878 4363 2088 4418; x_wconf 74' lang='lat' dir='ltr'><strong>excita-</strong></span> 
     </span>
    </p>
   </div>
   <div class='ocr_carea' id='block_1_62' title="bbox 492 4441 2087 4514">
    <p class='ocr_par' dir='ltr' id='par_1_62' title="bbox 492 4441 2087 4514">
     <span class='ocr_line' id='line_1_62' title="bbox 492 4441 2087 4514; baseline 0.008 -14"><span class='ocrx_word' id='word_1_441' title='bbox 492 4441 704 4500; x_wconf 76' lang='lat' dir='ltr'><strong>buntur</strong></span> <span class='ocrx_word' id='word_1_442' title='bbox 731 4446 826 4514; x_wconf 87' lang='lat' dir='ltr'><strong>qui</strong></span> <span class='ocrx_word' id='word_1_443' title='bbox 855 4445 1140 4500; x_wconf 87' lang='lat' dir='ltr'><strong>dormiunt</strong></span> <span class='ocrx_word' id='word_1_444' title='bbox 1177 4449 1229 4502; x_wconf 91' lang='lat' dir='ltr'><strong>in</strong></span> <span class='ocrx_word' id='word_1_445' title='bbox 1263 4453 1661 4514; x_wconf 86' lang='lat' dir='ltr'><strong>monumentis,</strong></span> <span class='ocrx_word' id='word_1_446' title='bbox 1691 4462 1748 4508; x_wconf 88' lang='lat' dir='ltr'><strong>et</strong></span> <span class='ocrx_word' id='word_1_447' title='bbox 1779 4455 2087 4512; x_wconf 85' lang='lat' dir='ltr'><strong>astabimus</strong></span> 
     </span>
    </p>
   </div>
   <div class='ocr_carea' id='block_1_63' title="bbox 2193 1967 3787 2048">
    <p class='ocr_par' dir='ltr' id='par_1_63' title="bbox 2193 1967 3787 2048">
     <span class='ocr_line' id='line_1_63' title="bbox 2193 1967 3787 2048; baseline 0.014 -31"><span class='ocrx_word' id='word_1_448' title='bbox 2193 1968 2338 2030; x_wconf 84' lang='grc' dir='ltr'>στοίς</span> <span class='ocrx_word' id='word_1_449' title='bbox 2366 1967 2672 2037; x_wconf 82' lang='grc' dir='ltr'>βασιλεῦσι,</span> <span class='ocrx_word' id='word_1_450' title='bbox 2693 1974 2788 2025; x_wconf 73' lang='grc' dir='ltr'><strong>καὶ</strong></span> <span class='ocrx_word' id='word_1_451' title='bbox 2820 1975 3214 2044; x_wconf 78' lang='grc' dir='ltr'>συμϐασιλεύει</span> <span class='ocrx_word' id='word_1_452' title='bbox 3247 1983 3460 2046; x_wconf 81' lang='grc' dir='ltr'>αὐτοῖς,</span> <span class='ocrx_word' id='word_1_453' title='bbox 3500 1983 3579 2048; x_wconf 81' lang='grc' dir='ltr'>ὡς</span> <span class='ocrx_word' id='word_1_454' title='bbox 3632 1986 3787 2039; x_wconf 60' lang='lat' dir='ltr'><strong>sit-:0-</strong></span> 
     </span>
    </p>
   </div>
   <div class='ocr_carea' id='block_1_64' title="bbox 2195 2060 3783 2146">
    <p class='ocr_par' dir='ltr' id='par_1_64' title="bbox 2195 2060 3783 2146">
     <span class='ocr_line' id='line_1_64' title="bbox 2195 2060 3783 2146; baseline 0.013 -35"><span class='ocrx_word' id='word_1_455' title='bbox 2195 2075 2316 2130; x_wconf 83' lang='grc' dir='ltr'>μεν·</span> <span class='ocrx_word' id='word_1_456' title='bbox 2353 2060 2413 2114; x_wconf 85' lang='grc' dir='ltr'><strong>ού</strong></span> <span class='ocrx_word' id='word_1_457' title='bbox 2466 2062 2574 2133; x_wconf 83' lang='grc' dir='ltr'><strong>γάρ</strong></span> <span class='ocrx_word' id='word_1_458' title='bbox 2619 2063 2874 2142; x_wconf 55' lang='grc' dir='ltr'>ἑστίαις</span> <span class='ocrx_word' id='word_1_459' title='bbox 2922 2069 3086 2141; x_wconf 81' lang='grc' dir='ltr'>ἑτέρα</span> <span class='ocrx_word' id='word_1_460' title='bbox 3131 2070 3380 2142; x_wconf 83' lang='grc' dir='ltr'>βασιλεία</span> <span class='ocrx_word' id='word_1_461' title='bbox 3421 2073 3455 2146; x_wconf 74' lang='grc' dir='ltr'>ἢ</span> <span class='ocrx_word' id='word_1_462' title='bbox 3493 2074 3783 2132; x_wconf 77' lang='grc' dir='ltr'><strong>δυναστεία</strong></span> 
     </span>
    </p>
   </div>
   <div class='ocr_carea' id='block_1_65' title="bbox 2191 2149 3788 2236">
    <p class='ocr_par' dir='ltr' id='par_1_65' title="bbox 2191 2149 3788 2236">
     <span class='ocr_line' id='line_1_65' title="bbox 2191 2149 3788 2236; baseline 0.012 -32"><span class='ocrx_word' id='word_1_463' title='bbox 2191 2149 2398 2222; x_wconf 80' lang='grc' dir='ltr'>ταύτης</span> <span class='ocrx_word' id='word_1_464' title='bbox 2449 2157 2924 2229; x_wconf 82' lang='grc' dir='ltr'>περιφανεστὲρα.</span> <span class='ocrx_word' id='word_1_465' title='bbox 2979 2163 3086 2215; x_wconf 69' lang='grc' dir='ltr'><strong>Καὶ</strong></span> <span class='ocrx_word' id='word_1_466' title='bbox 3116 2165 3164 2216; x_wconf 84' lang='grc' dir='ltr'><strong>εί</strong></span> <span class='ocrx_word' id='word_1_467' title='bbox 3191 2163 3373 2234; x_wconf 81' lang='grc' dir='ltr'>βούλει</span> <span class='ocrx_word' id='word_1_468' title='bbox 3421 2168 3704 2236; x_wconf 83' lang='grc' dir='ltr'>σκοπῆσαι</span> <span class='ocrx_word' id='word_1_469' title='bbox 3727 2171 3788 2224; x_wconf 81' lang='grc' dir='ltr'><strong>τδ</strong></span> 
     </span>
    </p>
   </div>
   <div class='ocr_carea' id='block_1_66' title="bbox 2193 2243 3790 2321">
    <p class='ocr_par' dir='ltr' id='par_1_66' title="bbox 2193 2243 3790 2321">
     <span class='ocr_line' id='line_1_66' title="bbox 2193 2243 3790 2321; baseline 0.012 -25"><span class='ocrx_word' id='word_1_470' title='bbox 2193 2243 2443 2312; x_wconf 73' lang='grc' dir='ltr'>ἀκριϐὲς,</span> <span class='ocrx_word' id='word_1_471' title='bbox 2489 2245 2620 2300; x_wconf 76' lang='grc' dir='ltr'>λάϐε</span> <span class='ocrx_word' id='word_1_472' title='bbox 2659 2265 2750 2320; x_wconf 91' lang='grc' dir='ltr'><strong>μοι</strong></span> <span class='ocrx_word' id='word_1_473' title='bbox 2779 2249 2872 2303; x_wconf 80' lang='grc' dir='ltr'><strong>τὸν</strong></span> <span class='ocrx_word' id='word_1_474' title='bbox 2905 2252 3001 2305; x_wconf 89' lang='grc' dir='ltr'><strong>τοῦ</strong></span> <span class='ocrx_word' id='word_1_475' title='bbox 3027 2255 3276 2321; x_wconf 84' lang='grc' dir='ltr'>Μωσέως</span> <span class='ocrx_word' id='word_1_476' title='bbox 3311 2257 3444 2312; x_wconf 84' lang='grc' dir='ltr'>λαὸν</span> <span class='ocrx_word' id='word_1_477' title='bbox 3472 2258 3567 2312; x_wconf 75' lang='grc' dir='ltr'><strong>τὸν</strong></span> <span class='ocrx_word' id='word_1_478' title='bbox 3596 2259 3790 2315; x_wconf 83' lang='grc' dir='ltr'>τοσού-</span> 
     </span>
    </p>
   </div>
   <div class='ocr_carea' id='block_1_67' title="bbox 2191 2338 3790 2424">
    <p class='ocr_par' dir='ltr' id='par_1_67' title="bbox 2191 2338 3790 2424">
     <span class='ocr_line' id='line_1_67' title="bbox 2191 2338 3790 2424; baseline 0.011 -34"><span class='ocrx_word' id='word_1_479' title='bbox 2191 2353 2308 2401; x_wconf 82' lang='grc' dir='ltr'>τοις</span> <span class='ocrx_word' id='word_1_480' title='bbox 2340 2338 2590 2408; x_wconf 79' lang='grc' dir='ltr'>σημείοις</span> <span class='ocrx_word' id='word_1_481' title='bbox 2624 2344 2717 2395; x_wconf 73' lang='grc' dir='ltr'><strong>καὶ</strong></span> <span class='ocrx_word' id='word_1_482' title='bbox 2773 2343 2925 2414; x_wconf 81' lang='grc' dir='ltr'>βυθῷ</span> <span class='ocrx_word' id='word_1_483' title='bbox 2961 2345 3241 2419; x_wconf 84' lang='grc' dir='ltr'>θαλάσσης</span> <span class='ocrx_word' id='word_1_484' title='bbox 3278 2351 3408 2415; x_wconf 82' lang='grc' dir='ltr'>τοὺς</span> <span class='ocrx_word' id='word_1_485' title='bbox 3442 2351 3790 2424; x_wconf 60' lang='grc' dir='ltr'><strong>⁴Αἰγυπτίους</strong></span> 
     </span>
    </p>
   </div>
   <div class='ocr_carea' id='block_1_68' title="bbox 2193 2430 3791 2514">
    <p class='ocr_par' dir='ltr' id='par_1_68' title="bbox 2193 2430 3791 2514">
     <span class='ocr_line' id='line_1_68' title="bbox 2193 2430 3791 2514; baseline 0.011 -32"><span class='ocrx_word' id='word_1_486' title='bbox 2193 2430 2570 2488; x_wconf 87' lang='grc' dir='ltr'>ἐκστείλαντα·</span> <span class='ocrx_word' id='word_1_487' title='bbox 2609 2433 2683 2487; x_wconf 76' lang='grc' dir='ltr'><strong>ἴδε</strong></span> <span class='ocrx_word' id='word_1_488' title='bbox 2721 2453 2811 2505; x_wconf 88' lang='grc' dir='ltr'><strong>μοι</strong></span> <span class='ocrx_word' id='word_1_489' title='bbox 2855 2438 3062 2508; x_wconf 80' lang='grc' dir='ltr'>Ἰησοῦν</span> <span class='ocrx_word' id='word_1_490' title='bbox 3085 2439 3178 2494; x_wconf 81' lang='grc' dir='ltr'><strong>τὸν</strong></span> <span class='ocrx_word' id='word_1_491' title='bbox 3210 2442 3368 2512; x_wconf 82' lang='grc' dir='ltr'><strong>Ναυῆ</strong></span> <span class='ocrx_word' id='word_1_492' title='bbox 3401 2443 3499 2514; x_wconf 75' lang='grc' dir='ltr'><strong>ἀφ’</strong></span> <span class='ocrx_word' id='word_1_493' title='bbox 3532 2439 3596 2498; x_wconf 75' lang='grc' dir='ltr'>οὗ</span> <span class='ocrx_word' id='word_1_494' title='bbox 3637 2447 3736 2500; x_wconf 81' lang='grc' dir='ltr'><strong>καὶ</strong></span> <span class='ocrx_word' id='word_1_495' title='bbox 3761 2445 3791 2500; x_wconf 78' lang='grc' dir='ltr'>δ</span> 
     </span>
    </p>
   </div>
   <div class='ocr_carea' id='block_1_69' title="bbox 2192 2522 3791 2609">
    <p class='ocr_par' dir='ltr' id='par_1_69' title="bbox 2192 2522 3791 2609">
     <span class='ocr_line' id='line_1_69' title="bbox 2192 2522 3791 2609; baseline 0.013 -35"><span class='ocrx_word' id='word_1_496' title='bbox 2192 2522 2346 2592; x_wconf 78' lang='grc' dir='ltr'>ἥλιος</span> <span class='ocrx_word' id='word_1_497' title='bbox 2371 2525 2515 2578; x_wconf 75' lang='grc' dir='ltr'>κατὰ</span> <span class='ocrx_word' id='word_1_498' title='bbox 2554 2525 3048 2596; x_wconf 74' lang='grc' dir='ltr'>Γαϐαὼνίσταται,</span> <span class='ocrx_word' id='word_1_499' title='bbox 3087 2535 3185 2587; x_wconf 76' lang='grc' dir='ltr'><strong>καὶ</strong></span> <span class='ocrx_word' id='word_1_500' title='bbox 3210 2535 3244 2606; x_wconf 82' lang='grc' dir='ltr'><strong>ὴ</strong></span> <span class='ocrx_word' id='word_1_501' title='bbox 3275 2535 3481 2609; x_wconf 82' lang='grc' dir='ltr'>σελήνη</span> <span class='ocrx_word' id='word_1_502' title='bbox 3519 2541 3662 2594; x_wconf 80' lang='grc' dir='ltr'>κατὰ</span> <span class='ocrx_word' id='word_1_503' title='bbox 3693 2541 3791 2608; x_wconf 77' lang='grc' dir='ltr'><strong>φά-</strong></span> 
     </span>
    </p>
   </div>
   <div class='ocr_carea' id='block_1_70' title="bbox 2197 2615 3788 2696">
    <p class='ocr_par' dir='ltr' id='par_1_70' title="bbox 2197 2615 3788 2696">
     <span class='ocr_line' id='line_1_70' title="bbox 2197 2615 3788 2696; baseline 0.013 -31"><span class='ocrx_word' id='word_1_504' title='bbox 2197 2627 2400 2684; x_wconf 78' lang='grc' dir='ltr'>ραγγα,</span> <span class='ocrx_word' id='word_1_505' title='bbox 2431 2615 2524 2668; x_wconf 80' lang='grc' dir='ltr'>καὶ</span> <span class='ocrx_word' id='word_1_506' title='bbox 2555 2616 2690 2670; x_wconf 82' lang='grc' dir='ltr'>ἄλλα</span> <span class='ocrx_word' id='word_1_507' title='bbox 2729 2620 2851 2674; x_wconf 78' lang='grc' dir='ltr'>τινὰ</span> <span class='ocrx_word' id='word_1_508' title='bbox 2901 2621 3120 2686; x_wconf 83' lang='grc' dir='ltr'>ἐξαίσια</span> <span class='ocrx_word' id='word_1_509' title='bbox 3156 2625 3434 2696; x_wconf 88' lang='grc' dir='ltr'>θαύματα·</span> <span class='ocrx_word' id='word_1_510' title='bbox 3471 2631 3570 2682; x_wconf 70' lang='grc' dir='ltr'><strong>καὶ</strong></span> <span class='ocrx_word' id='word_1_511' title='bbox 3597 2629 3788 2696; x_wconf 80' lang='grc' dir='ltr'>ἁπλῶς</span> 
     </span>
    </p>
   </div>
   <div class='ocr_carea' id='block_1_71' title="bbox 2195 2705 3784 2795">
    <p class='ocr_par' dir='ltr' id='par_1_71' title="bbox 2195 2705 3784 2795">
     <span class='ocr_line' id='line_1_71' title="bbox 2195 2705 3784 2795; baseline 0.012 -38"><span class='ocrx_word' id='word_1_512' title='bbox 2195 2705 2340 2758; x_wconf 78' lang='grc' dir='ltr'>ἅπαν</span> <span class='ocrx_word' id='word_1_513' title='bbox 2373 2707 2434 2760; x_wconf 86' lang='grc' dir='ltr'><strong>τὸ</strong></span> <span class='ocrx_word' id='word_1_514' title='bbox 2464 2708 2575 2762; x_wconf 85' lang='grc' dir='ltr'><strong>τῶν</strong></span> <span class='ocrx_word' id='word_1_515' title='bbox 2611 2710 2882 2784; x_wconf 81' lang='grc' dir='ltr'>Ἐδραίων</span> <span class='ocrx_word' id='word_1_516' title='bbox 2911 2715 3111 2785; x_wconf 83' lang='grc' dir='ltr'>νόησον</span> <span class='ocrx_word' id='word_1_517' title='bbox 3144 2723 3368 2790; x_wconf 83' lang='grc' dir='ltr'>κράτος.</span> <span class='ocrx_word' id='word_1_518' title='bbox 3397 2721 3474 2774; x_wconf 83' lang='grc' dir='ltr'><strong>Οὐ</strong></span> <span class='ocrx_word' id='word_1_519' title='bbox 3504 2722 3660 2792; x_wconf 78' lang='grc' dir='ltr'>χίλια</span> <span class='ocrx_word' id='word_1_520' title='bbox 3691 2722 3784 2795; x_wconf 80' lang='grc' dir='ltr'>ἔτη</span> 
     </span>
    </p>
   </div>
   <div class='ocr_carea' id='block_1_72' title="bbox 2194 2798 3788 2880">
    <p class='ocr_par' dir='ltr' id='par_1_72' title="bbox 2194 2798 3788 2880">
     <span class='ocr_line' id='line_1_72' title="bbox 2194 2798 3788 2880; baseline 0.012 -30"><span class='ocrx_word' id='word_1_521' title='bbox 2194 2798 2578 2867; x_wconf 77' lang='grc' dir='ltr'>ἐϐασίλευσαν,</span> <span class='ocrx_word' id='word_1_522' title='bbox 2613 2805 2706 2857; x_wconf 74' lang='grc' dir='ltr'><strong>καὶ</strong></span> <span class='ocrx_word' id='word_1_523' title='bbox 2740 2807 2978 2876; x_wconf 79' lang='grc' dir='ltr'>ἐξεκόπη</span> <span class='ocrx_word' id='word_1_524' title='bbox 3021 2811 3055 2878; x_wconf 81' lang='grc' dir='ltr'><strong>ὴ</strong></span> <span class='ocrx_word' id='word_1_525' title='bbox 3101 2809 3354 2880; x_wconf 85' lang='grc' dir='ltr'>βασιλεία</span> <span class='ocrx_word' id='word_1_526' title='bbox 3389 2813 3602 2880; x_wconf 84' lang='grc' dir='ltr'>αὐτῶν;</span> <span class='ocrx_word' id='word_1_527' title='bbox 3662 2814 3788 2880; x_wconf 84' lang='grc' dir='ltr'><strong>Πῶς</strong></span> 
     </span>
    </p>
   </div>
   <div class='ocr_carea' id='block_1_73' title="bbox 2195 2889 3788 2972">
    <p class='ocr_par' dir='ltr' id='par_1_73' title="bbox 2195 2889 3788 2972">
     <span class='ocr_line' id='line_1_73' title="bbox 2195 2889 3788 2972; baseline 0.013 -30"><span class='ocrx_word' id='word_1_528' title='bbox 2195 2889 2302 2943; x_wconf 79' lang='grc' dir='ltr'><strong>ὑπὸ</strong></span> <span class='ocrx_word' id='word_1_529' title='bbox 2326 2891 2426 2960; x_wconf 86' lang='grc' dir='ltr'>τῆς</span> <span class='ocrx_word' id='word_1_530' title='bbox 2456 2894 2564 2946; x_wconf 83' lang='grc' dir='ltr'>τῶν</span> <span class='ocrx_word' id='word_1_531' title='bbox 2609 2894 2896 2966; x_wconf 86' lang='grc' dir='ltr'>Ῥωμαίων</span> <span class='ocrx_word' id='word_1_532' title='bbox 2918 2898 3202 2970; x_wconf 79' lang='grc' dir='ltr'>βασιλείας</span> <span class='ocrx_word' id='word_1_533' title='bbox 3234 2904 3486 2972; x_wconf 83' lang='grc' dir='ltr'>ἐξέλιπε;</span> <span class='ocrx_word' id='word_1_534' title='bbox 3517 2907 3595 2959; x_wconf 87' lang='grc' dir='ltr'><strong>Οὐ</strong></span> <span class='ocrx_word' id='word_1_535' title='bbox 3629 2907 3788 2970; x_wconf 89' lang='grc' dir='ltr'>Τῖτος</span> 
     </span>
    </p>
   </div>
   <div class='ocr_carea' id='block_1_74' title="bbox 2192 2983 3786 3070">
    <p class='ocr_par' dir='ltr' id='par_1_74' title="bbox 2192 2983 3786 3070">
     <span class='ocr_line' id='line_1_74' title="bbox 2192 2983 3786 3070; baseline 0.009 -33"><span class='ocrx_word' id='word_1_536' title='bbox 2192 2983 2290 3037; x_wconf 79' lang='grc' dir='ltr'><strong>καὶ</strong></span> <span class='ocrx_word' id='word_1_537' title='bbox 2320 2986 2730 3054; x_wconf 78' lang='grc' dir='ltr'>Οὐεσπασιανὸς</span> <span class='ocrx_word' id='word_1_538' title='bbox 2764 2994 3081 3062; x_wconf 68' lang='grc' dir='ltr'>κατέκοψαν</span> <span class='ocrx_word' id='word_1_539' title='bbox 3120 2996 3406 3062; x_wconf 72' lang='grc' dir='ltr'>ἆπανταςς</span> <span class='ocrx_word' id='word_1_540' title='bbox 3431 2998 3534 3052; x_wconf 84' lang='grc' dir='ltr'><strong>οὐκ</strong></span> <span class='ocrx_word' id='word_1_541' title='bbox 3565 2999 3786 3070; x_wconf 82' lang='grc' dir='ltr'>ἀρότρῳ</span> 
     </span>
    </p>
   </div>
   <div class='ocr_carea' id='block_1_75' title="bbox 2192 3077 3786 3158">
    <p class='ocr_par' dir='ltr' id='par_1_75' title="bbox 2192 3077 3786 3158">
     <span class='ocr_line' id='line_1_75' title="bbox 2192 3077 3786 3158; baseline 0.013 -31"><span class='ocrx_word' id='word_1_542' title='bbox 2192 3077 2285 3128; x_wconf 79' lang='grc' dir='ltr'><strong>τὸν</strong></span> <span class='ocrx_word' id='word_1_543' title='bbox 2311 3078 2440 3130; x_wconf 80' lang='grc' dir='ltr'>ναὸν</span> <span class='ocrx_word' id='word_1_544' title='bbox 2463 3080 2916 3153; x_wconf 77' lang='grc' dir='ltr'>ἐκπορθήσαντες</span> <span class='ocrx_word' id='word_1_545' title='bbox 2941 3101 2954 3148; x_wconf 92' lang='lat'><strong>;</strong></span> <span class='ocrx_word' id='word_1_546' title='bbox 2987 3086 3110 3157; x_wconf 74' lang='grc' dir='ltr'>οὐχὶ</span> <span class='ocrx_word' id='word_1_547' title='bbox 3138 3087 3248 3141; x_wconf 77' lang='grc' dir='ltr'><strong>τῶν</strong></span> <span class='ocrx_word' id='word_1_548' title='bbox 3278 3087 3663 3158; x_wconf 81' lang='grc' dir='ltr'>Βαϐυλωνίων,</span> <span class='ocrx_word' id='word_1_549' title='bbox 3689 3095 3786 3148; x_wconf 78' lang='grc' dir='ltr'>καὶ</span> 
     </span>
    </p>
   </div>
   <div class='ocr_carea' id='block_1_76' title="bbox 2193 3169 3784 3254">
    <p class='ocr_par' dir='ltr' id='par_1_76' title="bbox 2193 3169 3784 3254">
     <span class='ocr_line' id='line_1_76' title="bbox 2193 3169 3784 3254; baseline 0.012 -34"><span class='ocrx_word' id='word_1_550' title='bbox 2193 3169 2318 3240; x_wconf 71' lang='grc' dir='ltr'>οὐχὶ</span> <span class='ocrx_word' id='word_1_551' title='bbox 2351 3171 2461 3224; x_wconf 83' lang='grc' dir='ltr'><strong>τῶν</strong></span> <span class='ocrx_word' id='word_1_552' title='bbox 2486 3173 2712 3242; x_wconf 81' lang='grc' dir='ltr'><strong>Μήδων,</strong></span> <span class='ocrx_word' id='word_1_553' title='bbox 2766 3178 2890 3248; x_wconf 79' lang='grc' dir='ltr'><strong>ούχὶ</strong></span> <span class='ocrx_word' id='word_1_554' title='bbox 2932 3178 3044 3232; x_wconf 75' lang='grc' dir='ltr'><strong>τῶν</strong></span> <span class='ocrx_word' id='word_1_555' title='bbox 3093 3181 3320 3252; x_wconf 83' lang='grc' dir='ltr'>Περσῶν</span> <span class='ocrx_word' id='word_1_556' title='bbox 3353 3182 3605 3254; x_wconf 85' lang='grc' dir='ltr'>βασιλεία</span> <span class='ocrx_word' id='word_1_557' title='bbox 3647 3180 3784 3239; x_wconf 61' lang='grc' dir='ltr'>κατ-</span> 
     </span>
    </p>
   </div>
   <div class='ocr_carea' id='block_1_77' title="bbox 2190 3263 3786 3348">
    <p class='ocr_par' dir='ltr' id='par_1_77' title="bbox 2190 3263 3786 3348">
     <span class='ocr_line' id='line_1_77' title="bbox 2190 3263 3786 3348; baseline 0.011 -34"><span class='ocrx_word' id='word_1_558' title='bbox 2190 3263 2358 3335; x_wconf 71' lang='grc' dir='ltr'>επόθη</span> <span class='ocrx_word' id='word_1_559' title='bbox 2377 3265 2483 3316; x_wconf 80' lang='grc' dir='ltr'>ὑπὸ</span> <span class='ocrx_word' id='word_1_560' title='bbox 2497 3267 2606 3320; x_wconf 82' lang='grc' dir='ltr'><strong>τῶν</strong></span> <span class='ocrx_word' id='word_1_561' title='bbox 2631 3269 2704 3322; x_wconf 82' lang='grc' dir='ltr'>Βα</span> <span class='ocrx_word' id='word_1_562' title='bbox 2713 3271 2816 3340; x_wconf 68' lang='grc' dir='ltr'>ρδά</span> <span class='ocrx_word' id='word_1_563' title='bbox 2826 3266 2934 3342; x_wconf 81' lang='grc' dir='ltr'><strong>ρων</strong></span> <span class='ocrx_word' id='word_1_564' title='bbox 2958 3273 3164 3328; x_wconf 86' lang='grc' dir='ltr'>τούτων</span> <span class='ocrx_word' id='word_1_565' title='bbox 3183 3275 3293 3328; x_wconf 82' lang='grc' dir='ltr'>τῶν</span> <span class='ocrx_word' id='word_1_566' title='bbox 3307 3276 3606 3348; x_wconf 84' lang='grc' dir='ltr'>Τούρκων;</span> <span class='ocrx_word' id='word_1_567' title='bbox 3626 3277 3786 3334; x_wconf 66' lang='grc' dir='ltr'>Ἀλλὰ</span> 
     </span>
    </p>
   </div>
   <div class='ocr_carea' id='block_1_78' title="bbox 2190 3357 3784 3444">
    <p class='ocr_par' dir='ltr' id='par_1_78' title="bbox 2190 3357 3784 3444">
     <span class='ocr_line' id='line_1_78' title="bbox 2190 3357 3784 3444; baseline 0.013 -37"><span class='ocrx_word' id='word_1_568' title='bbox 2190 3357 2286 3409; x_wconf 75' lang='grc' dir='ltr'>καὶ</span> <span class='ocrx_word' id='word_1_569' title='bbox 2317 3357 2472 3412; x_wconf 80' lang='grc' dir='ltr'>αὐτοὶ.</span> <span class='ocrx_word' id='word_1_570' title='bbox 2498 3363 2923 3434; x_wconf 84' lang='grc' dir='ltr'>ἐκκοπήσονται.</span> <span class='ocrx_word' id='word_1_571' title='bbox 2962 3367 3098 3438; x_wconf 77' lang='grc' dir='ltr'><strong>Οὐχὶ</strong></span> <span class='ocrx_word' id='word_1_572' title='bbox 3127 3366 3237 3422; x_wconf 86' lang='grc' dir='ltr'>τῶν</span> <span class='ocrx_word' id='word_1_573' title='bbox 3265 3370 3601 3424; x_wconf 68' lang='grc' dir='ltr'>Μακεδόνων</span> <span class='ocrx_word' id='word_1_574' title='bbox 3637 3387 3784 3444; x_wconf 83' lang='grc' dir='ltr'>παρ·</span> 
     </span>
    </p>
   </div>
   <div class='ocr_carea' id='block_1_79' title="bbox 2188 3447 3783 3537">
    <p class='ocr_par' dir='ltr' id='par_1_79' title="bbox 2188 3447 3783 3537">
     <span class='ocr_line' id='line_1_79' title="bbox 2188 3447 3783 3537; baseline 0.012 -38"><span class='ocrx_word' id='word_1_575' title='bbox 2188 3447 2354 3516; x_wconf 80' lang='grc' dir='ltr'>ἦλθεν</span> <span class='ocrx_word' id='word_1_576' title='bbox 2378 3491 2392 3514; x_wconf 94' lang='grc'><strong>,</strong></span> <span class='ocrx_word' id='word_1_577' title='bbox 2422 3452 2455 3522; x_wconf 78' lang='grc' dir='ltr'><strong>η</strong></span> <span class='ocrx_word' id='word_1_578' title='bbox 2485 3452 2542 3504; x_wconf 83' lang='grc' dir='ltr'><strong>δὲ</strong></span> <span class='ocrx_word' id='word_1_579' title='bbox 2571 3454 2678 3508; x_wconf 83' lang='grc' dir='ltr'><strong>τῶν</strong></span> <span class='ocrx_word' id='word_1_580' title='bbox 2723 3455 3012 3528; x_wconf 87' lang='grc' dir='ltr'>Ῥωμαίων</span> <span class='ocrx_word' id='word_1_581' title='bbox 3041 3460 3310 3529; x_wconf 85' lang='grc' dir='ltr'>βασιλεία,</span> <span class='ocrx_word' id='word_1_582' title='bbox 3348 3463 3470 3534; x_wconf 72' lang='grc' dir='ltr'>ἦτοι</span> <span class='ocrx_word' id='word_1_583' title='bbox 3507 3465 3616 3516; x_wconf 83' lang='grc' dir='ltr'>τῶν</span> <span class='ocrx_word' id='word_1_584' title='bbox 3647 3465 3783 3537; x_wconf 78' lang='grc' dir='ltr'>Χρι-</span> 
     </span>
    </p>
   </div>
   <div class='ocr_carea' id='block_1_80' title="bbox 2192 3541 3777 3628">
    <p class='ocr_par' dir='ltr' id='par_1_80' title="bbox 2192 3541 3777 3628">
     <span class='ocr_line' id='line_1_80' title="bbox 2192 3541 3777 3628; baseline 0.013 -37"><span class='ocrx_word' id='word_1_585' title='bbox 2192 3541 2448 3604; x_wconf 79' lang='grc' dir='ltr'>στιανῶν,</span> <span class='ocrx_word' id='word_1_586' title='bbox 2507 3545 2584 3608; x_wconf 83' lang='grc' dir='ltr'>ὡς</span> <span class='ocrx_word' id='word_1_587' title='bbox 2630 3549 3151 3624; x_wconf 70' lang='grc' dir='ltr'>συμϐασιλευομένη</span> <span class='ocrx_word' id='word_1_588' title='bbox 3199 3554 3355 3626; x_wconf 74' lang='grc' dir='ltr'>παρὰ</span> <span class='ocrx_word' id='word_1_589' title='bbox 3410 3557 3506 3608; x_wconf 87' lang='grc' dir='ltr'><strong>τοῦ</strong></span> <span class='ocrx_word' id='word_1_590' title='bbox 3569 3557 3777 3628; x_wconf 81' lang='grc' dir='ltr'>Κυρίου</span> 
     </span>
    </p>
   </div>
   <div class='ocr_carea' id='block_1_81' title="bbox 2189 3631 3776 3714">
    <p class='ocr_par' dir='ltr' id='par_1_81' title="bbox 2189 3631 3776 3714">
     <span class='ocr_line' id='line_1_81' title="bbox 2189 3631 3776 3714; baseline 0.014 -34"><span class='ocrx_word' id='word_1_591' title='bbox 2189 3631 2348 3700; x_wconf 79' lang='grc' dir='ltr'>ἡμῶν</span> <span class='ocrx_word' id='word_1_592' title='bbox 2421 3633 2598 3703; x_wconf 87' lang='grc' dir='ltr'>Ἰησοῦ</span> <span class='ocrx_word' id='word_1_593' title='bbox 2653 3637 2932 3708; x_wconf 76' lang='grc' dir='ltr'>Χριστοῦ,</span> <span class='ocrx_word' id='word_1_594' title='bbox 2989 3642 3099 3708; x_wconf 83' lang='grc' dir='ltr'>ἓως</span> <span class='ocrx_word' id='word_1_595' title='bbox 3163 3645 3262 3714; x_wconf 79' lang='grc' dir='ltr'>τῆς</span> <span class='ocrx_word' id='word_1_596' title='bbox 3307 3647 3624 3712; x_wconf 87' lang='grc' dir='ltr'>συντελείας</span> <span class='ocrx_word' id='word_1_597' title='bbox 3681 3647 3776 3702; x_wconf 85' lang='grc' dir='ltr'><strong>τοῦ</strong></span> 
     </span>
    </p>
   </div>
   <div class='ocr_carea' id='block_1_82' title="bbox 2189 3715 3780 3808">
    <p class='ocr_par' dir='ltr' id='par_1_82' title="bbox 2189 3721 3780 3808">
     <span class='ocr_line' id='line_1_82' title="bbox 2189 3721 3780 3808; baseline 0.013 -35"><span class='ocrx_word' id='word_1_598' title='bbox 2189 3721 2398 3791; x_wconf 82' lang='grc' dir='ltr'>κόσμου</span> <span class='ocrx_word' id='word_1_599' title='bbox 2423 3725 2484 3776; x_wconf 84' lang='grc' dir='ltr'>οὐ</span> <span class='ocrx_word' id='word_1_600' title='bbox 2518 3726 2936 3798; x_wconf 80' lang='grc' dir='ltr'>παρελεύσεται,</span> <span class='ocrx_word' id='word_1_601' title='bbox 2979 3733 3098 3786; x_wconf 83' lang='grc' dir='ltr'>ἀλλ’</span> <span class='ocrx_word' id='word_1_602' title='bbox 3129 3734 3204 3798; x_wconf 87' lang='grc' dir='ltr'>ὡς</span> <span class='ocrx_word' id='word_1_603' title='bbox 3234 3735 3501 3800; x_wconf 77' lang='grc' dir='ltr'>Βασιλεὺς</span> <span class='ocrx_word' id='word_1_604' title='bbox 3529 3738 3638 3792; x_wconf 80' lang='grc' dir='ltr'><strong>τῶν</strong></span> <span class='ocrx_word' id='word_1_605' title='bbox 3686 3737 3780 3808; x_wconf 82' lang='grc' dir='ltr'><strong>βα-</strong></span> 
     </span>
    </p>
   </div>
   <div class='ocr_carea' id='block_1_83' title="bbox 2191 3813 3777 3900">
    <p class='ocr_par' dir='ltr' id='par_1_83' title="bbox 2191 3813 3777 3900">
     <span class='ocr_line' id='line_1_83' title="bbox 2191 3813 3777 3900; baseline 0.011 -36"><span class='ocrx_word' id='word_1_606' title='bbox 2191 3813 2537 3883; x_wconf 80' lang='grc' dir='ltr'>σιλευόντων,</span> <span class='ocrx_word' id='word_1_607' title='bbox 2573 3819 2665 3871; x_wconf 79' lang='grc' dir='ltr'>καὶ</span> <span class='ocrx_word' id='word_1_608' title='bbox 2694 3820 2900 3893; x_wconf 78' lang='grc' dir='ltr'>Κύριος</span> <span class='ocrx_word' id='word_1_609' title='bbox 2929 3824 3044 3878; x_wconf 84' lang='grc' dir='ltr'><strong>τῶν</strong></span> <span class='ocrx_word' id='word_1_610' title='bbox 3089 3816 3476 3898; x_wconf 79' lang='grc' dir='ltr'>κυριευόντων,</span> <span class='ocrx_word' id='word_1_611' title='bbox 3513 3829 3580 3883; x_wconf 86' lang='grc' dir='ltr'><strong>δι’</strong></span> <span class='ocrx_word' id='word_1_612' title='bbox 3609 3832 3777 3900; x_wconf 75' lang='grc' dir='ltr'>αὐτῆς</span> 
     </span>
    </p>
   </div>
   <div class='ocr_carea' id='block_1_84' title="bbox 2191 3907 3775 3991">
    <p class='ocr_par' dir='ltr' id='par_1_84' title="bbox 2191 3907 3775 3991">
     <span class='ocr_line' id='line_1_84' title="bbox 2191 3907 3775 3991; baseline 0.013 -35"><span class='ocrx_word' id='word_1_613' title='bbox 2191 3907 2472 3975; x_wconf 85' lang='grc' dir='ltr'>ποιμαίνει</span> <span class='ocrx_word' id='word_1_614' title='bbox 2505 3909 2598 3962; x_wconf 82' lang='grc' dir='ltr'><strong>τὸν</strong></span> <span class='ocrx_word' id='word_1_615' title='bbox 2629 3911 2756 3965; x_wconf 85' lang='grc' dir='ltr'>λαὸν</span> <span class='ocrx_word' id='word_1_616' title='bbox 2785 3915 2976 3978; x_wconf 83' lang='grc' dir='ltr'>αὑτοῦ,</span> <span class='ocrx_word' id='word_1_617' title='bbox 3001 3918 3166 3991; x_wconf 81' lang='grc' dir='ltr'>μέχρι</span> <span class='ocrx_word' id='word_1_618' title='bbox 3195 3920 3293 3988; x_wconf 84' lang='grc' dir='ltr'>τῆς</span> <span class='ocrx_word' id='word_1_619' title='bbox 3321 3920 3580 3990; x_wconf 80' lang='grc' dir='ltr'>δευτέρας</span> <span class='ocrx_word' id='word_1_620' title='bbox 3611 3922 3775 3976; x_wconf 71' lang='grc' dir='ltr'>αὐτοῦ</span> 
     </span>
    </p>
   </div>
   <div class='ocr_carea' id='block_1_85' title="bbox 2190 3999 3774 4083">
    <p class='ocr_par' dir='ltr' id='par_1_85' title="bbox 2190 3999 3774 4083">
     <span class='ocr_line' id='line_1_85' title="bbox 2190 3999 3774 4083; baseline 0.014 -38"><span class='ocrx_word' id='word_1_621' title='bbox 2190 3999 2520 4066; x_wconf 82' lang='grc' dir='ltr'>παρουσίας,</span> <span class='ocrx_word' id='word_1_622' title='bbox 2552 4001 2675 4072; x_wconf 72' lang='grc' dir='ltr'>ἥτις</span> <span class='ocrx_word' id='word_1_623' title='bbox 2709 4003 2826 4076; x_wconf 83' lang='grc' dir='ltr'>λαῷ</span> <span class='ocrx_word' id='word_1_624' title='bbox 2878 4007 3052 4079; x_wconf 79' lang='grc' dir='ltr'>ἑτέρῳ</span> <span class='ocrx_word' id='word_1_625' title='bbox 3107 4011 3206 4081; x_wconf 80' lang='grc' dir='ltr'>οὐχ</span> <span class='ocrx_word' id='word_1_626' title='bbox 3269 4011 3774 4083; x_wconf 77' lang='grc' dir='ltr'>ὐπολειφθήσεται;</span> 
     </span>
    </p>
   </div>
   <div class='ocr_carea' id='block_1_86' title="bbox 2190 4087 3774 4174">
    <p class='ocr_par' dir='ltr' id='par_1_86' title="bbox 2190 4087 3774 4174">
     <span class='ocr_line' id='line_1_86' title="bbox 2190 4087 3774 4174; baseline 0.013 -35"><span class='ocrx_word' id='word_1_627' title='bbox 2190 4087 2302 4141; x_wconf 79' lang='grc' dir='ltr'><strong>Καὶ</strong></span> <span class='ocrx_word' id='word_1_628' title='bbox 2329 4091 2453 4144; x_wconf 84' lang='grc' dir='ltr'>τότε</span> <span class='ocrx_word' id='word_1_629' title='bbox 2503 4095 2708 4168; x_wconf 85' lang='grc' dir='ltr'>ταύτην</span> <span class='ocrx_word' id='word_1_630' title='bbox 2742 4097 2818 4162; x_wconf 81' lang='grc' dir='ltr'>ὡς</span> <span class='ocrx_word' id='word_1_631' title='bbox 2856 4100 3046 4172; x_wconf 78' lang='grc' dir='ltr'>Πατὴρ</span> <span class='ocrx_word' id='word_1_632' title='bbox 3094 4102 3190 4157; x_wconf 85' lang='grc' dir='ltr'><strong>τοῦ</strong></span> <span class='ocrx_word' id='word_1_633' title='bbox 3245 4105 3537 4174; x_wconf 84' lang='grc' dir='ltr'>μέλλοντος</span> <span class='ocrx_word' id='word_1_634' title='bbox 3582 4107 3774 4168; x_wconf 76' lang='grc' dir='ltr'>αἰῶνος</span> 
     </span>
    </p>
   </div>
   <div class='ocr_carea' id='block_1_87' title="bbox 2189 4181 3774 4271">
    <p class='ocr_par' dir='ltr' id='par_1_87' title="bbox 2189 4181 3774 4271">
     <span class='ocr_line' id='line_1_87' title="bbox 2189 4181 3774 4271; baseline 0.013 -38"><span class='ocrx_word' id='word_1_635' title='bbox 2189 4181 2431 4250; x_wconf 81' lang='grc' dir='ltr'>καθέξει,</span> <span class='ocrx_word' id='word_1_636' title='bbox 2467 4186 2556 4239; x_wconf 86' lang='grc' dir='ltr'>ὅτε</span> <span class='ocrx_word' id='word_1_637' title='bbox 2591 4191 2793 4254; x_wconf 85' lang='grc' dir='ltr'>πάντες</span> <span class='ocrx_word' id='word_1_638' title='bbox 2836 4193 3286 4266; x_wconf 78' lang='grc' dir='ltr'>ἀναστησόμεθα,</span> <span class='ocrx_word' id='word_1_639' title='bbox 3317 4199 3530 4264; x_wconf 85' lang='grc' dir='ltr'>’καθὼς</span> <span class='ocrx_word' id='word_1_640' title='bbox 3575 4202 3774 4271; x_wconf 78' lang='grc' dir='ltr'>γέγρα-</span> 
     </span>
    </p>
   </div>
   <div class='ocr_carea' id='block_1_88' title="bbox 2190 4276 3771 4362">
    <p class='ocr_par' dir='ltr' id='par_1_88' title="bbox 2190 4276 3771 4362">
     <span class='ocr_line' id='line_1_88' title="bbox 2190 4276 3771 4362; baseline 0.012 -37"><span class='ocrx_word' id='word_1_641' title='bbox 2190 4290 2346 4327; x_wconf 82' lang='grc' dir='ltr'>πται.</span> <span class='ocrx_word' id='word_1_642' title='bbox 2378 4276 2808 4351; x_wconf 79' lang='grc' dir='ltr'>Ἀναστήσονται</span> <span class='ocrx_word' id='word_1_643' title='bbox 2831 4285 2880 4337; x_wconf 76' lang='lat' dir='ltr'><strong>oi</strong></span> <span class='ocrx_word' id='word_1_644' title='bbox 2923 4287 3134 4356; x_wconf 73' lang='grc' dir='ltr'>νεκροὶ,</span> <span class='ocrx_word' id='word_1_645' title='bbox 3171 4290 3264 4342; x_wconf 74' lang='grc' dir='ltr'>καὶ</span> <span class='ocrx_word' id='word_1_646' title='bbox 3307 4291 3697 4362; x_wconf 76' lang='grc' dir='ltr'>ἐγερθήσονται</span> <span class='ocrx_word' id='word_1_647' title='bbox 3723 4293 3771 4344; x_wconf 80' lang='lat' dir='ltr'><strong>oi</strong></span> 
     </span>
    </p>
   </div>
   <div class='ocr_carea' id='block_1_89' title="bbox 2191 4364 3770 4456">
    <p class='ocr_par' dir='ltr' id='par_1_89' title="bbox 2191 4364 3770 4456">
     <span class='ocr_line' id='line_1_89' title="bbox 2191 4364 3770 4456; baseline 0.014 -39"><span class='ocrx_word' id='word_1_648' title='bbox 2191 4366 2250 4456; x_wconf 77' lang='grc' dir='ltr'><strong>ἐν</strong></span> <span class='ocrx_word' id='word_1_649' title='bbox 2286 4370 2400 4432; x_wconf 81' lang='grc' dir='ltr'>τοῖς</span> <span class='ocrx_word' id='word_1_650' title='bbox 2446 4374 2759 4441; x_wconf 87' lang='grc' dir='ltr'>μνημείοις,</span> <span class='ocrx_word' id='word_1_651' title='bbox 2808 4378 2905 4430; x_wconf 71' lang='grc' dir='ltr'><strong>καὶ</strong></span> <span class='ocrx_word' id='word_1_652' title='bbox 2936 4364 3411 4454; x_wconf 77' lang='grc' dir='ltr'>παραστησόμεθα</span> <span class='ocrx_word' id='word_1_653' title='bbox 3441 4385 3519 4454; x_wconf 86' lang='grc' dir='ltr'>τῷ</span> <span class='ocrx_word' id='word_1_654' title='bbox 3569 4385 3770 4456; x_wconf 68' lang='grc' dir='ltr'>βήματι</span> 
     </span>
    </p>
   </div>
   <div class='ocr_carea' id='block_1_90' title="bbox 2187 4455 3770 4547">
    <p class='ocr_par' dir='ltr' id='par_1_90' title="bbox 2187 4455 3770 4547">
     <span class='ocr_line' id='line_1_90' title="bbox 2187 4455 3770 4547; baseline 0.02 -41"><span class='ocrx_word' id='word_1_655' title='bbox 2187 4455 2291 4524; x_wconf 81' lang='grc' dir='ltr'>τῆς</span> <span class='ocrx_word' id='word_1_656' title='bbox 2345 4458 2650 4516; x_wconf 74' lang='grc' dir='ltr'>ἀδεκάστου</span> <span class='ocrx_word' id='word_1_657' title='bbox 2705 4467 2946 4547; x_wconf 82' lang='grc' dir='ltr'>κρίσεως</span> <span class='ocrx_word' id='word_1_658' title='bbox 2996 4473 3194 4526; x_wconf 76' lang='grc' dir='ltr'>αὑτοῦ·</span> <span class='ocrx_word' id='word_1_659' title='bbox 3259 4477 3513 4540; x_wconf 74' lang='grc' dir='ltr'>καὶτοὺς</span> <span class='ocrx_word' id='word_1_660' title='bbox 3546 4455 3770 4547; x_wconf 42' lang='grc' dir='ltr'>ἐχθρῶς</span> 
     </span>
    </p>
   </div>
   <div class='ocr_carea' id='block_1_91' title="bbox 493 4533 2087 4634">
    <p class='ocr_par' dir='ltr' id='par_1_91' title="bbox 493 4533 2079 4617">
     <span class='ocr_line' id='line_1_91' title="bbox 493 4533 2079 4617; baseline 0.009 -31"><span class='ocrx_word' id='word_1_661' title='bbox 493 4533 764 4591; x_wconf 81' lang='lat' dir='ltr'><strong>tribunali</strong></span> <span class='ocrx_word' id='word_1_662' title='bbox 791 4535 1100 4605; x_wconf 79' lang='lat' dir='ltr'><strong>incorrupti</strong></span> <span class='ocrx_word' id='word_1_663' title='bbox 1133 4537 1336 4608; x_wconf 70' lang='lat' dir='ltr'><strong>jutlieii</strong></span> <span class='ocrx_word' id='word_1_664' title='bbox 1373 4541 1527 4610; x_wconf 87' lang='lat' dir='ltr'><strong>ejus;</strong></span> <span class='ocrx_word' id='word_1_665' title='bbox 1564 4551 1620 4596; x_wconf 90' lang='lat' dir='ltr'><strong>et</strong></span> <span class='ocrx_word' id='word_1_666' title='bbox 1648 4542 1904 4600; x_wconf 84' lang='lat' dir='ltr'><strong>inimicos</strong></span> <span class='ocrx_word' id='word_1_667' title='bbox 1936 4547 2079 4617; x_wconf 85' lang='lat' dir='ltr'><strong>ejus,</strong></span> 
     </span>
    </p>
   </div>
   <div class='ocr_carea' id='block_1_92' title="bbox 2191 4533 3769 4634">
    <p class='ocr_par' dir='ltr' id='par_1_92' title="bbox 2191 4547 3769 4634">
     <span class='ocr_line' id='line_1_92' title="bbox 2191 4547 3769 4634; baseline 0.014 -36"><span class='ocrx_word' id='word_1_668' title='bbox 2191 4547 2380 4611; x_wconf 82' lang='grc' dir='ltr'>αὐτοῦ,</span> <span class='ocrx_word' id='word_1_669' title='bbox 2425 4551 2593 4622; x_wconf 74' lang='grc' dir='ltr'>ἤγουν</span> <span class='ocrx_word' id='word_1_670' title='bbox 2647 4556 2778 4621; x_wconf 76' lang='grc' dir='ltr'>τοὺς</span> <span class='ocrx_word' id='word_1_671' title='bbox 2829 4560 2902 4630; x_wconf 82' lang='grc' dir='ltr'>μὴ</span> <span class='ocrx_word' id='word_1_672' title='bbox 2953 4561 3294 4634; x_wconf 78' lang='grc' dir='ltr'>θελήσαντας</span> <span class='ocrx_word' id='word_1_673' title='bbox 3351 4567 3446 4621; x_wconf 84' lang='grc' dir='ltr'><strong>νῦν</strong></span> <span class='ocrx_word' id='word_1_674' title='bbox 3495 4569 3769 4622; x_wconf 76' lang='grc' dir='ltr'>πιστεῦσαι</span> 
     </span>
    </p>
   </div>
   <div class='ocr_carea' id='block_1_93' title="bbox 491 4624 2081 4708">
    <p class='ocr_par' dir='ltr' id='par_1_93' title="bbox 491 4624 2081 4708">
     <span class='ocr_line' id='line_1_93' title="bbox 491 4624 2081 4708; baseline 0.011 -30"><span class='ocrx_word' id='word_1_675' title='bbox 491 4624 547 4682; x_wconf 87' lang='lat' dir='ltr'><strong>id</strong></span> <span class='ocrx_word' id='word_1_676' title='bbox 589 4635 694 4688; x_wconf 87' lang='lat' dir='ltr'><strong>est,</strong></span> <span class='ocrx_word' id='word_1_677' title='bbox 722 4627 816 4696; x_wconf 83' lang='lat' dir='ltr'><strong>qui</strong></span> <span class='ocrx_word' id='word_1_678' title='bbox 847 4627 1152 4682; x_wconf 85' lang='lat' dir='ltr'><strong>noluerunt</strong></span> <span class='ocrx_word' id='word_1_679' title='bbox 1177 4630 1407 4687; x_wconf 90' lang='lat' dir='ltr'><strong>credere</strong></span> <span class='ocrx_word' id='word_1_680' title='bbox 1445 4633 1520 4697; x_wconf 88' lang='lat' dir='ltr'><strong>ei,</strong></span> <span class='ocrx_word' id='word_1_681' title='bbox 1565 4651 1742 4705; x_wconf 82' lang='lat' dir='ltr'><strong>neque</strong></span> <span class='ocrx_word' id='word_1_682' title='bbox 1781 4638 1960 4708; x_wconf 87' lang='lat' dir='ltr'><strong>ipsum</strong></span> <span class='ocrx_word' id='word_1_683' title='bbox 1991 4655 2081 4694; x_wconf 80' lang='lat' dir='ltr'><strong>re-</strong></span> 
     </span>
    </p>
   </div>
   <div class='ocr_carea' id='block_1_94' title="bbox 489 4721 2087 4802">
    <p class='ocr_par' dir='ltr' id='par_1_94' title="bbox 489 4721 2087 4802">
     <span class='ocr_line' id='line_1_94' title="bbox 489 4721 2087 4802; baseline 0.012 -33"><span class='ocrx_word' id='word_1_684' title='bbox 489 4731 660 4787; x_wconf 70' lang='lat' dir='ltr'><strong>gnare</strong></span> <span class='ocrx_word' id='word_1_685' title='bbox 687 4734 856 4787; x_wconf 86' lang='lat' dir='ltr'><strong>super</strong></span> <span class='ocrx_word' id='word_1_686' title='bbox 885 4735 1004 4782; x_wconf 84' lang='lat' dir='ltr'><strong>eos,</strong></span> <span class='ocrx_word' id='word_1_687' title='bbox 1035 4721 1350 4792; x_wconf 74' lang='lat' dir='ltr'><strong>dissipabit,</strong></span> <span class='ocrx_word' id='word_1_688' title='bbox 1383 4724 1437 4779; x_wconf 91' lang='lat' dir='ltr'><strong>in</strong></span> <span class='ocrx_word' id='word_1_689' title='bbox 1487 4726 1708 4782; x_wconf 81' lang='lat' dir='ltr'><strong>inferno</strong></span> <span class='ocrx_word' id='word_1_690' title='bbox 1742 4738 1951 4786; x_wconf 75' lang='lat' dir='ltr'><strong>aeterno</strong></span> <span class='ocrx_word' id='word_1_691' title='bbox 1983 4748 2087 4802; x_wconf 90' lang='lat' dir='ltr'><strong>pu-</strong></span> 
     </span>
    </p>
   </div>
   <div class='ocr_carea' id='block_1_95' title="bbox 489 4807 2088 4892">
    <p class='ocr_par' dir='ltr' id='par_1_95' title="bbox 489 4807 2088 4892">
     <span class='ocr_line' id='line_1_95' title="bbox 489 4807 2088 4892; baseline 0.011 -32"><span class='ocrx_word' id='word_1_692' title='bbox 489 4807 768 4874; x_wconf 84' lang='lat' dir='ltr'><strong>niendos;</strong></span> <span class='ocrx_word' id='word_1_693' title='bbox 828 4810 922 4878; x_wconf 92' lang='lat' dir='ltr'><strong>qui</strong></span> <span class='ocrx_word' id='word_1_694' title='bbox 972 4827 1104 4866; x_wconf 86' lang='lat' dir='ltr'><strong>vero</strong></span> <span class='ocrx_word' id='word_1_695' title='bbox 1159 4813 1503 4870; x_wconf 83' lang='lat' dir='ltr'><strong>crediderint</strong></span> <span class='ocrx_word' id='word_1_696' title='bbox 1545 4825 1604 4872; x_wconf 82' lang='lat' dir='ltr'><strong>et.</strong></span> <span class='ocrx_word' id='word_1_697' title='bbox 1645 4827 1916 4890; x_wconf 70' lang='lat' dir='ltr'><strong>praecepta</strong></span> <span class='ocrx_word' id='word_1_698' title='bbox 1965 4823 2088 4892; x_wconf 87' lang='lat' dir='ltr'><strong>ejus</strong></span> 
     </span>
    </p>
   </div>
   <div class='ocr_carea' id='block_1_96' title="bbox 486 4905 2079 4980">
    <p class='ocr_par' dir='ltr' id='par_1_96' title="bbox 486 4905 2079 4980">
     <span class='ocr_line' id='line_1_96' title="bbox 486 4905 2079 4980; baseline 0.008 -26"><span class='ocrx_word' id='word_1_699' title='bbox 486 4911 640 4956; x_wconf 84' lang='lat' dir='ltr'><strong>recte</strong></span> <span class='ocrx_word' id='word_1_700' title='bbox 683 4905 1060 4970; x_wconf 85' lang='lat' dir='ltr'><strong>servaverint,</strong></span> <span class='ocrx_word' id='word_1_701' title='bbox 1111 4905 1188 4959; x_wconf 92' lang='lat' dir='ltr'><strong>illi</strong></span> <span class='ocrx_word' id='word_1_702' title='bbox 1227 4909 1650 4978; x_wconf 78' lang='lat' dir='ltr'><strong>eonregnabunt</strong></span> <span class='ocrx_word' id='word_1_703' title='bbox 1690 4913 1744 4966; x_wconf 87' lang='lat' dir='ltr'><strong>in</strong></span> <span class='ocrx_word' id='word_1_704' title='bbox 1791 4915 2023 4980; x_wconf 67' lang='lat' dir='ltr'><strong>sarcula,</strong></span> <span class='ocrx_word' id='word_1_705' title='bbox 2060 4935 2079 4967; x_wconf 71' lang='grc' dir='ltr'><strong>ι</strong></span> 
     </span>
    </p>
   </div>
   <div class='ocr_carea' id='block_1_97' title="bbox 487 4993 2088 5067">
    <p class='ocr_par' dir='ltr' id='par_1_97' title="bbox 487 4993 2088 5067">
     <span class='ocr_line' id='line_1_97' title="bbox 487 4993 2088 5067; baseline 0.009 -20"><span class='ocrx_word' id='word_1_706' title='bbox 487 4993 636 5048; x_wconf 83' lang='lat' dir='ltr'><strong>sicut.</strong></span> <span class='ocrx_word' id='word_1_707' title='bbox 661 4997 889 5064; x_wconf 76' lang='lat' dir='ltr'><strong>scripsit.</strong></span> <span class='ocrx_word' id='word_1_708' title='bbox 910 4997 1130 5052; x_wconf 83' lang='lat' dir='ltr'><strong>Salomo</strong></span> <span class='ocrx_word' id='word_1_709' title='bbox 1155 5000 1210 5051; x_wconf 85' lang='lat' dir='ltr'><strong>in</strong></span> <span class='ocrx_word' id='word_1_710' title='bbox 1245 4998 1564 5056; x_wconf 76' lang='lat' dir='ltr'><strong>Proverbiis</strong></span> <span class='ocrx_word' id='word_1_711' title='bbox 1594 5003 1661 5067; x_wconf 82' lang='grc'>⁸⁷,</span> <span class='ocrx_word' id='word_1_712' title='bbox 1687 5023 1705 5055; x_wconf 78' lang='grc' dir='ltr'><strong>ι</strong></span> <span class='ocrx_word' id='word_1_713' title='bbox 1727 5003 1790 5057; x_wconf 81' lang='lat' dir='ltr'><strong>Et</strong></span> <span class='ocrx_word' id='word_1_714' title='bbox 1818 5004 2088 5062; x_wconf 87' lang='lat' dir='ltr'><strong>Dominus</strong></span> 
     </span>
    </p>
   </div>
   <div class='ocr_carea' id='block_1_98' title="bbox 485 5088 2084 5167">
    <p class='ocr_par' dir='ltr' id='par_1_98' title="bbox 485 5088 2084 5167">
     <span class='ocr_line' id='line_1_98' title="bbox 485 5088 2084 5167; baseline 0.008 -29"><span class='ocrx_word' id='word_1_715' title='bbox 485 5088 744 5156; x_wconf 80' lang='lat' dir='ltr'><strong>regnabit</strong></span> <span class='ocrx_word' id='word_1_716' title='bbox 771 5104 940 5158; x_wconf 86' lang='lat' dir='ltr'><strong>super</strong></span> <span class='ocrx_word' id='word_1_717' title='bbox 965 5104 1060 5144; x_wconf 85' lang='lat' dir='ltr'><strong>eos</strong></span> <span class='ocrx_word' id='word_1_718' title='bbox 1091 5089 1146 5142; x_wconf 89' lang='lat' dir='ltr'><strong>in</strong></span> <span class='ocrx_word' id='word_1_719' title='bbox 1171 5091 1371 5146; x_wconf 70' lang='lat' dir='ltr'><strong>swcula</strong></span> <span class='ocrx_word' id='word_1_720' title='bbox 1399 5093 1444 5123; x_wconf 71' lang='grc'><strong>³⁸</strong></span> <span class='ocrx_word' id='word_1_721' title='bbox 1470 5109 1482 5144; x_wconf 90' lang='lat'><strong>:</strong></span> <span class='ocrx_word' id='word_1_722' title='bbox 1522 5110 1542 5142; x_wconf 72' lang='grc' dir='ltr'><strong><em>ι</em></strong></span> <span class='ocrx_word' id='word_1_723' title='bbox 1573 5121 1644 5135; x_wconf 90' lang='grc'><strong>--</strong></span> <span class='ocrx_word' id='word_1_724' title='bbox 1673 5113 1692 5144; x_wconf 75' lang='grc' dir='ltr'><strong>ι</strong></span> <span class='ocrx_word' id='word_1_725' title='bbox 1726 5094 1794 5149; x_wconf 87' lang='lat' dir='ltr'><strong>Et</strong></span> <span class='ocrx_word' id='word_1_726' title='bbox 1815 5111 1946 5149; x_wconf 88' lang='lat' dir='ltr'><strong>ecce</strong></span> <span class='ocrx_word' id='word_1_727' title='bbox 1975 5097 2084 5167; x_wconf 85' lang='lat' dir='ltr'><strong>(in—</strong></span> 
     </span>
    </p>
   </div>
   <div class='ocr_carea' id='block_1_99' title="bbox 487 5179 2087 5282">
    <p class='ocr_par' dir='ltr' id='par_1_99' title="bbox 487 5179 2082 5260">
     <span class='ocr_line' id='line_1_99' title="bbox 487 5179 2082 5260; baseline 0.008 -28"><span class='ocrx_word' id='word_1_728' title='bbox 487 5179 611 5244; x_wconf 88' lang='lat' dir='ltr'><strong>quit</strong></span> <span class='ocrx_word' id='word_1_729' title='bbox 651 5179 864 5249; x_wconf 79' lang='lat' dir='ltr'><strong>Daniel)</strong></span> <span class='ocrx_word' id='word_1_730' title='bbox 903 5197 1032 5235; x_wconf 86' lang='lat' dir='ltr'><strong>cum</strong></span> <span class='ocrx_word' id='word_1_731' title='bbox 1069 5182 1315 5237; x_wconf 79' lang='lat' dir='ltr'><strong>nubibus</strong></span> <span class='ocrx_word' id='word_1_732' title='bbox 1345 5183 1470 5238; x_wconf 70' lang='lat' dir='ltr'><strong>cmli</strong></span> <span class='ocrx_word' id='word_1_733' title='bbox 1505 5185 1784 5250; x_wconf 82' lang='lat' dir='ltr'><strong>veniebat,</strong></span> <span class='ocrx_word' id='word_1_734' title='bbox 1817 5198 1876 5243; x_wconf 88' lang='lat' dir='ltr'><strong>et</strong></span> <span class='ocrx_word' id='word_1_735' title='bbox 1909 5205 2082 5260; x_wconf 89' lang='lat' dir='ltr'><strong>usque</strong></span> 
     </span>
    </p>
   </div>
   <div class='ocr_carea' id='block_1_100' title="bbox 2191 5179 3245 5282">
    <p class='ocr_par' dir='ltr' id='par_1_100' title="bbox 2191 5195 3245 5282">
     <span class='ocr_line' id='line_1_100' title="bbox 2191 5195 3245 5282; baseline 0.022 -36"><span class='ocrx_word' id='word_1_736' title='bbox 2191 5195 2276 5248; x_wconf 82' lang='grc' dir='ltr'><strong>τοῦ</strong></span> <span class='ocrx_word' id='word_1_737' title='bbox 2293 5199 2525 5268; x_wconf 77' lang='grc' dir='ltr'>ούρανοῦ</span> <span class='ocrx_word' id='word_1_738' title='bbox 2559 5205 2855 5278; x_wconf 72' lang='grc' dir='ltr'>ἐρχόμενος</span> <span class='ocrx_word' id='word_1_739' title='bbox 2886 5205 2978 5282; x_wconf 84' lang='grc' dir='ltr'>ἦν,</span> <span class='ocrx_word' id='word_1_740' title='bbox 3011 5213 3108 5266; x_wconf 67' lang='grc' dir='ltr'>καὶ</span> <span class='ocrx_word' id='word_1_741' title='bbox 3137 5213 3245 5278; x_wconf 73' lang='grc' dir='ltr'><strong>ἕως</strong></span> 
     </span>
    </p>
   </div>
   <div class='ocr_carea' id='block_1_101' title="bbox 2189 4639 3769 4734">
    <p class='ocr_par' dir='ltr' id='par_1_101' title="bbox 2189 4639 3769 4734">
     <span class='ocr_line' id='line_1_101' title="bbox 2189 4639 3769 4734; baseline 0.02 -45"><span class='ocrx_word' id='word_1_742' title='bbox 2189 4639 2464 4710; x_wconf 74' lang='grc' dir='ltr'>αὐτῷκαὶ</span> <span class='ocrx_word' id='word_1_743' title='bbox 2511 4645 2833 4716; x_wconf 78' lang='grc' dir='ltr'>βασιλεῦσαι</span> <span class='ocrx_word' id='word_1_744' title='bbox 2880 4655 3046 4710; x_wconf 78' lang='grc' dir='ltr'>αὑτὸν</span> <span class='ocrx_word' id='word_1_745' title='bbox 3103 4659 3190 4711; x_wconf 83' lang='grc' dir='ltr'>ἐπ’</span> <span class='ocrx_word' id='word_1_746' title='bbox 3231 4659 3456 4724; x_wconf 77' lang='grc' dir='ltr'>αὐτοὺς,</span> <span class='ocrx_word' id='word_1_747' title='bbox 3488 4662 3769 4734; x_wconf 76' lang='grc' dir='ltr'>σκορπίσει</span> 
     </span>
    </p>
   </div>
   <div class='ocr_carea' id='block_1_102' title="bbox 2187 4731 3772 4825">
    <p class='ocr_par' dir='ltr' id='par_1_102' title="bbox 2187 4731 3772 4825">
     <span class='ocr_line' id='line_1_102' title="bbox 2187 4731 3772 4825; baseline 0.016 -42"><span class='ocrx_word' id='word_1_748' title='bbox 2187 4731 2247 4825; x_wconf 69' lang='grc' dir='ltr'><strong>ἐν</strong></span> <span class='ocrx_word' id='word_1_749' title='bbox 2291 4733 2370 4804; x_wconf 85' lang='grc' dir='ltr'>τῷ</span> <span class='ocrx_word' id='word_1_750' title='bbox 2401 4736 2502 4809; x_wconf 79' lang='grc' dir='ltr'><strong>ᾄδῃ</strong></span> <span class='ocrx_word' id='word_1_751' title='bbox 2534 4741 2740 4814; x_wconf 78' lang='grc' dir='ltr'>αἰωνίῳ</span> <span class='ocrx_word' id='word_1_752' title='bbox 2767 4745 3312 4822; x_wconf 77' lang='grc' dir='ltr'>κολασθησομένους,</span> <span class='ocrx_word' id='word_1_753' title='bbox 3357 4754 3454 4807; x_wconf 82' lang='grc' dir='ltr'>καὶ</span> <span class='ocrx_word' id='word_1_754' title='bbox 3509 4731 3772 4825; x_wconf 72' lang='grc' dir='ltr'>συμϐασι-</span> 
     </span>
    </p>
   </div>
   <div class='ocr_carea' id='block_1_103' title="bbox 2185 4821 3773 4910">
    <p class='ocr_par' dir='ltr' id='par_1_103' title="bbox 2185 4821 3773 4910">
     <span class='ocr_line' id='line_1_103' title="bbox 2185 4821 3773 4910; baseline 0.018 -36"><span class='ocrx_word' id='word_1_755' title='bbox 2185 4821 2475 4882; x_wconf 84' lang='grc' dir='ltr'>λεύσουσιν</span> <span class='ocrx_word' id='word_1_756' title='bbox 2525 4833 2676 4904; x_wconf 84' lang='grc' dir='ltr'>αὐτῷ</span> <span class='ocrx_word' id='word_1_757' title='bbox 2733 4837 2812 4901; x_wconf 87' lang='grc' dir='ltr'><strong>είς</strong></span> <span class='ocrx_word' id='word_1_758' title='bbox 2865 4839 3069 4904; x_wconf 75' lang='grc' dir='ltr'>αἰῶνας</span> <span class='ocrx_word' id='word_1_759' title='bbox 3112 4843 3164 4896; x_wconf 78' lang='grc' dir='ltr'>οἱ</span> <span class='ocrx_word' id='word_1_760' title='bbox 3233 4845 3634 4910; x_wconf 79' lang='grc' dir='ltr'>πιστεύσαντες</span> <span class='ocrx_word' id='word_1_761' title='bbox 3686 4846 3773 4902; x_wconf 73' lang='grc' dir='ltr'>καὶ</span> 
     </span>
    </p>
   </div>
   <div class='ocr_carea' id='block_1_104' title="bbox 2184 4921 3770 5008">
    <p class='ocr_par' dir='ltr' id='par_1_104' title="bbox 2184 4921 3770 5008">
     <span class='ocr_line' id='line_1_104' title="bbox 2184 4921 3770 5008; baseline 0.016 -41"><span class='ocrx_word' id='word_1_762' title='bbox 2184 4921 2426 4984; x_wconf 79' lang='grc' dir='ltr'>γνησίως</span> <span class='ocrx_word' id='word_1_763' title='bbox 2461 4923 2562 4987; x_wconf 81' lang='grc' dir='ltr'>τὰς</span> <span class='ocrx_word' id='word_1_764' title='bbox 2600 4923 2820 4994; x_wconf 80' lang='grc' dir='ltr'>ἐντολάς</span> <span class='ocrx_word' id='word_1_765' title='bbox 2843 4932 3010 4986; x_wconf 84' lang='grc' dir='ltr'>αὐτοῦ</span> <span class='ocrx_word' id='word_1_766' title='bbox 3040 4938 3406 5008; x_wconf 63' lang='grc' dir='ltr'>τηρήσαντες</span> <span class='ocrx_word' id='word_1_767' title='bbox 3437 4940 3585 4994; x_wconf 73' lang='grc' dir='ltr'>καθά</span> <span class='ocrx_word' id='word_1_768' title='bbox 3620 4941 3770 4994; x_wconf 87' lang='grc' dir='ltr'>Σολο-</span> 
     </span>
    </p>
   </div>
   <div class='ocr_carea' id='block_1_105' title="bbox 2187 5013 3774 5100">
    <p class='ocr_par' dir='ltr' id='par_1_105' title="bbox 2187 5013 3774 5100">
     <span class='ocr_line' id='line_1_105' title="bbox 2187 5013 3774 5100; baseline 0.016 -37"><span class='ocrx_word' id='word_1_769' title='bbox 2187 5013 2300 5080; x_wconf 80' lang='grc' dir='ltr'><strong>μῶν</strong></span> <span class='ocrx_word' id='word_1_770' title='bbox 2334 5015 2480 5084; x_wconf 80' lang='grc' dir='ltr'>λέγει</span> <span class='ocrx_word' id='word_1_771' title='bbox 2498 5020 2556 5074; x_wconf 87' lang='grc' dir='ltr'><strong>ἐν</strong></span> <span class='ocrx_word' id='word_1_772' title='bbox 2581 5021 2916 5095; x_wconf 83' lang='grc' dir='ltr'>Παροιμίαις</span> <span class='ocrx_word' id='word_1_773' title='bbox 2933 5044 2946 5057; x_wconf 92' lang='grc'><strong>·</strong></span> <span class='ocrx_word' id='word_1_774' title='bbox 2967 5047 2986 5080; x_wconf 78' lang='grc' dir='ltr'><strong>ι</strong></span> <span class='ocrx_word' id='word_1_775' title='bbox 3011 5031 3121 5084; x_wconf 71' lang='grc' dir='ltr'><strong>Καὶ</strong></span> <span class='ocrx_word' id='word_1_776' title='bbox 3145 5029 3455 5100; x_wconf 83' lang='grc' dir='ltr'>βασιλεύσει</span> <span class='ocrx_word' id='word_1_777' title='bbox 3473 5034 3774 5089; x_wconf 75' lang='grc' dir='ltr'>αὐτῶνΚύ-</span> 
     </span>
    </p>
   </div>
   <div class='ocr_carea' id='block_1_106' title="bbox 2184 5109 3774 5196">
    <p class='ocr_par' dir='ltr' id='par_1_106' title="bbox 2184 5109 3774 5196">
     <span class='ocr_line' id='line_1_106' title="bbox 2184 5109 3774 5196; baseline 0.013 -38"><span class='ocrx_word' id='word_1_778' title='bbox 2184 5121 2300 5175; x_wconf 72' lang='lat' dir='ltr'><strong>pio;</strong></span> <span class='ocrx_word' id='word_1_779' title='bbox 2345 5109 2428 5173; x_wconf 88' lang='grc' dir='ltr'><strong>είς</strong></span> <span class='ocrx_word' id='word_1_780' title='bbox 2449 5111 2576 5176; x_wconf 75' lang='grc' dir='ltr'>τοὺς</span> <span class='ocrx_word' id='word_1_781' title='bbox 2589 5115 2814 5181; x_wconf 82' lang='grc' dir='ltr'>αἰῶνας.</span> <span class='ocrx_word' id='word_1_782' title='bbox 2841 5138 2964 5172; x_wconf 73' lang='grc' dir='ltr'>ι--ι</span> <span class='ocrx_word' id='word_1_783' title='bbox 2987 5122 3098 5176; x_wconf 76' lang='grc' dir='ltr'><strong>Καὶ</strong></span> <span class='ocrx_word' id='word_1_784' title='bbox 3119 5123 3230 5178; x_wconf 78' lang='grc' dir='ltr'>ἰδοὺ</span> <span class='ocrx_word' id='word_1_785' title='bbox 3252 5113 3392 5196; x_wconf 81' lang='grc' dir='ltr'>μετᾶ</span> <span class='ocrx_word' id='word_1_786' title='bbox 3420 5126 3531 5180; x_wconf 84' lang='grc' dir='ltr'>τῶν</span> <span class='ocrx_word' id='word_1_787' title='bbox 3543 5124 3774 5196; x_wconf 73' lang='grc' dir='ltr'>νεφελῶν</span> 
     </span>
    </p>
   </div>
   <div class='ocr_carea' id='block_1_107' title="bbox 3271 5215 3773 5271">
    <p class='ocr_par' dir='ltr' id='par_1_107' title="bbox 3271 5215 3773 5271">
     <span class='ocr_line' id='line_1_107' title="bbox 3271 5215 3773 5271; baseline 0.004 -3"><span class='ocrx_word' id='word_1_788' title='bbox 3271 5215 3366 5269; x_wconf 89' lang='grc' dir='ltr'><strong>τοῦ</strong></span> <span class='ocrx_word' id='word_1_789' title='bbox 3399 5218 3640 5271; x_wconf 85' lang='grc' dir='ltr'>Παλαιοῦ</span> <span class='ocrx_word' id='word_1_790' title='bbox 3667 5217 3773 5271; x_wconf 83' lang='grc' dir='ltr'>τῶν</span> 
     </span>
    </p>
   </div>
   <div class='ocr_carea' id='block_1_108' title="bbox 485 5271 2087 5376">
    <p class='ocr_par' dir='ltr' id='par_1_108' title="bbox 485 5271 2084 5352">
     <span class='ocr_line' id='line_1_108' title="bbox 485 5271 2084 5352; baseline 0.009 -29"><span class='ocrx_word' id='word_1_791' title='bbox 485 5273 559 5332; x_wconf 77' lang='lat' dir='ltr'><strong>ad</strong></span> <span class='ocrx_word' id='word_1_792' title='bbox 585 5271 891 5340; x_wconf 78' lang='lat' dir='ltr'><strong>Antiquom</strong></span> <span class='ocrx_word' id='word_1_793' title='bbox 916 5274 1135 5328; x_wconf 83' lang='lat' dir='ltr'><strong>dierum</strong></span> <span class='ocrx_word' id='word_1_794' title='bbox 1169 5277 1450 5345; x_wconf 88' lang='lat' dir='ltr'><strong>pervenit;</strong></span> <span class='ocrx_word' id='word_1_795' title='bbox 1483 5289 1540 5332; x_wconf 90' lang='lat' dir='ltr'><strong>et</strong></span> <span class='ocrx_word' id='word_1_796' title='bbox 1577 5279 1678 5348; x_wconf 90' lang='lat' dir='ltr'><strong>ipsi</strong></span> <span class='ocrx_word' id='word_1_797' title='bbox 1711 5280 1837 5335; x_wconf 86' lang='lat' dir='ltr'><strong>data</strong></span> <span class='ocrx_word' id='word_1_798' title='bbox 1869 5291 1954 5337; x_wconf 87' lang='lat' dir='ltr'><strong>est</strong></span> <span class='ocrx_word' id='word_1_799' title='bbox 1983 5298 2084 5352; x_wconf 90' lang='lat' dir='ltr'><strong>po-</strong></span> 
     </span>
    </p>
   </div>
   <div class='ocr_carea' id='block_1_109' title="bbox 2191 5271 3770 5376">
    <p class='ocr_par' dir='ltr' id='par_1_109' title="bbox 2191 5271 3770 5376">
     <span class='ocr_line' id='line_1_109' title="bbox 2191 5271 3770 5376; baseline 0.013 -36"><span class='ocrx_word' id='word_1_800' title='bbox 2191 5285 2406 5358; x_wconf 74' lang='grc' dir='ltr'>ὴμερὼν</span> <span class='ocrx_word' id='word_1_801' title='bbox 2441 5271 2670 5362; x_wconf 59' lang='grc' dir='ltr'>εφθαὲέ·</span> <span class='ocrx_word' id='word_1_802' title='bbox 2694 5271 2798 5350; x_wconf 65' lang='grc' dir='ltr'><strong>⁷καὶ</strong></span> <span class='ocrx_word' id='word_1_803' title='bbox 2833 5271 2982 5372; x_wconf 72' lang='grc' dir='ltr'>αὑτῷ</span> <span class='ocrx_word' id='word_1_804' title='bbox 3005 5271 3355 5376; x_wconf 53' lang='grc' dir='ltr'>προσηνέχθη</span> <span class='ocrx_word' id='word_1_805' title='bbox 3385 5309 3418 5376; x_wconf 85' lang='grc' dir='ltr'><strong>ἡ</strong></span> <span class='ocrx_word' id='word_1_806' title='bbox 3449 5309 3588 5376; x_wconf 81' lang='grc' dir='ltr'>τιμὴ</span> <span class='ocrx_word' id='word_1_807' title='bbox 3615 5308 3709 5360; x_wconf 73' lang='grc' dir='ltr'>καὶ</span> <span class='ocrx_word' id='word_1_808' title='bbox 3738 5307 3770 5376; x_wconf 78' lang='grc' dir='ltr'><strong>ὴ</strong></span> 
     </span>
    </p>
   </div>
   <div class='ocr_carea' id='block_1_110' title="bbox 490 5365 2079 5432">
    <p class='ocr_par' dir='ltr' id='par_1_110' title="bbox 490 5365 2079 5432">
     <span class='ocr_line' id='line_1_110' title="bbox 490 5365 2079 5432; baseline 0.009 -14"><span class='ocrx_word' id='word_1_809' title='bbox 490 5367 684 5428; x_wconf 67' lang='lat' dir='ltr'><strong>testas,</strong></span> <span class='ocrx_word' id='word_1_810' title='bbox 715 5372 772 5418; x_wconf 86' lang='lat' dir='ltr'><strong>et</strong></span> <span class='ocrx_word' id='word_1_811' title='bbox 803 5365 1002 5430; x_wconf 79' lang='lat' dir='ltr'><strong>honor,</strong></span> <span class='ocrx_word' id='word_1_812' title='bbox 1035 5376 1092 5421; x_wconf 86' lang='lat' dir='ltr'><strong>et</strong></span> <span class='ocrx_word' id='word_1_813' title='bbox 1129 5382 1322 5423; x_wconf 87' lang='lat' dir='ltr'><strong>omnes</strong></span> <span class='ocrx_word' id='word_1_814' title='bbox 1371 5369 1548 5426; x_wconf 87' lang='lat' dir='ltr'><strong>tribus</strong></span> <span class='ocrx_word' id='word_1_815' title='bbox 1585 5372 1830 5427; x_wconf 87' lang='lat' dir='ltr'><strong>servient</strong></span> <span class='ocrx_word' id='word_1_816' title='bbox 1855 5374 1906 5429; x_wconf 90' lang='lat' dir='ltr'><strong>ei</strong></span> <span class='ocrx_word' id='word_1_817' title='bbox 1936 5393 1950 5428; x_wconf 93' lang='lat'><strong>:</strong></span> <span class='ocrx_word' id='word_1_818' title='bbox 1989 5391 2079 5432; x_wconf 84' lang='lat' dir='ltr'><strong>re-</strong></span> 
     </span>
    </p>
   </div>
   <div class='ocr_carea' id='block_1_111' title="bbox 555 5519 2087 5610">
    <p class='ocr_par' dir='ltr' id='par_1_111' title="bbox 555 5519 2087 5610">
     <span class='ocr_line' id='line_1_111' title="bbox 555 5519 2087 5610; baseline 0.015 -44"><span class='ocrx_word' id='word_1_819' title='bbox 555 5519 1273 5610; x_wconf 32' lang='lat' dir='ltr'><strong>:Psal.kt.x§xv&#39;ttt,39-&amp;6.</strong></span> <span class='ocrx_word' id='word_1_820' title='bbox 1351 5525 1397 5557; x_wconf 80' lang='grc'><strong>³³</strong></span> <span class='ocrx_word' id='word_1_821' title='bbox 1422 5525 1560 5582; x_wconf 88' lang='lat' dir='ltr'><strong>ibid.</strong></span> <span class='ocrx_word' id='word_1_822' title='bbox 1597 5526 1686 5582; x_wconf 81' lang='lat'><strong>56.</strong></span> <span class='ocrx_word' id='word_1_823' title='bbox 1765 5529 1809 5562; x_wconf 78' lang='grc'><strong>¹⁹⁶</strong></span> <span class='ocrx_word' id='word_1_824' title='bbox 1835 5529 2010 5601; x_wconf 81' lang='lat' dir='ltr'><strong>Apoc.</strong></span> <span class='ocrx_word' id='word_1_825' title='bbox 2039 5549 2087 5589; x_wconf 71' lang='grc' dir='ltr'>ιι</span> 
     </span>
    </p>
   </div>
   <div class='ocr_carea' id='block_1_112' title="bbox 2191 5519 2708 5610">
    <p class='ocr_par' dir='ltr' id='par_1_112' title="bbox 2191 5538 2708 5610">
     <span class='ocr_line' id='line_1_112' title="bbox 2191 5538 2708 5610; baseline 0.014 -17"><span class='ocrx_word' id='word_1_826' title='bbox 2191 5538 2291 5596; x_wconf 85' lang='grc'><strong>16..</strong></span> <span class='ocrx_word' id='word_1_827' title='bbox 2351 5542 2396 5574; x_wconf 76' lang='grc'><strong>’⁸</strong></span> <span class='ocrx_word' id='word_1_828' title='bbox 2429 5543 2535 5598; x_wconf 82' lang='lat' dir='ltr'><strong>lsa.</strong></span> <span class='ocrx_word' id='word_1_829' title='bbox 2562 5560 2639 5610; x_wconf 74' lang='grc' dir='ltr'>ιι,</span> <span class='ocrx_word' id='word_1_830' title='bbox 2675 5546 2708 5600; x_wconf 82' lang='grc'>6</span> 
     </span>
    </p>
   </div>
   <div class='ocr_carea' id='block_1_113' title="bbox 490 5588 942 5658">
    <p class='ocr_par' dir='ltr' id='par_1_113' title="bbox 490 5588 942 5658">
     <span class='ocr_line' id='line_1_113' title="bbox 490 5588 942 5658; baseline 0.009 -13"><span class='ocrx_word' id='word_1_831' title='bbox 490 5588 537 5624; x_wconf 77' lang='grc'>³³</span> <span class='ocrx_word' id='word_1_832' title='bbox 570 5591 739 5646; x_wconf 74' lang='lat' dir='ltr'><strong>Micb.</strong></span> <span class='ocrx_word' id='word_1_833' title='bbox 782 5608 858 5658; x_wconf 87' lang='lat' dir='ltr'><strong>tv,</strong></span> <span class='ocrx_word' id='word_1_834' title='bbox 890 5595 942 5649; x_wconf 85' lang='lat'><strong>7.</strong></span> 
     </span>
    </p>
   </div>
   <div class='ocr_carea' id='block_1_114' title="bbox 2183 5377 3771 5470">
    <p class='ocr_par' dir='ltr' id='par_1_114' title="bbox 2183 5377 3771 5470">
     <span class='ocr_line' id='line_1_114' title="bbox 2183 5377 3771 5470; baseline 0.016 -40"><span class='ocrx_word' id='word_1_835' title='bbox 2183 5377 2453 5450; x_wconf 76' lang='grc' dir='ltr'>βασιλεία,</span> <span class='ocrx_word' id='word_1_836' title='bbox 2498 5387 2594 5440; x_wconf 75' lang='grc' dir='ltr'>καὶ</span> <span class='ocrx_word' id='word_1_837' title='bbox 2637 5391 2810 5444; x_wconf 78' lang='grc' dir='ltr'>πᾶσαι</span> <span class='ocrx_word' id='word_1_838' title='bbox 2839 5395 2894 5446; x_wconf 80' lang='grc' dir='ltr'>αἱ</span> <span class='ocrx_word' id='word_1_839' title='bbox 2926 5394 3092 5464; x_wconf 71' lang='grc' dir='ltr'>φυλαὶ</span> <span class='ocrx_word' id='word_1_840' title='bbox 3140 5397 3291 5469; x_wconf 82' lang='grc' dir='ltr'>αὐτῷ</span> <span class='ocrx_word' id='word_1_841' title='bbox 3318 5397 3714 5453; x_wconf 64' lang='grc' dir='ltr'>δουλεύσουσιν</span> <span class='ocrx_word' id='word_1_842' title='bbox 3740 5399 3771 5470; x_wconf 68' lang='grc' dir='ltr'><strong>ἡ</strong></span> 
     </span>
    </p>
   </div>
   <div class='ocr_carea' id='block_1_115' title="bbox 2715 5547 3763 5629">
    <p class='ocr_par' dir='ltr' id='par_1_115' title="bbox 2715 5547 3763 5629">
     <span class='ocr_line' id='line_1_115' title="bbox 2715 5547 3763 5629; baseline 0.013 -27"><span class='ocrx_word' id='word_1_843' title='bbox 2715 5585 2730 5601; x_wconf 93' lang='grc'><strong>.</strong></span> <span class='ocrx_word' id='word_1_844' title='bbox 2813 5547 2906 5606; x_wconf 70' lang='lat' dir='ltr'><strong>II&#39;l</strong></span> <span class='ocrx_word' id='word_1_845' title='bbox 2933 5549 3182 5622; x_wconf 76' lang='lat' dir='ltr'><strong>Cor.&#39;xv,</strong></span> <span class='ocrx_word' id='word_1_846' title='bbox 3209 5553 3304 5609; x_wconf 69' lang='grc'><strong>51.</strong></span> <span class='ocrx_word' id='word_1_847' title='bbox 3375 5557 3422 5588; x_wconf 71' lang='grc'><strong><em>’⁷</em></strong></span> <span class='ocrx_word' id='word_1_848' title='bbox 3450 5557 3578 5629; x_wconf 75' lang='lat' dir='ltr'><strong>Sep.</strong></span> <span class='ocrx_word' id='word_1_849' title='bbox 3603 5573 3681 5621; x_wconf 76' lang='lat' dir='ltr'><strong>tu.</strong></span> <span class='ocrx_word' id='word_1_850' title='bbox 3710 5557 3763 5616; x_wconf 79' lang='grc'><strong>8.</strong></span> 
     </span>
    </p>
   </div>
   <div class='ocr_carea' id='block_1_116' title="bbox 565 5744 3885 5858">
    <p class='ocr_par' dir='ltr' id='par_1_116' title="bbox 565 5744 3885 5858">
     <span class='ocr_line' id='line_1_116' title="bbox 565 5744 3885 5858; baseline 0.015 -62"><span class='ocrx_word' id='word_1_851' title='bbox 565 5744 1302 5858; x_wconf 39' lang='grc' dir='ltr'><strong>ριὶιῗίξίονίὲἰίῃξηΙῖίζρράὶὶίὶι</strong></span> <span class='ocrx_word' id='word_1_852' title='bbox 1337 5751 1528 5810; x_wconf 82' lang='lat' dir='ltr'><strong>Latine</strong></span> <span class='ocrx_word' id='word_1_853' title='bbox 1574 5758 1976 5828; x_wconf 82' lang='lat' dir='ltr'><strong>tantummodo,</strong></span> <span class='ocrx_word' id='word_1_854' title='bbox 2019 5771 2075 5815; x_wconf 86' lang='lat' dir='ltr'><strong>et</strong></span> <span class='ocrx_word' id='word_1_855' title='bbox 2115 5765 2338 5834; x_wconf 81' lang='lat' dir='ltr'><strong>quidem</strong></span> <span class='ocrx_word' id='word_1_856' title='bbox 2363 5770 2648 5838; x_wconf 79' lang='lat' dir='ltr'><strong>aeephala,</strong></span> <span class='ocrx_word' id='word_1_857' title='bbox 2681 5775 2898 5843; x_wconf 88' lang='lat' dir='ltr'><strong>mutila,</strong></span> <span class='ocrx_word' id='word_1_858' title='bbox 2931 5786 2985 5834; x_wconf 86' lang='lat' dir='ltr'><strong>et</strong></span> <span class='ocrx_word' id='word_1_859' title='bbox 3029 5796 3171 5850; x_wconf 62' lang='grc' dir='ltr'>δίκερε</span> <span class='ocrx_word' id='word_1_860' title='bbox 3239 5781 3576 5854; x_wconf 75' lang='lat' dir='ltr'><strong>deﬁcientia,</strong></span> <span class='ocrx_word' id='word_1_861' title='bbox 3635 5783 3778 5858; x_wconf 75' lang='lat' dir='ltr'><strong>apud</strong></span> <span class='ocrx_word' id='word_1_862' title='bbox 3877 5833 3885 5846; x_wconf 86' lang='lat'><strong>.</strong></span> 
     </span>
    </p>
   </div>
   <div class='ocr_carea' id='block_1_117' title="bbox 489 5815 1303 5890">
    <p class='ocr_par' dir='ltr' id='par_1_117' title="bbox 489 5815 1303 5890">
     <span class='ocr_line' id='line_1_117' title="bbox 489 5815 1303 5890; baseline 0.004 -17"><span class='ocrx_word' id='word_1_863' title='bbox 489 5815 775 5880; x_wconf 58' lang='lat' dir='ltr'><strong>(sintsient</strong></span> <span class='ocrx_word' id='word_1_864' title='bbox 811 5815 1037 5890; x_wconf 66' lang='lat' dir='ltr'><strong>Dtisnag.</strong></span> <span class='ocrx_word' id='word_1_865' title='bbox 1078 5821 1172 5875; x_wconf 76' lang='lat' dir='ltr'><strong>Ioc.</strong></span> <span class='ocrx_word' id='word_1_866' title='bbox 1215 5825 1303 5876; x_wconf 78' lang='lat' dir='ltr'><strong>cit.</strong></span> 
     </span>
    </p>
   </div>
  </div>
