4064 6484
407 415 544 484 1215
1617 421 1680 482 S.
1719 420 2123 482 ANASTASII
2163 419 2336 482 SlNA
2347 425 2498 485 IT/E
3398 443 3409 452 '
3581 433 3716 500 1216

397 549 504 588 nec
533 547 645 587 non
679 538 735 586 et
767 527 904 585 ﬁdes
935 536 1128 584 nostra
1155 529 1211 584 in
1255 529 1456 601 ipsum.
1489 530 1636 598 Quot
1668 531 1908 602 gentiles
1937 539 1993 586 et
2018 557 2033 588 λ

2138 533 2460 600 γριστιανῶν,
2488 535 2584 588 καὶ
2603 535 3064 609 οὑκξήδυνήθησαν
3088 536 3294 610 ταύτην
3318 538 3524 594 σϐέσαι
3547 557 3561 602 ;
3583 530 3724 598 Ἀλλ’

399 623 658 700 pessimis
709 623 1004 680 erroribus
1069 622 1269 678 imbuti
1328 623 1650 694 principes,
1693 631 1995 694 gentesque

2138 625 2296 677 κεῖνοι
2351 625 2451 694 μὲν
2500 626 2784 683 ἀπώλοντο
2814 629 2910 684 καὶ⁸
2947 628 3248 701 παρῆλθον,
3289 627 3446 703 αὕτη
3487 631 3549 686 δὲ
3606 637 3721 692 καθ’

401 709 569 776 ﬁdem
608 726 878 782 nostram,
903 715 1348 775 Christianorum
1387 715 1534 782 dico,
1577 717 1996 787 impugnarunt,

2138 716 2344 788 κάστην
2375 717 2584 790 λάμπει
2616 721 2716 775 καὶ
2754 719 3109 798 πλατύνεται.
3149 721 3261 787 Καὶ
3297 725 3353 777 εί
3389 724 3498 796 μὲν
3549 726 3726 799 βούλει

402 819 461 868 et
506 825 622 866 non
665 817 969 881 potuerunt
1003 809 1155 864 illam
1188 809 1581 879 exstinguere?
1612 809 1758 877 Quin
1810 809 2000 881 potius

2138 809 2410 881 δάκριδές
2428 813 2523 866 τοῦ
2547 813 2780 886 οὐρανοῦ
2809 813 2938 888 [leg.
2960 793 3180 889 καιροῦ]
3205 793 3440 889 μαθεῖν,
3462 793 3609 885 τδξὶι
3643 821 3732 880 Ἔν

379 903 486 959 'illi
523 903 860 958 interierunt
907 911 964 958 et
1011 917 1312 967 evanuere,
1363 902 1456 957 illa
1511 912 1696 957 autem
1743 903 1999 974 quotidie

2139 905 2224 967 αῖς
2263 904 2502 976 ἡμέραις
2538 906 2775 972 ἐκείναις
2795 909 3095 982 ἀναστήσει
3116 912 3146 963 δ
3174 910 3314 976 Θεδς
3355 911 3674 982 βασιλειαν,
3708 934 3726 970 ι

406 990 586 1062 magis
631 990 888 1060 splendet
933 998 991 1046 et
1038 989 1323 1046 dilatatur.
1365 991 1435 1046 Et
1473 991 1518 1046 si
1554 992 1696 1048 velis
1737 1001 2003 1050 accurate

2138 995 2202 1068 ὴν
2217 998 2422 1068 μεταξὺ
2438 999 2738 1069 αὐτῶνζτῶν
2754 999 3102 1072 δηλωθεισῶν
3114 1003 3418 1078 τεσσάρων
3438 1005 3746 1079 βασιλειῶν

411 1081 724 1152 intelligere
745 1091 984 1152 tempus,
1013 1081 1174 1148 illud,
1208 1100 1227 1134 ι
1261 1081 1324 1136 In
1345 1079 1548 1138 diebus
1578 1083 1690 1138 illis
1709 1083 2007 1138 suscitabit

2138 1091 2514 1163 ,ναδειχθείσαν
2547 1093 2828 1164 λάμϐανε·
2879 1095 3184 1167 μετέπειτα
3224 1100 3370 1172 γὰρξ
3404 1099 3516 1172 οὐχ
3569 1101 3735 1174 εὑρή-

411 1172 682 1228 Dominus
717 1187 970 1243 regnum,
1008 1189 1026 1224 ι
1087 1172 1156 1228 de
1201 1185 1374 1244 regno
1422 1172 1569 1229 inter
1623 1173 1716 1228 illa
1763 1180 2008 1244 quatuor

2138 1200 2286 1238 ἐται.
2331 1183 2423 1250 Ὠς
2453 1185 2563 1258 γὰρ
2617 1187 2667 1241 οἱ
2697 1188 2940 1262 πατέρες
2972 1189 3130 1260 ὑμῶν
3167 1191 3272 1264 τὴν
3335 1172 3734 1264 παρελθοῦσαν

413 1275 638 1321 ostenso
664 1265 893 1334 accipe:
917 1279 1029 1320 non
1060 1263 1209 1321 enim
1243 1273 1433 1335 postea
1445 1265 1786 1336 reperietur.
1807 1265 2010 1332 Quem-

415 1358 714 1414 admodum
765 1359 914 1413 enim
979 1367 1169 1429 patres
1216 1359 1389 1415 vestri
1421 1359 1704 1430 limpieta:
1767 1359 2008 1430 promis-

415 1451 590 1506 sionis
611 1452 1029 1522 exputationem
1055 1453 1384 1519 retinentes,
1411 1452 1561 1508 illam
1586 1439 1783 1509 salutis
1805 1467 2010 1523 oppor-

417 1543 710 1599 tunitatem
749 1544 1081 1611 amiserunt,
1133 1545 1216 1600 sic
1261 1552 1318 1601 et
1359 1560 1459 1601 vos
1495 1544 1734 1601 facietis.
1781 1545 1841 1601 Si
1880 1531 2014 1616 ergo

417 1637 668 1694 creditur
720 1653 845 1694 esse
898 1637 1205 1706 Christum,
1264 1639 1471 1696 abhinc
1531 1639 1687 1694 illum
1751 1639 2014 1709 quaerite,

417 1737 612 1800 postea
642 1730 793 1786 enim
827 1745 939 1786 non
975 1732 1312 1801 reperietur.

486 1819 610 1898 Jam
643 1820 1045 1887 demonstravi,
1069 1822 1280 1888 Judaae,
1319 1822 1735 1895 Scripturarum
1767 1827 2018 1886 testimo-

419 1913 519 1968 nio
571 1912 802 1984 ipsaque
849 1929 1036 1970 rerum
1075 1915 1379 1981 evidentia,
1415 1915 1534 1972 haec
1579 1919 1788 1974 verba:
1836 1939 1856 1972 ι
1902 1922 2014 1977 Do-

420 2006 608 2064 minus
635 2007 774 2063 dixit
801 2007 870 2063 ad
904 2024 1031 2064 me:
1064 2009 1238 2066 Filius
1267 2025 1426 2066 meus
1449 2027 1528 2066 es
1588 2020 1668 2078 tu,
1716 2029 1820 2085 ego
1851 2015 2020 2071 hodie

421 2102 664 2174 genuite
683 2103 755 2170 ³²;
781 2123 800 2155 ι
831 2103 928 2160 Et:
957 2123 975 2156 ‹
1000 2104 1220 2160 l’ostula
1254 2119 1286 2160 a
1320 2120 1428 2170 me,
1454 2113 1511 2160 et
1537 2105 1679 2162 dabo
1701 2107 1798 2163 tibi
1827 2115 2022 2180 gentes

423 2193 808 2250 haereditatem
843 2205 992 2251 tuam
1013 2195 1080 2262 ³³,
1114 2214 1133 2248 ι
1163 2195 1232 2250 de
1258 2197 1569 2253 oeconomia
1615 2198 2023 2256 incarnationis

425 2286 552 2342 Filii
589 2287 684 2343 Dei
739 2287 886 2344 dicta
942 2304 1086 2349 esse.
1119 2305 1244 2359 qua).
1297 2290 1366 2345 ad
1418 2289 1684 2346 effectum
1749 2291 2024 2362 perducta

425 2389 579 2446 sunt,
617 2387 676 2436 et
709 2389 825 2434 tum
858 2380 927 2434 ab
951 2380 1073 2451 ipsa
1115 2397 1303 2436 rerum
1350 2369 1651 2449 evidentia,
1693 2391 1810 2440 tum
1839 2399 1872 2439 a
1897 2399 2028 2454 pro-

426 2473 612 2543 phetis
646 2473 844 2528 vestris
883 2473 1260 2530 declarantur.
1307 2475 1398 2538 At,
1445 2477 1494 2532 si
1528 2476 1687 2544 velis,
1733 2478 2026 2532 ostendam

425 2567 532 2622 tibi
561 2566 848 2623 Christum
894 2575 1023 2624 ante
1059 2569 1253 2623 mundi
1287 2569 1745 2626 constitutionem
1779 2571 2028 2642 genitum

427 2659 626 2724 fuisse,
681 2675 919 2730 esseque
962 2660 1168 2726 Deum;
1199 2659 1295 2716 sed
1338 2659 1494 2732 prius
1537 2676 1638 2717 vos
1685 2661 2029 2735 interrogare

429 2749 631 2804 velim:
663 2750 856 2815 David,
900 2750 996 2820 qui
1027 2765 1124 2805 rex
1157 2760 1214 2806 et
1243 2751 1516 2821 propheta
1559 2751 1684 2817 fuit,
1732 2768 2029 2823 quemnam

430 2839 629 2896 habuit
667 2841 1006 2902 Dominum?
1039 2842 1392 2898 Manifestum
1434 2845 1662 2900 omnino
1711 2853 1768 2900 et
1807 2845 1864 2900 in
1900 2859 2033 2901 con-

431 2933 584 2988 fesso
625 2941 731 3000 est,
765 2933 918 3004 quod
959 2935 1188 2990 nullum.
1230 2936 1435 2998 habeat
1484 2936 1782 2992 Dominum
1833 2945 2036 3008 praeter

431 3023 756 3080 Creatorem
803 3027 928 3082 coeli
983 3034 1042 3082 et
1093 3035 1276 3084 terra).
1332 3029 1473 3084 Ecce
1526 3029 1714 3100 itaque
1759 3029 1932 3084 David
1963 3030 2032 3086 de

432 3117 660 3174 Christo
693 3118 832 3174 dicit
861 3119 1160 3176 Dominum
1195 3137 1358 3176 suum
1403 3137 1548 3185 esse,
1580 3132 1638 3178 et
1666 3131 1794 3178 ante
1831 3123 2034 3178 saecula

434 3211 707 3282 genitum.
745 3212 1019 3284 Equidem
1063 3215 1235 3270 David
1279 3215 1339 3270 in
1378 3216 1578 3273 coelum
1607 3232 1720 3271 non
1744 3217 2030 3282 ascendit;
2057 3235 2104 3298 ρ

437 3301 577 3357 dicit
598 3312 778 3358 tamen
803 3304 922 3374 ipse
954 3304 1010 3358 in
1032 3305 1179 3359 libro
1210 3305 1577 3373 Psalmorum,
1596 3307 1810 3377 psalmo
1832 3321 2034 3377 nempe

437 3411 560 3460 oux,
613 3396 717 3452 1.:
769 3415 789 3449 ι
839 3397 988 3452 Dixit
1030 3399 1300 3454 Dominus
1356 3401 1592 3455 Domino
1657 3417 1782 3456 meo
1825 3419 1840 3456 :
1891 3399 2032 3456 Sede

439 3503 472 3542 a
501 3487 714 3543 dextris
751 3489 925 3543 meis:
956 3508 975 3540 ι
1004 3489 1148 3544 Ecce
1178 3489 1346 3560 igitur
1364 3489 1568 3544 Filium
1591 3490 1715 3552 Dei,
1737 3489 2035 3546 Dominum

438 3595 606 3634 suum
636 3591 834 3636 vocat:
870 3579 1051 3650 ipsum
1088 3579 1237 3637 enim
1275 3581 1452 3647 Pater,
1472 3590 1600 3652 post
1633 3591 1881 3638 sanctam
1915 3582 2038 3653 ejus

438 3689 507 3728 ex
547 3673 771 3745 Virgine
818 3673 1128 3729 secundum
1169 3690 1394 3730 carnem
1424 3675 1872 3746 generationem,
1914 3682 2041 3746 post

441 3765 757 3820 salutarem.
770 3765 1109 3835 passionem,
1138 3767 1722 3836 resurrectionemque
1743 3783 1774 3822 a
1801 3766 2041 3823 mortuis

438 3865 497 3912 et
545 3857 954 3923 ascensionem,
991 3857 1073 3913 sic
1122 3857 1459 3929 alloquitur:
1514 3878 1531 3910 ι
1575 3857 1719 3914 Sede
1753 3875 1784 3913 a
1827 3858 2040 3915 dextris

441 3950 603 4016 meis,
639 3949 818 4006 donec
848 3965 1064 4022 ponam.
1099 3950 1358 4006 inimicos
1409 3957 1535 4006 tuos
1584 3951 1894 4009 scabellum
1937 3966 2038 4022 pe—

441 4046 574 4100 dum
607 4053 850 4099 tuorum.
893 4063 912 4097 »
947 4041 1058 4100 Sed
1099 4044 1286 4099 forsan
1322 4044 1496 4110 dices,
1555 4060 1589 4098 ο
1630 4043 1840 4110 Ιυᾱιοο,
1879 4042 2044 4100 Chri-

441 4147 592 4192 stum
626 4137 824 4193 sedere
864 4137 934 4191 ad
967 4135 1255 4192 dexteram
1303 4136 1505 4203 Patris,
1529 4152 1706 4206 usque
1747 4135 1815 4191 ad
1857 4145 2043 4193 extre-

443 4246 595 4284 mum
632 4230 788 4284 illum
843 4238 897 4284 et
938 4228 1304 4300 principalem
1353 4229 1474 4298 ejus
1505 4228 1828 4293 adventum,
1871 4243 2038 4298 quem

445 4338 544 4392 per
583 4323 887 4392 prophetas
935 4320 1355 4392 praenuntiavit,
1399 4321 1556 4390 quasi
1605 4320 1868 4377 videlicet
1902 4329 2043 4377 non-

445 4417 578 4470 dum
604 4415 845 4469 venerit.
891 4413 1000 4470 Sed
1032 4413 1312 4484 quomodo
1335 4413 1443 4468 hoc
1473 4414 1544 4468 sit
1573 4413 1774 4469 rationi
1805 4430 2042 4471 consen-

448 4515 694 4571 taneum,
731 4505 821 4560 dic
850 4504 1024 4562 mihi:
1061 4504 1244 4571 Quare
1262 4505 1375 4575 jam
1407 4504 2039 4562 sedentidieititerum:

2113 1277 2446 1348 προσδοκίαν
2475 1271 2807 1351 κρατοῦντες
2831 1323 2846 1347 ,
2883 1282 2990 1354 -τῆς
3037 1283 3340 1356 εὐκαιρίας
3397 1285 3618 1357 ταύτης
3657 1286 3738 1352 ἐξ·

2113 1366 2355 1421 έπεσαν’
2391 1365 2568 1434 οὕτως
2619 1371 2714 1426 καὶ
2761 1371 2941 1441 ὑμεῖς.
2987 1374 3052 1428 El
3113 1372 3210 1430 οὖν
3254 1375 3575 1431 πιστεύετε
3601 1372 3736 1432 εἶναι

2114 1462 2370 1532 Χριστὸν,
2407 1463 2742 1569 ἀπενξεῦθεν
2787 1456 3046 1538 ζητεῖται
3108 1467 3428 1540 μετέπειτα
3477 1470 3592 1542 γὰρ
3643 1471 3736 1542 οὐχ

2117 1557 2461 1628 εὑρίσκεται.

2197 1822 2337 1894 Ἤδη
2363 1823 2561 1892 ἔδειξα,
2606 1825 2851 1892 Ἰουδαϊε,
2875 1815 2984 1879 άπὸ
3012 1825 3123 1880 τῶν
3149 1823 3402 1897 Γραφῶν
3435 1821 3540 1878 καὶ
3572 1820 3740 1894 αὐτῆς

2120 1917 2220 1988 τῆς
2239 1915 2500 1988 ἀληθείας
2527 1917 2612 1986 τὸ,
2640 1937 2660 1970 ι
2701 1917 2910 1991 Κύριος
2943 1915 3068 1972 εἷπε
3117 1917 3259 1990 πρός
3300 1935 3378 1988 με
3399 1933 3415 1947 ·
3469 1915 3610 1982 Υἱός
3639 1933 3734 1989 μου

2122 2009 2176 2063 εἰ
2195 2008 2284 2074 σὺ,
2299 2010 2412 2078 ἐγὼ
2429 2011 2672 2082 σήμερον
2689 2011 2998 2084 γεγέννηκά
3011 2027 3093 2065 σε.
3117 2009 3284 2076 sliat,
3297 2028 3320 2062 ‹
3337 2009 3590 2082 Alt-neat
3609 2011 3734 2081 παρ’

2123 2101 2281 2174 ἐμοῦ,
2319 2101 2412 2156 καὶ
2474 2101 2631 2156 δώσω
2663 2119 2746 2157 σοι
2791 2101 2920 2174 ἔθνη
2957 2102 3058 2172 τὴν
3115 2101 3526 2175 κληρονομίαν
3567 2117 3683 2169 σου,
3709 2119 3730 2154 ι

2123 2195 2222 2250 καὶ
2245 2194 2314 2249 τά
2346 2193 2496 2266 ἑξῆς,
2523 2194 2606 2248 ὅτι
2631 2193 2885 2267 περὶτῆς
2915 2194 3192 2268 ἐνσάρκου
3249 2195 3594 2267 οἰκονομίας
3642 2191 3733 2247 τοῦ

2125 2284 2258 2341 Υίοῢ
2282 2286 2377 2340 τοῦ
2406 2285 2544 2340 Θεοῦ
2579 2285 2819 2359 εἴρηται,
2851 2287 2997 2360 άπερ
3032 2287 3129 2341 καὶ⁷
3161 2287 3434 2357 ἐγένοντο
3467 2285 3570 2340 καὶ
3599 2303 3736 2358 μαρ-

2127 2379 2417 2450 τυροῦνται
2457 2378 2562 2431 ὑπὸ
2583 2378 2757 2447 αὐτῆς
2789 2378 2891 2450 τῆς
2927 2376 3184 2450 ἀληθείας
3246 2379 3349 2432 καὶ
3377 2377 3496 2433 τῶν
3529 2393 3734 2450 προφη-

2127 2469 2238 2524 τῶν
2269 2469 2445 2540 ὑμῶν.
2494 2469 2639 2526 me:
2665 2469 2865 2534 θέλεις,
2884 2469 3058 2537 ’δείξω
3095 2486 3179 2524 σοι
3229 2469 3321 2524 δτι
3349 2468 3455 2525 καὶ
3511 2469 3620 2542 πρδ
3641 2467 3730 2522 τοῦ

2130 2565 2340 2633 κόσμου
2380 2561 2674 2634 ἐγεννήθη,
2730 2563 2827 2617 καὶ
2891 2562 2976 2616 δτι
3015 2561 3152 2628 Θεός
3192 2563 3353 2616 ἐστιν
3415 2561 3446 2614 6
3479 2559 3728 2631 Χριστός.

2130 2655 2280 2726 Πλὴν
2309 2653 2529 2726 πρῶτον
2559 2653 2702 2708 θέλω
2721 2653 2920 2724 μαθεῖν
2945 2653 3006 2719 ἐξ
3041 2652 3198 2724 ὑμῶν
3224 2668 3240 2682 ⁸
3283 2653 3348 2708 '0
3381 2651 3557 2706 Aa6‘t6
3578 2650 3729 2724 βασι-

2131 2747 2256 2810 λεὺς
2289 2745 2366 2801 ὣν
2415 2747 2512 2802 καὶ
2547 2747 2858 2818 προφήτης,
2889 2745 3012 2800 τίνα
3058 2745 3271 2818 Κύριον
3305 2745 3406 2800 καὶ
3457 2743 3728 2813 Δεσπότην

2133 2835 2248 2910 εἶχε
2276 2857 2290 2905 ;
2318 2839 2550 2903 Πάντως
2576 2838 2736 2910 δῆλον
2763 2838 2858 2892 καὶ
2886 2837 3352 2910 ὁμολογούμενον,
3403 2836 3600 2892 οὐδένα
3623 2833 3727 2890 Κύ-

2138 2947 2252 3004 ριον
2273 2925 2411 3002 εἶχε,
2441 2931 2491 2984 εί
2517 2915 2594 3002 μῆ
2628 2929 2721 2984 τὸν
2749 2931 3054 3000 ποιήσαντα
3073 2930 3166 2984 τὸν
3186 2929 3437 3004 οὐρανὸν
3484 2929 3581 2984 καὶ
3637 2925 3725 2998 τὴν

2136 3026 2262 3095 γῆν.
2309 3023 2439 3078 Ἰδοὺ
2497 3023 2591 3078 οὖν
2651 3023 2816 3088 αὐτὸς
2861 3025 2890 3081 6
2922 3023 3089 3078 Δαδὶδ
3117 3022 3270 3092 λέγει
3315 3019 3575 3094 περὶτοῦ
3612 3020 3726 3090 Χρι-

2138 3117 2288 3182 στοῦ,
2318 3119 2402 3171 ὅτι
2436 3116 2641 3188 Κύριος
2701 3115 2868 3171 αὑτοῦ
2900 3119 3040 3184 ἐστι,
3075 3119 3172 3172 καὶ
3225 3117 3316 3170 ὃτι
3361 3116 3462 3172 καὶ
3495 3113 3600 3186 πρὸ
3629 3113 3723 3166 τῶν

2137 3209 2349 3265 αἰώνων
2375 3209 2659 3282 ἐγεννήθη.
2694 3209 2805 3264 Καὶ
2834 3209 3001 3263 Δαδὶδ
3032 3209 3132 3280 μὲν
3169 3209 3274 3262 οὐκ
3331 3207 3506 3278 έινέΰη
3537 3207 3614 3270 είς
3641 3203 3724 3258 τὸν

2137 3292 2401 3374 οὐρανόνο
2455 3303 2605 3372 λέγει
2636 3303 2693 3358 δὲ
2722 3305 2750 3357 6
2791 3301 2955 3368 αὐτὸς
3003 3303 3061 3356 ἐν
3096 3301 3268 3374 βίϐλῳ
3305 3302 3420 3356 τῶν
3469 3297 3719 3370 Ψαλμῶν,

2137 3400 2306 3472 ἧγουν
2327 3399 2428 3467 ρθ’,
2467 3395 2640 3460 οὕτως
2663 3413 2678 3428 ο
2719 3415 2738 3448 ι
2769 3391 2942 3449 Εἶπεν
2977 3396 3003 3448 ὁ
3029 3397 3232 3466 Κύριος
3263 3395 3349 3466 τῷ
3385 3393 3578 3472 Κυρίῳ
3600 3403 3720 3462 μουο

2137 3469 2322 3548 Κάθου
2355 3493 2420 3545 ἐκ
2439 3489 2630 3555 δεξιῶν
2661 3507 2787 3560 μου.
2819 3509 2838 3540 ι
2885 3489 3020 3544 Ἰδοὺ
3043 3488 3136 3542 οὖν
3169 3489 3264 3544 τὸν
3298 3469 3430 3542 Tibi)
3463 3486 3558 3540 τοῦ
3574 3477 3698 3538 Θεοῦ

2139 3585 2346 3658 Κύριον
2376 3583 2576 3638 ἑαυτοῦ
2610 3583 2799 3636 καλεί⁸
2837 3582 2976 3654 πρὸς
3005 3581 3171 3636 αὑτὸν
3214 3580 3333 3652 γὰρ
3365 3577 3522 3634 εἶπεν
3571 3579 3598 3630 6
3624 3575 3720 3628 Πα-

2139 3681 2243 3752 τὴρ
2277 3678 2418 3751 μετὰ
2443 3678 2542 3748 τὴν
2573 3678 2640 3755 ἀγ
2652 3677 2738 3730 ίαν
2767 3675 2938 3729 αὐτοῦ
2959 3678 3026 3729 ἐκ
3066 3674 3356 3746 Παρθένου
3385 3672 3527 3727 κατά
3559 3668 3719 3738 σάρκα

2139 3773 2412 3844 γέννησιν,
2449 3774 2548 3832 καὶ
2579 3769 2642 3822 τὸ
2671 3769 2943 3840 σωτήριον
2966 3766 3160 3835 πάθος,
3187 3767 3288 3821 καὶ
3317 3765 3418 3836 τὴν
3437 3767 3501 3818 ἐκ
3531 3756 3718 3830 νεκρῶν

2140 3863 2308 3919 αὐτοῦ
2341 3863 2666 3926 ἀνάστασιν,
2698 3861 2796 3914 καὶ
2858 3860 2959 3930 τὴν
3004 3857 3310 3928 ἀνάληψιν·
3351 3875 3370 3908 ι
3435 3853 3613 3908 Κάθου
3658 3849 3713 3900 ἐκ

2139 3956 2334 4023 δεξιῶν
2379 3973 2505 4027 μου,
2536 3954 2642 4019 ἕως
2673 3935 2746 4008 ’ἂν
2776 3952 2856 4006 θῶ
2883 3953 3012 4016 τοὺς
3049 3949 3294 4024 ἐχθρούς.
3313 3967 3408 4004 σου
3446 3941 3712 4001 ὑποπόδιον

2140 4051 2252 4104 τῶν
2279 4048 2460 4103 ποδῶν
2489 4065 2606 4102 σου.
2669 4065 2690 4100 ι
2758 4045 2900 4099 Ἀλλ’
2927 4044 3061 4108 ἴσως
3089 4045 3256 4113 ἐρεῖς,
3296 4035 3344 4096 ὦ
3381 4037 3616 4098 Ἰουδαῐε,
3641 4031 3712 4084 ὅτι

2141 4141 2380 4213 Χριστὸς
2408 4141 2648 4212 κάθηται
2701 4141 2760 4194 ἐν
2789 4136 2942 4208 δεξιᾷ
2992 4137 3089 4190 τοῦ
3153 4135 3316 4201 Θεοῦ,
3354 4134 3516 4204 ἄχρις
3545 4128 3606 4182 ἂν
3629 4123 3712 4192 τὴν

2144 4233 2384 4305 ἐσχάτην
2413 4231 2636 4303 καιρίαν
2661 4229 2874 4283 ἔλευσιν
2908 4229 3228 4298 ποιήσηται,
3255 4227 3328 4298 ἢν
3353 4223 3444 4279 διὰ
3478 4218 3582 4274 τῶν
3597 4227 3711 4284 προ⁹

2147 4325 2336 4397 φητῶν
2369 4323 2742 4397 ἐπηγγείλατο
2763 4363 2778 4388 ,
2813 4321 2890 4386 ὡς
2927 4321 3088 4393 δῆθεν
3132 4319 3324 4390 ἀκμὴν
3361 4318 3438 4388 μὴ
3466 4309 3708 4368 ἐλθόντος.

2145 4417 2256 4470 Καὶ
2291 4414 2536 4486 πῶςέχει
2569 4412 2731 4469 τοῦτο
2768 4413 2952 4492 λογον,
3015 4407 3178 4478 eius;
3219 4411 3272 4465 τί
3334 4407 3413 4480 τῷ
3442 4397 3708 4492 καθημένῳ

2147 4508 2300 4578 λέγει
2328 4485 2524 4562 πάλιν·
2583 4487 2821 4572 Κάθουέ
2848 4505 2970 4559 Τίνι
2997 4503 3054 4558 δὲ
3085 4503 3400 4576 ἦχθρευσαν
3441 4499 3490 4551 οί
3540 4485 3712 4578 ἐχθρά-

445 4597 624 4655 Sede?
649 4597 937 4664 Quomodo
979 4607 1165 4652 autem
1200 4597 1409 4652 inimici
1454 4596 1652 4653 infensi
1684 4598 1798 4653 sint
1831 4599 1911 4654 illi
1945 4600 2033 4670 qui

2147 4575 2338 4674 ναντες
2386 4595 2468 4670 τῷ
2505 4598 2672 4670 μήπω
2703 4596 2944 4651 ἐθέλοντι
2994 4594 3129 4668 [leg.
3179 4588 3448 4662 ἐλθόντι];
3479 4585 3584 4642 Καῖ
3614 4575 3705 4674 γᾴρ

448 4689 698 4746 nondum
757 4689 1016 4744 venerit?
1067 4689 1184 4744 Hoc
1221 4689 1368 4745 enim
1402 4690 1617 4755 dicens,
1678 4689 1834 4757 Sede,
1871 4691 2042 4748 C‘hri-

448 4791 598 4838 stum
627 4799 659 4840 e
687 4783 916 4838 terrain
962 4783 1135 4838 ccelos
1191 4781 1538 4846 redeuntem,
1594 4799 1793 4839 rursus
1845 4784 2040 4841 sedere

444 4877 626 4950 jubet,
653 4877 798 4933 sicut
835 4877 988 4948 prius
1015 4875 1244 4931 sedebat
1271 4891 1438 4946 super
1467 4876 1725 4932 inimicos
1754 4891 1907 4932 suos.
1930 4878 2042 4932 Vos

451 4971 684 5042 itaque,
731 4970 930 5037 Judaei,
985 4971 1199 5027 inimici
1255 4971 1378 5042 ejus
1434 4970 1598 5034 estis,
1644 4970 1748 5024 sub
1803 4969 2042 5040 pedibus

2144 4667 2358 4758 τοῦτοὸ
2378 4667 2806 4759 λέγε-ιίΚὰθου,
2831 4685 2910 4756 τῷ
2943 4667 3053 4738 ἀπὸ
3072 4684 3172 4754 τῆς
3198 4685 3321 4755 ,γῆς
3347 4680 3438 4734 ἐπὶ
3487 4674 3604 4736 τοὺς
3627 4667 3705 4759 σξι-

2149 4755 2348 4856 ρανους
2381 4755 2662 4835 ἀνελθόντι
2733 4755 2960 4833 καθίσαι
2999 4775 3164 4830 πάλιν
3197 4774 3370 4844 λέγει,
3395 4766 3568 4864 mea;
3594 4755 3705 4864 πξὶγ
3782 4825 3790 4840 ο

2147 4875 2332 4929 ἐπάνω
2361 4868 2431 4944 ἦν
2469 4873 2580 4927 τῶν
2624 4871 2838 4944 ἐχθρῶν
2873 4867 3074 4924 αὐτοῦ*
3126 4867 3205 4932 ὡς
3237 4864 3378 4922 εῖναι
3431 4859 3567 4932 ὑμᾶς
3595 4859 3703 4944 τους

2160 4966 2450 5030 Ἰουδαίους
2479 4962 2709 5038 ἐχθροὺς
2739 4962 2906 5017 αὐτοῦ
2934 4961 3030 5016 καὶ
3065 4959 3448 5033 πατουμένους
3473 4950 3572 5007 ὑπὸ
3595 4943 3699 5004 τοὺς

447 5039 780 5120 Christianae
832 5065 1014 5136 gentis
1067 5039 1376 5120 conculcati
1423 5079 1598 5132 usque
1633 5062 1704 5118 ad
1729 5039 2033 5118 extremam

2144 5046 2314 5124 πόδας
2339 5059 2436 5114 τοῦ
2461 5054 2858 5132 Χριστιανικοῢ
2875 5055 3047 5124 φύλου
3075 5055 3182 5120 ἕως
3212 5047 3526 5109 τελευταίας
3551 5039 3695 5110 ὥραςο

451 5157 668 5212 horam.
697 5157 853 5215 Unde
872 5167 930 5214 et
957 5157 1154 5213 merito
1185 5154 1612 5232 conculcamini,
1634 5157 1916 5227 etjustum
1957 5164 2042 5211 est

453 5249 602 5318 quod
631 5249 851 5318 passuri
871 5251 1039 5308 estis:
1066 5258 1287 5322 tempus
1306 5249 1456 5304 enim
1483 5249 1618 5306 illud
1641 5249 1790 5320 quod
1821 5249 2043 5322 iactatis

453 5349 512 5396 et
545 5342 900 5410 exspectatis,
929 5342 1044 5398 ictu
1074 5342 1223 5398 oculi
1275 5341 1440 5397 citius
1480 5340 1638 5396 vobis
1664 5341 2039 5412 superveniet,

455 5449 566 5502 quo
583 5431 929 5505 scilicetyos,
945 5449 1072 5490 cum
1087 5434 1387 5504 deceptore
1402 5433 1497 5487 illo
1515 5432 1606 5489 cui
1619 5432 1870 5499 creditis,
1883 5442 2042 5488 aeter-

456 5522 513 5577 ni
550 5521 696 5594 ignis
721 5525 1078 5596 supplicium,
1109 5525 1199 5582 cui
1229 5526 1369 5580 estis
1405 5523 1697 5590 reservati,
1731 5524 2038 5596 recipietis.

533 5615 748 5670 Rursus
781 5615 929 5672 idem
964 5631 1060 5672 rex
1088 5625 1143 5672 et
1173 5615 1470 5687 propheta,
1493 5615 1552 5670 in
1575 5615 1772 5673 eodem
1799 5617 2036 5687 psahno,

459 5709 619 5777 quasi
645 5707 742 5762 Dei
789 5717 844 5762 et
888 5707 1066 5764 Patris
1112 5723 1413 5778 personam
1459 5709 1758 5780 accipiens,
1791 5709 1860 5764 de
1905 5708 2046 5764 Filio

535 5867 578 5900 ²²
611 5867 754 5922 Psal.
791 5882 849 5935 II,
887 5867 938 5920 Ἰ.
1009 5866 1054 5899 ³³
1086 5866 1220 5920 ibid.
1261 5867 1314 5924 8.

2147 5154 2313 5208 Ὅθεν
2361 5152 2456 5208 καὶ
2489 5151 2716 5216 δικαίως
2745 5149 3030 5215 πατεῖσθε,
3061 5149 3158 5204 καὶ⁵
3211 5147 3274 5200 τὸ
3319 5136 3695 5208 ἀποϐησόμενον

2148 5249 2276 5318 ὑμῖν
2301 5243 2666 5300 δίκαιον-τὸν
2689 5243 2798 5315 γὰρ
2827 5240 3023 5314 καιρὸν
3083 5239 3144 5294 δν
3181 5239 3367 5307 λέγετε
3398 5232 3488 5288 καὶ
3509 5221 3696 5291 ἐκδέχε-

2149 5341 2244 5395 σθε
2269 5338 2496 5408 φθάνειν
2527 5339 2675 5408 ὑμᾶς
2697 5335 3012 5408 βλέμματος
3036 5331 3364 5406 γοργοτέρου
3393 5320 3692 5408 παρέχετίιν

2152 5405 2292 5503 μεθ’⁷
2315 5425 2376 5486 οὒ
2405 5430 2500 5486 καὶ
2531 5405 2812 5502 ὑμεῖς-καλ
2932 5405 3219 5482 πιστεῦετε
3245 5421 3449 5489 πλάνῳ,
3479 5413 3553 5474 εἰς
3580 5405 3691 5470 αιω·

2152 5527 2272 5580 νίαν
2295 5525 2467 5596 πυρὸς
2494 5524 2723 5596 ἐκδοχὴν
2747 5522 2988 5577 δέδοσθε.
3555 5591 3565 5596 _
3660 5575 3678 5588 η

2220 5617 2334 5670 Καὶ
2364 5591 2528 5671 πάλιν
2563 5617 2592 5668 6
2619 5591 2787 5679 αθτὸς
2817 5611 3111 5686 προφήτης
3143 5609 3240 5665 καὶ
3281 5591 3602 5686 βασιλεδί,ὲν

2152 5707 2301 5778 αὺτῷ
2329 5707 2529 5780 ψαλμῷ
2568 5707 2644 5772 ὡς
2669 5708 2756 5761 ἐκ·
2786 5681 3082 5776 προσώπου
3111 5701 3203 5758 τοῦ
3227 5695 3358 5754 Θεοῦ
3389 5689 3478 5748 καὶ
3503 5681 3688 5745 Hau-1°“
