4064 6474
355 316 489 380 1917

1366 319 1825 379 DISI’UTATIO
1866 319 2269 380 ADVERSUS
2307 320 2638 386 JUD/EOS.

3494 325 3631 391 1218

352 434 603 508 περὶτοῦ
663 433 795 491 Υίοῦ
827 438 923 490 καὶ
977 435 1150 504 Λόγου
1205 434 1296 488 τοῦ
1340 437 1474 490 Θεοῦ
1543 436 1718 500 οὕτως
1753 437 1936 504 λέγει·

2044 445 2100 490 et
2135 437 2314 494 Verbo
2348 439 2442 495 Dei
2476 441 2560 497 sic
2599 441 2892 512 loquitur:
2935 462 2952 494 ι
2988 444 3062 498 Ex
3095 451 3255 499 utero
3291 450 3421 499 ante
3464 443 3632 499 Luci-

355 550 374 582 ι
401 529 493 582 Ἐκ
522 528 760 600 γαστρὸς
785 528 892 600 πρὸ
923 529 1208 601 ἑωσφόρον
1242 529 1515 601 ἐγέννησὰ
1545 546 1624 586 σε.
1680 551 1699 583 ι
1746 531 1806 582 Ὀ
1832 529 1942 601 γὰρ

357 621 639 692 ἑωσφόρος
695 623 762 691 τῇ
809 621 1048 693 τετάρτῃ
1091 621 1278 693 ἡμέρᾳ
1318 620 1574 690 ἐγένετοο
1607 623 1636 675 6
1675 621 1734 674 δέ
1769 619 1942 690 Ἀδὰμ

349 717 418 785 τῇ
447 714 580 786 ἕκτῃ
612 713 796 786 ἡμέρᾳ
829 713 1095 786 ἐπλάσθη.
1125 713 1350 781 Λοιπὸν,
1405 708 1452 769 ὦ
1497 713 1748 780 Ἰουδαῖε,
1797 715 1938 777 εἰπὲ,

349 805 474 860 τίνα
495 805 604 878 πρὸ
637 787 994 877 παρασκευῆς
1020 805 1122 877 τῆς
1151 805 1382 870 κτίσεως
1408 805 1704 876 ἐγέννησεν
1724 808 1752 860 6
1783 805 1938 868 Θεός.

349 895 500 970 Ἀρα
523 899 652 970 περὶ
677 897 774 952 τοῦ
793 897 969 968 ’Δδὰμ
990 897 1140 968 λέγει
1161 913 1178 965 ;
1217 899 1488 970 Οὐδαμῶς
1514 915 1528 929 ·
1563 898 1704 968 μετὰ
1722 898 1832 970 γὰρ
1851 897 1944 951 δύο

351 991 569 1062 ἡμέρας
622 989 720 1045 τοῦ
751 991 1029 1062 ἐωσφόρου
1087 991 1326 1045 καὶτῶν
1375 990 1626 1061 ἀστέρων
1670 989 1940 1060 ἐπλάσθη.

365 1083 529 1139 Ἀλλὰ
559 1079 811 1154 περὶτοῦ
833 1079 1233 1153 Ἡλειμμέγου
1269 1083 1399 1154 ὑμῖν
1435 1081 1617 1152 λέγει;
1646 1081 1784 1136 ἀλλὰ
1829 1081 1944 1135 υἱὸν

350 1179 518 1234 Δαϐὶδ
539 1179 704 1234 αὑτὸν
729 1178 791 1234 οὑ
814 1179 1004 1248 λέγετε
1029 1175 1171 1232 εἷναι
1193 1195 1208 1210 ·
1257 1179 1285 1232 6
1317 1179 1374 1232 δὲ
1419 1179 1586 1232 Δα6“ιδ
1619 1178 1760 1250 μετὰ
1815 1179 1947 1232 πολ-

348 1274 477 1338 λοὺς
511 1274 736 1346 χρόνους
762 1272 857 1326 τοῦ
905 1271 1078 1344 ’Δδὰμ
1105 1269 1371 1342 ἐγεννήθη
1396 1289 1410 1302 ο
1441 1274 1471 1325 6
1520 1271 1628 1342 γὰρ
1669 1271 1844 1342 Ἀδὰμ
1875 1275 1942 1344 τῇ

348 1367 487 1438 ἕκτῃ
522 1365 706 1436 ἡμέρᾳ
761 1363 1028 1434 ἐπλάσθη,
1084 1362 1160 1427 ὡς
1191 1360 1430 1435 εἴρηται,
1461 1363 1558 1418 καὶ
1586 1363 1636 1416 οί
1671 1362 1944 1434 ἐιυσφόροι

348 1461 420 1528 τῇ
459 1456 696 1529 τετάρτῃ
761 1457 946 1528 ἡμέρα
983 1455 1264 1526 ἐγένοντο⁸
1316 1458 1346 1510 6
1386 1455 1444 1509 δέ
1476 1455 1608 1519 Θεὸς
1653 1457 1786 1526 περὶ
1835 1454 1934 1509 τοῦ

353 1549 488 1604 ἰδίου
518 1549 648 1604 Υἱοῦ
674 1549 845 1618 λέγει,
901 1549 984 1603 ὅτι
1020 1567 1038 1600 ι
1077 1547 1191 1621 Πρὸ
1238 1547 1520 1621 ἑωσφόρον
1551 1547 1827 1618 ἐγέννησά
1850 1565 1941 1601 σε*

351 1644 420 1709 ab
454 1643 635 1720 ἱερεὺς
663 1645 744 1706 είς
761 1641 854 1696 τὸν
873 1641 1048 1696 αἰῶνα
1075 1640 1218 1695 κατὰ
1237 1640 1336 1712 τὴν
1351 1639 1506 1708 τάξιν
1531 1640 1890 1712 Μελχισεδὲκ,
1917 1659 1936 1692 ι

347 1737 632 1790 τουτέστιν
685 1736 864 1808 ἱερεὺς
913 1735 1024 1790 τῶν
1075 1735 1267 1789 ἐθνῶν.
1328 1734 1386 1788 ’0
1442 1733 1551 1806 γὰρ
1605 1733 1943 1806 Μελχισεδὲκ

347 1825 492 1882 οἶνον
549 1827 643 1882 καὶ
673 1795 858 1898 ἄρτον⁷
893 1828 1204 1899 προσέφερε
1261 1825 1340 1896 τῷ
1373 1795 1535 1896 Θεῶ,
1576 1795 1761 1890 καθὼς
1791 1825 1886 1880 καὶ
1914 1827 1944 1878 6
1969 1795 2019 1854 Β

347 1919 608 1991 Χριστὸς,
639 1921 668 1973 6
691 1920 984 1992 ἀρχιερεὺς
1021 1917 1203 1990 ἡμῶν,
1238 1916 1558 1988 παρέδωκεν
1590 1918 1743 1990 ἡμᾶς
1792 1917 1942 1972 θύειν

347 2011 502 2083 αὑτῷ
533 2012 910 2082 ἀναιμάκτους
937 2009 1132 2074 θυσίας
1187 2009 1329 2063 κατὰ
1353 2009 1453 2080 τὴν
1500 2008 1654 2076 τάξιν
1674 2008 1944 2079 Μελχισεο

347 2101 468 2156 δέκ.
506 2103 778 2156 ΙἌκουσον
803 2101 861 2154 δὲ
888 2100 986 2154 καὶ
1013 2097 1361 2170 Σολομῶντος
1399 2098 1650 2167 λέγοντος
1679 2101 1810 2169 περὶ
1841 2099 1941 2168 τῆς

345 2193 458 2267 πρὸ
489 2192 706 2248 αἰώνων
745 2191 1052 2263 γεννήσεως
1109 2189 1204 2242 τοῦ
1277 2190 1600 2260 μονογενοῦς
1661 2189 1795 2243 Υίοῦ
1845 2189 1939 2243 τοῦ

345 2285 516 2340 Θεοῖν
547 2303 567 2336 σ
604 2283 720 2354 Πρὸ
745 2282 839 2336 τοῦ
867 2282 935 2336 τὰ
962 2283 1065 2354 ὅρη
1085 2280 1363 2352 γενέσθαι,
1395 2281 1502 2352 πρὸ
1554 2281 1648 2335 τοῦ
1679 2283 1781 2346 τὰς
1835 2300 1941 2353 πη·-

345 2376 454 2448 γὰς
493 2375 799 2448 προελθεῖν,
835 2375 940 2446 πρὸ
985 2375 1042 2429 δὲ
1075 2375 1296 2428 πάντων
1327 2374 1555 2446 βουνῶν,
1587 2377 1756 2448 γεννᾷ
1787 2393 1876 2448 με.
1915 2397 1934 2429 ι

357 2470 541 2538 Δεϊξόν
579 2487 670 2540 μοι
697 2465 792 2523 οὖν
821 2467 942 2522 τίνα
967 2470 996 2522 6
1049 2467 1180 2532 Θεὸς
1221 2467 1330 2540 πρὸ
1369 2469 1550 2538 πάσης
1573 2469 1676 2540 τῆς
1707 2469 1940 2536 κτίσεως

321 2563 662 2634 -ἐγέννησεν.
713 2560 992 2624 Ὡσαύτως
1041 2559 1099 2612 δὲ
1147 2560 1242 2614 καὶ
1293 2559 1457 2614 πάλιν
1489 2561 1518 2614 6
1545 2560 1714 2614 Δαόὶδ
1772 2563 1830 2616 ἐν
1859 2561 1942 2632 βί-

353 2655 466 2726 σλῳ
493 2653 740 2723 Ψαλμῶν
760 2653 834 2718 oC'
880 2653 1028 2715 λέγει
1049 2667 1063 2682 ο
1106 2671 1125 2704 ι
1178 2651 1236 2706 Ὁ
1266 2651 1420 2716 Θεὸς,
1455 2653 1515 2706 τὸ
1539 2651 1712 2724 κρῖμά
1744 2670 1841 2707 σου
1863 2651 1941 2724 τῷ

351 2745 566 2818 βασιλεῖ
619 2745 728 2810 δὸς,
793 2745 886 2798 καὶ
940 2743 1040 2815 τὴν
1074 2743 1424 2816 δικαιοσύνην
1455 2761 1549 2798 σου
1594 2743 1672 2814 τῷ
1695 2742 1798 2816 υἱῷ
1840 2743 1934 2798 τοῦ

349 2837 639 2910 βασιλέως.
683 2856 701 2890 ι
730 2837 840 2892 Καὶ
872 2837 951 2908 μὴ
983 2835 1146 2909 εἴπῃς
1175 2835 1308 2908 περὶ
1336 2834 1683 2905 Σολομῶντος
1721 2834 1902 2905 λέγειν
1925 2853 1938 2867 ο

346 2928 472 2985 εἷπε
494 2931 605 3000 γὰρ
639 2928 781 3000 μετὰ
807 2927 1019 2996 ὀλίγους
1061 2928 1304 3000 στίχους,
1327 2929 1409 2982 ὅτι
1446 2947 1464 2980 ι
1497 2927 1940 3000 Κατακυριεύσει

345 3023 458 3078 άπὸ
488 3022 768 3094 Θαλάσσης
794 3021 899 3086 ἓως
931 3021 1232 3094 θαλάσσης,
1267 3023 1362 3076 καὶ
1381 3013 1490 3094 πρὸ
1513 3020 1608 3075 τοῦ
1638 3021 1792 3092 ἡλίου
1823 3021 1941 3076 δια-

350 3113 506 3187 μένει
542 3113 804 3187 τὸδδνομα
838 3113 1026 3178 αὐτοῦ,
1057 3113 1152 3168 καὶ
1184 3115 1292 3185 πρὸ
1305 3113 1406 3184 τῆς
1438 3113 1694 3186 σελήνης,
1743 3115 1940 3199 γενεὰς
1963 3155 2010 3218 C

347 3209 586 3280 γενεῶν.
623 3229 643 3264 ι
685 3209 816 3262 Ἰδοὺ
847 3205 1030 3273 ἐδειξά
1047 3223 1132 3260 σοι
1163 3205 1354 3278 σαφῶς
1387 3208 1484 3261 καὶ
1511 3206 1602 3261 διὰ
1646 3207 1814 3260 Δαὸὶδ
1845 3209 1939 3262 καὶ

345 3302 438 3359 διὰ
469 3300 840 3372 Σολομῶντος,
891 3301 975 3354 ὃτι
1019 3299 1127 3370 πρὸ
1159 3299 1346 3368 πάσης
1385 3301 1484 3368 τῆς
1513 3299 1748 3363 κτίσεως
1779 3300 1936 3370 ἐγενο

345 3396 494 3469 νήθη
537 3398 566 3451 6
609 3395 739 3460 Υἱὸς
784 3395 850 3450 ἐκ
891 3393 988 3448 τοῦ
1035 3391 1268 3465 Πατρὸς,
1314 3391 1393 3457 ὡς
1447 3388 1590 3447 οἶδεν
1639 3392 1802 3458 αὑτὸς
1842 3392 1942 3466 μό-

346 3505 466 3554 νος.

418 3580 592 3636 Πάλιν
617 3578 796 3634 ἐκεῖνό
821 3595 908 3648 μοι
933 3578 1126 3634 εἴπατε
1156 3576 1338 3647 ὑμεῖς,
1365 3577 1462 3631 καὶ
1489 3575 1656 3639 εὐθὺς
1683 3564 1940 3645 φαίνεται

343 3675 384 3745 ἡ
416 3672 668 3745 ἀλήθεια,
689 3671 796 3726 τὸν
826 3669 1195 3740 ἠλειμμένον
1211 3667 1270 3723 ὃν
1298 3668 1586 3741 ἐκδέχεσθε
1605 3668 1786 3738 ὑμεῖς,
1820 3667 1942 3720 τίνα

344 3766 542 3836 λέγετε
564 3764 758 3831 αὑτόν;
793 3763 927 3818 Θεὸν
953 3763 987 3834 ἡ
1018 3762 1306 3835 ἄνθρωπον
1331 3761 1506 3832 ψιλὸν,
1536 3760 1612 3824 ὡς
1661 3760 1753 3814 τὸν
1775 3758 1942 3815 Δαόὶδ

345 3859 600 3922 καὶτοὺς
631 3857 852 3922 λοιποὺς
893 3855 1254 3930 ἀνθρώπουςς
1309 3855 1466 3926 Ἔχει
1529 3855 1705 3909 εἰπεῖν
1731 3855 1760 3908 6
1809 3854 1942 3907 ‘Ioo-

343 3939 524 4015 δαῖος·
575 3949 903 4021 Ἄνθρωπον
943 3947 1108 4004 αὑτὸν
1135 3947 1393 4018 λέγομεν,
1425 3945 1522 3999 καὶ
1548 3946 1612 4000 οὑ
1635 3945 1791 4010 Θεὸν,
1822 3943 1942 3998 ἀλλ’

345 4041 425 4106 ὡς
441 4041 541 4096 ἕνα
562 4040 670 4094 τῶν
705 4037 1008 4112 προφητῶν
1031 4055 1045 4067 ·
1089 4037 1191 4092 οὑκ
1237 4036 1354 4090 ἐστι
1383 4035 1494 4108 γὰρ
1538 4035 1588 4090 εί
1617 4035 1694 4106 μὴ
1733 4029 1814 4100 εἷς
1846 4035 1941 4088 καὶ

349 4133 516 4206 μόνος
547 4133 578 4187 6
617 4132 773 4199 Θεὸς,
805 4131 902 4186 καὶ
931 4130 1055 4201 οὑχὶ
1104 4128 1222 4194 δύο,
1254 4127 1510 4200 καθάπερ
1538 4127 1592 4181 oi
1616 4126 1942 4198 Χριστιανοὶ

345 4226 560 4290 λέγετε.
592 4227 703 4281 Καὶ
745 4225 869 4280 ἐπεὶ
893 4221 1068 4286 οὕτως
1095 4221 1311 4292 λέγετε,
1353 4221 1438 4275 ὅτι
1492 4219 1782 4292 ἄνθρωπός
1825 4221 1944 4273 ἐστι

344 4319 504 4390 ψιλὸς
533 4319 562 4373 6
601 4316 902 4390 ἐρχόμενος
927 4315 1168 4387 Χριστὸς
1192 4311 1374 4385 ὑμῶν,
1427 4311 1748 4382 ἐνέγκωμεν
1815 4310 1942 4384 ἄρτι

346 4411 448 4475 τὰς
499 4409 682 4480 φωνὰς
712 4409 824 4462 τῶν
853 4406 1177 4479 προφητῶν,
1215 4405 1312 4460 καὶ
1371 4401 1468 4457 ἐὰν
1503 4403 1636 4457 Θεὸν
1665 4399 1944 4473 ἐκήρυξαν

2043 527 2224 583 ferum
2254 531 2418 601 genui
2451 540 2502 587 te
2531 533 2600 600 ‘3;
2633 553 2651 585 ι
2692 533 2918 589 Lucifer
2941 550 3109 604 porro
3131 543 3329 604 quarta
3362 535 3451 589 die
3485 550 3637 590 crea-

2047 627 2134 676 tus
2169 631 2274 687 est,
2305 623 2481 688 Adam
2513 641 2647 680 vero
2676 635 2829 682 sexta
2865 625 2956 682 die
3003 625 3276 682 formatus
3313 635 3418 681 est.
3453 627 3632 690 Nunc,

2047 713 2303 792 oJudaee,
2328 715 2420 770 dic
2446 717 2578 772 mihi
2605 736 2618 770 :
2642 717 2818 784 Quem
2843 727 2973 775 ante
2999 719 3304 774 creationis
3328 719 3634 788 primordia

2044 808 2302 877 genuerit
2331 809 2665 864 Deus.-Num
2697 809 2766 866 de
2798 809 3010 866 Adamo
3047 809 3344 881 loquitur?
3377 811 3598 866 Minime
3619 853 3634 876 ,

2045 899 2321 970 siquidem
2355 909 2480 970 post
2511 901 2819 958 secundum
2842 903 2990 958 diem
3010 918 3123 973 quo
3145 902 3372 957 Lucifer
3399 911 3457 958 ει
3487 913 3638 959 astra

2045 998 2232 1046 creata
2263 999 2415 1056 sunt,
2449 991 2726 1048 formatus
2766 1002 2873 1050 est.
2907 993 3122 1049 Forsan
3151 993 3219 1050 de
3253 994 3420 1050 Uncto
3449 1003 3636 1050 vestro

2045 1083 2296 1154 loquitur
2317 1083 2340 1137 ?
2364 1083 2471 1140 Sed
2501 1085 2680 1146 illum.
2709 1085 2778 1141 de
2806 1102 2917 1156 quo
2937 1101 3123 1142 sermo
3141 1094 3250 1150 est,
3277 1086 3482 1141 Filium
3506 1102 3631 1143 esse

2045 1173 2273 1230 Davidis
2293 1190 2404 1230 non
2434 1175 2666 1244 dicitur;
2691 1187 2952 1232 caeterum
2975 1179 3147 1234 David
3172 1179 3341 1250 longo
3364 1189 3634 1250 tempore,

2046 1277 2170 1336 post
2197 1267 2470 1322 Adamum
2514 1279 2572 1324 et
2609 1281 2757 1326 astra
2810 1281 2978 1326 natus
3029 1281 3116 1327 est
3143 1290 3155 1326 :
3182 1273 3428 1328 Adamus
3459 1273 3631 1338 enim,

2047 1367 2108 1414 ut
2137 1358 2349 1414 dictum
2382 1368 2491 1426 est,
2517 1371 2670 1416 sexta
2717 1363 3020 1418 creationis
3067 1363 3159 1418 die
3205 1363 3480 1420 formatus
3524 1373 3632 1426 est,

2047 1460 2194 1506 astra
2213 1462 2410 1522 quarta
2447 1453 2538 1508 die
2572 1454 2714 1509 facta
2741 1463 2903 1522 sunt;
2932 1457 3078 1511 Deus
3105 1465 3289 1512 autem
3312 1458 3382 1513 de
3407 1459 3634 1528 proprio

2047 1543 2189 1600 Filio
2242 1544 2378 1600 dicit
2429 1563 2443 1598 :
2490 1565 2509 1597 ι
2547 1546 2690 1606 Ante
2743 1547 3063 1602 Luciferum
3100 1549 3266 1619 genui
3321 1559 3413 1614 te;
3469 1559 3524 1604 tu
3573 1564 3635 1604 es

2047 1635 2312 1692 sacerdos
2351 1637 2407 1692 in
2439 1645 2709 1708 aeternum
2764 1641 3073 1695 secundum
3107 1641 3359 1695 ordinem
3403 1641 3634 1696 Melchi-

2047 1728 2234 1796 sedec,
2277 1749 2296 1781 ι
2351 1729 2406 1784 id
2463 1741 2572 1795 est,
2614 1731 2874 1786 sacerdos
2927 1734 3176 1802 gentium
3211 1750 3225 1786 :
3264 1733 3640 1788 Melchisedec

2045 1823 2194 1877 enim
2231 1822 2420 1877 vinum
2451 1833 2506 1879 et
2535 1839 2734 1894 panem
2755 1865 2761 1870 ι
2785 1825 2899 1880 Deo
2927 1825 3152 1892 obtulit,
3189 1826 3338 1881 sicut
3379 1835 3434 1880 et
3467 1825 3633 1881 Chri-

2045 1924 2187 1980 stus,
2217 1915 2463 1984 pontifex
2493 1926 2714 1980 noster,
2761 1917 2922 1972 nobis
2980 1917 3302 1972 mandatum
3353 1918 3526 1984 dedit,
3575 1929 3636 1972 ut

2045 2008 2149 2078 ipsi
2194 2008 2486 2064 incruenta
2529 2009 2806 2064 sacriﬁcia
2842 2011 3166 2078 offeramus,
3200 2013 3509 2066 secundum
3539 2029 3636 2067 orv

2043 2102 2230 2156 dinem
2265 2103 2658 2158 Melchisedec.
2704 2103 2844 2158 Audi
2879 2115 2937 2158 et
2968 2104 3322 2160 Salomonem
3354 2106 3423 2160 de
3462 2121 3634 2176 gene-

2044 2196 2260 2251 ratione
2289 2195 2560 2266 unigeniti
2588 2195 2711 2250 Filii
2751 2197 2848 2251 Dei
2889 2204 3017 2252 ante
3053 2198 3254 2251 szecula
3295 2197 3574 2252 dicentem
3616 2214 3631 2252 :

2049 2305 2068 2337 ‹
2096 2286 2411 2356 Antequam
2434 2288 2632 2343 tierent
2653 2297 3210 2358 montes-antequam
3236 2289 3419 2342 fontes
3439 2288 3629 2358 prodi-

2042 2389 2188 2446 rent,
2211 2388 2268 2435 et
2296 2388 2426 2436 ante
2447 2395 2644 2436 omnes
2671 2381 2842 2436 colles
2863 2381 3059 2452 genuit
3090 2397 3200 2436 me.
3230 2401 3248 2431 ι
3278 2381 3466 2436 [ndica
3490 2397 3628 2452 ergo

2043 2472 2180 2527 mihi
2204 2489 2369 2544 quem
2399 2483 2528 2529 ante
2553 2489 2780 2529 omnem
2825 2481 3141 2529 creaturam
3173 2475 3430 2545 genuerit
3459 2475 3632 2529 Deus.

2041 2565 2178 2620 Item
2199 2563 2396 2628 David,
2429 2563 2484 2619 in
2505 2564 2652 2619 libro
2679 2564 3046 2630 Psalmorum,
3073 2564 3285 2634 psalmo
3326 2580 3492 2629 xcvu,
3527 2565 3636 2617 imo

2044 2675 2190 2725 Lxxt,
2240 2657 2445 2718 iterum
2491 2657 2668 2712 dicit:
2724 2675 2743 2708 ι
2783 2658 2954 2720 Deus,
2991 2656 3268 2728 judicium
3311 2664 3468 2711 tuum
3519 2656 3636 2727 regi

2043 2749 2134 2816 da,
2161 2759 2218 2805 et
2241 2749 2516 2820 justitiam
2561 2756 2715 2802 tuam
2767 2747 2882 2802 tilio
2925 2747 3071 2818 regis
3093 2745 3138 2778 "
3171 2763 3186 2813 ;
3219 2765 3238 2798 ι
3293 2762 3474 2816 neque
3520 2747 3639 2802 haec

2043 2843 2196 2900 dicas
2254 2843 2324 2898 de
2361 2841 2657 2898 Salomone
2715 2841 2862 2895 dicta
2916 2855 3063 2906 esse,
3120 2837 3396 2908 siquidem
3449 2838 3640 2894 subdit

2042 2935 2212 3006 paulo
2231 2944 2358 3008 post
2387 2951 2403 2986 :
2432 2953 2451 2986 ‹
2483 2933 2874 2989 Dominabitur
2907 2949 2939 2988 a
2968 2932 3108 2987 mari
3143 2945 3323 3004 usque
3351 2931 3421 2986 ad
3449 2946 3624 2994 mare,

2042 3037 2098 3084 et
2123 3038 2414 3100 permanet
2439 3035 2568 3082 ante
2605 3027 2779 3082 solem
2807 3040 3010 3082 nomen
3040 3026 3182 3096 ejus,
3207 3035 3265 3080 et
3287 3035 3416 3080 ante
3445 3025 3634 3080 lunam

2045 3119 2102 3174 in
2152 3121 2543 3192 generationes
2585 3118 3010 3190 generationum
3038 3119 3108 3172 ³⁵.
3152 3117 3298 3173 Ecce
3343 3117 3636 3186 perspicue

2043 3211 2424 3267 demonstravi
2451 3210 2574 3274 tibi,
2613 3226 2681 3265 ex
2719 3209 2950 3264 Davidis
2991 3207 3414 3278 Salomonisque
3476 3209 3636 3263 testi-

2042 3303 2252 3369 monio,
2283 3303 2483 3362 Filium
2513 3301 2616 3356 Dei
2647 3308 2778 3356 ante
2803 3315 3026 3355 omnem
3065 3309 3383 3354 creaturam
3415 3314 3444 3353 a
3468 3297 3637 3352 Patre

2042 3395 2214 3453 fuisse
2239 3404 2588 3468 generatum,
2621 3410 2689 3451 eo
2717 3393 2886 3450 modo
2924 3408 3090 3465 quem
3123 3391 3241 3464 ipse
3276 3393 3430 3449 solus
3454 3391 3634 3448 novit.

2115 3579 2330 3633 Rursus
2353 3578 2518 3633 aliam
2555 3575 2922 3648 quaestionem
2947 3575 3150 3631 solvite
3174 3573 3338 3639 mihi,
3365 3580 3422 3629 et
3448 3571 3637 3628 statim

2042 3671 2251 3727 veritas
2284 3670 2574 3740 apparebit
2606 3687 2620 3722 :
2657 3668 2888 3724 chtum
2914 3668 3098 3729 illum,
3139 3683 3168 3722 a
3236 3665 3398 3721 vobis
3443 3679 3642 3735 exspe-

2043 3774 2277 3831 ctatum,
2313 3779 2480 3834 quem
2529 3761 2718 3817 dicitis
2744 3761 2908 3816 esse?
2934 3761 3203 3823 Deumne,
3241 3774 3310 3812 an
3353 3756 3637 3812 hominem

2046 3865 2281 3922 tantum,
2326 3856 2474 3912 sicut
2509 3853 2619 3910 fuit
2655 3853 2773 3922 ipse
2810 3851 3006 3916 David,
3065 3858 3122 3906 et
3144 3849 3330 3904 ceteri
3380 3845 3639 3902 homines

2043 3946 2778 4027 exsistuntbRespondebit
2829 3959 2963 4000 sane
3009 3943 3233 4000 Judzcus
3277 3958 3290 3994 :
3341 3941 3636 3996 Hominem

2043 4023 2168 4096 esse
2209 4023 2667 4101 illumvdicimus,
2703 4053 2817 4092 non
2842 4037 3041 4102 Deum,
3072 4034 3170 4090 sed
3199 4033 3358 4104 quasi
3383 4049 3554 4088 unum
3605 4048 3638 4087 e

2043 4146 2281 4187 numero
2296 4130 2694 4202 prophetarum
2721 4145 2736 4183 :
2765 4143 2878 4184 non
2899 4135 2988 4184 est
3002 4127 3152 4182 enim
3174 4124 3284 4181 nisi
3304 4141 3450 4180 unus
3465 4125 3634 4188 Deus.

2043 4233 2103 4280 et
2129 4223 2357 4280 minime
2385 4223 2518 4289 duo,
2534 4223 2683 4278 sicut
2702 4237 2803 4278 vos
2823 4219 3130 4300 Christiani
3154 4217 3363 4276 dicitis.
3386 4216 3458 4273 At
3480 4232 3636 4279 vero.

2045 4317 2311 4388 quoniam
2345 4331 2548 4387 purum
2583 4315 2868 4370 hominem
2892 4329 3016 4370 esse
3050 4312 3262 4378 dicitis,
3303 4311 3402 4382 qui
3431 4318 3639 4366 ventu-

2047 4425 2144 4465 rus
2171 4415 2279 4475 est,
2303 4407 2593 4464 Christum
2627 4419 2901 4471 vestrum,
2937 4405 3290 4462 conferamus
3314 4404 3370 4458 in
3393 4401 3638 4457 medium

345 4502 439 4556 τὸν
469 4499 764 4570 ἐρχόμενον
801 4497 1070 4570 δηλονότι,
1099 4495 1196 4550 καὶ
1223 4497 1252 4548 6
1279 4493 1452 4548 ἐλθὼν
1485 4493 1581 4546 καὶ
1617 4491 1748 4564 παρ’
1780 4489 1938 4563 ἡμῶν

2048 4500 2199 4557 dicta
2236 4500 2662 4572 prophetarum,
2703 4508 2760 4555 et
2809 4499 3086 4569 siquidem
3117 4498 3294 4553 Deum
3327 4511 3449 4551 esse
3497 4511 3639 4565 prae-

345 4592 455 4648 τῶν
485 4591 830 4662 Χριστιανῶν
875 4589 1356 4662 προσκυνούμενος
1381 4586 1476 4642 καὶ
1503 4585 1898 4654 πιστευόμενος
1917 4627 1932 4650 ,

2041 4593 2304 4664 dicarunt
2324 4609 2454 4650 eum
2483 4593 2582 4664 qui
2609 4602 2884 4648 venturus
2905 4603 3048 4656 erat,
3075 4589 3325 4661 profecto
3345 4587 3441 4658 qui
3463 4587 3640 4650 venit,

345 4684 512 4749 αὑτός
541 4685 691 4738 ἐστιν
719 4681 937 4752 ἀληθῶς
973 4681 1145 4744 ὅντως
1179 4681 1208 4734 6
1241 4678 1448 4751 ἀληθὴς
1496 4669 1861 4748 Χριστός”ὃπθ
1881 4676 1938 4731 δὲ

2044 4696 2098 4744 et
2131 4688 2356 4744 anobis
2405 4687 2748 4744 Christianis
2791 4685 3016 4749 colitur,
3064 4684 3272 4753 cuique
3332 4679 3638 4743 credimus,

345 4775 638 4848 ἐκδέχεσθε
659 4774 820 4846 ὑμεῖς
839 4771 890 4829 οι
935 4772 1204 4840 Ἰουδαῖοι,
1241 4771 1445 4835 πλάνος
1483 4771 1604 4824 ἐστὶ
1634 4771 1729 4824 καὶ
1769 4769 1940 4823 Ἀντί-

347 4885 590 4941 χριστος.
624 4869 688 4922 Ei
715 4868 774 4922 δὲ
815 4866 980 4923 πάλιν
1029 4865 1106 4939 μὴ
1153 4867 1601 4938 παραστήσωμεν
1638 4866 1766 4929 τοὺς
1799 4880 1939 4935 προ-

348 4966 526 5035 φήτας
549 4961 812 5032 λέγοντας
842 4961 1007 5016 αὑτὸν
1051 4960 1208 5026 Θεὸν,
1261 4959 1507 5030 δηλονότι
1529 4961 1693 5030 ἡμεῖς
1722 4958 1942 5013 πλανῶν

351 5056 514 5129 μεθα,
551 5057 802 5111 Ἰουδαῖοι
838 5055 897 5110 δὲ
919 5053 1300 5126 ἀληθεύουσιν.
1337 5052 1546 5108 Εἴπατε
1587 5051 1716 5122 περὶ
1743 5051 1886 5115 τίνος
1911 5051 1941 5104 6

349 5149 640 5220 προφήτης
699 5149 880 5218 λέγει·
928 5167 947 5200 ι
1009 5145 1391 5219 Εὐλογημένος
1449 5144 1478 5198 6
1533 5141 1831 5216 ἐρχόμενος
1883 5144 1940 5196 ἐν

349 5241 578 5314 ὀνόματι
598 5242 830 5314 Κυρίου,
865 5240 1000 5306 Θεὸς
1031 5239 1362 5312 Κύριοξ,καὶ
1405 5238 1682 5306 ἐπέφανεν
1715 5238 1869 5308 ἡμῖν.
1912 5255 1932 5288 ι

351 5334 657 5406 Προσέχετε
694 5335 833 5406 μετὰ
855 5333 1171 5408 ἀκριϐείας
1205 5331 1426 5396 πάντως
1452 5332 1585 5386 Θεὸν
1619 5331 1712 5386 καὶ
1735 5332 1940 5402 Κύριον

350 5425 502 5496 λέγει
523 5426 716 5481 εἰπών·
756 5447 776 5479 ι
802 5427 938 5492 Θεὸς
960 5427 1056 5481 καὶ
1082 5424 1700 5496 Κύριος,κοιίὲπέφανεν
1736 5427 1886 5496 ἡμῖν.
1916 5446 1935 5479 ι

351 5521 480 5576 Ehe
508 5519 604 5576 οὖν
662 5521 938 5591 ἐπέφανεν
991 5521 1145 5592 ἡμῖν,
1173 5518 1287 5572 εἴτε
1349 5516 1686 5588 ἐπιφανῆναι
1731 5518 1942 5588 μέλλει,

349 5615 456 5670 οὑκ
479 5612 627 5670 ἐστιν
653 5615 683 5667 6
712 5613 948 5684 Χριστὸς
977 5611 1131 5682 ὑμῶν
1185 5609 1294 5664 τῶν
1331 5609 1626 5678 Ἰουδαίων,
1659 5610 1776 5664 ἀλλ’
1802 5611 1942 5683 ἡμέ-

426 5768 475 5804 ³³
504 5769 650 5825 Psal.
687 5783 795 5833 cut,
820 5769 874 5822 3.

2039 4781 2090 4837 is
2125 4797 2290 4837 verus
2313 4780 2572 4837 Christus
2603 4786 2714 4846 est;
2752 4793 2920 4850 quem
2969 4791 3106 4832 vero
3136 4771 3256 4838 vos,
3307 4773 3484 4830 Judaei
3543 4788 3642 4825 ex-

2044 4873 2312 4944 spectatis
2335 4874 2606 4944 impostor
2633 4880 2724 4927 est
2743 4881 2800 4926 et
2827 4868 3226 4934 antichristus;
3247 4867 3291 4921 si
3319 4874 3503 4919 autem
3529 4876 3642 4917 non

2044 4963 2481 5033 produxerimus
2519 4963 2828 5034 prophetas
2856 4962 3032 5015 Deum
3085 4971 3209 5013 esse
3251 4956 3408 5010 illum
3457 4954 3642 5010 decia—

2046 5066 2258 5124 rantes,
2285 5058 2386 5128 ipsi
2441 5071 2718 5123 erramus,
2749 5055 2926 5112 Judaei
2961 5069 3096 5109 vero
3143 5066 3277 5107 vera
3309 5051 3636 5118 loquuntur.

2045 5148 2294 5204 Indicate
2331 5148 2504 5220 igitur
2533 5148 2694 5212 mihi,
2743 5147 2813 5202 de
2857 5161 2972 5217 quo
3031 5143 3317 5214 PrOpheta
3365 5138 3569 5194 dixerit
3621 5156 3639 5192 :
3679 5198 3688 5206 ,

2053 5259 2072 5292 ι
2105 5238 2445 5297 Benedictus
2465 5229 2562 5310 qui
2613 5239 2770 5295 venit
2821 5238 2878 5292 in
2927 5236 3156 5292 nomine
3210 5231 3464 5296 Domini;
3498 5231 3642 5285 Deus
3675 5257 3692 5288 .‘

2045 5335 2336 5401 Dominus,
2353 5342 2411 5390 et
2428 5333 2612 5389 illuxit
2638 5331 2803 5388 nobis
2829 5333 2897 5386 ³⁸.
2937 5349 2955 5382 ι
2989 5325 3274 5383 Attendite
3292 5324 3634 5394 diligenter;

2052 5437 2240 5496 aperte
2284 5427 2462 5482 Deum
2485 5425 2641 5480 illum
2667 5433 2724 5480 et
2753 5422 3052 5479 Dominum
3101 5419 3370 5478 declarat,
3399 5415 3598 5470 dicens
3623 5430 3640 5467 :

2059 5541 2076 5572 ι
2100 5522 2248 5577 Deus
2267 5529 2325 5576 et
2345 5519 2633 5583 Dominus,
2653 5527 2710 5573 et
2729 5515 2912 5572 illuxit
2928 5515 3114 5572 nobis.
3137 5532 3155 5564 ι
3191 5511 3320 5568 Sive
3358 5522 3492 5580 ergo
3515 5506 3644 5562 illu-

2050 5612 2212 5677 xerit,
2228 5610 2281 5666 id
2294 5617 2399 5676 est,
2413 5609 2736 5680 apparuerit
2749 5606 3050 5673 nobis,sive
3065 5603 3422 5675 appariturus
3433 5599 3644 5666 sit,non

952 5768 998 5801 ³⁸⁸
1032 5767 1174 5824 Psal.
1208 5781 1354 5834 Lxxt,
1391 5769 1438 5822 Ι.
1519 5766 1564 5799 ³⁸
1599 5766 1736 5821 ibid.
1772 5767 1824 5831 8,
1875 5768 1926 5821 9.
2009 5768 2051 5799 ³¹⁴
2083 5767 2226 5823 Psal.
2260 5781 2424 5831 cxm,
2453 5764 2546 5819 9.6.
2589 5763 2682 5817 27.
