4098 6426
363 335 492 401 1321

369 446 717 503 Ἐλεύσονται
749 443 798 496 οξ
846 441 1110 514 Ῥωμαῖοι
1145 440 1242 496 καὶ
1282 441 1508 512 ἀροῦσιν
1541 439 1697 510 ὐμῶν
1721 437 1784 491 τὸ
1808 435 1958 506 ἔθνος
1989 441 2036 496 Α
2066 436 2268 492 iterum

356 541 453 594 καὶ
487 539 586 609 τήν
619 537 777 591 πόλιν
811 535 910 590 καὶ
952 536 1014 588 το
1045 533 1316 605 βασίλειον
1341 549 1356 565 ο
1397 529 1508 606 ἆρα
1544 534 1738 600 γέγονε
1795 527 1954 584 τοῦτο

357 630 466 684 ὑπὸ
505 627 921 702 Οὐεσπασιανοῦ
965 629 1060 680 καὶ
1086 626 1272 691 Τίτου,
1307 625 1340 694 ἢ
1368 626 1431 680 οὐ
1461 625 1686 693 γέγονεν
1713 641 1727 690 ;
1762 619 1952 686 Εἶπεν,

353 725 438 779 ὅτι
470 741 488 776 ι
525 723 586 778 '0
630 723 795 793 νόμος
840 721 936 775 καὶ
973 723 1021 774 οἱ
1077 718 1358 790 προφῆται
1401 716 1506 782 ἓως
1557 717 1809 770 Ἰωάννου
1857 714 1954 768 τοῦ

355 815 689 879 Βλπτιστοῦ,
721 815 818 868 καὶ
862 813 1205 868 παύσονται·
1240 831 1259 864 ι
1298 806 1411 882 ἆρα
1445 810 1506 863 οὐ
1541 809 1732 878 γέγονε
1757 809 1954 874 τοῦτο;

354 909 464 974 Τίς
501 908 794 981 προφήτης
817 907 947 979 παρ’
987 907 1116 976 ὑμῖν
1155 905 1298 976 μετὰ
1344 903 1596 974 Ἰωάννην
1627 903 1717 982 τον
1747 903 1954 955 Barru-

357 1005 528 1074 στήν;
565 999 865 1066 Ἐπίδειξόν
907 1017 998 1070 μοι
1021 1000 1211 1053 λοιπον
1245 998 1340 1067 ἀφ’
1376 992 1440 1052 οὗ
1468 997 1829 1066 ἐσταύρωσας
1860 995 1951 1048 ἰον

358 1092 625 1166 Χριστὸν,
678 1095 830 1156 ποῖος
863 1094 1156 1164 προφήτης
1197 1091 1332 1162 παρ’
1367 1092 1496 1162 ὑμῖν
1531 1088 1769 1162 εὑρέθης
1802 1090 1956 1141 ποῖον

356 1187 634 1259 βασίλειον
655 1186 812 1256 ἔχετε
845 1183 1125 1258 σὴμερονς
1158 1184 1270 1239 Ποῦ
1304 1186 1442 1238 εἰσιν
1471 1184 1522 1236 οἱ
1553 1183 1742 1254 κριταὶ
1775 1181 1953 1252 ὐμῶν;

355 1281 463 1336 ποῦ
525 1283 573 1334 οἱ
627 1281 938 1351 ἄρχοντες;
995 1279 1198 1344 πάντες
1253 1279 1522 1354 ἐξέὶιπον.
1581 1275 1694 1330 Ποῦ
1747 1277 1776 1328 ὁ
1826 1275 1956 1340 ναὸς

359 1372 552 1443 ὐμῶν;
588 1371 696 1425 ῑδού
747 1373 926 1424 κεῖται
971 1369 1198 1442 ἕρημος.
1243 1370 1352 1422 ιιοῦ
1393 1370 1533 1422 εἰσιν
1561 1369 1619 1422 αἱ
1643 1367 1858 1430 πλάκες
1887 1365 1954 1430 ἃς

356 1465 617 1530 adﬂate;
653 1464 762 1517 l6ob
794 1464 896 1518 οὐκ
932 1463 1060 1518 εἰσί.
1105 1461 1218 1516 Ποῦ
1268 1463 1323 1515 αἱ
1372 1462 1557 1515 θυσίαι
1602 1459 1796 1530 ὑμῶν;
1844 1459 1954 1512 ἰδοὺ

356 1555 630 1620 ἐξέλιπον.
661 1555 772 1608 Ποῦ
809 1556 842 1625 ἡ
873 1555 1109 1616 κιϐωτὸς
1136 1555 1236 1624 τῆς
1269 1553 1571 1625 διαθήκης
1598 1553 1708 1606 ἰδοὺ
1739 1553 1800 1604 οὐ
1829 1551 1956 1620 φαί-

355 1666 534 1702 νεται.
575 1647 686 1700 Ποῦ
718 1647 780 1700 τὸ
815 1646 1208 1718 θυσιαστήριον
1251 1646 1281 1699 ὃ
1313 1647 1538 1716 ἐποίησε
1568 1645 1776 1714 Μωσῆς
1803 1661 1818 1712 ;
1847 1643 1953 1697 ποῦ

355 1737 392 1808 ἠ
445 1735 641 1810 ῥάϐδος
688 1737 722 1808 ὴ
777 1735 1171 1807 β>.αστήσασα;
1223 1735 1328 1789 ποῦ
1375 1739 1408 1807 ἡ
1468 1736 1707 1807 στάμνος
1759 1735 1954 1788 καὶτὸ

359 1827 582 1898 μάννα;
614 1827 717 1880 ποῦ
741 1829 1059 1890 ὲπισκίασις
1094 1829 1151 1880 ὲν
1183 1827 1260 1897 τῷ
1290 1827 1404 1900 ναῷ
1429 1827 1522 1881 καὶ
1557 1828 1586 1880 ὁ
1615 1825 1956 1898 καθαρισμὺς

354 1921 455 1978 τοῦ
488 1923 871 1994 ἁγιάσματος;
925 1923 1027 1976 ποῦ
1076 1923 1136 1976 τὸ
1185 1923 1298 1995 πῦρ
1334 1922 1396 1976 τὸ
1444 1921 1851 1995 κατερχόμενον
1891 1924 1960 1976 ἐκ

355 2015 456 2070 τοῦ
505 2015 780 2088 οὐρανοῦ;
835 2015 946 2069 Ποῦ
987 2016 1084 2068 ἕνα
1129 2015 1425 2088 προφήτην
1471 2015 1628 2087 ἔχετε
1677 2015 1954 2088 σήμερον;

357 2108 558 2162 οὐδένα
592 2106 810 2176 ἀληθῶς
851 2107 1028 2178 ἔχετε,
1074 2107 1215 2161 κατὰ
1269 2107 1369 2178 τὴν
1402 2106 1588 2179 φωνὴν
1637 2106 1750 2160 τῶν
1783 2105 1954 2176 τριῶν

358 2196 569 2252 παίδων
592 2195 691 2270 τὴν
727 2197 868 2267 ὑπὲρ
897 2195 1054 2268 ὑμῶν
1082 2197 1372 2263 λέγουσαν,
1406 2198 1491 2250 ὅτι
1529 2215 1549 2248 ι
1582 2201 1698 2251 Οὐκ
1723 2196 1870 2251 ἔστιν
1899 2199 1958 2251 ἐν

354 2287 438 2362 τῷ
467 2289 646 2361 καιρῷ
676 2291 853 2362 τούτῳ
887 2291 1073 2362 ἄρχων
1109 2293 1397 2363 προφήτης
1437 2289 1534 2344 καὶ
1567 2289 1900 2362 ἡγούμενος,
1930 2309 1948 2340 ι
1980 2279 1987 2286 ’

358 2380 459 2434 καὶ
486 2380 554 2434 τὰ
582 2377 732 2450 ἑξῆς,
761 2399 780 2432 ι
809 2379 1044 2434 ἐνώπιον
1075 2379 1170 2434 τοῦ
1211 2381 1373 2444 Θεοῦ,
1402 2381 1498 2434 καὶ
1523 2380 1704 2451 εὑρεῖν
1731 2381 1902 2444 ἕλεος.
1932 2399 1951 2432 ι

359 2469 522 2526 Ποῖον
556 2470 668 2544 γὰρ
700 2471 888 2534 τόπον,
920 2471 982 2539 ἐξ
1027 2463 1102 2525 ὧν
1150 2471 1356 2544 ἔδωκεν
1385 2471 1515 2542 ὑμῖν
1543 2473 1572 2526 ό
1601 2472 1757 2536 Θεὸς,
1801 2472 1955 2542 ἔχετε

369 2569 644 2640 σήμερον;
686 2567 850 2622 Ἀλλὰ
895 2569 1106 2632 πάντας
1161 2567 1221 2635 ἐξ
1269 2569 1426 2638 ὑμῶν
1475 2567 1674 2638 ὲπῆρε,
1700 2570 1796 2622 καὶ
1827 2570 1957 2638 ἡμῖν

362 2661 562 2726 αὐτοὺς
595 2661 803 2714 ἔδωκε·
841 2661 948 2714 κᾶν
999 2659 1061 2713 τὸ
1107 2661 1239 2714 Σινᾶ
1277 2660 1438 2734 εἴπῃς
1467 2659 1626 2736 ’ὅπου
1655 2659 1748 2712 τὸν
1793 2660 1956 2729 νόμον

361 2752 530 2819 ἐδέξω
563 2751 660 2807 καὶ
695 2754 756 2808 οὐ
805 2753 1102 2820 κατεδέξω,
1138 2753 1252 2806 ἀλλ’
1275 2755 1303 2806 ὁ
1330 2751 1568 2824 Χριστὸς
1597 2754 1716 2805 ἐκεῖ
1736 2752 1958 2819 δοξάζε-

361 2863 457 2901 ται
498 2847 776 2918 σήμερον
827 2845 934 2900 κᾶν
972 2845 1064 2899 τὸν
1103 2845 1378 2915 Ἰορδάνην
1429 2845 1566 2898 ὅπου
1612 2845 1885 2916 ἐπέρασεν
1931 2847 1959 2896 ὁ

359 2937 487 2992 τότε
541 2937 670 3002 λαὸς
727 2935 884 3008 ὑμῶν
937 2937 1117 3010 εἴπῃς,
1148 2936 1286 2990 ἀλλά
1322 2935 1562 3008 Χριστοῦ
1593 2937 1715 2988 ἐκεῖ
1762 2934 1960 3005 βαπτι-

363 3027 588 3092 σθέντος
614 3071 630 3094 ,
665 3028 827 3092 αὐτὸς
873 3028 1002 3099 παρ’
1043 3029 1201 3098 ἡμῶν
1231 3028 1349 3080 ἐκεῖ
1375 3025 1689 3091 δοξάζεται·
1725 3026 1830 3078 κᾶν
1864 3023 1960 3095 τὴν

1375 325 1842 390 DISPUTATIO
1881 322 2289 385 ADVERSUS
2327 325 2658 388 JUD.‘EOS.

1982 1781 2032 1844 B

3517 334 3642 399 12353

2315 455 2329 491 :
2375 459 2392 489 ι
2432 439 2669 494 Venicnt
2702 441 2972 506 Romani,
2999 449 3057 496 et
3085 443 3280 498 tollent
3314 456 3530 515 gentem
3563 465 3657 504 re-

2064 542 2260 592 stram.
2292 541 2351 586 et
2383 533 2702 599 civitatem,
2750 542 2808 590 et
2851 550 3078 606 regnum
3105 536 3150 567 δ’
3175 553 3189 590 :
3219 557 3238 588 ι
3287 538 3488 592 factum
3519 541 3656 598 illud

2059 631 2144 676 cst
2177 639 2277 692 per
2308 623 2715 692 Vespasianum
2741 635 2798 678 et
2825 625 3034 689 Titum,
3061 627 3146 681 vel
3175 642 3285 682 nou
3312 629 3517 685 factum
3539 635 3658 689 est?

2059 715 2209 768 Dixit
2237 732 2250 768 :
2286 714 2426 770 «Lex
2447 723 2501 768 et
2529 717 2812 786 prophetae
2837 734 3010 788 usque
3059 720 3128 774 ad
3171 720 3438 776 Joannem
3475 723 3631 792 Bapti

2067 816 2230 869 stam,
2261 816 2316 860 et
2351 809 2655 864 cessabunt
2682 810 2728 842 ⁸⁸
2759 829 2773 864 :
2807 828 2827 862 ι
2868 827 3055 866 nonne
3083 821 3137 867 et
3173 813 3306 868 illud
3334 825 3420 870 est
3452 817 3656 884 imple-

2059 900 2222 953 tum?
2273 901 2478 970 Ecquis
2532 898 2682 956 inter
2739 917 2840 958 vos
2885 903 3155 974 prepheta
3212 914 3339 973 post
3381 905 3656 962 Joannem

2059 993 2400 1062 Baptistam?
2447 995 2559 1050 imo
2608 995 2791 1050 indica
2837 996 2972 1050 mihi
3023 997 3152 1066 quis
3193 999 3463 1068 propheta
3506 999 3654 1068 apud

2057 1103 2156 1140 vos
2174 1087 2435 1144 iuventus
2452 1091 2546 1154 sit,
2577 1104 2646 1143 ex
2666 1105 2778 1160 quo
2803 1089 3124 1145 cruciﬁxisti
3147 1089 3464 1157 Christum;
3490 1094 3654 1162 quale

2058 1175 2279 1232 habetis
2331 1179 2496 1235 hodie
2544 1180 2819 1252 regnum?
2867 1181 2958 1235 ubi
2995 1189 3122 1235 sunt
3167 1182 3390 1252 judices
3437 1184 3656 1238 vestri?

2061 1268 2176 1322 ubi-
2211 1269 2536 1340 principes?
2577 1271 2791 1326 Omnes
2834 1271 3182 1327 defecerunt.
3235 1274 3340 1329 Ubi
3385 1276 3654 1344 templum

2059 1363 2350 1416 vestrum?
2379 1377 2512 1418 ecce
2552 1363 2863 1420 desolatum
2905 1366 3075 1435 jacet.
3114 1365 3217 1420 Ubi
3275 1375 3407 1420 sunt
3451 1367 3654 1422 tabula

2058 1471 2197 1525 quas
2226 1457 2558 1528 accepistis?
2601 1473 2735 1513 ecce
2769 1475 2881 1513 non
2913 1460 3214 1514 exsistunt.
3248 1454 3352 1515 Ubi
3381 1460 3654 1515 sacriﬁcia

2055 1549 2288 1604 vestra?
2350 1565 2482 1605 ecce
2537 1551 2882 1606 defecerunt.
2949 1553 3056 1608 Ubi
3115 1568 3244 1608 arca
3298 1551 3656 1607 testamenti?

2056 1656 2191 1698 ecce
2251 1657 2362 1697 non
2417 1652 2724 1712 comparet.
2786 1643 2890 1700 Ubi
2929 1654 3017 1699 est
3073 1645 3248 1698 altare
3309 1645 3460 1714 quod
3518 1644 3654 1699 fecit

2058 1733 2319 1807 Moyses?
2358 1735 2453 1788 ubi
2504 1735 2658 1804 virga
2704 1751 2827 1806 quae
2874 1737 3249 1806 germinavit?
3279 1737 3373 1791 ubi
3426 1753 3568 1792 urna
3596 1745 3655 1793 et

2060 1825 2304 1880 manna?
2335 1825 2429 1882 ubi
2479 1826 2570 1881 illa
2607 1827 2664 1880 in
2690 1827 2912 1898 .tempio
2945 1830 3258 1892 ὲπισκίασις
3306 1839 3362 1883 et
3399 1831 3654 1885 lustratio

2061 1918 2566 1974 sanctiﬁcationis?
2616 1919 2711 1974 ubi
2765 1921 2909 1990 ignis
2965 1921 3034 1976 de
3081 1923 3223 1978 coelo
3271 1923 3654 1978 descendens?

2061 2009 2164 2066 Ubi
2189 2011 2277 2065 vel
2321 2027 2491 2066 unum
2514 2013 2842 2082 prophetam
2869 2013 3034 2068 hodie
3057 2015 3318 2069 habetis?
3337 2015 3498 2070 Certe
3527 2015 3655 2070 nul-

2059 2105 2172 2160 lum
2193 2105 2434 2170 habetis,
2457 2107 2614 2176 juxta
2640 2123 2953 2162 sermonem
2985 2110 3152 2162 trium
3180 2123 3507 2178 puerorum,
3533 2109 3650 2178 qui,

2059 2213 2356 2268 personam
2399 2209 2665 2254 vestram'
2693 2211 3074 2263 assumentes,
3111 2201 3374 2256 dicebant
3419 2220 3434 2256 :
3483 2222 3502 2251 ι
3534 2202 3654 2256 Non

2058 2301 2144 2346 est
2173 2293 2228 2346 in
2256 2302 2501 2363 tempore
2528 2294 2633 2348 hoc
2662 2295 2944 2365 princeps.
2973 2305 3024 2350 et
3061 2295 3357 2364 propheta,
3386 2305 3443 2348 et
3471 2295 3606 2363 dux,
3627 2313 3646 2346 ι

2058 2391 2115 2436 et
2137 2399 2260 2453 qua:
2303 2395 2636 2453 sequuntur,
2672 2404 2692 2435 ι
2720 2400 2905 2439 coram
2959 2385 3228 2446 Domino,
3270 2395 3332 2439 ιιι
3375 2387 3656 2456 possimus

2059 2473 2316 2528 invenire
2353 2475 2799 2529 miscricordiam
2836 2476 2906 2527 ⁵¹.
2940 2493 2958 2526 ι
2999 2476 3174 2540 Quem
3217 2475 3366 2528 enim
3403 2476 3654 2529 locorum

2059 2582 2201 2637 quos
2229 2567 2386 2621 dedit
2410 2567 2573 2622 vobis
2605 2569 2775 2630 Deus,
2795 2569 2966 2621 hodie
2995 2567 3474 2623 habetis?0mnes
3498 2569 3657 2622 vobis

2059 2658 2312 2722 abstulit,
2345 2667 2402 2714 et
2425 2659 2590 2714 nobis
2617 2660 2751 2728 ipsis
2778 2661 2952 2714 dedit.
2977 2659 3033 2714 Si
3059 2659 3206 2713 enim
3236 2671 3476 2714 montem
3501 2661 3652 2714 Sinni

2067 2750 2223 2805 dicas
2259 2751 2350 2805 ubi
2393 2751 2572 2821 legem
2603 2751 2888 2820 accepisti,
2930 2767 3040 2806 non
3087 2763 3272 2806 autem
3309 2753 3601 2821 suscepisti
3638 2767 3655 2804 :

2062 2851 2118 2898 at
2143 2843 2217 2897 ibi
2247 2843 2500 2898 Christus
2520 2843 2686 2897 hodie
2711 2837 3086 2912 gloriﬁcatur;
3114 2846 3156 2897 si
3186 2844 3446 2898 Jordauis
3477 2844 3661 2913 regio-

2061 2951 2214 3000 nem,
2244 2934 2338 2988 ubi
2370 2935 2630 2989 transivit
2663 2936 2794 2989 olim
2825 2937 3065 3005 populus
3099 2949 3322 2991 vester:
3353 2947 3408 2992 at
3433 2939 3658 2994 Christo

2065 3029 2140 3084 ibi
2173 3029 2473 3099 baptizato,
2502 3029 2620 3098 ipse
2645 3045 2676 3084 τι
2704 3029 2868 3084 nobis
2902 3029 3107 3084 ibidem
3144 3033 3378 3096 colitur;
3421 3033 3465 3085 si
3497 3031 3658 3086 Jeru-

372 3119 740 3194 Ἷερουσαλὴμ
764 3121 860 3174 καὶ
901 3119 999 3192 τὴν
1022 3117 1165 3173 Σιὼν
1191 3119 1375 3190 εἴπῃς,
1409 3119 1546 3172 ἀλλὰ
1570 3119 1810 3189 Χριστοῦ
1841 3120 1958 3171 ἐκεῖ

2063 3123 2232 3178 salem
2263 3131 2319 3176 et
2366 3121 2548 3176 Sion:
2587 3131 2676 3187 at,
2727 3122 2953 3178 Christo
3005 3123 3081 3177 ibi
3129 3121 3433 3187 eruciﬁxo,
3484 3125 3658 3194 ipsius

366 3213 805 3284 σταυρωθέντος,
853 3211 921 3265 τὰ
971 3210 1141 3265 αὐτοῦ
1193 3211 1502 3284 παθήματα
1539 3213 1659 3265 ἐκεῖ
1713 3227 1956 3282 προσκυ-

364 3305 587 3359 νοῦνται
635 3304 914 3376 σήμερονο
944 3305 1056 3356 εἴτε
1085 3303 1148 3357 τὸ
1198 3305 1324 3375 ὅρος
1365 3303 1473 3357 τῶν
1511 3303 1743 3357 Ἐλαιῶν
1770 3305 1950 3372 εῐπῃς,

365 3395 510 3453 ἀλλὰ
550 3395 790 3470 Χριστοῦ
819 3395 1035 3450 ἐκεῖθεν
1057 3395 1482 3467 ἀναληφθέντος,
1516 3396 1683 3459 αὐτὸς
1722 3397 1840 3449 ὲ.κεῖ
1870 3395 1958 3447 δο-

368 3491 594 3561 ξάζεται
613 3509 627 3522 ο
657 3489 761 3544 κᾶν
789 3488 887 3562 τὴν
917 3487 1170 3562 Βηθλεὲμ
1201 3489 1357 3542 πόλιν
1398 3489 1565 3542 Δαϐὶδ
1609 3487 1791 3559 εἴπῃς,
1820 3486 1956 3541 ἀλλὰ

367 3583 610 3658 Χριστοῦ
658 3583 868 3638 ἐκεῖθεν
913 3583 1294 3652 γεννηθέντος,
1329 3581 1405 3645 ὡς
1444 3584 1503 3635 ἐν
1546 3580 1768 3653 οὐρανῷ
1798 3581 1960 3634 κάκεῖ

366 3675 655 3742 δοξάζεται
682 3673 935 3727 πάντοτε.
967 3673 1078 3726 Καὶ
1109 3671 1162 3726 τί
1183 3671 1330 3740 λέγω
1362 3671 1636 3742 Βηθλεὲμ,
1673 3672 1770 3724 καὶ
1791 3667 1956 3731 Σιὼν,
1979 3715 1991 3721 -

367 3769 470 3824 καὶ
520 3767 832 3838 Ἰορδάνην;
869 3765 1116 3838 Πάρελθε
1147 3749 1336 3834 Δύσξν,
1381 3765 1756 3835 ἐπισκόπησον
1805 3765 1959 3818 Ἀνα-

366 3861 552 3936 τολὴν,
591 3863 894 3934 ὲκζήτησον
925 3859 1026 3932 τὴν
1066 3859 1158 3914 ὐπ’
1187 3857 1443 3932 οὐρανὸν,
1475 3858 1646 3921 αὐτὰς
1669 3857 1766 3920 τὰς
1790 3857 1936 3926 Βρε-

374 3955 629 4020 ταννικὰς
653 3955 882 4026 νήσους,
923 3951 1069 4008 αὐτὰ
1102 3951 1174 4005 τὰ
1203 3951 1440 4022 ἑσπέρια
1473 3951 1569 4003 καὶ
1611 3949 1820 4018 ἔσχατα
1862 3947 1956 3999 τοῦ

374 4046 616 4115 κόσμου’
657 4043 729 4099 τὰ
781 4045 880 4116 μὲν
923 4041 1200 4098 Ἰουδαίων
1247 4043 1344 4096 καὶ
1401 4041 1674 4112 Ἑλλήνων
1717 4039 1960 4095 παλαιω-

375 4138 542 4194 θέντα
597 4137 692 4193 καὶ
735 4135 1125 4208 ἀφανισθέντα,
1151 4135 1222 4190 τὰ
1249 4134 1307 4190 δὲ
1336 4133 1579 4206 Χριστοῦ
1629 4132 1812 4188 πάντα
1867 4150 1958 4187 πι·

371 4230 678 4302 στευόμενα
707 4230 804 4284 καὶ
828 4229 1116 4302 τιμώμενα
1141 4228 1237 4284 καὶ
1267 4227 1660 4300 βεϐαιούμενα.

443 4325 558 4380 Καὶ
612 4325 690 4396 μὴ
728 4325 915 4397 εἴπῃς,
974 4325 1060 4380 δτι
1096 4325 1340 4396 σήμερον
1394 4318 1858 4390 καταπονούμεθα
1908 4317 1960 4372 oi

371 4419 695 4492 Χριστιανοὶ
741 4421 840 4473 καὶ
885 4415 1435 4488 αἰχμαλωτιζόμεθαο
1491 4413 1654 4470 τοῦτο
1689 4415 1800 4486 γάρ
1841 4414 1959 4467 ἐστι

2063 3214 2351 3285 passiones
2399 3214 2607 3269 ibidem
2661 3215 2827 3268 hodie
2893 3215 3238 3282 adorantur;
3305 3216 3350 3269 si
3409 3226 3656 3270 montem

2059 3304 2340 3360 Olivarum
2391 3323 2404 3358 :
2455 3313 2554 3370 at,
2596 3305 2820 3360 Christo
2857 3307 2988 3360 inde
3028 3307 3084 3360 in
3115 3307 3287 3362 caelos
3321 3316 3651 3376 assumpto,

2059 3397 2178 3468 ipse
2251 3396 2326 3452 ibi
2393 3397 2781 3468 gloriﬁcatur;
2842 3397 2890 3452 si
2959 3398 3285 3465 Bethleem,
3369 3399 3655 3455 civitatem

2059 3488 2282 3546 David:
2323 3499 2418 3556 at,
2479 3489 2702 3546 Christo
2751 3490 2827 3545 ibi
2881 3493 3170 3548 inearnnto
3199 3533 3214 3557 ,
3260 3492 3365 3558 ibi,
3403 3493 3549 3548 sicut
3599 3493 3656 3549 in

2060 3583 2224 3647 coelo,
2261 3597 2482 3652 semper
2499 3581 3006 3654 gloriﬁcatur.«Sed
3035 3585 3167 3654 quid
3201 3585 3329 3641 dico
3347 3585 3654 3650 Bethleem,

2059 3683 2117 3732 et
2146 3675 2374 3736 Sion,et
2401 3673 2735 3730 Jordancm?
2759 3675 3032 3731 Percurre
3059 3675 3440 3740 Occidentem,
3459 3677 3659 3734 Orien-

2063 3774 2174 3822 tem
2195 3765 2512 3828 considcra,
2549 3779 2770 3820 omnem
2797 3781 2921 3835 qua
2975 3766 3082 3821 sub
3103 3766 3246 3822 caelo
3278 3775 3398 3834 est,
3447 3773 3656 3822 terram

2062 3856 2370 3928 investiga,
2414 3857 2564 3926 ipsas
2611 3857 2960 3913 Britannicas
2998 3858 3240 3924 insulas,
3313 3860 3464 3930 ipsas
3505 3861 3658 3916 occi-

2063 3949 2313 4006 dentales
2355 3958 2414 4005 et
2467 3957 2746 4006 extremas
2805 3951 2997 4006 mundi
3043 3953 3270 4024 plagas:
3309 3967 3658 4024 qumcurque

2063 4042 2130 4097 ad
2211 4043 2529 4100 Iudaeorum
2587 4045 2946 4114 gentiumque
3008 4045 3334 4116 religionem
3380 4053 3656 4116 spectant,

2062 4135 2348 4204 antiquata
2377 4144 2434 4192 et
2455 4135 2698 4202 abolita;
2727 4137 2914 4192 omnia
2949 4152 3084 4192 vero
3109 4136 3319 4193 Christi
3371 4139 3656 4210 mysteria,

2063 4227 2300 4292 credita,
2325 4227 2597 4284 honorata
2619 4239 2677 4285 et
2704 4227 3030 4284 conﬁrmata
3056 4229 3323 4300 reperies.

2134 4318 2248 4374 Nec
2280 4319 2454 4382 dicas,
2488 4335 2595 4374 nos
2639 4319 2807 4375 hodie
2845 4319 3202 4376 Christianos
3229 4319 3395 4389 amigi
3418 4360 3433 4384 ,
3475 4319 3657 4390 capti-

2066 4424 2284 4478 vosque
2341 4409 2552 4477 teneri;
2603 4410 2814 4465 etenim
2861 4409 2997 4464 illud
3045 4410 3229 4481 ipsum
3279 4421 3366 4466 est
3419 4413 3660 4468 maxime

368 4510 435 4568 τὸ
466 4513 633 4585 μέγα,
672 4511 758 4567 ὅτι
797 4512 890 4564 καὶ
927 4509 1034 4563 ὐπδ
1074 4507 1346 4562 τοσούτων
1385 4505 1693 4577 διωκομένη
1726 4504 1824 4559 καὶ
1866 4521 1963 4558 πο-

2069 4502 2426 4566 mirandum,
2457 4503 2606 4574 quod
2651 4502 2796 4559 ﬁdes
2841 4511 3032 4559 nostra
3057 4545 3074 4567 ,
3127 4519 3158 4558 a
3199 4504 3369 4559 tantis
3407 4505 3661 4561 hostibus

371 4605 689 4677 λεμουμὲνη
737 4605 770 4676 ἡ
813 4605 994 4668 πίστις
1027 4599 1208 4674 ἡμῶν,
1238 4601 1460 4670 ἵσταται
1489 4601 1582 4653 καὶ
1613 4599 1675 4652 οὐ
1703 4597 1962 4662 παύεται,

371 4699 497 4754 οὐδὲ
535 4698 598 4751 τὸ
641 4695 912 4768 βασίλειον
955 4697 1116 4766 ἡμῶν
1169 4697 1550 4762 καταργεῖται,
1599 4690 1720 4744 οὐδὲ
1768 4691 1825 4743 αἱ
1873 4693 1965 4743 ἐκ·

372 4793 596 4870 πλησίαι
633 4789 792 4862 ἡμῶν
835 4789 1130 4844 κλείονται·
1169 4786 1306 4840 ἀλλὰ
1349 4785 1624 4854 ἁναμέσον
1662 4783 1772 4836 τῶν
1797 4783 1966 4835 ἐθνῶν

373 4885 488 4939 τῶν
536 4880 887 4956 κρατούντων
944 4879 1040 4933 καὶ
1089 4877 1398 4932 διωκόντων
1443 4877 1594 4947 ἡμᾶς
1667 4873 1968 4944 ἐκκλησίας

374 4979 599 5049 εχομεν,
670 4975 765 5028 και⁹
827 4971 1096 5041 σταυροὺς
1151 4969 1462 5039 πήσσομεν,
1519 4971 1617 5022 καὶ
1665 4967 1966 5037 ἐκκλησῐας

376 5065 798 5137 οἰκοδομοῦμεν,
837 5063 1034 5128 θυσίας
1071 5059 1453 5129 ἐπιτελοῦμεν.
1486 5054 1783 5119 Εἷπεν,ὃτι
1825 5057 1972 5125 (Κη-

379 5157 714 5233 ρυχθήσεται
761 5154 821 5212 τδ
852 5155 1186 5225 Εὐαγγέλιον
1215 5155 1274 5206 ἐν
1313 5153 1423 5222 ὅλῳ
1447 5149 1524 5220 τῷ
1556 5149 1769 5222 κόσμῳ·
1805 5169 1825 5203 ι
1857 5144 1969 5220 ἄρα

379 5253 630 5324 γέγονεν,
665 5251 701 5322 ἢ
731 5248 792 5304 οὐ
843 5267 859 5317 ;
906 5242 1062 5309 Εἷπε,
1089 5245 1263 5300 Πύλαι
1304 5242 1434 5316 eam
1485 5242 1547 5296 οὐ
1582 5241 1970 5311 κατισχύσουσι

380 5349 484 5418 τῆς
533 5344 704 5399 αὐτοῦ
749 5339 1103 5410 Ἐκκλησίας,
1157 5339 1326 5410 ἤγουν
1371 5337 1471 5407 τῆς
1499 5335 1737 5398 πίστεως
1777 5333 1967 5406 ήμῶνο

382 5433 498 5513 ἄρα
522 5437 831 5510 ἐψεύσατος
861 5436 962 5489 οὐκ
988 5432 1240 5502 ἐγένοντο
1270 5428 1535 5501 ’Έλληνες
1566 5428 1662 5480 καὶ
1695 5425 1977 5498 αἱρεσιάρ-

380 5551 478 5606 χαι
511 5531 723 5598 πολλοὶ,
757 5529 852 5584 καὶ
883 5526 1137 5600 τύραννοι
1171 5523 1402 5596 ἰσχυροὶ,
1431 5522 1526 5576 καὶ
1566 5521 1786 5582 ἀσεϐεῖς
1821 5521 1978 5590 βασι-

381 5625 496 5692 λεῖς
525 5625 940 5696 πολεμήσαντες
968 5619 1068 5692 τὴν
1095 5617 1280 5672 πίστιν
1303 5619 1335 5686 ἡ
1345 5616 1485 5688 μῶν,
1519 5615 1612 5670 καὶ
1639 5617 1741 5669 οὐκ
1775 5615 1976 5685 ἠδυνή-

455 5809 506 5846 δ’
538 5809 700 5867 Joan.
734 5824 786 5864 ιι
809 5808 936 5873 ,48.
1017 5805 1062 5837 ⁸⁸
1100 5802 1237 5860 Luc.
1266 5816 1376 5869 xw,
1413 5799 1498 5855 l6.
1577 5801 1620 5833 ⁵¹
1659 5802 1794 5856 Dan.
1829 5817 1904 5866 ill,
1934 5801 2021 5868 58,
2056 5802 2144 5858 59.

2069 4605 2265 4650 vexata
2296 4605 2355 4652 et
2393 4596 2714 4666 impugnata
2739 4636 2756 4661 ,
2787 4604 2899 4651 stat
2939 4606 2996 4651 et
3029 4612 3142 4650 non
3165 4597 3358 4652 deﬁcit
3383 4615 3396 4655 :
3425 4599 3537 4651 imo
3563 4613 3660 4653 ne—

2068 4704 2176 4757 que
2220 4704 2452 4758 regnum
2506 4695 2761 4742 nostrum
2812 4693 3216 4756 cessatneque
3257 4690 3508 4744 ecclesiae
3555 4705 3660 4744 no-

2071 4787 2170 4835 trae
2196 4781 2556 4845 clauduntur,
2594 4779 2692 4835 sed
2723 4779 2870 4833 inter
2895 4778 3107 4833 medias
3127 4790 3322 4850 gentes
3342 4821 3356 4840 ,
3390 4781 3444 4834 in
3478 4781 3660 4835 medio

2069 4888 2264 4928 eorum
2319 4872 2414 4943 qui
2477 4873 2642 4927 nobis
2703 4871 3064 4925 dominantur
3110 4882 3658 4942 persequunturque,

2068 4967 2335 5022 ecclesias
2365 4965 2657 5030 habemus,
2697 4981 2896 5020 cruces
2927 4965 3167 5035 ﬁgimus,
3197 4981 3375 5020 novas
3397 4966 3662 5020 ecclesias

2071 5059 2450 5124 aediﬁcamus,
2501 5055 2680 5112 sacris
2739 5069 3059 5127 operatnur.
3106 5057 3253 5112 Dixit
3300 5055 3661 5126 Evangelium

2070 5151 2431 5220 praedicatum
2457 5149 2526 5203 iri
2561 5149 2823 5204 universo
2847 5147 3124 5203 mundo"
3157 5166 3172 5202 :
3212 5147 3410 5203 Utrum
3435 5160 3488 5202 et
3528 5149 3662 5202 illud

2071 5242 2274 5296 factum
2301 5250 2407 5302 est,
2441 5239 2662 5295 necne?
2689 5239 2834 5294 Dixit
2874 5257 2890 5294 :
2925 5259 2944 5291 c
2977 5240 3156 5296 Porta:
3186 5239 3346 5294 inferi
3381 5255 3492 5294 non
3521 5253 3666 5311 pra:-

2079 5334 2342 5390 vaicbunt
2373 5333 2641 5388 adversus
2668 5349 2789 5388 eam
2817 5333 2886 5397 ⁸³,
2915 5351 2935 5385 ι
2975 5332 3028 5387 id
3063 5341 3170 5399 est,
3200 5333 3472 5388 adversus
3501 5334 3666 5389 ﬁdem

2078 5437 2324 5484 nostram
2355 5445 2367 5480 :
2405 5441 2474 5482 an
2502 5435 2559 5482 et
2585 5427 2638 5481 in
2670 5426 2777 5482 hoc
2816 5425 3016 5480 falsum
3049 5427 3274 5482 locutus
3311 5427 3436 5482 est?
3467 5429 3668 5483 Annon

2077 5521 2414 5576 exstiterunt
2439 5517 2674 5590 gentiles
2696 5526 2751 5571 et
2788 5517 3174 5574 ba’resiarcha:
3197 5518 3382 5582 multi,
3417 5520 3670 5590 tyranni-

2079 5627 2188 5684 que
2215 5619 2469 5682 potentes
2517 5619 2576 5666 et
2623 5625 2786 5682 reges
2828 5609 3021 5682 impii,
3062 5609 3157 5681 qui
3211 5609 3374 5666 ﬁdem
3420 5618 3670 5666 nostram

2227 5805 2270 5835 ⁵³
2307 5800 2500 5856 Matth.
2549 5811 2695 5862 XXIV,
2743 5796 2829 5848 Η.
2912 5795 2958 5828 ⁵³
2989 5795 3186 5849 Matth.
3218 5809 3329 5861 xw,
3366 5791 3454 5849 l8.
