4098 6476
427 364 449 428 1
459 365 562 427 223

1635 366 1695 424 S.
1738 361 2136 424 ANASTASII
2179 357 2508 424 SINAITE

3568 359 3718 425 122%

423 487 838 550 oppugnarunt,
874 485 929 534 et
958 493 1070 533 non
1111 485 1420 549 potuerunt
1463 491 1584 532 eam
1619 477 2018 546 exstinguere?

2139 475 2296 546 θησαν
2340 471 2548 546 ταύτην
2590 472 2820 541 σϐέσαις
2862 467 3029 526 Εἶπεν
3075 473 3209 545 ἡμῖν
3245 471 3360 538 τοῖς
3406 469 3490 538 είς
3546 475 3721 528 αὐτὸν

422 571 573 628 Dixit
618 571 803 634 nobis,
841 571 938 642 qui
988 570 1270 627 credimus
1308 571 1366 624 in
1398 585 1565 624 eum:
1613 588 1630 619 ε
1669 569 1838 623 Erilis
1883 566 2016 622 odio

421 665 688 720 omnibus
734 673 966 734 propter
1012 677 1214 718 nomen
1261 677 1445 716 meum
1480 659 1572 715 διε
1608 679 1626 711 ι
1675 661 1780 731 ipsi
1823 659 2014 726 dicite,

425 735 625 823 Judaei,
650 772 838 812 nonne
869 772 1010 828 prop
1035 771 1099 812 er
1127 771 1331 812 nomen
1356 753 1567 810 Christi
1596 769 1794 809 omnes
1824 763 2019 824 gentes

427 851 670 906 oderunt
717 865 820 906 nos
851 858 906 904 et
947 848 1380 905 abominantur?
1409 847 1481 902 Et
1522 844 1568 902 si
1600 855 1786 901 autem
1829 861 1926 900 vos
1949 847 2019 901 de

429 941 541 995 illis
579 940 842 995 omnibus
884 941 1204 1005 reticeatis,
1254 939 1363 1010 ipsi
1409 937 1628 1008 lapides
1676 937 2016 994 clamabunt.

432 1031 576 1085 Sane
628 1029 888 1085 videmus
920 1045 1031 1084 non
1068 1030 1351 1086 exstitisse
1389 1046 1420 1086 a
1453 1030 1658 1087 saeculo
1695 1039 1914 1100 gentem
1951 1029 2020 1084 ab

433 1126 692 1180 omnibus
729 1136 881 1180 tanto
913 1129 1160 1194 tempore
1203 1123 1580 1194 impugnatam
1605 1164 1620 1190 ,
1660 1123 1794 1193 quin
1840 1121 2021 1178 deleta

433 1218 602 1273 fuerit
627 1259 642 1282 ,
684 1226 886 1287 praeter
915 1217 1089 1271 solam
1119 1215 1570 1276 Christianorum
1607 1227 1828 1287 gentem
1859 1233 1872 1268 :
1899 1231 2024 1285 (luas

435 1325 548 1364 non
584 1311 658 1364 ita
702 1309 1102 1379 permansisset
1135 1308 1428 1373 indebilis,
1455 1308 1712 1379 quamvis
1739 1307 1808 1362 ab
1838 1307 2024 1362 omni-

433 1399 540 1454 bus
567 1397 828 1470 gentibus
873 1399 1216 1468 impugnata,
1247 1399 1356 1454 nisi
1397 1413 1600 1452 manus
1639 1398 1859 1452 Domini
1885 1413 2023 1453 con-

433 1499 726 1554 servasset,
767 1498 824 1544 et
851 1491 1022 1544 etiam
1068 1506 1220 1559 nunc
1248 1499 1606 1546 conservaret
1646 1490 1721 1544 ita
1749 1489 2024 1544 indelebi-

432 1584 563 1638 lem.
591 1583 766 1638 Nobis
796 1583 962 1638 etiam
995 1590 1344 1652 compertum
1375 1590 1480 1648 est,
1504 1583 1721 1637 nullum
1749 1582 2028 1638 Christia-

435 1689 634 1730 norum
683 1676 1078 1745 imperatorem
1109 1675 1366 1730 Barbaris
1407 1686 1652 1745 unquam
1704 1675 1761 1730 in
1791 1683 2025 1729 mortem

434 1783 559 1824 esse
601 1767 865 1823 traditum
894 1809 908 1833 ,
939 1765 1197 1838 quamvis
1235 1784 1266 1822 a
1300 1775 1380 1823 tot
1412 1768 1672 1838 gentibus
1708 1767 1815 1822 hoc
1845 1767 2030 1838 impu-

2123 566 2499 639 πιστεύουσιν,
2528 565 2614 620 ὃτι
2647 585 2667 618 ‹
2694 565 2924 620 Ἐσεσθε
2969 565 3291 637 μισούμενοι
3336 566 3443 620 ὑπὸ
3493 567 3724 621 πάντων

2119 661 2208 715 διὰ
2249 659 2312 714 rb
2349 659 2524 732 ὄνομά
2576 675 2680 730 μου
2705 675 2720 690 ο
2746 679 2766 711 ι
2805 659 2932 730 ἄρτι
2968 659 3128 730 ὑμεῖς
3175 659 3392 724 εἴπατε,
3443 641 3732 722 Ἰουδαῖοι,

2120 753 2183 806 ού
2214 753 2302 807 διὰ
2348 755 2408 807 τδ
2448 752 2622 824 ὄνομα
2650 751 2748 806 τοῦ
2781 742 3020 822 Χριστοῦ
3065 751 3245 804 πάντα
3285 736 3437 824 ἡμᾶς
3470 751 3540 804 τὰ
3583 749 3723 821 ἔθνη

2127 848 2280 917 μισεῖ
2313 847 2410 900 καὶ
2433 845 2784 917 βδελύσσεται
2811 861 2826 908 ;
2864 845 2985 897 Κᾶν
3015 839 3110 898 οὖν
3146 843 3304 914 ὑμεῖς
3329 843 3506 896 ταῦτα
3542 845 3728 896 ἃπαν-

2124 953 2194 990 τα
2230 936 2734 1008 παρασιωπήσητε,
2776 935 2826 987 οἱ
2873 933 3015 986 λίθοι
3047 932 3428 1004 κεκράξονται.
3458 932 3568 984 Καὶ
3595 930 3728 1000 βλέ-

2124 1047 2301 1100 πομεν
2334 1029 2418 1083 ὅτι
2453 1029 2552 1100 οὐχ
2595 1029 2826 1100 εὓρηται
2860 1024 2954 1081 ἀπ’
2997 1027 3174 1100 ἀρχῆς
3205 1025 3404 1099 αἰῶνος
3433 1025 3585 1088 ἔθνος
3613 1025 3731 1076 ὑπὸ

2127 1122 2350 1175 πάντων
2393 1121 2704 1191 πολεμηθὲν
2751 1121 2847 1173 ἐπὶ
2881 1119 3108 1191 χρόνους
3155 1115 3446 1181 τοσούτους
3494 1119 3590 1172 καὶ
3639 1116 3730 1186 μὴ

2125 1210 2466 1281 ὲξαλειφθὲν,
2515 1212 2566 1264 εί
2611 1211 2686 1281 μὴ
2729 1210 2890 1280 μόνον
2935 1209 2994 1262 τὸ
3024 1208 3130 1262 τῶν
3160 1205 3512 1277 Χριστιανῶν
3541 1205 3729 1271 ἔθνος,

2125 1305 2263 1376 ὅπερ
2286 1303 2386 1357 οὐκ
2408 1303 2476 1358 ἂν
2511 1303 2727 1374 ἔμεινεν
2755 1303 3145 1368 ἁνεξὰλειπτον
3167 1300 3340 1365 οὕτως
3368 1300 3472 1354 ὑπὸ
3501 1301 3734 1354 πᾶντων

2128 1393 2301 1447 ἐθνῶν
2327 1392 2760 1464 πολεμούμενον,
2791 1395 2840 1446 εί
2871 1392 2953 1464 μὴ’
2981 1394 3102 1464 χεξιρ
3144 1391 3354 1463 Κυρίου
3399 1390 3734 1459 διεφύλαττε

2129 1487 2224 1542 καὶ
2268 1487 2624 1556 διαφυλάττει
2663 1485 2797 1540 αὐτὸ
2830 1485 3246 1552 ἁνεξάλειπτον.
3287 1484 3398 1538 Καὶ
3457 1483 3611 1548 ἄλλο,
3637 1483 3734 1536 ὅτι

2127 1581 2306 1644 οὐδεὶς
2346 1579 2694 1652 Χριστιανῶν
2739 1577 3001 1650 βασιλεὺς
3041 1577 3342 1649 βαρϐάροις
3381 1575 3514 1629 ποτε⁹
3575 1587 3735 1646 παρ-

2131 1674 2294 1745 εδόθη
2324 1676 2404 1739 είς
2441 1673 2694 1740 θάνατον,
2730 1673 2912 1726 καίτοι
2939 1689 3004 1742 γε
3030 1671 3307 1726 τοσούτων
3337 1669 3509 1724 ἐθνῶν
3533 1670 3595 1721 τὸ
3625 1667 3738 1739 βα·-

2133 1769 2331 1822 σίλειον
2356 1767 2820 1838 πολεμήσὰντωνο
2846 1767 2906 1819 ού
2939 1765 3099 1836 μόνον
3119 1763 3178 1818 δὲ
3207 1763 3300 1817 τὸν
3327 1761 3578 1834 βασιλέα,
3607 1755 3737 1814 ἀλλ⁴

434 1868 661 1930 gnatum
703 1859 773 1913 sit
813 1859 1152 1928 imperium;
1187 1858 1320 1922 imo,
1355 1871 1466 1912 non
1497 1858 1664 1913 modo
1688 1873 1800 1912 non
1829 1867 2029 1928 potue-

2139 1847 2250 1916 οὐδὲ
2275 1860 2374 1931 τὴν
2416 1860 2612 1915 ἑαυτοῦ
2646 1861 2832 1913 εἰκόνα
2869 1861 2934 1913 ἐκ
2977 1858 3071 1913 τοῦ
3116 1857 3458 1929 νομίσματος
3518 1872 3738 1926 κατιι.ρ⁴

435 1961 567 2007 runt
609 1952 976 2021 imperatores
1021 1950 1472 2006 Christianarum
1523 1950 1762 2016 tollere,
1809 1950 1908 2006 sed
1953 1966 2024 2006 ne

437 2044 730 2114 imaginem
759 2043 984 2112 quidem
1027 2057 1223 2098 eorum
1250 2057 1377 2096 cum
1423 2042 1580 2113 signo
1611 2041 1800 2096 crucis
1829 2040 1883 2095 in
1917 2057 2024 2095 nu-

434 2136 691 2190 mismate
723 2136 1057 2206 impressum
1098 2135 1325 2190 abolere
1363 2135 1683 2200 valuerunt,
1712 2133 1929 2188 etiamsi
1970 2132 2026 2188 id

437 2245 550 2284 non
579 2229 738 2299 pauci
765 2229 979 2300 tyranni
1008 2227 1366 2284 tentaverint.
1395 2228 1585 2298 Neque
1604 2236 1688 2281 est
1713 2227 1862 2297 quod
1889 2226 2028 2281 illud

436 2321 858 2391 contemptibile
895 2321 1028 2392 quid
1063 2330 1122 2377 et
1164 2321 1319 2390 parvi
1351 2322 1619 2376 momenti
1660 2335 1783 2375 esse
1833 2319 2030 2374 creda-

439 2429 571 2481 tur,
624 2431 826 2484 nempe
875 2414 1038 2470 ﬁdem
1082 2423 1370 2479 nostram,
1421 2430 1643 2484 semper
1693 2413 2024 2484 oppugnari,

437 2523 768 2576 semperque
830 2507 1044 2560 ﬁrmam
1097 2505 1468 2560 nihilominus
1517 2519 1914 2574 perseverare,
1970 2511 2028 2558 et

437 2597 834 2655 indelebilem:
868 2599 974 2654 nisi
1027 2598 1177 2653 enim
1219 2599 1367 2653 Deus
1417 2599 1579 2652 [idem
1623 2607 1870 2653 nostram
1912 2612 2027 2667 prae

2134 1958 2302 2025 γῆσαι
2332 1955 2431 2008 σὺν
2457 1953 2534 2024 τῷ
2575 1951 2797 2022 σταυρῷ
2822 1953 3071 2023 ἴσχυσαν,
3101 1951 3307 2022 καίπερ
3337 1949 3502 2002 τινῶν
3526 1949 3740 2020 τυράν-

2135 2063 2242 2101 νων
2275 2045 2439 2098 τοῦτο
2467 2045 2904 2114 δοκιμασάντων.
2946 2045 3040 2115 Μὴ
3065 2043 3174 2115 γὰρ
3205 2041 3360 2112 ψιλόν
3399 2058 3459 2094 τε
3505 2040 3604 2094 καὶ
3637 2040 3736 2092 εὖ.

2134 2138 2286 2200 τελές
2316 2155 2397 2190 σοι
2429 2138 2666 2208 πρᾶγμα
2711 2136 2872 2190 τοῦτο
2907 2131 3050 2189 εἶναι
3085 2133 3341 2205 νομισθῇ,
3371 2135 3454 2188 ὅτι
3491 2135 3738 2186 πὰντοτε

2135 2231 2236 2284 οὐκ
2265 2229 2546 2282 ἐπαύσατο
2575 2229 2608 2299 ἡ
2634 2229 2821 2292 πίστις
2845 2228 3006 2300 ἡμῶν
3035 2225 3422 2296 πολεμουμένη
3453 2225 3550 2278 καὶ
3581 2225 3745 2276 ἱστα-

2139 2323 2276 2394 μένη
2305 2324 2400 2376 καὶ
2434 2323 2508 2394 μὴ
2545 2315 2968 2392 ἐξαλειφομένη.
2998 2321 3062 2374 Εἰ
3111 2320 3216 2390 γὰρ
3253 2319 3326 2391 μή
3368 2319 3510 2388 ὑπὲρ
3543 2317 3737 2380 πάσας

2133 2415 2228 2479 τὰς
2289 2414 2506 2480 πίστεις
2562 2417 2663 2486 τὴν
2713 2416 2996 2487 ἡμετέραν
3039 2415 3067 2468 ὁ
3114 2413 3248 2478 Θεὸς
3301 2411 3590 2479 ἐξελέξατο
3639 2410 3745 2463 καὶ

2133 2509 2448 2578 ἠγάπησεν,
2488 2509 2590 2562 οὐκ
2631 2507 2698 2562 ἂν
2747 2505 3026 2578 ἁναμέσον
3070 2505 3182 2560 τῶν
3234 2503 3405 2558 ἐθνῶν
3438 2502 3516 2566 ὡς
3545 2500 3741 2554 λύκων

2132 2597 2302 2654 ὄντων
2325 2599 2625 2670 ἐφύλαττεν
2649 2599 2948 2655 ἀνάλωτον.

434 2691 653 2746 αιτιοι-ξε
683 2689 944 2746 omnibus
989 2689 1248 2760 elegisset
1283 2697 1340 2744 et
1391 2688 1829 2758 comprobasset,
1879 2705 2162 2761 nunquam
2199 2709 2322 2749 eam
2367 2695 2513 2750 inter
2545 2703 2760 2766 gentes,
2831 2694 2987 2750 velut
3043 2693 3228 2764 lupos,
3294 2691 3558 2747 invictam
3593 2703 3739 2745 con-

438 2791 738 2839 servasset.

509 2874 786 2929 Printcrea
845 2889 958 2928 non
1009 2873 1357 2944 permisisset
1405 2873 1552 2928 Deus
1603 2872 1764 2928 ﬁdem
1829 2873 2026 2930 falsam

2203 2875 2352 2945 Πλὴν
2395 2875 2516 2929 οὐδὲ
2549 2872 2748 2946 ἔμελλε
2823 2876 3130 2946 συγχωρεῖν
3150 2876 3178 2928 ὁ
3202 2872 3337 2938 Θεὸς
3371 2872 3739 2944 mulavan

439 2981 618 3036 usque
661 2965 730 3020 ad
780 2965 1053 3020 terminos
1095 2971 1260 3020 terra:
1310 2964 1634 3030 dominari,
1677 2966 1784 3020 nisi
1831 2965 2030 3023 fuisset

2139 2987 2230 3038 νην
2258 2969 2441 3023 πίστιν
2473 2969 2898 3040 κατακυριεύειν
2943 2969 3041 3022 ἐπὶ
3085 2968 3266 3022 πάντα
3287 2966 3359 3020 τὰ
3391 2970 3606 3036 πέρατα
3630 2966 3737 3035 τῆς

441 3059 753 3114 meouomia
795 3057 1072 3114 adventus
1119 3058 1173 3112 in
1224 3072 1391 3112 carne
1433 3057 1680 3122 Christi,
1714 3059 1835 3114 Filii
1887 3061 2029 3132 ejus,

2139 3061 2258 3131 γῆς.
2291 3063 2340 3116 εί
2383 3063 2459 3133 μὴ
2500 3057 2568 3134 ἦν
2598 3064 2631 3134 ἡ
2662 3061 2950 3133 οἰκονομία
2989 3061 3090 3132 τῆς
3115 3061 3386 3130 ὲνσάρκου
3423 3057 3737 3131 παρουσίας

442 3150 540 3205 Dei
567 3158 622 3204 et
649 3150 950 3205 Salvatoris
986 3150 1161 3206 nostri
1199 3169 1212 3204 :
1248 3149 1394 3206 unde
1429 3149 1538 3205 hoc
1576 3150 1754 3220 ipsum
1783 3191 1798 3215 ,
1831 3167 2030 3221 nempe

2139 3155 2373 3228 Χριστοῦ
2399 3155 2494 3210 τοῦ
2519 3157 2650 3210 Υἱοῦ
2678 3155 2846 3210 αὐτοῦ
2871 3156 2968 3210 καὶ
2997 3155 3134 3209 Θεοῦ
3151 3156 3248 3209 καὶ
3268 3155 3526 3226 Σωτῆρος
3549 3153 3733 3225 ἡμῶν.

443 3242 804 3312 Ei'angelium
819 3240 1024 3298 Christi
1061 3243 1267 3313 ubique
1295 3242 1544 3313 gentium
1583 3243 1860 3298 creditum
1885 3259 2029 3310 esse,

2143 3247 2308 3300 Ὅθεν
2339 3247 2436 3301 καὶ
2463 3248 2596 3301 αὐτὸ
2627 3248 2788 3302 τοῦτο
2810 3247 2872 3302 τὸ
2915 3249 2973 3301 ὲν
3000 3250 3138 3302 πᾶσι
3163 3250 3278 3312 τοῖς
3306 3247 3488 3301 ἔθνεσι
3510 3265 3738 3301 πιστευ-

441 3331 752 3386 certissime
807 3331 1008 3401 probat
1069 3347 1184 3386 non
1251 3347 1376 3387 esse
1421 3333 1584 3386 aliam
1633 3332 1797 3388 [idem
1841 3345 2032 3389 nostra

441 3416 847 3494 religiosiorem
883 3423 988 3478 sub
1027 3424 1190 3480 ccelo.
1223 3423 1369 3490 Quid
1398 3425 1614 3496 igitur?
1647 3427 1874 3482 Adeone
1919 3427 2033 3482 ini-

443 3531 587 3588 quus
620 3524 705 3572 est
748 3516 928 3572 Deus?
951 3516 1150 3571 Absitl
1183 3533 1294 3572 non
1322 3519 1484 3584 adeo,
1518 3518 1767 3588 inquam,
1795 3520 2026 3592 iniquus

441 3622 546 3676 est,
582 3619 663 3678 ut,
696 3613 870 3684 probe
899 3613 1084 3669 sciens
1111 3613 1260 3683 quod
1299 3613 1603 3669 Christiani
1646 3597 1923 3679 erramus,
1949 3613 2035 3668 sic

441 3721 546 3761 nos
587 3705 764 3760 errori
814 3705 1016 3761 tradat.
1043 3705 1173 3762 Jam
1215 3721 1350 3762 vero
1381 3714 1518 3777 quot
1559 3705 1691 3760 anni
1730 3721 1760 3760 a
1805 3705 2033 3762 Christo

441 3797 796 3862 eﬂluxerunt,
825 3807 888 3853 ut
928 3805 1082 3852 tanta
1125 3797 1416 3853 hominum
1462 3797 1765 3852 multitudo
1810 3798 1881 3881 ab
1925 3798 2033 3854 hoc

442 3905 636 3946 errore
673 3889 949 3960 perierit!
983 3889 1104 3944 Non
1147 3889 1299 3944 enim
1349 3888 1456 3944 hoc
1498 3889 1800 3943 observare
1825 3888 1910 3969 vel
1937 3902 2032 3944 re-

445 3982 722 4054 spondere
744 3981 1084 4052 licet,_,tanto
1114 3996 1318 4052 nempe
1349 3996 1624 4036 annorum
1655 3981 1858 4050 spatio,
1884 3980 2034 4036 veri-

443 4083 613 4130 tatem
647 4089 752 4130 nos
784 4071 1109 4129 lsraeliticis
1153 4072 1420 4143 gentibus
1457 4072 1702 4129 edoceri.
1747 4071 2030 4139 Quinimo,

442 4163 906 4237 responde-mihi
932 4205 948 4230 ,
979 4164 1260 4234 quomodo
1294 4165 1497 4231 nobis;
1543 4165 1727 4230 nobis,
1781 4165 2033 4237 inquam,

443 4273 692 4314 errorem
756 4256 1056 4328 amplexis,
1105 4257 1252 4326 quod
1287 4257 1514 4324 dicitur,
1565 4257 1840 4312 universa:
1873 4265 2035 4313 terra;

445 4349 748 4419 imperium
797 4348 946 4403 Deus
992 4347 1318 4403 commisit?
1351 4348 1644 4416 Quomodo
1682 4348 1888 4404 factum
1927 4357 2032 4412 est,

447 4450 511 4497 ut
563 4457 728 4496 nemo
789 4441 1010 4511 signum
1059 4441 1416 4496 numismatis
1463 4442 1688 4496 abolere
1745 4443 2036 4513 potuerit?

447 4535 676 4591 Scilicet
725 4545 1040 4590 monstrare
1067 4533 1249 4590 voluit
1279 4535 1427 4589 Deus
1456 4535 1630 4604 quod,
1681 4536 1899 4590 etiamsi
1933 4550 2036 4589 nos

2143 3339 2302 3408 θῆναι
2335 3340 2396 3394 τὸ
2428 3339 2764 3408 Εὐαγγέλιον
2789 3339 2884 3394 τοῦ
2929 3339 3192 3412 Χριστοῦ,
3241 3339 3548 3412 μαρτυρίας
3585 3340 3737 3393 ἐστὶν

2141 3432 2571 3502 ἁψευδεστὰτης,
2597 3433 2679 3487 ὅτι
2709 3434 2810 3488 οὐκ
2846 3432 2995 3488 ἔστιν
3026 3433 3160 3505 ἄλλη
3202 3435 3389 3498 πίστις
3419 3434 3737 3488 εὐσεϐεστὲ-

2145 3541 2214 3595 ρα
2229 3525 2286 3576 ὲν
2297 3525 2368 3596 τῇ
2384 3525 2474 3577 ὑπ’
2491 3525 2744 3597 οὐρανόν.
2773 3519 2921 3596 Ἀρα
2942 3525 3184 3590 τοιοῦτος
3205 3526 3391 3590 ἄδικος
3407 3528 3436 3580 ὁ
3462 3526 3595 3587 Θεό-ς
3616 3545 3632 3594 ;
3659 3525 3735 3598 μὴ

2141 3615 2381 3684 γένοιτοί
2411 3615 2536 3669 Ὅτι
2567 3615 2869 3685 ἐγίνωσκεν
2892 3617 2976 3670 ὅτι
3003 3615 3339 3687 πλανώμεθα
3371 3617 3420 3670 οἱ
3465 3617 3731 3688 Χριστια-

2142 3705 2248 3771 νοὶ,
2281 3705 2442 3776 ῆφιεν
2485 3705 2634 3776 ἡμᾶς
2679 3703 2874 3770 οὕτως.
2933 3705 3068 3760 Ἰδοὺ
3113 3704 3302 3760 λοιπὸν
3349 3706 3508 3760 πόσοι
3551 3706 3734 3778 χρόνοι

2142 3797 2254 3852 ἀπὸ
2275 3796 2515 3868 Χριστοῦ
2537 3799 2838 3854 ἀπολέσθαι
2865 3801 2934 3871 τῇ
2964 3799 3143 3872 πλάνῃ
3167 3799 3424 3855 τοσοῦτον
3449 3801 3607 3870 γένος
3639 3799 3733 3854 καὶ

2143 3888 2354 3959 πλῆθος
2383 3888 2712 3962 ἀνθρώπωνί
2760 3891 2836 3963 μὴ
2881 3890 2994 3964 γὰρ
3029 3891 3190 3947 τοῦτο
3243 3895 3562 3964 σκοπήσητε
3599 3891 3634 3963 ἢ
3655 3889 3730 3946 ετ-

2143 4001 2307 4055 πητε,
2332 3983 2416 4037 ὅτι
2433 3984 2560 4056 ἄρτι
2578 3983 2660 4049 είς
2680 3983 2920 4039 τοσαῦτα
2956 3983 3056 4056 ἔτη
3081 3983 3459 4058 παιδευόμεθα
3491 3983 3599 4040 ἀπὸ
3627 3984 3734 4039 τῶν

2157 4076 2508 4150 Ἰσραηλιτῶν
2549 4077 2758 4131 ἐθνῶνο
2809 4075 2930 4132 ἀλλ’
2989 4081 3170 4134 ἐκεῖνό
3229 4095 3324 4148 μοι
3373 4079 3728 4152 ἑρμήνευσαι,

2145 4170 2264 4234 πῶς
2294 4171 2426 4241 ἡμῖν
2465 4171 2576 4234 τοῖς
2615 4169 3012 4239 πλανωμένοις,
3055 4170 3132 4234 ὡς
3186 4170 3398 4240 λέγετε,
3432 4170 3534 4242 τὴν
3584 4170 3732 4241 βασι-

2141 4261 2294 4314 λείαν
2319 4261 2348 4314 ὁ
2371 4259 2506 4324 Θεὸς
2537 4261 2722 4330 πάσης
2744 4260 2844 4330 τῆς
2877 4261 2982 4332 γῆς
3011 4260 3336 4328 ἐπίστευσε;
3371 4261 3488 4326 πῶς
3516 4261 3614 4330 τὴν
3641 4258 3730 4314 τοῦ

2145 4354 2374 4426 χρυσίου
2421 4353 2696 4426 σφραγῖδα
2729 4353 2906 4416 οὐδεὶς
2955 4355 3312 4424 καταργῆσαι
3359 4353 3632 4427 ἢὲπᾶραι
3678 4351 3736 4418 ἐξ

2144 4451 2177 4519 ἡ
2191 4447 2304 4518 μῶν
2334 4449 2560 4518 laxitas;
2599 4446 2756 4500 πόσοι
2789 4444 3032 4517 βασιλεῖς
3074 4446 3264 4514 ἐθνῶν,
3301 4449 3556 4517 Περσῶν,
3613 4447 3712 4500 ’Δ-

2150 4537 2353 4609 ρέιόων,
2400 4537 2558 4590 τοῦτο
2609 4537 2966 4607 ἐδοκίμασαν,
3017 4539 3113 4591 καὶ
3159 4539 3418 4608 οὐδαμῶς
3466 4538 3732 4607 ίσχυσανς

446 4628 748 4683 Christiani
798 4627 1244 4698 persecutionem
1271 4627 1538 4698 patimur,
1567 4629 1818 4682 omnium
1853 4635 2030 4682 tamen

2145 4631 2232 4684 ἵνα
2276 4628 2425 4700 δείξῃ
2453 4629 2482 4683 ὁ
2511 4629 2676 4692 Θεὸς,
2709 4631 2792 4683 ὅτι
2837 4629 2943 4683 κᾶν
2973 4629 3302 4701 διωκώμεθα
3315 4632 3363 4684 οἱ
3391 4629 3733 4700 Χριστιανοὶ,

449 4720 747 4789 imperium
771 4717 1091 4774 obtinemus
1121 4735 1134 4772 :
1179 4719 1454 4788 siquidem
1481 4720 1700 4790 signum
1733 4721 2040 4774 numisma-

451 4813 525 4868 tis
556 4813 780 4883 imperii
827 4812 1047 4880 nostri,
1081 4813 1262 4883 ipsum
1293 4824 1380 4868 est
1407 4811 1618 4868 Christi
1661 4813 1898 4884 signum.
1943 4813 2043 4867 Die

451 4905 624 4977 igitur
649 4905 824 4975 mihi,
858 4905 968 4961 nisi
1017 4905 1150 4960 inde
1182 4905 1454 4976 probatur
1489 4913 1697 4960 mterna
1751 4905 1954 4960 invicta
1985 4913 2044 4960 et

453 4998 774 5054 indelebilia
802 4999 1076 5054 exsistere
1105 4997 1270 5054 ﬁdem
1293 5006 1352 5053 et
1381 4997 1677 5068 imperium
1697 4997 2044 5054 Christiano-

453 5108 601 5154 rum,
627 5091 910 5162 quomodo
949 5091 1156 5147 factum
1177 5099 1266 5148 est
1311 5100 1375 5146 ut
1399 5107 1498 5146 vos
1529 5106 1726 5146 omnes
1746 5131 1760 5153 ,
1793 5091 1888 5162 qui
1916 5107 2042 5147 cru-

455 5200 575 5240 cem
593 5185 800 5241 Christi
825 5185 1022 5242 odistis
1043 5193 1100 5240 et
1119 5184 1512 5240 cecideruntet
1533 5184 1750 5254 jacent‘?
1765 5183 2045 5255 quomodo

457 5293 678 5333 crucem
729 5280 786 5333 in
860 5278 1194 5334 numismatc
1255 5294 1365 5334 non
1425 5278 1590 5332 modo
1651 5277 1873 5333 abolere
1933 5293 2044 5332 non

457 5371 692 5442 potestis
715 5413 730 5436 ,
761 5385 955 5424 verum
1001 5369 1168 5425 etiam
1195 5369 1437 5426 libenter
1463 5371 1782 5440 suscipitis;
1834 5371 1968 5436 imo,
1999 5370 2044 5424 si

459 5479 623 5536 quem
672 5478 958 5518 nummum
999 5478 1168 5518 cruce
1195 5475 1483 5519 carentem
1535 5464 1808 5526 videnint,
1853 5478 2043 5533 repro-

459 5555 608 5611 batis
641 5565 698 5610 ct
746 5556 1026 5628 rejicjtis?
1060 5556 1212 5612 Adeo
1243 5572 1436 5612 verum
1470 5568 1556 5612 cst
1588 5557 1735 5626 quod
1779 5557 1848 5611 de
1888 5557 2046 5610 vobis

461 5647 600 5703 dixit
634 5647 842 5701 David:
878 5667 896 5698 ι
931 5647 1135 5704 Oculos
1169 5647 1375 5706 habent
1399 5660 1454 5704 et
1485 5665 1592 5703 non
1624 5643 1982 5704 videbunt“.
2021 5669 2036 5699 ι

533 5808 576 5838 ⁵³
617 5807 808 5862 Matth.
839 5823 892 5875 x,
924 5807 1012 5862 ἓξ.
1091 5809 1136 5841 ⁵⁸
1167 5811 1304 5866 Psal.
1329 5826 1474 5878 cxm,
1505 5811 1538 5866 5
1564 5809 1641 5863 vel
1675 5807 1764 5860 H-

2145 4720 2261 4774 ἀλλ’
2305 4722 2469 4792 ἡμεῖς
2529 4720 2752 4774 πάντων
2793 4719 3190 4792 βασιλεύομεν·
3235 4719 3298 4774 τὸ
3343 4720 3454 4791 γὰρ
3505 4722 3735 4791 σημεῖον

2147 4812 2243 4866 τοῦ
2279 4811 2508 4883 χρυσίου
2543 4813 2654 4883 τῆς·
2683 4803 2968 4884 βασιλείας
3005 4811 3186 4884 ἡμῶν,
3223 4815 3450 4883 σημεῖον
3482 4811 3579 4866 τοῦ
3611 4813 3739 4883 Χρι-

2151 4905 2278 4959 στοῦ
2310 4905 2477 4960 αὑτοῦ
2508 4905 2679 4961 ἐστιν.
2727 4905 2880 4958 Ἐπεὶ
2911 4906 3034 4960 είπέ
3065 4923 3180 4977 μοι,
3210 4907 3259 4960 εί
3301 4905 3379 4978 μὴ
3421 4909 3650 4979 σημεῖον
3672 4901 3737 4976 ἦν

2149 4999 2234 5052 ὃτι
2277 4997 2500 5062 αἰώνιος
2541 4998 2634 5052 καὶ
2683 4999 2945 5068 ἀνίκητος
3001 4999 3099 5052 καὶ
3153 4998 3544 5064 ἁνεξάλειπτος
3590 4993 3661 5070 ἦν
3704 4999 3736 5067 ἡ

2152 5094 2336 5158 πίστις
2385 5095 2479 5147 καὶ
2524 5095 2558 5166 ή
2611 5092 2874 5165 βασιλεία
2915 5094 3027 5146 τῶν
3067 5094 3437 5164 Χριστιανῶν,
3492 5093 3615 5157 πῶς
3650 5091 3738 5147 τὸν

2153 5187 2388 5259 σταυρὸν
2439 5185 2536 5240 τοῦ
2584 5185 3074 5258 Χριστοῦηπὰντες
3121 5187 3281 5254 ὑμεῖς
3332 5185 3623 5256 μισοῦντες
3650 5184 3739 5238 καὶ

2156 5277 2632 5349 βλασφημοῦντες,
2671 5275 3115 5344 ἐκπεπτώκατε;
3150 5277 3269 5340 πῶς
3304 5275 3392 5330 τὸν
3421 5278 3655 5348 σταυρὸν
3680 5279 3738 5330 ὲκ

2155 5370 2248 5424 τοῦ
2287 5370 2516 5442 χρυσίου
2558 5369 2864 5440 ἀπαλεῖψαι
2888 5371 2952 5423 οὐ
2977 5367 3232 5436 δύνασθε,
3267 5368 3405 5422 ἀλλὰ
3435 5370 3532 5424 καὶ
3554 5369 3738 5422 τοῦτον

2154 5460 2454 5532 προθύμως
2505 5459 2748 5530 δέχεσθε,
2804 5458 2943 5514 ἀλλὰ
2989 5461 3082 5514 καὶ
3139 5459 3235 5514 ἐὰν
3279 5457 3518 5530 χρυσοῦν
3573 5457 3735 5530 χωρὶς

2155 5553 2390 5624 σταυροῦ
2423 5552 2596 5625 ἴδητε,
2630 5551 2988 5622 βδελύσσεσθε
3009 5551 3141 5606 αὐτὸ
3165 5553 3260 5606 καὶ
3289 5549 3735 5624 ἁποστρέφεσθε;

2153 5646 2311 5701 Οὕτω
2346 5647 2526 5711 καλῶς
2568 5647 2596 5700 ὁ
2643 5645 2810 5702 Δαὸὶδ
2861 5648 2990 5718 περὶ
3024 5647 3180 5719 ὑμῶν
3216 5639 3372 5701 εἶπεν
3399 5661 3412 5676 ·
3447 5663 3466 5700 ι
3508 5643 3738 5714 Ὀφθαλα
