4098 6442
524 247 658 311 ίὲξὶδ

1529 239 1984 302 DISPUTATIO
2023 240 2414 301 ADVERSUS
2452 242 2780 307 JUD.‘EOS.

3638 238 3774 304 1226

521 360 654 429 μοὺς
695 356 904 426 ἔχουσι,
945 355 1038 409 καὶ
1069 355 1170 408 οὐκ
1201 353 1420 424 ὄψονται
1440 369 1455 385 ο
1487 353 1714 425 καρδίας
1747 352 1954 424 ἔχουσι,
1992 353 2087 404 καὶ

2204 351 2500 418 Quomodo,
2527 354 2672 423 quod
2703 353 3056 424 impugnatis,
3091 353 3146 408 id
3176 355 3354 425 ipsum
3383 353 3687 424 requiritis,
3718 362 3775 408 et

517 451 579 504 οὐ
625 450 909 502 συνιᾶσι.»
955 445 1078 509 Πῶς
1111 446 1250 516 ὅπερ
1286 443 1597 514 πολεμεῖτε,
1647 442 1806 499 τοῦτο
1851 442 2090 503 ποθεῖτε,

519 541 615 595 καὶ
677 543 817 611 ὅπερ
877 537 1257 610 βδελύσσεσθε,
1309 536 1469 590 τοῦτο
1525 533 1822 606 προθύμως
1869 533 2092 604 δέχεσθε

521 633 844 704 παραδόξως
871 630 1197 702 νικώμενοι;
1235 629 1344 681 Καὶ
1377 629 1427 680 εί
1467 626 1576 697 ἄρα
1616 626 1736 680 νοῦν
1773 625 1872 679 καὶ
1899 627 2095 697 φρόνη-

521 744 606 780 σιν
649 727 846 795 εἴχετε,
879 725 1038 795 ἢρκει
1089 723 1220 792 ὑμῖν
1260 720 1356 776 καὶ
1405 721 1542 772 πᾶσι
1595 719 1754 772 τοῦτο
1777 719 1838 772 τὸ
1865 719 2094 787 σημεῖον

521 821 602 880 εἰς
636 817 696 868 τὸ
731 817 904 882 δεῖξαι
949 816 1040 868 καὶ
1087 815 1273 866 πεῖσαι
1317 813 1484 881 ὑμᾶς,
1521 811 1602 864 ὅτι
1651 813 1684 881 ἡ
1712 810 1892 872 πίστις
1932 810 2028 862 καὶ
2066 810 2094 862 ὁ

522 910 750 981 σταυρὸς
785 908 879 961 τοῦ
915 907 1153 977 Χριστοῦ
1182 907 1264 972 εἰς
1297 904 1498 966 αἰῶνας
1532 903 1767 957 πάντοτε
1796 901 2088 972 βασιλεύει.

520 1002 682 1053 Πόσοι
721 999 822 1070 τὴν
863 999 1048 1051 πίστιν
1089 997 1249 1068 ἡμῶν
1291 997 1385 1050 καὶ
1417 996 1518 1066 τὴν
1563 993 1890 1062 Ἐκκλησίαν
1931 1012 2095 1047 κατα-

517 1091 680 1145 λῦσαι
717 1091 1054 1160 ἐδοκίμασαν
1086 1090 1179 1141 καὶ
1209 1089 1310 1140 οὐκ
1344 1089 1585 1158 ίσχυσαν;
1614 1083 1752 1137 Ἀλλ’
1798 1086 1950 1139 αὐτοὶ
1995 1085 2093 1156 μὲν

519 1182 827 1254 παρῆλθον,
870 1183 899 1235 ὁ
943 1181 1001 1234 δὲ
1032 1181 1282 1252 θεμέλιος
1303 1183 1404 1250 τῆς
1455 1177 1784 1248 Ἐκκλησίας
1809 1179 1902 1230 καὶ
1931 1179 1964 1247 ὴ
1999 1177 2091 1229 πί-

520 1291 636 1336 στις
676 1273 896 1326 ἵσταται
928 1271 1226 1334 ἀσάλευτος
1257 1271 1346 1324 διὰ
1376 1269 1610 1340 Χριστὸν
1643 1269 1733 1322 τὸν
1767 1265 1936 1330 οὕτως
1986 1266 2097 1336 ὁρί-

520 1383 711 1430 σαντα,
752 1365 836 1418 ὅτι
872 1383 890 1416 ι
915 1363 1088 1417 Πύλαι
1123 1361 1252 1433 ᾅδου
1281 1361 1344 1414 ού
1385 1359 1813 1431 κατισχύσουσιν
1844 1359 2034 1428 αὑτήν.
2068 1377 2088 1410 ι

590 1455 702 1509 Ποῦ
749 1457 901 1508 ἐστιν
946 1455 975 1506 ὁ
1025 1452 1449 1523 Διοκλητιανός;
1491 1453 1594 1506 ποῦ
1621 1452 1772 1504 ἐστιν
1805 1453 1833 1503 ὁ
1863 1451 2090 1520 Νέρωνς

521 1549 628 1600 ποῦ
663 1547 690 1600 ὁ
737 1543 1186 1608 ούεσπασιανὸς;
1225 1543 1327 1596 ποῦ
1389 1542 1672 1614 ῚῙρὼδηςς
1710 1542 1814 1594 ποῦ
1857 1544 1886 1594 ὁ
1916 1541 2089 1606 Mai:-

523 1638 735 1709 μιανὸς.
793 1638 890 1691 καὶ
952 1636 1154 1700 πάντες
1204 1636 1254 1688 οἰ
1309 1635 1438 1698 τοὺς
1490 1635 1729 1704 Χριστοῦ
1807 1633 2094 1706 μάρτυρας

2199 441 2346 510 quod
2393 443 2823 510 abominamini,
2857 444 2909 498 id
2941 444 3118 514 ipsum
3155 443 3447 515 diligenter
3470 445 3771 514 suscipitis,

2199 533 2282 590 sic
2325 551 2353 588 a
2386 534 2547 590 vobis
2580 535 2718 606 ipsis
2748 535 2876 590 victi
2909 536 3277 590 mirabiliter?
3307 535 3449 589 Sane
3483 537 3586 591 nisi
3619 551 3776 590 mens

2199 635 2255 682 et
2298 627 2662 698 intelligentia
2733 644 2831 684 vos
2887 629 3184 684 deiecisset
3211 669 3225 694 ,
3261 628 3416 682 vobis
3460 637 3518 682 et
3561 628 3777 682 caeteris

2200 717 2460 771 munibus
2505 719 2642 772 satis
2680 729 2828 774 esset
2856 719 2962 774 hoc
2985 719 3200 790 signum
3225 759 3241 783 ,
3277 730 3338 774 ut
3369 735 3690 789 persuasum
3719 730 3777 774 et

2204 821 2543 880 compertum
2581 812 2862 868 haberetis
2885 853 2900 878 ,
2937 811 3100 866 ﬁdem
3130 820 3186 867 et
3228 827 3450 867 crucem
3483 811 3688 866 Christi
3721 811 3774 866 in

2200 904 2399 958 secula
2443 903 2743 958 dominari.
2797 903 2942 970 Quot
2985 915 3042 958 et
3088 903 3278 972 quanti
3315 901 3475 956 ﬁdem
3506 912 3562 956 et
3589 899 3780 956 Eccle-

2199 994 2335 1048 siam
2378 1005 2624 1049 nostram
2676 995 2978 1050 dissolvere
3038 1003 3371 1065 sperarunt,
3405 1003 3462 1048 et
3513 1010 3622 1048 non
3674 1009 3778 1064 po-

2201 1088 2404 1142 tuere?
2431 1088 2546 1142 lmo
2585 1086 2686 1158 ipsi
2718 1088 3094 1152 transierunt,
3127 1097 3185 1142 at
3217 1087 3640 1142 fundamentum
3672 1085 3778 1140 Ec-

2200 1177 2380 1232 clesire
2405 1217 2422 1242 ,
2470 1193 2592 1248 quae
2645 1188 2732 1233 est
2777 1177 2912 1234 ﬁdes
2938 1219 2952 1243 ,
2985 1177 3373 1233 inconcussum
3405 1189 3630 1243 manet,
3680 1193 3780 1249 per

2198 1271 2519 1334 Christum,
2575 1273 2669 1342 qui
2719 1272 2801 1328 sic
2843 1273 3131 1338 decrevit,
3183 1291 3202 1324 ‹
3243 1273 3419 1327 Ροτιτο
3445 1312 3460 1336 ,
3491 1271 3776 1342 inquiens.

2201 1363 2364 1419 inferi
2403 1379 2514 1420 non
2550 1366 2924 1436 prmvalebuut
2949 1366 3213 1420 adversus
3243 1379 3362 1419 eam
3394 1366 3461 1417 ".
3493 1383 3510 1415 ι

2270 1457 2372 1513 Ubi
2411 1467 2497 1512 est
2540 1457 2954 1512 Diocletianus?
2989 1457 3081 1512 ubi
3125 1457 3314 1512 Nero?
3353 1457 3446 1510 ubi
3494 1455 3780 1526 Vespasia-

2203 1545 2340 1601 nus?
2368 1546 2461 1600 ubi
2486 1545 2768 1601 Herodes?
2798 1545 2891 1600 ubi
2934 1545 3318 1610 Maximianus,
3364 1557 3421 1600 et
3458 1559 3653 1599 omnes
3682 1544 3776 1613 qui

2201 1647 2473 1708 martyres
2499 1635 2723 1706 quidem
2755 1635 2960 1691 Christi
2993 1635 3336 1694 occiderunt.
3383 1634 3546 1688 [idem
3591 1643 3776 1688 autem

519 1727 966 1791 ἀποκτείναντες,
1001 1729 1100 1800 τὴν
1145 1728 1202 1781 δὲ
1237 1727 1422 1780 πίστιν
1448 1726 1609 1798 ἡμῶν
1661 1727 1737 1797 μὴ
1785 1725 2096 1788 παύσαντες

2204 1737 2447 1784 nostram
2492 1727 2848 1794 exstinguere
2895 1727 2978 1782 vel
3026 1726 3397 1783 intercludere
3431 1741 3543 1780 non
3586 1735 3781 1796 potuc-

523 1820 658 1892 μηδὲ
709 1820 1062 1886 κλείσαντες;
1117 1819 1281 1872 Αὐτοὶ
1335 1817 1392 1871 δὲ
1437 1817 1715 1872 ἀπώλοντο
1766 1821 1856 1872 καὶ
1906 1818 2083 1872 διελύ-

521 1911 710 1980 θησαν.
748 1912 807 1963 '0
845 1909 902 1964 δὲ
947 1910 1182 1978 Χριστὸς
1224 1893 1329 1963 οὐκ
1347 1908 1617 1979 ἐψεύσατο
1637 1910 1770 1980 ἡμῖν
1789 1909 1978 1985 εἰπὼν,
2011 1911 2093 1964 ὅτι

526 2025 544 2056 ι
574 2003 799 2057 Ἐσεσθε
825 2004 1144 2074 μισούμενοι
1169 2003 1274 2056 ὑπὸ
1299 2003 1516 2057 πάντων
1538 2001 1626 2056 διὰ
1645 2003 1705 2056 τὸ
1725 2003 1896 2072 ὄνομα
1925 2020 2048 2072 μου.
2072 2022 2092 2054 ι

522 2096 628 2149 Καὶ
665 2097 846 2160 πάλιν,
881 2095 962 2148 ὅτι
989 2113 1008 2145 ι
1049 2093 1171 2148 Ἐπὶ
1197 2093 1434 2164 βασιλεῖς
1462 2095 1556 2148 καὶ
1573 2093 1845 2164 ἡγεμόνας
1871 2094 2102 2166 ἀχθήσε-

522 2187 614 2240 σθε
660 2186 848 2240 ἕνεκεν
896 2185 1054 2254 ἐμοῦ.
1085 2205 1103 2240 ι
1141 2185 1238 2238 Ἓν
1279 2181 1375 2239 οὖν
1427 2183 1780 2249 ἐπιλέξασθε·
1817 2185 1852 2256 ἢ
1892 2187 2102 2255 μισεῖτε

525 2279 698 2348 ἡμᾶς,
736 2277 908 2338 ὅντως
937 2275 1214 2330 δεικνύετε
1248 2276 1482 2348 Χριστὸν
1515 2275 1849 2348 ἀληθεύοντα
1879 2277 2102 2330 εἰπόντα

522 2372 678 2440 ἡμῖν,
709 2370 793 2422 ὄτι
827 2386 846 2419 ι
875 2368 1106 2421 Ἔσεσθε
1155 2366 1476 2439 μισούμενοι
1524 2367 1631 2420 ὑπο
1673 2368 1892 2422 πάντων
1927 2365 2018 2420 διὰ
2041 2367 2104 2420 τὸ

521 2457 696 2528 δνομά
721 2474 847 2526 μου.
877 2475 896 2508 ι
927 2456 1004 2510 Οὐ
1033 2457 1191 2527 μόνον
1215 2457 1274 2510 δὲ
1295 2455 1474 2520 τοῦτο,
1503 2457 1640 2510 ἀλλὰ
1661 2458 1754 2510 καὶ
1769 2456 1904 2512 ἄλλα
1932 2457 2103 2512 πολλὰ

524 2545 698 2616 εἶπεν,
739 2550 900 2603 ἅτινα
931 2549 1052 2602 καθ’
1079 2550 1294 2620 ἡμέραν
1339 2548 1656 2618 θεωροῦμεν
1684 2549 1968 2620 γινόμενα,
1999 2552 2098 2604 καὶ

525 2641 616 2692 ἐπὶ
643 2640 830 2692 πλεῖον
863 2640 1029 2692 αὐτὸν
1060 2639 1136 2703 ὼς
1177 2639 1310 2693 Θεὸν
1341 2640 1780 2710 προσκυνοῦμεν.
1817 2637 1976 2708 Eine,
2006 2661 2103 2714 κη-

526 2729 858 2802 ρυχθήσεται
885 2731 948 2784 τὸ
981 2731 1316 2800 Εύαγγέλιον
1349 2731 1516 2785 αὐτοῦ
1549 2733 1608 2784 ἐν
1639 2732 1745 2802 ὅλῳ
1777 2734 1856 2802 τῷ
1887 2733 2098 2805 κόσμῳ·

527 2817 714 2876 εἶπεν·
750 2823 825 2876 Ού
872 2823 946 2894 μὴ
1000 2823 1158 2896 μείνῃ
1201 2822 1346 2884 λίθος
1395 2823 1487 2876 ἐπὶ
1533 2821 1682 2876 λίθον
1713 2825 1792 2887 εἰς
1840 2825 1932 2876 τὸν
1976 2827 2102 2878 ναὸν

526 2915 680 2978 ὑμῶν
703 2930 716 2946 ⁶
756 2909 934 2979 εἶπεν,
977 2914 1060 2966 ὃτι
1092 2933 1110 2965 ι
1156 2913 1214 2968 ’0
1245 2915 1320 2984 μὴ
1353 2913 1536 2982 ἀφιεὶς
1577 2913 1789 2986 πατέρα
1823 2915 1915 2968 καί
1943 2915 2102 2969 ἀδελ-

527 3008 660 3074 φοὺς
692 3009 786 3058 καὶ
825 3005 1082 3073 ἀδελφὰς,
1132 3006 1194 3059 ού
1231 3005 1456 3059 δύναται
1503 3006 1872 3076 ἀκολουθῆσαί
1925 3023 2036 3077 μοι.
2075 3026 2095 3060 ι

527 3094 696 3150 Εἶπεν
719 3100 850 3168 ἡμῖν
873 3101 1002 3168 περὶ
1034 3097 1156 3166 ἐλεη
1167 3097 1406 3168 μοσύνης
1426 3100 1682 3167 κρυπτῶς
1705 3099 1870 3170 αὐτὴν
1896 3105 2096 3170 ποιεῖν’

526 3185 680 3243 εἶπεν
708 3191 844 3260 ἡμῖν
867 3207 880 3220 ο
915 3207 934 3239 ι
969 3187 1304 3253 Βαπτίξεσθε
1329 3192 1410 3252 εἰς
1437 3191 1497 3242 τὸ
1531 3190 1700 3260 ὄνομα
1737 3168 1835 3244 τοῦ.
1861 3168 2097 3262 ιίατρὺς,

529 3280 621 3331 καὶ
657 3278 755 3332 τοῦ
815 3279 968 3343 Υἰοῦ,
993 3279 1088 3332 καὶ
1131 3279 1226 3333 τοῦ
1269 3280 1427 3350 ἁγίου
1469 3281 1818 3352 Πνεύματος.
1857 3304 1874 3335 ι
1933 3281 2100 3338 Εἶπεν

527 3374 658 3440 ἡμῖν
686 3387 700 3401 ’
744 3389 762 3422 ι
782 3370 918 3426 Μεθ’
949 3371 1104 3440 ὑμῶν
1143 3373 1258 3442 εἰμι
1293 3374 1474 3435 πάσας
1503 3375 1600 3438 τὰς
1633 3375 1846 3452 ἡμέρας
1871 3376 1974 3440 ἓως
2001 3377 2101 3446 τῆς

527 3460 840 3524 συντελείας
872 3458 966 3512 τοῦ
999 3459 1216 3524 αἰῶνος.
1245 3479 1262 3513 ι
1295 3461 1392 3525 Τίς
1420 3460 1514 3514 οῦν
1543 3464 1694 3516 ἐστιν
1739 3464 1768 3514 ὀ
1805 3464 2101 3534 δυνάμενος

527 3551 744 3622 ἐλέγξαι
765 3553 949 3616 αὑτὸν,
973 3553 1056 3606 ὅτι
1078 3553 1346 3622 ἐψεύσατο
1369 3555 1542 3608 ταῦτα
1593 3556 1819 3610 εἰπόντα
1847 3556 1938 3610 τὸν
1969 3558 2104 3627 Χρι-

529 3645 684 3709 στόν;
726 3645 914 3708 Οὐδεὶς
969 3647 1222 3710 παντως·
1269 3645 1408 3699 ἀλλὰ
1456 3647 1636 3700 πάντα
1673 3649 1984 3716 γεγόνασιν,
2025 3641 2131 3711 ὡς’

529 3737 886 3806 προείπομεν,
920 3738 1012 3790 καὶ
1057 3737 1320 3805 γίνονται.
1359 3732 1508 3808 1ΓΑρα
1558 3738 1658 3792 ούκ
1695 3739 1891 3793 ἔπεσεν
1919 3741 1948 3794 ὁ
1974 3740 2100 3804 ναὸς

2127 3055 2168 3111 C

2203 1819 2368 1874 runt?
2394 1819 2502 1889 Ipsi
2538 1819 2826 1897 perierunt
2845 1829 2901 1874 et
2927 1819 3180 1875 dissoluti
3203 1827 3352 1882 sunt,
3383 1834 3622 1888 veraque
3642 1834 3774 1888 prm-

2201 1909 2482 1964 nuntiavit
2532 1909 2825 1975 Christus,
2870 1909 3036 1964 nobis
3081 1909 3314 1965 dicens:
3363 1929 3382 1961 ι
3432 1909 3572 1964 Odio
3623 1909 3781 1964 eritis

2201 2002 2464 2057 omnibus
2511 2011 2738 2072 propter
2786 2017 2990 2056 nomen
3045 2017 3228 2056 meum
3259 2003 3344 2068 ‘7;
3383 2021 3402 2054 ι
3437 2012 3494 2056 et
3531 2002 3728 2056 iterum
3762 2021 3776 2056 :

2209 2082 2232 2143 ι’
2251 2093 2332 2147 Ad
2356 2107 2511 2163 reges
2537 2101 2594 2148 et
2617 2093 2683 2146 ad
2716 2093 2982 2164 prmsides
2998 2093 3278 2148 ducemini
3313 2103 3538 2164 pr0pter
3567 2110 3654 2148 me
3675 2093 3738 2147 ⁵³.
3754 2115 3772 2144 ο

2202 2185 2318 2240 Hoc
2359 2187 2528 2256 igitur
2564 2187 2745 2240 solum
2795 2194 3070 2256 superest,
3103 2185 3252 2254 quod
3299 2185 3634 2241 concludere
3675 2185 3776 2241 dc-

2202 2277 2380 2332 beatis
2415 2294 2429 2330 :
2463 2277 2592 2332 odio
2621 2292 2820 2347 nempe
2849 2287 3034 2332 vestro
3074 2278 3366 2332 adversum
3397 2293 3521 2344 nos,
3563 2279 3780 2350 perspi-

2203 2383 2306 2424 cue
2335 2368 2728 2424 demonstratis
2766 2384 2898 2424 vera
2935 2369 3296 2439 prOphetasse
3316 2369 3621 2433 Christum,
3646 2371 3778 2425 dum

2204 2459 2458 2516 diceret:
2523 2479 2540 2512 ι
2586 2459 2727 2516 ΟιΙίο
2779 2459 2939 2514 eritis
2992 2459 3252 2514 omnibus
3301 2469 3530 2530 propter
3575 2475 3778 2515 nomen

2205 2566 2410 2606 meum.
2438 2570 2457 2602 ›
2503 2552 2695 2621 Neque
2727 2550 2860 2605 illud
2890 2559 3126 2616 tantum,
3165 2551 3262 2606 sed
3298 2552 3468 2606 multa
3511 2552 3616 2607 alia
3643 2567 3780 2622 pra:-

2205 2642 2366 2708 dixit,
2391 2658 2513 2712 quae
2539 2641 2790 2712 quotidie
2820 2641 2888 2696 ad
2916 2641 3176 2696 enectum
3208 2641 3472 2711 perducta
3505 2641 3779 2710 conspici.
3812 2645 3833 2664 '

2203 2751 2350 2802 mus,
2397 2735 2544 2790 unde
2590 2733 2764 2803 magis
2816 2732 2874 2787 in
2928 2733 3119 2803 ipsius,
3171 2741 3231 2786 ut
3286 2731 3406 2797 Dei,
3459 2733 3780 2788 adoratioue

2205 2827 2619 2881 conlirmamur.
2655 2825 2800 2880 Dixit
2831 2824 2982 2880 enim
3038 2823 3396 2894 praedicatum
3426 2823 3490 2878 iri
3540 2825 3783 2896 Evange-

2205 2917 2340 2973 lium
2373 2933 2534 2972 suum
2580 2917 2636 2970 in
2680 2916 2942 2972 universo
2977 2915 3218 2981 mundo;
3247 2915 3498 2985 praedixit
3519 2930 3659 2970 tuon
3692 2933 3781 2972 re-

2206 3020 2530 3064 mansurum
2560 3007 2998 3078 lapidemrsuper
3012 3005 3250 3078 lapidem
3273 3006 3328 3060 in
3351 3007 3554 3076 templo
3575 3015 3777 3075 vestro,
3797 3031 3814 3060 ι

2203 3099 2379 3154 dixit:
2418 3118 2437 3150 ι
2474 3098 2578 3166 Qui
2610 3114 2720 3152 non
2758 3097 3024 3166 relinquit
3044 3107 3258 3166 patrem
3282 3105 3338 3150 et
3369 3097 3570 3151 fratres
3602 3107 3662 3152 ct
3688 3113 3778 3152 so-

2204 3207 2381 3256 rores,
2412 3207 2524 3246 non
2549 3198 2732 3260 potest
2778 3189 2968 3243 venire
3004 3197 3131 3258 post
3170 3204 3256 3242 me
3281 3190 3357 3254 l";
3394 3207 3412 3242 ι
3443 3187 3513 3244 de
3545 3188 3781 3244 clcemo-

2203 3296 2335 3352 syna
2389 3280 2653 3351 prmcepit
2696 3277 2880 3341 nobis,
2931 3285 2992 3332 ut
3035 3279 3276 3333 latenter
3311 3293 3432 3332 eam
3466 3277 3776 3343 faciamus;

2202 3372 2343 3427 dixit
2374 3371 2570 3428 nobis:
2604 3392 2622 3420 ι
2660 3370 3019 3440 Baptizamini
3050 3369 3103 3424 in
3129 3369 3351 3425 nomine
3379 3369 3558 3426 Patris
3579 3379 3636 3424 et
3657 3371 3778 3427 Filii

2202 3467 2259 3513 et
2285 3457 2526 3528 Spiritus
2557 3459 2766 3524 sancti;
2803 3477 2820 3509 ι
2857 3467 2915 3512 et
2947 3457 3146 3513 iterum
3174 3477 3187 3512 :
3219 3479 3237 3510 ι
3269 3459 3413 3515 Ecce
3455 3475 3558 3530 ego
3591 3460 3778 3515 vobis-

2202 3565 2329 3603 cum
2374 3565 2496 3604 sum
2551 3565 2726 3620 usque
2749 3549 2817 3603 ad
2847 3550 3382 3606 consummationem
3427 3551 3702 3607 saeculi“.
3755 3571 3772 3602 ι

2204 3641 2410 3711 Ecquis
2457 3642 2627 3712 igitur
2659 3641 2942 3697 Christum
2986 3642 3165 3712 possit
3217 3643 3490 3698 mendacii
3547 3659 3780 3714 arguere

2203 3731 2350 3786 circa
2383 3732 2481 3787 has
2502 3747 2695 3786 omnes
2722 3732 3150 3802 praedictiones?
3179 3733 3352 3788 Nemo
3377 3749 3508 3788 sane
3533 3750 3547 3799 ;
3576 3735 3782 3796 scd,nt

528 3827 683 3896 ὑμῶν
729 3828 823 3880 καὶ
875 3828 1046 3897 ἐκὰη;
1075 3823 1184 3896 ἆρα
1215 3828 1316 3881 οὐκ
1361 3828 1640 3902 ἐκηρύχθη
1669 3831 1730 3884 τὸ
1772 3831 2099 3900 Εὐαγγέλιον

2204 3824 2308 3894 iam
2343 3823 2604 3890 diximus,
2631 3825 2815 3879 omnia
2841 3824 2908 3880 ad
2949 3823 3208 3878 effectum
3247 3825 3514 3894 perducta
3543 3836 3694 3891 sunt,
3725 3840 3780 3882 et

527 3919 694 3974 αὑτοῦ
733 3921 792 3974 ὲν
823 3921 933 3992 ὅλῳ
961 3919 1038 3990 τῷ
1061 3920 1292 3990 κὸσμῳ;
1324 3915 1432 3990 ἆρα
1458 3921 1519 3974 οὐ
1561 3921 1869 3992 μισούμεθα
1895 3925 1944 3977 οἱ
1975 3925 2099 3994 Χρι-

2205 3915 2606 3987 perducuntur.
2633 3917 2827 3972 Nonne
2855 3917 3120 3987 templum
3146 3927 3394 3973 vestrum
3425 3919 3671 3974 dirutum
3695 3931 3782 3976 est

529 4012 736 4065 στιανοὶ
774 4012 879 4065 ὑπὸ
909 4013 1132 4063 πάντων
1165 4011 1273 4063 τῶν
1301 4011 1472 4066 ἐθνῶν
1499 4011 1588 4066 διὰ
1617 4013 1676 4066 τὸ
1709 4013 1880 4083 ὄνομα
1901 4015 2099 4080 αὐτοῦς

2204 4017 2262 4062 οι
2293 4007 2682 4064 combustum?
2710 4008 2904 4064 Nonne
2931 4008 3283 4078 praedicatum
3306 4018 3394 4065 est
3426 4010 3780 4082 Evangelium

527 4097 637 4172 ἄρα
667 4103 728 4156 ού
777 4101 1092 4172 θεωροῦμεν
1153 4105 1379 4172 μυρὲους
1425 4104 1678 4171 ἀφιέντας
1720 4107 1980 4177 πατέρας,
2010 4109 2099 4161 καὶ

2204 4101 2328 4172 ejus
2383 4099 2438 4155 in
2498 4101 2760 4156 universo
2811 4100 3058 4156 mundo?
3097 4100 3293 4158 Nonne
3341 4101 3471 4156 odio
3511 4103 3782 4157 habemur

531 4195 795 4266 μητέρας,
817 4191 910 4249 καλ
938 4193 1360 4260 ἀκολουθοῦντα..
1385 4195 1461 4266 τῷ
1487 4196 1739 4269 Χριστῷς
1765 4193 1873 4268 ἆρα
1904 4200 1963 4252 οὐ
1985 4198 2099 4270 pus-

2204 4209 2308 4250 nos
2330 4193 2631 4249 Christiani
2657 4193 2727 4248 ab
2749 4193 3009 4249 omnibus
3037 4179 3296 4264 gentibus
3320 4204 3546 4264 propter
3577 4211 3779 4250 nomen

529 4305 704 4356 πομεν
755 4287 788 4358 ἢ
831 4287 892 4340 ού
921 4285 1152 4358 νοοῦμεν
1180 4288 1263 4342 ὅτι
1305 4287 1424 4359 μεθ’
1447 4289 1604 4359 ήμῶν
1635 4291 1782 4344 ἐστιν
1806 4293 1835 4344 ὀ
1863 4293 2099 4364 Χριστὸς

2205 4288 2361 4358 ejus?
2399 4287 2591 4344 Nonne
2622 4287 2877 4343 videmus
2919 4287 3354 4344 innumerabiles
3379 4329 3394 4354 ,
3433 4289 3686 4359 patribus
3725 4301 3784 4344 et

528 4372 711 4438 πάσας
735 4376 830 4440 τὰς
851 4377 1061 4446 ἡμέρας
1079 4374 1297 4446 ἓωςτῆς
1317 4377 1632 4440 συντελείας
1652 4377 1746 4430 τοῦ
1778 4377 1996 4444 αἰῶνος,
2032 4383 2099 4447 μὴ

2212 4381 2486 4452 matribus
2510 4380 2743 4445 relictis,
2768 4380 2923 4436 illum
2953 4381 3292 4451 sequentes?
3327 4381 3522 4437 Nonne
3566 4384 3782 4453 perspi-

531 4464 832 4538 συγχωρῶν
867 4465 1282 4535 καταργηθῆναι
1306 4465 1406 4537 τὴν
1427 4467 1611 4520 πίστιν
1653 4467 1845 4538 ὴμῶνς
1887 4470 1984 4533 Τίς
2013 4469 2099 4523 οῦν

2209 4471 2388 4527 cimus
2419 4481 2518 4526 aut
2545 4472 2926 4543 intelligimus,
2954 4471 3102 4544 quod
3140 4465 3398 4528 Christus
3447 4489 3575 4528 cum
3621 4473 3786 4530 nobis

529 4557 746 4629 βλέπων
773 4557 842 4611 τὰ
863 4558 1088 4611 τοιαῦτα
1112 4558 1204 4611 καὶ
1227 4557 1295 4613 τὰ
1317 4557 1558 4612 τοσαῦτα
1577 4559 1742 4612 αὑτοῦ
1765 4561 1986 4632 ῥήματα
2012 4563 2099 4615 καὶ

2209 4564 2284 4618 sit
2307 4578 2481 4634 usque
2511 4563 2576 4618 ad
2605 4565 3140 4620 consummationem
3168 4564 3379 4632 saeculi,
3414 4579 3525 4620 non
3551 4566 3784 4636 permit-

530 4650 856 4721 πράγματα,
888 4647 1033 4718 ἅπερ
1061 4647 1169 4719 πρὸ
1200 4649 1408 4718 χρόνων
1449 4648 1786 4702 ὀκτακοσίων
1815 4649 1848 4722 ἢ
1880 4651 1975 4704 καὶ
2003 4652 2105 4704 ἐπ-

531 4740 720 4792 έκεινα
741 4739 1024 4810 προεῖπεν,
1053 4738 1297 4808 σήμερον
1329 4737 1426 4792 καὶ
1453 4736 1574 4792 καθ’
1601 4738 1815 4813 ἡμέραν
1843 4737 2109 4808 γινόμενα

531 4829 625 4882 καὶ
665 4829 974 4898 λάμποντα,
999 4828 1221 4882 δύναται
1243 4829 1548 4899 ἀπιστῆσαι
1577 4829 1610 4900 ἢ
1652 4829 2107 4900 σκανδαλισθῆναι

531 4921 612 4983 εἰς
643 4919 846 4984 αύτόνς
881 4919 956 4991 μὴ
993 4919 1224 4988 γένοιτο.
1263 4919 1429 4972 Ὥστε
1477 4919 1556 4991 τῷ
1587 4919 1898 4991 βουλομένῳ
1927 4920 2110 4974 ἐντεῦ-

535 5014 628 5063 θεν
657 5009 774 5063 ἔστι
803 5011 1022 5080 μαθεῖν,
1053 5011 1136 5063 ὃτι
1165 5011 1264 5080 οὐχ
1294 5010 1532 5080 ὑπάρχει
1583 5012 1750 5082 ἑτέρα
1802 5013 1985 5075 πίστις
2025 5013 2114 5065 e6-

537 5101 837 5171 σεϐεστέρα
867 5101 961 5153 ἐπὶ
999 5101 1098 5170 τῆς
1129 5101 1255 5172 γῆς,
1283 5101 1402 5154 ἀλλ’
1427 5101 1460 5172 ἦ
1494 5102 1631 5173 μόνη
1681 5105 1716 5174 η
1745 5104 1826 5167 εἰς
1857 5103 2112 5174 Χριστόν.

2210 4662 2332 4708 tens
2361 4653 2522 4709 [idem
2554 4663 2799 4710 nostram
2831 4655 3133 4710 evacuari?
3168 4653 3304 4722 Quis
3343 4665 3432 4710 est
3464 4655 3635 4726 igitur
3663 4658 3782 4727 qui,

2213 4739 2342 4794 talia
2381 4749 2437 4795 et
2487 4749 2638 4794 tanta
2683 4754 2916 4795 cernens
2947 4739 3018 4794 ab
3051 4740 3146 4795 illo
3167 4750 3296 4796 ante
3321 4741 3668 4811 octingentos
3699 4743 3787 4799 vel

2212 4831 2402 4901 plures
2431 4845 2606 4886 annos
2628 4829 2889 4901 praedicta
2921 4830 3008 4886 vel
3034 4839 3328 4902 praecepta,
3356 4831 3604 4902 quotidie
3637 4847 3789 4889 nunc

2214 4922 2284 4978 ad
2327 4923 2588 4978 ellectum
2635 4939 2762 4979 cum
2822 4931 2974 4978 tanto
3019 4922 3314 4994 splendore
3361 4923 3646 4993 perducta,
3675 4940 3787 4980 non

2213 5009 2422 5071 credat,
2443 5018 2539 5064 aut
2563 5010 2970 5066 scandalizetur
2997 5011 3051 5066 in
3078 5010 3246 5066 eum?
3267 5011 3425 5065 Absit
3440 5019 3500 5065 ut
3521 5011 3645 5066 talis
3663 5011 3790 5081 quis

2211 5099 2490 5155 exsistat!
2526 5099 2604 5154 Ex
2659 5099 2746 5155 his
2783 5100 2951 5172 igitur
2998 5101 3198 5171 cuique
3225 5101 3436 5157 volenti
3474 5102 3788 5172 perspicere

534 5189 695 5260 Αὐτῷ
723 5190 756 5261 ἡ
779 5190 906 5254 δόξα
940 5189 1034 5243 καὶ
1060 5189 1121 5244 τὸ
1150 5189 1370 5260 κράτος.
1416 5191 1608 5260 ’Δμήν.

2213 5191 2366 5255 licet,
2405 5191 2614 5246 nullam
2641 5191 2910 5246 exsistere
2933 5206 3102 5262 super
3128 5200 3356 5256 terram,
3387 5191 3790 5264 rcligiosiorem

2215 5280 2404 5346 fidem,
2430 5290 2630 5352 praeter
2653 5281 2824 5335 solam
2863 5280 3030 5336 ﬁdem
3059 5281 3116 5335 in
3141 5277 3446 5337 Christum.
3483 5280 3591 5353 Ipsi
3617 5280 3792 5352 gloria

2215 5381 2271 5427 et
2313 5381 2572 5442 potestas.
2605 5372 2802 5428 Amen.

616 5531 666 5568 “
701 5533 890 5588 Matth.
921 5550 1032 5600 xm,
1062 5534 1148 5589 18.
1225 5534 1269 5567 ⁵⁷
1306 5531 1496 5588 Matth.
1527 5545 1580 5597 τ,
1615 5527 1704 5584 ‘22.
1786 5528 1830 5561 "
1862 5526 1999 5582 ibid.
2027 5529 2099 5582 18,

2204 5529 2232 5560 ⁸³
2267 5528 2458 5584 Matth.
2485 5547 2539 5592 ι,
2569 5532 2656 5587 57.
2737 5534 2781 5566 ⁶⁶
2813 5533 3008 5591 Matth.
3045 5552 3230 5602 xxvnt,
3269 5537 3354 5604 l9,
3380 5535 3474 5592 20.

858 5739 1122 5800 Ριτιιοι.
1168 5739 1283 5799 Gn.
1335 5736 1666 5801 LXXXIX.

3310 5736 3391 5795 39
