4098 6440
555 289 685 352 1227

1747 298 1809 358 S.
1854 326 1894 356 Α
1907 300 1948 355 .‘i
1960 299 2209 357 AS'I'ASI
2227 300 2241 355 I
2290 300 2351 357 Si
2367 298 2458 355 NA
2474 299 2612 356 ΙῚῖιί

3649 314 3761 377 12:8

558 508 3745 546 “mw

1250 666 1477 752 ΤΟΥ
1548 662 1925 751 ΑΥΤΟΥ
2002 663 2494 752 ΔΕΥΤΕΡΑ
2567 667 3127 758 ΕΡΩΤΗΣΙΣ.

1056 1003 1591 1093 EJUSDEM
1700 1003 2236 1099 saeuum
2338 1002 3297 1099 INTERROGATIO.

2157 1207 2228 1219 -ι-

620 1345 683 1398 Et
712 1342 891 1398 omnia
927 1342 1146 1413 quidem
1178 1343 1245 1397 de
1282 1345 1373 1399 illo
1409 1347 1692 1415 prophetae
1724 1345 2116 1417 prtedixerunt,

2292 1345 2337 1396 K
2346 1347 2402 1398 αὶ
2418 1347 2525 1414 γὰρ
2550 1348 2765 1401 ἅπαντα
2785 1348 2853 1400 τὰ
2874 1365 2939 1413 πε
2949 1347 3000 1418 pl
3022 1347 3186 1402 αὐτοῦ
3203 1348 3251 1402 oi
3271 1351 3546 1420 προφῆται
3567 1351 3776 1422 προεκή-

551 1452 642 1490 vos
676 1445 858 1490 autem
904 1452 1012 1490 non
1051 1437 1353 1492 attenditis.
1404 1438 1460 1493 Si
1495 1455 1628 1492 vero
1675 1440 1863 1494 dicitis
1897 1457 1911 1493 :
1946 1438 2128 1505 Quare

546 1528 828 1598 propheta:
852 1528 921 1583 de
952 1537 1142 1583 vestro
1173 1529 1399 1584 Christo
1438 1531 1734 1601 loquentes
1786 1548 1895 1586 non
1940 1542 2127 1602 aperte

544 1629 601 1674 ct
649 1621 793 1677 clare
852 1621 1012 1676 nobis
1057 1622 1227 1677 locuti
1280 1625 1459 1678 sunt?
1507 1626 1576 1681 Ut
1623 1625 1879 1689 videatis,
1926 1624 2124 1684 Judmi.

545 1714 826 1769 Christum
857 1717 1072 1771 venisse
1101 1728 1157 1772 et
1206 1719 1367 1771 linem
1408 1719 1738 1788 imposuisse
1772 1718 1877 1787 legi
1914 1725 1969 1773 et
1993 1718 2127 1787 legis

546 1803 1036 1865 immolationibus.
1090 1815 1146 1859 et
1194 1806 1353 1860 vobis
1388 1806 1513 1861 dico
1560 1824 1573 1859 :
1626 1807 1784 1868 Istus,
1837 1806 1881 1860 si
1922 1805 2126 1859 nudam

544 1912 658 1949 rem
690 1896 763 1949 ita
793 1896 962 1951 locuti
994 1906 1201 1962 essent,
1235 1898 1419 1951 statim
1463 1897 1791 1968 lapidabatis
1822 1912 2126 1967 eorumque

544 1980 717 2043 libros
743 1989 1094 2044 cremabatis.
1120 1990 1233 2045 Nos
1257 1990 1481 2045 demum
1512 1991 1567 2045 in
1610 1991 1716 2045 hoc
1748 1990 2079 2060 aspiciamus
2108 2006 2123 2055 ;

543 2077 709 2131 modo
733 2077 881 2131 enim
912 2092 977 2131 ex
1012 2078 1215 2133 vestris
1244 2079 1532 2149 prophetis
1576 2075 1675 2134 vos
1715 2078 2126 2134 eonfundimus.

541 2169 727 2224 omnia
752 2185 875 2239 qua:
915 2170 984 2225 de
1015 2170 1238 2226 Christo
1280 2170 1544 2226 dixerunt
1589 2183 1883 2241 arguentes
1919 2183 1976 2226 et
2017 2184 2128 2240 pra!

542 2262 699 2317 vobis
744 2272 1038 2333 ponentes.
1088 2262 1261 2317 David
1319 2264 1470 2319 enim
1528 2264 1665 2318 dicit
1710 2282 1724 2319 :
1773 2283 1791 2315 ι
1838 2264 2128 2319 Inelinavit

540 2355 713 2409 emlos
739 2364 797 2409 et
834 2354 1127 2410 descendit
1158 2356 1222 2409 ⁶¹.
1267 2374 1286 2407 ι
1323 2356 1492 2412 Isaias
1524 2356 1660 2411 dicit
1692 2373 1705 2410 :
1742 2374 1760 2407 ι
1796 2357 1937 2412 Ecce
1971 2356 2126 2427 virgo

538 2445 819 2515 concipiet
850 2447 1119 2520 etpariet
1144 2446 1339 2514 lilium,
1389 2457 1448 2503 et
1476 2448 1755 2503 vocabunt
1783 2464 1981 2504 nomen
2007 2449 2128 2520 ejus

541 2536 863 2590 Emmanuel
890 2518 976 2602 ὡς
1019 2555 1038 2589 ι
1092 2552 1161 2593 en
1213 2539 1334 2608 ejus
1378 2538 1660 2594 nativitas.
1719 2540 1922 2594 Iterum
1980 2540 2125 2594 idem

540 2626 812 2696 propheta
845 2626 980 2681 dicit
1017 2643 1030 2680 :
1075 2646 1094 2679 ι
1132 2628 1229 2683 Ille
1253 2629 1402 2683 Deus
1431 2638 1637 2693 noster,
1664 2646 1773 2684 non
1796 2629 2127 2701 disceptabit

2234 1436 2426 1506 ρυξαν,
2451 1439 2564 1492 ἀλλ’
2592 1440 2747 1507 ὑμεῖς
2773 1440 2874 1492 οὐκ
2897 1440 3220 1509 ὲμὸλὲπετε.
3239 1442 3301 1495 Εἰ
3317 1443 3371 1496 δὲ
3395 1444 3583 1512 λέγετε
3607 1445 3679 1499 ὅτι
3698 1446 3776 1500 ἐὰν

2231 1527 2282 1579 oi
2316 1527 2596 1596 προφῆται
2624 1528 2781 1599 ὑμῶν
2803 1547 2871 1582 πε
2884 1531 2935 1598 pl
2962 1530 3057 1584 τοῦ
3089 1532 3325 1601 Χριστοῦ
3351 1535 3615 1597 εἰπόντες.
3637 1537 3710 1588 διὰ
3730 1538 3774 1603 τί

2235 1617 2310 1689 μὴ
2333 1620 2587 1691 φανερῶς
2613 1623 2710 1675 καὶ
2751 1621 3051 1695 διαρῤήδην
3073 1622 3226 1680 εἷπον
3254 1629 3384 1696 ἡμῖν
3415 1628 3572 1693 ;’Ὃτι
3602 1629 3680 1681 ἵνα
3705 1632 3765 1683 εί·
3789 1622 3797 1679 ζ

2230 1708 2648 1780 δῆτε,ἰουδαῖοι,
2667 1713 2751 1765 ὅτι
2773 1716 2801 1767 6
2821 1715 3054 1783 Χριστὸς
3078 1717 3261 1786 μέλλει
3285 1718 3464 1770 ἐλθεῖν
3483 1718 3572 1769 καὶ
3591 1717 3768 1770 παῦσαι

2226 1803 2318 1856 τὸν
2353 1804 2516 1873 νόμον
2551 1804 2768 1869 καὶτὰς
2815 1806 3009 1870 θυσίας
3039 1806 3133 1859 τοῦ
3179 1806 3352 1878 νόμου
3376 1824 3392 1839 ·
3418 1808 3514 1860 καὶ
3542 1808 3674 1876 λέγω
3708 1825 3776 1863 σοι

2227 1894 2309 1946 ὅτι
2338 1893 2388 1946 εί
2416 1889 2571 1947 εἷπον
2600 1895 2775 1959 οὕτως
2819 1896 3027 1967 γυμνὸν
3066 1896 3128 1951 τὸ
3163 1901 3422 1968 πρᾶγμα.
3459 1899 3655 1962 εὐθέως
3692 1900 3780 1952 ἐλι-
3868 1891 3879 1903 ’

2226 1981 2423 2047 θάζετε
2465 1983 2667 2048 αὐτοὺς
2702 1985 2797 2038 καὶ
2838 1984 2940 2049 τὰς
2991 1986 3206 2057 βίϐλους
3238 1988 3422 2042 αὐτῶν
3447 1990 3671 2045 ὲκαίετε.
3694 1992 3780 2044 Καὶ

2226 2077 2390 2146 ἡμεῖς
2419 2074 2607 2129 λοιπὸν
2638 2077 2719 2138 εἰς
2751 2076 2913 2131 τοῦτο
2943 2080 3258 2151 βλεπόμεθα
3278 2098 3293 2113 °
3321 2081 3449 2152 ἄρτι
3473 2083 3580 2155 γὰρ
3603 2083 3663 2136 ὲκ
3690 2083 3779 2135 τῶν

2228 2168 2525 2239 προφητῶν
2569 2169 2722 2239 ὑμῶν
2780 2171 2928 2240 ὑμᾶς
2969 2172 3434 2245 καταισχῦνομεν,
3475 2175 3571 2229 ὅλα
3605 2176 3668 2229 τὲ
3702 2174 3778 2228 τοῦ

2226 2262 2467 2331 Χριστοῦ
2504 2260 2565 2325 ἐξ
2602 2261 2785 2314 αὐτῶν
2816 2262 2961 2332 ὑμᾶς
2993 2263 3312 2333 ἐλέγχοντες
3350 2266 3448 2319 καὶ
3490 2267 3770 2337 παριστῶν-
3810 2316 3815 2325 ,

2226 2369 2340 2415 τες.
2380 2351 2440 2405 Ὅ
2475 2352 2643 2405 Δαδὶδ
2689 2351 2788 2423 μὲν
2831 2355 2942 2424 γὰρ
2986 2352 3173 2422 λέγει’
3219 2356 3517 2410 (Ἔκλινεν
3546 2359 3778 2426 οὐρανοὺς

2228 2444 2324 2499 καὶ
2356 2444 2589 2516 κατέϐη.
2622 2463 2642 2496 ι
2691 2444 2920 2508 Ἡσαΐας
2947 2445 3124 2514 λιίγει⁸
3164 2464 3184 2498 ι
3225 2446 3358 2500 Ἰδοὺ
3386 2450 3420 2519 ή
3451 2449 3704 2518 παρθένος
3734 2451 3781 2501 ἐν

2228 2536 2428 2606 γαστρὶ
2451 2534 2583 2601 ἕξει,
2600 2536 2709 2590 καὶ
2732 2535 2944 2602 τέξεται
2985 2539 3122 2599 υἱὸν,
3157 2537 3253 2592 καὶ
3283 2540 3573 2593 καλέσουσι
3600 2540 3655 2594 τὸ
3682 2542 3780 2594 ὄνοι

2234 2645 2313 2699 μα
2340 2627 2506 2681 αὐτοῦ
2549 2629 2936 2699 Ἐμμανουήλ”
2962 2649 2981 2681 ι
3012 2631 3121 2684 ἰδοὺ
3149 2632 3182 2701 ή
3205 2631 3483 2703 γέννησις.
3515 2636 3618 2688 Καὶ
3644 2634 3778 2686 πάλιν

541 2718 682 2773 alius
714 2734 841 2772 eum
870 2718 999 2782 illo;
1026 2727 1085 2774 et
1124 2730 1251 2790 post
1300 2721 1354 2775 in
1402 2728 1548 2777 terra
1600 2722 1753 2777 visus
1781 2734 1866 2778 est
1905 2733 1962 2778 et
1999 2739 2125 2778 cum

2228 2721 2256 2772 6
2285 2721 2448 2786 αὐτὸς
2479 2723 2767 2793 προφήτης
2809 2722 2996 2792 λέγει·
3042 2741 3061 2776 ι
3087 2718 3253 2788 Οὗτος
3289 2727 3318 2779 6
3357 2725 3491 2790 Θεὸς
3543 2728 3704 2797 ήμῶν,
3729 2728 3778 2779 οὗ

542 2810 867 2865 hominibus
909 2822 1273 2868 conversatus
1313 2822 1398 2869 est
1422 2815 1505 2869 ⁸³2
1550 2833 1568 2867 ι
1600 2828 1671 2870 en
1700 2816 1821 2886 ejus
1860 2831 1986 2870 cum
2017 2815 2123 2870 ho-

542 2900 790 2956 minibus
816 2904 1188 2960 conversatio.
1212 2905 1324 2959 Nec
1347 2906 1612 2975 possibile
1640 2917 1759 2963 erat
1784 2908 1944 2962 aliter
1970 2907 2124 2962 illum

540 2993 610 3047 ab
652 2992 974 3049 hominibus
995 2994 1196 3060 videri,
1217 2996 1364 3051 nuda
1386 2997 1444 3050 in
1467 2996 1757 3053 divinitate
1782 2998 2123 3065 conversari,

543 3082 649 3137 nisi
686 3083 983 3139 humanam
1016 3092 1275 3140 naturam
1324 3096 1381 3141 et
1427 3102 1649 3142 carnem
1697 3087 2028 3158 sumpsisset
2071 3098 2127 3144 et

542 3175 833 3231 induisset.
874 3176 1091 3248 Moyses
1131 3193 1373 3249 quoque,
1414 3189 1705 3251 postquam
1750 3182 1980 3252 gloriam
2026 3181 2124 3236 Dei

544 3267 796 3333 vidisset,
823 3270 898 3323 ita
930 3278 992 3323 ut
1019 3270 1318 3339 nequirent
1351 3270 1448 3325 filii
1478 3272 1640 3326 Israel
1674 3287 1903 3326 eernere
1925 3272 2122 3326 faciem

539 3363 662 3432 ejus
693 3369 961 3431 apertam,
992 3360 1100 3416 nisi
1122 3361 1307 3416 velum
1337 3346 1711 3432 imposuisset,
1745 3363 1882 3419 dixit
1907 3364 1973 3419 ad
1999 3365 2125 3419 illos

540 3453 693 3508 hzec:
730 3470 748 3504 ι
795 3452 1126 3523 Prophetam
1152 3453 1208 3507 in
1237 3452 1396 3508 vobis
1426 3470 1654 3524 surgere
1671 3454 1835 3509 faciet
1860 3455 2126 3510 Dominus

541 3547 687 3600 Deus
721 3552 912 3600 noster
941 3559 972 3600 e
1004 3544 1274 3601 fratribus
1319 3545 1523 3601 vestris
1561 3554 1820 3616 tanquam
1859 3561 1945 3600 me
1968 3545 2046 3601 δι.
2098 3566 2116 3597 ι

539 3638 681 3705 Quid
708 3646 794 3694 est
821 3637 958 3692 illud
990 3646 1249 3696 tanquam
1277 3638 1397 3692 me?
1427 3638 1499 3694 Ut
1541 3639 1690 3693 enim
1733 3639 1931 3711 Moysis
1955 3638 2124 3694 facies

539 3730 712 3798 gloria
760 3727 1068 3802 illuminata
1117 3728 1339 3793 fuerat,
1395 3737 1452 3785 et
1498 3744 1622 3784 cum
1674 3731 1972 3800 nequirent
2024 3728 2120 3784 filii

539 3822 703 3878 Israel
740 3820 993 3892 aspicere
1026 3821 1257 3893 gloriam
1292 3824 1435 3893 ejus,
1458 3822 1620 3878 faciei
1656 3822 1839 3877 velum
1873 3822 2124 3893 impone-

537 3908 651 3974 bat,
701 3909 775 3963 ita
817 3909 1021 3965 deinde
1068 3925 1195 3965 cum
1243 3911 1355 3966 illis
1403 3912 1876 3979 conversabatur;
1933 3912 2013 3966 sic
2066 3919 2124 3967 et

537 4001 794 4057 Christus
825 4001 922 4057 Dei
954 4002 1129 4058 Filius
1157 4020 1259 4074 pro
1288 4003 1617 4059 indumento
1655 4005 1848 4060 habuit
1871 4004 2122 4075 corporis

540 4091 942 4159 habitaculum,
979 4066 1268 4150 occultans
1314 4111 1471 4150 suam
1500 4095 1870 4158 divinitatem,
1917 4104 1975 4151 et
2003 4112 2122 4151 me-
2149 4066 2191 4124 Ο

537 4184 662 4241 dius
690 4185 868 4240 factus
918 4184 1064 4240 inter
1086 4187 1257 4242 Deum
1288 4196 1345 4242 ct
1373 4188 1657 4256 homines;
1695 4189 1969 4256 mediana,
2002 4204 2125 4244 me-

538 4278 647 4331 lius
677 4292 842 4346 quam
868 4277 923 4331 in
948 4276 1155 4349 Moyse,
1182 4278 1439 4335 homines
1473 4295 1599 4334 cum
1632 4281 1765 4342 Deo,
1799 4281 1971 4336 Deum
1996 4297 2122 4336 eum

514 4365 880 4439 'hominibus.
925 4366 1140 4421 Etenim
1190 4367 1385 4423 melior
1416 4377 1473 4423 et
1506 4370 1683 4440 major
1725 4378 1808 4424 est
1854 4369 2125 4424 Dominus

514 4474 743 4526 .servo;
779 4460 993 4531 Moyses
1025 4460 1175 4516 enim
1221 4476 1415 4517 servus
1439 4471 1581 4528 erat,
1626 4463 1882 4519 Christus
1913 4472 2121 4528 autem,

502 4558 507 4563 ‘
540 4557 601 4606 ut
624 4547 794 4614 Deus,
826 4548 1111 4604 Dominus.
1151 4548 1234 4605 Ob
1277 4550 1411 4620 quid
1459 4551 1648 4621 igitur,
1691 4560 1950 4618 tanquam
1982 4569 2065 4606 me
2094 4553 2120 4605 ξ)

532 4637 622 4693 0b
645 4638 1031 4695 indumentum
1056 4650 1112 4696 et
1135 4641 1560 4706 mediationem;
1589 4652 1647 4698 et
1670 4644 1839 4713 quod,
1866 4644 2118 4714 quisquis

539 4747 651 4785 non
681 4731 870 4787 audiet
900 4733 1052 4789 hunc
1076 4734 1424 4805 prophetam,
1451 4737 1914 4791 exterminabitur
1940 4738 2125 4794 anima

535 4824 659 4890 ejus
687 4839 720 4878 a
770 4825 1009 4894 populo;
1044 4834 1101 4880 et
1153 4828 1303 4903 quod
1350 4828 1455 4882 istc
1508 4836 1595 4883 est
1641 4828 1889 4884 liberans
1927 4830 2120 4896 Israel,

541 4919 718 4973 factus
770 4918 939 4973 homo
988 4919 1278 4985 Dominus,
1315 4928 1371 4974 et
1411 4936 1539 4975 cum
1594 4921 1759 4976 nobis
1804 4922 2127 4979 hominibus

540 5019 926 5071 conversatus,
963 5026 1146 5080 neque
1178 4996 1341 5065 alius.

2226 2811 2615 2883 λογισθήσεται
2667 2814 2852 2886 ἕτερος
2891 2814 3029 2886 πρὸς
3081 2815 3243 2871 αὐτόν
3268 2832 3282 2847 ⁸
3312 2818 3414 2871 καὶ
3461 2822 3596 2888 μετὰ
3638 2818 3780 2872 ταῦτα

2228 2907 2319 2958 ἐπὶ
2358 2906 2463 2974 γῆς
2508 2905 2668 2978 ὤφθη
2700 2909 2793 2960 καὶ
2821 2909 2935 2971 τοῖς
2962 2907 3273 2979 ἀνθρώποις
3301 2915 3701 2983 συνανεστράφη
3725 2927 3736 2942 ·
3755 2931 3771 2963 ι

2231 2996 2339 3050 ἰδοὺ
2371 3001 2508 3066 μετὰ
2548 2997 2658 3050 τῶν
2697 2998 3005 3069 ἀνθρώπων
3051 3001 3219 3054 αὑτοῦ
3246 3003 3775 3075 συναναστροφή·καὶ

2226 3084 2326 3167 οὐκ
2354 3080 2422 3155 ἦν
2458 3084 2686 3139 δυνατὸν
2735 3087 2911 3151 ἄλλως
2963 3107 3081 3154 πως
3122 3090 3287 3145 αὑτὸν
3337 3097 3450 3159 τοῖς
3498 3095 3774 3167 ἀνθρώποις

2225 3143 2481 3244 ὀφθῆναι,
2507 3179 2690 3249 γυμνῇ
2730 3180 2797 3248 τῇ
2825 3143 3773 3256 θεὸτητι’συναναστραέρήνα-ιι,

2225 3272 2328 3338 τὴν
2355 3268 2704 3340 ἀνθρωπείαν
2735 3270 2900 3340 φύσιν
2921 3272 3041 3343 [καὶ
3074 3275 3254 3346 σάρκα
3300 3278 3529 3349 ἐφόρεσε
3574 3280 3659 3332 καὶ
3704 3281 3772 3330 ἐν·

2225 3361 2471 3415 εδύσατο.
2517 3363 2625 3416 Καὶ
2647 3364 2675 3414 6
2721 3365 2853 3417 Μωῡ
2865 3365 2964 3435 σῆς
2991 3349 3129 3436 μέτά
3158 3369 3217 3421 τὸ
3247 3369 3382 3424 aestv
3408 3374 3505 3443 τήν
3535 3371 3679 3437 δόξαν
3697 3367 3772 3423 τοῦ

2224 3453 2384 3516 Θεοῦ,
2421 3452 2562 3507 ὥστε
2609 3455 2683 3525 μὴ
2712 3444 2976 3511 δύνασθαι
3011 3459 3138 3523 τοὺς
3163 3460 3314 3525 υἱοὺς
3357 3463 3570 3535 Ἰσραὴλ
3595 3461 3773 3537 ὁρᾷντὸ

2227 3551 2521 3622 πρόσωπον
2560 3553 2726 3606 αὐτοῦ
2756 3556 3305 3628 ἀνακεκαλυμμένον,
3335 3561 3384 3614 εἰ
3415 3561 3489 3632 μὴ
3530 3561 3772 3613 ἐπετίθετο

2224 3641 2286 3692 τὸ
2316 3639 2610 3711 κάλυμμα,
2655 3636 2779 3695 εἷπε
2833 3644 2973 3716 πρὸς
3007 3647 3207 3711 αὐτοὺς
3232 3647 3447 3713 οὕτως’
3482 3670 3500 3703 ι
3526 3652 3640 3704 Ὅτι
3666 3667 3771 3719 προ⁸

2227 3729 2407 3798 φὴτην
2445 3729 2579 3799 ὑμῖν
2625 3733 2924 3803 ἀναστήσει
2976 3734 3179 3806 Κύριος
3199 3739 3228 3790 6
3266 3738 3405 3796 Θεὸς
3426 3741 3579 3811 ἡμῶν
3607 3741 3661 3792 ἐκ
3684 3738 3770 3791 τῶν

2224 3818 2469 3889 ἀδελφῶν
2507 3821 2660 3891 ὑμῶν
2710 3822 2787 3887 ὡς
2824 3826 2946 3894 ἐμέ.
2985 3845 3004 3879 ι
3048 3828 3113 3881 Τί
3161 3830 3279 3883 ἐστι
3319 3831 3403 3895 τὸ,
3449 3852 3468 3884 ι
3505 3833 3575 3897 ὼς
3599 3832 3762 3902 ἐμὲςι
3846 3860 3851 3865 ~

2227 3910 2439 3984 Ὠσπερ
2486 3914 2594 3983 γὰρ
2634 3917 2696 3968 τὸ
2754 3918 3050 3988 πρόσωπον
3085 3921 3369 3988 Μωῦσέως
3402 3923 3667 3993 ἐδοξάσθη.
3695 3921 3769 3974 καὶ

2223 4004 2309 4058 διὰ
2334 4005 2395 4058 τὸ
2424 4008 2497 4076 μὴ
2527 4007 2790 4062 δύνασθαι
2819 4010 2948 4074 τοὺς
2972 4014 3123 4077 υἱοὺς
3163 4015 3388 4087 Ἰσραὴλ
3419 4017 3668 4082 ἀτενίζειν
3689 4016 3767 4083 τῆν

2224 4097 2382 4162 δόξαν
2409 4099 2595 4163 αὑτοῦ,
2623 4100 2791 4155 ἐτίθει
2822 4103 3088 4175 κάλυμμα
3133 4106 3213 4175 τῷ
3246 4109 3544 4181 προσώπῳ,
3579 4106 3669 4162 εἴθ’
3693 4105 3766 4159 οὔ·

2222 4207 2332 4253 τως
2356 4190 2545 4255 αὐτοῖς
2569 4191 2766 4262 ὡμίλει
2785 4209 2798 4223 ·
2831 4193 3008 4259 οὕτως
3037 4197 3132 4251 καὶ
3160 4200 3188 4251 6
3228 4200 3467 4272 Χριστὸς
3495 4202 3523 4254 6
3552 4201 3668 4264 Υἱὸς
3683 4197 3758 4250 ταῦ

2222 4283 2357 4337 Θεοῦ
2409 4285 2531 4339 ἀντὶ
2585 4286 2886 4358 περιϐολῆς
2943 4288 3073 4360 ἔσχε
3103 4290 3195 4344 τὸν
3225 4293 3356 4346 ναὸν
3384 4293 3477 4348 τοῦ
3528 4294 3762 4362 σώματος,

2224 4374 2489 4446 κρύπτων
2541 4376 2707 4430 αὑτοῦ
2750 4378 2850 4443 τὴν
2904 4380 3168 4452 θεότητα,
3223 4387 3455 4459 μεσίτης
3514 4388 3763 4458 γενόμενος

2223 4467 2360 4521 Θεοῦ
2389 4469 2484 4521 καὶ
2526 4468 2833 4538 ἀνθρώπιον
2853 4487 2867 4502 ο
2896 4474 2924 4525 6
2969 4474 3274 4541 μεσιτεύων
3317 4478 3608 4550 κρεῖττονῆ
3643 4474 3763 4544 παρὰ

2226 4558 2474 4621 Μωῦσεῖ,
2533 4557 2855 4628 ἀνθρώπους
2900 4561 3000 4630 μὲν
3048 4563 3187 4634 πρὸς
3242 4562 3397 4628 Θεὸν,
3433 4567 3559 4620 Θεὸν
3581 4565 3629 4618 δὲ
3655 4564 3763 4632 πρὸς

2226 4646 2580 4718 ἀνθρώπους·
2619 4650 2715 4703 καὶ
2742 4652 2852 4721 γὰρ
2882 4654 3151 4723 κρείττων
3180 4658 3277 4711 καὶ
3302 4658 3504 4729 μείζων
3530 4636 3793 4722 δεσπότης⁴’

2223 4743 2372 4813 παρᾶ
2406 4741 2618 4797 δούλου.
2658 4743 2717 4796 Ὀ
2745 4745 2854 4817 γὰρ
2884 4746 3129 4817 Μωῦσῆς
3155 4747 3345 4813 δοῦλος
3385 4751 3619 4820 ὑπῆρχεν
3639 4764 3653 4779 ο
3675 4744 3760 4798 ὁδὶ

2223 4835 2479 4904 Χριστὸς,
2505 4836 2629 4889 καθ’
2655 4837 2683 4889 ὃ
2702 4837 2857 4902 Θεὸς,
2885 4840 3165 4910 Δεσπότης
3190 4859 3204 4872 ’
3238 4846 3331 4897 καὶ
3353 4845 3438 4898 διὰ
3461 4844 3626 4905 τοῦτο,
3644 4860 3659 4890 ι
3693 4839 3761 4898 Ὠς

2222 4929 2346 4999 ἐμὲ,
2375 4948 2394 4980 ι
2439 4929 2527 4983 διὰ
2576 4932 2637 4983 τὸ
2694 4931 2897 5003 ἔνδυμα
2955 4935 3048 4989 καὶ
3079 4938 3181 5009 τήν
3214 4941 3538 5010 μεσιτείαν·
3589 4934 3758 4988 καὶότι

2224 5021 2372 5083 ὅστις
2404 5022 2505 5074 οὐκ
2546 5022 2772 5076 ἀκούσει
2795 5024 2890 5078 τοῦ
2917 5029 3198 5099 προφήτου
3227 5030 3458 5094 ἐκείνου,
3486 5026 3757 5097 ἐξολοθρευ·

540 5099 769 5169 θήσεται
798 5103 831 5169 ή
862 5100 1013 5171 ψυχὴ
1045 5100 1209 5153 αὑτοῦ
1255 5103 1319 5154 ἐκ
1349 5100 1443 5154 τοῦ
1478 5100 1608 5155 λαοῦ
1651 5103 1850 5156 αὐτοῦ·
1892 5106 1984 5158 καὶ
2036 5108 2118 5161 ὅτι
2158 5110 2322 5173 αὑτός
2355 5111 2505 5163 ἐστιν
2561 5115 2589 5166 6
2624 5113 2992 5188 λυτρούμενος
3054 5119 3149 5175 τὸν
3182 5120 3419 5194 Ἰσραήλ,
3462 5123 3490 5174 ὁ
3528 5118 3757 5191 ἐνανίήεω⁸

540 5195 723 5261 πήσας
763 5192 990 5264 Κύριος,
1042 5194 1135 5247 καὶ
1172 5196 1647 5265 συναναστραφεῖς
1684 5199 1816 5266 ἡμῖν
1860 5200 1974 5261 τοῖς
2032 5199 2364 5271 ἀνθρώποις,
2394 5203 2492 5257 καὶ
2525 5204 2625 5257 οὐκ
2649 5206 2831 5271 ἄλλος.

611 5286 722 5340 Deo
770 5286 1037 5341 Jeremias
1082 5286 1304 5345 loeutus
1343 5294 1429 5340 est
1481 5287 1674 5342 dicens
1723 5306 1736 5342 :

544 5377 685 5431 Deus
713 5387 922 5442 noster,
941 5393 1048 5432 non
1078 5378 1410 5447 disceptabit
1440 5379 1581 5433 alter
1599 5394 1722 5435 cum
1750 5396 1841 5444 eo,
1867 5400 1885 5434 ι
1917 5391 1972 5437 et
1998 5400 2123 5443 alue

541 5484 871 5538 sequuntur.
919 5470 1193 5539 Propheta
1233 5486 1455 5541 quoque
1498 5472 1663 5527 Isaias
1716 5473 1851 5529 dicit
1888 5493 1900 5527 :
1948 5494 1967 5527 ι
2002 5476 2121 5531 Non

542 5564 791 5632 angelus,
813 5577 916 5617 nec
960 5563 1194 5630 legatus,
1241 5564 1336 5618 sed
1387 5565 1501 5634 ipse
1540 5564 1809 5620 Dominus
1857 5567 2041 5622 veniet
2069 5577 2123 5623 et

1791 5308 1809 5339 ι
1836 5289 1977 5356 Quia
2034 5291 2126 5346 ille
2161 5301 2203 5354 D

2307 5294 2548 5349 Ἀνωθεν
2594 5296 2863 5369 Ἱερεμίας
2887 5300 3111 5372 εἴρηκεν
3166 5302 3364 5369 εἰπὼν,
3406 5304 3484 5357 ὅτι
3518 5320 3536 5354 ι
3570 5289 3756 5355 Οὗτοςδ

2229 5385 2362 5450 Θεὸς
2388 5388 2567 5458 ἡμῶν,
2587 5391 2647 5442 οὐ
2670 5390 3050 5464 λογισθήσεται
3069 5396 3255 5469 ἕτερος
3279 5398 3412 5468 πρὸς
3433 5397 3601 5458 αὐτὸν,
3641 5410 3656 5441 ι
3680 5388 3749 5439 καὶ

2228 5482 2296 5532 τά
2313 5480 2460 5547 ἑξῆς·
2482 5483 2588 5535 Καὶ
2603 5484 2630 5536 ὁ
2649 5487 2933 5557 προφήτης
2949 5486 3175 5553 Ἡσαΐας
3190 5491 3359 5558 λέγει’
3380 5509 3398 5541 ι
3418 5492 3524 5543 Οὲκ
3543 5483 3745 5554 ἅγῖεὶκο

2230 5572 2289 5623 οὐ
2311 5572 2569 5643 πρέσϐυς,
2588 5574 2878 5646 ἀλλ’,αὑτὸς
2895 5580 2923 5632 ὁ
2939 5578 3140 5652 Κύριος
3180 5582 3298 5654 ἥξει
3312 5581 3404 5637 καὶ
3419 5577 3571 5633 σώσει
3588 5572 3744 5644 inti."

609 5722 649 5754 “
688 5722 831 5776 Pal.
861 5737 992 5787 xvu,
1028 5720 1113 5774 IO.
1190 5723 1232 5753 θ’
1268 5723 1364 5775 isa.
1411 5739 1506 5785 vn,
1540 5722 1625 5777 Η.
1705 5723 1748 5756 ⁸³
1777 5724 1989 5778 Barueh
2048 5742 2125 5789 ut,

2234 5730 2344 5783 {'33.
2422 5729 2466 5764 θ’
2504 5731 2661 5785 Deut.
2697 5748 2847 5798 xvm,
2875 5731 2958 5791 15.

3544 6204 3591 6221 ικςη
3612 6214 3617 6223 ,
3640 6204 3705 6227 λη’
3730 6216 3735 6219 .

3482 6256 3495 6259 -
3540 6226 3727 6267 τηῖοταῖυῖτλ
3748 6240 3775 6273 ι
3858 6262 3863 6267 .

3396 6266 3413 6291 “.
3472 6274 3475 6275 ⁷
3504 6268 3615 6299 ,πιόίὲ
3670 6268 3807 6301 Jama;
3834 6268 3837 6277 ⁷
3946 6268 3953 6273 ’

3308 6310 3319 6313 ν
3354 6318 3359 6321 .
3396 6320 3419 6327 ν,
3448 6260 3969 6374 ,ἐιέβέλῃ

3288 6340 3385 6369 *ειςιέ
3596 6344 3607 6363 ι’
3766 6336 3771 6339 ’
3804 6346 3809 6347 ⁷

3302 6368 3337 6393 “ti
3364 6386 3423 6409 ..ν-,ν
3448 6372 3465 6379 ﬁ
3552 6384 3644 6400 ρ,-
3674 6384 3716 6390 ᾼ
3748 6372 3788 6382 ³⁸.
