4098 6426
465 268 598 333 122)

397 529 403 534 ,
458 476 586 537 τοὺς
607 474 896 537 Ἰουδαίους
928 475 1017 528 διὰ
1045 477 1143 544 τὴν
1178 476 1332 546 ὑμῶν
1355 476 1712 529 ὰπιστίαν.⁹0
1747 475 2035 545 προφήτης

472 564 629 633 Ὠσηὲ
674 564 843 631 λέγει·
880 582 897 614 ι
936 565 1165 618 Καλέσω
1186 566 1277 618 τὸν
1308 567 1366 617 οὐ
1401 565 1531 618 λαόν
1555 584 1657 635 μου
1695 565 1824 619 λαόν
1848 582 1973 635 μου,
2011 585 2029 616 ι

460 657 625 724 ἦγολν
659 656 729 707 τὰ
766 655 1140 709 πιστεύσαντα
1189 659 1269 720 είς
1313 657 1648 726 αὐτὸνὲθνη.
1675 656 2031 727 ΚαὶὸΔαϐὶδ.

458 746 693 811 δεικνὺς,
724 748 805 798 ὅτι
835 749 863 795 ό
896 746 1028 810 Θεὸς
1049 748 1137 801 διὰ
1157 748 1225 801 τὰ
1253 747 1381 817 ἔθνη
1412 748 1747 819 σαρκοῦσθαι
1787 748 2032 818 ἔμελλεν,

459 834 632 889 εἶπεν·
673 857 691 889 ι
743 838 1123 891 Ἐϐασίλευσεν
1144 843 1171 892 6
1215 840 1348 902 Θεὸς
1381 842 1474 892 ἐπὶ
1528 840 1599 892 τὰ
1629 839 1779 910 ἐθνησ
1812 859 1831 892 ι
1862 840 1949 893 διὰ
1980 839 2033 891 τί

457 932 556 982 οὐκ
581 926 750 988 εἶπεν,
770 931 1144 984 Ἐϐασίλευσεν
1165 934 1256 984 ἐπὶ
1285 934 1410 995 τοὺς
1441 932 1726 994 Ἰουδαίους
1748 950 1762 1000 ;
1784 933 1909 987 ὀτι
1935 932 2034 1001 μὲν

460 1021 710 1091 βασιλεύς
741 1011 887 1074 ἐστιν
918 1025 945 1075 6
974 1022 1106 1085 Θεὸς
1154 1025 1245 1076 ἐπὶ
1289 1024 1499 1085 πάντας
1535 1061 1550 1085 ,
1598 1023 1757 1092 δῆλον
1799 1020 1885 1093 ἦν’
1917 1024 2031 1076 ἀλλ’

454 1113 554 1165 οὐκ
593 1110 660 1182 ἦν
696 1116 806 1175 τοῖς
836 1114 1012 1166 ἔθνεσι
1051 1113 1157 1179 πρὸ
1193 1113 1287 1166 τοῦ
1311 1114 1598 1168 πιστεῦσαι
1624 1117 1680 1167 ἐν
1715 1114 2031 1182 ἐπιγνώσει,

454 1209 544 1262 διὰ
564 1209 623 1263 τὸ
646 1210 751 1262 ὑπὸ
765 1210 865 1279 τῆς
882 1209 1323 1281 εἰδωλολατρείας
1351 1210 1677 1280 κατέχεσθαι
1697 1211 1913 1274 αὐτοὺς,
1938 1209 2033 1263 καὶ

455 1300 560 1354 ὑπὸ
587 1298 693 1352 τῶν
740 1300 1007 1367 δαιμόνων
1064 1300 1491 1369 ὂεσποζομένους
1526 1300 1865 1373 τυραννικῶς
1896 1315 1912 1330 ⁶
1946 1300 2033 1353 διὰ

453 1390 512 1445 δὲ
562 1392 660 1461 τῆς
720 1392 987 1460 ὲνσάρκου
1044 1392 1209 1444 αὐτοῦ
1264 1391 1579 1461 οἰκονομίας
1658 1391 2032 1462 ἠλευθέρωσεν

456 1485 603 1553 ἡμᾶς
642 1484 748 1536 ἀπὸ
773 1483 878 1536 τῶν
918 1482 1153 1537 εἰδώλων
1181 1484 1269 1538 διὰ
1295 1484 1392 1537 τοῦ
1424 1484 1556 1537 ίδίου
1584 1484 1817 1554 αἵματος
1838 1483 2028 1545 αὐτοῦ.

454 1568 514 1628 οὗ
546 1574 760 1643 ἐξέχεεν
809 1576 903 1627 ἐπὶ
952 1573 1045 1627 τοῦ
1080 1575 1333 1642 σταυροῦ,
1398 1575 1493 1629 καὶ
1548 1573 1900 1628 ἐϐασίλευσεν
1952 1579 2031 1640 εἰς

461 1668 621 1738 ημᾶς,
654 1668 787 1721 διότι
825 1667 1228 1742 ἐπιστεύσαμεν
1263 1668 1342 1731 είς
1406 1667 1591 1721 αὐτόν.
1623 1666 1715 1720 Διὸ
1741 1667 1836 1720 καὶ
1869 1667 2029 1723 πάλιν

1476 234 1930 330 ῡιευυιέιτιι)
1965 268 2363 333 ADVERSUS
2401 276 2727 338 Juuizos.

460 388 552 439 καὶ
571 382 894 452 ὅτιὲμελλον
914 383 979 436 τὰ
1003 383 1128 452 ἔθνη
1148 385 1436 438 πιστεῦσαι
1462 384 1869 453 καὶάποστῆναι
1889 381 2033 449 ὑμᾶς
2063 386 2106 441 Α
2137 386 2372 441 salvabit
2425 405 2525 444 nos
2560 392 2605 433 ⁸⁸
2640 409 2654 455 ;
2706 412 2724 442 ε

2775 403 2831 446 et
2883 403 3075 462 gentes
3126 394 3435 451 creditura:
3488 410 3611 453 esse
3665 406 3723 454 et

2142 494 2422 540 amoturas
2450 501 2548 540 vos
2578 486 2798 541 Iudaeos
2828 499 3054 557 pri-pter
3079 499 3320 543 vestram
3360 490 3723 553 incredulita-

2143 562 2274 629 tem'.
2301 576 2575 646 Propheta
2599 578 2740 633 Osee
2761 579 2899 633 dicit
2935 597 2947 632 :
2990 599 3007 630 ι
3054 580 3273 636 Vocabo
3313 597 3423 635 non
3455 585 3720 652 populum

2141 678 2347 727 meum,
2396 667 2658 733 populum
2715 682 2897 721 meum
2937 669 3003 731 “,
3047 687 3065 719 ι
3100 669 3152 722 id
3197 680 3285 725 est
3320 670 3614 725 credentes
3664 672 3719 725 iu

2139 772 2265 810 cuni
2310 769 2521 825 gentes.
2568 760 2738 813 David
2782 760 3083 819 ostendens
3127 761 3299 815 Deum
3348 762 3497 817 inter
3528 772 3722 833 gentes

2141 848 2541 902 incarnandum
2588 865 2734 913 esse,
2778 850 2919 904 dixit
2958 868 2971 904 :
3008 869 3026 902 ι
3068 851 3338 921 Regnavit
3361 853 3507 911 Deus
3554 869 3722 923 super
3796 838 3801 845 ’

2139 948 2331 1008 gentes
2347 940 2426 1004 '7;
2459 956 2478 987 ι
2512 954 2612 993 cur
2641 955 2751 992 non
2769 939 2945 994 dixit:
2972 942 3242 1011 Regnavit
3265 957 3433 1011 super
3458 942 3723 998 Iudaeos?

2142 1045 2325 1099 regem
2370 1046 2492 1085 esse
2541 1032 2713 1091 Deum
2776 1048 2944 1102 super
3010 1048 3221 1100 omnes,
3283 1035 3515 1090 evidens
3550 1045 3719 1100 erat;

2140 1120 2234 1174 sed
2270 1137 2378 1176 non
2409 1131 2530 1177 erat
2556 1123 2609 1177 iu
2642 1124 2920 1194 gentibus,
2946 1134 3243 1195 antequam
3267 1127 3585 1193 crederent,
3620 1144 3718 1184 co-

2138 1210 2327 1280 gnitus
2353 1251 2367 1273 ,
2422 1226 2622 1282 nempe
2667 1229 2791 1283 quae
2839 1215 2894 1270 in
2927 1214 3236 1272 idololatria
3265 1231 3625 1275 versarentur
3665 1230 3723 1276 et

2139 1302 2534 1359 daemoniorum
2565 1308 2852 1375 tyrannico
2873 1308 3284 1380 subjicerentur
3306 1311 3562 1382 imperio.
3593 1314 3720 1368 Ideo

2138 1410 2239 1464 per
2292 1411 2448 1450 suam
2497 1396 2934 1455 incarnationem
2984 1417 3087 1457 nos
3129 1403 3390 1458 liberavit
3422 1405 3492 1459 ab
3534 1405 3716 1470 idolis,

2138 1502 2238 1557 per
2256 1489 2540 1558 proprium
2562 1505 2723 1545 suum
2741 1493 3085 1564 sanguinem,
3099 1510 3262 1565 quem
3285 1495 3429 1551 fudit
3453 1497 3507 1551 in
3531 1514 3715 1560 cruce.

2137 1588 2193 1634 et
2221 1582 2470 1651 regnavit
2506 1597 2677 1653 super
2715 1599 2838 1643 nos.
2879 1585 3009 1655 quia
3049 1586 3392 1642 credidimus
3434 1588 3489 1642 in
3537 1589 3713 1644 illum.

2139 1669 2375 1740 Propter
2420 1672 2570 1743 quod
2623 1682 2679 1728 et
2726 1672 2929 1730 iterum
2980 1676 3162 1733 dicit:
3200 1698 3219 1730 ι
3248 1677 3451 1734 Omnes
3500 1693 3714 1749 gentes,

453 1759 645 1827 λέγει·
676 1779 695 1809 ι
748 1760 931 1812 Πάντα
961 1739 1108 1830 -ἒθνη
1164 1759 1271 1813 ὅσα
1340 1759 1605 1830 ἐποίησας
1637 1758 1880 1829 ,κῆξουσι
1937 1760 2027 1814 καὶ

2137 1739 2498 1832 quascunque
2532 1763 2732 1829 fecisti,
2766 1764 2994 1820 venient
3015 1775 3071 1822 et
3090 1766 3402 1823 adorabunt
3425 1739 3610 1824 coram
3639 1739 3713 1831 te,

454 1850 924 1919 προσκυνήσουσιν
952 1848 1183 1902 ἐνώπιόν
1215 1866 1335 1913 σου,
1372 1848 1546 1919 Κύριε
1577 1866 1595 1898 ι
1625 1864 1638 1878 ·
1669 1849 1784 1902 ὅσοι
1838 1848 1939 1918 μὲν
1973 1852 2031 1902 ὲν

451 1940 529 2010 τῷ
549 1940 644 1993 νῦν
670 1941 823 1994 αἰῶνι
851 1940 1224 2010 προσέλθωσιν
1248 1939 1399 2012 αὐτῷ
1422 1940 1512 1994 διὰ
1530 1939 1623 1995 τοῦ
1644 1939 1802 2008 ἁγίου
1837 1940 2031 2010 βαπτίιο

454 2050 658 2102 σματος
689 2049 704 2063 ο
735 2031 986 2104 καθάπερ
1009 2034 1038 2087 6
1071 2032 1234 2094 αὐτὸς
1257 2033 1543 2104 προφήτης
1570 2034 1702 2102 ἡμῖν
1732 2033 2030 2103 παρῄνεσε,

451 2125 624 2190 λέιων
652 2141 668 2156 ο
710 2144 729 2175 ι
770 2125 1105 2195 Προσέλοατε
1143 2123 1278 2194 πρὸς
1328 2124 1513 2191 αὑτὸν,
1568 2125 1661 2177 xui.
1697 2125 2029 2195 φωτίσθτ,τε.

452 2218 547 2270 καὶ
588 2217 659 2270 τὰ
710 2217 979 2288 πρόσωπα
1019 2216 1175 2286 ὑμῶν
1222 2215 1281 2268 οὐ
1320 2215 1395 2287 μὴ
1429 2216 1825 2287 καταισχυνθῇ.
1861 2235 1881 2269 ι
1908 2218 2030 2271 Καὶ

450 2313 610 2375 ἄλλος
638 2305 924 2384 προφήτης
949 2310 1117 2379 λέγει*
1161 2328 1180 2361 ι
1215 2309 1514 2374 Λούσασθε,
1537 2309 1770 2378 καθαροὶ
1789 2310 2028 2379 γίνεσθε,

451 2406 678 2474 ἀφέλετε
709 2405 807 2467 τὰς
829 2403 1091 2473 πονηρίας
1114 2402 1143 2455 ὑ
1152 2401 1266 2471 μῶν
1288 2402 1395 2454 ἀπὸ
1419 2401 1527 2454 τῶν
1556 2400 1794 2471 καρδιῶν
1815 2402 1990 2471 ὑμῶν.
2006 2423 2023 2454 ι

455 2496 565 2547 Καὶ
618 2495 665 2546 εἰ
698 2493 869 2555 οὕτως
921 2491 1072 2563 αὐτῷ
1111 2490 1477 2562 προσέλθωσι,
1519 2490 1710 2561 μισθὸν
1764 2490 2026 2561 λήψονται

456 2587 555 2655 τῆς
579 2587 827 2649 πίστεως,
846 2584 908 2637 τὸ
922 2584 1093 2654 χωρὶς
1115 2583 1366 2655 λατρείας
1384 2584 1551 2653 νόμου
1564 2581 1654 2636 διὰ
1675 2583 1773 2652 τῆς
1794 2583 2029 2646 πίστεως

456 2679 691 2748 σωθῆναι
713 2693 726 2707 ·
758 2678 871 2730 ὅσοι
900 2677 956 2729 δὲ
976 2675 1068 2729 νῦν
1088 2675 1163 2746 μὴ
1193 2675 1493 2745 θελήσωσιν
1514 2672 1663 2744 αὐτῷ
1685 2674 2026 2741 προσελθεῖν,

451 2774 509 2821 ἐν
532 2787 562 2821 τ
582 2771 607 2837 ζ)
636 2768 880 2838 μέλλοντι
907 2766 1082 2831 αἰῶνι,
1106 2769 1203 2819 καὶ
1238 2768 1313 2838 μὴ
1346 2765 1682 2837 βουλόμενοι,
1710 2764 1872 2818 αὐτὸν
1898 2765 2031 2835 μετ’

450 2860 714 2932 αἰσχύνης
732 2860 971 2931 μεγάλης
1004 2859 1100 2912 καὶ
1121 2859 1289 2927 φόϐου
1311 2858 1405 2911 καὶ
1422 2857 1625 2928 τρόμου
1648 2855 1845 2911 πολλοῦ
1867 2873 2031 2927 προσ-

449 2952 759 3020 κυνήσουσι·
788 2948 971 3012 καθὼς
999 2951 1029 3003 ό
1050 2949 1336 3019 προφήτης
1365 2944 1512 3001 εἴπεο
1546 2965 1567 2999 ι
1599 2947 1796 3018 Κύριε,
1824 2946 2028 3017 ὑψηλός

451 3058 545 3094 σου
573 3042 602 3093 6
651 3040 912 3113 βραχίων,
959 3041 1054 3094 καὶ
1075 3039 1174 3093 οὐκ
1205 3038 1436 3106 ἔδεισαν,
1464 3059 1484 3092 ι
1521 3039 1689 3112 ἤγουν
1746 3040 1843 3095 νῦν
1896 3040 2026 3112 ηπί-
2051 3078 2099 3139 c

450 3149 673 3201 στησανο
704 3151 722 3183 ι
749 3133 967 3200 γνόντες
1000 3133 1054 3186 δὲ
1089 3131 1564 3203 αἰσχυνθήτωσανο
1593 3153 1614 3188 ι
1663 3135 1942 3189 τουτέστιν
1965 3136 2023 3189 ὲν

446 3224 525 3293 τῷ
542 3224 788 3294 μέλλοντι
816 3223 875 3276 ὃν
890 3223 984 3277 νῦν
1008 3224 1315 3295 ἠπίστησαν
1340 3225 1596 3294 Χριστὸν,
1627 3227 1745 3280 τότε
1773 3226 2018 3294 γνώσον-

446 3334 538 3370 ται
571 3317 664 3369 καὶ
699 3315 1176 3386 σίσχυνθήσονται.
1211 3317 1305 3369 καὶ
1332 3316 1413 3386 τῷ
1441 3318 1694 3385 ἀσϐέστῳ
1727 3320 1862 3390 πυρὶ
1893 3319 2024 3391 παρ’

450 3411 612 3463 αὐτοῦ
629 3429 702 3463 πα
712 3410 1192 3480 ραπεμφθήσονται
1216 3412 1449 3473 αἰωνίως
1480 3410 1942 3482 κολαζόμενοιθότι
1960 3414 2026 3466 ὲκ

450 3504 585 3557 Σιὼν
628 3503 818 3573 ἔμελλε
845 3502 1207 3572 φανεροῦσθαι
1246 3504 1274 3556 6
1293 3503 1551 3574 Χριστὸς,
1575 3506 1670 3557 καὶ
1696 3505 1778 3558 ὅτι
1797 3501 2046 3569 ὕψιστός-

446 3598 583 3656 ἐστι,
611 3597 706 3649 καὶ
725 3594 885 3654 αὐτὸς
899 3596 1000 3664 τὴν
1022 3592 1160 3646 Σιὼν
1186 3593 1565 3662 ὲθεμελίωσεν.
1595 3593 1804 3651 Εἷπενό
1832 3597 2019 3660 Δαϐὶδ,

450 3707 470 3739 ι
509 3688 710 3757 Μήτηρ
739 3685 897 3748 Σιὼν,
942 3686 1058 3753 ὲρεῖ
1082 3685 1385 3755 ἄνθρωπος,
1406 3686 1503 3738 καὶ
1549 3686 1837 3759 ἄνθρωπος
1866 3691 2021 3757 ὲγεν-

444 3778 581 3850 νήθη
606 3780 664 3831 ὲν
689 3778 958 3849 αὖτῇ,καὶ
989 3778 1151 3840 αὐτὸς
1183 3778 1545 3848 ὲθεμελίωσεν
1593 3780 1764 3851 αὐτὴν
1802 3782 1830 3834 ό
1859 3780 2022 3849 ’Ὑψι-

446 3887 589 3935 στος.
630 3889 650 3922 ι

516 3958 639 4013 Ὅτι
676 3958 734 4013 δὲ
786 3957 1146 4030 βαπτισθῆναι
1179 3960 1237 4011 ἐν
1282 3956 1360 4028 τῷ
1385 3957 1649 4033 Ἰορδάνῃ,
1688 3958 1778 4013 καὶ
1817 3976 2021 4031 μαρτυ-

446 4053 678 4122 ρηυῆναι
715 4051 878 4104 αὑτὸν
923 4049 1126 4104 ἄνωθεν
1156 4049 1307 4120 παρὰ
1332 4051 1426 4103 τοῦ
1473 4051 1609 4105 Θεοῦ
1642 4050 1737 4105 καὶ
1779 4051 2016 4122 Πατρός,

441 4134 585 4191 εἷπε³
630 4156 647 4190 ι
678 4137 834 4208 Φωνὴ
873 4137 1076 4207 Κυρίου
1118 4138 1210 4191 ἐπὶ
1241 4139 1468 4192 ὑδάτωνο
1492 4143 1520 4194 6
1554 4141 1689 4204 Θεὸς
1713 4141 1813 4211 τῆς
1858 4142 2018 4213 δόξης

440 4227 757 4298 ὲὸρόντησε’
784 4226 986 4299 Κύριος
1008 4227 1099 4280 ἐπὶ
1119 4227 1325 4281 ὑδάτων
1358 4228 1566 4280 πολλῶν
1597 4268 1611 4282 .
1651 4247 1670 4280 ι
1698 4229 1820 4284 Ὅτι
1859 4231 1916 4285 δὲ
1930 4232 2018 4285 διὲι

441 4321 534 4374 τοῦ
551 4320 710 4388 ἁγίου
733 4320 1106 4390 βαπτίσματος
1127 4319 1413 4391 συνέτριψε
1426 4322 1515 4373 τὸν
1536 4320 1780 4374 διάϐολον
1806 4325 1899 4376 καὶ
1919 4329 2016 4388 τὰς

2134 1852 2368 1909 Domine
2405 1852 2473 1919 ⁸⁸,
2513 1874 2531 1906 ι
2565 1864 2840 1925 quotquot
2874 1856 2929 1911 in
2981 1857 3089 1913 hoc
3118 1861 3373 1928 praesenti
3414 1861 3615 1916 saeculo
3645 1860 3713 1915 ad

2134 1942 2289 1998 illum
2339 1953 2613 1999 venerunt
2663 1960 2761 2014 per
2806 1957 3058 2001 sanctum
3098 1948 3416 2019 baptisma;
3462 1958 3520 2004 ιιι
3570 1950 3712 2004 idem

2132 2036 2400 2105 propheta
2436 2036 2599 2092 nobis
2635 2038 2908 2108 praedixit.
2940 2039 3165 2095 dicens:
3203 2060 3220 2090 ι
3244 2041 3439 2096 Venite
3466 2042 3532 2096 ad
3562 2056 3711 2105 cum,

2130 2135 2188 2181 et
2230 2127 2639 2193 illiiininamini,
2685 2138 2743 2184 et
2775 2130 2943 2187 facies
2971 2146 3171 2188 vestra:
3215 2148 3324 2187 non
3369 2133 3715 2191 confundan-

2132 2227 2224 2272 tur
2249 2219 2316 2273 “.
2363 2238 2379 2270 ι
2415 2220 2571 2275 Alius
2618 2236 2841 2291 quoque
2893 2224 3161 2293 propheta
3216 2223 3394 2279 dicit:
3434 2243 3452 2275 ι
3488 2224 3715 2278 Munda-

2131 2312 2289 2377 mini,
2313 2314 2437 2384 puri
2460 2316 2799 2379 emciamini,
2817 2314 3033 2371 auferte
3058 2314 3379 2386 iniquitates
3401 2330 3431 2370 a
3448 2316 3716 2370 cordibus

2131 2403 2331 2459 vestris
2360 2404 2427 2458 "°.
2461 2423 2480 2456 ι
2516 2405 2570 2460 Si
2635 2405 2705 2460 ad
2751 2405 2903 2460 illum
2962 2404 3038 2461 ita
3085 2406 3337 2471 veniunt,
3399 2407 3710 2461 mercedem

2132 2493 2260 2549 ﬁdei
2301 2495 2576 2566 accipient
2606 2506 2669 2552 ut
2714 2496 2833 2552 sine
2855 2484 3001 2568 legis
3050 2496 3367 2552 ministerio
3411 2513 3512 2568 per
3549 2499 3710 2553 [idem

2131 2585 2433 2641 salventur.
2462 2586 2749 2656 Quotquot
2770 2596 2955 2643 autem
2988 2602 3137 2642 nunc
3166 2588 3234 2642 ad
3271 2588 3427 2641 illum
3458 2602 3570 2642 non
3609 2603 3711 2641 vo-

2130 2674 2341 2729 luerint
2366 2676 2579 2736 venire.
2603 2676 2661 2730 in
2689 2676 2879 2732 futuro
2910 2677 3114 2731 Steculo
3139 2692 3250 2731 non
3279 2676 3530 2731 volentes
3556 2676 3709 2729 illum

2132 2780 2260 2820 cum
2284 2767 2615 2823 confusione
2639 2785 2831 2840 magna
2861 2778 2916 2824 et
2949 2769 3147 2824 timore
3178 2777 3233 2825 et
3267 2777 3510 2824 tremore
3538 2770 3713 2822 multo

2130 2856 2483 2925 adorabunt;
2519 2867 2579 2914 ut
2619 2860 2888 2930 propheta
2951 2860 3091 2914 dixit
3123 2877 3136 2913 :
3176 2878 3195 2911 ι
3236 2860 3489 2925 Domine,
3539 2859 3711 2913 altum

2130 2958 2216 3003 est
2246 2950 2534 3005 brachium
2574 2958 2754 3013 tuum,
2784 2958 2841 3004 et
2872 2935 2980 3005 n'oii
3026 2949 3333 3005 timuerunt
3356 2950 3427 3014 τι,
3465 2967 3484 3001 ι
3519 2948 3572 3002 id
3597 2958 3705 3011 est,

2129 3058 2241 3097 non
2281 3058 2432 3098 nunc
2460 3043 2845 3108 crediderunt;
2881 3062 2899 3095 ι
2930 3054 3328 3114 cognoscentes
3353 3049 3538 3097 autem
3578 3057 3713 3096 con-

2135 3132 2461 3198 fundentur,
2500 3152 2519 3184 ι
2554 3134 2837 3203 quod-est,
2884 3133 2941 3187 in
2986 3133 3198 3196 futuro,
3237 3147 3400 3203 quem
3423 3147 3573 3187 nunc
3602 3147 3714 3186 non

2132 3224 2489 3280 crediderunt
2513 3214 2813 3290 Christum,
2843 3232 2975 3279 tunc
2999 3231 3336 3294 cognoscent
3378 3230 3435 3277 et
3483 3222 3714 3277 confun-

2133 3316 2362 3386 dentiir,
2412 3326 2471 3372 et
2517 3317 2959 3388 inexstinguibili
3011 3315 3125 3387 igni
3167 3314 3237 3369 ab
3284 3315 3379 3370 illo
3427 3314 3716 3370 tradentur

2131 3421 2400 3464 aeternum
2451 3410 2757 3480 puniendi;
2807 3409 2936 3479 quia
2977 3423 3046 3463 ex
3088 3407 3221 3463 Sion
3270 3407 3502 3462 debebat
3540 3408 3716 3461 maui-

2132 3496 2317 3554 festari
2342 3499 2617 3559 Christus.
2654 3508 2709 3553 et
2729 3500 2859 3570 quia
2886 3499 3202 3555 Altissimus
3224 3507 3329 3562 est,
3356 3509 3412 3554 et
3442 3498 3557 3568 ipsc
3580 3498 3711 3552 Sion

2130 3584 2405 3642 fundavit.
2446 3586 2595 3642 Dixit
2622 3587 2792 3642 David
2828 3604 2843 3642 :
2891 3606 2908 3637 ι
2945 3587 3117 3642 Mater
3140 3587 3296 3653 Sion,
3327 3586 3475 3643 dicet
3507 3587 3669 3641 homo
3694 3626 3713 3651 ,

2130 3687 2187 3733 et
2214 3679 2378 3734 homo
2399 3689 2564 3734 natus
2592 3687 2677 3734 est
2712 3681 2768 3735 in
2794 3696 2881 3746 ea,
2926 3689 2984 3735 et
3019 3680 3137 3751 ipse
3169 3679 3423 3735 fundavit
3456 3696 3575 3736 eam
3619 3679 3712 3736 Al-

2131 3772 2378 3829 tissimus
2406 3774 2474 3827 ".
2514 3791 2532 3823 ι

2197 3951 2353 4019 Quod
2385 3960 2569 4007 autem
2598 3951 2911 4023 baptizatus
2943 3950 3050 4007 fuit
3078 3950 3133 4006 in
3169 3950 3432 4016 Iordane,
3461 3959 3517 4006 et
3550 3951 3709 4005 testi-

2127 4042 2375 4096 monium
2418 4041 2497 4096 illi
2537 4041 2723 4096 datum
2769 4052 2855 4097 est
2893 4042 2946 4095 in
2989 4042 3145 4097 caelis
3187 4057 3219 4096 a
3259 4041 3371 4095 Deo
3411 4050 3470 4095 et
3527 4040 3706 4100 Patre.

2126 4137 2266 4192 dixit
2297 4155 2311 4191 :
2351 4156 2369 4189 ι
2395 4137 2509 4192 Vox
2546 4135 2758 4191 Domini
2788 4151 2955 4206 super
2981 4150 3152 4204 aquas
3188 4150 3205 4201 ;
3236 4133 3378 4189 Deus
3407 4134 3593 4205 gloriae
3625 4133 3711 4185 in-

2127 4228 2348 4295 tonuit;
2403 4228 2667 4284 Dominus
2721 4243 2885 4296 super
2922 4243 3093 4297 aquas
3154 4226 3356 4281 multas
3380 4226 3446 4280 ⁷³.
3480 4243 3498 4276 ι
3550 4224 3708 4291 Quod

2124 4327 2309 4373 autem
2336 4334 2434 4389 per
2463 4328 2715 4374 sanctum
2764 4334 2927 4374 suum
2968 4318 3241 4388 baptisma
3281 4316 3541 4371 contrivit
3584 4317 3708 4369 dia-

440 4413 696 4481 δυνάμεις
717 4410 903 4475 αὑτοῦ,
920 4411 1088 4480 λέγει’
1113 4431 1132 4463 ι
1154 4413 1302 4464 Ἐκεῖ
1318 4412 1643 4482 συνέτριψας
1658 4413 1757 4477 τὰς
1775 4415 2015 4484 κεφαλὰς

2130 4409 2311 4464 bolum
2360 4420 2416 4466 et
2450 4419 2748 4480 potestates
2799 4412 2939 4482 ejus,
2995 4410 3178 4466 dicit:
3233 4409 3365 4464 (11ιί
3412 4418 3709 4463 conterens

440 4503 551 4556 τῶν
571 4503 879 4575 δρακόντων
908 4504 1002 4558 ἐπὶ
1032 4502 1128 4556 τοῦ
1170 4502 1363 4567 ὓδατος
1392 4521 1405 4534 ο
1440 4524 1458 4555 ι
1488 4507 1734 4559 τουτέστι
1768 4507 1877 4560 τῶν
1903 4508 2020 4562 δαι-

445 4595 644 4666 μόνων.
681 4596 1021 4667 Συνέθλασας
1052 4597 1151 4666 τὴν
1171 4595 1412 4666 κεφαλὴν
1437 4596 1532 4649 τοῦ
1556 4598 1869 4668 δράκοντος,
1895 4616 2020 4653 του-

440 4687 591 4741 τέστι
617 4686 711 4740 τοῦ
734 4687 1006 4741 διαϐόλου.
1026 4686 1099 4739 Τὸ
1121 4687 1201 4753 δὲ,
1232 4687 1462 4759 ποιητὴς
1489 4689 1741 4759 οὐρανοῦ,
1770 4690 1867 4743 καὶ
1893 4692 2018 4760 γῆς,

441 4781 536 4833 καὶ
575 4780 875 4850 θαλάσσης,
899 4781 1062 4843 αὐτός
1089 4781 1235 4833 ἐστιν
1264 4782 1291 4834 6
1312 4781 1565 4852 Χριστὸς,
1591 4782 1684 4835 καὶ
1714 4783 1771 4835 ὲν
1808 4787 1873 4853 τῇ
1925 4783 2021 4836 θα-

440 4874 620 4944 λάσσῃ
648 4872 1020 4944 περιπατῆσαι
1064 4873 1226 4927 αὐτὸν
1260 4873 1335 4937 ὡς
1389 4874 1482 4925 ἐπὶ
1515 4874 1774 4943 ἐδάφους,
1813 4876 1907 4929 καὶ
1937 4876 2019 4929 ὅτι

445 4964 616 5028 ἰάσεις
679 4963 880 5025 πολλὰς
922 4964 1146 5034 ποιῆσαι
1193 4966 1252 5016 ὲν
1310 4963 1389 5034 τῷ
1431 4963 1566 5033 λαῷ,
1618 4968 1711 5042 καὶ
1761 4966 1844 5019 ὅτι
1877 4966 2019 5037 ὑπὲρ

441 5056 536 5108 τοῦ
603 5057 810 5126 κόσμου
870 5055 1065 5127 ἔμελλε
1121 5056 1350 5118 παθεῖν,
1382 5056 1414 5125 ὴ
1447 5054 1629 5126 βίϐλος
1676 5055 1795 5110 Ἰὼϐ
1847 5058 2018 5122 οὕτως

442 5145 588 5215 λέγει
613 5165 629 5181 ο
673 5168 690 5200 ι
729 5151 786 5203 '0
840 5148 1077 5213 τανύσας
1106 5150 1196 5202 τὸν
1231 5150 1457 5220 οὐρανὸν
1492 5149 1673 5218 μόνος,
1722 5151 1750 5203 6
1777 5168 2017 5221 περιπα-

443 5241 615 5311 τήσας
662 5242 756 5296 ἐπὶ
791 5242 1063 5311 θαλάσσης
1090 5242 1166 5304 ὡς
1217 5243 1311 5294 ἐπὶ
1342 5241 1594 5310 ἐδάφους.
1635 5259 1653 5292 ι
1692 5241 1850 5294 Καὶό
1883 5259 2019 5310 προ-

442 5334 622 5403 φήτης
656 5334 821 5403 λέγει.⁹
854 5354 873 5386 ι
923 5335 1056 5387 Τότε
1106 5333 1372 5403 ὀφθαλμοὶ
1400 5332 1616 5400 τυφλῶν
1671 5332 2021 5404 ἁνοιχθήσον-

441 5442 555 5491 ται,
600 5427 696 5481 καὶ
738 5427 908 5499 τρανῆ
946 5428 1099 5481 ἔσται
1147 5425 1368 5494 γλῶσσα
1439 5422 1741 5491 μογιλάλων
1771 5439 1783 5451 ·
1825 5425 1947 5477 τότε
1993 5426 2023 5478 6

2120 4503 2299 4572 capita
2335 4502 2634 4557 draconum
2662 4502 2718 4556 in
2750 4500 2967 4571 aqua",
3001 4519 3018 4551 ι
3049 4501 3102 4556 id
3134 4508 3239 4566 cst,
3270 4501 3703 4563 daemoniorum;

2120 4602 2414 4648 conterens
2462 4600 2629 4663 caput
2678 4592 2959 4657 draconis,
3016 4592 3072 4647 id
3122 4601 3226 4656 est,
3284 4592 3511 4647 diaboli.
3564 4591 3706 4645 llliid

2119 4696 2338 4746 autem.
2389 4683 2623 4739 Creator
2670 4682 2796 4738 εωΙί
2831 4693 2887 4739 et
2920 4691 3082 4739 terra:
3129 4692 3186 4738 et
3218 4683 3409 4748 maris,
3467 4681 3584 4751 ipse
3622 4690 3708 4734 est

2117 4776 2390 4843 Christus,
2425 4776 2573 4847 quod
2598 4776 2651 4831 in
2682 4777 2822 4831 mari
2855 4776 3159 4832 ambulavit
3187 4785 3248 4831 iit
3282 4770 3337 4831 in
3365 4778 3703 4847 pavimento.

2117 4873 2265 4942 quod
2295 4874 2608 4929 curationes
2628 4873 2829 4928 multas
2851 4872 2980 4928 fecit
3005 4873 3059 4927 in
3087 4873 3311 4943 populo;
3335 4882 3391 4927 et
3410 4887 3510 4941 pro
3538 4876 3703 4924 mllll-

2118 4967 2189 5019 do
2221 4965 2415 5020 debuit
2445 4966 2578 5036 pati,
2608 4965 2751 5020 liber
2771 4965 2876 5022 Job
2907 4966 2980 5021 ita
3003 4967 3286 5035 loquitur:
3328 4985 3346 5016 ι
3376 4964 3480 5032 Qui
3502 4964 3702 5019 cmlum

2119 5054 2356 5111 tetendit
2402 5055 2574 5114 solus.
2642 5056 2939 5110 ambulans
2993 5056 3049 5112 in
3109 5054 3248 5109 mari
3302 5062 3363 5108 ut
3445 5053 3500 5107 in
3547 5053 3705 5123 pavi-

2121 5147 2416 5211 mento”;
2453 5165 2471 5198 ι
2505 5147 2776 5218 propheta
2809 5163 3031 5218 quoque
3061 5147 3196 5202 dicit
3230 5165 3244 5202 :
3282 5166 3301 5198 ‹
3350 5146 3506 5200 Tunc
3557 5143 3701 5199 oculi

2121 5254 2394 5293 ctecorum
2416 5239 2757 5307 aperientur,
2777 5247 2834 5294 et
2858 5240 3036 5294 soluta
3053 5241 3162 5294 erit
3186 5240 3372 5311 lingua
3388 5248 3704 5303 mutorum;

2124 5339 2256 5384 tunc
2288 5329 2516 5385 chiidus
2549 5340 2612 5384 ιιι
2639 5345 2841 5384 cervus
2867 5328 3026 5386 saliet
3050 5331 3117 5385 ".
3150 5350 3168 5382 ι
3204 5330 3362 5397 Quod
3391 5338 3577 5383 autem
3610 5329 3707 5382 de-

2125 5424 2289 5477 bebat
2320 5422 2586 5477 Dominus
2616 5432 2804 5477 noster
2829 5422 2990 5478 Jcsus
3026 5423 3282 5478 Christus
3311 5422 3367 5477 in
3395 5421 3704 5477 Jerusalem

505 5576 552 5609 “
586 5579 693 5634 lsa.
728 5592 890 5640 uxr,
920 5574 973 5630 ἆ.
1050 5577 1095 5607 ⁸⁸
1126 5574 1265 5631 Osee
1295 5593 1354 5633 ιι.
1388 5578 1461 5631 ‘24
1486 5591 1500 5641 ;
1530 5578 1691 5631 Rom.
1727 5593 1799 5636 ιτ.
1825 5579 1915 5631 15.
1993 5579 2027 5607 "

2130 5580 2215 5632 ml.
2250 5594 2395 5637 nvi.
2427 5578 2480 5633 9.
2565 5577 2610 5608 "
2637 5576 2779 5631 Psal.
2819 5589 3009 5634 inrv.
3043 5573 3097 5628 9.
3174 5574 3221 5607 ⁶⁹
3252 5572 3394 5626 Paul.
3434 5586 3537 5624 xu
3565 5586 3623 5627 ιι.
3648 5573 3700 5625 6.

435 5649 482 5679 "
513 5649 614 5704 lsa.
650 5667 684 5706 i.
721 5650 805 5703 lli.
883 5649 927 5678 ⁷⁸
959 5647 1183 5703 .llalzicli.
1215 5664 1294 5713 LI,
1334 5650 1387 5704 5,
1466 5652 1505 5679 ’⁸
1535 5650 1655 5702 ι’».ίιι
1730 5665 1944 5715 unci,
1979 5650 2033 5703 5.

437 5719 484 5749 ’⁸
516 5721 616 5774 lsa.
656 5734 812 5785 xxxv,
846 5717 937 5773 25.

2120 5652 2160 5681 ⁷⁸
2199 5651 2337 5704 l'iul.
2375 5665 2566 5711 xxviii,
2592 5649 2646 5703 3.
2722 5644 3151 5708 τδΡδιιΙῖωιιιιι.
3192 5644 3273 5698 l3.
3351 5642 3519 5696 "Job
3551 5656 3623 5702 ιι.
3648 5648 3700 5694 8.
