4098 6466
494 366 629 431 1‘233

1510 358 1966 420 DISPUTATIO
2006 358 2398 420 ADVERSUS
2433 358 2759 419 JUD/EOS.

3601 352 3735 416 1234

489 497 580 532 και
603 471 706 531 εἶδε
730 474 1057 547 διαφθοράν
1076 471 1234 539 αὐτὸς
1261 473 1367 548 γὰρ
1389 476 1416 528 ὁ
1438 474 1570 537 Θεὸς
1595 474 1693 545 τὴν
1720 473 2068 545 ἀνθρωπίνην

2194 490 2286 528 am
2334 483 2629 527 humanam
2673 488 2837 543 quam
2890 471 3120 540 sumpsit
3162 469 3470 525 suscitavit.
3522 470 3583 524 Et
3608 470 3735 523 alibi

488 568 594 637 φύε
605 585 673 632 ιν,
687 567 752 639 ἢν
766 566 1340 635 άνέλαϐεν,άνέστησε.
1359 567 1467 618 Καὶ
1478 563 1714 634 ἀλλαχοῦ
1732 566 2058 634 γέγραπταν

498 679 520 712 ι
553 661 662 712 Καὶ
688 657 842 711 ἔσται
874 659 907 728 ἡ
937 657 1243 721 ἀνάπαυσις
1280 657 1442 710 αὑτοῦ
1488 657 1645 726 τιμή·
1675 674 1694 707 ι
1727 655 2004 707 τουτέστιν
2030 656 2064 724 ὴ

493 750 593 822 μὲν
625 750 950 812 ἀνάπαυσις,
989 749 1134 819 ταφή
1161 762 1177 779 ο
1209 750 1242 816 ἠ
1270 747 1327 800 δὲ
1348 748 1504 818 τιμὴ,
1539 746 1855 808 ἀνάστασις.

562 842 760 897 Λοιπὸν
788 841 870 903 τίς
901 839 1075 893 ταῦτα
1120 839 1334 893 ἀκούων
1365 840 1429 892 ὲκ
1477 838 1585 891 τῶν
1616 836 1913 908 προφητῶν
1939 836 2068 905 περὶ

489 932 587 986 τοῦ
627 930 884 1002 Χριστοῦ,
916 932 1013 1001 οὐχ
1041 931 1295 1000 ὁμολογεῖ
1320 930 1483 984 αὐτὸν
1514 929 1646 982 Θεὸν
1691 929 1944 1000 ἀληθινὸν
1977 929 2065 982 διὰ

486 1028 591 1097 τὴν
618 1025 714 1079 τοῦ
759 1025 966 1095 κόσμου
1008 1025 1283 1095 σωτηρίαν
1315 1025 1814 1094 ὲνανθρωπήσαντα
1835 1063 1850 1087 ,
1875 1023 2070 1077 εἴδωλά

488 1138 551 1173 τε
582 1119 1027 1189 καταργήσαντα,
1059 1117 1250 1180 θυσίας
1278 1117 1554 1187 δαιμόνων
1575 1117 2065 1186 καταστρέψαντας

495 1210 605 1264 Ποῦ
662 1213 802 1263 εἰσιν
852 1211 907 1264 αἱ
958 1209 1137 1263 θυσίαι
1187 1208 1505 1277 Αἱγύπτους
1555 1208 1657 1260 ποῦ
1698 1209 1754 1263 αἱ
1819 1210 2067 1279 μαντεῖαι

492 1303 768 1370 Μέμφεως
795 1317 809 1366 ;
838 1299 941 1353 ποῦ
977 1300 1276 1371 Σεϐήνυτος
1300 1301 1332 1369 ἡ
1380 1300 1472 1353 τὸν
1500 1299 1721 1368 Σίμωνα
1755 1298 2025 1368 σεϐομένη
2052 1314 2069 1361 ς

494 1392 597 1443 ποῦ
630 1391 890 1461 Νοὺιριςή
925 1390 1017 1443 τὸν
1046 1386 1186 1444 οἶνον
1219 1390 1602 1461 προσκυνοῦσα
1632 1408 1647 1456 ;
1688 1389 1790 1442 ποῦ
1826 1392 1932 1442 εἰσι
1972 1390 2070 1459 σή-

498 1501 662 1552 μερον
694 1483 743 1534 οἱ
775 1482 866 1535 τὸν
910 1481 1061 1553 ἥλιον
1092 1481 1414 1552 σεϐόμενοι;
1458 1482 1559 1535 ποῦ
1600 1481 1702 1547 τῆς
1753 1481 2072 1550 Ἀρτέμιδος

492 1578 520 1627 ὁ
551 1575 674 1637 ναός
707 1590 723 1638 ;
757 1573 860 1626 ποῦ
891 1574 985 1625 τοῦ
1034 1574 1161 1627 ναοῦ
1199 1574 1438 1638 Κυζίκου
1485 1576 1541 1627 αἱ
1586 1576 1833 1643 μαντεῖαι
1879 1573 2073 1625 ’Λπόλ-

496 1665 658 1724 λωνος
690 1664 786 1717 καὶ
812 1664 1031 1718 πάντων
1066 1664 1174 1717 τῶν
1205 1664 1515 1733 δαιμόνωνς
1557 1664 1663 1716 Τοῦ
1695 1665 1803 1733 γάρ
1835 1663 2073 1734 Χριστοῦ

495 1759 755 1822 φανέντος
805 1757 898 1809 καὶ
952 1757 1190 1826 σταυροῦ
1241 1760 1507 1826 παγέντος
1533 1799 1548 1822 ,
1581 1758 1609 1810 ὁ
1638 1757 1769 1817 Θεὸς
1794 1754 2073 1826 πανταχοῦ

2168 565 2433 635 scriptum
2464 573 2548 619 est
2576 582 2589 618 :
2632 582 2651 616 ι
2678 563 2746 618 Et
2772 564 2875 619 erit
2912 562 3127 630 requies
3154 563 3275 632 ejus
3308 561 3477 633 gloria
3499 561 3576 625 ⁸⁸,
3612 582 3629 613 ι
3682 562 3736 614 id

2166 658 2517 727 est,requies
2564 657 2899 728 sepulcrum,
2946 656 3114 728 gloria
3151 665 3336 710 autem
3380 655 3741 711 resurrectio-

2166 764 2293 803 nem
2326 748 2529 805 indicat

2237 838 2371 907 Quis
2422 841 2640 896 demum
2672 841 2788 896 haec
2815 841 3043 896 audiens
3071 856 3101 894 a
3149 839 3429 909 pr0phetis
3472 838 3539 893 de
3583 838 3745 894 Chri-

2170 939 2256 985 sto
2284 932 2450 994 dicta,
2490 947 2599 986 non
2644 932 2847 987 fatetur
2877 933 3023 986 hunc
3065 932 3234 987 Deum
3280 946 3404 985 vere
3438 930 3502 985 ad
3551 930 3743 985 mundi

2172 1025 2409 1078 salutem
2439 1026 2717 1080 hominem
2742 1027 2944 1079 factum
2995 1040 3140 1085 esse,
3196 1024 3337 1078 idola
3386 1024 3721 1079 destruxisse

2168 1113 2565 1168 dremoniorum
2597 1114 2858 1168 sacriﬁcia
2890 1112 3242 1168 abolevisse?
3288 1112 3389 1169 Ubi
3417 1122 3545 1167 sunt
3587 1112 3744 1183 [Egy-

2174 1204 2252 1274 pti
2299 1205 2605 1260 sacriﬁcia?
2653 1205 2744 1275 ubi
2796 1205 3123 1275 Memphidis
3161 1205 3438 1259 oracula?
3492 1205 3582 1259 ubi
3651 1206 3747 1259 Se-

2172 1296 2371 1367 bcnyte
2399 1295 2677 1350 Simonem
2726 1297 2955 1352 colens?
3011 1297 3101 1351 ubi
3156 1297 3370 1367 Nupbis
3400 1296 3583 1350 vinum
3616 1301 3749 1351 aito-

2176 1388 2349 1441 rans?
2380 1388 2469 1442 ubi
2517 1397 2648 1442 sunt
2697 1389 2856 1443 hodie
2909 1389 3040 1443 solis
3089 1388 3370 1445 cultores?
3419 1388 3508 1444 ubi
3563 1388 3749 1443 Dianas

2179 1480 2441 1549 templum
2465 1480 2489 1533 ‘l
2519 1481 2605 1534 ubi
2634 1479 2887 1551 Cyziceni
2917 1480 3102 1549 templi
3130 1480 3398 1550 Apollinis
3420 1488 3475 1535 et
3500 1480 3746 1534 omnium
3814 1546 3817 1549 _

2182 1570 2579 1625 daemoniorum
2626 1571 2893 1624 oracula?
2950 1569 3168 1625 Christo
3207 1571 3353 1624 enim
3404 1570 3749 1626 manifestato

2184 1672 2240 1717 et
2278 1662 2333 1715 in
2376 1676 2539 1715 cruce
2581 1661 2887 1730 pendente,
2940 1662 3085 1716 Deus
3137 1661 3340 1731 ubique
3386 1661 3645 1716 adoratur
3697 1672 3751 1716 et

2178 1754 2530 1824 gloriﬁcatur.
2551 1754 2744 1808 Nonne
2768 1769 2863 1808 vos
2887 1753 3073 1823 pudet,
3096 1753 3288 1819 Judxei,
3316 1770 3416 1809 nos
3440 1754 3754 1810 idololatras

498 1851 881 1916 προσκυνεῖται
948 1850 1042 1900 καὶ
1098 1848 1400 1914 δοξάζεται.
1445 1851 1553 1901 Καὶ
1594 1849 1694 1901 οὐκ
1728 1847 2072 1918 αἰσχύνεσθε,

2194 1855 2236 1899 :t
2264 1845 2424 1899 idolis
2449 1844 2822 1900 sacriﬁcantes
2855 1845 3096 1900 vocare?
3122 1847 3378 1899 Attamen
3407 1845 3604 1900 mirum
3643 1861 3751 1900 non

512 1940 771 2004 Ἰουδαῖοι,
802 1939 1158 2002 εἰδωλοθύτας
1190 1941 1337 2009 ἡμᾶς
1371 1941 1465 1992 καὶ
1512 1940 1904 2010 εἰδωλολάτρας
1961 1940 2076 1990 ὀνο·

503 2033 795 2098 μάζοντες;
829 2030 1020 2099 Ὅμως
1054 2033 1205 2084 οὐδὲν
1235 2033 1386 2097 ξένον
1409 2048 1422 2063 ·
1463 2034 1611 2085 πάσα
1648 2032 1755 2101 γάρ
1805 2033 1978 2101 πόρνη
2008 2031 2075 2101 τῇ

501 2121 760 2192 ἐλευθέρᾳ
788 2124 1006 2189 γυναικὶ
1036 2123 1094 2175 το
1129 2123 1258 2175 ῐδιον
1281 2123 1450 2191 ὄνομα
1471 2123 1800 2193 περιτίθησι,
1836 2122 2075 2193 κράζου-

503 2227 571 2261 aa.
609 2210 744 2278 αὐτῇ
775 2210 1263 2280 τηεπορνευμένη.
1306 2211 1412 2262 Καὶ
1442 2211 1550 2278 γὰρ
1591 2210 1811 2262 Ἡσαΐου
1843 2214 1934 2262 καὶ
1975 2209 2077 2263 Ἱε-

503 2300 694 2368 ρεμίου
740 2302 833 2353 καὶ
859 2300 965 2352 τῶν
997 2300 1204 2354 λοιπῶν
1233 2302 1552 2372 προφητῶν,
1582 2302 1644 2353 οὐ
1679 2304 1786 2370 μὴν
1812 2301 1948 2354 ἀλλὰ
1988 2302 2082 2354 καὶ

501 2391 665 2444 αὐτοῦ
692 2391 784 2444 τοῦ
814 2393 1071 2462 Χριστοῦ,
1091 2394 1192 2446 ούκ
1216 2394 1529 2461 ὲερείσασθε”
1554 2395 1648 2446 καὶ
1677 2394 1793 2451 πῶς
1814 2396 1945 2462 ἡμῖν
1969 2396 2081 2455 τοῖς

506 2484 845 2552 Χριστιανοῖς
862 2483 1012 2552 ἔχετε
1031 2486 1320 2550 φείσασθαι
1343 2502 1358 2548 ;
1378 2484 1517 2537 Ἀλλ’
1538 2487 1587 2537 εἰ
1612 2486 1703 2537 καὶ
1720 2484 1896 2553 εἴχετε
1924 2485 2081 2552 ὑμεῖς

513 2575 771 2638 ἐξουσίαν,
787 2576 878 2627 καὶ
899 2577 1057 2644 ἡμεῖς
1077 2578 1317 2646 σήμερον
1338 2575 1553 2644 ἔχομεν,
1570 2576 1671 2626 οὑκ
1685 2573 1750 2626 ἂν
1767 2573 1963 2626 ἐάσατε
1986 2573 2081 2624 ἕνα

509 2666 568 2731 ἐξ
602 2667 752 2735 ἡμῶν
780 2666 945 2735 μέσον
981 2666 1132 2734 ὑμῶν
1153 2667 1333 2736 ζῆσαι,
1363 2666 1612 2736 καθάπερ
1635 2666 1727 2718 καὶ
1758 2667 1915 2735 ἡμεῖς
1940 2664 2083 2733 ὑμᾶς

508 2757 833 2827 ἀνεχόμεθα.
872 2756 1092 2828 Ἐπειδὴ
1119 2756 1176 2811 δὲ
1227 2758 1420 2809 εἴπατε
1446 2771 1459 2785 ·
1492 2758 1591 2808 Διά
1633 2756 1685 2807 τί
1719 2755 1819 2807 οὐκ
1845 2750 2004 2806 εἶπαν
2033 2753 2083 2805 οἱ

510 2848 783 2916 προφῆται
815 2847 1065 2916 φανερῶς
1087 2847 1182 2900 καὶ
1204 2847 1397 2916 γυμνῷ
1422 2845 1500 2917 τῷ
1524 2844 1809 2914 πράγματι
1837 2860 1903 2895 πε
1914 2845 1967 2913 pl.
1986 2842 2082 2896 τοῦ

507 2940 746 3009 Χριστοῦ
778 2957 791 3003 ;
830 2938 1020 3009 ἐρωτῶ
1080 2939 1236 3007 κάγὼ
1276 2939 1420 3007 ὑμᾶς
1479 2936 1637 2989 τοῦτο
1682 2953 1747 3003 γε
1781 2952 1794 2965 ·
1833 2934 1956 2997 Πῶς
1982 2935 2085 2988 οὐκ

509 3029 663 3084 εἷπον
691 3032 741 3083 οί
774 3032 1052 3101 προφῆται
1092 3029 1342 3100 περὶτοῦ
1376 3027 1615 3099 Χριστοῦ
1656 3027 1787 3096 ὑμῖν
1824 3029 1936 3089 τοῖς
1952 3027 2085 3078 Ἰου-

509 3122 698 3187 δαίοις,
724 3125 806 3177 ὅτι
840 3123 1073 3176 Βλέπετε
1095 3162 1109 3185 ,
1145 3121 1320 3175 ἐλθεῖν
1350 3120 1464 3191 ἔχει
1491 3119 1776 3188 ἄνθρωπος
1813 3116 2087 3185 καλούμε-

513 3232 599 3278 νος
645 3214 873 3285 Ἰησοῦς,
907 3214 981 3284 μὴ
1004 3211 1330 3266 πιστεύσατε
1382 3210 1530 3279 αὑτῷ
1569 3210 1664 3272 ,ὅτι
1699 3209 1898 3269 πλάνος
1952 3209 2138 3275 satis);

2181 1945 2285 1990 est.
2316 1933 2508 1990 Omnis
2549 1935 2693 1988 enim
2744 1934 3005 1988 meretrix
3050 1934 3267 1988 mulieri
3318 1934 3505 1988 liberae
3552 1950 3753 1988 nomen

2180 2042 2342 2080 suum
2399 2025 2649 2095 imponit,
2704 2027 2955 2080 vocitans
2994 2025 3144 2079 illam
3196 2024 3565 2079 meretricem.
3619 2023 3753 2078 Nam

2180 2118 2351 2177 Isaite.
2382 2118 2652 2181 Jeremixe,
2679 2125 2735 2174 et
2764 2117 2990 2188 reliquis
3026 2117 3329 2188 prophetis,
3360 2116 3607 2187 adeoque
3653 2116 3753 2184 ipsi

2179 2209 2399 2264 Christo
2419 2224 2526 2262 non
2553 2210 2876 2279 pepercistis
2900 2225 2916 2275 ;
2946 2221 3001 2265 et
3022 2208 3298 2280 quomodo
3319 2208 3477 2264 nobis
3496 2207 3759 2264 Christia-

2182 2310 2270 2364 nis
2305 2310 2532 2379 potestis
2587 2311 2850 2378 parcere?
2902 2312 2949 2366 si
2993 2328 3125 2366 vero
3172 2310 3452 2366 haberetis
3483 2311 3624 2365 hanc
3663 2326 3759 2380 po-

2184 2407 2455 2464 testatem,
2488 2414 2651 2468 quam
2680 2415 2781 2453 nos
2824 2399 2988 2455 hodie
3018 2401 3306 2465 habemus,
3343 2416 3451 2454 non
3500 2399 3760 2454 sincrctis

2186 2504 2354 2543 unum
2384 2505 2451 2543 ex
2478 2489 2640 2544 nobis
2669 2488 2814 2542 inter
2848 2505 2945 2544 vos
2975 2490 3178 2555 vivere,
3219 2499 3278 2544 ut
3306 2505 3408 2544 nos
3435 2503 3532 2543 vos
3564 2489 3762 2541 tolera-

2188 2592 2328 2631 mus.
2360 2576 2497 2632 Cum
2528 2579 2674 2631 enim
2706 2578 2911 2639 dicitis,
2941 2594 3039 2631 cur
3072 2594 3182 2632 non
3232 2577 3398 2632 locuti
3430 2577 3541 2631 sint
3575 2588 3761 2647 aperte

2185 2679 2241 2723 et
2266 2670 2410 2723 nude
2436 2669 2504 2723 de
2529 2667 2747 2724 Christo
2778 2670 3076 2739 propheta,
3111 2684 3294 2738 quaero
3325 2677 3379 2722 et
3406 2683 3509 2738 ego
3532 2683 3559 2720 a
3586 2667 3765 2727 vobis,

2186 2776 2285 2813 cur
2312 2776 2420 2814 non
2453 2760 2697 2815 dixerint
2721 2762 3001 2831 prophetae
3029 2761 3183 2815 vobis
3201 2760 3403 2816 Iudaeis
3419 2760 3484 2813 de
3504 2758 3724 2814 Christo
3746 2775 3767 2809 :

2186 2849 2410 2913 Cavete,
2429 2850 2610 2905 veniet
2636 2852 2800 2905 homo
2822 2852 3127 2921 appellatus
3149 2851 3330 2916 Iesus,
3361 2866 3431 2905 ne
3454 2851 3531 2904 illi
3559 2849 3769 2905 credite

2187 2939 2317 3008 quia
2349 2939 2615 3009 impostor
2652 2941 2775 2995 est?
2805 2940 2919 2995 Sed
2953 2941 3026 2994 ita
3049 2956 3238 2995 verum
3269 2955 3389 2995 esse
3413 2937 3690 2994 Christum
3714 2947 3771 2993 et

2187 3030 2385 3094 Deum,
2435 3045 2597 3099 quem
2658 3032 2943 3101 prophetae
3000 3032 3531 3102 praenuntiaverunt,
3580 3031 3777 3085 nolen-

2189 3127 2273 3173 tes
2299 3121 2547 3187 credere,
2581 3121 2959 3192 impostorem,
2993 3138 3094 3178 nec
3122 3122 3402 3178 Christum
3431 3122 3699 3192 accipitis.

2181 3211 2296 3263 ἀλλ’
2357 3212 2531 3275 οὕτως
2589 3213 2681 3266 τὸν
2729 3214 2980 3286 omnem
3032 3214 3266 3284 Χριστὸν
3301 3215 3395 3267 καὶ
3432 3214 3584 3277 Θεὸν,
3616 3212 3675 3266 ὃν
3725 3214 3783 3265 οἵ

511 3308 791 3379 προφῆται
839 3308 1240 3378 προεκήρυξαν,
1286 3306 1361 3377 μὴ
1413 3307 1737 3375 θελήσαντες
1770 3304 2074 3369 πιστεῦσαι,
2118 3306 2315 3362 πλάνον
2358 3311 2451 3362 καὶ
2480 3312 2542 3364 οὐ
2577 3310 2812 3380 Χριστὸν
2833 3309 3134 3381 ἐνδέχεσθε.

591 3399 651 3451 Εἰ
687 3397 742 3450 δὲ
763 3397 894 3470 εἴπῃ
915 3400 944 3451 ὁ
988 3398 1261 3461 Ἰουδαῖος,
1286 3398 1369 3451 ὅτι
1409 3397 1533 3461 Πῶς
1564 3397 1661 3449 τοῦ
1692 3396 1829 3448 Θεοῦ
1871 3413 2088 3466 παραγ-
2117 3401 2163 3461 ο

515 3488 793 3558 γείλαντος
832 3489 907 3557 μὴ
951 3491 1276 3558 προσκυνεῖν
1326 3488 1526 3558 ξύλαῆ
1583 3488 1733 3540 λίθον
1799 3488 1892 3539 καὶ
1952 3487 2091 3555 ἔργα

517 3585 717 3655 χειρῶν
756 3584 1081 3655 ἀνθρώπων,
1122 3583 1240 3647 πῶς
1295 3585 1453 3652 ὑμεῖς
1481 3584 1530 3637 ot
1580 3582 1901 3653 Χριστιανοὶ
1954 3581 2095 3636 αὐτὰ

517 3678 871 3747 προσκυνεῖτε
899 3676 993 3728 καὶ
1021 3676 1271 3738 σέϐεσθε,
1304 3675 1588 3738 ποιοῦντες
1615 3675 1795 3729 αὐτῶν
1825 3675 2096 3744 σταυροὺς

519 3769 613 3820 καὶ
640 3767 889 3833 εἰκόναςς
921 3767 1041 3820 εἰπὲ
1081 3765 1264 3837 αὐτῷ·
1296 3766 1435 3832 Λέγε
1470 3784 1558 3835 μοι
1591 3767 1684 3818 καὶ
1714 3766 1800 3826 σὺ,
1846 3765 2092 3827 Ίουδαῖε,

519 3859 607 3911 διὰ
630 3859 683 3911 τί
719 3860 810 3911 καὶ
834 3859 897 3911 σὺ
929 3860 1254 3929 προσκυνεῖς
1280 3857 1340 3909 τὸ
1374 3856 1577 3926 βιϐλίον
1602 3856 1696 3909 τοῦ
1726 3858 1913 3927 νόμον,
1945 3857 2096 3909 ἐπει-

521 3950 585 4018 δὴ
624 3951 687 4002 ὲκ
713 3948 1002 4018 δερμάτων
1036 3949 1297 4017 τυγχάνει
1324 3949 1417 4001 καὶ
1456 3950 1513 4000 ὲν
1542 3948 1853 4019 ἀκαθαρσίᾳ
1899 3946 2097 4018 βεϐυρ-

525 4040 826 4107 σευμένονς
859 4040 947 4093 διά
1002 4039 1054 4092 τί
1112 4039 1166 4091 δὲ
1221 4038 1374 4093 καὶὸ
1417 4037 1614 4092 Ἰακὼϐ
1656 4040 1684 4090 ὁ
1748 4042 2097 4108 πατριάρχης

426 4165 430 4168 ί
526 4129 931 4199 προσεκύνησεν
953 4132 1046 4184 ἐπὶ
1076 4130 1136 4182 τὸ
1162 4131 1331 4199 ἄκρον
1359 4131 1456 4199 τῆς
1498 4129 1696 4200 ῥάϐδου
1720 4127 1813 4181 τοῦ
1851 4129 2049 4198 Ἰωσήφ
2080 4145 2096 4194 ;

526 4222 635 4275 Καὶ
662 4223 708 4274 εἰ
745 4223 843 4291 μὲν
869 4222 982 4291 ἔχει
1011 4224 1207 4285 εἰπεῖν,
1237 4222 1317 4275 ὅτι
1344 4221 1462 4275 Κᾶν
1488 4220 1778 4291 προσκυνῶ
1799 4218 1893 4272 τοῦ
1929 4219 2096 4289 νόμου

523 4313 583 4365 τδ
613 4313 836 4381 βιϐλίον,
872 4314 932 4366 οὐ
960 4313 1058 4385 τὴν
1092 4313 1254 4383 φύσιν
1290 4313 1402 4366 τῶν
1445 4311 1731 4382 δερμάτων
1781 4311 2098 4381 προσκυνῶ,

524 4408 661 4461 ἀλλα
690 4410 787 4478 τὴν
806 4408 1033 4478 δύναμιν
1062 4408 1170 4461 τῶν
1195 4408 1459 4479 ῥημάτιον
1488 4423 1502 4438 ο
1525 4409 1619 4461 καὶ
1638 4408 1667 4459 ὁ
1703 4404 1901 4459 Ἰακὼϐ
1929 4422 2101 4475 προσ-

478 4487 495 4571 ί
527 4501 768 4570 κυνήσας
814 4501 917 4570 τὴν
974 4499 1189 4570 ῥάϐδον,
1224 4500 1284 4553 οὗ
1347 4499 1408 4551 τὸ
1455 4497 1612 4561 ξύλον
1667 4494 2099 4566 προσεκύνησεν,

468 4628 491 4793 l

528 4592 661 4645 ἀλλὰ
714 4592 805 4645 τὸν
835 4592 1146 4662 κρατοῦντα
1180 4591 1353 4660 αὐτὴν
1393 4590 1590 4660 Ἰωσήφ
1611 4606 1624 4618 ·
1664 4589 1783 4641 εἰπὲ
1817 4587 1989 4656 αὐτῷ,
2019 4588 2102 4640 ὅτι

530 4682 717 4746 Οὕτως
767 4684 865 4736 καὶ
898 4684 1058 4754 ἡμεῖς
1087 4685 1136 4736 ot
1178 4682 1501 4754 Χριστιανοὶ
1542 4680 1978 4751 προσκυνοῦντες
2005 4678 2101 4732 τοῦ

530 4774 767 4845 Χριστοῦ
799 4758 1049 4843 σταυρὸν,
1085 4774 1146 4826 οῦ
1173 4776 1273 4842 τὴν
1305 4773 1469 4843 φύσιν
1519 4772 1616 4825 τοῦ
1663 4770 1820 4836 ξύλου
1865 4787 2105 4839 προσκυ-
2140 4753 2181 4807 D

531 4865 751 4935 νοῦμεν,
784 4865 858 4937 μὴ
881 4866 1125 4934 γένοιτοι
1159 4864 1295 4919 ἀλλὰ
1325 4865 1558 4934 Χριστὸν
1579 4864 1669 4916 τὸν
1722 4861 2108 4932 σταυρωθέντα

531 4957 590 5008 ὲν
616 4957 787 5027 αὐτῷ.
820 4957 930 5010 Καὶ
957 4955 1147 5025 ὥσπερ
1177 4956 1336 5025 ὑμεῖς
1363 4953 1459 5007 ἐὰν
1483 4954 1692 5025 ηὖρατε
1716 4952 1841 5023 ἄρτι
1870 4951 1968 5014 τὰς
2013 4950 2107 5004 δύο

430 5044 441 5131 ζ
530 5046 744 5110 πλάκας
772 5048 955 5100 καὶτὰ
982 5044 1076 5099 δύο
1096 5044 1378 5116 Χερουϐὶμ
1399 5045 1468 5098 τά
1491 5046 1691 5115 χρυσᾶ,
1718 5046 1860 5113 ειπερ
1882 5041 2107 5113 ἐποίησε

438 5138 451 5227 ζ
530 5139 790 5208 Μωῦσῆς,
822 5139 917 5191 καὶ
947 5137 1047 5209 τὴν
1071 5138 1324 5201 κιϐωτὸν,
1352 5135 1848 5209 προσῘε]κυνήσατε
1880 5134 1946 5187 ἂν
1968 5133 2109 5186 αὐτὰ

446 5224 453 5263 ἶ
529 5230 798 5300 τιμῶντες
840 5230 934 5285 τὸν
984 5230 1316 5295 ἐπιτάξαντα
1367 5229 1540 5283 ταῦτα
1565 5245 1579 5262 ο
1616 5226 1695 5298 τῷ
1726 5224 1876 5296 αὐτῷ
1919 5225 2107 5295 τρόπῳ

534 5325 626 5377 καὶ
656 5325 837 5394 ἡμεῖς,
865 5324 965 5388 τὰς
997 5325 1215 5386 εἰκόνας
1245 5320 1703 5394 προσκυνοῦντες,
1738 5320 1801 5374 οὺ
1848 5318 1910 5372 τὸ
1952 5318 2109 5382 ξύλον

531 5430 966 5487 προσκυνουμεν,
1004 5416 1078 5487 μὴ
1100 5415 1315 5484 γένοιτο
1343 5414 1356 5468 l
1387 5412 1525 5466 ἀλλὰ
1553 5411 1789 5484 Χριστὸν
1811 5409 2102 5481 τιμῶντες,

532 5509 790 5571 καὶτοὺς
833 5510 1023 5577 ἁγίους
1076 5507 1242 5561 αὐτοῦ
1268 5524 1283 5539 ο
1338 5506 1434 5559 καὶ
1481 5505 1606 5558 οὔτε
1658 5505 1717 5558 τὸ
1774 5504 1951 5570 ξύλον,
1984 5502 2108 5556 οὔτε

534 5606 632 5672 τὴν
678 5601 999 5672 ζωγραφίαν
1047 5598 1461 5672 προσκυνοῦμεν
1492 5614 1508 5630 ο
1543 5598 1666 5652 ἐπεὶ
1702 5596 1962 5659 πολλάκις
2008 5595 2107 5659 τὰς

604 5752 652 5786 ⁸³
732 5754 829 5823 lsa.
866 5771 938 5818 χι,
983 5754 1062 5812 l0.
1134 5752 1374 5809 1"’llcbr.
1413 5770 1485 5821 xi,
1516 5754 1606 5807 Ἦ.

2266 3401 2364 3455 Sin
2395 3410 2577 3457 autem
2603 3402 2823 3457 Jmkeus
2851 3401 3050 3456 dixerit
3081 3419 3093 3454 :
3128 3399 3438 3469 Quomodo,
3472 3414 3597 3456 cum
3630 3399 3774 3454 Dens

2202 3494 2530 3563 praeceperit
2576 3509 2646 3548 ne
2705 3494 3008 3548 adorentur
3072 3492 3238 3562 ligna,
3288 3491 3446 3561 lapis,
3501 3501 3558 3546 et
3610 3507 3773 3561 opem

2206 3601 2464 3639 manuum
2495 3585 2797 3651 hominum,
2834 3600 2949 3647 vos,
2983 3582 3308 3647 Christiani,
3365 3582 3480 3637 b:ec
3531 3582 3783 3637 adoratis-

2202 3685 2259 3732 et
2288 3675 2485 3741 colitis,
2514 3675 2777 3730 facientes
2819 3691 2887 3730 ex
2926 3674 3012 3729 his
3038 3688 3231 3728 cruces
3260 3681 3314 3728 et
3355 3672 3620 3745 imagines
3640 3674 3666 3727 ?
3693 3690 3785 3728 res

2205 3768 2416 3838 sponde
2441 3767 2516 3822 illi
2545 3786 2558 3821 :
2593 3767 2690 3822 Die
2720 3765 2854 3820 mihi
2878 3774 2931 3820 et
2960 3777 3038 3829 tu,
3072 3765 3279 3831 Judzee,
3308 3766 3780 3834 quare-tuad‘uras

2207 3861 2340 3931 legis
2361 3860 2580 3925 librum,
2606 3875 2727 3914 eum
2746 3874 2776 3913 e
2794 3858 3028 3929 pellibus
3049 3868 3105 3913 et
3121 3859 3417 3914 immundis
3438 3859 3604 3913 coriis
3630 3873 3767 3912 coni-

2208 3964 2402 4023 pactus
2430 3953 2543 4008 sit?
2576 3968 2680 4007 cur
2709 3952 2878 4008 Jacob
2906 3951 3219 4022 patriarcha
3249 3950 3502 4006 adoravit
3528 3951 3583 4003 in
3625 3965 3777 4003 sum-

2209 4045 2399 4099 mitate
2423 4046 2589 4115 virgae
2615 4043 2904 4115 Ioseph"?
2925 4043 3081 4110 Quod
3106 4045 3153 4099 si
3183 4042 3425 4113 potuerit
3448 4042 3633 4096 dicere
3661 4061 3672 4094 :
3717 4045 3780 4094 l~.t

2210 4138 2256 4190 si
2296 4135 2466 4189 adoro
2492 4135 2626 4206 legis
2668 4135 2890 4197 librum.
2923 4150 3033 4189 non
3070 4144 3320 4188 naturam
3342 4133 3566 4204 pellium
3588 4134 3776 4192 adoro,

2211 4223 2306 4278 sed
2338 4224 2628 4279 verborum
2663 4225 2965 4290 virtutem;
3001 4237 3180 4293 neque
3202 4221 3373 4277 Iacob
3399 4220 3783 4291 adorans‘vir-

2210 4332 2356 4385 gam,
2388 4315 2596 4386 lignum
2625 4315 2893 4394 adoravit,
2928 4314 3024 4369 sed
3050 4314 3142 4384 qui
3180 4328 3301 4368 eam
3342 4312 3659 4382 possidebat
3689 4312 3788 4366 ,Ιο-

2212 4409 2346 4478 seph
2372 4426 2388 4475 ;
2425 4409 2513 4463 die
2544 4407 2663 4462 illi:
2694 4405 2958 4462 Similiter
2990 4416 3045 4461 et
3084 4420 3180 4461 nos
3204 4404 3509 4461 Christiani
3539 4403 3781 4457 adoran—

2215 4510 2294 4554 tes
2319 4500 2523 4556 Christi
2577 4504 2817 4562 crucem,
2855 4514 2964 4553 non
2991 4498 3123 4569 ligni
3164 4506 3420 4552 naturam
3464 4495 3789 4556 adoramus,

2212 4593 2357 4662 quod
2385 4593 2547 4657 absit,
2575 4592 2668 4648 sed
2699 4591 2978 4647 Christum
3002 4591 3057 4644 in
3086 4605 3154 4644 eo
3186 4590 3536 4644 cruciﬁxum.
3574 4589 3778 4651 Quem-

2213 4683 2507 4737 admodum
2561 4691 2618 4735 et
2645 4697 2763 4747 vos,
2809 4680 2855 4734 si
2886 4680 3210 4735 inveneritis
3261 4679 3425 4733 hodie
3467 4680 3603 4732 duas
3629 4677 3787 4730 tabu-

2210 4780 2291 4830 las
2326 4785 2379 4830 et
2421 4776 2532 4829 duo
2564 4774 2864 4830 Cherubim
2905 4788 3093 4836 aurea,
3137 4786 3260 4842 quae
3302 4771 3432 4827 fecit
3462 4769 3691 4840 Moyses,
3724 4778 3783 4820 et

2209 4881 2417 4927 arcam,
2452 4863 2755 4918 adoraretis
2773 4876 2839 4916 ea
2864 4861 3108 4915 colentes
3133 4859 3288 4913 illum
3308 4857 3402 4928 qui
3418 4856 3536 4911 haie
3559 4856 3782 4937 manda-

2210 4961 2291 5010 vit
2324 4956 2482 5019 ﬁeri;
2511 4955 2584 5008 ita
2624 4963 2679 5008 et
2712 4968 2813 5006 nos
2854 4967 2980 5006 cum
3023 4951 3288 5021 imagines
3327 4950 3641 5011 adoramus,
3674 4962 3781 5000 non

2209 5050 2506 5104 adoramus
2535 5047 2764 5117 lignum,
2804 5043 2954 5115 quod
2981 5043 3150 5100 absit!
3177 5041 3275 5096 sed
3316 5039 3600 5096 Christum
3644 5039 3783 5095 coli-

2214 5156 2337 5195 mus
2363 5148 2416 5193 et
2440 5149 2658 5192 sanctos
2680 5138 2837 5207 ejus;
2877 5150 3057 5204 neque
3078 5134 3284 5205 lignum
3309 5146 3486 5201 neque
3511 5131 3784 5201 picturam

2213 5231 2526 5294 adoramus,
2540 5243 2666 5283 cum
2680 5226 3157 5297 saepiusimagines
3169 5233 3412 5279 vetustas
3420 5223 3786 5292 abstergimos

2212 5329 2269 5375 et
2300 5330 2647 5379 renovamus,
2681 5324 2779 5369 aut
2804 5321 3182 5384 putrescentes
3200 5309 3597 5374 eomburimus,
3626 5309 3787 5363 alias-

2213 5426 2322 5481 que
2376 5423 2548 5463 novas
2593 5406 2848 5468 faciams,
2901 5404 3276 5458 tantummodo
3310 5402 3377 5457 ad
3434 5403 3637 5457 bonam
3672 5415 3786 5453 nie-

2214 5496 2448 5553 moriam
2488 5494 2837 5551 servandam.
2890 5493 2997 5547 Vos
3042 5500 3250 5553 autem,
3293 5490 3455 5544 dicite
3505 5487 3662 5551 mihi,
3686 5501 3787 5542 cur

2215 5588 2511 5662 imaginem
2562 5586 3071 5663 Nabuchodonosor
3099 5584 3372 5655 Babylone
3429 5576 3782 5638 adoravim'tl
