  <div class='ocr_page' id='page_1' title='image "/cluster/home/n/w/nwhite01/storage/ocr_20150623/89/coo.31924054869932/633.png"; bbox 0 0 4098 6494; ppageno 0'>
   <div class='ocr_carea' id='block_1_1' title="bbox 434 411 572 477">
    <p class='ocr_par' dir='ltr' id='par_1_1' title="bbox 434 411 572 477">
     <span class='ocr_line' id='line_1_1' title="bbox 434 411 572 477; baseline -0.007 0"><span class='ocrx_word' id='word_1_1' title='bbox 434 411 572 477; x_wconf 71' lang='grc'><strong>1235</strong></span> 
     </span>
    </p>
   </div>
   <div class='ocr_carea' id='block_1_2' title="bbox 1626 406 2503 474">
    <p class='ocr_par' dir='ltr' id='par_1_2' title="bbox 1626 406 2503 474">
     <span class='ocr_line' id='line_1_2' title="bbox 1626 406 2503 474; baseline -0.011 0"><span class='ocrx_word' id='word_1_2' title='bbox 1626 414 1686 474; x_wconf 92' lang='lat' dir='ltr'><strong>S.</strong></span> <span class='ocrx_word' id='word_1_3' title='bbox 1729 412 2131 473; x_wconf 71' lang='lat' dir='ltr'><strong>ANASTASII</strong></span> <span class='ocrx_word' id='word_1_4' title='bbox 2174 410 2348 468; x_wconf 54' lang='lat' dir='ltr'><strong>SlXt</strong></span> <span class='ocrx_word' id='word_1_5' title='bbox 2363 406 2503 466; x_wconf 64' lang='grc' dir='ltr'><strong>ΠΕ</strong></span> 
     </span>
    </p>
   </div>
   <div class='ocr_carea' id='block_1_3' title="bbox 3579 417 3727 479">
    <p class='ocr_par' dir='ltr' id='par_1_3' title="bbox 3579 417 3727 479">
     <span class='ocr_line' id='line_1_3' title="bbox 3579 417 3727 479; baseline 0.007 -1"><span class='ocrx_word' id='word_1_6' title='bbox 3579 417 3727 479; x_wconf 76' lang='lat' dir='ltr'><strong>123G</strong></span> 
     </span>
    </p>
   </div>
   <div class='ocr_carea' id='block_1_4' title="bbox 409 524 2015 598">
    <p class='ocr_par' dir='ltr' id='par_1_4' title="bbox 409 524 1995 598">
     <span class='ocr_line' id='line_1_4' title="bbox 409 524 1995 598; baseline -0.006 -10"><span class='ocrx_word' id='word_1_7' title='bbox 409 541 465 588; x_wconf 82' lang='lat' dir='ltr'><strong>et</strong></span> <span class='ocrx_word' id='word_1_8' title='bbox 488 529 603 585; x_wconf 89' lang='lat' dir='ltr'><strong>illic</strong></span> <span class='ocrx_word' id='word_1_9' title='bbox 631 527 856 598; x_wconf 85' lang='lat' dir='ltr'><strong>quidem</strong></span> <span class='ocrx_word' id='word_1_10' title='bbox 900 527 1169 582; x_wconf 85' lang='lat' dir='ltr'><strong>habentes</strong></span> <span class='ocrx_word' id='word_1_11' title='bbox 1209 527 1402 582; x_wconf 81' lang='lat' dir='ltr'><strong>Daniel</strong></span> <span class='ocrx_word' id='word_1_12' title='bbox 1431 537 1487 582; x_wconf 91' lang='lat' dir='ltr'><strong>et</strong></span> <span class='ocrx_word' id='word_1_13' title='bbox 1518 526 1656 582; x_wconf 84' lang='lat' dir='ltr'><strong>alios</strong></span> <span class='ocrx_word' id='word_1_14' title='bbox 1697 524 1995 597; x_wconf 75' lang='lat' dir='ltr'><strong>prephetas</strong></span> 
     </span>
    </p>
   </div>
   <div class='ocr_carea' id='block_1_5' title="bbox 2120 524 3727 598">
    <p class='ocr_par' dir='ltr' id='par_1_5' title="bbox 2124 524 3727 597">
     <span class='ocr_line' id='line_1_5' title="bbox 2124 524 3727 597; baseline 0.002 -22"><span class='ocrx_word' id='word_1_15' title='bbox 2124 524 2338 585; x_wconf 73' lang='grc' dir='ltr'>εἰκόνας</span> <span class='ocrx_word' id='word_1_16' title='bbox 2376 525 2782 595; x_wconf 76' lang='grc' dir='ltr'>παλαιουμένας</span> <span class='ocrx_word' id='word_1_17' title='bbox 2822 526 3201 597; x_wconf 70' lang='grc' dir='ltr'>ἀπαλείφομεν</span> <span class='ocrx_word' id='word_1_18' title='bbox 3230 527 3333 581; x_wconf 76' lang='grc' dir='ltr'><strong>καὶ</strong></span> <span class='ocrx_word' id='word_1_19' title='bbox 3362 526 3727 588; x_wconf 61' lang='lat' dir='ltr'><strong>dvomame</strong></span> 
     </span>
    </p>
   </div>
   <div class='ocr_carea' id='block_1_6' title="bbox 407 616 1994 693">
    <p class='ocr_par' dir='ltr' id='par_1_6' title="bbox 407 616 1994 693">
     <span class='ocr_line' id='line_1_6' title="bbox 407 616 1994 693; baseline -0.005 -17"><span class='ocrx_word' id='word_1_20' title='bbox 407 623 505 693; x_wconf 75' lang='lat' dir='ltr'><strong>qni</strong></span> <span class='ocrx_word' id='word_1_21' title='bbox 539 636 638 676; x_wconf 89' lang='lat' dir='ltr'><strong>vos</strong></span> <span class='ocrx_word' id='word_1_22' title='bbox 666 621 929 676; x_wconf 80' lang='lat' dir='ltr'><strong>docerent</strong></span> <span class='ocrx_word' id='word_1_23' title='bbox 953 622 977 675; x_wconf 87' lang='lat'><strong>?</strong></span> <span class='ocrx_word' id='word_1_24' title='bbox 1006 621 1071 675; x_wconf 83' lang='lat' dir='ltr'><strong>Et</strong></span> <span class='ocrx_word' id='word_1_25' title='bbox 1097 635 1199 691; x_wconf 85' lang='lat' dir='ltr'><strong>ego</strong></span> <span class='ocrx_word' id='word_1_26' title='bbox 1227 619 1599 683; x_wconf 85' lang='lat' dir='ltr'><strong>Christianus,</strong></span> <span class='ocrx_word' id='word_1_27' title='bbox 1625 633 1750 673; x_wconf 91' lang='lat' dir='ltr'><strong>cum</strong></span> <span class='ocrx_word' id='word_1_28' title='bbox 1785 616 1994 672; x_wconf 77' lang='lat' dir='ltr'><strong>Christi</strong></span> 
     </span>
    </p>
   </div>
   <div class='ocr_carea' id='block_1_7' title="bbox 408 712 1998 786">
    <p class='ocr_par' dir='ltr' id='par_1_7' title="bbox 408 712 1998 786">
     <span class='ocr_line' id='line_1_7' title="bbox 408 712 1998 786; baseline -0.006 -16"><span class='ocrx_word' id='word_1_29' title='bbox 408 715 586 771; x_wconf 85' lang='lat' dir='ltr'><strong>adoro</strong></span> <span class='ocrx_word' id='word_1_30' title='bbox 638 714 955 786; x_wconf 86' lang='lat' dir='ltr'><strong>imaginem,</strong></span> <span class='ocrx_word' id='word_1_31' title='bbox 1006 713 1184 769; x_wconf 89' lang='lat' dir='ltr'><strong>dico:</strong></span> <span class='ocrx_word' id='word_1_32' title='bbox 1236 712 1425 768; x_wconf 84' lang='lat' dir='ltr'><strong>Gloria</strong></span> <span class='ocrx_word' id='word_1_33' title='bbox 1479 712 1595 766; x_wconf 89' lang='lat' dir='ltr'><strong>Deo</strong></span> <span class='ocrx_word' id='word_1_34' title='bbox 1641 719 1998 777; x_wconf 86' lang='lat' dir='ltr'><strong>sanctorum;</strong></span> 
     </span>
    </p>
   </div>
   <div class='ocr_carea' id='block_1_8' title="bbox 409 801 2001 877">
    <p class='ocr_par' dir='ltr' id='par_1_8' title="bbox 409 801 2001 877">
     <span class='ocr_line' id='line_1_8' title="bbox 409 801 2001 877; baseline -0.006 -13"><span class='ocrx_word' id='word_1_35' title='bbox 409 825 520 864; x_wconf 91' lang='lat' dir='ltr'><strong>non</strong></span> <span class='ocrx_word' id='word_1_36' title='bbox 549 809 713 864; x_wconf 88' lang='lat' dir='ltr'><strong>dico:</strong></span> <span class='ocrx_word' id='word_1_37' title='bbox 745 809 931 863; x_wconf 89' lang='lat' dir='ltr'><strong>Gloria</strong></span> <span class='ocrx_word' id='word_1_38' title='bbox 957 808 1105 877; x_wconf 88' lang='lat' dir='ltr'><strong>ligno</strong></span> <span class='ocrx_word' id='word_1_39' title='bbox 1153 817 1250 861; x_wconf 92' lang='lat' dir='ltr'><strong>aut</strong></span> <span class='ocrx_word' id='word_1_40' title='bbox 1290 807 1557 876; x_wconf 67' lang='lat' dir='ltr'><strong>picturae;</strong></span> <span class='ocrx_word' id='word_1_41' title='bbox 1603 814 1660 858; x_wconf 87' lang='grc' dir='ltr'><strong>ιιι</strong></span> <span class='ocrx_word' id='word_1_42' title='bbox 1715 818 1866 862; x_wconf 87' lang='lat' dir='ltr'><strong>vero,</strong></span> <span class='ocrx_word' id='word_1_43' title='bbox 1894 801 2001 856; x_wconf 87' lang='lat' dir='ltr'><strong>Na-</strong></span> 
     </span>
    </p>
   </div>
   <div class='ocr_carea' id='block_1_9' title="bbox 413 892 2002 968">
    <p class='ocr_par' dir='ltr' id='par_1_9' title="bbox 413 892 2002 968">
     <span class='ocr_line' id='line_1_9' title="bbox 413 892 2002 968; baseline -0.006 -12"><span class='ocrx_word' id='word_1_44' title='bbox 413 900 847 956; x_wconf 68' lang='lat' dir='ltr'><strong>buchodonosor</strong></span> <span class='ocrx_word' id='word_1_45' title='bbox 901 899 1140 953; x_wconf 88' lang='lat' dir='ltr'><strong>adorans</strong></span> <span class='ocrx_word' id='word_1_46' title='bbox 1166 898 1485 968; x_wconf 87' lang='lat' dir='ltr'><strong>imaginem,</strong></span> <span class='ocrx_word' id='word_1_47' title='bbox 1518 894 1740 949; x_wconf 82' lang='lat' dir='ltr'><strong>dicebas</strong></span> <span class='ocrx_word' id='word_1_48' title='bbox 1769 910 1783 947; x_wconf 88' lang='lat'><strong>:</strong></span> <span class='ocrx_word' id='word_1_49' title='bbox 1814 892 2002 948; x_wconf 82' lang='lat' dir='ltr'><strong>Gloria</strong></span> 
     </span>
    </p>
   </div>
   <div class='ocr_carea' id='block_1_10' title="bbox 408 985 2002 1060">
    <p class='ocr_par' dir='ltr' id='par_1_10' title="bbox 408 985 2002 1060">
     <span class='ocr_line' id='line_1_10' title="bbox 408 985 2002 1060; baseline -0.004 -14"><span class='ocrx_word' id='word_1_50' title='bbox 408 990 941 1047; x_wconf 86' lang='lat' dir='ltr'><strong>Nabuchodonosor.</strong></span> <span class='ocrx_word' id='word_1_51' title='bbox 1004 991 1118 1060; x_wconf 81' lang='lat' dir='ltr'><strong>Ego</strong></span> <span class='ocrx_word' id='word_1_52' title='bbox 1165 1004 1386 1044; x_wconf 83' lang='lat' dir='ltr'><strong>crucem</strong></span> <span class='ocrx_word' id='word_1_53' title='bbox 1439 986 1634 1050; x_wconf 89' lang='lat' dir='ltr'><strong>adoro,</strong></span> <span class='ocrx_word' id='word_1_54' title='bbox 1683 1000 1789 1041; x_wconf 93' lang='lat' dir='ltr'><strong>nec</strong></span> <span class='ocrx_word' id='word_1_55' title='bbox 1835 985 2002 1040; x_wconf 80' lang='lat' dir='ltr'><strong>dico:</strong></span> 
     </span>
    </p>
   </div>
   <div class='ocr_carea' id='block_1_11' title="bbox 409 1077 2011 1156">
    <p class='ocr_par' dir='ltr' id='par_1_11' title="bbox 409 1077 2011 1156">
     <span class='ocr_line' id='line_1_11' title="bbox 409 1077 2011 1156; baseline -0.006 -15"><span class='ocrx_word' id='word_1_56' title='bbox 409 1082 601 1141; x_wconf 81' lang='lat' dir='ltr'><strong>Gloria</strong></span> <span class='ocrx_word' id='word_1_57' title='bbox 650 1084 822 1156; x_wconf 86' lang='lat' dir='ltr'><strong>ligno,</strong></span> <span class='ocrx_word' id='word_1_58' title='bbox 861 1083 1008 1155; x_wconf 92' lang='lat' dir='ltr'><strong>quod</strong></span> <span class='ocrx_word' id='word_1_59' title='bbox 1063 1080 1231 1137; x_wconf 87' lang='lat' dir='ltr'><strong>absitl</strong></span> <span class='ocrx_word' id='word_1_60' title='bbox 1285 1091 1343 1134; x_wconf 92' lang='lat' dir='ltr'><strong>tu</strong></span> <span class='ocrx_word' id='word_1_61' title='bbox 1401 1080 1637 1134; x_wconf 89' lang='lat' dir='ltr'><strong>vitulum</strong></span> <span class='ocrx_word' id='word_1_62' title='bbox 1683 1077 1906 1141; x_wconf 81' lang='lat' dir='ltr'><strong>adoras,</strong></span> <span class='ocrx_word' id='word_1_63' title='bbox 1951 1087 2011 1132; x_wconf 89' lang='lat' dir='ltr'><strong>et</strong></span> 
     </span>
    </p>
   </div>
   <div class='ocr_carea' id='block_1_12' title="bbox 412 1170 2008 1242">
    <p class='ocr_par' dir='ltr' id='par_1_12' title="bbox 412 1170 2008 1242">
     <span class='ocr_line' id='line_1_12' title="bbox 412 1170 2008 1242; baseline -0.006 -9"><span class='ocrx_word' id='word_1_64' title='bbox 412 1178 594 1235; x_wconf 90' lang='lat' dir='ltr'><strong>dicis:</strong></span> <span class='ocrx_word' id='word_1_65' title='bbox 630 1197 649 1229; x_wconf 81' lang='grc' dir='ltr'><strong>ι</strong></span> <span class='ocrx_word' id='word_1_66' title='bbox 677 1179 744 1233; x_wconf 80' lang='lat' dir='ltr'><strong>ili</strong></span> <span class='ocrx_word' id='word_1_67' title='bbox 770 1187 898 1233; x_wconf 92' lang='lat' dir='ltr'><strong>sunt</strong></span> <span class='ocrx_word' id='word_1_68' title='bbox 923 1176 1013 1231; x_wconf 89' lang='lat' dir='ltr'><strong>dei</strong></span> <span class='ocrx_word' id='word_1_69' title='bbox 1061 1176 1163 1238; x_wconf 87' lang='lat' dir='ltr'><strong>tui,</strong></span> <span class='ocrx_word' id='word_1_70' title='bbox 1207 1173 1397 1232; x_wconf 85' lang='lat' dir='ltr'><strong>Israel.</strong></span> <span class='ocrx_word' id='word_1_71' title='bbox 1448 1171 1546 1242; x_wconf 89' lang='lat' dir='ltr'><strong>qui</strong></span> <span class='ocrx_word' id='word_1_72' title='bbox 1595 1170 1910 1225; x_wconf 78' lang='lat' dir='ltr'><strong>eduxerunt.</strong></span> <span class='ocrx_word' id='word_1_73' title='bbox 1957 1177 2008 1224; x_wconf 88' lang='lat' dir='ltr'><strong>te</strong></span> 
     </span>
    </p>
   </div>
   <div class='ocr_carea' id='block_1_13' title="bbox 410 1262 2007 1341">
    <p class='ocr_par' dir='ltr' id='par_1_13' title="bbox 410 1262 2007 1341">
     <span class='ocr_line' id='line_1_13' title="bbox 410 1262 2007 1341; baseline -0.007 -15"><span class='ocrx_word' id='word_1_74' title='bbox 410 1286 443 1326; x_wconf 90' lang='lat' dir='ltr'><strong>e</strong></span> <span class='ocrx_word' id='word_1_75' title='bbox 497 1281 643 1326; x_wconf 82' lang='lat' dir='ltr'><strong>terra</strong></span> <span class='ocrx_word' id='word_1_76' title='bbox 694 1268 1001 1341; x_wconf 61' lang='lat' dir='ltr'><strong>Egypti“.</strong></span> <span class='ocrx_word' id='word_1_77' title='bbox 1033 1287 1051 1320; x_wconf 77' lang='grc' dir='ltr'><strong>ι</strong></span> <span class='ocrx_word' id='word_1_78' title='bbox 1102 1265 1214 1323; x_wconf 81' lang='lat' dir='ltr'><strong>Nos</strong></span> <span class='ocrx_word' id='word_1_79' title='bbox 1254 1263 1558 1321; x_wconf 78' lang='lat' dir='ltr'><strong>Christiani</strong></span> <span class='ocrx_word' id='word_1_80' title='bbox 1610 1262 1801 1316; x_wconf 87' lang='lat' dir='ltr'><strong>multis</strong></span> <span class='ocrx_word' id='word_1_81' title='bbox 1847 1262 2007 1315; x_wconf 82' lang='lat' dir='ltr'><strong>annis</strong></span> 
     </span>
    </p>
   </div>
   <div class='ocr_carea' id='block_1_14' title="bbox 410 1355 1774 1428">
    <p class='ocr_par' dir='ltr' id='par_1_14' title="bbox 410 1355 1774 1428">
     <span class='ocr_line' id='line_1_14' title="bbox 410 1355 1774 1428; baseline -0.005 -16"><span class='ocrx_word' id='word_1_82' title='bbox 410 1357 616 1428; x_wconf 78' lang='lat' dir='ltr'><strong>captivi</strong></span> <span class='ocrx_word' id='word_1_83' title='bbox 646 1366 701 1413; x_wconf 92' lang='lat' dir='ltr'><strong>et</strong></span> <span class='ocrx_word' id='word_1_84' title='bbox 734 1357 896 1412; x_wconf 87' lang='lat' dir='ltr'><strong>malis</strong></span> <span class='ocrx_word' id='word_1_85' title='bbox 921 1356 1126 1419; x_wconf 75' lang='lat' dir='ltr'><strong>afﬂicti,</strong></span> <span class='ocrx_word' id='word_1_86' title='bbox 1152 1355 1327 1408; x_wconf 85' lang='lat' dir='ltr'><strong>Deum</strong></span> <span class='ocrx_word' id='word_1_87' title='bbox 1349 1368 1461 1407; x_wconf 89' lang='lat' dir='ltr'><strong>non</strong></span> <span class='ocrx_word' id='word_1_88' title='bbox 1484 1366 1774 1423; x_wconf 78' lang='lat' dir='ltr'><strong>negamus.</strong></span> 
     </span>
    </p>
   </div>
   <div class='ocr_carea' id='block_1_15' title="bbox 2126 613 3725 688">
    <p class='ocr_par' dir='ltr' id='par_1_15' title="bbox 2126 613 3725 688">
     <span class='ocr_line' id='line_1_15' title="bbox 2126 613 3725 688; baseline 0.002 -20"><span class='ocrx_word' id='word_1_89' title='bbox 2126 613 2287 685; x_wconf 79' lang='grc' dir='ltr'>μεν,ῆ</span> <span class='ocrx_word' id='word_1_90' title='bbox 2320 615 2414 669; x_wconf 79' lang='grc' dir='ltr'>καὶ</span> <span class='ocrx_word' id='word_1_91' title='bbox 2436 616 2808 687; x_wconf 83' lang='grc' dir='ltr'>σαθρωθείσας</span> <span class='ocrx_word' id='word_1_92' title='bbox 2842 618 3197 688; x_wconf 62' lang='grc' dir='ltr'><strong>καίομεν,κιιλ¹</strong></span> <span class='ocrx_word' id='word_1_93' title='bbox 3225 619 3410 680; x_wconf 73' lang='grc' dir='ltr'>ἄλλοις</span> <span class='ocrx_word' id='word_1_94' title='bbox 3460 635 3725 687; x_wconf 81' lang='grc' dir='ltr'>καινουρ-</span> 
     </span>
    </p>
   </div>
   <div class='ocr_carea' id='block_1_16' title="bbox 2123 708 3731 781">
    <p class='ocr_par' dir='ltr' id='par_1_16' title="bbox 2123 708 3731 781">
     <span class='ocr_line' id='line_1_16' title="bbox 2123 708 3731 781; baseline 0.002 -23"><span class='ocrx_word' id='word_1_95' title='bbox 2123 708 2247 774; x_wconf 87' lang='grc' dir='ltr'>γίας</span> <span class='ocrx_word' id='word_1_96' title='bbox 2273 709 2560 779; x_wconf 78' lang='grc' dir='ltr'>ποιοῦμεν,</span> <span class='ocrx_word' id='word_1_97' title='bbox 2582 710 2718 781; x_wconf 79' lang='grc' dir='ltr'>πρὸς</span> <span class='ocrx_word' id='word_1_98' title='bbox 2742 711 3053 780; x_wconf 81' lang='grc' dir='ltr'><strong>ὑπόμνησιν</strong></span> <span class='ocrx_word' id='word_1_99' title='bbox 3073 710 3291 781; x_wconf 74' lang='grc' dir='ltr'>ἀγαθὴν</span> <span class='ocrx_word' id='word_1_100' title='bbox 3313 710 3517 779; x_wconf 81' lang='grc' dir='ltr'>μόνον.</span> <span class='ocrx_word' id='word_1_101' title='bbox 3541 710 3731 779; x_wconf 77' lang='grc' dir='ltr'>Ὑμεῖς</span> 
     </span>
    </p>
   </div>
   <div class='ocr_carea' id='block_1_17' title="bbox 2124 796 3735 873">
    <p class='ocr_par' dir='ltr' id='par_1_17' title="bbox 2124 796 3735 873">
     <span class='ocr_line' id='line_1_17' title="bbox 2124 796 3735 873; baseline 0.003 -22"><span class='ocrx_word' id='word_1_102' title='bbox 2124 796 2180 851; x_wconf 84' lang='grc' dir='ltr'><strong>δὲ</strong></span> <span class='ocrx_word' id='word_1_103' title='bbox 2200 799 2377 854; x_wconf 68' lang='grc' dir='ltr'>ἐκεῖνό</span> <span class='ocrx_word' id='word_1_104' title='bbox 2397 817 2490 868; x_wconf 91' lang='grc' dir='ltr'><strong>μοι</strong></span> <span class='ocrx_word' id='word_1_105' title='bbox 2511 800 2725 853; x_wconf 71' lang='grc' dir='ltr'>εἴπατε*</span> <span class='ocrx_word' id='word_1_106' title='bbox 2743 799 2833 854; x_wconf 82' lang='grc' dir='ltr'><strong>διὰ</strong></span> <span class='ocrx_word' id='word_1_107' title='bbox 2848 801 2901 853; x_wconf 83' lang='grc' dir='ltr'><strong>τί</strong></span> <span class='ocrx_word' id='word_1_108' title='bbox 2920 798 3017 872; x_wconf 73' lang='grc' dir='ltr'><strong>τὴν</strong></span> <span class='ocrx_word' id='word_1_109' title='bbox 3030 801 3214 854; x_wconf 76' lang='grc' dir='ltr'>εἰκόνα</span> <span class='ocrx_word' id='word_1_110' title='bbox 3233 801 3339 872; x_wconf 78' lang='grc' dir='ltr'>τὴν</span> <span class='ocrx_word' id='word_1_111' title='bbox 3359 803 3735 873; x_wconf 64' lang='grc' dir='ltr'>ὲνβαϐυλῶνι</span> 
     </span>
    </p>
   </div>
   <div class='ocr_carea' id='block_1_18' title="bbox 2114 891 3749 970">
    <p class='ocr_par' dir='ltr' id='par_1_18' title="bbox 2114 891 3749 970">
     <span class='ocr_line' id='line_1_18' title="bbox 2114 891 3749 970; baseline 0.006 -25"><span class='ocrx_word' id='word_1_112' title='bbox 2114 891 2595 963; x_wconf 79' lang='grc' dir='ltr'>Ναϐουχοδονόσορ</span> <span class='ocrx_word' id='word_1_113' title='bbox 2622 892 3161 966; x_wconf 84' lang='grc' dir='ltr'>προσ[ε]κυνήσατε;</span> <span class='ocrx_word' id='word_1_114' title='bbox 3195 898 3389 951; x_wconf 75' lang='grc' dir='ltr'>καίτοι</span> <span class='ocrx_word' id='word_1_115' title='bbox 3418 914 3492 967; x_wconf 82' lang='grc' dir='ltr'><strong>γε</strong></span> <span class='ocrx_word' id='word_1_116' title='bbox 3525 900 3749 970; x_wconf 78' lang='grc' dir='ltr'>ἔχοντες</span> 
     </span>
    </p>
   </div>
   <div class='ocr_carea' id='block_1_19' title="bbox 2112 983 3746 1059">
    <p class='ocr_par' dir='ltr' id='par_1_19' title="bbox 2112 983 3746 1059">
     <span class='ocr_line' id='line_1_19' title="bbox 2112 983 3746 1059; baseline 0.007 -25"><span class='ocrx_word' id='word_1_117' title='bbox 2112 984 2231 1036; x_wconf 80' lang='grc' dir='ltr'>ἐκεῖ</span> <span class='ocrx_word' id='word_1_118' title='bbox 2278 983 2373 1037; x_wconf 87' lang='grc' dir='ltr'><strong>τὸν</strong></span> <span class='ocrx_word' id='word_1_119' title='bbox 2418 983 2618 1055; x_wconf 83' lang='grc' dir='ltr'>Δανιὴλ</span> <span class='ocrx_word' id='word_1_120' title='bbox 2662 986 2757 1037; x_wconf 76' lang='grc' dir='ltr'><strong>καὶ</strong></span> <span class='ocrx_word' id='word_1_121' title='bbox 2788 984 2986 1048; x_wconf 78' lang='grc' dir='ltr'>ἄλλους</span> <span class='ocrx_word' id='word_1_122' title='bbox 3016 990 3314 1059; x_wconf 77' lang='grc' dir='ltr'><strong>προφήτας</strong></span> <span class='ocrx_word' id='word_1_123' title='bbox 3370 989 3746 1055; x_wconf 71' lang='grc' dir='ltr'><strong>διδάσκοντας</strong></span> 
     </span>
    </p>
   </div>
   <div class='ocr_carea' id='block_1_20' title="bbox 2114 1074 3746 1152">
    <p class='ocr_par' dir='ltr' id='par_1_20' title="bbox 2114 1074 3746 1152">
     <span class='ocr_line' id='line_1_20' title="bbox 2114 1074 3746 1152; baseline 0.007 -25"><span class='ocrx_word' id='word_1_124' title='bbox 2114 1074 2265 1142; x_wconf 83' lang='grc' dir='ltr'>ὑμᾶς</span> <span class='ocrx_word' id='word_1_125' title='bbox 2300 1091 2315 1140; x_wconf 89' lang='grc'>;</span> <span class='ocrx_word' id='word_1_126' title='bbox 2353 1075 2526 1142; x_wconf 87' lang='grc' dir='ltr'><strong>Κάγὼ</strong></span> <span class='ocrx_word' id='word_1_127' title='bbox 2575 1076 2676 1145; x_wconf 81' lang='grc' dir='ltr'><strong>μὲν</strong></span> <span class='ocrx_word' id='word_1_128' title='bbox 2709 1079 2736 1130; x_wconf 99' lang='lat'><strong>6</strong></span> <span class='ocrx_word' id='word_1_129' title='bbox 2779 1078 3111 1148; x_wconf 87' lang='grc' dir='ltr'>Χριστιανὸς</span> <span class='ocrx_word' id='word_1_130' title='bbox 3153 1082 3506 1152; x_wconf 80' lang='grc' dir='ltr'><strong>προσκυνῶν</strong></span> <span class='ocrx_word' id='word_1_131' title='bbox 3562 1084 3746 1137; x_wconf 70' lang='grc' dir='ltr'>εἰκόνα</span> 
     </span>
    </p>
   </div>
   <div class='ocr_carea' id='block_1_21' title="bbox 2106 1166 3743 1244">
    <p class='ocr_par' dir='ltr' id='par_1_21' title="bbox 2106 1166 3743 1244">
     <span class='ocr_line' id='line_1_21' title="bbox 2106 1166 3743 1244; baseline 0.006 -27"><span class='ocrx_word' id='word_1_132' title='bbox 2106 1166 2200 1218; x_wconf 77' lang='grc' dir='ltr'>τοῦ</span> <span class='ocrx_word' id='word_1_133' title='bbox 2230 1167 2495 1236; x_wconf 75' lang='grc' dir='ltr'><strong>Χριστοῦ,</strong></span> <span class='ocrx_word' id='word_1_134' title='bbox 2533 1168 2700 1237; x_wconf 82' lang='grc' dir='ltr'>λέγω·</span> <span class='ocrx_word' id='word_1_135' title='bbox 2725 1169 2864 1233; x_wconf 80' lang='grc' dir='ltr'>Δόξα</span> <span class='ocrx_word' id='word_1_136' title='bbox 2888 1173 2916 1223; x_wconf 90' lang='lat'><strong>6</strong></span> <span class='ocrx_word' id='word_1_137' title='bbox 2937 1170 3073 1235; x_wconf 82' lang='grc' dir='ltr'>Θεὸς</span> <span class='ocrx_word' id='word_1_138' title='bbox 3092 1172 3202 1225; x_wconf 86' lang='grc' dir='ltr'><strong>τῶν</strong></span> <span class='ocrx_word' id='word_1_139' title='bbox 3226 1174 3440 1241; x_wconf 86' lang='grc' dir='ltr'>ἁγίων,</span> <span class='ocrx_word' id='word_1_140' title='bbox 3478 1174 3547 1227; x_wconf 85' lang='grc' dir='ltr'><strong>οὑ</strong></span> <span class='ocrx_word' id='word_1_141' title='bbox 3579 1174 3743 1244; x_wconf 80' lang='grc' dir='ltr'>λέγω,</span> 
     </span>
    </p>
   </div>
   <div class='ocr_carea' id='block_1_22' title="bbox 2114 1257 3746 1337">
    <p class='ocr_par' dir='ltr' id='par_1_22' title="bbox 2114 1257 3746 1337">
     <span class='ocr_line' id='line_1_22' title="bbox 2114 1257 3746 1337; baseline 0.007 -28"><span class='ocrx_word' id='word_1_142' title='bbox 2114 1258 2254 1321; x_wconf 75' lang='grc' dir='ltr'>Δόξα</span> <span class='ocrx_word' id='word_1_143' title='bbox 2308 1257 2468 1325; x_wconf 81' lang='grc' dir='ltr'>ξύλου</span> <span class='ocrx_word' id='word_1_144' title='bbox 2507 1259 2540 1328; x_wconf 78' lang='grc' dir='ltr'><strong>ἦ</strong></span> <span class='ocrx_word' id='word_1_145' title='bbox 2584 1260 2910 1329; x_wconf 77' lang='grc' dir='ltr'><strong>ζωγραφίας</strong></span> <span class='ocrx_word' id='word_1_146' title='bbox 2936 1279 2951 1292; x_wconf 87' lang='grc'><strong>·</strong></span> <span class='ocrx_word' id='word_1_147' title='bbox 2982 1265 3048 1317; x_wconf 83' lang='grc' dir='ltr'><strong>σὺ</strong></span> <span class='ocrx_word' id='word_1_148' title='bbox 3093 1264 3151 1317; x_wconf 82' lang='grc' dir='ltr'>δὲ</span> <span class='ocrx_word' id='word_1_149' title='bbox 3196 1268 3621 1337; x_wconf 69' lang='grc' dir='ltr'><strong>προσκυνήσας</strong></span> <span class='ocrx_word' id='word_1_150' title='bbox 3652 1269 3746 1335; x_wconf 78' lang='grc' dir='ltr'>τὴν</span> 
     </span>
    </p>
   </div>
   <div class='ocr_carea' id='block_1_23' title="bbox 2113 1348 3745 1429">
    <p class='ocr_par' dir='ltr' id='par_1_23' title="bbox 2113 1348 3745 1429">
     <span class='ocr_line' id='line_1_23' title="bbox 2113 1348 3745 1429; baseline 0.005 -26"><span class='ocrx_word' id='word_1_151' title='bbox 2113 1350 2318 1411; x_wconf 83' lang='grc' dir='ltr'>εἰκόνα,</span> <span class='ocrx_word' id='word_1_152' title='bbox 2351 1348 2534 1415; x_wconf 73' lang='grc' dir='ltr'>εἶπαςο</span> <span class='ocrx_word' id='word_1_153' title='bbox 2562 1350 2701 1417; x_wconf 79' lang='grc' dir='ltr'><strong>Δόξα</strong></span> <span class='ocrx_word' id='word_1_154' title='bbox 2729 1352 3204 1426; x_wconf 77' lang='grc' dir='ltr'>Ναϐουχοδονόσορ</span> <span class='ocrx_word' id='word_1_155' title='bbox 3224 1372 3240 1389; x_wconf 73' lang='grc' dir='ltr'><strong><em>ο</em></strong></span> <span class='ocrx_word' id='word_1_156' title='bbox 3284 1357 3415 1425; x_wconf 79' lang='grc' dir='ltr'><strong>ἐγὼ</strong></span> <span class='ocrx_word' id='word_1_157' title='bbox 3441 1375 3699 1429; x_wconf 83' lang='grc' dir='ltr'>προσκυν</span> <span class='ocrx_word' id='word_1_158' title='bbox 3716 1361 3745 1410; x_wconf 70' lang='grc' dir='ltr'>τι</span> 
     </span>
    </p>
   </div>
   <div class='ocr_carea' id='block_1_24' title="bbox 402 1443 3745 1524">
    <p class='ocr_par' dir='ltr' id='par_1_24' title="bbox 402 1443 3745 1524">
     <span class='ocr_line' id='line_1_24' title="bbox 402 1443 3745 1524; baseline 0.001 -21"><span class='ocrx_word' id='word_1_159' title='bbox 402 1452 500 1504; x_wconf 87' lang='grc' dir='ltr'><strong>τὸν</strong></span> <span class='ocrx_word' id='word_1_160' title='bbox 529 1451 783 1524; x_wconf 89' lang='grc' dir='ltr'>σταυρὸν,</span> <span class='ocrx_word' id='word_1_161' title='bbox 811 1453 871 1505; x_wconf 79' lang='grc' dir='ltr'>οὺ</span> <span class='ocrx_word' id='word_1_162' title='bbox 923 1451 1090 1519; x_wconf 80' lang='grc' dir='ltr'>λέγω,</span> <span class='ocrx_word' id='word_1_163' title='bbox 1123 1449 1260 1517; x_wconf 78' lang='grc' dir='ltr'><strong>Δόξα</strong></span> <span class='ocrx_word' id='word_1_164' title='bbox 1299 1447 1458 1514; x_wconf 77' lang='grc' dir='ltr'>ξύλου</span> <span class='ocrx_word' id='word_1_165' title='bbox 1481 1487 1496 1513; x_wconf 92' lang='grc'><strong>,</strong></span> <span class='ocrx_word' id='word_1_166' title='bbox 1540 1446 1616 1517; x_wconf 82' lang='grc' dir='ltr'>μὴ</span> <span class='ocrx_word' id='word_1_167' title='bbox 1658 1446 1910 1514; x_wconf 73' lang='grc' dir='ltr'>γένοιτοῐ</span> <span class='ocrx_word' id='word_1_168' title='bbox 1960 1443 2025 1498; x_wconf 81' lang='grc' dir='ltr'><strong>σὺ</strong></span> <span class='ocrx_word' id='word_1_169' title='bbox 2054 1443 2111 1497; x_wconf 78' lang='grc' dir='ltr'><strong>δὲ</strong></span> <span class='ocrx_word' id='word_1_170' title='bbox 2146 1448 2475 1513; x_wconf 70' lang='grc' dir='ltr'>προσκυνεῖς</span> <span class='ocrx_word' id='word_1_171' title='bbox 2532 1446 2633 1517; x_wconf 84' lang='grc' dir='ltr'><strong>τὴν</strong></span> <span class='ocrx_word' id='word_1_172' title='bbox 2689 1446 2913 1517; x_wconf 85' lang='grc' dir='ltr'>μόσχον,</span> <span class='ocrx_word' id='word_1_173' title='bbox 2967 1446 3147 1517; x_wconf 87' lang='grc' dir='ltr'>λέγεις</span> <span class='ocrx_word' id='word_1_174' title='bbox 3172 1465 3186 1480; x_wconf 88' lang='grc'><strong>·</strong></span> <span class='ocrx_word' id='word_1_175' title='bbox 3222 1468 3240 1502; x_wconf 85' lang='grc' dir='ltr'><strong>ι</strong></span> <span class='ocrx_word' id='word_1_176' title='bbox 3277 1444 3461 1505; x_wconf 78' lang='grc' dir='ltr'>Οὗτοι</span> <span class='ocrx_word' id='word_1_177' title='bbox 3524 1453 3577 1504; x_wconf 76' lang='grc' dir='ltr'>οἱ</span> <span class='ocrx_word' id='word_1_178' title='bbox 3636 1453 3745 1509; x_wconf 77' lang='grc' dir='ltr'>θεοί</span> 
     </span>
    </p>
   </div>
   <div class='ocr_carea' id='block_1_25' title="bbox 408 1536 3740 1618">
    <p class='ocr_par' dir='ltr' id='par_1_25' title="bbox 408 1536 3740 1618">
     <span class='ocr_line' id='line_1_25' title="bbox 408 1536 3740 1618; baseline 0.001 -23"><span class='ocrx_word' id='word_1_179' title='bbox 408 1559 529 1611; x_wconf 91' lang='grc' dir='ltr'>σου,</span> <span class='ocrx_word' id='word_1_180' title='bbox 572 1544 810 1616; x_wconf 76' lang='grc' dir='ltr'>Ἰσραὴλ,</span> <span class='ocrx_word' id='word_1_181' title='bbox 848 1544 898 1598; x_wconf 82' lang='grc' dir='ltr'>οἱ</span> <span class='ocrx_word' id='word_1_182' title='bbox 926 1543 1288 1612; x_wconf 79' lang='grc' dir='ltr'><strong>ἐξαγαγόντες</strong></span> <span class='ocrx_word' id='word_1_183' title='bbox 1319 1557 1379 1594; x_wconf 86' lang='grc' dir='ltr'><strong>σε</strong></span> <span class='ocrx_word' id='word_1_184' title='bbox 1419 1542 1483 1593; x_wconf 78' lang='grc' dir='ltr'>ἐκ</span> <span class='ocrx_word' id='word_1_185' title='bbox 1520 1539 1624 1608; x_wconf 72' lang='grc' dir='ltr'>γῆς</span> <span class='ocrx_word' id='word_1_186' title='bbox 1662 1537 1942 1605; x_wconf 75' lang='grc' dir='ltr'>Αἰγύπτου</span> <span class='ocrx_word' id='word_1_187' title='bbox 1967 1553 1983 1569; x_wconf 86' lang='grc'><strong>·</strong></span> <span class='ocrx_word' id='word_1_188' title='bbox 2035 1556 2053 1588; x_wconf 74' lang='grc' dir='ltr'><strong>ι</strong></span> <span class='ocrx_word' id='word_1_189' title='bbox 2088 1538 2252 1607; x_wconf 78' lang='grc' dir='ltr'>ἡμεῖς</span> <span class='ocrx_word' id='word_1_190' title='bbox 2289 1536 2343 1590; x_wconf 80' lang='grc' dir='ltr'><strong>δὲ</strong></span> <span class='ocrx_word' id='word_1_191' title='bbox 2374 1540 2424 1590; x_wconf 75' lang='lat' dir='ltr'><strong>oi</strong></span> <span class='ocrx_word' id='word_1_192' title='bbox 2454 1538 2774 1609; x_wconf 78' lang='grc' dir='ltr'><strong>Χριστιανοὶ</strong></span> <span class='ocrx_word' id='word_1_193' title='bbox 2801 1539 3340 1612; x_wconf 71' lang='grc' dir='ltr'>αἰχμαλωτιζόμενοι</span> <span class='ocrx_word' id='word_1_194' title='bbox 3417 1542 3604 1597; x_wconf 82' lang='grc' dir='ltr'>πολλὰ</span> <span class='ocrx_word' id='word_1_195' title='bbox 3650 1545 3740 1618; x_wconf 81' lang='grc' dir='ltr'>ἔτη</span> 
     </span>
    </p>
   </div>
   <div class='ocr_carea' id='block_1_26' title="bbox 409 1632 1817 1705">
    <p class='ocr_par' dir='ltr' id='par_1_26' title="bbox 409 1632 1817 1705">
     <span class='ocr_line' id='line_1_26' title="bbox 409 1632 1817 1705; baseline -0.003 -13"><span class='ocrx_word' id='word_1_196' title='bbox 409 1637 505 1692; x_wconf 73' lang='grc' dir='ltr'>καὶ</span> <span class='ocrx_word' id='word_1_197' title='bbox 540 1637 1029 1705; x_wconf 78' lang='grc' dir='ltr'>καταπονούμενοι,</span> <span class='ocrx_word' id='word_1_198' title='bbox 1068 1635 1160 1689; x_wconf 71' lang='grc' dir='ltr'><strong>τὸν</strong></span> <span class='ocrx_word' id='word_1_199' title='bbox 1189 1635 1324 1689; x_wconf 73' lang='grc' dir='ltr'>Θεὸν</span> <span class='ocrx_word' id='word_1_200' title='bbox 1352 1636 1453 1688; x_wconf 63' lang='grc' dir='ltr'>οὒκ</span> <span class='ocrx_word' id='word_1_201' title='bbox 1482 1632 1817 1705; x_wconf 84' lang='grc' dir='ltr'>αρνούμεθα.</span> 
     </span>
    </p>
   </div>
   <div class='ocr_carea' id='block_1_27' title="bbox 482 1721 2015 1800">
    <p class='ocr_par' dir='ltr' id='par_1_27' title="bbox 482 1723 2015 1800">
     <span class='ocr_line' id='line_1_27' title="bbox 482 1723 2015 1800; baseline -0.005 -16"><span class='ocrx_word' id='word_1_202' title='bbox 482 1729 538 1784; x_wconf 89' lang='lat' dir='ltr'><strong>Si</strong></span> <span class='ocrx_word' id='word_1_203' title='bbox 571 1731 662 1800; x_wconf 89' lang='lat' dir='ltr'><strong>qui</strong></span> <span class='ocrx_word' id='word_1_204' title='bbox 688 1728 989 1786; x_wconf 90' lang='lat' dir='ltr'><strong>Christiani</strong></span> <span class='ocrx_word' id='word_1_205' title='bbox 1017 1739 1383 1800; x_wconf 85' lang='lat' dir='ltr'><strong>negaverunt,</strong></span> <span class='ocrx_word' id='word_1_206' title='bbox 1411 1742 1521 1782; x_wconf 91' lang='lat' dir='ltr'><strong>non</strong></span> <span class='ocrx_word' id='word_1_207' title='bbox 1550 1735 1661 1781; x_wconf 82' lang='lat' dir='ltr'><strong>tam</strong></span> <span class='ocrx_word' id='word_1_208' title='bbox 1678 1723 1836 1780; x_wconf 89' lang='lat' dir='ltr'><strong>multi</strong></span> <span class='ocrx_word' id='word_1_209' title='bbox 1853 1737 2015 1794; x_wconf 87' lang='lat' dir='ltr'><strong>quam</strong></span> 
     </span>
    </p>
   </div>
   <div class='ocr_carea' id='block_1_28' title="bbox 2120 1721 3739 1800">
    <p class='ocr_par' dir='ltr' id='par_1_28' title="bbox 2193 1721 3739 1798">
     <span class='ocr_line' id='line_1_28' title="bbox 2193 1721 3739 1798; baseline 0.005 -23"><span class='ocrx_word' id='word_1_210' title='bbox 2193 1722 2283 1786; x_wconf 63' lang='lat' dir='ltr'><strong>Ei</strong></span> <span class='ocrx_word' id='word_1_211' title='bbox 2314 1721 2371 1776; x_wconf 82' lang='grc' dir='ltr'><strong>δὲ</strong></span> <span class='ocrx_word' id='word_1_212' title='bbox 2420 1723 2516 1776; x_wconf 88' lang='grc' dir='ltr'><strong>καί</strong></span> <span class='ocrx_word' id='word_1_213' title='bbox 2574 1740 2718 1787; x_wconf 87' lang='grc' dir='ltr'>τινες</span> <span class='ocrx_word' id='word_1_214' title='bbox 2776 1725 3098 1796; x_wconf 77' lang='grc' dir='ltr'>Χριστιανοὶ</span> <span class='ocrx_word' id='word_1_215' title='bbox 3147 1727 3499 1798; x_wconf 73' lang='grc' dir='ltr'>ἠρνήσαντο,</span> <span class='ocrx_word' id='word_1_216' title='bbox 3532 1728 3739 1784; x_wconf 64' lang='grc' dir='ltr'>ἀλλὀὶ</span> 
     </span>
    </p>
   </div>
   <div class='ocr_carea' id='block_1_29' title="bbox 410 1815 2010 1895">
    <p class='ocr_par' dir='ltr' id='par_1_29' title="bbox 410 1815 2010 1895">
     <span class='ocr_line' id='line_1_29' title="bbox 410 1815 2010 1895; baseline -0.004 -18"><span class='ocrx_word' id='word_1_217' title='bbox 410 1838 512 1879; x_wconf 87' lang='lat' dir='ltr'><strong>vos</strong></span> <span class='ocrx_word' id='word_1_218' title='bbox 540 1822 840 1895; x_wconf 86' lang='lat' dir='ltr'><strong>Babylone,</strong></span> <span class='ocrx_word' id='word_1_219' title='bbox 876 1838 985 1876; x_wconf 92' lang='lat' dir='ltr'><strong>non</strong></span> <span class='ocrx_word' id='word_1_220' title='bbox 1023 1822 1247 1893; x_wconf 88' lang='lat' dir='ltr'><strong>quidem</strong></span> <span class='ocrx_word' id='word_1_221' title='bbox 1292 1819 1536 1892; x_wconf 89' lang='lat' dir='ltr'><strong>percussi</strong></span> <span class='ocrx_word' id='word_1_222' title='bbox 1579 1834 1683 1874; x_wconf 92' lang='lat' dir='ltr'><strong>nec</strong></span> <span class='ocrx_word' id='word_1_223' title='bbox 1720 1815 2010 1882; x_wconf 75' lang='lat' dir='ltr'><strong>excoriati,</strong></span> 
     </span>
    </p>
   </div>
   <div class='ocr_carea' id='block_1_30' title="bbox 412 1906 2010 1982">
    <p class='ocr_par' dir='ltr' id='par_1_30' title="bbox 412 1906 2010 1982">
     <span class='ocr_line' id='line_1_30' title="bbox 412 1906 2010 1982; baseline -0.005 -13"><span class='ocrx_word' id='word_1_224' title='bbox 412 1913 510 1969; x_wconf 89' lang='lat' dir='ltr'><strong>sed</strong></span> <span class='ocrx_word' id='word_1_225' title='bbox 528 1928 681 1968; x_wconf 89' lang='lat' dir='ltr'><strong>mero</strong></span> <span class='ocrx_word' id='word_1_226' title='bbox 699 1913 756 1967; x_wconf 90' lang='lat' dir='ltr'><strong>in</strong></span> <span class='ocrx_word' id='word_1_227' title='bbox 778 1913 950 1968; x_wconf 85' lang='lat' dir='ltr'><strong>verbo</strong></span> <span class='ocrx_word' id='word_1_228' title='bbox 967 1928 1160 1967; x_wconf 89' lang='lat' dir='ltr'><strong>omnes</strong></span> <span class='ocrx_word' id='word_1_229' title='bbox 1181 1910 1499 1982; x_wconf 84' lang='lat' dir='ltr'><strong>negastis,et</strong></span> <span class='ocrx_word' id='word_1_230' title='bbox 1519 1909 1812 1980; x_wconf 90' lang='lat' dir='ltr'><strong>imaginem</strong></span> <span class='ocrx_word' id='word_1_231' title='bbox 1832 1906 2010 1962; x_wconf 89' lang='lat' dir='ltr'><strong>homi-</strong></span> 
     </span>
    </p>
   </div>
   <div class='ocr_carea' id='block_1_31' title="bbox 374 2001 2016 2073">
    <p class='ocr_par' dir='ltr' id='par_1_31' title="bbox 374 2001 2016 2073">
     <span class='ocr_line' id='line_1_31' title="bbox 374 2001 2016 2073; baseline -0.002 -14"><span class='ocrx_word' id='word_1_232' title='bbox 374 2038 389 2059; x_wconf 76' lang='grc' dir='ltr'><strong>ι</strong></span> <span class='ocrx_word' id='word_1_233' title='bbox 412 2003 503 2059; x_wconf 91' lang='lat' dir='ltr'><strong>nis</strong></span> <span class='ocrx_word' id='word_1_234' title='bbox 521 2003 818 2059; x_wconf 89' lang='lat' dir='ltr'><strong>adorastis.</strong></span> <span class='ocrx_word' id='word_1_235' title='bbox 837 2004 906 2058; x_wconf 88' lang='lat' dir='ltr'><strong>Et</strong></span> <span class='ocrx_word' id='word_1_236' title='bbox 927 2003 1034 2058; x_wconf 89' lang='lat' dir='ltr'><strong>nisi</strong></span> <span class='ocrx_word' id='word_1_237' title='bbox 1053 2013 1165 2059; x_wconf 87' lang='lat' dir='ltr'><strong>tres</strong></span> <span class='ocrx_word' id='word_1_238' title='bbox 1184 2003 1339 2073; x_wconf 89' lang='lat' dir='ltr'><strong>pueri</strong></span> <span class='ocrx_word' id='word_1_239' title='bbox 1361 2001 1525 2056; x_wconf 85' lang='lat' dir='ltr'><strong>ﬁdem</strong></span> <span class='ocrx_word' id='word_1_240' title='bbox 1547 2001 1779 2056; x_wconf 89' lang='lat' dir='ltr'><strong>inDeum</strong></span> <span class='ocrx_word' id='word_1_241' title='bbox 1799 2015 2016 2055; x_wconf 82' lang='lat' dir='ltr'><strong>servas-</strong></span> 
     </span>
    </p>
   </div>
   <div class='ocr_carea' id='block_1_32' title="bbox 415 2093 2013 2159">
    <p class='ocr_par' dir='ltr' id='par_1_32' title="bbox 415 2093 2013 2159">
     <span class='ocr_line' id='line_1_32' title="bbox 415 2093 2013 2159; baseline -0.001 -9"><span class='ocrx_word' id='word_1_242' title='bbox 415 2104 561 2159; x_wconf 87' lang='lat' dir='ltr'><strong>sent,</strong></span> <span class='ocrx_word' id='word_1_243' title='bbox 589 2094 682 2150; x_wconf 86' lang='lat' dir='ltr'><strong>ubi</strong></span> <span class='ocrx_word' id='word_1_244' title='bbox 707 2094 870 2150; x_wconf 80' lang='lat' dir='ltr'><strong>(idem</strong></span> <span class='ocrx_word' id='word_1_245' title='bbox 895 2094 950 2149; x_wconf 91' lang='lat' dir='ltr'><strong>in</strong></span> <span class='ocrx_word' id='word_1_246' title='bbox 973 2095 1144 2150; x_wconf 88' lang='lat' dir='ltr'><strong>Deum</strong></span> <span class='ocrx_word' id='word_1_247' title='bbox 1170 2093 1499 2149; x_wconf 89' lang='lat' dir='ltr'><strong>servassetis</strong></span> <span class='ocrx_word' id='word_1_248' title='bbox 1521 2093 1545 2147; x_wconf 88' lang='lat'><strong>?</strong></span> <span class='ocrx_word' id='word_1_249' title='bbox 1565 2100 1623 2149; x_wconf 90' lang='lat' dir='ltr'><strong>et</strong></span> <span class='ocrx_word' id='word_1_250' title='bbox 1648 2099 1831 2148; x_wconf 89' lang='lat' dir='ltr'><strong>tamen</strong></span> <span class='ocrx_word' id='word_1_251' title='bbox 1859 2100 2013 2149; x_wconf 89' lang='lat' dir='ltr'><strong>tanta</strong></span> 
     </span>
    </p>
   </div>
   <div class='ocr_carea' id='block_1_33' title="bbox 413 2182 2012 2259">
    <p class='ocr_par' dir='ltr' id='par_1_33' title="bbox 413 2182 2012 2259">
     <span class='ocr_line' id='line_1_33' title="bbox 413 2182 2012 2259; baseline -0.003 -16"><span class='ocrx_word' id='word_1_252' title='bbox 413 2189 569 2259; x_wconf 84' lang='lat' dir='ltr'><strong>signa</strong></span> <span class='ocrx_word' id='word_1_253' title='bbox 618 2187 882 2244; x_wconf 89' lang='lat' dir='ltr'><strong>videratis</strong></span> <span class='ocrx_word' id='word_1_254' title='bbox 935 2187 994 2242; x_wconf 88' lang='lat' dir='ltr'><strong>in</strong></span> <span class='ocrx_word' id='word_1_255' title='bbox 1052 2186 1203 2243; x_wconf 87' lang='lat' dir='ltr'><strong>omni</strong></span> <span class='ocrx_word' id='word_1_256' title='bbox 1255 2186 1399 2248; x_wconf 88' lang='lat' dir='ltr'><strong>loco,</strong></span> <span class='ocrx_word' id='word_1_257' title='bbox 1472 2186 1530 2239; x_wconf 92' lang='lat' dir='ltr'><strong>in</strong></span> <span class='ocrx_word' id='word_1_258' title='bbox 1609 2183 1843 2257; x_wconf 66' lang='lat' dir='ltr'><strong>Egypto</strong></span> <span class='ocrx_word' id='word_1_259' title='bbox 1907 2182 2012 2239; x_wconf 87' lang='lat' dir='ltr'><strong>sub</strong></span> 
     </span>
    </p>
   </div>
   <div class='ocr_carea' id='block_1_34' title="bbox 413 2276 2009 2357">
    <p class='ocr_par' dir='ltr' id='par_1_34' title="bbox 413 2276 2009 2357">
     <span class='ocr_line' id='line_1_34' title="bbox 413 2276 2009 2357; baseline -0.002 -22"><span class='ocrx_word' id='word_1_260' title='bbox 413 2281 618 2357; x_wconf 76' lang='lat' dir='ltr'><strong>Moyse,</strong></span> <span class='ocrx_word' id='word_1_261' title='bbox 644 2282 700 2336; x_wconf 89' lang='lat' dir='ltr'><strong>in</strong></span> <span class='ocrx_word' id='word_1_262' title='bbox 728 2281 865 2337; x_wconf 89' lang='lat' dir='ltr'><strong>mari</strong></span> <span class='ocrx_word' id='word_1_263' title='bbox 891 2281 1100 2347; x_wconf 80' lang='lat' dir='ltr'><strong>Rubro,</strong></span> <span class='ocrx_word' id='word_1_264' title='bbox 1125 2281 1181 2335; x_wconf 92' lang='lat' dir='ltr'><strong>in</strong></span> <span class='ocrx_word' id='word_1_265' title='bbox 1205 2280 1450 2344; x_wconf 88' lang='lat' dir='ltr'><strong>deserto,</strong></span> <span class='ocrx_word' id='word_1_266' title='bbox 1482 2279 1540 2334; x_wconf 90' lang='lat' dir='ltr'><strong>in</strong></span> <span class='ocrx_word' id='word_1_267' title='bbox 1565 2277 1820 2334; x_wconf 89' lang='lat' dir='ltr'><strong>columna</strong></span> <span class='ocrx_word' id='word_1_268' title='bbox 1844 2276 2009 2348; x_wconf 84' lang='lat' dir='ltr'><strong>ignis,</strong></span> 
     </span>
    </p>
   </div>
   <div class='ocr_carea' id='block_1_35' title="bbox 413 2369 2010 2437">
    <p class='ocr_par' dir='ltr' id='par_1_35' title="bbox 413 2369 2010 2437">
     <span class='ocr_line' id='line_1_35' title="bbox 413 2369 2010 2437; baseline -0.003 -8"><span class='ocrx_word' id='word_1_269' title='bbox 413 2376 468 2429; x_wconf 92' lang='lat' dir='ltr'><strong>in</strong></span> <span class='ocrx_word' id='word_1_270' title='bbox 494 2375 638 2430; x_wconf 90' lang='lat' dir='ltr'><strong>nube</strong></span> <span class='ocrx_word' id='word_1_271' title='bbox 667 2374 910 2437; x_wconf 89' lang='lat' dir='ltr'><strong>luminis,</strong></span> <span class='ocrx_word' id='word_1_272' title='bbox 959 2373 1015 2428; x_wconf 92' lang='lat' dir='ltr'><strong>in</strong></span> <span class='ocrx_word' id='word_1_273' title='bbox 1057 2381 1245 2428; x_wconf 89' lang='lat' dir='ltr'><strong>monte</strong></span> <span class='ocrx_word' id='word_1_274' title='bbox 1293 2371 1448 2429; x_wconf 88' lang='lat' dir='ltr'><strong>Sina.</strong></span> <span class='ocrx_word' id='word_1_275' title='bbox 1494 2370 1639 2427; x_wconf 87' lang='lat' dir='ltr'><strong>Num</strong></span> <span class='ocrx_word' id='word_1_276' title='bbox 1691 2369 1815 2425; x_wconf 90' lang='lat' dir='ltr'><strong>talia</strong></span> <span class='ocrx_word' id='word_1_277' title='bbox 1865 2370 2010 2425; x_wconf 88' lang='lat' dir='ltr'><strong>bona</strong></span> 
     </span>
    </p>
   </div>
   <div class='ocr_carea' id='block_1_36' title="bbox 414 2458 2013 2520">
    <p class='ocr_par' dir='ltr' id='par_1_36' title="bbox 414 2458 2013 2520">
     <span class='ocr_line' id='line_1_36' title="bbox 414 2458 2013 2520; baseline -0.006 0"><span class='ocrx_word' id='word_1_278' title='bbox 414 2466 562 2520; x_wconf 88' lang='lat' dir='ltr'><strong>Deus</strong></span> <span class='ocrx_word' id='word_1_279' title='bbox 602 2465 768 2520; x_wconf 86' lang='lat' dir='ltr'><strong>alicui</strong></span> <span class='ocrx_word' id='word_1_280' title='bbox 808 2462 1085 2519; x_wconf 82' lang='lat' dir='ltr'><strong>contulit?</strong></span> <span class='ocrx_word' id='word_1_281' title='bbox 1120 2462 1264 2517; x_wconf 80' lang='lat' dir='ltr'><strong>Num</strong></span> <span class='ocrx_word' id='word_1_282' title='bbox 1299 2461 1446 2516; x_wconf 89' lang='lat' dir='ltr'><strong>Deus</strong></span> <span class='ocrx_word' id='word_1_283' title='bbox 1485 2459 1653 2515; x_wconf 86' lang='lat' dir='ltr'><strong>alicui</strong></span> <span class='ocrx_word' id='word_1_284' title='bbox 1692 2459 1769 2514; x_wconf 89' lang='lat' dir='ltr'><strong>ita</strong></span> <span class='ocrx_word' id='word_1_285' title='bbox 1791 2458 2013 2513; x_wconf 90' lang='lat' dir='ltr'><strong>locutus</strong></span> 
     </span>
    </p>
   </div>
   <div class='ocr_carea' id='block_1_37' title="bbox 414 2551 2012 2630">
    <p class='ocr_par' dir='ltr' id='par_1_37' title="bbox 414 2551 2012 2630">
     <span class='ocr_line' id='line_1_37' title="bbox 414 2551 2012 2630; baseline -0.004 -18"><span class='ocrx_word' id='word_1_286' title='bbox 414 2568 501 2613; x_wconf 81' lang='lat' dir='ltr'><strong>est</strong></span> <span class='ocrx_word' id='word_1_287' title='bbox 534 2558 747 2630; x_wconf 75' lang='lat' dir='ltr'><strong>legibus</strong></span> <span class='ocrx_word' id='word_1_288' title='bbox 778 2565 835 2612; x_wconf 93' lang='lat' dir='ltr'><strong>et</strong></span> <span class='ocrx_word' id='word_1_289' title='bbox 874 2556 1023 2612; x_wconf 90' lang='lat' dir='ltr'><strong>tubis</strong></span> <span class='ocrx_word' id='word_1_290' title='bbox 1063 2554 1350 2628; x_wconf 81' lang='lat' dir='ltr'><strong>angelicis,</strong></span> <span class='ocrx_word' id='word_1_291' title='bbox 1395 2561 1455 2609; x_wconf 89' lang='lat' dir='ltr'><strong>et</strong></span> <span class='ocrx_word' id='word_1_292' title='bbox 1515 2553 1686 2607; x_wconf 85' lang='lat' dir='ltr'><strong>tantis</strong></span> <span class='ocrx_word' id='word_1_293' title='bbox 1721 2551 2012 2606; x_wconf 89' lang='lat' dir='ltr'><strong>miraculis</strong></span> 
     </span>
    </p>
   </div>
   <div class='ocr_carea' id='block_1_38' title="bbox 412 2642 2011 2721">
    <p class='ocr_par' dir='ltr' id='par_1_38' title="bbox 412 2642 2011 2721">
     <span class='ocr_line' id='line_1_38' title="bbox 412 2642 2011 2721; baseline -0.006 -15"><span class='ocrx_word' id='word_1_294' title='bbox 412 2651 593 2721; x_wconf 80' lang='lat' dir='ltr'><strong>legem</strong></span> <span class='ocrx_word' id='word_1_295' title='bbox 624 2649 787 2705; x_wconf 86' lang='lat' dir='ltr'><strong>vobis</strong></span> <span class='ocrx_word' id='word_1_296' title='bbox 811 2648 1014 2714; x_wconf 81' lang='lat' dir='ltr'><strong>ferens,</strong></span> <span class='ocrx_word' id='word_1_297' title='bbox 1048 2662 1251 2702; x_wconf 88' lang='lat' dir='ltr'><strong>manna</strong></span> <span class='ocrx_word' id='word_1_298' title='bbox 1278 2660 1494 2711; x_wconf 88' lang='lat' dir='ltr'><strong>rorans,</strong></span> <span class='ocrx_word' id='word_1_299' title='bbox 1529 2644 1834 2715; x_wconf 87' lang='lat' dir='ltr'><strong>prophetas</strong></span> <span class='ocrx_word' id='word_1_300' title='bbox 1863 2642 2011 2698; x_wconf 91' lang='lat' dir='ltr'><strong>inter</strong></span> 
     </span>
    </p>
   </div>
   <div class='ocr_carea' id='block_1_39' title="bbox 414 2736 2010 2814">
    <p class='ocr_par' dir='ltr' id='par_1_39' title="bbox 414 2736 2010 2814">
     <span class='ocr_line' id='line_1_39' title="bbox 414 2736 2010 2814; baseline -0.002 -21"><span class='ocrx_word' id='word_1_301' title='bbox 414 2760 516 2799; x_wconf 83' lang='lat' dir='ltr'><strong>vos</strong></span> <span class='ocrx_word' id='word_1_302' title='bbox 544 2743 788 2806; x_wconf 88' lang='lat' dir='ltr'><strong>mittens,</strong></span> <span class='ocrx_word' id='word_1_303' title='bbox 801 2749 994 2814; x_wconf 84' lang='lat' dir='ltr'><strong>gentes</strong></span> <span class='ocrx_word' id='word_1_304' title='bbox 1009 2741 1328 2813; x_wconf 85' lang='lat' dir='ltr'><strong>subjugans,</strong></span> <span class='ocrx_word' id='word_1_305' title='bbox 1343 2737 1683 2809; x_wconf 79' lang='lat' dir='ltr'><strong>alienigenas</strong></span> <span class='ocrx_word' id='word_1_306' title='bbox 1695 2736 2010 2802; x_wconf 69' lang='lat' dir='ltr'><strong>destruens,</strong></span> 
     </span>
    </p>
   </div>
   <div class='ocr_carea' id='block_1_40' title="bbox 415 2826 2007 2902">
    <p class='ocr_par' dir='ltr' id='par_1_40' title="bbox 415 2826 2007 2902">
     <span class='ocr_line' id='line_1_40' title="bbox 415 2826 2007 2902; baseline -0.004 -16"><span class='ocrx_word' id='word_1_307' title='bbox 415 2831 635 2886; x_wconf 85' lang='lat' dir='ltr'><strong>tabulas</strong></span> <span class='ocrx_word' id='word_1_308' title='bbox 650 2831 921 2902; x_wconf 61' lang='lat' dir='ltr'><strong>praebens,</strong></span> <span class='ocrx_word' id='word_1_309' title='bbox 948 2829 1368 2885; x_wconf 82' lang='lat' dir='ltr'><strong>tabernaculum</strong></span> <span class='ocrx_word' id='word_1_310' title='bbox 1394 2836 1638 2884; x_wconf 90' lang='lat' dir='ltr'><strong>vestrum</strong></span> <span class='ocrx_word' id='word_1_311' title='bbox 1662 2826 2007 2893; x_wconf 88' lang='lat' dir='ltr'><strong>describens,</strong></span> 
     </span>
    </p>
   </div>
   <div class='ocr_carea' id='block_1_41' title="bbox 415 2921 2011 2993">
    <p class='ocr_par' dir='ltr' id='par_1_41' title="bbox 415 2921 2011 2993">
     <span class='ocr_line' id='line_1_41' title="bbox 415 2921 2011 2993; baseline -0.003 -14"><span class='ocrx_word' id='word_1_312' title='bbox 415 2924 642 2993; x_wconf 76' lang='lat' dir='ltr'><strong>Moysen</strong></span> <span class='ocrx_word' id='word_1_313' title='bbox 671 2940 775 2980; x_wconf 89' lang='lat' dir='ltr'><strong>ceu</strong></span> <span class='ocrx_word' id='word_1_314' title='bbox 803 2924 1038 2979; x_wconf 84' lang='lat' dir='ltr'><strong>alterum</strong></span> <span class='ocrx_word' id='word_1_315' title='bbox 1071 2923 1266 2988; x_wconf 88' lang='lat' dir='ltr'><strong>Deum,</strong></span> <span class='ocrx_word' id='word_1_316' title='bbox 1305 2929 1368 2977; x_wconf 86' lang='lat' dir='ltr'><strong>ut</strong></span> <span class='ocrx_word' id='word_1_317' title='bbox 1406 2936 1538 2976; x_wconf 90' lang='lat' dir='ltr'><strong>suas</strong></span> <span class='ocrx_word' id='word_1_318' title='bbox 1560 2921 1709 2975; x_wconf 84' lang='lat' dir='ltr'><strong>vices</strong></span> <span class='ocrx_word' id='word_1_319' title='bbox 1736 2926 1881 2991; x_wconf 87' lang='lat' dir='ltr'><strong>agat,</strong></span> <span class='ocrx_word' id='word_1_320' title='bbox 1914 2935 2011 2974; x_wconf 89' lang='lat' dir='ltr'><strong>vo-</strong></span> 
     </span>
    </p>
   </div>
   <div class='ocr_carea' id='block_1_42' title="bbox 417 3012 2007 3088">
    <p class='ocr_par' dir='ltr' id='par_1_42' title="bbox 417 3012 2007 3088">
     <span class='ocr_line' id='line_1_42' title="bbox 417 3012 2007 3088; baseline -0.005 -14"><span class='ocrx_word' id='word_1_321' title='bbox 417 3018 506 3075; x_wconf 85' lang='lat' dir='ltr'><strong>bis</strong></span> <span class='ocrx_word' id='word_1_322' title='bbox 535 3017 881 3088; x_wconf 63' lang='lat' dir='ltr'><strong>prmﬁciens?</strong></span> <span class='ocrx_word' id='word_1_323' title='bbox 914 3016 960 3073; x_wconf 88' lang='lat'><strong>0</strong></span> <span class='ocrx_word' id='word_1_324' title='bbox 987 3016 1158 3072; x_wconf 89' lang='lat' dir='ltr'><strong>vestri</strong></span> <span class='ocrx_word' id='word_1_325' title='bbox 1181 3014 1369 3085; x_wconf 84' lang='lat' dir='ltr'><strong>popuii</strong></span> <span class='ocrx_word' id='word_1_326' title='bbox 1393 3013 1718 3069; x_wconf 64' lang='lat' dir='ltr'><strong>caicitatem!</strong></span> <span class='ocrx_word' id='word_1_327' title='bbox 1753 3029 1787 3068; x_wconf 96' lang='lat' dir='ltr'><strong>o</strong></span> <span class='ocrx_word' id='word_1_328' title='bbox 1809 3012 2007 3067; x_wconf 89' lang='lat' dir='ltr'><strong>malam</strong></span> 
     </span>
    </p>
   </div>
   <div class='ocr_carea' id='block_1_43' title="bbox 417 3082 2079 3180">
    <p class='ocr_par' dir='ltr' id='par_1_43' title="bbox 417 3082 2079 3180">
     <span class='ocr_line' id='line_1_43' title="bbox 417 3082 2079 3180; baseline -0.003 -16"><span class='ocrx_word' id='word_1_329' title='bbox 417 3107 800 3166; x_wconf 82' lang='lat' dir='ltr'><strong>voluntatem!</strong></span> <span class='ocrx_word' id='word_1_330' title='bbox 849 3123 884 3164; x_wconf 93' lang='grc' dir='ltr'><strong>ο</strong></span> <span class='ocrx_word' id='word_1_331' title='bbox 929 3107 1209 3180; x_wconf 82' lang='lat' dir='ltr'><strong>ingratum</strong></span> <span class='ocrx_word' id='word_1_332' title='bbox 1251 3104 1499 3161; x_wconf 88' lang='lat' dir='ltr'><strong>animum</strong></span> <span class='ocrx_word' id='word_1_333' title='bbox 1554 3114 1612 3160; x_wconf 92' lang='lat' dir='ltr'><strong>et</strong></span> <span class='ocrx_word' id='word_1_334' title='bbox 1636 3103 2008 3159; x_wconf 82' lang='lat' dir='ltr'><strong>voluntariam</strong></span> <span class='ocrx_word' id='word_1_335' title='bbox 2035 3082 2079 3145; x_wconf 60' lang='grc' dir='ltr'><strong>(ἶ</strong></span> 
     </span>
    </p>
   </div>
   <div class='ocr_carea' id='block_1_44' title="bbox 420 3196 2003 3272">
    <p class='ocr_par' dir='ltr' id='par_1_44' title="bbox 420 3196 2003 3272">
     <span class='ocr_line' id='line_1_44' title="bbox 420 3196 2003 3272; baseline -0.006 -13"><span class='ocrx_word' id='word_1_336' title='bbox 420 3202 858 3259; x_wconf 83' lang='lat' dir='ltr'><strong>obscuritatem!</strong></span> <span class='ocrx_word' id='word_1_337' title='bbox 900 3217 1069 3272; x_wconf 88' lang='lat' dir='ltr'><strong>supra</strong></span> <span class='ocrx_word' id='word_1_338' title='bbox 1096 3200 1154 3256; x_wconf 90' lang='lat' dir='ltr'><strong>in</strong></span> <span class='ocrx_word' id='word_1_339' title='bbox 1185 3205 1376 3255; x_wconf 90' lang='lat' dir='ltr'><strong>monte</strong></span> <span class='ocrx_word' id='word_1_340' title='bbox 1413 3197 1627 3269; x_wconf 84' lang='lat' dir='ltr'><strong>Moyses</strong></span> <span class='ocrx_word' id='word_1_341' title='bbox 1666 3197 1823 3253; x_wconf 85' lang='lat' dir='ltr'><strong>vobis</strong></span> <span class='ocrx_word' id='word_1_342' title='bbox 1862 3196 2003 3268; x_wconf 89' lang='lat' dir='ltr'><strong>peri-</strong></span> 
     </span>
    </p>
   </div>
   <div class='ocr_carea' id='block_1_45' title="bbox 421 3288 2013 3361">
    <p class='ocr_par' dir='ltr' id='par_1_45' title="bbox 421 3288 2013 3361">
     <span class='ocr_line' id='line_1_45' title="bbox 421 3288 2013 3361; baseline -0.004 -11"><span class='ocrx_word' id='word_1_343' title='bbox 421 3294 745 3360; x_wconf 88' lang='lat' dir='ltr'><strong>clitabatur,</strong></span> <span class='ocrx_word' id='word_1_344' title='bbox 780 3309 880 3349; x_wconf 88' lang='lat' dir='ltr'><strong>vos</strong></span> <span class='ocrx_word' id='word_1_345' title='bbox 908 3293 1052 3348; x_wconf 83' lang='lat' dir='ltr'><strong>infra</strong></span> <span class='ocrx_word' id='word_1_346' title='bbox 1078 3291 1318 3347; x_wconf 86' lang='lat' dir='ltr'><strong>vitulum</strong></span> <span class='ocrx_word' id='word_1_347' title='bbox 1344 3288 1671 3361; x_wconf 79' lang='lat' dir='ltr'><strong>ﬁngebatis;</strong></span> <span class='ocrx_word' id='word_1_348' title='bbox 1715 3304 1883 3358; x_wconf 91' lang='lat' dir='ltr'><strong>supra</strong></span> <span class='ocrx_word' id='word_1_349' title='bbox 1921 3288 2013 3343; x_wconf 86' lang='lat' dir='ltr'><strong>ille</strong></span> 
     </span>
    </p>
   </div>
   <div class='ocr_carea' id='block_1_46' title="bbox 421 3379 2009 3458">
    <p class='ocr_par' dir='ltr' id='par_1_46' title="bbox 421 3379 2009 3458">
     <span class='ocr_line' id='line_1_46' title="bbox 421 3379 2009 3458; baseline -0.006 -15"><span class='ocrx_word' id='word_1_350' title='bbox 421 3388 597 3443; x_wconf 82' lang='lat' dir='ltr'><strong>Deum</strong></span> <span class='ocrx_word' id='word_1_351' title='bbox 627 3387 874 3458; x_wconf 82' lang='lat' dir='ltr'><strong>rogabat,</strong></span> <span class='ocrx_word' id='word_1_352' title='bbox 923 3395 981 3440; x_wconf 88' lang='lat' dir='ltr'><strong>et</strong></span> <span class='ocrx_word' id='word_1_353' title='bbox 1018 3384 1161 3440; x_wconf 81' lang='lat' dir='ltr'><strong>infra</strong></span> <span class='ocrx_word' id='word_1_354' title='bbox 1193 3383 1367 3439; x_wconf 88' lang='lat' dir='ltr'><strong>Deum</strong></span> <span class='ocrx_word' id='word_1_355' title='bbox 1397 3389 1451 3436; x_wconf 90' lang='lat' dir='ltr'><strong>tu</strong></span> <span class='ocrx_word' id='word_1_356' title='bbox 1484 3381 1686 3435; x_wconf 89' lang='lat' dir='ltr'><strong>iratum</strong></span> <span class='ocrx_word' id='word_1_357' title='bbox 1718 3379 2009 3447; x_wconf 83' lang='lat' dir='ltr'><strong>reddebas,</strong></span> 
     </span>
    </p>
   </div>
   <div class='ocr_carea' id='block_1_47' title="bbox 421 3473 2016 3543">
    <p class='ocr_par' dir='ltr' id='par_1_47' title="bbox 421 3473 2016 3543">
     <span class='ocr_line' id='line_1_47' title="bbox 421 3473 2016 3543; baseline -0.006 -8"><span class='ocrx_word' id='word_1_358' title='bbox 421 3490 480 3535; x_wconf 86' lang='lat' dir='ltr'><strong>et</strong></span> <span class='ocrx_word' id='word_1_359' title='bbox 502 3480 739 3535; x_wconf 86' lang='lat' dir='ltr'><strong>vitulum</strong></span> <span class='ocrx_word' id='word_1_360' title='bbox 774 3477 1073 3543; x_wconf 89' lang='lat' dir='ltr'><strong>adorabas;</strong></span> <span class='ocrx_word' id='word_1_361' title='bbox 1102 3491 1302 3531; x_wconf 83' lang='lat' dir='ltr'><strong>manna</strong></span> <span class='ocrx_word' id='word_1_362' title='bbox 1335 3473 1686 3537; x_wconf 89' lang='lat' dir='ltr'><strong>comedebas,</strong></span> <span class='ocrx_word' id='word_1_363' title='bbox 1713 3483 1770 3528; x_wconf 88' lang='lat' dir='ltr'><strong>et</strong></span> <span class='ocrx_word' id='word_1_364' title='bbox 1792 3473 1906 3528; x_wconf 90' lang='lat' dir='ltr'><strong>Deo</strong></span> <span class='ocrx_word' id='word_1_365' title='bbox 1931 3473 2016 3527; x_wconf 85' lang='lat' dir='ltr'><strong>in-</strong></span> 
     </span>
    </p>
   </div>
   <div class='ocr_carea' id='block_1_48' title="bbox 424 3566 2014 3629">
    <p class='ocr_par' dir='ltr' id='par_1_48' title="bbox 424 3566 2014 3629">
     <span class='ocr_line' id='line_1_48' title="bbox 424 3566 2014 3629; baseline -0.006 0"><span class='ocrx_word' id='word_1_366' title='bbox 424 3575 694 3629; x_wconf 77' lang='lat' dir='ltr'><strong>sultahas.</strong></span> <span class='ocrx_word' id='word_1_367' title='bbox 724 3572 870 3627; x_wconf 76' lang='lat' dir='ltr'><strong>Dixit</strong></span> <span class='ocrx_word' id='word_1_368' title='bbox 898 3571 1048 3627; x_wconf 91' lang='lat' dir='ltr'><strong>enim</strong></span> <span class='ocrx_word' id='word_1_369' title='bbox 1074 3569 1287 3625; x_wconf 90' lang='lat' dir='ltr'><strong>David:</strong></span> <span class='ocrx_word' id='word_1_370' title='bbox 1330 3587 1348 3621; x_wconf 82' lang='grc' dir='ltr'><strong>ι</strong></span> <span class='ocrx_word' id='word_1_371' title='bbox 1377 3567 1577 3623; x_wconf 84' lang='lat' dir='ltr'><strong>Adhuc</strong></span> <span class='ocrx_word' id='word_1_372' title='bbox 1600 3582 1742 3623; x_wconf 71' lang='lat' dir='ltr'><strong>esca:</strong></span> <span class='ocrx_word' id='word_1_373' title='bbox 1770 3575 1931 3622; x_wconf 85' lang='lat' dir='ltr'><strong>erant</strong></span> <span class='ocrx_word' id='word_1_374' title='bbox 1957 3566 2014 3621; x_wconf 90' lang='lat' dir='ltr'><strong>in</strong></span> 
     </span>
    </p>
   </div>
   <div class='ocr_carea' id='block_1_49' title="bbox 424 3660 2017 3732">
    <p class='ocr_par' dir='ltr' id='par_1_49' title="bbox 424 3660 2017 3732">
     <span class='ocr_line' id='line_1_49' title="bbox 424 3660 2017 3732; baseline -0.001 -17"><span class='ocrx_word' id='word_1_375' title='bbox 424 3682 523 3721; x_wconf 89' lang='lat' dir='ltr'><strong>ore</strong></span> <span class='ocrx_word' id='word_1_376' title='bbox 552 3680 771 3729; x_wconf 90' lang='lat' dir='ltr'><strong>eorum,</strong></span> <span class='ocrx_word' id='word_1_377' title='bbox 810 3674 868 3719; x_wconf 91' lang='lat' dir='ltr'><strong>et</strong></span> <span class='ocrx_word' id='word_1_378' title='bbox 906 3663 986 3717; x_wconf 90' lang='lat' dir='ltr'><strong>ira</strong></span> <span class='ocrx_word' id='word_1_379' title='bbox 1017 3662 1116 3718; x_wconf 90' lang='lat' dir='ltr'><strong>Dei</strong></span> <span class='ocrx_word' id='word_1_380' title='bbox 1162 3660 1414 3718; x_wconf 88' lang='lat' dir='ltr'><strong>ascendit</strong></span> <span class='ocrx_word' id='word_1_381' title='bbox 1457 3676 1627 3732; x_wconf 90' lang='lat' dir='ltr'><strong>super</strong></span> <span class='ocrx_word' id='word_1_382' title='bbox 1664 3661 1852 3716; x_wconf 81' lang='lat' dir='ltr'><strong>eos&quot;.</strong></span> <span class='ocrx_word' id='word_1_383' title='bbox 1886 3678 1905 3710; x_wconf 69' lang='grc' dir='ltr'><strong>ι</strong></span> <span class='ocrx_word' id='word_1_384' title='bbox 1951 3660 2017 3714; x_wconf 76' lang='lat' dir='ltr'><strong>Et</strong></span> 
     </span>
    </p>
   </div>
   <div class='ocr_carea' id='block_1_50' title="bbox 424 3752 2017 3825">
    <p class='ocr_par' dir='ltr' id='par_1_50' title="bbox 424 3752 2017 3825">
     <span class='ocr_line' id='line_1_50' title="bbox 424 3752 2017 3825; baseline -0.002 -15"><span class='ocrx_word' id='word_1_385' title='bbox 424 3757 494 3811; x_wconf 90' lang='lat' dir='ltr'><strong>de</strong></span> <span class='ocrx_word' id='word_1_386' title='bbox 525 3755 1022 3812; x_wconf 89' lang='lat' dir='ltr'><strong>nubisChristianis</strong></span> <span class='ocrx_word' id='word_1_387' title='bbox 1042 3754 1173 3825; x_wconf 88' lang='lat' dir='ltr'><strong>quid</strong></span> <span class='ocrx_word' id='word_1_388' title='bbox 1197 3754 1387 3809; x_wconf 88' lang='lat' dir='ltr'><strong>dicere</strong></span> <span class='ocrx_word' id='word_1_389' title='bbox 1405 3752 1660 3825; x_wconf 88' lang='lat' dir='ltr'><strong>potestis,</strong></span> <span class='ocrx_word' id='word_1_390' title='bbox 1694 3767 1799 3807; x_wconf 90' lang='lat' dir='ltr'><strong>nos</strong></span> <span class='ocrx_word' id='word_1_391' title='bbox 1816 3767 2017 3822; x_wconf 78' lang='lat' dir='ltr'><strong>nempe</strong></span> 
     </span>
    </p>
   </div>
   <div class='ocr_carea' id='block_1_51' title="bbox 425 3844 2019 3918">
    <p class='ocr_par' dir='ltr' id='par_1_51' title="bbox 425 3844 2019 3918">
     <span class='ocr_line' id='line_1_51' title="bbox 425 3844 2019 3918; baseline -0.003 -15"><span class='ocrx_word' id='word_1_392' title='bbox 425 3848 627 3903; x_wconf 83' lang='lat' dir='ltr'><strong>Filium</strong></span> <span class='ocrx_word' id='word_1_393' title='bbox 662 3848 760 3904; x_wconf 91' lang='lat' dir='ltr'><strong>Dei</strong></span> <span class='ocrx_word' id='word_1_394' title='bbox 783 3848 1057 3905; x_wconf 88' lang='lat' dir='ltr'><strong>adorare?</strong></span> <span class='ocrx_word' id='word_1_395' title='bbox 1086 3846 1196 3903; x_wconf 90' lang='lat' dir='ltr'><strong>Sed</strong></span> <span class='ocrx_word' id='word_1_396' title='bbox 1225 3846 1557 3918; x_wconf 90' lang='lat' dir='ltr'><strong>respondete</strong></span> <span class='ocrx_word' id='word_1_397' title='bbox 1586 3863 1599 3900; x_wconf 93' lang='lat'><strong>:</strong></span> <span class='ocrx_word' id='word_1_398' title='bbox 1626 3844 1738 3902; x_wconf 89' lang='lat' dir='ltr'><strong>Cur</strong></span> <span class='ocrx_word' id='word_1_399' title='bbox 1786 3860 1886 3900; x_wconf 85' lang='lat' dir='ltr'><strong>vos</strong></span> <span class='ocrx_word' id='word_1_400' title='bbox 1923 3860 2019 3899; x_wconf 86' lang='lat' dir='ltr'><strong>ve-</strong></span> 
     </span>
    </p>
   </div>
   <div class='ocr_carea' id='block_1_52' title="bbox 425 3938 2021 4011">
    <p class='ocr_par' dir='ltr' id='par_1_52' title="bbox 425 3938 2021 4011">
     <span class='ocr_line' id='line_1_52' title="bbox 425 3938 2021 4011; baseline -0.003 -13"><span class='ocrx_word' id='word_1_401' title='bbox 425 3952 571 3998; x_wconf 89' lang='lat' dir='ltr'><strong>stros</strong></span> <span class='ocrx_word' id='word_1_402' title='bbox 584 3940 790 3998; x_wconf 82' lang='lat' dir='ltr'><strong>ﬁlioset</strong></span> <span class='ocrx_word' id='word_1_403' title='bbox 800 3941 1028 4007; x_wconf 85' lang='lat' dir='ltr'><strong>ﬁlias,ut</strong></span> <span class='ocrx_word' id='word_1_404' title='bbox 1045 3941 1286 4011; x_wconf 82' lang='lat' dir='ltr'><strong>loquitur</strong></span> <span class='ocrx_word' id='word_1_405' title='bbox 1298 3940 1467 3996; x_wconf 83' lang='lat' dir='ltr'><strong>David</strong></span> <span class='ocrx_word' id='word_1_406' title='bbox 1481 3983 1495 4008; x_wconf 87' lang='lat'><strong>,</strong></span> <span class='ocrx_word' id='word_1_407' title='bbox 1516 3938 1899 3995; x_wconf 88' lang='lat' dir='ltr'><strong>immolavistis</strong></span> <span class='ocrx_word' id='word_1_408' title='bbox 1915 3938 2021 3994; x_wconf 63' lang='lat' dir='ltr'><strong>daa-</strong></span> 
     </span>
    </p>
   </div>
   <div class='ocr_carea' id='block_1_53' title="bbox 427 4030 2019 4105">
    <p class='ocr_par' dir='ltr' id='par_1_53' title="bbox 427 4030 2019 4105">
     <span class='ocr_line' id='line_1_53' title="bbox 427 4030 2019 4105; baseline -0.003 -16"><span class='ocrx_word' id='word_1_409' title='bbox 427 4034 633 4089; x_wconf 83' lang='lat' dir='ltr'><strong>moniis</strong></span> <span class='ocrx_word' id='word_1_410' title='bbox 653 4034 1001 4105; x_wconf 78' lang='lat' dir='ltr'><strong>Belphegor?</strong></span> <span class='ocrx_word' id='word_1_411' title='bbox 1024 4033 1202 4104; x_wconf 80' lang='lat' dir='ltr'><strong>quid?</strong></span> <span class='ocrx_word' id='word_1_412' title='bbox 1225 4048 1322 4088; x_wconf 85' lang='lat' dir='ltr'><strong>vos</strong></span> <span class='ocrx_word' id='word_1_413' title='bbox 1346 4048 1567 4104; x_wconf 82' lang='lat' dir='ltr'><strong>semper</strong></span> <span class='ocrx_word' id='word_1_414' title='bbox 1588 4031 1751 4087; x_wconf 82' lang='lat' dir='ltr'><strong>ﬁdem</strong></span> <span class='ocrx_word' id='word_1_415' title='bbox 1776 4030 2019 4086; x_wconf 83' lang='lat' dir='ltr'><strong>habetis?</strong></span> 
     </span>
    </p>
   </div>
   <div class='ocr_carea' id='block_1_54' title="bbox 430 4120 2021 4198">
    <p class='ocr_par' dir='ltr' id='par_1_54' title="bbox 430 4120 2021 4198">
     <span class='ocr_line' id='line_1_54' title="bbox 430 4120 2021 4198; baseline -0.002 -16"><span class='ocrx_word' id='word_1_416' title='bbox 430 4120 605 4182; x_wconf 77' lang='lat' dir='ltr'><strong>absit!</strong></span> <span class='ocrx_word' id='word_1_417' title='bbox 629 4126 770 4184; x_wconf 81' lang='lat' dir='ltr'><strong>Audi</strong></span> <span class='ocrx_word' id='word_1_418' title='bbox 792 4126 1032 4198; x_wconf 66' lang='lat' dir='ltr'><strong>Moysen]</strong></span> <span class='ocrx_word' id='word_1_419' title='bbox 1058 4127 1335 4181; x_wconf 85' lang='lat' dir='ltr'><strong>dicentem</strong></span> <span class='ocrx_word' id='word_1_420' title='bbox 1359 4125 1427 4180; x_wconf 90' lang='lat' dir='ltr'><strong>ad</strong></span> <span class='ocrx_word' id='word_1_421' title='bbox 1450 4125 1714 4195; x_wconf 89' lang='lat' dir='ltr'><strong>populum</strong></span> <span class='ocrx_word' id='word_1_422' title='bbox 1758 4123 1837 4197; x_wconf 92' lang='lat' dir='ltr'><strong>(ct</strong></span> <span class='ocrx_word' id='word_1_423' title='bbox 1887 4132 2021 4179; x_wconf 88' lang='lat' dir='ltr'><strong>tunc</strong></span> 
     </span>
    </p>
   </div>
   <div class='ocr_carea' id='block_1_55' title="bbox 431 4218 2016 4293">
    <p class='ocr_par' dir='ltr' id='par_1_55' title="bbox 431 4218 2016 4293">
     <span class='ocr_line' id='line_1_55' title="bbox 431 4218 2016 4293; baseline -0.003 -17"><span class='ocrx_word' id='word_1_424' title='bbox 431 4221 659 4293; x_wconf 88' lang='lat' dir='ltr'><strong>quidem</strong></span> <span class='ocrx_word' id='word_1_425' title='bbox 686 4221 741 4275; x_wconf 92' lang='lat' dir='ltr'><strong>in</strong></span> <span class='ocrx_word' id='word_1_426' title='bbox 786 4219 961 4275; x_wconf 90' lang='lat' dir='ltr'><strong>Deum</strong></span> <span class='ocrx_word' id='word_1_427' title='bbox 1009 4221 1136 4290; x_wconf 89' lang='lat' dir='ltr'><strong>pius</strong></span> <span class='ocrx_word' id='word_1_428' title='bbox 1164 4227 1304 4287; x_wconf 89' lang='lat' dir='ltr'><strong>_erat</strong></span> <span class='ocrx_word' id='word_1_429' title='bbox 1332 4219 1693 4276; x_wconf 78' lang='lat' dir='ltr'><strong>Hebraeorum</strong></span> <span class='ocrx_word' id='word_1_430' title='bbox 1728 4218 2016 4289; x_wconf 86' lang='lat' dir='ltr'><strong>pepulus),</strong></span> 
     </span>
    </p>
   </div>
   <div class='ocr_carea' id='block_1_56' title="bbox 429 4309 2017 4383">
    <p class='ocr_par' dir='ltr' id='par_1_56' title="bbox 429 4309 2017 4383">
     <span class='ocr_line' id='line_1_56' title="bbox 429 4309 2017 4383; baseline -0.001 -16"><span class='ocrx_word' id='word_1_431' title='bbox 429 4312 560 4367; x_wconf 88' lang='lat' dir='ltr'><strong>audi</strong></span> <span class='ocrx_word' id='word_1_432' title='bbox 588 4311 724 4383; x_wconf 89' lang='lat' dir='ltr'><strong>quid</strong></span> <span class='ocrx_word' id='word_1_433' title='bbox 746 4310 897 4367; x_wconf 86' lang='lat' dir='ltr'><strong>dicat</strong></span> <span class='ocrx_word' id='word_1_434' title='bbox 915 4311 1158 4382; x_wconf 83' lang='lat' dir='ltr'><strong>Moyses:</strong></span> <span class='ocrx_word' id='word_1_435' title='bbox 1208 4330 1226 4362; x_wconf 87' lang='grc' dir='ltr'><strong>ι</strong></span> <span class='ocrx_word' id='word_1_436' title='bbox 1254 4309 1551 4366; x_wconf 89' lang='lat' dir='ltr'><strong>Generatio</strong></span> <span class='ocrx_word' id='word_1_437' title='bbox 1574 4326 1837 4380; x_wconf 85' lang='lat' dir='ltr'><strong>perversa</strong></span> <span class='ocrx_word' id='word_1_438' title='bbox 1866 4320 2017 4376; x_wconf 88' lang='lat' dir='ltr'><strong>sunt,</strong></span> 
     </span>
    </p>
   </div>
   <div class='ocr_carea' id='block_1_57' title="bbox 2121 1813 3738 1891">
    <p class='ocr_par' dir='ltr' id='par_1_57' title="bbox 2121 1813 3738 1891">
     <span class='ocr_line' id='line_1_57' title="bbox 2121 1813 3738 1891; baseline 0.006 -25"><span class='ocrx_word' id='word_1_439' title='bbox 2121 1813 2368 1867; x_wconf 78' lang='grc' dir='ltr'>τοσοῦτοι</span> <span class='ocrx_word' id='word_1_440' title='bbox 2398 1813 2475 1878; x_wconf 85' lang='grc' dir='ltr'><strong>ὡς</strong></span> <span class='ocrx_word' id='word_1_441' title='bbox 2522 1816 2682 1885; x_wconf 80' lang='grc' dir='ltr'>ὑμεῖς</span> <span class='ocrx_word' id='word_1_442' title='bbox 2726 1818 2794 1871; x_wconf 81' lang='grc' dir='ltr'>ὲν</span> <span class='ocrx_word' id='word_1_443' title='bbox 2857 1816 3165 1880; x_wconf 81' lang='grc' dir='ltr'>Βαϐυλῶνι,</span> <span class='ocrx_word' id='word_1_444' title='bbox 3201 1821 3348 1890; x_wconf 85' lang='grc' dir='ltr'>μήτε</span> <span class='ocrx_word' id='word_1_445' title='bbox 3398 1821 3738 1891; x_wconf 84' lang='grc' dir='ltr'>τυφθέντες,</span> 
     </span>
    </p>
   </div>
   <div class='ocr_carea' id='block_1_58' title="bbox 2123 1906 3738 1985">
    <p class='ocr_par' dir='ltr' id='par_1_58' title="bbox 2123 1906 3738 1985">
     <span class='ocr_line' id='line_1_58' title="bbox 2123 1906 3738 1985; baseline 0.008 -27"><span class='ocrx_word' id='word_1_446' title='bbox 2123 1906 2263 1976; x_wconf 83' lang='grc' dir='ltr'>μήτε</span> <span class='ocrx_word' id='word_1_447' title='bbox 2318 1906 2601 1977; x_wconf 83' lang='grc' dir='ltr'>δαρέντες,</span> <span class='ocrx_word' id='word_1_448' title='bbox 2655 1908 2775 1962; x_wconf 81' lang='grc' dir='ltr'>ἀλλ’</span> <span class='ocrx_word' id='word_1_449' title='bbox 2831 1910 2940 1964; x_wconf 85' lang='grc' dir='ltr'>ἀπὸ</span> <span class='ocrx_word' id='word_1_450' title='bbox 2986 1911 3147 1982; x_wconf 71' lang='grc' dir='ltr'>ψιλοῦ</span> <span class='ocrx_word' id='word_1_451' title='bbox 3194 1915 3464 1985; x_wconf 77' lang='grc' dir='ltr'>ῥήματος</span> <span class='ocrx_word' id='word_1_452' title='bbox 3534 1917 3738 1982; x_wconf 89' lang='grc' dir='ltr'>πάντες</span> 
     </span>
    </p>
   </div>
   <div class='ocr_carea' id='block_1_59' title="bbox 2116 2000 3734 2079">
    <p class='ocr_par' dir='ltr' id='par_1_59' title="bbox 2116 2000 3734 2079">
     <span class='ocr_line' id='line_1_59' title="bbox 2116 2000 3734 2079; baseline 0.008 -28"><span class='ocrx_word' id='word_1_453' title='bbox 2116 2000 2458 2071; x_wconf 78' lang='grc' dir='ltr'>ἠρνήσασθε,</span> <span class='ocrx_word' id='word_1_454' title='bbox 2503 2003 2601 2055; x_wconf 81' lang='grc' dir='ltr'><strong>καὶ</strong></span> <span class='ocrx_word' id='word_1_455' title='bbox 2640 2003 2826 2057; x_wconf 82' lang='grc' dir='ltr'>εἰκόνα</span> <span class='ocrx_word' id='word_1_456' title='bbox 2876 2007 3332 2078; x_wconf 75' lang='grc' dir='ltr'>προσεκυνήσατε</span> <span class='ocrx_word' id='word_1_457' title='bbox 3378 2009 3691 2079; x_wconf 74' lang='grc' dir='ltr'>ἀνθρώπου</span> <span class='ocrx_word' id='word_1_458' title='bbox 3720 2028 3734 2042; x_wconf 79' lang='lat'>&#39;</span> 
     </span>
    </p>
   </div>
   <div class='ocr_carea' id='block_1_60' title="bbox 2119 2091 3732 2171">
    <p class='ocr_par' dir='ltr' id='par_1_60' title="bbox 2119 2091 3732 2171">
     <span class='ocr_line' id='line_1_60' title="bbox 2119 2091 3732 2171; baseline 0.006 -27"><span class='ocrx_word' id='word_1_459' title='bbox 2119 2091 2217 2144; x_wconf 80' lang='grc' dir='ltr'>καὶ</span> <span class='ocrx_word' id='word_1_460' title='bbox 2246 2094 2296 2145; x_wconf 84' lang='grc' dir='ltr'><strong>εί</strong></span> <span class='ocrx_word' id='word_1_461' title='bbox 2323 2094 2398 2163; x_wconf 83' lang='grc' dir='ltr'>μὴ</span> <span class='ocrx_word' id='word_1_462' title='bbox 2433 2094 2483 2147; x_wconf 88' lang='grc' dir='ltr'><strong>οί</strong></span> <span class='ocrx_word' id='word_1_463' title='bbox 2511 2096 2668 2167; x_wconf 87' lang='grc' dir='ltr'>τρεῖς</span> <span class='ocrx_word' id='word_1_464' title='bbox 2704 2096 2897 2159; x_wconf 88' lang='grc' dir='ltr'>παῖδες</span> <span class='ocrx_word' id='word_1_465' title='bbox 2931 2099 3103 2152; x_wconf 79' lang='grc' dir='ltr'>πιστὰ</span> <span class='ocrx_word' id='word_1_466' title='bbox 3132 2099 3208 2169; x_wconf 82' lang='grc' dir='ltr'>τῷ</span> <span class='ocrx_word' id='word_1_467' title='bbox 3244 2100 3376 2171; x_wconf 87' lang='grc' dir='ltr'>Θεῷ</span> <span class='ocrx_word' id='word_1_468' title='bbox 3413 2101 3732 2170; x_wconf 76' lang='grc' dir='ltr'><strong>ἐφύλαξαν,</strong></span> 
     </span>
    </p>
   </div>
   <div class='ocr_carea' id='block_1_61' title="bbox 2120 2185 3735 2263">
    <p class='ocr_par' dir='ltr' id='par_1_61' title="bbox 2120 2185 3735 2263">
     <span class='ocr_line' id='line_1_61' title="bbox 2120 2185 3735 2263; baseline 0.007 -25"><span class='ocrx_word' id='word_1_469' title='bbox 2120 2185 2245 2248; x_wconf 82' lang='grc' dir='ltr'>ποῦ,</span> <span class='ocrx_word' id='word_1_470' title='bbox 2283 2185 2409 2238; x_wconf 74' lang='grc' dir='ltr'>εἰπέ</span> <span class='ocrx_word' id='word_1_471' title='bbox 2445 2203 2559 2255; x_wconf 91' lang='grc' dir='ltr'>μοι,</span> <span class='ocrx_word' id='word_1_472' title='bbox 2585 2188 2757 2241; x_wconf 82' lang='grc' dir='ltr'>πιστὰ</span> <span class='ocrx_word' id='word_1_473' title='bbox 2799 2189 3105 2259; x_wconf 78' lang='grc' dir='ltr'>ἐφυλάξατε</span> <span class='ocrx_word' id='word_1_474' title='bbox 3137 2190 3216 2262; x_wconf 78' lang='grc' dir='ltr'><strong>τῷ</strong></span> <span class='ocrx_word' id='word_1_475' title='bbox 3257 2191 3422 2263; x_wconf 87' lang='grc' dir='ltr'><strong>Θεῷ;</strong></span> <span class='ocrx_word' id='word_1_476' title='bbox 3456 2193 3642 2247; x_wconf 84' lang='grc' dir='ltr'>καίτοι</span> <span class='ocrx_word' id='word_1_477' title='bbox 3671 2212 3735 2262; x_wconf 90' lang='grc' dir='ltr'><strong>γε</strong></span> 
     </span>
    </p>
   </div>
   <div class='ocr_carea' id='block_1_62' title="bbox 2116 2276 3731 2358">
    <p class='ocr_par' dir='ltr' id='par_1_62' title="bbox 2116 2276 3731 2358">
     <span class='ocr_line' id='line_1_62' title="bbox 2116 2276 3731 2358; baseline 0.007 -28"><span class='ocrx_word' id='word_1_478' title='bbox 2116 2276 2356 2331; x_wconf 83' lang='grc' dir='ltr'>τοσαῦτα</span> <span class='ocrx_word' id='word_1_479' title='bbox 2385 2283 2591 2351; x_wconf 85' lang='grc' dir='ltr'>σημεῖα</span> <span class='ocrx_word' id='word_1_480' title='bbox 2618 2281 3004 2353; x_wconf 79' lang='grc' dir='ltr'>θεωρήσαντες</span> <span class='ocrx_word' id='word_1_481' title='bbox 3025 2285 3084 2336; x_wconf 83' lang='grc' dir='ltr'><strong>ὲν</strong></span> <span class='ocrx_word' id='word_1_482' title='bbox 3110 2285 3277 2338; x_wconf 79' lang='grc' dir='ltr'>παντὶ</span> <span class='ocrx_word' id='word_1_483' title='bbox 3303 2286 3471 2358; x_wconf 85' lang='grc' dir='ltr'>τόπῳ</span> <span class='ocrx_word' id='word_1_484' title='bbox 3492 2330 3507 2349; x_wconf 94' lang='grc'><strong>,</strong></span> <span class='ocrx_word' id='word_1_485' title='bbox 3543 2289 3604 2340; x_wconf 87' lang='grc' dir='ltr'><strong>ἐν</strong></span> <span class='ocrx_word' id='word_1_486' title='bbox 3634 2290 3731 2341; x_wconf 77' lang='grc' dir='ltr'><strong>Αί-</strong></span> 
     </span>
    </p>
   </div>
   <div class='ocr_carea' id='block_1_63' title="bbox 2114 2367 3728 2449">
    <p class='ocr_par' dir='ltr' id='par_1_63' title="bbox 2114 2367 3728 2449">
     <span class='ocr_line' id='line_1_63' title="bbox 2114 2367 3728 2449; baseline 0.004 -28"><span class='ocrx_word' id='word_1_487' title='bbox 2114 2367 2310 2441; x_wconf 86' lang='grc' dir='ltr'>γύπτῳ</span> <span class='ocrx_word' id='word_1_488' title='bbox 2337 2370 2444 2424; x_wconf 86' lang='grc' dir='ltr'><strong>ὑπὸ</strong></span> <span class='ocrx_word' id='word_1_489' title='bbox 2468 2371 2770 2437; x_wconf 83' lang='grc' dir='ltr'>Μωῦσέως,</span> <span class='ocrx_word' id='word_1_490' title='bbox 2797 2373 2857 2426; x_wconf 82' lang='grc' dir='ltr'>ὲν</span> <span class='ocrx_word' id='word_1_491' title='bbox 2878 2376 2947 2445; x_wconf 77' lang='grc' dir='ltr'>τῇ</span> <span class='ocrx_word' id='word_1_492' title='bbox 2985 2373 3230 2447; x_wconf 80' lang='grc' dir='ltr'>Ἐρυθρᾷ</span> <span class='ocrx_word' id='word_1_493' title='bbox 3253 2375 3543 2449; x_wconf 74' lang='grc' dir='ltr'>θαλάσσῃ,</span> <span class='ocrx_word' id='word_1_494' title='bbox 3580 2380 3640 2431; x_wconf 82' lang='grc' dir='ltr'>ἐν</span> <span class='ocrx_word' id='word_1_495' title='bbox 3666 2382 3728 2449; x_wconf 79' lang='grc' dir='ltr'>τῇ</span> 
     </span>
    </p>
   </div>
   <div class='ocr_carea' id='block_1_64' title="bbox 2113 2461 3728 2540">
    <p class='ocr_par' dir='ltr' id='par_1_64' title="bbox 2113 2461 3728 2540">
     <span class='ocr_line' id='line_1_64' title="bbox 2113 2461 3728 2540; baseline 0.006 -27"><span class='ocrx_word' id='word_1_496' title='bbox 2113 2461 2326 2532; x_wconf 83' lang='grc' dir='ltr'><strong>ἐρήμῳ,</strong></span> <span class='ocrx_word' id='word_1_497' title='bbox 2360 2463 2419 2515; x_wconf 84' lang='grc' dir='ltr'><strong>ὲν</strong></span> <span class='ocrx_word' id='word_1_498' title='bbox 2455 2462 2633 2535; x_wconf 86' lang='grc' dir='ltr'>στύλῳ</span> <span class='ocrx_word' id='word_1_499' title='bbox 2688 2464 2885 2536; x_wconf 89' lang='grc' dir='ltr'>πυρὸς,</span> <span class='ocrx_word' id='word_1_500' title='bbox 2914 2466 2973 2519; x_wconf 81' lang='grc' dir='ltr'>ὲν</span> <span class='ocrx_word' id='word_1_501' title='bbox 3032 2467 3233 2539; x_wconf 80' lang='grc' dir='ltr'>νεφέλῃ</span> <span class='ocrx_word' id='word_1_502' title='bbox 3288 2468 3506 2538; x_wconf 83' lang='grc' dir='ltr'>φωτὸς,</span> <span class='ocrx_word' id='word_1_503' title='bbox 3545 2472 3607 2523; x_wconf 85' lang='grc' dir='ltr'><strong>ὲν</strong></span> <span class='ocrx_word' id='word_1_504' title='bbox 3650 2471 3728 2540; x_wconf 83' lang='grc' dir='ltr'><strong>τῷ</strong></span> 
     </span>
    </p>
   </div>
   <div class='ocr_carea' id='block_1_65' title="bbox 2113 2556 3726 2634">
    <p class='ocr_par' dir='ltr' id='par_1_65' title="bbox 2113 2556 3726 2634">
     <span class='ocr_line' id='line_1_65' title="bbox 2113 2556 3726 2634; baseline 0.004 -25"><span class='ocrx_word' id='word_1_505' title='bbox 2113 2556 2231 2627; x_wconf 77' lang='grc' dir='ltr'>δρει</span> <span class='ocrx_word' id='word_1_506' title='bbox 2270 2557 2437 2610; x_wconf 76' lang='grc' dir='ltr'>Σινᾶο</span> <span class='ocrx_word' id='word_1_507' title='bbox 2477 2557 2607 2611; x_wconf 72' lang='grc' dir='ltr'>πότε</span> <span class='ocrx_word' id='word_1_508' title='bbox 2635 2559 2664 2612; x_wconf 88' lang='lat'><strong>6</strong></span> <span class='ocrx_word' id='word_1_509' title='bbox 2694 2557 2828 2621; x_wconf 83' lang='grc' dir='ltr'>Θεὸς</span> <span class='ocrx_word' id='word_1_510' title='bbox 2885 2559 3116 2613; x_wconf 79' lang='grc' dir='ltr'>τοιαῦτα</span> <span class='ocrx_word' id='word_1_511' title='bbox 3159 2560 3353 2628; x_wconf 83' lang='grc' dir='ltr'>ἀγαθά</span> <span class='ocrx_word' id='word_1_512' title='bbox 3389 2579 3505 2615; x_wconf 88' lang='grc' dir='ltr'>τινι</span> <span class='ocrx_word' id='word_1_513' title='bbox 3539 2563 3726 2634; x_wconf 77' lang='grc' dir='ltr'>ἐποίη-</span> 
     </span>
    </p>
   </div>
   <div class='ocr_carea' id='block_1_66' title="bbox 2118 2649 3721 2721">
    <p class='ocr_par' dir='ltr' id='par_1_66' title="bbox 2118 2649 3721 2721">
     <span class='ocr_line' id='line_1_66' title="bbox 2118 2649 3721 2721; baseline 0.003 -19"><span class='ocrx_word' id='word_1_514' title='bbox 2118 2665 2211 2703; x_wconf 88' lang='grc' dir='ltr'><strong>σεν</strong></span> <span class='ocrx_word' id='word_1_515' title='bbox 2246 2663 2260 2714; x_wconf 86' lang='grc'>;</span> <span class='ocrx_word' id='word_1_516' title='bbox 2296 2649 2430 2702; x_wconf 85' lang='grc' dir='ltr'>πότε</span> <span class='ocrx_word' id='word_1_517' title='bbox 2466 2649 2495 2701; x_wconf 89' lang='lat'><strong>6</strong></span> <span class='ocrx_word' id='word_1_518' title='bbox 2544 2649 2680 2713; x_wconf 82' lang='grc' dir='ltr'>Θεός</span> <span class='ocrx_word' id='word_1_519' title='bbox 2724 2667 2833 2703; x_wconf 85' lang='grc' dir='ltr'>τινι</span> <span class='ocrx_word' id='word_1_520' title='bbox 2890 2651 3160 2721; x_wconf 77' lang='grc' dir='ltr'>ἐλάλησεν</span> <span class='ocrx_word' id='word_1_521' title='bbox 3194 2652 3380 2717; x_wconf 71' lang='grc' dir='ltr'>οὕτως</span> <span class='ocrx_word' id='word_1_522' title='bbox 3413 2652 3507 2707; x_wconf 80' lang='grc' dir='ltr'><strong>διὰ</strong></span> <span class='ocrx_word' id='word_1_523' title='bbox 3542 2654 3721 2721; x_wconf 86' lang='grc' dir='ltr'>νόμων</span> 
     </span>
    </p>
   </div>
   <div class='ocr_carea' id='block_1_67' title="bbox 2115 2740 3721 2819">
    <p class='ocr_par' dir='ltr' id='par_1_67' title="bbox 2115 2740 3721 2819">
     <span class='ocr_line' id='line_1_67' title="bbox 2115 2740 3721 2819; baseline 0.003 -25"><span class='ocrx_word' id='word_1_524' title='bbox 2115 2741 2209 2795; x_wconf 77' lang='grc' dir='ltr'>καὶ</span> <span class='ocrx_word' id='word_1_525' title='bbox 2273 2740 2593 2810; x_wconf 76' lang='grc' dir='ltr'>σαλπίγγων</span> <span class='ocrx_word' id='word_1_526' title='bbox 2631 2742 2978 2819; x_wconf 75' lang='grc' dir='ltr'>ἀγγελικῶν,</span> <span class='ocrx_word' id='word_1_527' title='bbox 3024 2744 3122 2796; x_wconf 80' lang='grc' dir='ltr'>καὶ</span> <span class='ocrx_word' id='word_1_528' title='bbox 3171 2744 3431 2815; x_wconf 76' lang='grc' dir='ltr'>σημείων</span> <span class='ocrx_word' id='word_1_529' title='bbox 3460 2746 3721 2799; x_wconf 83' lang='grc' dir='ltr'>τοιούτων</span> 
     </span>
    </p>
   </div>
   <div class='ocr_carea' id='block_1_68' title="bbox 2113 2831 3719 2909">
    <p class='ocr_par' dir='ltr' id='par_1_68' title="bbox 2113 2831 3719 2909">
     <span class='ocr_line' id='line_1_68' title="bbox 2113 2831 3719 2909; baseline 0.002 -22"><span class='ocrx_word' id='word_1_530' title='bbox 2113 2834 2279 2904; x_wconf 74' lang='grc' dir='ltr'>νὸμον</span> <span class='ocrx_word' id='word_1_531' title='bbox 2309 2831 2487 2897; x_wconf 84' lang='grc' dir='ltr'>δὼσας</span> <span class='ocrx_word' id='word_1_532' title='bbox 2512 2833 2663 2905; x_wconf 86' lang='grc' dir='ltr'>ὑμῖν,</span> <span class='ocrx_word' id='word_1_533' title='bbox 2703 2834 2880 2899; x_wconf 85' lang='grc' dir='ltr'>μάννα</span> <span class='ocrx_word' id='word_1_534' title='bbox 2919 2834 3141 2906; x_wconf 77' lang='grc' dir='ltr'><strong>βρέξας,</strong></span> <span class='ocrx_word' id='word_1_535' title='bbox 3174 2842 3478 2909; x_wconf 78' lang='grc' dir='ltr'>προφήτας</span> <span class='ocrx_word' id='word_1_536' title='bbox 3512 2841 3570 2892; x_wconf 79' lang='grc' dir='ltr'><strong>ὲν</strong></span> <span class='ocrx_word' id='word_1_537' title='bbox 3595 2841 3719 2907; x_wconf 84' lang='grc' dir='ltr'>ὑμῖν</span> 
     </span>
    </p>
   </div>
   <div class='ocr_carea' id='block_1_69' title="bbox 2113 2926 3718 3000">
    <p class='ocr_par' dir='ltr' id='par_1_69' title="bbox 2113 2926 3718 3000">
     <span class='ocr_line' id='line_1_69' title="bbox 2113 2926 3718 3000; baseline 0.004 -21"><span class='ocrx_word' id='word_1_538' title='bbox 2113 2927 2464 2989; x_wconf 86' lang='grc' dir='ltr'>ἀποστείλας,</span> <span class='ocrx_word' id='word_1_539' title='bbox 2497 2927 2566 2981; x_wconf 86' lang='grc' dir='ltr'>τὰ</span> <span class='ocrx_word' id='word_1_540' title='bbox 2618 2926 2748 2999; x_wconf 73' lang='grc' dir='ltr'>ἔθνη</span> <span class='ocrx_word' id='word_1_541' title='bbox 2799 2928 3095 2996; x_wconf 80' lang='grc' dir='ltr'>ὑποτάξας,</span> <span class='ocrx_word' id='word_1_542' title='bbox 3146 2931 3496 3000; x_wconf 74' lang='grc' dir='ltr'>ἀλλοφύλους</span> <span class='ocrx_word' id='word_1_543' title='bbox 3548 2932 3718 2998; x_wconf 72' lang='grc' dir='ltr'>ἐξολο-</span> 
     </span>
    </p>
   </div>
   <div class='ocr_carea' id='block_1_70' title="bbox 2116 3017 3716 3096">
    <p class='ocr_par' dir='ltr' id='par_1_70' title="bbox 2116 3017 3716 3096">
     <span class='ocr_line' id='line_1_70' title="bbox 2116 3017 3716 3096; baseline 0.001 -24"><span class='ocrx_word' id='word_1_544' title='bbox 2116 3017 2376 3091; x_wconf 87' lang='grc' dir='ltr'>θρεύσας,</span> <span class='ocrx_word' id='word_1_545' title='bbox 2404 3018 2504 3080; x_wconf 79' lang='grc' dir='ltr'>τὰς</span> <span class='ocrx_word' id='word_1_546' title='bbox 2555 3019 2772 3084; x_wconf 77' lang='grc' dir='ltr'>πλάκας</span> <span class='ocrx_word' id='word_1_547' title='bbox 2829 3020 3127 3087; x_wconf 81' lang='grc' dir='ltr'>ὲπιδώσας,</span> <span class='ocrx_word' id='word_1_548' title='bbox 3164 3022 3266 3093; x_wconf 83' lang='grc' dir='ltr'><strong>τὴν</strong></span> <span class='ocrx_word' id='word_1_549' title='bbox 3319 3026 3541 3096; x_wconf 84' lang='grc' dir='ltr'>σκηνὴν</span> <span class='ocrx_word' id='word_1_550' title='bbox 3570 3024 3716 3095; x_wconf 83' lang='grc' dir='ltr'>ὑμῶν</span> 
     </span>
    </p>
   </div>
   <div class='ocr_carea' id='block_1_71' title="bbox 2112 3110 3714 3185">
    <p class='ocr_par' dir='ltr' id='par_1_71' title="bbox 2112 3110 3714 3185">
     <span class='ocr_line' id='line_1_71' title="bbox 2112 3110 3714 3185; baseline 0.002 -21"><span class='ocrx_word' id='word_1_551' title='bbox 2112 3111 2275 3176; x_wconf 86' lang='grc' dir='ltr'>αὐτὸς</span> <span class='ocrx_word' id='word_1_552' title='bbox 2302 3110 2651 3177; x_wconf 81' lang='grc' dir='ltr'>διατυπώσας</span> <span class='ocrx_word' id='word_1_553' title='bbox 2675 3153 2690 3174; x_wconf 87' lang='grc'><strong>,</strong></span> <span class='ocrx_word' id='word_1_554' title='bbox 2714 3113 2956 3168; x_wconf 86' lang='grc' dir='ltr'>Μωῦσέα</span> <span class='ocrx_word' id='word_1_555' title='bbox 2987 3113 3243 3185; x_wconf 84' lang='grc' dir='ltr'>δεύτερον</span> <span class='ocrx_word' id='word_1_556' title='bbox 3289 3115 3419 3170; x_wconf 84' lang='grc' dir='ltr'>θεὸν</span> <span class='ocrx_word' id='word_1_557' title='bbox 3464 3132 3714 3170; x_wconf 75' lang='grc' dir='ltr'>τυποποι-</span> 
     </span>
    </p>
   </div>
   <div class='ocr_carea' id='block_1_72' title="bbox 2113 3203 3712 3278">
    <p class='ocr_par' dir='ltr' id='par_1_72' title="bbox 2113 3203 3712 3278">
     <span class='ocr_line' id='line_1_72' title="bbox 2113 3203 3712 3278; baseline 0.001 -20"><span class='ocrx_word' id='word_1_558' title='bbox 2113 3203 2280 3258; x_wconf 84' lang='grc' dir='ltr'>οὖντα</span> <span class='ocrx_word' id='word_1_559' title='bbox 2313 3204 2476 3257; x_wconf 86' lang='grc' dir='ltr'>αὑτὸν</span> <span class='ocrx_word' id='word_1_560' title='bbox 2503 3203 2642 3275; x_wconf 90' lang='grc' dir='ltr'>πρὸς</span> <span class='ocrx_word' id='word_1_561' title='bbox 2676 3205 2823 3275; x_wconf 80' lang='grc' dir='ltr'>ὑμᾶς</span> <span class='ocrx_word' id='word_1_562' title='bbox 2873 3207 3271 3278; x_wconf 73' lang='grc' dir='ltr'>καταστήσαςς</span> <span class='ocrx_word' id='word_1_563' title='bbox 3322 3209 3392 3260; x_wconf 87' lang='grc' dir='ltr'><strong>Ὢ</strong></span> <span class='ocrx_word' id='word_1_564' title='bbox 3445 3208 3549 3277; x_wconf 78' lang='grc' dir='ltr'>τῆς</span> <span class='ocrx_word' id='word_1_565' title='bbox 3596 3208 3712 3260; x_wconf 83' lang='grc' dir='ltr'>πολ-</span> 
     </span>
    </p>
   </div>
   <div class='ocr_carea' id='block_1_73' title="bbox 2115 3295 3712 3370">
    <p class='ocr_par' dir='ltr' id='par_1_73' title="bbox 2115 3295 3712 3370">
     <span class='ocr_line' id='line_1_73' title="bbox 2115 3295 3712 3370; baseline 0 -21"><span class='ocrx_word' id='word_1_566' title='bbox 2115 3295 2216 3367; x_wconf 83' lang='grc' dir='ltr'><strong>λῆς</strong></span> <span class='ocrx_word' id='word_1_567' title='bbox 2236 3296 2401 3367; x_wconf 77' lang='grc' dir='ltr'><strong>¹ὑμῶν</strong></span> <span class='ocrx_word' id='word_1_568' title='bbox 2435 3295 2751 3367; x_wconf 86' lang='grc' dir='ltr'>πωρώσεως</span> <span class='ocrx_word' id='word_1_569' title='bbox 2786 3298 2798 3349; x_wconf 91' lang='lat'><strong>!</strong></span> <span class='ocrx_word' id='word_1_570' title='bbox 2828 3295 2874 3350; x_wconf 84' lang='grc' dir='ltr'><strong>ὣ</strong></span> <span class='ocrx_word' id='word_1_571' title='bbox 2898 3297 3000 3366; x_wconf 81' lang='grc' dir='ltr'>τῆς</span> <span class='ocrx_word' id='word_1_572' title='bbox 3024 3300 3204 3365; x_wconf 78' lang='grc' dir='ltr'>κακῆς</span> <span class='ocrx_word' id='word_1_573' title='bbox 3231 3299 3476 3370; x_wconf 78' lang='grc' dir='ltr'>γνώμης</span> <span class='ocrx_word' id='word_1_574' title='bbox 3506 3301 3521 3353; x_wconf 79' lang='grc' dir='ltr'><strong>ι</strong></span> <span class='ocrx_word' id='word_1_575' title='bbox 3551 3298 3595 3352; x_wconf 86' lang='grc' dir='ltr'><strong>ὣ</strong></span> <span class='ocrx_word' id='word_1_576' title='bbox 3620 3300 3712 3366; x_wconf 80' lang='grc' dir='ltr'>τῆς</span> 
     </span>
    </p>
   </div>
   <div class='ocr_carea' id='block_1_74' title="bbox 2114 3386 3709 3459">
    <p class='ocr_par' dir='ltr' id='par_1_74' title="bbox 2114 3386 3709 3459">
     <span class='ocr_line' id='line_1_74' title="bbox 2114 3386 3709 3459; baseline 0 -18"><span class='ocrx_word' id='word_1_577' title='bbox 2114 3388 2416 3458; x_wconf 76' lang='grc' dir='ltr'>ἀχαρίστου</span> <span class='ocrx_word' id='word_1_578' title='bbox 2443 3386 2601 3459; x_wconf 82' lang='grc' dir='ltr'>ὑμῶν</span> <span class='ocrx_word' id='word_1_579' title='bbox 2624 3386 3005 3459; x_wconf 76' lang='grc' dir='ltr'>προαιρέσεως</span> <span class='ocrx_word' id='word_1_580' title='bbox 3042 3390 3135 3442; x_wconf 78' lang='grc' dir='ltr'><strong>καὶ</strong></span> <span class='ocrx_word' id='word_1_581' title='bbox 3156 3388 3481 3444; x_wconf 82' lang='grc' dir='ltr'>ὲθελουσίου</span> <span class='ocrx_word' id='word_1_582' title='bbox 3510 3387 3709 3459; x_wconf 78' lang='grc' dir='ltr'>τυφλώ-</span> 
     </span>
    </p>
   </div>
   <div class='ocr_carea' id='block_1_75' title="bbox 2119 3478 3711 3554">
    <p class='ocr_par' dir='ltr' id='par_1_75' title="bbox 2119 3478 3711 3554">
     <span class='ocr_line' id='line_1_75' title="bbox 2119 3478 3711 3554; baseline 0.001 -22"><span class='ocrx_word' id='word_1_583' title='bbox 2119 3479 2289 3543; x_wconf 77' lang='grc' dir='ltr'>σεωςί</span> <span class='ocrx_word' id='word_1_584' title='bbox 2324 3479 2471 3533; x_wconf 77' lang='grc' dir='ltr'>Ἀνω</span> <span class='ocrx_word' id='word_1_585' title='bbox 2496 3480 2554 3532; x_wconf 83' lang='grc' dir='ltr'>ὲν</span> <span class='ocrx_word' id='word_1_586' title='bbox 2584 3479 2662 3549; x_wconf 83' lang='grc' dir='ltr'>τῷ</span> <span class='ocrx_word' id='word_1_587' title='bbox 2688 3478 2806 3551; x_wconf 78' lang='grc' dir='ltr'>ὄρει</span> <span class='ocrx_word' id='word_1_588' title='bbox 2838 3481 3084 3550; x_wconf 82' lang='grc' dir='ltr'>Μωύσῆς</span> <span class='ocrx_word' id='word_1_589' title='bbox 3112 3482 3255 3551; x_wconf 83' lang='grc' dir='ltr'>ὑπὲρ</span> <span class='ocrx_word' id='word_1_590' title='bbox 3288 3484 3454 3554; x_wconf 83' lang='grc' dir='ltr'>ὑμῶν</span> <span class='ocrx_word' id='word_1_591' title='bbox 3516 3482 3711 3553; x_wconf 73' lang='grc' dir='ltr'><strong>ὴγωνί⁸</strong></span> 
     </span>
    </p>
   </div>
   <div class='ocr_carea' id='block_1_76' title="bbox 2118 3569 3707 3646">
    <p class='ocr_par' dir='ltr' id='par_1_76' title="bbox 2118 3569 3707 3646">
     <span class='ocr_line' id='line_1_76' title="bbox 2118 3569 3707 3646; baseline 0.003 -23"><span class='ocrx_word' id='word_1_592' title='bbox 2118 3569 2265 3634; x_wconf 79' lang='grc' dir='ltr'>ζετο,</span> <span class='ocrx_word' id='word_1_593' title='bbox 2291 3572 2387 3625; x_wconf 77' lang='grc' dir='ltr'><strong>καὶ</strong></span> <span class='ocrx_word' id='word_1_594' title='bbox 2442 3572 2594 3627; x_wconf 77' lang='grc' dir='ltr'>κάτω</span> <span class='ocrx_word' id='word_1_595' title='bbox 2635 3573 2795 3642; x_wconf 82' lang='grc' dir='ltr'>ὑμεῖς</span> <span class='ocrx_word' id='word_1_596' title='bbox 2828 3573 2926 3644; x_wconf 82' lang='grc' dir='ltr'>τὴν</span> <span class='ocrx_word' id='word_1_597' title='bbox 2960 3573 3164 3645; x_wconf 75' lang='grc' dir='ltr'>μόσχον</span> <span class='ocrx_word' id='word_1_598' title='bbox 3213 3575 3523 3646; x_wconf 84' lang='grc' dir='ltr'>ὲχωνεύετε</span> <span class='ocrx_word' id='word_1_599' title='bbox 3549 3592 3564 3608; x_wconf 79' lang='grc' dir='ltr'><strong><em>ο</em></strong></span> <span class='ocrx_word' id='word_1_600' title='bbox 3603 3574 3707 3628; x_wconf 84' lang='grc' dir='ltr'>ἄνω</span> 
     </span>
    </p>
   </div>
   <div class='ocr_carea' id='block_1_77' title="bbox 2118 3662 3705 3737">
    <p class='ocr_par' dir='ltr' id='par_1_77' title="bbox 2118 3662 3705 3737">
     <span class='ocr_line' id='line_1_77' title="bbox 2118 3662 3705 3737; baseline 0.001 -23"><span class='ocrx_word' id='word_1_601' title='bbox 2118 3662 2328 3726; x_wconf 79' lang='grc' dir='ltr'>ἐκεῖνος</span> <span class='ocrx_word' id='word_1_602' title='bbox 2383 3664 2479 3717; x_wconf 89' lang='grc' dir='ltr'><strong>τὸν</strong></span> <span class='ocrx_word' id='word_1_603' title='bbox 2511 3664 2645 3718; x_wconf 86' lang='grc' dir='ltr'>Θεὸν</span> <span class='ocrx_word' id='word_1_604' title='bbox 2672 3665 2998 3737; x_wconf 81' lang='grc' dir='ltr'>παρεκάλει,</span> <span class='ocrx_word' id='word_1_605' title='bbox 3028 3667 3122 3721; x_wconf 62' lang='grc' dir='ltr'><strong>καὶ¹</strong></span> <span class='ocrx_word' id='word_1_606' title='bbox 3154 3668 3310 3722; x_wconf 80' lang='grc' dir='ltr'>κάτω</span> <span class='ocrx_word' id='word_1_607' title='bbox 3360 3671 3427 3723; x_wconf 77' lang='grc' dir='ltr'><strong>σὺ</strong></span> <span class='ocrx_word' id='word_1_608' title='bbox 3459 3669 3551 3721; x_wconf 88' lang='grc' dir='ltr'><strong>τὸν</strong></span> <span class='ocrx_word' id='word_1_609' title='bbox 3584 3666 3705 3720; x_wconf 82' lang='grc' dir='ltr'>Θεὸν</span> 
     </span>
    </p>
   </div>
   <div class='ocr_carea' id='block_1_78' title="bbox 2120 3751 3705 3827">
    <p class='ocr_par' dir='ltr' id='par_1_78' title="bbox 2120 3751 3705 3827">
     <span class='ocr_line' id='line_1_78' title="bbox 2120 3751 3705 3827; baseline 0.001 -22"><span class='ocrx_word' id='word_1_610' title='bbox 2120 3751 2498 3824; x_wconf 78' lang='grc' dir='ltr'>παρώργιζες,</span> <span class='ocrx_word' id='word_1_611' title='bbox 2534 3754 2631 3807; x_wconf 74' lang='grc' dir='ltr'>καὶ</span> <span class='ocrx_word' id='word_1_612' title='bbox 2657 3753 2748 3808; x_wconf 91' lang='grc' dir='ltr'><strong>τὸν</strong></span> <span class='ocrx_word' id='word_1_613' title='bbox 2782 3756 2983 3826; x_wconf 73' lang='grc' dir='ltr'>μόσχον</span> <span class='ocrx_word' id='word_1_614' title='bbox 3014 3756 3382 3827; x_wconf 80' lang='grc' dir='ltr'>προσεκύνεις</span> <span class='ocrx_word' id='word_1_615' title='bbox 3409 3774 3425 3790; x_wconf 79' lang='grc' dir='ltr'><strong>ο</strong></span> <span class='ocrx_word' id='word_1_616' title='bbox 3457 3757 3519 3810; x_wconf 91' lang='grc' dir='ltr'><strong>τὸ</strong></span> <span class='ocrx_word' id='word_1_617' title='bbox 3544 3758 3705 3826; x_wconf 82' lang='grc' dir='ltr'>μάννα</span> 
     </span>
    </p>
   </div>
   <div class='ocr_carea' id='block_1_79' title="bbox 2121 3845 3701 3921">
    <p class='ocr_par' dir='ltr' id='par_1_79' title="bbox 2121 3845 3701 3921">
     <span class='ocr_line' id='line_1_79' title="bbox 2121 3845 3701 3921; baseline 0.001 -23"><span class='ocrx_word' id='word_1_618' title='bbox 2121 3845 2332 3916; x_wconf 76' lang='grc' dir='ltr'>ἦσθιες,</span> <span class='ocrx_word' id='word_1_619' title='bbox 2359 3847 2454 3899; x_wconf 81' lang='grc' dir='ltr'>καὶ</span> <span class='ocrx_word' id='word_1_620' title='bbox 2493 3846 2587 3900; x_wconf 87' lang='grc' dir='ltr'><strong>τὸν</strong></span> <span class='ocrx_word' id='word_1_621' title='bbox 2619 3846 2754 3900; x_wconf 88' lang='grc' dir='ltr'>Θεὸν</span> <span class='ocrx_word' id='word_1_622' title='bbox 2787 3848 3087 3912; x_wconf 78' lang='grc' dir='ltr'>ὠνείδιζες.</span> <span class='ocrx_word' id='word_1_623' title='bbox 3119 3849 3287 3918; x_wconf 77' lang='grc' dir='ltr'>Λέγει</span> <span class='ocrx_word' id='word_1_624' title='bbox 3311 3851 3426 3921; x_wconf 81' lang='grc' dir='ltr'>γὰρ</span> <span class='ocrx_word' id='word_1_625' title='bbox 3454 3851 3484 3903; x_wconf 89' lang='lat'><strong>6</strong></span> <span class='ocrx_word' id='word_1_626' title='bbox 3510 3848 3664 3903; x_wconf 79' lang='grc' dir='ltr'><strong>Δαῦὶδ</strong></span> <span class='ocrx_word' id='word_1_627' title='bbox 3688 3886 3701 3910; x_wconf 90' lang='grc'><strong>,</strong></span> 
     </span>
    </p>
   </div>
   <div class='ocr_carea' id='block_1_80' title="bbox 2122 3936 3701 4012">
    <p class='ocr_par' dir='ltr' id='par_1_80' title="bbox 2122 3936 3701 4012">
     <span class='ocr_line' id='line_1_80' title="bbox 2122 3936 3701 4012; baseline -0.001 -21"><span class='ocrx_word' id='word_1_628' title='bbox 2122 3937 2204 3991; x_wconf 79' lang='grc' dir='ltr'>ὅτι</span> <span class='ocrx_word' id='word_1_629' title='bbox 2241 3955 2259 3988; x_wconf 82' lang='grc' dir='ltr'><strong>ι</strong></span> <span class='ocrx_word' id='word_1_630' title='bbox 2295 3938 2417 3991; x_wconf 87' lang='grc' dir='ltr'>Ἔτι</span> <span class='ocrx_word' id='word_1_631' title='bbox 2444 3938 2542 4008; x_wconf 82' lang='grc' dir='ltr'>τῆς</span> <span class='ocrx_word' id='word_1_632' title='bbox 2570 3936 2828 4009; x_wconf 82' lang='grc' dir='ltr'>βρώσεως</span> <span class='ocrx_word' id='word_1_633' title='bbox 2861 3937 3027 4010; x_wconf 78' lang='grc' dir='ltr'>οὔσης</span> <span class='ocrx_word' id='word_1_634' title='bbox 3053 3940 3112 3993; x_wconf 84' lang='grc' dir='ltr'>ὲν</span> <span class='ocrx_word' id='word_1_635' title='bbox 3137 3939 3217 4010; x_wconf 82' lang='grc' dir='ltr'>τῷ</span> <span class='ocrx_word' id='word_1_636' title='bbox 3250 3942 3489 4012; x_wconf 80' lang='grc' dir='ltr'>στόματι</span> <span class='ocrx_word' id='word_1_637' title='bbox 3516 3937 3701 3998; x_wconf 79' lang='grc' dir='ltr'>αὐτῶν,</span> 
     </span>
    </p>
   </div>
   <div class='ocr_carea' id='block_1_81' title="bbox 2123 4028 3700 4102">
    <p class='ocr_par' dir='ltr' id='par_1_81' title="bbox 2123 4028 3700 4102">
     <span class='ocr_line' id='line_1_81' title="bbox 2123 4028 3700 4102; baseline 0.001 -20"><span class='ocrx_word' id='word_1_638' title='bbox 2123 4028 2220 4082; x_wconf 75' lang='grc' dir='ltr'><strong>καὶ</strong></span> <span class='ocrx_word' id='word_1_639' title='bbox 2249 4029 2387 4101; x_wconf 78' lang='grc' dir='ltr'>ὀργὴ</span> <span class='ocrx_word' id='word_1_640' title='bbox 2433 4029 2530 4083; x_wconf 81' lang='grc' dir='ltr'>τοῦ</span> <span class='ocrx_word' id='word_1_641' title='bbox 2575 4029 2710 4083; x_wconf 77' lang='grc' dir='ltr'>Θεοῦ</span> <span class='ocrx_word' id='word_1_642' title='bbox 2758 4030 2929 4102; x_wconf 74' lang='grc' dir='ltr'>ἀνέϐη</span> <span class='ocrx_word' id='word_1_643' title='bbox 2984 4031 3070 4084; x_wconf 76' lang='grc' dir='ltr'><strong>ἐπ’</strong></span> <span class='ocrx_word' id='word_1_644' title='bbox 3100 4032 3323 4096; x_wconf 86' lang='grc' dir='ltr'>αὑτούς.</span> <span class='ocrx_word' id='word_1_645' title='bbox 3356 4052 3375 4085; x_wconf 72' lang='grc' dir='ltr'><strong>ι</strong></span> <span class='ocrx_word' id='word_1_646' title='bbox 3417 4033 3527 4086; x_wconf 75' lang='grc' dir='ltr'><strong>Καὶ</strong></span> <span class='ocrx_word' id='word_1_647' title='bbox 3568 4031 3700 4102; x_wconf 75' lang='grc' dir='ltr'>ἡμᾶς</span> 
     </span>
    </p>
   </div>
   <div class='ocr_carea' id='block_1_82' title="bbox 2122 4126 3702 4200">
    <p class='ocr_par' dir='ltr' id='par_1_82' title="bbox 2122 4126 3702 4200">
     <span class='ocr_line' id='line_1_82' title="bbox 2122 4126 3702 4200; baseline -0.001 -23"><span class='ocrx_word' id='word_1_648' title='bbox 2122 4126 2250 4190; x_wconf 82' lang='grc' dir='ltr'>τοὺς</span> <span class='ocrx_word' id='word_1_649' title='bbox 2310 4126 2674 4196; x_wconf 80' lang='grc' dir='ltr'>Χριστιανοὺς</span> <span class='ocrx_word' id='word_1_650' title='bbox 2740 4127 2795 4181; x_wconf 83' lang='grc' dir='ltr'><strong>τί</strong></span> <span class='ocrx_word' id='word_1_651' title='bbox 2852 4128 3014 4196; x_wconf 87' lang='grc' dir='ltr'>ὑμεῖς</span> <span class='ocrx_word' id='word_1_652' title='bbox 3067 4130 3220 4200; x_wconf 76' lang='grc' dir='ltr'>ἔχετε</span> <span class='ocrx_word' id='word_1_653' title='bbox 3267 4130 3578 4194; x_wconf 80' lang='grc' dir='ltr'>εῖπεῖν,ὂτι</span> <span class='ocrx_word' id='word_1_654' title='bbox 3621 4126 3702 4177; x_wconf 80' lang='grc' dir='ltr'><strong>τὸν</strong></span> 
     </span>
    </p>
   </div>
   <div class='ocr_carea' id='block_1_83' title="bbox 2125 4214 3699 4290">
    <p class='ocr_par' dir='ltr' id='par_1_83' title="bbox 2125 4214 3699 4290">
     <span class='ocr_line' id='line_1_83' title="bbox 2125 4214 3699 4290; baseline -0.003 -20"><span class='ocrx_word' id='word_1_655' title='bbox 2125 4216 2255 4270; x_wconf 79' lang='grc' dir='ltr'>Υἱὸν</span> <span class='ocrx_word' id='word_1_656' title='bbox 2301 4216 2398 4271; x_wconf 84' lang='grc' dir='ltr'>τοῦ</span> <span class='ocrx_word' id='word_1_657' title='bbox 2450 4217 2590 4271; x_wconf 83' lang='grc' dir='ltr'>Θεοῦ</span> <span class='ocrx_word' id='word_1_658' title='bbox 2626 4219 3047 4290; x_wconf 84' lang='grc' dir='ltr'>προσκυνοῦμεν</span> <span class='ocrx_word' id='word_1_659' title='bbox 3073 4237 3088 4285; x_wconf 91' lang='grc'><strong>;</strong></span> <span class='ocrx_word' id='word_1_660' title='bbox 3132 4221 3276 4274; x_wconf 84' lang='grc' dir='ltr'>Ἀλλ’</span> <span class='ocrx_word' id='word_1_661' title='bbox 3306 4224 3518 4286; x_wconf 73' lang='grc' dir='ltr'>εἴπατε,</span> <span class='ocrx_word' id='word_1_662' title='bbox 3547 4217 3630 4272; x_wconf 85' lang='grc' dir='ltr'><strong>διὰ</strong></span> <span class='ocrx_word' id='word_1_663' title='bbox 3654 4214 3699 4267; x_wconf 82' lang='grc' dir='ltr'><strong>τί</strong></span> 
     </span>
    </p>
   </div>
   <div class='ocr_carea' id='block_1_84' title="bbox 2127 4310 3698 4387">
    <p class='ocr_par' dir='ltr' id='par_1_84' title="bbox 2127 4310 3698 4387">
     <span class='ocr_line' id='line_1_84' title="bbox 2127 4310 3698 4387; baseline 0.008 -24"><span class='ocrx_word' id='word_1_664' title='bbox 2127 4311 2285 4380; x_wconf 83' lang='grc' dir='ltr'>ὑμεῖς</span> <span class='ocrx_word' id='word_1_665' title='bbox 2311 4310 2439 4375; x_wconf 83' lang='grc' dir='ltr'>τοὺς</span> <span class='ocrx_word' id='word_1_666' title='bbox 2487 4311 2640 4375; x_wconf 60' lang='grc' dir='ltr'>υἱοὺς</span> <span class='ocrx_word' id='word_1_667' title='bbox 2671 4311 2827 4382; x_wconf 87' lang='grc' dir='ltr'>ὑμῶν</span> <span class='ocrx_word' id='word_1_668' title='bbox 2856 4314 2952 4366; x_wconf 70' lang='grc' dir='ltr'>καὶ</span> <span class='ocrx_word' id='word_1_669' title='bbox 2986 4312 3084 4374; x_wconf 82' lang='grc' dir='ltr'><strong>τὰς</strong></span> <span class='ocrx_word' id='word_1_670' title='bbox 3107 4313 3442 4387; x_wconf 77' lang='grc' dir='ltr'>θυγατέρας,</span> <span class='ocrx_word' id='word_1_671' title='bbox 3465 4314 3537 4374; x_wconf 78' lang='grc' dir='ltr'>ὡς</span> <span class='ocrx_word' id='word_1_672' title='bbox 3568 4310 3698 4375; x_wconf 73' lang='grc' dir='ltr'>λέγει</span> 
     </span>
    </p>
   </div>
   <div class='ocr_carea' id='block_1_85' title="bbox 428 4396 2015 4492">
    <p class='ocr_par' dir='ltr' id='par_1_85' title="bbox 428 4402 2015 4467">
     <span class='ocr_line' id='line_1_85' title="bbox 428 4402 2015 4467; baseline -0.001 -8"><span class='ocrx_word' id='word_1_673' title='bbox 428 4416 486 4461; x_wconf 90' lang='lat' dir='ltr'><strong>et</strong></span> <span class='ocrx_word' id='word_1_674' title='bbox 510 4421 622 4458; x_wconf 85' lang='lat' dir='ltr'><strong>non</strong></span> <span class='ocrx_word' id='word_1_675' title='bbox 662 4411 749 4459; x_wconf 91' lang='lat' dir='ltr'><strong>est</strong></span> <span class='ocrx_word' id='word_1_676' title='bbox 792 4402 929 4458; x_wconf 78' lang='lat' dir='ltr'><strong>ﬁdes</strong></span> <span class='ocrx_word' id='word_1_677' title='bbox 956 4403 1011 4457; x_wconf 91' lang='lat' dir='ltr'><strong>in</strong></span> <span class='ocrx_word' id='word_1_678' title='bbox 1046 4418 1114 4458; x_wconf 92' lang='lat' dir='ltr'><strong>ea</strong></span> <span class='ocrx_word' id='word_1_679' title='bbox 1134 4404 1181 4435; x_wconf 80' lang='grc'><strong>⁹²</strong></span> <span class='ocrx_word' id='word_1_680' title='bbox 1209 4443 1225 4467; x_wconf 94' lang='lat'><strong>,</strong></span> <span class='ocrx_word' id='word_1_681' title='bbox 1263 4422 1282 4455; x_wconf 71' lang='grc' dir='ltr'><strong>ι</strong></span> <span class='ocrx_word' id='word_1_682' title='bbox 1325 4410 1382 4458; x_wconf 90' lang='lat' dir='ltr'><strong>et</strong></span> <span class='ocrx_word' id='word_1_683' title='bbox 1409 4417 1641 4458; x_wconf 89' lang='lat' dir='ltr'><strong>rursus:</strong></span> <span class='ocrx_word' id='word_1_684' title='bbox 1680 4421 1697 4453; x_wconf 86' lang='grc' dir='ltr'><strong>ι</strong></span> <span class='ocrx_word' id='word_1_685' title='bbox 1721 4402 2015 4458; x_wconf 88' lang='lat' dir='ltr'><strong>Generatio</strong></span> 
     </span>
    </p>
   </div>
   <div class='ocr_carea' id='block_1_86' title="bbox 2120 4396 3697 4492">
    <p class='ocr_par' dir='ltr' id='par_1_86' title="bbox 2129 4396 3697 4485">
     <span class='ocr_line' id='line_1_86' title="bbox 2129 4396 3697 4485; baseline 0.006 -30"><span class='ocrx_word' id='word_1_686' title='bbox 2129 4402 2589 4485; x_wconf 74' lang='grc' dir='ltr'>Δαὸὶδ,.ὲθύτατε</span> <span class='ocrx_word' id='word_1_687' title='bbox 2619 4406 2737 4468; x_wconf 84' lang='grc' dir='ltr'>τοῖς</span> <span class='ocrx_word' id='word_1_688' title='bbox 2790 4405 3113 4476; x_wconf 81' lang='grc' dir='ltr'>δαιμονίοις,</span> <span class='ocrx_word' id='word_1_689' title='bbox 3145 4405 3224 4477; x_wconf 82' lang='grc' dir='ltr'>τῷ</span> <span class='ocrx_word' id='word_1_690' title='bbox 3258 4402 3581 4476; x_wconf 85' lang='grc' dir='ltr'>Βεελφεγὼρ</span> <span class='ocrx_word' id='word_1_691' title='bbox 3610 4420 3621 4464; x_wconf 84' lang='grc'>;</span> <span class='ocrx_word' id='word_1_692' title='bbox 3653 4396 3697 4448; x_wconf 77' lang='grc' dir='ltr'><strong>τί</strong></span> 
     </span>
    </p>
   </div>
   <div class='ocr_carea' id='block_1_87' title="bbox 431 4495 2023 4569">
    <p class='ocr_par' dir='ltr' id='par_1_87' title="bbox 431 4495 2023 4569">
     <span class='ocr_line' id='line_1_87' title="bbox 431 4495 2023 4569; baseline -0.001 -18"><span class='ocrx_word' id='word_1_693' title='bbox 431 4513 598 4569; x_wconf 86' lang='lat' dir='ltr'><strong>prava</strong></span> <span class='ocrx_word' id='word_1_694' title='bbox 619 4506 675 4552; x_wconf 92' lang='lat' dir='ltr'><strong>et</strong></span> <span class='ocrx_word' id='word_1_695' title='bbox 699 4510 984 4567; x_wconf 89' lang='lat' dir='ltr'><strong>perversa,</strong></span> <span class='ocrx_word' id='word_1_696' title='bbox 1006 4496 1122 4551; x_wconf 67' lang='lat' dir='ltr'><strong>haec</strong></span> <span class='ocrx_word' id='word_1_697' title='bbox 1144 4496 1334 4552; x_wconf 87' lang='lat' dir='ltr'><strong>reddis</strong></span> <span class='ocrx_word' id='word_1_698' title='bbox 1354 4495 1587 4551; x_wconf 86' lang='lat' dir='ltr'><strong>Domino</strong></span> <span class='ocrx_word' id='word_1_699' title='bbox 1608 4495 1689 4548; x_wconf 70' lang='lat' dir='ltr'><strong>o&quot;2</strong></span> <span class='ocrx_word' id='word_1_700' title='bbox 1716 4515 1735 4547; x_wconf 72' lang='grc' dir='ltr'><strong>ι</strong></span> <span class='ocrx_word' id='word_1_701' title='bbox 1755 4495 1822 4550; x_wconf 86' lang='grc' dir='ltr'>Ει</span> <span class='ocrx_word' id='word_1_702' title='bbox 1846 4496 2023 4550; x_wconf 88' lang='lat' dir='ltr'><strong>multa</strong></span> 
     </span>
    </p>
   </div>
   <div class='ocr_carea' id='block_1_88' title="bbox 429 4588 2025 4645">
    <p class='ocr_par' dir='ltr' id='par_1_88' title="bbox 429 4588 2025 4645">
     <span class='ocr_line' id='line_1_88' title="bbox 429 4588 2025 4645; baseline -0.001 -1"><span class='ocrx_word' id='word_1_703' title='bbox 429 4591 535 4644; x_wconf 91' lang='lat' dir='ltr'><strong>alia</strong></span> <span class='ocrx_word' id='word_1_704' title='bbox 569 4588 885 4645; x_wconf 84' lang='lat' dir='ltr'><strong>testimonia</strong></span> <span class='ocrx_word' id='word_1_705' title='bbox 924 4589 992 4644; x_wconf 92' lang='lat' dir='ltr'><strong>de</strong></span> <span class='ocrx_word' id='word_1_706' title='bbox 1026 4588 1186 4645; x_wconf 89' lang='lat' dir='ltr'><strong>vobis</strong></span> <span class='ocrx_word' id='word_1_707' title='bbox 1228 4590 1370 4644; x_wconf 88' lang='lat' dir='ltr'><strong>mala</strong></span> <span class='ocrx_word' id='word_1_708' title='bbox 1410 4596 1716 4643; x_wconf 88' lang='lat' dir='ltr'><strong>occurrunt</strong></span> <span class='ocrx_word' id='word_1_709' title='bbox 1742 4588 1799 4643; x_wconf 89' lang='lat' dir='ltr'><strong>in</strong></span> <span class='ocrx_word' id='word_1_710' title='bbox 1822 4589 2025 4643; x_wconf 88' lang='lat' dir='ltr'><strong>vestris</strong></span> 
     </span>
    </p>
   </div>
   <div class='ocr_carea' id='block_1_89' title="bbox 427 4674 2024 4748">
    <p class='ocr_par' dir='ltr' id='par_1_89' title="bbox 427 4674 2024 4748">
     <span class='ocr_line' id='line_1_89' title="bbox 427 4674 2024 4748; baseline -0.001 -15"><span class='ocrx_word' id='word_1_711' title='bbox 427 4696 460 4733; x_wconf 87' lang='grc' dir='ltr'><strong>ιι</strong></span> <span class='ocrx_word' id='word_1_712' title='bbox 496 4679 604 4732; x_wconf 85' lang='lat' dir='ltr'><strong>Deo</strong></span> <span class='ocrx_word' id='word_1_713' title='bbox 631 4676 942 4748; x_wconf 88' lang='lat' dir='ltr'><strong>prophetiis</strong></span> <span class='ocrx_word' id='word_1_714' title='bbox 970 4675 1215 4732; x_wconf 88' lang='lat' dir='ltr'><strong>dicentia</strong></span> <span class='ocrx_word' id='word_1_715' title='bbox 1247 4696 1259 4730; x_wconf 89' lang='lat'><strong>:</strong></span> <span class='ocrx_word' id='word_1_716' title='bbox 1299 4695 1317 4727; x_wconf 84' lang='grc' dir='ltr'><strong>ι</strong></span> <span class='ocrx_word' id='word_1_717' title='bbox 1344 4674 1516 4731; x_wconf 81' lang='lat' dir='ltr'><strong>Filios</strong></span> <span class='ocrx_word' id='word_1_718' title='bbox 1555 4675 1706 4730; x_wconf 88' lang='lat' dir='ltr'><strong>enim</strong></span> <span class='ocrx_word' id='word_1_719' title='bbox 1752 4676 1917 4747; x_wconf 85' lang='lat' dir='ltr'><strong>genui</strong></span> <span class='ocrx_word' id='word_1_720' title='bbox 1966 4687 2024 4732; x_wconf 86' lang='lat' dir='ltr'><strong>et</strong></span> 
     </span>
    </p>
   </div>
   <div class='ocr_carea' id='block_1_90' title="bbox 427 4770 2023 4843">
    <p class='ocr_par' dir='ltr' id='par_1_90' title="bbox 427 4770 2023 4843">
     <span class='ocr_line' id='line_1_90' title="bbox 427 4770 2023 4843; baseline 0 -17"><span class='ocrx_word' id='word_1_721' title='bbox 427 4773 688 4838; x_wconf 62' lang='lat' dir='ltr'><strong>eaaltavi,</strong></span> <span class='ocrx_word' id='word_1_722' title='bbox 718 4771 824 4843; x_wconf 88' lang='lat' dir='ltr'><strong>ipsi</strong></span> <span class='ocrx_word' id='word_1_723' title='bbox 850 4781 1034 4827; x_wconf 89' lang='lat' dir='ltr'><strong>autem</strong></span> <span class='ocrx_word' id='word_1_724' title='bbox 1065 4779 1397 4842; x_wconf 88' lang='lat' dir='ltr'><strong>spreverunt</strong></span> <span class='ocrx_word' id='word_1_725' title='bbox 1442 4785 1571 4837; x_wconf 87' lang='lat' dir='ltr'><strong>me;</strong></span> <span class='ocrx_word' id='word_1_726' title='bbox 1615 4770 1717 4826; x_wconf 89' lang='lat' dir='ltr'><strong>bos</strong></span> <span class='ocrx_word' id='word_1_727' title='bbox 1764 4770 2023 4841; x_wconf 84' lang='lat' dir='ltr'><strong>cognovit</strong></span> 
     </span>
    </p>
   </div>
   <div class='ocr_carea' id='block_1_91' title="bbox 428 4862 2022 4936">
    <p class='ocr_par' dir='ltr' id='par_1_91' title="bbox 428 4862 2022 4936">
     <span class='ocr_line' id='line_1_91' title="bbox 428 4862 2022 4936; baseline -0.002 -18"><span class='ocrx_word' id='word_1_728' title='bbox 428 4880 807 4936; x_wconf 81' lang='lat' dir='ltr'><strong>possessorem</strong></span> <span class='ocrx_word' id='word_1_729' title='bbox 836 4880 1019 4931; x_wconf 87' lang='lat' dir='ltr'><strong>suum,</strong></span> <span class='ocrx_word' id='word_1_730' title='bbox 1052 4872 1110 4919; x_wconf 89' lang='lat' dir='ltr'><strong>et</strong></span> <span class='ocrx_word' id='word_1_731' title='bbox 1157 4864 1345 4919; x_wconf 88' lang='lat' dir='ltr'><strong>asinus</strong></span> <span class='ocrx_word' id='word_1_732' title='bbox 1380 4878 1627 4934; x_wconf 63' lang='lat' dir='ltr'><strong>praesepe</strong></span> <span class='ocrx_word' id='word_1_733' title='bbox 1670 4862 1883 4917; x_wconf 89' lang='lat' dir='ltr'><strong>domini</strong></span> <span class='ocrx_word' id='word_1_734' title='bbox 1913 4862 2022 4926; x_wconf 89' lang='lat' dir='ltr'><strong>sui,</strong></span> 
     </span>
    </p>
   </div>
   <div class='ocr_carea' id='block_1_92' title="bbox 375 4952 2022 5026">
    <p class='ocr_par' dir='ltr' id='par_1_92' title="bbox 375 4952 2022 5026">
     <span class='ocr_line' id='line_1_92' title="bbox 375 4952 2022 5026; baseline -0.003 -13"><span class='ocrx_word' id='word_1_735' title='bbox 375 4952 379 4956; x_wconf 67' lang='grc'><em>”</em></span> <span class='ocrx_word' id='word_1_736' title='bbox 429 4957 597 5015; x_wconf 82' lang='lat' dir='ltr'><strong>Israel</strong></span> <span class='ocrx_word' id='word_1_737' title='bbox 626 4968 813 5013; x_wconf 86' lang='lat' dir='ltr'><strong>autem</strong></span> <span class='ocrx_word' id='word_1_738' title='bbox 862 4972 952 5012; x_wconf 85' lang='lat' dir='ltr'><strong>me</strong></span> <span class='ocrx_word' id='word_1_739' title='bbox 1000 4972 1112 5010; x_wconf 91' lang='lat' dir='ltr'><strong>non</strong></span> <span class='ocrx_word' id='word_1_740' title='bbox 1157 4954 1437 5026; x_wconf 87' lang='lat' dir='ltr'><strong>cognovit,</strong></span> <span class='ocrx_word' id='word_1_741' title='bbox 1486 4962 1544 5009; x_wconf 91' lang='lat' dir='ltr'><strong>et</strong></span> <span class='ocrx_word' id='word_1_742' title='bbox 1593 4954 1832 5024; x_wconf 84' lang='lat' dir='ltr'><strong>populus</strong></span> <span class='ocrx_word' id='word_1_743' title='bbox 1865 4969 2022 5008; x_wconf 89' lang='lat' dir='ltr'><strong>meus</strong></span> 
     </span>
    </p>
   </div>
   <div class='ocr_carea' id='block_1_93' title="bbox 429 5048 2022 5121">
    <p class='ocr_par' dir='ltr' id='par_1_93' title="bbox 429 5048 2022 5121">
     <span class='ocr_line' id='line_1_93' title="bbox 429 5048 2022 5121; baseline -0.003 -15"><span class='ocrx_word' id='word_1_744' title='bbox 429 5067 539 5107; x_wconf 91' lang='lat' dir='ltr'><strong>non</strong></span> <span class='ocrx_word' id='word_1_745' title='bbox 567 5051 857 5107; x_wconf 77' lang='lat' dir='ltr'><strong>intellexit.</strong></span> <span class='ocrx_word' id='word_1_746' title='bbox 909 5050 996 5105; x_wconf 68' lang='lat' dir='ltr'><strong>Vae</strong></span> <span class='ocrx_word' id='word_1_747' title='bbox 1037 5048 1188 5121; x_wconf 84' lang='lat' dir='ltr'><strong>genti</strong></span> <span class='ocrx_word' id='word_1_748' title='bbox 1231 5048 1551 5119; x_wconf 87' lang='lat' dir='ltr'><strong>peccatrici,</strong></span> <span class='ocrx_word' id='word_1_749' title='bbox 1603 5048 1809 5119; x_wconf 88' lang='lat' dir='ltr'><strong>populo</strong></span> <span class='ocrx_word' id='word_1_750' title='bbox 1854 5048 2022 5118; x_wconf 89' lang='lat' dir='ltr'><strong>pleno</strong></span> 
     </span>
    </p>
   </div>
   <div class='ocr_carea' id='block_1_94' title="bbox 431 5138 2024 5213">
    <p class='ocr_par' dir='ltr' id='par_1_94' title="bbox 431 5138 2024 5213">
     <span class='ocr_line' id='line_1_94' title="bbox 431 5138 2024 5213; baseline -0.001 -19"><span class='ocrx_word' id='word_1_751' title='bbox 431 5143 676 5213; x_wconf 76' lang='lat' dir='ltr'><strong>peccatis</strong></span> <span class='ocrx_word' id='word_1_752' title='bbox 695 5142 771 5198; x_wconf 65' lang='grc' dir='ltr'>θιι</span> <span class='ocrx_word' id='word_1_753' title='bbox 797 5162 814 5194; x_wconf 70' lang='grc' dir='ltr'><strong>ι</strong></span> <span class='ocrx_word' id='word_1_754' title='bbox 859 5143 928 5197; x_wconf 82' lang='lat' dir='ltr'><strong>Et</strong></span> <span class='ocrx_word' id='word_1_755' title='bbox 948 5157 1144 5196; x_wconf 86' lang='lat' dir='ltr'><strong>rursus</strong></span> <span class='ocrx_word' id='word_1_756' title='bbox 1177 5140 1323 5195; x_wconf 89' lang='lat' dir='ltr'><strong>idem</strong></span> <span class='ocrx_word' id='word_1_757' title='bbox 1357 5140 1627 5210; x_wconf 86' lang='lat' dir='ltr'><strong>propheta</strong></span> <span class='ocrx_word' id='word_1_758' title='bbox 1666 5138 1837 5195; x_wconf 87' lang='lat' dir='ltr'><strong>Isaias</strong></span> <span class='ocrx_word' id='word_1_759' title='bbox 1862 5138 2024 5193; x_wconf 88' lang='lat' dir='ltr'><strong>vobis</strong></span> 
     </span>
    </p>
   </div>
   <div class='ocr_carea' id='block_1_95' title="bbox 432 5230 2020 5296">
    <p class='ocr_par' dir='ltr' id='par_1_95' title="bbox 432 5230 2020 5296">
     <span class='ocr_line' id='line_1_95' title="bbox 432 5230 2020 5296; baseline -0.002 -8"><span class='ocrx_word' id='word_1_760' title='bbox 432 5234 607 5289; x_wconf 72' lang='grc' dir='ltr'>ιιίυἱιι</span> <span class='ocrx_word' id='word_1_761' title='bbox 644 5233 884 5290; x_wconf 70' lang='lat' dir='ltr'><strong>«Audite</strong></span> <span class='ocrx_word' id='word_1_762' title='bbox 929 5233 1163 5289; x_wconf 85' lang='lat' dir='ltr'><strong>verbum</strong></span> <span class='ocrx_word' id='word_1_763' title='bbox 1191 5231 1434 5296; x_wconf 90' lang='lat' dir='ltr'><strong>Domini,</strong></span> <span class='ocrx_word' id='word_1_764' title='bbox 1479 5231 1683 5287; x_wconf 87' lang='lat' dir='ltr'><strong>domus</strong></span> <span class='ocrx_word' id='word_1_765' title='bbox 1725 5230 2020 5295; x_wconf 71' lang='lat' dir='ltr'><strong>Sodomze;</strong></span> 
     </span>
    </p>
   </div>
   <div class='ocr_carea' id='block_1_96' title="bbox 434 5321 2023 5396">
    <p class='ocr_par' dir='ltr' id='par_1_96' title="bbox 434 5321 2023 5396">
     <span class='ocr_line' id='line_1_96' title="bbox 434 5321 2023 5396; baseline -0.004 -16"><span class='ocrx_word' id='word_1_766' title='bbox 434 5324 702 5395; x_wconf 82' lang='lat' dir='ltr'><strong>percipite</strong></span> <span class='ocrx_word' id='word_1_767' title='bbox 725 5325 904 5396; x_wconf 87' lang='lat' dir='ltr'><strong>legem</strong></span> <span class='ocrx_word' id='word_1_768' title='bbox 934 5324 1053 5390; x_wconf 88' lang='lat' dir='ltr'><strong>Dei,</strong></span> <span class='ocrx_word' id='word_1_769' title='bbox 1080 5324 1282 5395; x_wconf 85' lang='lat' dir='ltr'><strong>popule</strong></span> <span class='ocrx_word' id='word_1_770' title='bbox 1307 5322 1637 5379; x_wconf 68' lang='lat' dir='ltr'><strong>Gomorrhre</strong></span> <span class='ocrx_word' id='word_1_771' title='bbox 1657 5322 1725 5376; x_wconf 73' lang='grc'><strong>’⁸.</strong></span> <span class='ocrx_word' id='word_1_772' title='bbox 1761 5341 1779 5373; x_wconf 73' lang='grc' dir='ltr'><strong>ι</strong></span> <span class='ocrx_word' id='word_1_773' title='bbox 1825 5321 2023 5376; x_wconf 80' lang='lat' dir='ltr'><strong>Videte</strong></span> 
     </span>
    </p>
   </div>
   <div class='ocr_carea' id='block_1_97' title="bbox 434 5413 2029 5487">
    <p class='ocr_par' dir='ltr' id='par_1_97' title="bbox 434 5413 2029 5487">
     <span class='ocr_line' id='line_1_97' title="bbox 434 5413 2029 5487; baseline -0.001 -18"><span class='ocrx_word' id='word_1_774' title='bbox 434 5416 715 5487; x_wconf 72' lang='lat' dir='ltr'><strong>quomodo</strong></span> <span class='ocrx_word' id='word_1_775' title='bbox 741 5417 1079 5481; x_wconf 89' lang='lat' dir='ltr'><strong>Sodomitas,</strong></span> <span class='ocrx_word' id='word_1_776' title='bbox 1108 5426 1166 5473; x_wconf 92' lang='lat' dir='ltr'><strong>et</strong></span> <span class='ocrx_word' id='word_1_777' title='bbox 1215 5416 1492 5476; x_wconf 73' lang='lat' dir='ltr'><strong>infideles.</strong></span> <span class='ocrx_word' id='word_1_778' title='bbox 1528 5416 1907 5486; x_wconf 88' lang='lat' dir='ltr'><strong>populumque</strong></span> <span class='ocrx_word' id='word_1_779' title='bbox 1931 5413 2029 5467; x_wconf 79' lang='lat' dir='ltr'><strong>dc-</strong></span> 
     </span>
    </p>
   </div>
   <div class='ocr_carea' id='block_1_98' title="bbox 436 5506 2025 5576">
    <p class='ocr_par' dir='ltr' id='par_1_98' title="bbox 436 5506 2025 5576">
     <span class='ocr_line' id='line_1_98' title="bbox 436 5506 2025 5576; baseline -0.001 -14"><span class='ocrx_word' id='word_1_780' title='bbox 436 5520 677 5564; x_wconf 85' lang='lat' dir='ltr'><strong>mentem</strong></span> <span class='ocrx_word' id='word_1_781' title='bbox 707 5510 930 5567; x_wconf 65' lang='lat' dir='ltr'><strong>Iudaeos</strong></span> <span class='ocrx_word' id='word_1_782' title='bbox 960 5517 1123 5566; x_wconf 85' lang='lat' dir='ltr'><strong>vocet</strong></span> <span class='ocrx_word' id='word_1_783' title='bbox 1163 5511 1331 5576; x_wconf 89' lang='lat' dir='ltr'><strong>Deus,</strong></span> <span class='ocrx_word' id='word_1_784' title='bbox 1381 5521 1439 5564; x_wconf 81' lang='lat' dir='ltr'><strong>et</strong></span> <span class='ocrx_word' id='word_1_785' title='bbox 1471 5508 1814 5572; x_wconf 88' lang='lat' dir='ltr'><strong>idololatras,</strong></span> <span class='ocrx_word' id='word_1_786' title='bbox 1841 5517 1897 5562; x_wconf 90' lang='lat' dir='ltr'><strong>et</strong></span> <span class='ocrx_word' id='word_1_787' title='bbox 1941 5506 2025 5560; x_wconf 90' lang='lat' dir='ltr'><strong>in-</strong></span> 
     </span>
    </p>
   </div>
   <div class='ocr_carea' id='block_1_99' title="bbox 434 5598 2025 5672">
    <p class='ocr_par' dir='ltr' id='par_1_99' title="bbox 434 5598 2025 5672">
     <span class='ocr_line' id='line_1_99' title="bbox 434 5598 2025 5672; baseline -0.001 -18"><span class='ocrx_word' id='word_1_788' title='bbox 434 5614 642 5672; x_wconf 79' lang='lat' dir='ltr'><strong>gratos,</strong></span> <span class='ocrx_word' id='word_1_789' title='bbox 686 5610 743 5657; x_wconf 91' lang='lat' dir='ltr'><strong>et</strong></span> <span class='ocrx_word' id='word_1_790' title='bbox 773 5598 1188 5672; x_wconf 83' lang='lat' dir='ltr'><strong>generationem</strong></span> <span class='ocrx_word' id='word_1_791' title='bbox 1232 5617 1459 5672; x_wconf 85' lang='lat' dir='ltr'><strong>pravam</strong></span> <span class='ocrx_word' id='word_1_792' title='bbox 1507 5611 1564 5656; x_wconf 81' lang='lat' dir='ltr'><strong>et</strong></span> <span class='ocrx_word' id='word_1_793' title='bbox 1593 5616 1932 5672; x_wconf 84' lang='lat' dir='ltr'><strong>perversam.</strong></span> <span class='ocrx_word' id='word_1_794' title='bbox 1966 5609 2025 5653; x_wconf 86' lang='lat' dir='ltr'><strong>et</strong></span> 
     </span>
    </p>
   </div>
   <div class='ocr_carea' id='block_1_100' title="bbox 437 5691 2017 5765">
    <p class='ocr_par' dir='ltr' id='par_1_100' title="bbox 437 5691 2017 5765">
     <span class='ocr_line' id='line_1_100' title="bbox 437 5691 2017 5765; baseline -0.002 -18"><span class='ocrx_word' id='word_1_795' title='bbox 437 5691 581 5748; x_wconf 73' lang='lat' dir='ltr'><strong>liiios</strong></span> <span class='ocrx_word' id='word_1_796' title='bbox 608 5692 978 5765; x_wconf 83' lang='lat' dir='ltr'><strong>castigandus.</strong></span> <span class='ocrx_word' id='word_1_797' title='bbox 1021 5692 1122 5746; x_wconf 73' lang='lat' dir='ltr'><strong>cEt</strong></span> <span class='ocrx_word' id='word_1_798' title='bbox 1144 5692 1599 5749; x_wconf 79' lang='lat' dir='ltr'><strong>sacriﬁcaverunt</strong></span> <span class='ocrx_word' id='word_1_799' title='bbox 1644 5691 1935 5746; x_wconf 73' lang='lat' dir='ltr'><strong>daemoniis</strong></span> <span class='ocrx_word' id='word_1_800' title='bbox 1966 5698 2017 5745; x_wconf 81' lang='lat' dir='ltr'><strong>et</strong></span> 
     </span>
    </p>
   </div>
   <div class='ocr_carea' id='block_1_101' title="bbox 2127 4496 3698 4568">
    <p class='ocr_par' dir='ltr' id='par_1_101' title="bbox 2127 4496 3698 4568">
     <span class='ocr_line' id='line_1_101' title="bbox 2127 4496 3698 4568; baseline -0.006 -18"><span class='ocrx_word' id='word_1_801' title='bbox 2127 4499 2238 4568; x_wconf 76' lang='grc' dir='ltr'><strong>γάρ</strong></span> <span class='ocrx_word' id='word_1_802' title='bbox 2264 4514 2278 4563; x_wconf 90' lang='lat'><strong>;</strong></span> <span class='ocrx_word' id='word_1_803' title='bbox 2316 4496 2475 4567; x_wconf 81' lang='grc' dir='ltr'>ὑμεῖς</span> <span class='ocrx_word' id='word_1_804' title='bbox 2499 4496 2638 4561; x_wconf 84' lang='grc' dir='ltr'>ὅλως</span> <span class='ocrx_word' id='word_1_805' title='bbox 2676 4497 2860 4551; x_wconf 86' lang='grc' dir='ltr'>πίστιν</span> <span class='ocrx_word' id='word_1_806' title='bbox 2886 4497 3042 4568; x_wconf 78' lang='grc' dir='ltr'>ἔχετε</span> <span class='ocrx_word' id='word_1_807' title='bbox 3077 4514 3091 4564; x_wconf 89' lang='grc'><strong>;</strong></span> <span class='ocrx_word' id='word_1_808' title='bbox 3124 4498 3199 4568; x_wconf 81' lang='grc' dir='ltr'>μὴ</span> <span class='ocrx_word' id='word_1_809' title='bbox 3221 4498 3434 4566; x_wconf 84' lang='grc' dir='ltr'>γένοιτο</span> <span class='ocrx_word' id='word_1_810' title='bbox 3466 4498 3478 4550; x_wconf 77' lang='grc' dir='ltr'><strong>ι</strong></span> <span class='ocrx_word' id='word_1_811' title='bbox 3514 4496 3698 4546; x_wconf 79' lang='grc' dir='ltr'>Ἀκου-</span> 
     </span>
    </p>
   </div>
   <div class='ocr_carea' id='block_1_102' title="bbox 2129 4583 3790 4659">
    <p class='ocr_par' dir='ltr' id='par_1_102' title="bbox 2129 4583 3790 4659">
     <span class='ocr_line' id='line_1_102' title="bbox 2129 4583 3790 4659; baseline -0.007 -18"><span class='ocrx_word' id='word_1_812' title='bbox 2129 4606 2222 4641; x_wconf 91' lang='grc' dir='ltr'><strong>σον</strong></span> <span class='ocrx_word' id='word_1_813' title='bbox 2248 4589 2532 4652; x_wconf 82' lang='grc' dir='ltr'>Μωῦσέως</span> <span class='ocrx_word' id='word_1_814' title='bbox 2554 4587 2810 4657; x_wconf 83' lang='grc' dir='ltr'>λέγοντος</span> <span class='ocrx_word' id='word_1_815' title='bbox 2839 4588 2975 4659; x_wconf 89' lang='grc' dir='ltr'>πρὸς</span> <span class='ocrx_word' id='word_1_816' title='bbox 2999 4589 3090 4642; x_wconf 89' lang='grc' dir='ltr'><strong>τὸν</strong></span> <span class='ocrx_word' id='word_1_817' title='bbox 3114 4589 3244 4643; x_wconf 84' lang='grc' dir='ltr'>λαὸν</span> <span class='ocrx_word' id='word_1_818' title='bbox 3270 4590 3473 4658; x_wconf 86' lang='grc' dir='ltr'>(καίτοι</span> <span class='ocrx_word' id='word_1_819' title='bbox 3499 4603 3561 4655; x_wconf 87' lang='grc' dir='ltr'><strong>γε</strong></span> <span class='ocrx_word' id='word_1_820' title='bbox 3587 4583 3694 4634; x_wconf 73' lang='grc' dir='ltr'>τότε</span> <span class='ocrx_word' id='word_1_821' title='bbox 3784 4647 3790 4653; x_wconf 82' lang='lat'><em>_</em></span> 
     </span>
    </p>
   </div>
   <div class='ocr_carea' id='block_1_103' title="bbox 2128 4669 3695 4751">
    <p class='ocr_par' dir='ltr' id='par_1_103' title="bbox 2128 4669 3695 4751">
     <span class='ocr_line' id='line_1_103' title="bbox 2128 4669 3695 4751; baseline -0.005 -20"><span class='ocrx_word' id='word_1_822' title='bbox 2128 4679 2389 4751; x_wconf 78' lang='grc' dir='ltr'>θεοσεϐὴς</span> <span class='ocrx_word' id='word_1_823' title='bbox 2415 4675 2484 4750; x_wconf 83' lang='grc' dir='ltr'>ἦν</span> <span class='ocrx_word' id='word_1_824' title='bbox 2503 4682 2532 4734; x_wconf 91' lang='lat'><strong>6</strong></span> <span class='ocrx_word' id='word_1_825' title='bbox 2559 4679 2690 4744; x_wconf 88' lang='grc' dir='ltr'>λαὸς</span> <span class='ocrx_word' id='word_1_826' title='bbox 2719 4678 2829 4733; x_wconf 82' lang='grc' dir='ltr'>τῶν</span> <span class='ocrx_word' id='word_1_827' title='bbox 2882 4679 3176 4750; x_wconf 80' lang='grc' dir='ltr'>Ἐϐραίων)</span> <span class='ocrx_word' id='word_1_828' title='bbox 3200 4725 3213 4745; x_wconf 89' lang='grc'><strong>,</strong></span> <span class='ocrx_word' id='word_1_829' title='bbox 3246 4680 3368 4734; x_wconf 78' lang='grc' dir='ltr'>ἀλλ’</span> <span class='ocrx_word' id='word_1_830' title='bbox 3397 4680 3623 4733; x_wconf 77' lang='grc' dir='ltr'>ἄκουσον</span> <span class='ocrx_word' id='word_1_831' title='bbox 3650 4669 3695 4723; x_wconf 81' lang='grc' dir='ltr'><strong>τί</strong></span> 
     </span>
    </p>
   </div>
   <div class='ocr_carea' id='block_1_104' title="bbox 2125 4754 3693 4843">
    <p class='ocr_par' dir='ltr' id='par_1_104' title="bbox 2125 4754 3693 4843">
     <span class='ocr_line' id='line_1_104' title="bbox 2125 4754 3693 4843; baseline -0.005 -20"><span class='ocrx_word' id='word_1_832' title='bbox 2125 4772 2274 4841; x_wconf 78' lang='grc' dir='ltr'>λέγει</span> <span class='ocrx_word' id='word_1_833' title='bbox 2310 4774 2553 4843; x_wconf 79' lang='grc' dir='ltr'>Μωῡσῆς</span> <span class='ocrx_word' id='word_1_834' title='bbox 2574 4787 2588 4801; x_wconf 76' lang='grc' dir='ltr'><strong>ο</strong></span> <span class='ocrx_word' id='word_1_835' title='bbox 2629 4789 2648 4823; x_wconf 84' lang='grc' dir='ltr'><strong>ι</strong></span> <span class='ocrx_word' id='word_1_836' title='bbox 2683 4771 2806 4825; x_wconf 76' lang='grc' dir='ltr'>Ὀτι</span> <span class='ocrx_word' id='word_1_837' title='bbox 2834 4772 3003 4839; x_wconf 64' lang='grc' dir='ltr'>γενεὰ</span> <span class='ocrx_word' id='word_1_838' title='bbox 3033 4771 3455 4843; x_wconf 80' lang='grc' dir='ltr'>ὲξεστραμμένη</span> <span class='ocrx_word' id='word_1_839' title='bbox 3484 4754 3693 4830; x_wconf 76' lang='grc' dir='ltr'>εἰσὶν,ᾖ</span> 
     </span>
    </p>
   </div>
   <div class='ocr_carea' id='block_1_105' title="bbox 2125 4850 3694 4933">
    <p class='ocr_par' dir='ltr' id='par_1_105' title="bbox 2125 4850 3694 4933">
     <span class='ocr_line' id='line_1_105' title="bbox 2125 4850 3694 4933; baseline -0.007 -17"><span class='ocrx_word' id='word_1_840' title='bbox 2125 4864 2228 4917; x_wconf 83' lang='grc' dir='ltr'><strong>οὑκ</strong></span> <span class='ocrx_word' id='word_1_841' title='bbox 2261 4862 2378 4916; x_wconf 77' lang='grc' dir='ltr'>ἔστι</span> <span class='ocrx_word' id='word_1_842' title='bbox 2409 4864 2596 4926; x_wconf 83' lang='grc' dir='ltr'>πίστις</span> <span class='ocrx_word' id='word_1_843' title='bbox 2623 4864 2681 4914; x_wconf 78' lang='grc' dir='ltr'><strong>ὲν</strong></span> <span class='ocrx_word' id='word_1_844' title='bbox 2712 4850 2876 4933; x_wconf 82' lang='grc' dir='ltr'>αὐτῇ.</span> <span class='ocrx_word' id='word_1_845' title='bbox 2910 4882 2929 4915; x_wconf 71' lang='grc' dir='ltr'><strong>ι</strong></span> <span class='ocrx_word' id='word_1_846' title='bbox 2958 4862 3067 4916; x_wconf 77' lang='grc' dir='ltr'><strong>Καὶ</strong></span> <span class='ocrx_word' id='word_1_847' title='bbox 3094 4862 3259 4916; x_wconf 87' lang='grc' dir='ltr'>πάλιν</span> <span class='ocrx_word' id='word_1_848' title='bbox 3285 4880 3298 4894; x_wconf 86' lang='grc'>·</span> <span class='ocrx_word' id='word_1_849' title='bbox 3338 4881 3357 4914; x_wconf 81' lang='grc' dir='ltr'><strong>ι</strong></span> <span class='ocrx_word' id='word_1_850' title='bbox 3394 4858 3558 4914; x_wconf 83' lang='grc' dir='ltr'>Γενεὰ</span> <span class='ocrx_word' id='word_1_851' title='bbox 3589 4869 3694 4907; x_wconf 77' lang='grc' dir='ltr'>σκο-</span> 
     </span>
    </p>
   </div>
   <div class='ocr_carea' id='block_1_106' title="bbox 2126 4951 3685 5025">
    <p class='ocr_par' dir='ltr' id='par_1_106' title="bbox 2126 4951 3685 5025">
     <span class='ocr_line' id='line_1_106' title="bbox 2126 4951 3685 5025; baseline -0.006 -19"><span class='ocrx_word' id='word_1_852' title='bbox 2126 4955 2215 5008; x_wconf 79' lang='grc' dir='ltr'>λιὰ</span> <span class='ocrx_word' id='word_1_853' title='bbox 2248 4956 2343 5008; x_wconf 75' lang='grc' dir='ltr'>καὶ</span> <span class='ocrx_word' id='word_1_854' title='bbox 2369 4953 2801 5025; x_wconf 81' lang='grc' dir='ltr'>διεστραμμένη,</span> <span class='ocrx_word' id='word_1_855' title='bbox 2821 4953 2999 5007; x_wconf 78' lang='grc' dir='ltr'>ταῦτα</span> <span class='ocrx_word' id='word_1_856' title='bbox 3023 4954 3215 5025; x_wconf 78' lang='grc' dir='ltr'>Κυρίῳ</span> <span class='ocrx_word' id='word_1_857' title='bbox 3240 4951 3641 5010; x_wconf 77' lang='grc' dir='ltr'>ἁνταποδίδοτες</span> <span class='ocrx_word' id='word_1_858' title='bbox 3667 4961 3685 4993; x_wconf 68' lang='grc' dir='ltr'><strong>ι</strong></span> 
     </span>
    </p>
   </div>
   <div class='ocr_carea' id='block_1_107' title="bbox 2129 5035 3688 5119">
    <p class='ocr_par' dir='ltr' id='par_1_107' title="bbox 2129 5035 3688 5119">
     <span class='ocr_line' id='line_1_107' title="bbox 2129 5035 3688 5119; baseline -0.005 -17"><span class='ocrx_word' id='word_1_859' title='bbox 2129 5048 2242 5102; x_wconf 69' lang='grc' dir='ltr'>Καὶ</span> <span class='ocrx_word' id='word_1_860' title='bbox 2299 5047 2460 5102; x_wconf 83' lang='grc' dir='ltr'>ἄλλαι</span> <span class='ocrx_word' id='word_1_861' title='bbox 2520 5047 2713 5117; x_wconf 86' lang='grc' dir='ltr'>μυρίαι</span> <span class='ocrx_word' id='word_1_862' title='bbox 2761 5047 3063 5118; x_wconf 72' lang='grc' dir='ltr'>μαρτυρίαι</span> <span class='ocrx_word' id='word_1_863' title='bbox 3117 5049 3246 5119; x_wconf 75' lang='grc' dir='ltr'>περὶ</span> <span class='ocrx_word' id='word_1_864' title='bbox 3294 5046 3449 5116; x_wconf 84' lang='grc' dir='ltr'>ὑμῶν</span> <span class='ocrx_word' id='word_1_865' title='bbox 3476 5035 3688 5110; x_wconf 61' lang='grc' dir='ltr'>πονηραί</span> 
     </span>
    </p>
   </div>
   <div class='ocr_carea' id='block_1_108' title="bbox 2126 5135 3685 5210">
    <p class='ocr_par' dir='ltr' id='par_1_108' title="bbox 2126 5135 3685 5210">
     <span class='ocr_line' id='line_1_108' title="bbox 2126 5135 3685 5210; baseline -0.006 -17"><span class='ocrx_word' id='word_1_866' title='bbox 2126 5141 2263 5193; x_wconf 62' lang='grc' dir='ltr'>εἰσιν</span> <span class='ocrx_word' id='word_1_867' title='bbox 2293 5142 2350 5192; x_wconf 84' lang='grc' dir='ltr'>ὲν</span> <span class='ocrx_word' id='word_1_868' title='bbox 2383 5142 2509 5202; x_wconf 80' lang='grc' dir='ltr'>ταῖς</span> <span class='ocrx_word' id='word_1_869' title='bbox 2538 5140 2904 5210; x_wconf 68' lang='grc' dir='ltr'>προφητείαις</span> <span class='ocrx_word' id='word_1_870' title='bbox 2954 5138 3112 5209; x_wconf 85' lang='grc' dir='ltr'>ὑμῶν</span> <span class='ocrx_word' id='word_1_871' title='bbox 3141 5141 3213 5192; x_wconf 69' lang='grc' dir='ltr'><strong>ἐκ</strong></span> <span class='ocrx_word' id='word_1_872' title='bbox 3239 5139 3334 5193; x_wconf 81' lang='grc' dir='ltr'>τοῦ</span> <span class='ocrx_word' id='word_1_873' title='bbox 3381 5137 3509 5192; x_wconf 85' lang='grc' dir='ltr'>Θεοῦ</span> <span class='ocrx_word' id='word_1_874' title='bbox 3550 5135 3685 5203; x_wconf 78' lang='grc' dir='ltr'>εἰρη-</span> 
     </span>
    </p>
   </div>
   <div class='ocr_carea' id='block_1_109' title="bbox 2131 5227 3683 5302">
    <p class='ocr_par' dir='ltr' id='par_1_109' title="bbox 2131 5227 3683 5302">
     <span class='ocr_line' id='line_1_109' title="bbox 2131 5227 3683 5302; baseline 0.003 -21"><span class='ocrx_word' id='word_1_875' title='bbox 2131 5233 2311 5298; x_wconf 80' lang='grc' dir='ltr'>μέναι.</span> <span class='ocrx_word' id='word_1_876' title='bbox 2348 5251 2364 5282; x_wconf 88' lang='grc' dir='ltr'><strong>ι</strong></span> <span class='ocrx_word' id='word_1_877' title='bbox 2410 5230 2572 5293; x_wconf 72' lang='grc' dir='ltr'>Υἱοὶδς</span> <span class='ocrx_word' id='word_1_878' title='bbox 2610 5231 2759 5302; x_wconf 80' lang='grc' dir='ltr'>γὰρ,</span> <span class='ocrx_word' id='word_1_879' title='bbox 2787 5231 2974 5300; x_wconf 69' lang='grc' dir='ltr'>φησὶν,</span> <span class='ocrx_word' id='word_1_880' title='bbox 3033 5231 3305 5302; x_wconf 75' lang='grc' dir='ltr'>ἐγέννησα</span> <span class='ocrx_word' id='word_1_881' title='bbox 3353 5233 3446 5286; x_wconf 77' lang='grc' dir='ltr'>καὶ</span> <span class='ocrx_word' id='word_1_882' title='bbox 3497 5227 3683 5295; x_wconf 63' lang='grc' dir='ltr'><strong>ὕψωταο</strong></span> 
     </span>
    </p>
   </div>
   <div class='ocr_carea' id='block_1_110' title="bbox 2131 5323 3680 5395">
    <p class='ocr_par' dir='ltr' id='par_1_110' title="bbox 2131 5323 3680 5395">
     <span class='ocr_line' id='line_1_110' title="bbox 2131 5323 3680 5395; baseline -0.003 -20"><span class='ocrx_word' id='word_1_883' title='bbox 2131 5325 2287 5377; x_wconf 76' lang='grc' dir='ltr'>αὑτοὶ</span> <span class='ocrx_word' id='word_1_884' title='bbox 2319 5324 2378 5376; x_wconf 76' lang='grc' dir='ltr'><em>δὲ</em></span> <span class='ocrx_word' id='word_1_885' title='bbox 2417 5341 2483 5394; x_wconf 89' lang='grc' dir='ltr'><strong>με</strong></span> <span class='ocrx_word' id='word_1_886' title='bbox 2508 5323 2790 5395; x_wconf 80' lang='grc' dir='ltr'>ἠθέτησαν</span> <span class='ocrx_word' id='word_1_887' title='bbox 2820 5340 2835 5355; x_wconf 85' lang='grc'>⁶</span> <span class='ocrx_word' id='word_1_888' title='bbox 2872 5323 3013 5392; x_wconf 77' lang='grc' dir='ltr'>ἔγνω</span> <span class='ocrx_word' id='word_1_889' title='bbox 3042 5323 3170 5394; x_wconf 75' lang='grc' dir='ltr'>βοῦς</span> <span class='ocrx_word' id='word_1_890' title='bbox 3208 5325 3300 5378; x_wconf 89' lang='grc' dir='ltr'><strong>τὸν</strong></span> <span class='ocrx_word' id='word_1_891' title='bbox 3327 5323 3680 5393; x_wconf 68' lang='grc' dir='ltr'>κτησάμενον.</span> 
     </span>
    </p>
   </div>
   <div class='ocr_carea' id='block_1_111' title="bbox 2131 5404 3678 5489">
    <p class='ocr_par' dir='ltr' id='par_1_111' title="bbox 2131 5404 3678 5489">
     <span class='ocr_line' id='line_1_111' title="bbox 2131 5404 3678 5489; baseline -0.003 -19"><span class='ocrx_word' id='word_1_892' title='bbox 2131 5418 2228 5470; x_wconf 72' lang='grc' dir='ltr'><strong>καὶ</strong></span> <span class='ocrx_word' id='word_1_893' title='bbox 2271 5419 2393 5481; x_wconf 79' lang='grc' dir='ltr'>ὄνος</span> <span class='ocrx_word' id='word_1_894' title='bbox 2414 5418 2514 5487; x_wconf 80' lang='grc' dir='ltr'>τὴν</span> <span class='ocrx_word' id='word_1_895' title='bbox 2563 5419 2774 5488; x_wconf 79' lang='grc' dir='ltr'>φάτνην</span> <span class='ocrx_word' id='word_1_896' title='bbox 2811 5416 2907 5471; x_wconf 82' lang='grc' dir='ltr'>τοῦ</span> <span class='ocrx_word' id='word_1_897' title='bbox 2953 5417 3148 5489; x_wconf 81' lang='grc' dir='ltr'>κυρίου</span> <span class='ocrx_word' id='word_1_898' title='bbox 3184 5418 3372 5482; x_wconf 79' lang='grc' dir='ltr'>αὑτοῦ,</span> <span class='ocrx_word' id='word_1_899' title='bbox 3410 5410 3609 5484; x_wconf 79' lang='grc' dir='ltr'>Ἰσραὴλ</span> <span class='ocrx_word' id='word_1_900' title='bbox 3633 5404 3678 5458; x_wconf 74' lang='grc' dir='ltr'><strong>δέ</strong></span> 
     </span>
    </p>
   </div>
   <div class='ocr_carea' id='block_1_112' title="bbox 2134 5498 3677 5581">
    <p class='ocr_par' dir='ltr' id='par_1_112' title="bbox 2134 5498 3677 5581">
     <span class='ocr_line' id='line_1_112' title="bbox 2134 5498 3677 5581; baseline -0.008 -19"><span class='ocrx_word' id='word_1_901' title='bbox 2134 5527 2201 5579; x_wconf 88' lang='grc' dir='ltr'><strong>με</strong></span> <span class='ocrx_word' id='word_1_902' title='bbox 2255 5511 2355 5562; x_wconf 81' lang='grc' dir='ltr'><strong>οὑκ</strong></span> <span class='ocrx_word' id='word_1_903' title='bbox 2403 5509 2567 5578; x_wconf 72' lang='grc' dir='ltr'>ἔγνω,</span> <span class='ocrx_word' id='word_1_904' title='bbox 2597 5511 2691 5563; x_wconf 72' lang='grc' dir='ltr'><strong>καὶ</strong></span> <span class='ocrx_word' id='word_1_905' title='bbox 2721 5513 2749 5564; x_wconf 94' lang='lat'><strong>6</strong></span> <span class='ocrx_word' id='word_1_906' title='bbox 2778 5510 2907 5575; x_wconf 76' lang='grc' dir='ltr'>λαός</span> <span class='ocrx_word' id='word_1_907' title='bbox 2945 5529 3049 5580; x_wconf 83' lang='grc' dir='ltr'><strong>μου</strong></span> <span class='ocrx_word' id='word_1_908' title='bbox 3081 5511 3140 5563; x_wconf 87' lang='grc' dir='ltr'><strong>οὑ</strong></span> <span class='ocrx_word' id='word_1_909' title='bbox 3172 5511 3424 5581; x_wconf 80' lang='grc' dir='ltr'>συνῆκεν.</span> <span class='ocrx_word' id='word_1_910' title='bbox 3458 5506 3583 5560; x_wconf 70' lang='grc' dir='ltr'>Οὐαὶ</span> <span class='ocrx_word' id='word_1_911' title='bbox 3602 5498 3677 5552; x_wconf 68' lang='grc' dir='ltr'><strong>ἔθα</strong></span> 
     </span>
    </p>
   </div>
   <div class='ocr_carea' id='block_1_113' title="bbox 2128 5588 3677 5673">
    <p class='ocr_par' dir='ltr' id='par_1_113' title="bbox 2128 5588 3677 5673">
     <span class='ocr_line' id='line_1_113' title="bbox 2128 5588 3677 5673; baseline -0.002 -20"><span class='ocrx_word' id='word_1_912' title='bbox 2128 5618 2220 5664; x_wconf 62' lang='grc' dir='ltr'><strong>νος</strong></span> <span class='ocrx_word' id='word_1_913' title='bbox 2248 5602 2591 5670; x_wconf 82' lang='grc' dir='ltr'>ἁμαρτωλὸν,</span> <span class='ocrx_word' id='word_1_914' title='bbox 2629 5601 2754 5664; x_wconf 85' lang='grc' dir='ltr'>λαὸς</span> <span class='ocrx_word' id='word_1_915' title='bbox 2813 5602 3026 5673; x_wconf 76' lang='grc' dir='ltr'>πλήρης</span> <span class='ocrx_word' id='word_1_916' title='bbox 3056 5599 3361 5671; x_wconf 71' lang='grc' dir='ltr'>ἀμαρτιῶνὶ</span> <span class='ocrx_word' id='word_1_917' title='bbox 3385 5620 3403 5653; x_wconf 75' lang='grc' dir='ltr'><strong>ι</strong></span> <span class='ocrx_word' id='word_1_918' title='bbox 3441 5597 3541 5653; x_wconf 71' lang='grc' dir='ltr'>Καὶ</span> <span class='ocrx_word' id='word_1_919' title='bbox 3588 5588 3677 5645; x_wconf 60' lang='lat' dir='ltr'><strong>Td-</strong></span> 
     </span>
    </p>
   </div>
   <div class='ocr_carea' id='block_1_114' title="bbox 2130 5675 3676 5766">
    <p class='ocr_par' dir='ltr' id='par_1_114' title="bbox 2130 5675 3676 5766">
     <span class='ocr_line' id='line_1_114' title="bbox 2130 5675 3676 5766; baseline -0.006 -24"><span class='ocrx_word' id='word_1_920' title='bbox 2130 5691 2214 5744; x_wconf 83' lang='grc' dir='ltr'><strong>λιν</strong></span> <span class='ocrx_word' id='word_1_921' title='bbox 2244 5692 2273 5744; x_wconf 88' lang='lat'><strong>6</strong></span> <span class='ocrx_word' id='word_1_922' title='bbox 2301 5690 2465 5753; x_wconf 77' lang='grc' dir='ltr'>αὑτὸς</span> <span class='ocrx_word' id='word_1_923' title='bbox 2490 5692 2779 5766; x_wconf 74' lang='grc' dir='ltr'>προφήτης</span> <span class='ocrx_word' id='word_1_924' title='bbox 2817 5692 3045 5755; x_wconf 80' lang='grc' dir='ltr'>Ἡσαΐας</span> <span class='ocrx_word' id='word_1_925' title='bbox 3077 5692 3217 5763; x_wconf 84' lang='grc' dir='ltr'>πρὸς</span> <span class='ocrx_word' id='word_1_926' title='bbox 3250 5690 3392 5761; x_wconf 80' lang='grc' dir='ltr'>ὑμᾶς</span> <span class='ocrx_word' id='word_1_927' title='bbox 3411 5708 3424 5723; x_wconf 89' lang='grc'><strong>·</strong></span> <span class='ocrx_word' id='word_1_928' title='bbox 3453 5708 3471 5740; x_wconf 77' lang='grc' dir='ltr'><strong>ι</strong></span> <span class='ocrx_word' id='word_1_929' title='bbox 3515 5675 3676 5737; x_wconf 78' lang='grc' dir='ltr'>’Λκούο</span> 
     </span>
    </p>
   </div>
   <div class='ocr_carea' id='block_1_115' title="bbox 501 5858 2015 5940">
    <p class='ocr_par' dir='ltr' id='par_1_115' title="bbox 501 5870 1993 5939">
     <span class='ocr_line' id='line_1_115' title="bbox 501 5870 1993 5939; baseline -0.002 -10"><span class='ocrx_word' id='word_1_930' title='bbox 501 5872 550 5905; x_wconf 72' lang='grc' dir='ltr'><strong>θ’</strong></span> <span class='ocrx_word' id='word_1_931' title='bbox 583 5870 756 5932; x_wconf 76' lang='lat' dir='ltr'><strong>Exod.</strong></span> <span class='ocrx_word' id='word_1_932' title='bbox 790 5890 960 5939; x_wconf 55' lang='lat' dir='ltr'><strong>xxxv,</strong></span> <span class='ocrx_word' id='word_1_933' title='bbox 998 5874 1047 5929; x_wconf 77' lang='lat' dir='ltr'><strong>.l.</strong></span> <span class='ocrx_word' id='word_1_934' title='bbox 1126 5876 1164 5905; x_wconf 72' lang='lat'><strong>9‘</strong></span> <span class='ocrx_word' id='word_1_935' title='bbox 1203 5873 1346 5929; x_wconf 72' lang='lat' dir='ltr'><strong>Psai.</strong></span> <span class='ocrx_word' id='word_1_936' title='bbox 1380 5890 1579 5939; x_wconf 57' lang='grc' dir='ltr'>ιαμ-ιι,</span> <span class='ocrx_word' id='word_1_937' title='bbox 1612 5873 1701 5929; x_wconf 73' lang='lat'><strong>50.</strong></span> <span class='ocrx_word' id='word_1_938' title='bbox 1776 5876 1817 5906; x_wconf 79' lang='grc'><strong>⁹²</strong></span> <span class='ocrx_word' id='word_1_939' title='bbox 1853 5873 1993 5927; x_wconf 79' lang='lat' dir='ltr'><strong>Deut</strong></span> 
     </span>
    </p>
   </div>
   <div class='ocr_carea' id='block_1_116' title="bbox 2120 5858 3606 5940">
    <p class='ocr_par' dir='ltr' id='par_1_116' title="bbox 2124 5858 3606 5940">
     <span class='ocr_line' id='line_1_116' title="bbox 2124 5858 3606 5940; baseline -0.001 -17"><span class='ocrx_word' id='word_1_940' title='bbox 2124 5885 2216 5936; x_wconf 75' lang='lat' dir='ltr'><strong>xu,</strong></span> <span class='ocrx_word' id='word_1_941' title='bbox 2256 5867 2343 5925; x_wconf 66' lang='grc'><strong>20.</strong></span> <span class='ocrx_word' id='word_1_942' title='bbox 2423 5871 2469 5905; x_wconf 72' lang='grc'><strong>⁸⁸</strong></span> <span class='ocrx_word' id='word_1_943' title='bbox 2494 5869 2630 5927; x_wconf 83' lang='lat' dir='ltr'><strong>ibid.</strong></span> <span class='ocrx_word' id='word_1_944' title='bbox 2667 5870 2840 5939; x_wconf 65' lang='lat'><strong>5,6.“</strong></span> <span class='ocrx_word' id='word_1_945' title='bbox 2868 5871 2973 5927; x_wconf 82' lang='lat' dir='ltr'><strong>lsa.</strong></span> <span class='ocrx_word' id='word_1_946' title='bbox 3008 5888 3047 5940; x_wconf 86' lang='grc' dir='ltr'><strong>ι,</strong></span> <span class='ocrx_word' id='word_1_947' title='bbox 3077 5871 3227 5929; x_wconf 56' lang='grc'><strong>2-4.</strong></span> <span class='ocrx_word' id='word_1_948' title='bbox 3305 5875 3347 5908; x_wconf 76' lang='grc'><strong>⁸⁵</strong></span> <span class='ocrx_word' id='word_1_949' title='bbox 3374 5865 3497 5926; x_wconf 83' lang='lat' dir='ltr'><strong>ibid.</strong></span> <span class='ocrx_word' id='word_1_950' title='bbox 3534 5858 3606 5916; x_wconf 74' lang='grc' dir='ltr'><strong>ιο-</strong></span> 
     </span>
    </p>
   </div>
  </div>
