4098 6462
525 377 538 407 1
555 379 622 410 εν»

527 409 624 440 διὸ

1547 387 2007 448 DISI‘UTATIO
2043 386 2444 449 ADVERSUS
2481 390 2812 452 JUD.’EOS.

3652 387 3672 452 l
3686 389 3790 452 2:18

515 509 642 544 σκτε
667 493 822 556 λόγον
860 495 1090 568 Κυρίου,
1133 493 1278 560 οἶκος
1306 497 1574 566 Σοδόμων·
1603 499 1900 570 προσέχετε
1927 498 2089 566 νόμον

2211 513 2303 550 inn
2337 497 2470 564 Deo,
2499 508 2554 553 et
2585 500 2996 570 dereliqueruu'
3032 503 3200 556 Deum
3237 502 3328 572 qui
3373 500 3504 554 fecit
3551 500 3695 555 illos.
3725 511 3780 555 ct

515 577 672 638 ἰηιεοῦ.
705 581 832 646 λαὸς
867 585 1170 656 Γομόρρας.
1211 607 1228 638 ›
1273 589 1487 658 Ὁρᾶτε,
1520 591 1602 642 ὅτι
1647 591 1742 643 καὶ
1768 588 2084 658 Σοδομίτας.

2193 585 2378 640 aversi
2409 596 2540 640 sunt
2561 605 2591 642 a
2615 589 2730 643 Deo
2751 589 2846 658 qui
2876 593 3108 644 san-avt
3133 605 3230 645 eos
3248 589 3315 644 ’⁸.
3349 613 3366 639 ο

517 675 612 724 καὶ
642 673 928 740 ἀπίστους,
963 676 1060 730 καὶ
1089 677 1216 732 λαὸν
1244 682 1426 750 μωρὸν
1456 683 1583 744 τοὺς
1626 681 1914 743 Ἰουδαίους
1947 675 2097 744 λέγει
2134 675 2163 727 6
2186 674 2342 743 Θεὸς,
2371 679 2466 730 καὶ
2527 679 2906 746 εἰδωλοθύτας,
2931 683 3025 734 καὶ
3082 682 3432 753 ἀχαρίστους,
3457 685 3550 735 xa‘.
3580 681 3776 749 γενεὰν

516 764 760 834 πονηρὰν
803 768 896 820 καὶ
952 768 1412 842 διεστραμμένην,
1441 777 1535 827 καὶ
1585 774 1750 827 τέκνα
1787 771 2073 843 μωμητά;
2118 784 2136 818 ι
2180 767 2287 820 Καὶ
2313 769 2511 824 ἔθυσαν
2539 773 2862 841 δαιμονίοις,
2927 776 3021 828 καὶ
3053 776 3114 827 οὑ
3171 775 3311 845 Θεῷ,
3357 777 3448 828 καλ⁴
3495 777 3780 844 ἐγκατέλι-

520 875 620 911 πον
653 859 786 911 Θεὸν
809 860 902 913 τὸν
931 863 1234 932 ποιήσαντα
1265 865 1483 931 αὐτοὺς,
1516 867 1610 918 καὶ
1641 867 1963 936 ἀπέστησαν
1987 861 2095 918 ἀπὸ
2133 857 2270 913 Θεοῦ
2311 863 2566 934 Σωτῆρος
2609 867 2808 919 αὐτῶν.
2847 886 2866 918 ο
3670 876 3672 891 λ

601 949 1019 1020 Ἐρευνήσωμεν
1068 947 1160 1006 οὖν
1192 953 1294 1018 τὰς
1349 955 1574 1027 Γραφὰς
1597 957 1804 1018 λοιπὸν,
1841 959 1937 1010 ἐὰν
1977 953 2106 1025 περὶ

520 1039 682 1092 ἄλλου
719 1041 1037 1112 οἱουδήποτε
1080 1043 1268 1109 ἔθνους
1299 1047 1540 1102 τοσαῦτα
1570 1051 1598 1102 6
1633 1050 1768 1114 Θεὸς
1802 1051 2103 1119 κατήγγει-

520 1131 632 1187 λεν.
669 1133 778 1187 Καὶ
807 1136 919 1204 γὰρ
966 1137 1023 1188 ἐν
1064 1135 1460 1209 Ἱεροσολύμοις
1495 1141 1832 1211 πεντήκοντα
1861 1139 1955 1194 δύο
2008 1139 2102 1210 ἔτη

521 1225 818 1294 ἐποιήσατε
845 1225 1064 1291 θύοντες
1083 1230 1141 1281 ὲν
1273 1230 1386 1300 ναῷ
1427 1232 1522 1286 τοῦ
1552 1232 1689 1286 Θεοῦ
1717 1237 1830 1298 τοῖς
1862 1233 2104 1296 εἰδώλοις

521 1313 614 1364 ἐπὶ
650 1315 915 1385 Μανασσῆ
949 1316 1044 1370 τοῦ
1069 1318 1332 1389 βασιλέως
1365 1321 1544 1391 ὑμῶν,
1573 1323 1986 1392 βεϐηλώσαντες
2011 1324 2102 1377 τὸν

523 1406 649 1460 ναὸν
683 1409 780 1461 καὶ
799 1409 898 1481 τὴν
924 1411 1081 1466 πόλιν
1115 1413 1212 1466 τοῦ
1233 1415 1366 1468 Θεοῦ
1392 1429 1408 1447 ⁸
1437 1416 1527 1469 διὰ
1549 1417 1708 1470 τοῦτο
1735 1419 1792 1470 ὲν
1819 1417 2100 1472 Βαϐυλῶνι

526 1499 620 1551 καὶ
647 1499 794 1566 ἅπαξ
825 1503 918 1556 καὶ
941 1503 1024 1567 δὶς
1055 1505 1378 1577 παρέδωκεν
1409 1510 1556 1580 ὑμᾶς
1581 1513 1608 1564 6
1631 1510 1765 1576 Θεὸς
1808 1516 1924 1576 τοῖς
1949 1511 2098 1566 Χαλ-

522 1589 691 1651 δαίοις
714 1593 793 1654 εἰς
820 1593 1200 1662 αἰχμαλωσίαν
1222 1613 1236 1628 ο
1269 1593 1390 1653 εἶτα
1416 1601 1580 1654 πάλιν
1614 1601 1761 1672 ὑμᾶς
1794 1603 1914 1672 μεθ’
1943 1602 2099 1655 ἐϐδο-

2275 952 2624 1022 lnquiramus
2672 973 2805 1027 ergo
2838 956 3178 1026 Scripturas,
3207 973 3276 1012 an
3311 956 3379 1010 de
3412 957 3616 1027 populo
3657 975 3790 1028 quo-

2204 1061 2424 1116 cunque
2469 1047 2580 1103 alio
2626 1049 2772 1104 Deus
2820 1057 2968 1103 tanta
3017 1049 3450 1104 denuntiaverit.
3507 1049 3788 1119 Siquidem

2201 1137 2564 1210 Jerosolymis
2599 1140 2711 1195 duo
2742 1149 2795 1195 el
2849 1141 3249 1212 quinquaginta
3301 1142 3464 1196 annis
3511 1141 3793 1197 sacriﬁca-

2201 1227 2364 1284 vistis
2395 1229 2450 1284 in
2501 1229 2596 1285 Dci
2643 1231 2847 1300 templo
2878 1231 3043 1286 idolis
3089 1231 3193 1286 sub
3242 1231 3491 1286 Manasse
3535 1248 3666 1303 rege
3694 1249 3791 1286 ve-

2211 1325 2348 1379 stro,
2375 1318 2734 1388 profanantes
2759 1319 2952 1374 urbem
2988 1329 3044 1375 et
3069 1321 3336 1390 templum
3363 1321 3484 1375 Dei.
3517 1321 3596 1376 0b
3627 1339 3791 1392 quam

2210 1422 2429 1462 causam
2479 1408 2757 1480 Babylone
2813 1411 2984 1465 semel
3049 1418 3107 1464 et
3163 1411 3362 1465 iterum
3415 1412 3644 1466 tradidit
3695 1428 3793 1467 vos

2209 1503 2357 1558 Deus
2423 1502 2697 1559 Chaldaeis
2777 1503 2832 1557 in
2901 1503 3251 1560 servitutem.
3317 1503 3526 1559 Deinde
3595 1509 3792 1558 rursus

2209 1611 2308 1651 vos
2347 1612 2523 1652 annos
2549 1605 2674 1667 post
2711 1599 3056 1668 septuaginta
3096 1597 3401 1653 revocavit.
3432 1597 3592 1652 Modo
3628 1597 3795 1668 igitur

525 1683 769 1752 μήκοντα
831 1684 928 1756 ἐτη
989 1689 1374 1746 ἀνεκαλέσατο.
1413 1693 1577 1764 Ἀρτι
1607 1662 1700 1748 οῦν
1741 1662 1914 1749 τοῦτο
1959 1695 2100 1749 θέλω

2207 1689 2356 1743 istud
2388 1689 2512 1743 volo
2539 1705 2569 1743 a
2605 1689 2764 1744 vobis
2793 1689 3030 1744 discere.
3072 1689 3203 1745 Post
3242 1697 3488 1744 vestrum
3513 1689 3791 1760 Babylone

525 1773 717 1842 μαθεῖν
740 1773 800 1840 ἐξ
832 1777 985 1844 ὑμῶν
1007 1793 1022 1808 °
1057 1781 1196 1850 μετὰ
1225 1782 1288 1834 τὸ
1318 1783 1562 1839 ἀνελθεῖν
1591 1785 1736 1857 ὑμᾶς
1765 1788 1829 1840 ἐκ
1853 1787 1954 1856 τῆς
1982 1789 2104 1841 Βα-

523 1864 780 1931 ϐυλῶνος,
800 1867 894 1921 καὶ
913 1869 1197 1940 κτισθῆναι
1227 1874 1294 1927 ὲκ
1322 1873 1573 1948 δευτέρου
1596 1877 1688 1931 τὸν
1713 1877 1841 1932 ναὸν
1867 1877 2027 1950 ὑμῶν’
2047 1881 2104 1932 ὲν

535 1959 946 2030 Ἱεροσολύμοις,
969 1965 1063 2016 καὶ
1089 1965 1118 2016 ύ
1127 1967 1233 2034 μᾶς
1253 1968 1311 2020 ὲν
1323 1969 1472 2039 αύτῷ
1498 1967 1577 2041 τῷ
1600 1970 1718 2042 Θεῷ
1733 1973 2104 2044 προσκυνοῦν-

522 2066 622 2108 τας
677 2051 860 2106 οὐκέτι
902 2056 1014 2118 τοῖς
1052 2055 1293 2120 εἰδώλοις
1322 2057 1556 2114 ἐθύσατε
1581 2077 1594 2092 '
1629 2063 1790 2116 ποίαν
1825 2065 2102 2135 ἁμαρτίαν

521 2143 816 2214 ἐποιήσατε
841 2142 1072 2200 ἐνώπιον
1099 2147 1195 2200 τοῦ
1229 2149 1368 2203 Θεοῦ
1391 2167 1406 2214 ;
1435 2151 1520 2204 ὅτι
1552 2151 1660 2207 ἰδοὺ
1685 2155 1980 2210 ὀκτακόσια
2007 2157 2102 2210 καὶ

521 2234 747 2288 πλείονα
807 2235 902 2306 ἔτη
956 2239 1016 2291 ἐν
1069 2239 1218 2312 πάσῃ
1263 2243 1330 2313 τῇ
1363 2245 1434 2315 γῇ
1485 2245 1866 2316 διεσκόρπισεν
1893 2248 2040 2318 ὑμᾶς
2071 2249 2100 2301 6

520 2326 676 2391 Θεὸς,
706 2327 802 2381 καὶ
831 2327 1008 2398 ήγαγε
1039 2330 1196 2384 Τῖτον
1241 2335 1336 2386 καὶ
1375 2335 1792 2389 Οὐεσπασιανὸν
1814 2337 1924 2390 ἀπὸ
1969 2337 2102 2392 Ῥώ-

525 2435 652 2488 μης,
683 2419 778 2471 καὶ
811 2419 1054 2488 ἔσφαξαν
1083 2420 1144 2486 ἐξ
1172 2423 1326 2492 ὑμῶν
1361 2423 1466 2479 κᾶν
1507 2425 1703 2480 ἑκατὸν
1735 2427 2004 2498 μυριάδας
2041 2431 2099 2483 ἐν

537 2510 952 2582 Ἱεροσολύμοις,
992 2514 1068 2569 ὡς
1091 2515 1241 2586 λέγει
1269 2519 1299 2572 6
1328 2518 1592 2590 Ἰώσηπος
1611 2520 1640 2572 6
1670 2519 1824 2591 ὑμῶν
1861 2538 2102 2592 συγγρα-

526 2605 662 2670 φεὺς
708 2604 872 2672 μόνος⁴
941 2606 1118 2660 ταῦτα
1205 2609 1540 2681 ἐκθέμενοςο
1607 2611 1704 2666 καὶ
1773 2614 2100 2686 ἐνεπύρισαν

522 2697 616 2748 τὸν
667 2697 794 2750 ναὸν
845 2698 1020 2770 ὑμῶν,
1051 2702 1143 2754 καὶ
1167 2701 1474 2774 ἠρήμωσαν
1507 2703 1569 2758 τὸ
1593 2705 1980 2776 θυσιαστήριον
2006 2709 2103 2762 καὶ

519 2789 588 2842 τὰ
641 2790 796 2859 ἅγια,
825 2793 919 2846 καὶ
948 2793 1048 2863 τὴν
1105 2794 1262 2848 πόλιν
1316 2796 1520 2863 πᾶσαν,
1558 2798 1650 2850 καὶ
1678 2797 1778 2868 τὴν
1811 2798 1974 2866 Σιὼν,
2001 2801 2098 2854 καὶ

516 2881 952 2951 ᾐχμαλώτευσαν
977 2885 1123 2956 ὑμᾶς
1156 2903 1172 2919 ο
1213 2888 1308 2940 καὶ
1343 2888 1464 2941 ἐστὲ
1507 2891 1564 2943 ἐν
1609 2889 1763 2964 πάσῃ
1793 2893 1860 2964 τῇ
1891 2895 1962 2963 γῇ
1993 2892 2104 2946 διε..

522 2974 956 3078 σπαρμένοιικαὶ
981 2979 1430 3050 παρανομοῦντες
1445 2980 1550 3044 ἕως
1575 2982 1674 3052 τῆς
1692 2985 1951 3054 σήμερον.
1984 2985 2098 3038 Καὶ
2123 3021 2168 3078 c

523 3063 634 3116 ἰδοὺ
657 3065 955 3121 ὀκτακόσια
986 3069 1082 3122 καὶ
1114 3069 1336 3124 πλείονα
1361 3070 1480 3140 ἔτη,
1511 3071 1588 3136 ὡς
1615 3073 1862 3144 εἴπομεν,
1895 3073 1957 3128 οὐ
2003 3073 2098 3128 θυ-

522 3158 862 3230 σιαστήριον,
893 3161 954 3213 οὐ
985 3160 1236 3225 κιϐωτὸν,
1267 3162 1328 3216 ού
1361 3164 1529 3216 τόπον
1551 3164 1645 3217 τοῦ
1673 3164 1866 3235 Πάσχα
1898 3165 2105 3236 φυλάτ-

519 3267 726 3313 τοντες.
758 3247 894 3304 Εῐπε
943 3252 1052 3324 γὰρ
1077 3256 1105 3308 6
1139 3253 1271 3320 Θεὸς
1323 3255 1454 3326 ὑμῖν
1485 3271 1500 3286 ’
1533 3256 1800 3326 Μηδαμοῦ
1847 3259 2104 3329 ποιήσετε

521 3340 585 3392 τὸ
611 3340 822 3410 Πάσχα,
853 3342 902 3394 εἰ
935 3341 1010 3413 μὴ
1035 3345 1092 3395 ὲν
1121 3343 1482 3417 Ἰερουσαλήμ
1508 3361 1522 3376 ο
1549 3347 1683 3418 μηδὲ
1713 3349 1796 3412 είς
1827 3348 2104 3418 Αἴγυπτον

521 3431 824 3485 εἰσελθεῖν·
859 3432 970 3487 ἰδοὺ
1005 3434 1054 3486 οἱ
1080 3435 1314 3508 πατέρες
1341 3437 1494 3508 ὑμῶν
1533 3439 1952 3510 ἁμαρτήσαντες
2000 3441 2108 3494 ἀπ-

523 3523 714 3578 έλαϐον
727 3525 880 3579 δεύτε
890 3543 980 3598 ρον
992 3527 1050 3580 ὲν
1065 3527 1347 3583 Βαϐυλῶνι
1359 3529 1896 3601 αίχμαλωτευθέντες
1910 3535 1976 3586 ὲκ
1989 3533 2108 3587 δευ-

521 3619 679 3689 τέρου
699 3618 792 3673 καὶ
814 3619 1068 3692 δευτέρου
1086 3619 1182 3674 τοῦ
1205 3621 1334 3676 ναοῦ
1350 3623 1756 3694 ἐρημωθέντος,
1773 3624 1870 3680 καὶ
1890 3625 2108 3680 διαλλα-

523 3710 903 3780 γῆναιαύτοὺς
938 3712 1030 3766 τὸν
1047 3712 1180 3767 Θεὸν
1209 3714 1306 3768 καὶ
1347 3715 1770 3788 οἰκοδομηθῆναι
1813 3717 1908 3772 τὸν
1940 3716 2104 3774 ναόνο

527 3804 684 3871 ὑμεῖς
705 3805 762 3858 δὲ
787 3805 948 3859 ποίαν
973 3806 1246 3878 ἁμαρτίαν
1277 3808 1598 3880 ἐποιήσατε,
1619 3810 1714 3864 καὶ
1731 3809 1987 3882 τοιαύτην
2011 3827 2109 3882 με·

524 3895 718 3967 γάλην,
745 3898 827 3950 ὅτι
854 3897 1038 3952 οὐκέτι
1053 3899 1276 3970 ἤγειρεν
1303 3901 1432 3970 ὑμῖν
1451 3899 1542 3954 τὸν
1563 3901 1734 3954 ναὸνὸ
1750 3901 1904 3968 Θεὸς,
1921 3901 2108 3956 ούκὲτι

525 3992 800 4059 ἀνήγαγεν
828 3991 974 4060 ὑμᾶς
1003 3993 1068 4044 ὲκ
1095 3991 1204 4044 τῶν
1231 3992 1444 4064 ἐχθρῶν
1465 4009 1482 4058 ;
1507 3989 1616 4064 ἆρα
1642 3991 1886 4058 εἰδώλοις
1909 3995 2108 4050 ἐθύσα-

525 4098 584 4134 τε
615 4083 811 4152 ύμεῖς,
851 4083 930 4147 ώς
971 4084 1022 4137 οἱ
1077 4085 1313 4158 πατέρες
1367 4085 1546 4157 ὑμῶν,
1583 4087 1711 4150 τοὺς
1769 4087 1918 4152 υίοῦς
1955 4087 2109 4158 ὑμῶν

527 4173 620 4226 καὶ
683 4173 782 4236 τὰς
837 4173 1196 4246 θυγατέρας;
1253 4171 1367 4245 ἆρα
1428 4175 1598 4230 εἰκόνι
1657 4177 2108 4248 προσεκυνήσατε

524 4265 600 4329 ὡς
657 4267 905 4331 ὲκείνοι;
963 4265 1252 4336 Οὐδαμῶς.
1300 4263 1451 4339 Ἀρα
1524 4267 1608 4331 είς
1671 4267 1763 4321 τὸν
1829 4267 1955 4320 ναὸν
2029 4266 2109 4320 εῖ-

2206 1795 2542 1851 regressum,
2577 1792 2634 1836 et
2665 1782 2859 1851 templi
2882 1780 3052 1836 veslri
3086 1779 3569 1836 remdiﬁcationem
3603 1781 3793 1836 lliero~

2205 1875 2452 1948 solymis.
2485 1891 2582 1930 vos
2607 1876 2662 1930 in
2707 1875 2802 1930 illo
2850 1875 3152 1930 adorantes
3179 1875 3313 1940 Deo,
3353 1889 3465 1938 non
3510 1874 3672 1929 idolis
3701 1889 3793 1928 sa-

2203 1967 2512 2023 criﬁcastis.
2533 1965 2706 2034 Quale
2723 1974 3014 2036 peccatum
3043 1965 3236 2036 egistis
3257 1981 3441 2020 coram
3469 1966 3624 2020 Deo?
3650 1965 3792 2020 Ecce

2202 2059 2351 2116 enim
2383 2059 2716 2130 octingentis
2745 2066 2802 2113 et
2841 2057 3082 2128 amplius
3122 2057 3284 2113 annis
3329 2059 3384 2112 in
3423 2073 3645 2113 omnem
3676 2066 3789 2112 ter-

2201 2169 2318 2208 ram
2341 2152 2606 2223 dispersit
2635 2167 2734 2206 vos
2762 2151 2932 2215 Deus,
2973 2159 3029 2206 et
3068 2151 3226 2206 duxit
3269 2150 3456 2205 Titum
3497 2159 3556 2205 et
3585 2151 3793 2220 Vespa-

2202 2244 2423 2301 sianum
2460 2243 2655 2308 Roma,
2699 2252 2755 2298 et
2799 2243 3223 2299 trucidaverunt
3251 2259 3320 2297 ex
3364 2242 3526 2298 vobis
3568 2251 3792 2298 centum

2197 2335 2474 2408 myriadas
2501 2335 2937 2407 Hierosolymis,
2980 2345 3042 2391 ut
3099 2335 3238 2391 dicit
3283 2335 3562 2405 Joscphus
3596 2345 3793 2391 vestrae

2201 2427 2385 2500 gentis
2413 2427 2676 2498 scriptor,
2720 2427 2815 2497 qui
2863 2428 3016 2482 solus
3067 2427 3169 2481 ista
3203 2427 3480 2496 exposuit.
3530 2427 3792 2482 Vestrum

2202 2519 2472 2590 templum
2533 2519 2945 2581 incenderunt,
3001 2527 3064 2593 et
3104 2518 3433 2574 deleverunt
3497 2519 3669 2573 altare
3735 2526 3794 2572 et

2201 2623 2415 2678 sancta,
2445 2610 2641 2666 urbem
2673 2625 2896 2681 quoque
2942 2620 2998 2666 et
3047 2611 3204 2678 Sion,
3240 2619 3298 2666 et
3326 2625 3426 2665 vos
3471 2609 3528 2664 in
3554 2609 3795 2665 servitu-

2203 2713 2314 2760 tem
2344 2703 2717 2773 redegerunt;
2739 2710 2796 2758 et
2816 2703 2951 2758 estis
2983 2718 3084 2772 per
3110 2711 3282 2757 totam
3313 2712 3522 2758 terram
3552 2703 3791 2772 dispersi

2202 2805 2260 2852 et
2289 2795 2411 2850 sine
2449 2795 2570 2867 lege
2605 2810 2783 2865 usque
2827 2795 3032 2850 adhuc.
3085 2795 3152 2849 Et
3193 2809 3322 2850 ecce
3369 2795 3707 2866 octingentis
3739 2803 3796 2850 et

2203 2887 2442 2959 amplius
2470 2887 2654 2954 annis,
2708 2895 2772 2942 ut
2820 2887 3082 2952 diximus,
3130 2903 3315 2958 neque
3369 2888 3563 2953 altare,
3614 2903 3795 2958 neque

2203 2995 2414 3045 arcam,
2463 2995 2648 3050 neque
2697 2981 2879 3035 locum
2933 2979 3162 3035 Pascha:
3220 2981 3603 3046 conservatis;
3654 2979 3795 3034 dixit

2209 3073 2360 3128 enim
2393 3073 2542 3128 Deus
2569 3071 2767 3126 vobis:
2794 3071 3018 3126 Minime
3051 3070 3270 3126 facielis
3315 3071 3526 3127 Pascha
3579 3071 3688 3126 nisi
3739 3072 3792 3126 in

2209 3165 2558 3220 Hierusalem
2585 3181 2600 3232 ;
2628 3180 2810 3234 neque
2840 3164 2894 3218 in
2927 3161 3222 3235 [Egyptum
3275 3163 3583 3232 regressuri
3613 3181 3628 3230 ;
3663 3179 3795 3220 ecce

2207 3267 2398 3328 patres
2438 3259 2634 3322 vestri,
2683 3273 2811 3311 cum
2864 3256 3266 3326 peccavissent,
3313 3257 3560 3312 secundo
3589 3258 3794 3327 captivi

2207 3350 2546 3422 Babylonem
2595 3348 2785 3414 ducti,
2825 3347 3072 3404 secundo
3115 3357 3330 3403 vastato
3379 3349 3610 3419 templo,
3655 3350 3798 3404 obti-

2207 3450 2454 3498 nuerunt
2477 3441 2724 3498 secundo
2754 3441 2812 3495 in
2839 3441 3072 3512 gratiam
3097 3439 3199 3496 Dei
3228 3439 3413 3495 redire
3437 3449 3494 3495 et
3525 3441 3794 3511 templum

2206 3531 2511 3598 aediﬁcari;
2563 3545 2665 3586 vos
2720 3530 2885 3601 quale
2945 3539 3235 3600 peccatum
3291 3530 3796 3598 commisistis,.et

2209 3631 2425 3679 tantum
2460 3621 2684 3694 quidem
2727 3631 2787 3676 ut
2835 3621 2981 3676 Deus
3027 3621 3190 3676 vobis
3233 3635 3345 3676 non
3397 3621 3797 3676 restauraverit

2207 3715 2504 3787 templum,
2533 3729 2714 3785 neque
2741 3729 2841 3768 vos
2873 3713 2944 3768 ab
2971 3712 3228 3768 hostibus
3267 3713 3594 3768 reduxerit?
3637 3712 3798 3767 idolis

2208 3809 2379 3882 igitur
2411 3807 2768 3864 sacriﬁcastis
2804 3821 2938 3871 vos,
2969 3814 3030 3860 ut
3057 3813 3246 3876 patres
3284 3805 3480 3870 vestri,
3525 3805 3668 3860 ﬁlios
3705 3822 3800 3860 vc-

2209 3910 2358 3958 stros
2372 3909 2429 3956 et
2447 3898 2628 3954 ﬁlias?
2654 3898 2974 3968 imaginem,
3001 3905 3059 3951 ut
3083 3896 3186 3962 illi,
3211 3895 3524 3952 adorastis?
3551 3896 3794 3952 Minime.

2208 3993 2354 4064 Ergo
2387 3991 2445 4046 in
2497 3989 2708 4060 templo
2760 3989 2970 4044 idolum
3021 3989 3316 4054 statuistis,
3367 3997 3432 4044 ut
3479 3989 3798 4044 Manasses?

2211 4083 2512 4155 prophetas
2543 4080 2871 4136 occidistis?
2913 4080 3169 4135 Minime.
3200 4080 3373 4146 Quam
3407 4079 3479 4134 ob
3509 4095 3730 4134 causam
3769 4097 3799 4134 ιι

2211 4177 2326 4232 Deo
2351 4176 2428 4231 ita
2460 4173 2716 4230 derelicti
2745 4171 3110 4228 estis?Certe
3144 4172 3399 4244 quamvis
3433 4188 3542 4226 non
3574 4171 3797 4234 dicatis,

2209 4267 2427 4339 lapides
2455 4266 2814 4322 clamabunt:
2855 4264 3004 4336 quod
3045 4281 3114 4320 ex
3155 4281 3268 4336 quo
3297 4263 3584 4320 Christum
3619 4264 3800 4318 cruci-

523 4356 689 4410 δωλον
749 4358 1040 4428 ἑστήσατε,
1071 4357 1144 4422 ὼς
1185 4359 1214 4410 6
1268 4358 1614 4430 Μανασσῆς;
1649 4354 1756 4432 ἆρα
1816 4361 2104 4431 προφήτας

2215 4359 2432 4424 ﬁxistis,
2457 4357 2710 4414 derclicti
2740 4357 2944 4413 l'uiSIis.
2986 4357 3071 4413 Ob
3119 4357 3172 4412 id
3223 4373 3403 4428 usque
3450 4357 3635 4412 adhuc
3662 4365 3718 4410 ct
3745 4357 3797 4408 in

525 4449 919 4516 ἀπεκτείνατε;
976 4449 1265 4521 Οὐδαμῶς.
1325 4451 1485 4515 Τίνος
1545 4451 1732 4506 ἕνεκεν
1793 4451 1902 4507 ὑπὸ
1969 4452 2108 4507 Θεοῦ

524 4541 696 4605 οὕτως
743 4543 1244 4614 ἐγκατελείφθητες
1284 4543 1560 4616 Ἀληθῶς,
1591 4544 1696 4598 κᾶν
1725 4545 1884 4614 ὑμεῖς
1917 4546 1994 4617 μὴ
2027 4547 2108 4598 εἶ-

524 4652 685 4702 πητε,
709 4638 758 4688 οἱ
787 4635 924 4688 λίθοι
949 4635 1312 4702 κεκράξονται
1341 4652 1358 4668 ο
1390 4637 1474 4690 ὅτι
1517 4637 1610 4707 ἀφ’
1640 4630 1812 4709 οὗπερ
1844 4637 1937 4691 τὸν
1967 4639 2105 4710 Χρι-

526 4728 648 4780 στὸν
701 4727 1110 4800 ἐσταυρώσατε,
1153 4727 1614 4800 ὲγκατελείφθητε
1638 4743 1652 4758 ⁶
1683 4729 1772 4783 διὰ
1811 4729 1974 4784 τοῦτο
2009 4733 2108 4801 μὲ-

523 4836 614 4888 χρι
644 4818 741 4872 καὶ
797 4817 892 4870 νῦν
922 4819 1012 4873 καὶ
1043 4820 1123 4882 εἰς
1149 4821 1241 4872 τὸν
1281 4819 1458 4873 αἰῶνα
1496 4819 1984 4890 ὲγκατελείφθητε,
2029 4821 2108 4875 δι-

524 4911 946 4984 εσκορπίσθητε,
964 4913 1344 4986 ὲγυμνώθητε,
1373 4914 1719 4987 ἀπερῤίφητε
1733 4915 1828 4968 τοῦ
1849 4915 1980 4968 ναοῦ
2007 4918 2104 4970 καὶ

521 4998 629 5074 τῆξ
646 5005 804 5060 Σιών.
832 5007 895 5059 Oi
920 5006 1030 5078 γὰρ
1051 5005 1288 5078 πατέρες
1319 5007 1470 5079 ὑμῶν
1490 5011 1540 5063 οἱ
1573 5009 2100 5079 μοσχοποιήσαντες,

520 5099 570 5150 οἱ
602 5098 769 5151 πολλὰ
815 5100 1328 5172 παρανομήσαντες,
1369 5101 1464 5155 καὶ
1508 5103 1576 5172 τῇ
1603 5102 1776 5156 εἰκόνι
1807 5105 1872 5174 τῇ
1923 5105 2100 5174 χρυσῇ

521 5191 1021 5260 προσκυνήσαντες,
1053 5192 1150 5246 καὶ
1177 5192 1305 5254 τοὺς
1337 5191 1487 5255 υἱοὺς
1537 5193 1720 5249 αὐτῶν
1752 5193 1848 5246 καὶ
1875 5193 1974 5256 τὰς
2005 5192 2102 5247 θυ-

519 5281 758 5350 γατέρας
787 5280 863 5352 τῷ
887 5281 1120 5352 διαϐόλῳ
1146 5281 1431 5348 θύσαντες,
1463 5284 1834 5357 ἑϐδομήκοντα
1875 5285 1969 5357 ἔτη
2004 5288 2102 5341 καὶ⁹

521 5369 712 5421 ἑκατὸν
739 5370 796 5422 ἐν
825 5370 1102 5426 Βαϐυλῶνι
1134 5373 1392 5444 Περσίδος
1432 5375 1838 5443 παιδευθέντες,
1859 5377 2092 5456 ἀνεκλή-

2212 4459 2543 4524 perpetuum
2605 4449 2895 4514 derelicti,
2951 4448 3225 4519 dispersi,
3271 4448 3502 4513 nudati,
3556 4448 3719 4519 eiecti
3769 4464 3800 4501 e

2211 4541 2422 4612 templo
2443 4549 2498 4596 et
2527 4539 2662 4596 Sion
2707 4537 3031 4593 manebitis.
3061 4538 3254 4594 Patres
3285 4537 3436 4594 enim
3457 4537 3629 4592 vestri
3658 4537 3804 4592 vitu-

2210 4637 2326 4691 lum
2357 4634 2648 4704 ﬁngentes,
2685 4633 2744 4686 in
2795 4629 2986 4685 multis
3019 4630 3196 4701 legem
3229 4630 3523 4694 violantes,
3575 4645 3798 4684 auream

2212 4731 2512 4803 imaginem
2553 4727 2875 4790 adorantes,
2917 4724 3060 4780 ﬁlios
3107 4732 3166 4780 et
3211 4723 3355 4780 ﬁlias
3398 4739 3528 4778 suas
3572 4721 3798 4777 diabolo

2209 4823 2579 4887 immolantes,
2609 4829 2832 4875 centum
2875 4825 2932 4873 et
2961 4817 3308 4888 septuaginta
3345 4815 3504 4870 annis
3535 4815 3590 4868 in
3620 4813 3798 4883 Baby-

2207 4916 2334 4970 lone
2359 4910 2603 4968 Persidis
2623 4909 2830 4974 edocti,
2853 4909 3094 4962 revocati
3125 4916 3289 4972 sunt;
3307 4921 3407 4960 vos
3436 4905 3491 4958 in
3512 4905 3796 4960 Christum

2207 5014 2525 5078 peccantes,
2549 5018 2658 5056 non
2687 5000 2867 5056 solum
2896 5007 3118 5052 centum
3155 5003 3213 5052 et
3236 4994 3585 5066 septuaginta
3614 4995 3796 5060 annis,

2206 5099 2304 5156 sed
2327 5111 2502 5167 usqae
2536 5094 2604 5150 ad
2624 5093 3160 5148 consummationem
3184 5089 3368 5146 saeculi
3388 5088 3590 5160 abiecti
3617 5088 3800 5143 eritis.

2205 5195 2320 5251 Nos
2353 5201 2539 5246 autem
2576 5197 2770 5260 gentes
2806 5186 2903 5241 ﬁlii
2931 5183 3140 5242 Christi
3167 5182 3352 5238 vocati
3391 5198 3604 5246 sumus,
3629 5191 3687 5238 et
3721 5181 3798 5236 ili

2208 5287 2504 5350 servimus,
2528 5290 2587 5338 et
2618 5282 2776 5337 illum
2831 5276 3215 5352 gloriﬁcamus
3236 5290 3345 5330 una
3382 5289 3512 5330 cum
3541 5274 3707 5330 Patre
3743 5281 3799 5327 et

2206 5390 2396 5446 sancto
2425 5377 2548 5450 ejus
2577 5373 2789 5446 Spiritu
2824 5371 2882 5426 in
2921 5368 3119 5426 secula
3148 5366 3503 5423 saeculorum.
3527 5366 3726 5422 Amen.

526 5463 721 5530 θησαν.
774 5462 961 5534 Ὑμεῖς
993 5464 1049 5518 δὲ
1078 5466 1125 5518 οἱ
1179 5467 1235 5519 ἐν
1266 5466 1490 5540 Χριστῷ
1533 5468 1988 5543 ἁμαρτήσαντες,
2027 5483 2125 5554 οὐχ
2193 5477 2568 5545 ἑὸδομήκοντα
2616 5467 2740 5523 οὐδὲ
2781 5463 2976 5518 ἑκατὸν
3015 5461 3113 5531 ἔτη
3163 5461 3322 5554 μόνᾳν
3363 5459 3487 5554 ﬁn:
3525 5458 3653 5554 ‘6”?
3701 5459 3800 5554 ’ῗῆς

529 5557 849 5622 συντελείας
894 5558 989 5612 τοῦ
1043 5561 1239 5625 αἰῶνος
1293 5561 1641 5636 ἐξεϐλήθητε.
1727 5568 1918 5638 Ἡμεῖς
1970 5573 2026 5626 δὲ
2187 5573 2338 5642 ἔθνη,
2375 5567 2482 5622 υἱοὶ
2510 5559 2751 5634 Χριστοῦ
2807 5555 3140 5628 ὲκλήθημεν,
3203 5553 3300 5608 καὶ
3348 5552 3498 5623 αὐτῷ
3546 5550 3798 5606 δουλεύο-

531 5672 652 5728 μεν,
689 5656 781 5708 λαὶ
809 5655 958 5725 αὖτῷ
988 5655 1280 5728 δοξάζομεν
1305 5656 1418 5728 ἅμα
1455 5658 1530 5730 τῷ
1556 5663 1727 5732 Πατρὶ
1763 5665 1858 5719 σῦν
1888 5665 1964 5737 τῷ
1998 5667 2137 5738 ἁγίῳ
2167 5665 2333 5721 αὕτοῦ
2371 5659 2650 5731 Ιινεύματι
2680 5657 2760 5718 εἰς
2799 5668 2926 5714 τνυς
2965 5649 3170 5713 αἰῶνας
3197 5646 3306 5702 τῶν
3345 5645 3580 5701 αἰώνων.
3601 5645 3793 5716 ’Δρήιη

596 5750 642 5782 ⁸⁸
671 5751 811 5809 Psal.
835 5767 917 5818 ον,
950 5753 1130 5824 57,ιι.
