  <div class='ocr_page' id='page_1' title='image "/cluster/home/n/w/nwhite01/storage/ocr_20150623/89/coo.31924054869932/635.png"; bbox 0 0 4098 6440; ppageno 0'>
   <div class='ocr_carea' id='block_1_1' title="bbox 514 360 3759 507">
    <p class='ocr_par' dir='ltr' id='par_1_1' title="bbox 514 360 3759 507">
     <span class='ocr_line' id='line_1_1' title="bbox 514 360 3759 507; baseline 0.024 -80"><span class='ocrx_word' id='word_1_1' title='bbox 514 360 651 428; x_wconf 56' lang='grc'><strong>1219</strong></span> <span class='ocrx_word' id='word_1_2' title='bbox 936 484 939 487; x_wconf 8' lang='grc' dir='ltr'>ἰ</span> <span class='ocrx_word' id='word_1_3' title='bbox 1700 394 1757 454; x_wconf 88' lang='lat' dir='ltr'><strong>S.</strong></span> <span class='ocrx_word' id='word_1_4' title='bbox 1800 396 2196 464; x_wconf 51' lang='lat' dir='ltr'><strong>,‘tNiSTASii</strong></span> <span class='ocrx_word' id='word_1_5' title='bbox 2242 404 2567 471; x_wconf 76' lang='lat' dir='ltr'><strong>Sl.\&#39;.~\iT.E</strong></span> <span class='ocrx_word' id='word_1_6' title='bbox 3636 436 3759 507; x_wconf 64' lang='lat' dir='ltr'><strong>19K!</strong></span> 
     </span>
    </p>
   </div>
   <div class='ocr_carea' id='block_1_2' title="bbox 521 588 1751 625">
    <p class='ocr_par' dir='ltr' id='par_1_2' title="bbox 521 588 1751 625">
     <span class='ocr_line' id='line_1_2' title="bbox 521 588 1751 625; baseline 0.011 -25"><span class='ocrx_word' id='word_1_7' title='bbox 521 588 1751 625; x_wconf 59' lang='grc' dir='ltr'>Μ</span> 
     </span>
    </p>
   </div>
   <div class='ocr_carea' id='block_1_3' title="bbox 2789 640 3741 678">
    <p class='ocr_par' dir='ltr' id='par_1_3' title="bbox 2789 640 3741 678">
     <span class='ocr_line' id='line_1_3' title="bbox 2789 640 3741 678; baseline 0.011 -25"><span class='ocrx_word' id='word_1_8' title='bbox 2789 640 3741 678; x_wconf 70' lang='lat'><strong>__.___._..._________________</strong></span> 
     </span>
    </p>
   </div>
   <div class='ocr_carea' id='block_1_4' title="bbox 1291 754 3011 875">
    <p class='ocr_par' dir='ltr' id='par_1_4' title="bbox 1291 754 3011 875">
     <span class='ocr_line' id='line_1_4' title="bbox 1291 754 3011 875; baseline 0.02 -39"><span class='ocrx_word' id='word_1_9' title='bbox 1291 754 1520 840; x_wconf 89' lang='grc' dir='ltr'><strong>ΤΟΥ</strong></span> <span class='ocrx_word' id='word_1_10' title='bbox 1592 758 1970 850; x_wconf 82' lang='grc' dir='ltr'>ΑΥΤΟΥ</span> <span class='ocrx_word' id='word_1_11' title='bbox 2042 769 2369 859; x_wconf 86' lang='grc' dir='ltr'><strong>ΤΡΙΤΗ</strong></span> <span class='ocrx_word' id='word_1_12' title='bbox 2447 780 3011 875; x_wconf 82' lang='grc' dir='ltr'><strong>ΕΡΩΤΗΣΙΣ.</strong></span> 
     </span>
    </p>
   </div>
   <div class='ocr_carea' id='block_1_5' title="bbox 1064 1045 3182 1215">
    <p class='ocr_par' dir='ltr' id='par_1_5' title="bbox 1064 1045 3182 1215">
     <span class='ocr_line' id='line_1_5' title="bbox 1064 1045 3182 1215; baseline 0.018 -41"><span class='ocrx_word' id='word_1_13' title='bbox 1064 1089 1600 1179; x_wconf 85' lang='lat' dir='ltr'><strong>EJUSDEM</strong></span> <span class='ocrx_word' id='word_1_14' title='bbox 1707 1094 2151 1186; x_wconf 77' lang='lat' dir='ltr'><strong>TERTIA</strong></span> <span class='ocrx_word' id='word_1_15' title='bbox 2228 1045 3182 1215; x_wconf 59' lang='lat' dir='ltr'><strong>INTERROGATIO.</strong></span> 
     </span>
    </p>
   </div>
   <div class='ocr_carea' id='block_1_6' title="bbox 556 1438 2012 1551">
    <p class='ocr_par' dir='ltr' id='par_1_6' title="bbox 556 1438 2012 1513">
     <span class='ocr_line' id='line_1_6' title="bbox 556 1438 2012 1513; baseline 0.006 -20"><span class='ocrx_word' id='word_1_16' title='bbox 556 1438 880 1494; x_wconf 82' lang='lat' dir='ltr'><strong>Dicite&#39;mihi</strong></span> <span class='ocrx_word' id='word_1_17' title='bbox 900 1458 914 1495; x_wconf 92' lang='lat'><strong>:</strong></span> <span class='ocrx_word' id='word_1_18' title='bbox 932 1439 1185 1496; x_wconf 86' lang='lat' dir='ltr'><strong>Messiam</strong></span> <span class='ocrx_word' id='word_1_19' title='bbox 1208 1456 1375 1511; x_wconf 81' lang='lat' dir='ltr'><strong>quem</strong></span> <span class='ocrx_word' id='word_1_20' title='bbox 1399 1443 1733 1513; x_wconf 72' lang='lat' dir='ltr'><strong>exspectatis</strong></span> <span class='ocrx_word' id='word_1_21' title='bbox 1748 1460 1846 1499; x_wconf 89' lang='lat' dir='ltr'><strong>vos</strong></span> <span class='ocrx_word' id='word_1_22' title='bbox 1859 1444 1888 1501; x_wconf 86' lang='lat' dir='ltr'><strong>J</strong></span> <span class='ocrx_word' id='word_1_23' title='bbox 1896 1447 2012 1502; x_wconf 67' lang='lat' dir='ltr'><strong>uda:</strong></span> 
     </span>
    </p>
   </div>
   <div class='ocr_carea' id='block_1_7' title="bbox 2114 1438 3744 1551">
    <p class='ocr_par' dir='ltr' id='par_1_7' title="bbox 2114 1450 3744 1551">
     <span class='ocr_line' id='line_1_7' title="bbox 2114 1450 3744 1551; baseline 0.022 -48"><span class='ocrx_word' id='word_1_24' title='bbox 2114 1451 2132 1506; x_wconf 75' lang='grc' dir='ltr'><strong>ι</strong></span> <span class='ocrx_word' id='word_1_25' title='bbox 2179 1542 2192 1551; x_wconf 30' lang='grc' dir='ltr'><strong>Α</strong></span> <span class='ocrx_word' id='word_1_26' title='bbox 2233 1450 2439 1507; x_wconf 79' lang='grc' dir='ltr'>Εἴπατέ</span> <span class='ocrx_word' id='word_1_27' title='bbox 2468 1472 2595 1524; x_wconf 81' lang='grc' dir='ltr'>μοι’</span> <span class='ocrx_word' id='word_1_28' title='bbox 2626 1459 2717 1512; x_wconf 82' lang='grc' dir='ltr'>τὸν</span> <span class='ocrx_word' id='word_1_29' title='bbox 2753 1461 3077 1551; x_wconf 76' lang='grc' dir='ltr'>ἠλειμμένον</span> <span class='ocrx_word' id='word_1_30' title='bbox 3102 1468 3160 1522; x_wconf 81' lang='grc' dir='ltr'>ὃν</span> <span class='ocrx_word' id='word_1_31' title='bbox 3188 1472 3479 1544; x_wconf 81' lang='grc' dir='ltr'><strong>ἐκδέχεσθε</strong></span> <span class='ocrx_word' id='word_1_32' title='bbox 3512 1480 3676 1551; x_wconf 75' lang='grc' dir='ltr'>ὑμεῖς</span> <span class='ocrx_word' id='word_1_33' title='bbox 3698 1486 3744 1539; x_wconf 80' lang='lat' dir='ltr'><strong>oi</strong></span> 
     </span>
    </p>
   </div>
   <div class='ocr_carea' id='block_1_8' title="bbox 483 1531 2012 1638">
    <p class='ocr_par' dir='ltr' id='par_1_8' title="bbox 483 1531 2007 1608">
     <span class='ocr_line' id='line_1_8' title="bbox 483 1531 2007 1608; baseline 0.005 -25"><span class='ocrx_word' id='word_1_34' title='bbox 483 1531 610 1600; x_wconf 92' lang='lat' dir='ltr'><strong>quis</strong></span> <span class='ocrx_word' id='word_1_35' title='bbox 643 1547 765 1587; x_wconf 90' lang='lat' dir='ltr'><strong>esse</strong></span> <span class='ocrx_word' id='word_1_36' title='bbox 808 1532 1019 1588; x_wconf 87' lang='lat' dir='ltr'><strong>debet?</strong></span> <span class='ocrx_word' id='word_1_37' title='bbox 1052 1532 1276 1589; x_wconf 72' lang='lat' dir='ltr'><strong>Judzeus</strong></span> <span class='ocrx_word' id='word_1_38' title='bbox 1322 1534 1499 1606; x_wconf 85' lang='lat' dir='ltr'><strong>legem</strong></span> <span class='ocrx_word' id='word_1_39' title='bbox 1549 1535 1750 1608; x_wconf 81' lang='lat' dir='ltr'><strong>Moysis</strong></span> <span class='ocrx_word' id='word_1_40' title='bbox 1798 1552 2007 1607; x_wconf 89' lang='lat' dir='ltr'><strong>sequen</strong></span> 
     </span>
    </p>
   </div>
   <div class='ocr_carea' id='block_1_9' title="bbox 2114 1531 3744 1638">
    <p class='ocr_par' dir='ltr' id='par_1_9' title="bbox 2179 1531 3744 1638">
     <span class='ocr_line' id='line_1_9' title="bbox 2179 1531 3744 1638; baseline 0.024 -44"><span class='ocrx_word' id='word_1_41' title='bbox 2179 1542 2422 1599; x_wconf 85' lang='grc' dir='ltr'>Ἰουδαῖοι</span> <span class='ocrx_word' id='word_1_42' title='bbox 2467 1549 2520 1600; x_wconf 89' lang='grc' dir='ltr'><strong>τί</strong></span> <span class='ocrx_word' id='word_1_43' title='bbox 2570 1551 2758 1620; x_wconf 80' lang='grc' dir='ltr'><strong>μέλλει</strong></span> <span class='ocrx_word' id='word_1_44' title='bbox 2796 1550 2936 1610; x_wconf 82' lang='grc' dir='ltr'>εἶναι</span> <span class='ocrx_word' id='word_1_45' title='bbox 2967 1575 2981 1622; x_wconf 86' lang='lat'><strong>;</strong></span> <span class='ocrx_word' id='word_1_46' title='bbox 3026 1561 3277 1628; x_wconf 82' lang='grc' dir='ltr'>Ἰουδαῖος</span> <span class='ocrx_word' id='word_1_47' title='bbox 3310 1531 3424 1638; x_wconf 52' lang='grc' dir='ltr'>ἆρα</span> <span class='ocrx_word' id='word_1_48' title='bbox 3458 1531 3744 1635; x_wconf 46' lang='grc' dir='ltr'>ἐξαικολὶυ-</span> 
     </span>
    </p>
   </div>
   <div class='ocr_carea' id='block_1_10' title="bbox 480 1622 2012 1733">
    <p class='ocr_par' dir='ltr' id='par_1_10' title="bbox 480 1622 2012 1700">
     <span class='ocr_line' id='line_1_10' title="bbox 480 1622 2012 1700; baseline 0.003 -23"><span class='ocrx_word' id='word_1_49' title='bbox 480 1639 550 1678; x_wconf 89' lang='lat' dir='ltr'><strong>an</strong></span> <span class='ocrx_word' id='word_1_50' title='bbox 582 1622 932 1679; x_wconf 87' lang='lat' dir='ltr'><strong>Christianus</strong></span> <span class='ocrx_word' id='word_1_51' title='bbox 963 1641 1234 1695; x_wconf 89' lang='lat' dir='ltr'><strong>spernens</strong></span> <span class='ocrx_word' id='word_1_52' title='bbox 1268 1635 1325 1680; x_wconf 82' lang='lat' dir='ltr'><strong>et</strong></span> <span class='ocrx_word' id='word_1_53' title='bbox 1353 1628 1770 1698; x_wconf 83' lang='lat' dir='ltr'><strong>transgrediens</strong></span> <span class='ocrx_word' id='word_1_54' title='bbox 1795 1630 1971 1700; x_wconf 79' lang='lat' dir='ltr'><strong>legem</strong></span> <span class='ocrx_word' id='word_1_55' title='bbox 2004 1650 2012 1681; x_wconf 75' lang='grc'><strong>4</strong></span> 
     </span>
    </p>
   </div>
   <div class='ocr_carea' id='block_1_11' title="bbox 2114 1622 3738 1733">
    <p class='ocr_par' dir='ltr' id='par_1_11' title="bbox 2163 1622 3738 1733">
     <span class='ocr_line' id='line_1_11' title="bbox 2163 1622 3738 1733; baseline 0.023 -48"><span class='ocrx_word' id='word_1_56' title='bbox 2163 1632 2272 1688; x_wconf 77' lang='grc' dir='ltr'>θῶν</span> <span class='ocrx_word' id='word_1_57' title='bbox 2295 1637 2384 1690; x_wconf 78' lang='grc' dir='ltr'>τὸν</span> <span class='ocrx_word' id='word_1_58' title='bbox 2414 1632 2579 1707; x_wconf 80' lang='grc' dir='ltr'>νόμον</span> <span class='ocrx_word' id='word_1_59' title='bbox 2612 1644 2911 1713; x_wconf 81' lang='grc' dir='ltr'>Μωῦσέως,</span> <span class='ocrx_word' id='word_1_60' title='bbox 2938 1650 2975 1720; x_wconf 82' lang='grc' dir='ltr'>ἦ</span> <span class='ocrx_word' id='word_1_61' title='bbox 3011 1622 3738 1733; x_wconf 39' lang='grc' dir='ltr'>Χριστιανὸςααταίρρονίῦν</span> 
     </span>
    </p>
   </div>
   <div class='ocr_carea' id='block_1_12' title="bbox 479 1712 2012 1821">
    <p class='ocr_par' dir='ltr' id='par_1_12' title="bbox 479 1717 2012 1778">
     <span class='ocr_line' id='line_1_12' title="bbox 479 1717 2012 1778; baseline 0.005 -7"><span class='ocrx_word' id='word_1_62' title='bbox 479 1717 748 1773; x_wconf 77' lang='lat' dir='ltr'><strong>sacriﬁcia</strong></span> <span class='ocrx_word' id='word_1_63' title='bbox 778 1717 1048 1773; x_wconf 81' lang='lat' dir='ltr'><strong>abolens?</strong></span> <span class='ocrx_word' id='word_1_64' title='bbox 1070 1718 1185 1773; x_wconf 80' lang='lat' dir='ltr'><strong>srio</strong></span> <span class='ocrx_word' id='word_1_65' title='bbox 1208 1721 1354 1774; x_wconf 88' lang='lat' dir='ltr'><strong>enim</strong></span> <span class='ocrx_word' id='word_1_66' title='bbox 1388 1721 1545 1775; x_wconf 88' lang='lat' dir='ltr'><strong>vobis</strong></span> <span class='ocrx_word' id='word_1_67' title='bbox 1573 1720 1870 1776; x_wconf 87' lang='lat' dir='ltr'><strong>dicendum</strong></span> <span class='ocrx_word' id='word_1_68' title='bbox 1894 1738 2012 1778; x_wconf 91' lang='lat' dir='ltr'><strong>esse</strong></span> 
     </span>
    </p>
   </div>
   <div class='ocr_carea' id='block_1_13' title="bbox 2114 1712 3771 1821">
    <p class='ocr_par' dir='ltr' id='par_1_13' title="bbox 2161 1712 3771 1821">
     <span class='ocr_line' id='line_1_13' title="bbox 2964 1712 3737 1733; baseline 0.021 -13"><span class='ocrx_word' id='word_1_69' title='bbox 2964 1712 2975 1720; x_wconf 89' lang='lat'>.</span> <span class='ocrx_word' id='word_1_70' title='bbox 3064 1712 3076 1724; x_wconf 86' lang='lat'><em>.</em></span> <span class='ocrx_word' id='word_1_71' title='bbox 3320 1712 3335 1722; x_wconf 76' lang='grc' dir='ltr'><em>υ</em></span> <span class='ocrx_word' id='word_1_72' title='bbox 3418 1712 3443 1714; x_wconf 50' lang='grc' dir='ltr'>-ν</span> <span class='ocrx_word' id='word_1_73' title='bbox 3465 1712 3475 1714; x_wconf 65' lang='grc'>⁷</span> <span class='ocrx_word' id='word_1_74' title='bbox 3491 1712 3521 1716; x_wconf 61' lang='grc' dir='ltr'>τ’</span> <span class='ocrx_word' id='word_1_75' title='bbox 3534 1712 3557 1730; x_wconf 75' lang='grc' dir='ltr'>ῐ</span> <span class='ocrx_word' id='word_1_76' title='bbox 3573 1712 3598 1733; x_wconf 78' lang='grc' dir='ltr'>Γ</span> <span class='ocrx_word' id='word_1_77' title='bbox 3614 1712 3630 1718; x_wconf 87' lang='lat'>&#39;</span> <span class='ocrx_word' id='word_1_78' title='bbox 3646 1712 3657 1719; x_wconf 84' lang='lat'><strong><em>&#39;</em></strong></span> <span class='ocrx_word' id='word_1_79' title='bbox 3668 1712 3707 1721; x_wconf 81' lang='lat'><strong>&quot;&#39;</strong></span> <span class='ocrx_word' id='word_1_80' title='bbox 3719 1712 3737 1722; x_wconf 85' lang='lat'><em>&#39;</em></span> 
     </span>
     <span class='ocr_line' id='line_1_14' title="bbox 2161 1712 3771 1821; baseline 0.021 -43"><span class='ocrx_word' id='word_1_81' title='bbox 2161 1728 2258 1779; x_wconf 77' lang='grc' dir='ltr'>καὶ</span> <span class='ocrx_word' id='word_1_82' title='bbox 2285 1732 2640 1798; x_wconf 78' lang='grc' dir='ltr'>παραϐαίνων</span> <span class='ocrx_word' id='word_1_83' title='bbox 2657 1736 2748 1788; x_wconf 66' lang='grc' dir='ltr'><strong>τον</strong></span> <span class='ocrx_word' id='word_1_84' title='bbox 2769 1740 2935 1809; x_wconf 79' lang='grc' dir='ltr'>νόμον</span> <span class='ocrx_word' id='word_1_85' title='bbox 2956 1744 3050 1796; x_wconf 73' lang='grc' dir='ltr'><strong>καὶ</strong></span> <span class='ocrx_word' id='word_1_86' title='bbox 3082 1745 3178 1807; x_wconf 72' lang='grc' dir='ltr'>τὰς</span> <span class='ocrx_word' id='word_1_87' title='bbox 3201 1747 3391 1814; x_wconf 81' lang='grc' dir='ltr'>θυσίας</span> <span class='ocrx_word' id='word_1_88' title='bbox 3413 1755 3729 1821; x_wconf 81' lang='grc' dir='ltr'>καταλύων;</span> <span class='ocrx_word' id='word_1_89' title='bbox 3758 1712 3771 1819; x_wconf 78' lang='lat' dir='ltr'><strong>l</strong></span> 
     </span>
    </p>
   </div>
   <div class='ocr_carea' id='block_1_14' title="bbox 475 1809 2054 1883">
    <p class='ocr_par' dir='ltr' id='par_1_14' title="bbox 475 1809 2054 1883">
     <span class='ocr_line' id='line_1_15' title="bbox 475 1809 2054 1883; baseline 0.004 -21"><span class='ocrx_word' id='word_1_90' title='bbox 475 1809 700 1868; x_wconf 71' lang='lat' dir='ltr'><strong>.hulzeus</strong></span> <span class='ocrx_word' id='word_1_91' title='bbox 741 1819 921 1865; x_wconf 78' lang='lat' dir='ltr'><strong>estex</strong></span> <span class='ocrx_word' id='word_1_92' title='bbox 957 1811 1183 1876; x_wconf 56' lang='lat' dir='ltr'><strong>ludatis,</strong></span> <span class='ocrx_word' id='word_1_93' title='bbox 1217 1809 1362 1867; x_wconf 84' lang='lat' dir='ltr'><strong>ﬁlius</strong></span> <span class='ocrx_word' id='word_1_94' title='bbox 1406 1812 1574 1867; x_wconf 79' lang='lat' dir='ltr'><strong>David</strong></span> <span class='ocrx_word' id='word_1_95' title='bbox 1624 1814 1801 1883; x_wconf 89' lang='lat' dir='ltr'><strong>patris</strong></span> <span class='ocrx_word' id='word_1_96' title='bbox 1856 1815 2054 1881; x_wconf 79' lang='lat' dir='ltr'><strong>nostri,</strong></span> 
     </span>
    </p>
   </div>
   <div class='ocr_carea' id='block_1_15' title="bbox 471 1902 2050 1975">
    <p class='ocr_par' dir='ltr' id='par_1_15' title="bbox 471 1902 2050 1975">
     <span class='ocr_line' id='line_1_16' title="bbox 471 1902 2050 1975; baseline 0.002 -19"><span class='ocrx_word' id='word_1_97' title='bbox 471 1904 646 1975; x_wconf 80' lang='lat' dir='ltr'><strong>legem</strong></span> <span class='ocrx_word' id='word_1_98' title='bbox 698 1916 950 1964; x_wconf 80' lang='lat' dir='ltr'><strong>servans,</strong></span> <span class='ocrx_word' id='word_1_99' title='bbox 983 1902 1252 1957; x_wconf 82' lang='lat' dir='ltr'><strong>sacriﬁcia</strong></span> <span class='ocrx_word' id='word_1_100' title='bbox 1302 1912 1626 1959; x_wconf 85' lang='lat' dir='ltr'><strong>restaurans</strong></span> <span class='ocrx_word' id='word_1_101' title='bbox 1684 1915 1741 1960; x_wconf 88' lang='lat' dir='ltr'><strong>et</strong></span> <span class='ocrx_word' id='word_1_102' title='bbox 1801 1914 2050 1960; x_wconf 87' lang='lat' dir='ltr'><strong>nostrum</strong></span> 
     </span>
    </p>
   </div>
   <div class='ocr_carea' id='block_1_16' title="bbox 468 1996 2049 2068">
    <p class='ocr_par' dir='ltr' id='par_1_16' title="bbox 468 1996 2049 2068">
     <span class='ocr_line' id='line_1_17' title="bbox 468 1996 2049 2068; baseline 0.003 -18"><span class='ocrx_word' id='word_1_103' title='bbox 468 2014 664 2067; x_wconf 84' lang='lat' dir='ltr'><strong>genus.</strong></span> <span class='ocrx_word' id='word_1_104' title='bbox 690 1999 865 2054; x_wconf 87' lang='lat' dir='ltr'><strong>Dicite</strong></span> <span class='ocrx_word' id='word_1_105' title='bbox 892 1999 1027 2053; x_wconf 90' lang='lat' dir='ltr'><strong>mihi</strong></span> <span class='ocrx_word' id='word_1_106' title='bbox 1049 2017 1062 2053; x_wconf 88' lang='lat'>:</span> <span class='ocrx_word' id='word_1_107' title='bbox 1086 1996 1230 2066; x_wconf 76' lang='lat' dir='ltr'><strong>Quot</strong></span> <span class='ocrx_word' id='word_1_108' title='bbox 1262 1997 1391 2056; x_wconf 78' lang='lat' dir='ltr'><strong>anni</strong></span> <span class='ocrx_word' id='word_1_109' title='bbox 1417 2007 1547 2052; x_wconf 92' lang='lat' dir='ltr'><strong>sunt</strong></span> <span class='ocrx_word' id='word_1_110' title='bbox 1572 2014 1601 2051; x_wconf 91' lang='lat' dir='ltr'><strong>a</strong></span> <span class='ocrx_word' id='word_1_111' title='bbox 1638 1999 1811 2068; x_wconf 86' lang='lat' dir='ltr'><strong>prima</strong></span> <span class='ocrx_word' id='word_1_112' title='bbox 1834 1999 2049 2054; x_wconf 70' lang='lat' dir='ltr'><strong>Iudaeo-</strong></span> 
     </span>
    </p>
   </div>
   <div class='ocr_carea' id='block_1_17' title="bbox 469 2092 2047 2159">
    <p class='ocr_par' dir='ltr' id='par_1_17' title="bbox 469 2092 2047 2159">
     <span class='ocr_line' id='line_1_18' title="bbox 469 2092 2047 2159; baseline 0.004 -16"><span class='ocrx_word' id='word_1_113' title='bbox 469 2106 589 2144; x_wconf 90' lang='lat' dir='ltr'><strong>rum</strong></span> <span class='ocrx_word' id='word_1_114' title='bbox 616 2092 937 2159; x_wconf 84' lang='lat' dir='ltr'><strong>captivitate</strong></span> <span class='ocrx_word' id='word_1_115' title='bbox 958 2092 1062 2147; x_wconf 85' lang='lat' dir='ltr'><strong>sub</strong></span> <span class='ocrx_word' id='word_1_116' title='bbox 1086 2093 1598 2149; x_wconf 79' lang='lat' dir='ltr'><strong>Nabuchodonosor</strong></span> <span class='ocrx_word' id='word_1_117' title='bbox 1631 2093 1834 2151; x_wconf 80' lang='lat' dir='ltr'><strong>Persa?</strong></span> <span class='ocrx_word' id='word_1_118' title='bbox 1860 2092 2047 2152; x_wconf 79' lang='lat' dir='ltr'><strong>dicere</strong></span> 
     </span>
    </p>
   </div>
   <div class='ocr_carea' id='block_1_18' title="bbox 465 2183 2043 2259">
    <p class='ocr_par' dir='ltr' id='par_1_18' title="bbox 465 2183 2043 2259">
     <span class='ocr_line' id='line_1_19' title="bbox 465 2183 2043 2259; baseline 0.008 -25"><span class='ocrx_word' id='word_1_119' title='bbox 465 2192 729 2248; x_wconf 90' lang='lat' dir='ltr'><strong>possunt:</strong></span> <span class='ocrx_word' id='word_1_120' title='bbox 756 2183 901 2238; x_wconf 85' lang='lat' dir='ltr'><strong>Mille</strong></span> <span class='ocrx_word' id='word_1_121' title='bbox 930 2185 1059 2239; x_wconf 90' lang='lat' dir='ltr'><strong>anni</strong></span> <span class='ocrx_word' id='word_1_122' title='bbox 1084 2193 1139 2240; x_wconf 90' lang='lat' dir='ltr'><strong>et</strong></span> <span class='ocrx_word' id='word_1_123' title='bbox 1178 2187 1447 2255; x_wconf 83' lang='lat' dir='ltr'><strong>amplius;</strong></span> <span class='ocrx_word' id='word_1_124' title='bbox 1482 2197 1539 2242; x_wconf 85' lang='lat' dir='ltr'><strong>et</strong></span> <span class='ocrx_word' id='word_1_125' title='bbox 1571 2188 1644 2242; x_wconf 89' lang='lat' dir='ltr'><strong>ita</strong></span> <span class='ocrx_word' id='word_1_126' title='bbox 1678 2190 1901 2259; x_wconf 82' lang='lat' dir='ltr'><strong>quidem</strong></span> <span class='ocrx_word' id='word_1_127' title='bbox 1937 2202 2043 2247; x_wconf 85' lang='lat' dir='ltr'><strong>est.</strong></span> 
     </span>
    </p>
   </div>
   <div class='ocr_carea' id='block_1_19' title="bbox 461 2274 2040 2348">
    <p class='ocr_par' dir='ltr' id='par_1_19' title="bbox 461 2274 2040 2348">
     <span class='ocr_line' id='line_1_20' title="bbox 461 2274 2040 2348; baseline 0.009 -21"><span class='ocrx_word' id='word_1_128' title='bbox 461 2274 530 2328; x_wconf 83' lang='lat' dir='ltr'><strong>Et</strong></span> <span class='ocrx_word' id='word_1_129' title='bbox 564 2275 651 2330; x_wconf 92' lang='lat' dir='ltr'><strong>his</strong></span> <span class='ocrx_word' id='word_1_130' title='bbox 692 2276 819 2331; x_wconf 87' lang='lat' dir='ltr'><strong>dico</strong></span> <span class='ocrx_word' id='word_1_131' title='bbox 855 2294 868 2330; x_wconf 90' lang='lat'><strong>:</strong></span> <span class='ocrx_word' id='word_1_132' title='bbox 910 2277 1123 2342; x_wconf 79' lang='lat' dir='ltr'><strong>Videte,</strong></span> <span class='ocrx_word' id='word_1_133' title='bbox 1157 2280 1303 2348; x_wconf 91' lang='lat' dir='ltr'><strong>quod</strong></span> <span class='ocrx_word' id='word_1_134' title='bbox 1340 2280 1580 2347; x_wconf 79' lang='lat' dir='ltr'><strong>dixistis,</strong></span> <span class='ocrx_word' id='word_1_135' title='bbox 1611 2281 1891 2339; x_wconf 81' lang='lat' dir='ltr'><strong>Christum</strong></span> <span class='ocrx_word' id='word_1_136' title='bbox 1943 2302 2040 2340; x_wconf 83' lang='lat' dir='ltr'><strong>ve-</strong></span> 
     </span>
    </p>
   </div>
   <div class='ocr_carea' id='block_1_20' title="bbox 456 2369 2037 2440">
    <p class='ocr_par' dir='ltr' id='par_1_20' title="bbox 456 2369 2037 2440">
     <span class='ocr_line' id='line_1_21' title="bbox 456 2369 2037 2440; baseline 0.009 -20"><span class='ocrx_word' id='word_1_137' title='bbox 456 2377 630 2421; x_wconf 85' lang='lat' dir='ltr'><strong>strum</strong></span> <span class='ocrx_word' id='word_1_138' title='bbox 657 2369 753 2439; x_wconf 86' lang='lat' dir='ltr'><strong>qui</strong></span> <span class='ocrx_word' id='word_1_139' title='bbox 800 2371 950 2424; x_wconf 83' lang='lat' dir='ltr'><strong>venit</strong></span> <span class='ocrx_word' id='word_1_140' title='bbox 998 2371 1248 2427; x_wconf 70' lang='lat' dir='ltr'><strong>Judaeum</strong></span> <span class='ocrx_word' id='word_1_141' title='bbox 1288 2388 1432 2440; x_wconf 87' lang='lat' dir='ltr'><strong>esse,</strong></span> <span class='ocrx_word' id='word_1_142' title='bbox 1465 2382 1522 2429; x_wconf 90' lang='lat' dir='ltr'><strong>et</strong></span> <span class='ocrx_word' id='word_1_143' title='bbox 1568 2376 1723 2430; x_wconf 92' lang='lat' dir='ltr'><strong>illum</strong></span> <span class='ocrx_word' id='word_1_144' title='bbox 1766 2378 2037 2434; x_wconf 88' lang='lat' dir='ltr'><strong>sacriﬁcia</strong></span> 
     </span>
    </p>
   </div>
   <div class='ocr_carea' id='block_1_21' title="bbox 452 2458 2034 2531">
    <p class='ocr_par' dir='ltr' id='par_1_21' title="bbox 452 2458 2034 2531">
     <span class='ocr_line' id='line_1_22' title="bbox 452 2458 2034 2531; baseline 0.01 -21"><span class='ocrx_word' id='word_1_145' title='bbox 452 2458 690 2515; x_wconf 78' lang='lat' dir='ltr'><strong>Mosaica</strong></span> <span class='ocrx_word' id='word_1_146' title='bbox 739 2477 1010 2518; x_wconf 87' lang='lat' dir='ltr'><strong>renovare</strong></span> <span class='ocrx_word' id='word_1_147' title='bbox 1068 2472 1125 2519; x_wconf 91' lang='lat' dir='ltr'><strong>et</strong></span> <span class='ocrx_word' id='word_1_148' title='bbox 1175 2465 1487 2531; x_wconf 83' lang='lat' dir='ltr'><strong>immolare,</strong></span> <span class='ocrx_word' id='word_1_149' title='bbox 1543 2477 1599 2521; x_wconf 87' lang='lat' dir='ltr'><strong>et</strong></span> <span class='ocrx_word' id='word_1_150' title='bbox 1643 2470 1889 2524; x_wconf 86' lang='lat' dir='ltr'><strong>nondum</strong></span> <span class='ocrx_word' id='word_1_151' title='bbox 1939 2487 2034 2525; x_wconf 81' lang='lat' dir='ltr'><strong>ve-</strong></span> 
     </span>
    </p>
   </div>
   <div class='ocr_carea' id='block_1_22' title="bbox 450 2549 2031 2628">
    <p class='ocr_par' dir='ltr' id='par_1_22' title="bbox 450 2549 2031 2628">
     <span class='ocr_line' id='line_1_23' title="bbox 450 2549 2031 2628; baseline 0.009 -25"><span class='ocrx_word' id='word_1_152' title='bbox 450 2549 624 2615; x_wconf 82' lang='lat' dir='ltr'><strong>nisse,</strong></span> <span class='ocrx_word' id='word_1_153' title='bbox 673 2560 730 2606; x_wconf 89' lang='lat' dir='ltr'><strong>et</strong></span> <span class='ocrx_word' id='word_1_154' title='bbox 775 2568 807 2607; x_wconf 89' lang='lat' dir='ltr'><strong>a</strong></span> <span class='ocrx_word' id='word_1_155' title='bbox 854 2553 1368 2611; x_wconf 81' lang='lat' dir='ltr'><strong>Nabuchodonosor</strong></span> <span class='ocrx_word' id='word_1_156' title='bbox 1416 2558 1641 2628; x_wconf 87' lang='lat' dir='ltr'><strong>quando</strong></span> <span class='ocrx_word' id='word_1_157' title='bbox 1687 2569 1807 2614; x_wconf 88' lang='lat' dir='ltr'><strong>erat</strong></span> <span class='ocrx_word' id='word_1_158' title='bbox 1846 2562 2031 2617; x_wconf 90' lang='lat' dir='ltr'><strong>Daniel</strong></span> 
     </span>
    </p>
   </div>
   <div class='ocr_carea' id='block_1_23' title="bbox 450 2643 2031 2720">
    <p class='ocr_par' dir='ltr' id='par_1_23' title="bbox 450 2643 2031 2720">
     <span class='ocr_line' id='line_1_24' title="bbox 450 2643 2031 2720; baseline 0.008 -24"><span class='ocrx_word' id='word_1_159' title='bbox 450 2643 744 2714; x_wconf 86' lang='lat' dir='ltr'><strong>Babylone,</strong></span> <span class='ocrx_word' id='word_1_160' title='bbox 778 2645 927 2701; x_wconf 92' lang='lat' dir='ltr'><strong>mille</strong></span> <span class='ocrx_word' id='word_1_161' title='bbox 978 2655 1034 2701; x_wconf 91' lang='lat' dir='ltr'><strong>et</strong></span> <span class='ocrx_word' id='word_1_162' title='bbox 1076 2647 1314 2718; x_wconf 89' lang='lat' dir='ltr'><strong>amplius</strong></span> <span class='ocrx_word' id='word_1_163' title='bbox 1358 2664 1536 2704; x_wconf 89' lang='lat' dir='ltr'><strong>annos</strong></span> <span class='ocrx_word' id='word_1_164' title='bbox 1585 2650 1898 2720; x_wconf 79' lang='lat' dir='ltr'><strong>eﬁluxisse;</strong></span> <span class='ocrx_word' id='word_1_165' title='bbox 1938 2670 2031 2708; x_wconf 78' lang='lat' dir='ltr'><strong>ve-</strong></span> 
     </span>
    </p>
   </div>
   <div class='ocr_carea' id='block_1_24' title="bbox 446 2734 2025 2814">
    <p class='ocr_par' dir='ltr' id='par_1_24' title="bbox 446 2734 2025 2814">
     <span class='ocr_line' id='line_1_25' title="bbox 446 2734 2025 2814; baseline 0.009 -27"><span class='ocrx_word' id='word_1_166' title='bbox 446 2750 571 2789; x_wconf 88' lang='lat' dir='ltr'><strong>rum</strong></span> <span class='ocrx_word' id='word_1_167' title='bbox 614 2734 859 2792; x_wconf 70' lang='lat' dir='ltr'><strong>dixistis.</strong></span> <span class='ocrx_word' id='word_1_168' title='bbox 906 2738 1047 2793; x_wconf 77' lang='lat' dir='ltr'><strong>Audi</strong></span> <span class='ocrx_word' id='word_1_169' title='bbox 1095 2756 1227 2810; x_wconf 84' lang='lat' dir='ltr'><strong>ergo</strong></span> <span class='ocrx_word' id='word_1_170' title='bbox 1271 2750 1520 2809; x_wconf 88' lang='lat' dir='ltr'><strong>attente;</strong></span> <span class='ocrx_word' id='word_1_171' title='bbox 1564 2754 1624 2798; x_wconf 88' lang='lat' dir='ltr'><strong>et</strong></span> <span class='ocrx_word' id='word_1_172' title='bbox 1662 2744 1729 2809; x_wconf 86' lang='lat' dir='ltr'><strong>si,</strong></span> <span class='ocrx_word' id='word_1_173' title='bbox 1772 2756 1832 2801; x_wconf 84' lang='lat' dir='ltr'><strong>ut</strong></span> <span class='ocrx_word' id='word_1_174' title='bbox 1864 2746 2025 2814; x_wconf 85' lang='lat' dir='ltr'><strong>dicis,</strong></span> 
     </span>
    </p>
   </div>
   <div class='ocr_carea' id='block_1_25' title="bbox 2158 1813 3775 1913">
    <p class='ocr_par' dir='ltr' id='par_1_25' title="bbox 2158 1813 3775 1913">
     <span class='ocr_line' id='line_1_26' title="bbox 2158 1813 3775 1913; baseline 0.021 -43"><span class='ocrx_word' id='word_1_175' title='bbox 2158 1813 2291 1873; x_wconf 75' lang='grc' dir='ltr'>Οἶδα</span> <span class='ocrx_word' id='word_1_176' title='bbox 2324 1822 2454 1893; x_wconf 75' lang='grc' dir='ltr'>γὰρ,</span> <span class='ocrx_word' id='word_1_177' title='bbox 2497 1829 2670 1879; x_wconf 71' lang='grc' dir='ltr'>εἰπεῖν</span> <span class='ocrx_word' id='word_1_178' title='bbox 2699 1828 2873 1899; x_wconf 82' lang='grc' dir='ltr'>ἔχετε,</span> <span class='ocrx_word' id='word_1_179' title='bbox 2901 1834 2983 1887; x_wconf 75' lang='grc' dir='ltr'><strong>ὅτι</strong></span> <span class='ocrx_word' id='word_1_180' title='bbox 3023 1835 3278 1903; x_wconf 76' lang='grc' dir='ltr'>Ἰουδαῖός</span> <span class='ocrx_word' id='word_1_181' title='bbox 3304 1813 3457 1896; x_wconf 79' lang='grc' dir='ltr'>ἐστιν</span> <span class='ocrx_word' id='word_1_182' title='bbox 3494 1845 3555 1911; x_wconf 79' lang='grc' dir='ltr'>ἐξ</span> <span class='ocrx_word' id='word_1_183' title='bbox 3602 1813 3775 1913; x_wconf 36' lang='lat' dir='ltr'><strong>Tomi</strong></span> 
     </span>
    </p>
   </div>
   <div class='ocr_carea' id='block_1_26' title="bbox 2153 1911 3763 2002">
    <p class='ocr_par' dir='ltr' id='par_1_26' title="bbox 2153 1911 3763 2002">
     <span class='ocr_line' id='line_1_27' title="bbox 2153 1911 3763 2002; baseline 0.02 -38"><span class='ocrx_word' id='word_1_184' title='bbox 2153 1911 2321 1966; x_wconf 76' lang='grc' dir='ltr'>δαίων</span> <span class='ocrx_word' id='word_1_185' title='bbox 2351 1917 2377 1968; x_wconf 80' lang='grc' dir='ltr'>ὁ</span> <span class='ocrx_word' id='word_1_186' title='bbox 2408 1917 2520 1980; x_wconf 80' lang='grc' dir='ltr'>υίὸς</span> <span class='ocrx_word' id='word_1_187' title='bbox 2547 1920 2712 1975; x_wconf 75' lang='grc' dir='ltr'>Δαϐὶδ</span> <span class='ocrx_word' id='word_1_188' title='bbox 2733 1922 2827 1975; x_wconf 87' lang='grc' dir='ltr'><strong>τοῦ</strong></span> <span class='ocrx_word' id='word_1_189' title='bbox 2864 1927 3075 1996; x_wconf 72' lang='grc' dir='ltr'>πατρὸς</span> <span class='ocrx_word' id='word_1_190' title='bbox 3113 1930 3288 2000; x_wconf 80' lang='grc' dir='ltr'>ἡμῶν,</span> <span class='ocrx_word' id='word_1_191' title='bbox 3314 1936 3610 2002; x_wconf 76' lang='grc' dir='ltr'><strong>φυλάττων</strong></span> <span class='ocrx_word' id='word_1_192' title='bbox 3643 1941 3733 1996; x_wconf 75' lang='grc' dir='ltr'>τὸν</span> <span class='ocrx_word' id='word_1_193' title='bbox 3758 1911 3763 1930; x_wconf 30' lang='grc' dir='ltr'>ζ</span> 
     </span>
    </p>
   </div>
   <div class='ocr_carea' id='block_1_27' title="bbox 2153 2004 3732 2102">
    <p class='ocr_par' dir='ltr' id='par_1_27' title="bbox 2153 2004 3732 2102">
     <span class='ocr_line' id='line_1_28' title="bbox 2153 2004 3732 2102; baseline 0.019 -47"><span class='ocrx_word' id='word_1_194' title='bbox 2153 2004 2334 2074; x_wconf 85' lang='grc' dir='ltr'>νόμον,</span> <span class='ocrx_word' id='word_1_195' title='bbox 2364 2008 2732 2075; x_wconf 78' lang='grc' dir='ltr'>ἀνακαινίζων</span> <span class='ocrx_word' id='word_1_196' title='bbox 2758 2014 2857 2077; x_wconf 77' lang='grc' dir='ltr'>τὰς</span> <span class='ocrx_word' id='word_1_197' title='bbox 2899 2016 3092 2081; x_wconf 79' lang='grc' dir='ltr'><strong>θυσίας</strong></span> <span class='ocrx_word' id='word_1_198' title='bbox 3119 2024 3211 2075; x_wconf 78' lang='grc' dir='ltr'>καὶ</span> <span class='ocrx_word' id='word_1_199' title='bbox 3241 2025 3303 2078; x_wconf 76' lang='grc' dir='ltr'>τὸ</span> <span class='ocrx_word' id='word_1_200' title='bbox 3339 2028 3496 2094; x_wconf 82' lang='grc' dir='ltr'>γένος</span> <span class='ocrx_word' id='word_1_201' title='bbox 3528 2031 3681 2102; x_wconf 76' lang='grc' dir='ltr'>ἡμῶν</span> <span class='ocrx_word' id='word_1_202' title='bbox 3710 2045 3732 2070; x_wconf 74' lang='grc' dir='ltr'><strong>ο</strong></span> 
     </span>
    </p>
   </div>
   <div class='ocr_carea' id='block_1_28' title="bbox 2151 2099 3728 2192">
    <p class='ocr_par' dir='ltr' id='par_1_28' title="bbox 2151 2099 3728 2192">
     <span class='ocr_line' id='line_1_29' title="bbox 2151 2099 3728 2192; baseline 0.02 -45"><span class='ocrx_word' id='word_1_203' title='bbox 2151 2099 2244 2148; x_wconf 73' lang='grc' dir='ltr'><strong>καὶ</strong></span> <span class='ocrx_word' id='word_1_204' title='bbox 2276 2099 2396 2150; x_wconf 83' lang='grc' dir='ltr'><strong>εἰπέ</strong></span> <span class='ocrx_word' id='word_1_205' title='bbox 2456 2119 2568 2167; x_wconf 82' lang='grc' dir='ltr'>μοι,</span> <span class='ocrx_word' id='word_1_206' title='bbox 2623 2105 2780 2158; x_wconf 76' lang='grc' dir='ltr'>πόσοι</span> <span class='ocrx_word' id='word_1_207' title='bbox 2825 2108 3008 2176; x_wconf 72' lang='grc' dir='ltr'>χρόνοι</span> <span class='ocrx_word' id='word_1_208' title='bbox 3047 2113 3186 2165; x_wconf 67' lang='grc' dir='ltr'>εἰσὶν</span> <span class='ocrx_word' id='word_1_209' title='bbox 3237 2116 3344 2170; x_wconf 70' lang='grc' dir='ltr'><strong>ἀπὸ</strong></span> <span class='ocrx_word' id='word_1_210' title='bbox 3371 2120 3473 2187; x_wconf 82' lang='grc' dir='ltr'><strong>τῆς</strong></span> <span class='ocrx_word' id='word_1_211' title='bbox 3509 2099 3728 2192; x_wconf 72' lang='grc' dir='ltr'>πρώτης</span> 
     </span>
    </p>
   </div>
   <div class='ocr_carea' id='block_1_29' title="bbox 2144 2188 3722 2283">
    <p class='ocr_par' dir='ltr' id='par_1_29' title="bbox 2144 2188 3722 2283">
     <span class='ocr_line' id='line_1_30' title="bbox 2144 2188 3722 2283; baseline 0.012 -38"><span class='ocrx_word' id='word_1_212' title='bbox 2144 2188 2527 2262; x_wconf 73' lang='grc' dir='ltr'>αἰχμαλωσίας</span> <span class='ocrx_word' id='word_1_213' title='bbox 2556 2193 2666 2246; x_wconf 73' lang='grc' dir='ltr'>τῶν</span> <span class='ocrx_word' id='word_1_214' title='bbox 2688 2196 2978 2251; x_wconf 63' lang='grc' dir='ltr'>,Ἰουδαίων</span> <span class='ocrx_word' id='word_1_215' title='bbox 3003 2202 3095 2255; x_wconf 77' lang='grc' dir='ltr'><strong>ἐπὶ</strong></span> <span class='ocrx_word' id='word_1_216' title='bbox 3119 2203 3598 2283; x_wconf 79' lang='grc' dir='ltr'>Ναϐουχοδονόσορ</span> <span class='ocrx_word' id='word_1_217' title='bbox 3632 2215 3722 2268; x_wconf 86' lang='grc' dir='ltr'><strong>τοῦ</strong></span> 
     </span>
    </p>
   </div>
   <div class='ocr_carea' id='block_1_30' title="bbox 2145 2281 3718 2368">
    <p class='ocr_par' dir='ltr' id='par_1_30' title="bbox 2145 2281 3718 2368">
     <span class='ocr_line' id='line_1_31' title="bbox 2145 2281 3718 2368; baseline 0.016 -34"><span class='ocrx_word' id='word_1_218' title='bbox 2145 2282 2395 2352; x_wconf 73' lang='grc' dir='ltr'>Πέρσου;</span> <span class='ocrx_word' id='word_1_219' title='bbox 2431 2281 2647 2357; x_wconf 74' lang='grc' dir='ltr'>ἔχουσιν</span> <span class='ocrx_word' id='word_1_220' title='bbox 2688 2288 2865 2341; x_wconf 76' lang='grc' dir='ltr'>εἰπεῖν</span> <span class='ocrx_word' id='word_1_221' title='bbox 2909 2291 2987 2345; x_wconf 84' lang='grc' dir='ltr'>ὃτι</span> <span class='ocrx_word' id='word_1_222' title='bbox 3038 2294 3188 2363; x_wconf 84' lang='grc' dir='ltr'>χίλια</span> <span class='ocrx_word' id='word_1_223' title='bbox 3222 2297 3315 2368; x_wconf 73' lang='grc' dir='ltr'><strong>ἔτη</strong></span> <span class='ocrx_word' id='word_1_224' title='bbox 3365 2302 3463 2353; x_wconf 69' lang='grc' dir='ltr'><strong>καὶ</strong></span> <span class='ocrx_word' id='word_1_225' title='bbox 3497 2281 3677 2358; x_wconf 77' lang='grc' dir='ltr'>πλεῖον</span> <span class='ocrx_word' id='word_1_226' title='bbox 3704 2323 3718 2336; x_wconf 91' lang='grc'><strong>·</strong></span> 
     </span>
    </p>
   </div>
   <div class='ocr_carea' id='block_1_31' title="bbox 2140 2375 3715 2459">
    <p class='ocr_par' dir='ltr' id='par_1_31' title="bbox 2140 2375 3715 2459">
     <span class='ocr_line' id='line_1_32' title="bbox 2140 2375 3715 2459; baseline 0.018 -38"><span class='ocrx_word' id='word_1_227' title='bbox 2140 2377 2233 2428; x_wconf 72' lang='grc' dir='ltr'><strong>καὶ</strong></span> <span class='ocrx_word' id='word_1_228' title='bbox 2255 2375 2429 2441; x_wconf 74' lang='grc' dir='ltr'>οὕτως</span> <span class='ocrx_word' id='word_1_229' title='bbox 2457 2379 2572 2451; x_wconf 78' lang='grc' dir='ltr'>ἔχει</span> <span class='ocrx_word' id='word_1_230' title='bbox 2597 2393 2611 2411; x_wconf 77' lang='grc' dir='ltr'>σ</span> <span class='ocrx_word' id='word_1_231' title='bbox 2651 2381 2745 2435; x_wconf 70' lang='grc' dir='ltr'><strong>καὶ</strong></span> <span class='ocrx_word' id='word_1_232' title='bbox 2771 2381 2892 2432; x_wconf 75' lang='grc' dir='ltr'><strong>εἰπὲ</strong></span> <span class='ocrx_word' id='word_1_233' title='bbox 2918 2384 3132 2446; x_wconf 77' lang='grc' dir='ltr'>αὐτοῖς·</span> <span class='ocrx_word' id='word_1_234' title='bbox 3162 2388 3399 2442; x_wconf 77' lang='grc' dir='ltr'><strong>Βλέπετε</strong></span> <span class='ocrx_word' id='word_1_235' title='bbox 3424 2393 3479 2444; x_wconf 89' lang='grc' dir='ltr'><strong>τί</strong></span> <span class='ocrx_word' id='word_1_236' title='bbox 3507 2395 3715 2459; x_wconf 77' lang='grc' dir='ltr'>εἴπατε.</span> 
     </span>
    </p>
   </div>
   <div class='ocr_carea' id='block_1_32' title="bbox 2135 2468 3711 2549">
    <p class='ocr_par' dir='ltr' id='par_1_32' title="bbox 2135 2468 3711 2549">
     <span class='ocr_line' id='line_1_33' title="bbox 2135 2468 3711 2549; baseline 0.014 -29"><span class='ocrx_word' id='word_1_237' title='bbox 2135 2468 2217 2521; x_wconf 86' lang='grc' dir='ltr'>ὅτι</span> <span class='ocrx_word' id='word_1_238' title='bbox 2243 2470 2273 2521; x_wconf 86' lang='grc' dir='ltr'>ὁ</span> <span class='ocrx_word' id='word_1_239' title='bbox 2295 2470 2589 2540; x_wconf 77' lang='grc' dir='ltr'><strong>ἐρχόμενος</strong></span> <span class='ocrx_word' id='word_1_240' title='bbox 2619 2474 2852 2546; x_wconf 78' lang='grc' dir='ltr'>Χριστὸς</span> <span class='ocrx_word' id='word_1_241' title='bbox 2886 2475 3037 2549; x_wconf 65' lang='grc' dir='ltr'>ὑμῶν</span> <span class='ocrx_word' id='word_1_242' title='bbox 3074 2478 3325 2543; x_wconf 77' lang='grc' dir='ltr'>Ἰουδαῖός</span> <span class='ocrx_word' id='word_1_243' title='bbox 3348 2485 3490 2548; x_wconf 80' lang='grc' dir='ltr'>ἐστι,</span> <span class='ocrx_word' id='word_1_244' title='bbox 3517 2489 3608 2539; x_wconf 80' lang='grc' dir='ltr'><strong>καὶ</strong></span> <span class='ocrx_word' id='word_1_245' title='bbox 3637 2489 3711 2542; x_wconf 80' lang='grc' dir='ltr'><strong>ὅτι</strong></span> 
     </span>
    </p>
   </div>
   <div class='ocr_carea' id='block_1_33' title="bbox 2133 2557 3709 2637">
    <p class='ocr_par' dir='ltr' id='par_1_33' title="bbox 2133 2557 3709 2637">
     <span class='ocr_line' id='line_1_34' title="bbox 2133 2557 3709 2637; baseline 0.015 -29"><span class='ocrx_word' id='word_1_246' title='bbox 2133 2557 2232 2620; x_wconf 62' lang='grc' dir='ltr'>τὰς</span> <span class='ocrx_word' id='word_1_247' title='bbox 2263 2557 2457 2625; x_wconf 88' lang='grc' dir='ltr'>θυσίας</span> <span class='ocrx_word' id='word_1_248' title='bbox 2480 2562 2580 2625; x_wconf 73' lang='grc' dir='ltr'>τὰς</span> <span class='ocrx_word' id='word_1_249' title='bbox 2616 2565 2917 2629; x_wconf 75' lang='grc' dir='ltr'>Μωσαῖκάς</span> <span class='ocrx_word' id='word_1_250' title='bbox 2951 2569 3293 2637; x_wconf 73' lang='grc' dir='ltr'>ἁνακαινίζει</span> <span class='ocrx_word' id='word_1_251' title='bbox 3329 2572 3421 2629; x_wconf 64' lang='grc' dir='ltr'><strong>καὶ</strong></span> <span class='ocrx_word' id='word_1_252' title='bbox 3445 2574 3582 2635; x_wconf 76' lang='grc' dir='ltr'>θύει,</span> <span class='ocrx_word' id='word_1_253' title='bbox 3620 2580 3709 2631; x_wconf 70' lang='grc' dir='ltr'>καὶ</span> 
     </span>
    </p>
   </div>
   <div class='ocr_carea' id='block_1_34' title="bbox 2131 2648 3708 2743">
    <p class='ocr_par' dir='ltr' id='par_1_34' title="bbox 2131 2648 3708 2743">
     <span class='ocr_line' id='line_1_35' title="bbox 2131 2648 3708 2743; baseline 0.011 -42"><span class='ocrx_word' id='word_1_254' title='bbox 2131 2648 2212 2702; x_wconf 77' lang='grc' dir='ltr'><strong>ὅτι</strong></span> <span class='ocrx_word' id='word_1_255' title='bbox 2247 2650 2433 2721; x_wconf 80' lang='grc' dir='ltr'>ἀκμὴν</span> <span class='ocrx_word' id='word_1_256' title='bbox 2463 2653 2561 2705; x_wconf 81' lang='grc' dir='ltr'><strong>οὐκ</strong></span> <span class='ocrx_word' id='word_1_257' title='bbox 2585 2650 2737 2722; x_wconf 76' lang='grc' dir='ltr'>ἦλθε,</span> <span class='ocrx_word' id='word_1_258' title='bbox 2773 2657 2867 2710; x_wconf 68' lang='grc' dir='ltr'>καὶ</span> <span class='ocrx_word' id='word_1_259' title='bbox 2899 2659 2981 2711; x_wconf 82' lang='grc' dir='ltr'>ὅτι</span> <span class='ocrx_word' id='word_1_260' title='bbox 3005 2662 3479 2738; x_wconf 72' lang='grc' dir='ltr'>Ναϐουχοδονόςορ</span> <span class='ocrx_word' id='word_1_261' title='bbox 3513 2668 3601 2724; x_wconf 77' lang='grc' dir='ltr'>ὅτε</span> <span class='ocrx_word' id='word_1_262' title='bbox 3646 2665 3708 2743; x_wconf 78' lang='grc' dir='ltr'>ἦν</span> 
     </span>
    </p>
   </div>
   <div class='ocr_carea' id='block_1_35' title="bbox 2131 2742 3705 2826">
    <p class='ocr_par' dir='ltr' id='par_1_35' title="bbox 2131 2742 3705 2826">
     <span class='ocr_line' id='line_1_36' title="bbox 2131 2742 3705 2826; baseline 0.014 -32"><span class='ocrx_word' id='word_1_263' title='bbox 2131 2742 2331 2813; x_wconf 89' lang='grc' dir='ltr'>Δανιὴλ</span> <span class='ocrx_word' id='word_1_264' title='bbox 2360 2745 2417 2797; x_wconf 85' lang='grc' dir='ltr'>ὲν</span> <span class='ocrx_word' id='word_1_265' title='bbox 2467 2745 2772 2810; x_wconf 77' lang='grc' dir='ltr'>Βαϐυλῶνι,</span> <span class='ocrx_word' id='word_1_266' title='bbox 2803 2749 2953 2819; x_wconf 81' lang='grc' dir='ltr'>χίλια</span> <span class='ocrx_word' id='word_1_267' title='bbox 2984 2750 3077 2822; x_wconf 83' lang='grc' dir='ltr'><strong>ἔτη</strong></span> <span class='ocrx_word' id='word_1_268' title='bbox 3106 2756 3213 2807; x_wconf 74' lang='grc' dir='ltr'>εἰσὶ</span> <span class='ocrx_word' id='word_1_269' title='bbox 3244 2756 3276 2826; x_wconf 78' lang='grc' dir='ltr'>ἢ</span> <span class='ocrx_word' id='word_1_270' title='bbox 3336 2758 3522 2813; x_wconf 78' lang='grc' dir='ltr'>πλεῖον</span> <span class='ocrx_word' id='word_1_271' title='bbox 3561 2778 3576 2793; x_wconf 79' lang='grc' dir='ltr'><strong>ο</strong></span> <span class='ocrx_word' id='word_1_272' title='bbox 3615 2742 3705 2816; x_wconf 72' lang='grc' dir='ltr'><strong>καὶ</strong></span> 
     </span>
    </p>
   </div>
   <div class='ocr_carea' id='block_1_36' title="bbox 441 2810 2012 2919">
    <p class='ocr_par' dir='ltr' id='par_1_36' title="bbox 441 2826 2012 2899">
     <span class='ocr_line' id='line_1_37' title="bbox 441 2826 2012 2899; baseline 0.01 -19"><span class='ocrx_word' id='word_1_273' title='bbox 441 2826 666 2882; x_wconf 69' lang='grc' dir='ltr'>,Ιειάαιιιε</span> <span class='ocrx_word' id='word_1_274' title='bbox 692 2838 776 2883; x_wconf 88' lang='lat' dir='ltr'><strong>est</strong></span> <span class='ocrx_word' id='word_1_275' title='bbox 803 2829 895 2899; x_wconf 86' lang='lat' dir='ltr'><strong>qui</strong></span> <span class='ocrx_word' id='word_1_276' title='bbox 940 2831 1093 2886; x_wconf 84' lang='lat' dir='ltr'><strong>venit</strong></span> <span class='ocrx_word' id='word_1_277' title='bbox 1121 2831 1400 2895; x_wconf 86' lang='lat' dir='ltr'><strong>Christus,</strong></span> <span class='ocrx_word' id='word_1_278' title='bbox 1435 2845 1491 2890; x_wconf 88' lang='lat' dir='ltr'><strong>et</strong></span> <span class='ocrx_word' id='word_1_279' title='bbox 1540 2838 1811 2893; x_wconf 86' lang='lat' dir='ltr'><strong>sacriﬁcia</strong></span> <span class='ocrx_word' id='word_1_280' title='bbox 1859 2839 2012 2895; x_wconf 77' lang='lat' dir='ltr'><strong>debet</strong></span> 
     </span>
    </p>
   </div>
   <div class='ocr_carea' id='block_1_37' title="bbox 2114 2810 3703 2919">
    <p class='ocr_par' dir='ltr' id='par_1_37' title="bbox 2132 2832 3703 2919">
     <span class='ocr_line' id='line_1_38' title="bbox 2132 2832 3703 2919; baseline 0.015 -35"><span class='ocrx_word' id='word_1_281' title='bbox 2132 2832 2393 2903; x_wconf 74' lang='grc' dir='ltr'>ἀλήθειαν</span> <span class='ocrx_word' id='word_1_282' title='bbox 2421 2838 2633 2891; x_wconf 79' lang='grc' dir='ltr'>εἴπατε.</span> <span class='ocrx_word' id='word_1_283' title='bbox 2667 2840 2937 2894; x_wconf 75' lang='grc' dir='ltr'>’Ἄκουσον</span> <span class='ocrx_word' id='word_1_284' title='bbox 2957 2842 3051 2895; x_wconf 79' lang='grc' dir='ltr'><strong>οῦν</strong></span> <span class='ocrx_word' id='word_1_285' title='bbox 3090 2845 3214 2913; x_wconf 85' lang='grc' dir='ltr'><strong>ἄρτι</strong></span> <span class='ocrx_word' id='word_1_286' title='bbox 3248 2851 3520 2919; x_wconf 81' lang='grc' dir='ltr'>νουνεχῶς</span> <span class='ocrx_word' id='word_1_287' title='bbox 3553 2870 3565 2883; x_wconf 92' lang='grc'>·</span> <span class='ocrx_word' id='word_1_288' title='bbox 3616 2857 3703 2908; x_wconf 77' lang='grc' dir='ltr'>καὶ</span> 
     </span>
    </p>
   </div>
   <div class='ocr_carea' id='block_1_38' title="bbox 440 2918 2025 2999">
    <p class='ocr_par' dir='ltr' id='par_1_38' title="bbox 440 2918 2025 2999">
     <span class='ocr_line' id='line_1_39' title="bbox 440 2918 2025 2999; baseline 0.01 -29"><span class='ocrx_word' id='word_1_289' title='bbox 440 2918 639 2988; x_wconf 82' lang='lat' dir='ltr'><strong>legalia</strong></span> <span class='ocrx_word' id='word_1_290' title='bbox 687 2919 1016 2987; x_wconf 89' lang='lat' dir='ltr'><strong>instituere,</strong></span> <span class='ocrx_word' id='word_1_291' title='bbox 1075 2930 1133 2977; x_wconf 89' lang='lat' dir='ltr'><strong>et</strong></span> <span class='ocrx_word' id='word_1_292' title='bbox 1184 2923 1430 2979; x_wconf 92' lang='lat' dir='ltr'><strong>nondum</strong></span> <span class='ocrx_word' id='word_1_293' title='bbox 1507 2927 1688 2993; x_wconf 85' lang='lat' dir='ltr'><strong>venit,</strong></span> <span class='ocrx_word' id='word_1_294' title='bbox 1745 2931 2025 2999; x_wconf 91' lang='lat' dir='ltr'><strong>quomodo</strong></span> 
     </span>
    </p>
   </div>
   <div class='ocr_carea' id='block_1_39' title="bbox 440 3009 2023 3091">
    <p class='ocr_par' dir='ltr' id='par_1_39' title="bbox 440 3009 2023 3091">
     <span class='ocr_line' id='line_1_40' title="bbox 440 3009 2023 3091; baseline 0.009 -29"><span class='ocrx_word' id='word_1_295' title='bbox 440 3009 631 3065; x_wconf 86' lang='lat' dir='ltr'><strong>Daniel</strong></span> <span class='ocrx_word' id='word_1_296' title='bbox 668 3013 940 3081; x_wconf 87' lang='lat' dir='ltr'><strong>propheta</strong></span> <span class='ocrx_word' id='word_1_297' title='bbox 971 3012 1107 3068; x_wconf 90' lang='lat' dir='ltr'><strong>dicit</strong></span> <span class='ocrx_word' id='word_1_298' title='bbox 1145 3014 1202 3069; x_wconf 88' lang='lat' dir='ltr'><strong>in</strong></span> <span class='ocrx_word' id='word_1_299' title='bbox 1250 3016 1367 3071; x_wconf 89' lang='lat' dir='ltr'><strong>suis</strong></span> <span class='ocrx_word' id='word_1_300' title='bbox 1397 3016 1724 3084; x_wconf 85' lang='lat' dir='ltr'><strong>visionibus,</strong></span> <span class='ocrx_word' id='word_1_301' title='bbox 1759 3030 2023 3091; x_wconf 89' lang='lat' dir='ltr'><strong>tanquam</strong></span> 
     </span>
    </p>
   </div>
   <div class='ocr_carea' id='block_1_40' title="bbox 437 3101 2020 3173">
    <p class='ocr_par' dir='ltr' id='par_1_40' title="bbox 437 3101 2020 3173">
     <span class='ocr_line' id='line_1_41' title="bbox 437 3101 2020 3173; baseline 0.009 -18"><span class='ocrx_word' id='word_1_302' title='bbox 437 3101 510 3155; x_wconf 85' lang='lat' dir='ltr'><strong>ab</strong></span> <span class='ocrx_word' id='word_1_303' title='bbox 548 3102 883 3173; x_wconf 83' lang='lat' dir='ltr'><strong>archangelo</strong></span> <span class='ocrx_word' id='word_1_304' title='bbox 930 3103 1155 3159; x_wconf 87' lang='lat' dir='ltr'><strong>Gabriel</strong></span> <span class='ocrx_word' id='word_1_305' title='bbox 1201 3107 1495 3163; x_wconf 85' lang='lat' dir='ltr'><strong>edisccns:</strong></span> <span class='ocrx_word' id='word_1_306' title='bbox 1547 3130 1567 3163; x_wconf 79' lang='grc' dir='ltr'><strong>ι</strong></span> <span class='ocrx_word' id='word_1_307' title='bbox 1613 3112 1691 3166; x_wconf 84' lang='lat' dir='ltr'><strong>Ad</strong></span> <span class='ocrx_word' id='word_1_308' title='bbox 1739 3113 2020 3169; x_wconf 88' lang='lat' dir='ltr'><strong>Christum</strong></span> 
     </span>
    </p>
   </div>
   <div class='ocr_carea' id='block_1_41' title="bbox 436 3196 2022 3275">
    <p class='ocr_par' dir='ltr' id='par_1_41' title="bbox 436 3196 2022 3275">
     <span class='ocr_line' id='line_1_42' title="bbox 436 3196 2022 3275; baseline 0.008 -25"><span class='ocrx_word' id='word_1_309' title='bbox 436 3196 634 3251; x_wconf 87' lang='lat' dir='ltr'><strong>ducem</strong></span> <span class='ocrx_word' id='word_1_310' title='bbox 685 3197 1060 3254; x_wconf 88' lang='lat' dir='ltr'><strong>hebdomades</strong></span> <span class='ocrx_word' id='word_1_311' title='bbox 1120 3215 1394 3263; x_wconf 83' lang='lat' dir='ltr'><strong>annorum</strong></span> <span class='ocrx_word' id='word_1_312' title='bbox 1441 3206 1789 3275; x_wconf 73' lang='lat' dir='ltr'><strong>septuaginta</strong></span> <span class='ocrx_word' id='word_1_313' title='bbox 1824 3209 2022 3263; x_wconf 87' lang='lat' dir='ltr'><strong>abbre-</strong></span> 
     </span>
    </p>
   </div>
   <div class='ocr_carea' id='block_1_42' title="bbox 435 3287 2017 3368">
    <p class='ocr_par' dir='ltr' id='par_1_42' title="bbox 435 3287 2017 3368">
     <span class='ocr_line' id='line_1_43' title="bbox 435 3287 2017 3368; baseline 0.009 -27"><span class='ocrx_word' id='word_1_314' title='bbox 435 3287 598 3342; x_wconf 74' lang='lat' dir='ltr'><strong>viatze</strong></span> <span class='ocrx_word' id='word_1_315' title='bbox 650 3297 782 3343; x_wconf 89' lang='lat' dir='ltr'><strong>sunt</strong></span> <span class='ocrx_word' id='word_1_316' title='bbox 833 3305 1003 3360; x_wconf 84' lang='lat' dir='ltr'><strong>super</strong></span> <span class='ocrx_word' id='word_1_317' title='bbox 1051 3293 1316 3362; x_wconf 90' lang='lat' dir='ltr'><strong>populum</strong></span> <span class='ocrx_word' id='word_1_318' title='bbox 1366 3302 1519 3349; x_wconf 90' lang='lat' dir='ltr'><strong>tuum</strong></span> <span class='ocrx_word' id='word_1_319' title='bbox 1548 3308 1605 3351; x_wconf 91' lang='lat' dir='ltr'><strong>et</strong></span> <span class='ocrx_word' id='word_1_320' title='bbox 1631 3314 1797 3368; x_wconf 92' lang='lat' dir='ltr'><strong>super</strong></span> <span class='ocrx_word' id='word_1_321' title='bbox 1823 3301 2017 3355; x_wconf 89' lang='lat' dir='ltr'><strong>urbem</strong></span> 
     </span>
    </p>
   </div>
   <div class='ocr_carea' id='block_1_43' title="bbox 435 3385 2017 3461">
    <p class='ocr_par' dir='ltr' id='par_1_43' title="bbox 435 3385 2017 3461">
     <span class='ocr_line' id='line_1_44' title="bbox 435 3385 2017 3461; baseline 0.008 -29"><span class='ocrx_word' id='word_1_322' title='bbox 435 3388 708 3443; x_wconf 89' lang='lat' dir='ltr'><strong>sanctam,</strong></span> <span class='ocrx_word' id='word_1_323' title='bbox 759 3390 822 3435; x_wconf 90' lang='lat' dir='ltr'><strong>ut</strong></span> <span class='ocrx_word' id='word_1_324' title='bbox 874 3385 1219 3452; x_wconf 90' lang='lat' dir='ltr'><strong>compleatur</strong></span> <span class='ocrx_word' id='word_1_325' title='bbox 1264 3386 1638 3455; x_wconf 77' lang='lat' dir='ltr'><strong>peccatum&quot;.</strong></span> <span class='ocrx_word' id='word_1_326' title='bbox 1679 3407 1698 3439; x_wconf 72' lang='grc' dir='ltr'>ι</span> <span class='ocrx_word' id='word_1_327' title='bbox 1740 3388 1807 3445; x_wconf 87' lang='grc' dir='ltr'>Ει</span> <span class='ocrx_word' id='word_1_328' title='bbox 1850 3392 2017 3461; x_wconf 87' lang='lat' dir='ltr'><strong>paulo</strong></span> 
     </span>
    </p>
   </div>
   <div class='ocr_carea' id='block_1_44' title="bbox 433 3471 2016 3552">
    <p class='ocr_par' dir='ltr' id='par_1_44' title="bbox 433 3471 2016 3552">
     <span class='ocr_line' id='line_1_45' title="bbox 433 3471 2016 3552; baseline 0.009 -30"><span class='ocrx_word' id='word_1_329' title='bbox 433 3477 591 3540; x_wconf 85' lang='lat' dir='ltr'><strong>past:</strong></span> <span class='ocrx_word' id='word_1_330' title='bbox 628 3490 646 3522; x_wconf 78' lang='grc' dir='ltr'><strong>ι</strong></span> <span class='ocrx_word' id='word_1_331' title='bbox 687 3471 755 3527; x_wconf 88' lang='lat' dir='ltr'><strong>Ut</strong></span> <span class='ocrx_word' id='word_1_332' title='bbox 786 3472 1039 3541; x_wconf 78' lang='lat' dir='ltr'><strong>signetur</strong></span> <span class='ocrx_word' id='word_1_333' title='bbox 1070 3474 1212 3530; x_wconf 87' lang='lat' dir='ltr'><strong>visio</strong></span> <span class='ocrx_word' id='word_1_334' title='bbox 1239 3487 1295 3532; x_wconf 87' lang='lat' dir='ltr'><strong>et</strong></span> <span class='ocrx_word' id='word_1_335' title='bbox 1331 3480 1637 3547; x_wconf 65' lang='lat' dir='ltr'><strong>prophetae,</strong></span> <span class='ocrx_word' id='word_1_336' title='bbox 1656 3488 1714 3536; x_wconf 89' lang='lat' dir='ltr'><strong>et</strong></span> <span class='ocrx_word' id='word_1_337' title='bbox 1736 3491 2016 3552; x_wconf 83' lang='lat' dir='ltr'><strong>uagantur</strong></span> 
     </span>
    </p>
   </div>
   <div class='ocr_carea' id='block_1_45' title="bbox 431 3567 2013 3631">
    <p class='ocr_par' dir='ltr' id='par_1_45' title="bbox 431 3567 2013 3631">
     <span class='ocr_line' id='line_1_46' title="bbox 431 3567 2013 3631; baseline 0.01 -16"><span class='ocrx_word' id='word_1_338' title='bbox 431 3572 619 3617; x_wconf 87' lang='lat' dir='ltr'><strong>sancta</strong></span> <span class='ocrx_word' id='word_1_339' title='bbox 648 3573 989 3630; x_wconf 90' lang='lat' dir='ltr'><strong>sanctorum,</strong></span> <span class='ocrx_word' id='word_1_340' title='bbox 1026 3576 1083 3623; x_wconf 92' lang='lat' dir='ltr'><strong>et</strong></span> <span class='ocrx_word' id='word_1_341' title='bbox 1124 3567 1350 3624; x_wconf 87' lang='lat' dir='ltr'><strong>tollatur</strong></span> <span class='ocrx_word' id='word_1_342' title='bbox 1377 3571 1708 3627; x_wconf 89' lang='lat' dir='ltr'><strong>sacriﬁcium</strong></span> <span class='ocrx_word' id='word_1_343' title='bbox 1736 3582 1793 3629; x_wconf 88' lang='lat' dir='ltr'><strong>et</strong></span> <span class='ocrx_word' id='word_1_344' title='bbox 1816 3575 2013 3631; x_wconf 83' lang='lat' dir='ltr'><strong>obser-</strong></span> 
     </span>
    </p>
   </div>
   <div class='ocr_carea' id='block_1_46' title="bbox 430 3655 2014 3739">
    <p class='ocr_par' dir='ltr' id='par_1_46' title="bbox 430 3655 2014 3739">
     <span class='ocr_line' id='line_1_47' title="bbox 430 3655 2014 3739; baseline 0.013 -34"><span class='ocrx_word' id='word_1_345' title='bbox 430 3655 583 3710; x_wconf 87' lang='lat' dir='ltr'><strong>vatio</strong></span> <span class='ocrx_word' id='word_1_346' title='bbox 621 3657 760 3727; x_wconf 81' lang='lat' dir='ltr'><strong>legis</strong></span> <span class='ocrx_word' id='word_1_347' title='bbox 776 3658 841 3712; x_wconf 72' lang='grc'><strong>³⁸.</strong></span> <span class='ocrx_word' id='word_1_348' title='bbox 884 3677 901 3709; x_wconf 75' lang='grc' dir='ltr'>ι</span> <span class='ocrx_word' id='word_1_349' title='bbox 937 3657 1228 3717; x_wconf 90' lang='lat' dir='ltr'><strong>Ostendite</strong></span> <span class='ocrx_word' id='word_1_350' title='bbox 1273 3678 1404 3734; x_wconf 86' lang='lat' dir='ltr'><strong>ergo</strong></span> <span class='ocrx_word' id='word_1_351' title='bbox 1438 3681 1590 3721; x_wconf 90' lang='lat' dir='ltr'><strong>nunc</strong></span> <span class='ocrx_word' id='word_1_352' title='bbox 1619 3667 1802 3733; x_wconf 85' lang='lat' dir='ltr'><strong>nobis,</strong></span> <span class='ocrx_word' id='word_1_353' title='bbox 1833 3672 2014 3739; x_wconf 90' lang='lat' dir='ltr'><strong>qualis</strong></span> 
     </span>
    </p>
   </div>
   <div class='ocr_carea' id='block_1_47' title="bbox 426 3746 2012 3832">
    <p class='ocr_par' dir='ltr' id='par_1_47' title="bbox 426 3746 2012 3832">
     <span class='ocr_line' id='line_1_48' title="bbox 426 3746 2012 3832; baseline 0.009 -30"><span class='ocrx_word' id='word_1_354' title='bbox 426 3746 686 3804; x_wconf 76' lang='lat' dir='ltr'><strong>Christus</strong></span> <span class='ocrx_word' id='word_1_355' title='bbox 730 3752 950 3805; x_wconf 75' lang='lat' dir='ltr'><strong>venerit</strong></span> <span class='ocrx_word' id='word_1_356' title='bbox 989 3765 1217 3811; x_wconf 91' lang='lat' dir='ltr'><strong>sanctus</strong></span> <span class='ocrx_word' id='word_1_357' title='bbox 1265 3765 1585 3812; x_wconf 87' lang='lat' dir='ltr'><strong>sanctorum</strong></span> <span class='ocrx_word' id='word_1_358' title='bbox 1638 3767 1841 3815; x_wconf 88' lang='lat' dir='ltr'><strong>unctus</strong></span> <span class='ocrx_word' id='word_1_359' title='bbox 1887 3772 2012 3832; x_wconf 89' lang='lat' dir='ltr'><strong>post</strong></span> 
     </span>
    </p>
   </div>
   <div class='ocr_carea' id='block_1_48' title="bbox 427 3842 2011 3923">
    <p class='ocr_par' dir='ltr' id='par_1_48' title="bbox 427 3842 2011 3923">
     <span class='ocr_line' id='line_1_49' title="bbox 427 3842 2011 3923; baseline 0.011 -31"><span class='ocrx_word' id='word_1_360' title='bbox 427 3842 781 3913; x_wconf 83' lang='lat' dir='ltr'><strong>septuaginta</strong></span> <span class='ocrx_word' id='word_1_361' title='bbox 827 3843 1229 3911; x_wconf 86' lang='lat' dir='ltr'><strong>hebdomadas,</strong></span> <span class='ocrx_word' id='word_1_362' title='bbox 1264 3847 1317 3902; x_wconf 91' lang='lat' dir='ltr'><strong>id</strong></span> <span class='ocrx_word' id='word_1_363' title='bbox 1355 3858 1462 3909; x_wconf 89' lang='lat' dir='ltr'><strong>est,</strong></span> <span class='ocrx_word' id='word_1_364' title='bbox 1488 3851 1922 3923; x_wconf 84' lang='lat' dir='ltr'><strong>quadringentos</strong></span> <span class='ocrx_word' id='word_1_365' title='bbox 1953 3864 2011 3909; x_wconf 88' lang='lat' dir='ltr'><strong>et</strong></span> 
     </span>
    </p>
   </div>
   <div class='ocr_carea' id='block_1_49' title="bbox 424 3931 2008 4015">
    <p class='ocr_par' dir='ltr' id='par_1_49' title="bbox 424 3931 2008 4015">
     <span class='ocr_line' id='line_1_50' title="bbox 424 3931 2008 4015; baseline 0.01 -32"><span class='ocrx_word' id='word_1_366' title='bbox 424 3931 721 4002; x_wconf 83' lang='lat' dir='ltr'><strong>nonaginta</strong></span> <span class='ocrx_word' id='word_1_367' title='bbox 754 3949 930 3989; x_wconf 89' lang='lat' dir='ltr'><strong>annos</strong></span> <span class='ocrx_word' id='word_1_368' title='bbox 959 3950 989 3988; x_wconf 89' lang='lat' dir='ltr'><strong>a</strong></span> <span class='ocrx_word' id='word_1_369' title='bbox 1024 3936 1237 4000; x_wconf 89' lang='lat' dir='ltr'><strong>Daniel,</strong></span> <span class='ocrx_word' id='word_1_370' title='bbox 1270 3939 1365 4007; x_wconf 89' lang='lat' dir='ltr'><strong>qui</strong></span> <span class='ocrx_word' id='word_1_371' title='bbox 1407 3941 1742 3996; x_wconf 87' lang='lat' dir='ltr'><strong>sacriﬁcium</strong></span> <span class='ocrx_word' id='word_1_372' title='bbox 1775 3952 1833 3999; x_wconf 90' lang='lat' dir='ltr'><strong>et</strong></span> <span class='ocrx_word' id='word_1_373' title='bbox 1868 3945 2008 4015; x_wconf 83' lang='lat' dir='ltr'><strong>legis</strong></span> 
     </span>
    </p>
   </div>
   <div class='ocr_carea' id='block_1_50' title="bbox 423 4024 2009 4098">
    <p class='ocr_par' dir='ltr' id='par_1_50' title="bbox 423 4024 2009 4098">
     <span class='ocr_line' id='line_1_51' title="bbox 423 4024 2009 4098; baseline 0.011 -24"><span class='ocrx_word' id='word_1_374' title='bbox 423 4039 449 4074; x_wconf 80' lang='lat' dir='ltr'><strong>r</strong></span> <span class='ocrx_word' id='word_1_375' title='bbox 464 4024 866 4080; x_wconf 82' lang='lat' dir='ltr'><strong>bservationem</strong></span> <span class='ocrx_word' id='word_1_376' title='bbox 883 4027 1232 4098; x_wconf 79' lang='lat' dir='ltr'><strong>abrogaverit</strong></span> <span class='ocrx_word' id='word_1_377' title='bbox 1246 4031 1270 4084; x_wconf 70' lang='grc' dir='ltr'><strong>ξ’</strong></span> <span class='ocrx_word' id='word_1_378' title='bbox 1282 4030 1511 4097; x_wconf 85' lang='lat' dir='ltr'><strong>Quando</strong></span> <span class='ocrx_word' id='word_1_379' title='bbox 1525 4034 1802 4089; x_wconf 87' lang='lat' dir='ltr'><strong>sublatum</strong></span> <span class='ocrx_word' id='word_1_380' title='bbox 1820 4045 1905 4091; x_wconf 88' lang='lat' dir='ltr'><strong>est</strong></span> <span class='ocrx_word' id='word_1_381' title='bbox 1920 4053 2009 4091; x_wconf 87' lang='lat' dir='ltr'><strong>sa-</strong></span> 
     </span>
    </p>
   </div>
   <div class='ocr_carea' id='block_1_51' title="bbox 2126 2926 3697 3016">
    <p class='ocr_par' dir='ltr' id='par_1_51' title="bbox 2126 2926 3697 3016">
     <span class='ocr_line' id='line_1_52' title="bbox 2126 2926 3697 3016; baseline 0.015 -40"><span class='ocrx_word' id='word_1_382' title='bbox 2126 2926 2239 2991; x_wconf 77' lang='grc' dir='ltr'><strong>ὲὰν,</strong></span> <span class='ocrx_word' id='word_1_383' title='bbox 2275 2926 2351 2985; x_wconf 79' lang='grc' dir='ltr'>ὡς</span> <span class='ocrx_word' id='word_1_384' title='bbox 2406 2928 2878 2996; x_wconf 78' lang='grc' dir='ltr'>λέγεις,⁹ῐουδαῒός</span> <span class='ocrx_word' id='word_1_385' title='bbox 2942 2934 3092 2988; x_wconf 78' lang='grc' dir='ltr'>ἐστιν</span> <span class='ocrx_word' id='word_1_386' title='bbox 3134 2939 3178 3008; x_wconf 77' lang='grc' dir='ltr'><strong>ὁ⁴</strong></span> <span class='ocrx_word' id='word_1_387' title='bbox 3215 2940 3522 3010; x_wconf 76' lang='grc' dir='ltr'><strong>ἐρχόμενος</strong></span> <span class='ocrx_word' id='word_1_388' title='bbox 3576 2947 3697 3016; x_wconf 87' lang='grc' dir='ltr'>Χρι-</span> 
     </span>
    </p>
   </div>
   <div class='ocr_carea' id='block_1_52' title="bbox 2127 3017 3698 3099">
    <p class='ocr_par' dir='ltr' id='par_1_52' title="bbox 2127 3017 3698 3099">
     <span class='ocr_line' id='line_1_53' title="bbox 2127 3017 3698 3099; baseline 0.015 -32"><span class='ocrx_word' id='word_1_389' title='bbox 2127 3017 2270 3078; x_wconf 75' lang='grc' dir='ltr'>στὸς,</span> <span class='ocrx_word' id='word_1_390' title='bbox 2299 3019 2393 3072; x_wconf 78' lang='grc' dir='ltr'>καὶ</span> <span class='ocrx_word' id='word_1_391' title='bbox 2430 3019 2619 3085; x_wconf 88' lang='grc' dir='ltr'>θυσίας</span> <span class='ocrx_word' id='word_1_392' title='bbox 2672 3023 2856 3091; x_wconf 76' lang='grc' dir='ltr'><strong>μέλλει</strong></span> <span class='ocrx_word' id='word_1_393' title='bbox 2911 3027 3146 3094; x_wconf 80' lang='grc' dir='ltr'><strong>νομικὰς</strong></span> <span class='ocrx_word' id='word_1_394' title='bbox 3201 3031 3453 3099; x_wconf 80' lang='grc' dir='ltr'>ποιῆσαι,</span> <span class='ocrx_word' id='word_1_395' title='bbox 3482 3037 3576 3088; x_wconf 72' lang='grc' dir='ltr'><strong>καὶ</strong></span> <span class='ocrx_word' id='word_1_396' title='bbox 3623 3039 3698 3091; x_wconf 85' lang='grc' dir='ltr'><strong>ὅτι</strong></span> 
     </span>
    </p>
   </div>
   <div class='ocr_carea' id='block_1_53' title="bbox 2121 3108 3696 3195">
    <p class='ocr_par' dir='ltr' id='par_1_53' title="bbox 2121 3108 3696 3195">
     <span class='ocr_line' id='line_1_54' title="bbox 2121 3108 3696 3195; baseline 0.015 -36"><span class='ocrx_word' id='word_1_397' title='bbox 2121 3108 2308 3178; x_wconf 78' lang='grc' dir='ltr'>ἀκμὴν</span> <span class='ocrx_word' id='word_1_398' title='bbox 2354 3110 2455 3164; x_wconf 74' lang='grc' dir='ltr'><strong>οὐκ</strong></span> <span class='ocrx_word' id='word_1_399' title='bbox 2509 3108 2665 3183; x_wconf 75' lang='grc' dir='ltr'>ἦλθε,</span> <span class='ocrx_word' id='word_1_400' title='bbox 2699 3116 2815 3181; x_wconf 59' lang='grc' dir='ltr'><strong>πῶς</strong></span> <span class='ocrx_word' id='word_1_401' title='bbox 2841 3118 3038 3189; x_wconf 86' lang='grc' dir='ltr'>Δανιὴλ</span> <span class='ocrx_word' id='word_1_402' title='bbox 3069 3122 3095 3172; x_wconf 82' lang='grc' dir='ltr'>ὁ</span> <span class='ocrx_word' id='word_1_403' title='bbox 3133 3123 3427 3194; x_wconf 73' lang='grc' dir='ltr'><strong>προφήτης</strong></span> <span class='ocrx_word' id='word_1_404' title='bbox 3456 3127 3601 3195; x_wconf 85' lang='grc' dir='ltr'><strong>λέγει</strong></span> <span class='ocrx_word' id='word_1_405' title='bbox 3643 3132 3696 3183; x_wconf 80' lang='grc' dir='ltr'>ὲν</span> 
     </span>
    </p>
   </div>
   <div class='ocr_carea' id='block_1_54' title="bbox 2121 3202 3695 3290">
    <p class='ocr_par' dir='ltr' id='par_1_54' title="bbox 2121 3202 3695 3290">
     <span class='ocr_line' id='line_1_55' title="bbox 2121 3202 3695 3290; baseline 0.015 -40"><span class='ocrx_word' id='word_1_406' title='bbox 2121 3202 2241 3264; x_wconf 83' lang='grc' dir='ltr'>ταῖς</span> <span class='ocrx_word' id='word_1_407' title='bbox 2272 3202 2440 3254; x_wconf 80' lang='grc' dir='ltr'>αὐτοῦ</span> <span class='ocrx_word' id='word_1_408' title='bbox 2466 3205 2741 3290; x_wconf 73' lang='grc' dir='ltr'>ὀράσεσιν,</span> <span class='ocrx_word' id='word_1_409' title='bbox 2770 3206 2844 3267; x_wconf 84' lang='grc' dir='ltr'>ὡς</span> <span class='ocrx_word' id='word_1_410' title='bbox 2874 3212 2902 3262; x_wconf 80' lang='grc' dir='ltr'>ὁ</span> <span class='ocrx_word' id='word_1_411' title='bbox 2929 3212 3265 3283; x_wconf 80' lang='grc' dir='ltr'><strong>ἀρχάγγελος</strong></span> <span class='ocrx_word' id='word_1_412' title='bbox 3300 3216 3544 3290; x_wconf 72' lang='grc' dir='ltr'>Γαϐριὴλ</span> <span class='ocrx_word' id='word_1_413' title='bbox 3579 3238 3695 3273; x_wconf 75' lang='grc' dir='ltr'>συν-</span> 
     </span>
    </p>
   </div>
   <div class='ocr_carea' id='block_1_55' title="bbox 2120 3286 3692 3380">
    <p class='ocr_par' dir='ltr' id='par_1_55' title="bbox 2120 3286 3692 3380">
     <span class='ocr_line' id='line_1_56' title="bbox 2120 3286 3692 3380; baseline 0.015 -38"><span class='ocrx_word' id='word_1_414' title='bbox 2120 3291 2312 3354; x_wconf 78' lang='grc' dir='ltr'>ετίζων</span> <span class='ocrx_word' id='word_1_415' title='bbox 2342 3292 2516 3359; x_wconf 77' lang='grc' dir='ltr'>οὕτως</span> <span class='ocrx_word' id='word_1_416' title='bbox 2551 3312 2567 3327; x_wconf 90' lang='grc'><strong>·</strong></span> <span class='ocrx_word' id='word_1_417' title='bbox 2604 3315 2623 3347; x_wconf 79' lang='grc' dir='ltr'><strong>ι</strong></span> <span class='ocrx_word' id='word_1_418' title='bbox 2669 3286 2813 3362; x_wconf 67' lang='grc' dir='ltr'>Ἕως</span> <span class='ocrx_word' id='word_1_419' title='bbox 2842 3302 3079 3372; x_wconf 78' lang='grc' dir='ltr'>Χριστοῦ</span> <span class='ocrx_word' id='word_1_420' title='bbox 3110 3286 3692 3380; x_wconf 71' lang='grc' dir='ltr'>ἡγεμόνοςὲσδομάδες</span> 
     </span>
    </p>
   </div>
   <div class='ocr_carea' id='block_1_56' title="bbox 2116 3381 3693 3463">
    <p class='ocr_par' dir='ltr' id='par_1_56' title="bbox 2116 3381 3693 3463">
     <span class='ocr_line' id='line_1_57' title="bbox 2116 3381 3693 3463; baseline 0.014 -29"><span class='ocrx_word' id='word_1_421' title='bbox 2116 3381 2256 3434; x_wconf 81' lang='grc' dir='ltr'>ἑτῶν</span> <span class='ocrx_word' id='word_1_422' title='bbox 2282 3383 2657 3457; x_wconf 75' lang='grc' dir='ltr'>ἐϐδομήκοντα</span> <span class='ocrx_word' id='word_1_423' title='bbox 2689 3392 3001 3463; x_wconf 83' lang='grc' dir='ltr'>συνετμήοη</span> <span class='ocrx_word' id='word_1_424' title='bbox 3029 3395 3120 3447; x_wconf 74' lang='grc' dir='ltr'>ἐπὶ</span> <span class='ocrx_word' id='word_1_425' title='bbox 3166 3396 3258 3450; x_wconf 88' lang='grc' dir='ltr'><strong>τοῦ</strong></span> <span class='ocrx_word' id='word_1_426' title='bbox 3290 3384 3428 3453; x_wconf 83' lang='grc' dir='ltr'>λαοῦ</span> <span class='ocrx_word' id='word_1_427' title='bbox 3467 3418 3559 3455; x_wconf 88' lang='grc' dir='ltr'><strong>σου</strong></span> <span class='ocrx_word' id='word_1_428' title='bbox 3608 3406 3693 3456; x_wconf 70' lang='grc' dir='ltr'><strong>καὶ</strong></span> 
     </span>
    </p>
   </div>
   <div class='ocr_carea' id='block_1_57' title="bbox 2117 3474 3689 3567">
    <p class='ocr_par' dir='ltr' id='par_1_57' title="bbox 2117 3474 3689 3567">
     <span class='ocr_line' id='line_1_58' title="bbox 2117 3474 3689 3567; baseline 0.015 -42"><span class='ocrx_word' id='word_1_429' title='bbox 2117 3474 2211 3527; x_wconf 71' lang='grc' dir='ltr'><strong>ἐπὶ</strong></span> <span class='ocrx_word' id='word_1_430' title='bbox 2241 3476 2340 3547; x_wconf 84' lang='grc' dir='ltr'><strong>τὴν</strong></span> <span class='ocrx_word' id='word_1_431' title='bbox 2376 3478 2535 3534; x_wconf 80' lang='grc' dir='ltr'>πόλιν</span> <span class='ocrx_word' id='word_1_432' title='bbox 2563 3481 2662 3550; x_wconf 85' lang='grc' dir='ltr'><strong>τὴν</strong></span> <span class='ocrx_word' id='word_1_433' title='bbox 2692 3482 2853 3550; x_wconf 84' lang='grc' dir='ltr'>ἁγίαν</span> <span class='ocrx_word' id='word_1_434' title='bbox 2901 3485 2994 3538; x_wconf 87' lang='grc' dir='ltr'><strong>τοῦ</strong></span> <span class='ocrx_word' id='word_1_435' title='bbox 3050 3489 3477 3562; x_wconf 79' lang='grc' dir='ltr'>συντελεσθῆναι</span> <span class='ocrx_word' id='word_1_436' title='bbox 3519 3496 3689 3567; x_wconf 77' lang='grc' dir='ltr'>ἁμαρο</span> 
     </span>
    </p>
   </div>
   <div class='ocr_carea' id='block_1_58' title="bbox 2112 3565 3689 3656">
    <p class='ocr_par' dir='ltr' id='par_1_58' title="bbox 2112 3565 3689 3656">
     <span class='ocr_line' id='line_1_59' title="bbox 2112 3565 3689 3656; baseline 0.015 -38"><span class='ocrx_word' id='word_1_437' title='bbox 2112 3565 2258 3619; x_wconf 91' lang='grc' dir='ltr'>τίαν.</span> <span class='ocrx_word' id='word_1_438' title='bbox 2306 3587 2325 3620; x_wconf 71' lang='grc' dir='ltr'><strong>ι</strong></span> <span class='ocrx_word' id='word_1_439' title='bbox 2366 3571 2476 3624; x_wconf 75' lang='lat' dir='ltr'><strong>Kal.</strong></span> <span class='ocrx_word' id='word_1_440' title='bbox 2508 3575 2628 3641; x_wconf 84' lang='grc' dir='ltr'>μετ’</span> <span class='ocrx_word' id='word_1_441' title='bbox 2656 3573 2814 3644; x_wconf 78' lang='grc' dir='ltr'>ὀλίγα</span> <span class='ocrx_word' id='word_1_442' title='bbox 2842 3593 2854 3605; x_wconf 87' lang='grc'><strong>·</strong></span> <span class='ocrx_word' id='word_1_443' title='bbox 2902 3594 2920 3627; x_wconf 75' lang='grc' dir='ltr'><strong>ι</strong></span> <span class='ocrx_word' id='word_1_444' title='bbox 2960 3580 3072 3632; x_wconf 72' lang='grc' dir='ltr'><strong>Καὶ</strong></span> <span class='ocrx_word' id='word_1_445' title='bbox 3103 3581 3196 3634; x_wconf 82' lang='grc' dir='ltr'><strong>τοῦ</strong></span> <span class='ocrx_word' id='word_1_446' title='bbox 3232 3586 3537 3653; x_wconf 80' lang='grc' dir='ltr'>σφραγίσαι</span> <span class='ocrx_word' id='word_1_447' title='bbox 3570 3565 3689 3656; x_wconf 78' lang='grc' dir='ltr'>ὅρα-</span> 
     </span>
    </p>
   </div>
   <div class='ocr_carea' id='block_1_59' title="bbox 2116 3662 3685 3745">
    <p class='ocr_par' dir='ltr' id='par_1_59' title="bbox 2116 3662 3685 3745">
     <span class='ocr_line' id='line_1_60' title="bbox 2116 3662 3685 3745; baseline 0.013 -33"><span class='ocrx_word' id='word_1_448' title='bbox 2116 3676 2200 3713; x_wconf 89' lang='grc' dir='ltr'>σιν</span> <span class='ocrx_word' id='word_1_449' title='bbox 2252 3662 2346 3715; x_wconf 66' lang='lat' dir='ltr'><strong>ml.</strong></span> <span class='ocrx_word' id='word_1_450' title='bbox 2383 3666 2693 3735; x_wconf 78' lang='grc' dir='ltr'>προφήτας.</span> <span class='ocrx_word' id='word_1_451' title='bbox 2720 3669 2813 3720; x_wconf 74' lang='grc' dir='ltr'><strong>καὶ</strong></span> <span class='ocrx_word' id='word_1_452' title='bbox 2851 3669 2946 3722; x_wconf 90' lang='grc' dir='ltr'><strong>τοῦ</strong></span> <span class='ocrx_word' id='word_1_453' title='bbox 2987 3673 3175 3740; x_wconf 87' lang='grc' dir='ltr'>χρίσαι</span> <span class='ocrx_word' id='word_1_454' title='bbox 3209 3676 3342 3742; x_wconf 82' lang='grc' dir='ltr'>ἆγια</span> <span class='ocrx_word' id='word_1_455' title='bbox 3379 3678 3569 3745; x_wconf 78' lang='grc' dir='ltr'>ἁγίων,</span> <span class='ocrx_word' id='word_1_456' title='bbox 3602 3679 3685 3732; x_wconf 87' lang='grc' dir='ltr'><strong>τοῦ</strong></span> 
     </span>
    </p>
   </div>
   <div class='ocr_carea' id='block_1_60' title="bbox 2110 3757 3686 3844">
    <p class='ocr_par' dir='ltr' id='par_1_60' title="bbox 2110 3757 3686 3844">
     <span class='ocr_line' id='line_1_61' title="bbox 2110 3757 3686 3844; baseline 0.011 -38"><span class='ocrx_word' id='word_1_457' title='bbox 2110 3757 2463 3824; x_wconf 80' lang='grc' dir='ltr'>καταργῆσαι</span> <span class='ocrx_word' id='word_1_458' title='bbox 2532 3759 2632 3828; x_wconf 80' lang='grc' dir='ltr'><strong>τὴν</strong></span> <span class='ocrx_word' id='word_1_459' title='bbox 2693 3760 2885 3813; x_wconf 83' lang='grc' dir='ltr'>θυσίαν</span> <span class='ocrx_word' id='word_1_460' title='bbox 2951 3767 3044 3816; x_wconf 73' lang='grc' dir='ltr'><strong>καὶ</strong></span> <span class='ocrx_word' id='word_1_461' title='bbox 3105 3765 3204 3839; x_wconf 84' lang='grc' dir='ltr'><strong>τὴν</strong></span> <span class='ocrx_word' id='word_1_462' title='bbox 3287 3772 3533 3844; x_wconf 86' lang='grc' dir='ltr'>σπουδὴν</span> <span class='ocrx_word' id='word_1_463' title='bbox 3596 3773 3686 3836; x_wconf 82' lang='grc' dir='ltr'><strong>τὴν</strong></span> 
     </span>
    </p>
   </div>
   <div class='ocr_carea' id='block_1_61' title="bbox 2110 3844 3684 3932">
    <p class='ocr_par' dir='ltr' id='par_1_61' title="bbox 2110 3844 3684 3932">
     <span class='ocr_line' id='line_1_62' title="bbox 2110 3844 3684 3932; baseline 0.015 -39"><span class='ocrx_word' id='word_1_464' title='bbox 2110 3844 2362 3914; x_wconf 79' lang='grc' dir='ltr'>νομικὴν.</span> <span class='ocrx_word' id='word_1_465' title='bbox 2400 3863 2416 3894; x_wconf 78' lang='grc' dir='ltr'><strong>ι</strong></span> <span class='ocrx_word' id='word_1_466' title='bbox 2445 3844 2671 3911; x_wconf 79' lang='grc' dir='ltr'>Δείξατε</span> <span class='ocrx_word' id='word_1_467' title='bbox 2724 3849 2818 3903; x_wconf 81' lang='grc' dir='ltr'><strong>οὖν</strong></span> <span class='ocrx_word' id='word_1_468' title='bbox 2863 3854 2997 3922; x_wconf 80' lang='grc' dir='ltr'>ἡμῖν</span> <span class='ocrx_word' id='word_1_469' title='bbox 3047 3855 3210 3924; x_wconf 77' lang='grc' dir='ltr'>ἄρτι.</span> <span class='ocrx_word' id='word_1_470' title='bbox 3252 3862 3412 3922; x_wconf 78' lang='grc' dir='ltr'>ποῖος</span> <span class='ocrx_word' id='word_1_471' title='bbox 3465 3863 3684 3932; x_wconf 74' lang='grc' dir='ltr'>Χριστὸς</span> 
     </span>
    </p>
   </div>
   <div class='ocr_carea' id='block_1_62' title="bbox 2108 3927 3680 4026">
    <p class='ocr_par' dir='ltr' id='par_1_62' title="bbox 2108 3927 3680 4026">
     <span class='ocr_line' id='line_1_63' title="bbox 2108 3927 3680 4026; baseline 0.015 -42"><span class='ocrx_word' id='word_1_472' title='bbox 2108 3927 2241 4001; x_wconf 71' lang='grc' dir='ltr'>ἦλθε</span> <span class='ocrx_word' id='word_1_473' title='bbox 2283 3939 2525 4005; x_wconf 73' lang='grc' dir='ltr'>χρισθεὶς</span> <span class='ocrx_word' id='word_1_474' title='bbox 2556 3939 2713 4008; x_wconf 80' lang='grc' dir='ltr'>ἅγιος</span> <span class='ocrx_word' id='word_1_475' title='bbox 2757 3943 2932 4011; x_wconf 82' lang='grc' dir='ltr'>ἁγίων</span> <span class='ocrx_word' id='word_1_476' title='bbox 2983 3946 3123 4015; x_wconf 80' lang='grc' dir='ltr'>μετὰ</span> <span class='ocrx_word' id='word_1_477' title='bbox 3169 3950 3270 4013; x_wconf 80' lang='grc' dir='ltr'>τὰς</span> <span class='ocrx_word' id='word_1_478' title='bbox 3315 3927 3680 4026; x_wconf 51' lang='grc' dir='ltr'>ἑϐδομήκοντα</span> 
     </span>
    </p>
   </div>
   <div class='ocr_carea' id='block_1_63' title="bbox 2109 4025 3675 4116">
    <p class='ocr_par' dir='ltr' id='par_1_63' title="bbox 2109 4025 3675 4116">
     <span class='ocr_line' id='line_1_64' title="bbox 2109 4025 3675 4116; baseline 0.015 -39"><span class='ocrx_word' id='word_1_479' title='bbox 2109 4025 2413 4095; x_wconf 68' lang='grc' dir='ltr'>ἑϐδομάδας</span> <span class='ocrx_word' id='word_1_480' title='bbox 2440 4068 2454 4092; x_wconf 89' lang='grc'><strong>,</strong></span> <span class='ocrx_word' id='word_1_481' title='bbox 2487 4031 2738 4085; x_wconf 82' lang='grc' dir='ltr'>τουτέστι</span> <span class='ocrx_word' id='word_1_482' title='bbox 2772 4035 2911 4104; x_wconf 87' lang='grc' dir='ltr'>μετὰ</span> <span class='ocrx_word' id='word_1_483' title='bbox 2970 4041 3297 4108; x_wconf 78' lang='grc' dir='ltr'>τετρακόσια</span> <span class='ocrx_word' id='word_1_484' title='bbox 3362 4025 3675 4116; x_wconf 77' lang='grc' dir='ltr'>ἐνενήκοντα</span> 
     </span>
    </p>
   </div>
   <div class='ocr_carea' id='block_1_64' title="bbox 420 4114 2012 4208">
    <p class='ocr_par' dir='ltr' id='par_1_64' title="bbox 420 4114 2001 4192">
     <span class='ocr_line' id='line_1_65' title="bbox 420 4114 2001 4192; baseline 0.008 -24"><span class='ocrx_word' id='word_1_485' title='bbox 420 4114 1276 4187; x_wconf 73' lang='lat' dir='ltr'><strong>oriﬁciumetlegisobservatio?</strong></span> <span class='ocrx_word' id='word_1_486' title='bbox 1294 4121 1348 4174; x_wconf 83' lang='lat' dir='ltr'><strong>Si</strong></span> <span class='ocrx_word' id='word_1_487' title='bbox 1377 4122 1543 4192; x_wconf 85' lang='lat' dir='ltr'><strong>igitur</strong></span> <span class='ocrx_word' id='word_1_488' title='bbox 1556 4140 1664 4179; x_wconf 89' lang='lat' dir='ltr'><strong>non</strong></span> <span class='ocrx_word' id='word_1_489' title='bbox 1688 4127 2001 4181; x_wconf 88' lang='lat' dir='ltr'><strong>mentimini</strong></span> 
     </span>
    </p>
   </div>
   <div class='ocr_carea' id='block_1_65' title="bbox 2114 4114 3675 4208">
    <p class='ocr_par' dir='ltr' id='par_1_65' title="bbox 2114 4114 3675 4206">
     <span class='ocr_line' id='line_1_66' title="bbox 2114 4114 3675 4206; baseline 0.015 -39"><span class='ocrx_word' id='word_1_490' title='bbox 2114 4114 2203 4186; x_wconf 75' lang='grc' dir='ltr'><strong>ἔτη</strong></span> <span class='ocrx_word' id='word_1_491' title='bbox 2255 4117 2363 4172; x_wconf 78' lang='grc' dir='ltr'><strong>ἀπὸ</strong></span> <span class='ocrx_word' id='word_1_492' title='bbox 2396 4121 2617 4191; x_wconf 82' lang='grc' dir='ltr'>Δανιὴλ,</span> <span class='ocrx_word' id='word_1_493' title='bbox 2648 4127 3007 4195; x_wconf 77' lang='grc' dir='ltr'>καταργήσας</span> <span class='ocrx_word' id='word_1_494' title='bbox 3056 4130 3153 4201; x_wconf 89' lang='grc' dir='ltr'><strong>τὴν</strong></span> <span class='ocrx_word' id='word_1_495' title='bbox 3198 4131 3393 4189; x_wconf 85' lang='grc' dir='ltr'>θυσίαν</span> <span class='ocrx_word' id='word_1_496' title='bbox 3454 4114 3545 4192; x_wconf 80' lang='grc' dir='ltr'>καὶ</span> <span class='ocrx_word' id='word_1_497' title='bbox 3587 4139 3675 4206; x_wconf 74' lang='grc' dir='ltr'><strong>τὴν</strong></span> 
     </span>
    </p>
   </div>
   <div class='ocr_carea' id='block_1_66' title="bbox 421 4207 2000 4280">
    <p class='ocr_par' dir='ltr' id='par_1_66' title="bbox 421 4207 2000 4280">
     <span class='ocr_line' id='line_1_67' title="bbox 421 4207 2000 4280; baseline 0.011 -24"><span class='ocrx_word' id='word_1_498' title='bbox 421 4207 673 4262; x_wconf 84' lang='lat' dir='ltr'><strong>dicentes</strong></span> <span class='ocrx_word' id='word_1_499' title='bbox 703 4207 950 4262; x_wconf 90' lang='lat' dir='ltr'><strong>nondum</strong></span> <span class='ocrx_word' id='word_1_500' title='bbox 988 4211 1208 4265; x_wconf 87' lang='lat' dir='ltr'><strong>venisse</strong></span> <span class='ocrx_word' id='word_1_501' title='bbox 1248 4210 1552 4280; x_wconf 85' lang='lat' dir='ltr'><strong>Christum,</strong></span> <span class='ocrx_word' id='word_1_502' title='bbox 1580 4216 1674 4270; x_wconf 91' lang='lat' dir='ltr'><strong>sed</strong></span> <span class='ocrx_word' id='word_1_503' title='bbox 1705 4227 2000 4273; x_wconf 88' lang='lat' dir='ltr'><strong>venturum</strong></span> 
     </span>
    </p>
   </div>
   <div class='ocr_carea' id='block_1_67' title="bbox 416 4294 2003 4380">
    <p class='ocr_par' dir='ltr' id='par_1_67' title="bbox 416 4294 2003 4380">
     <span class='ocr_line' id='line_1_68' title="bbox 416 4294 2003 4380; baseline 0.011 -31"><span class='ocrx_word' id='word_1_504' title='bbox 416 4311 563 4362; x_wconf 82' lang='lat' dir='ltr'><strong>esse,</strong></span> <span class='ocrx_word' id='word_1_505' title='bbox 593 4299 873 4354; x_wconf 84' lang='lat' dir='ltr'><strong>ostendite</strong></span> <span class='ocrx_word' id='word_1_506' title='bbox 912 4299 1077 4355; x_wconf 86' lang='lat' dir='ltr'><strong>nobis</strong></span> <span class='ocrx_word' id='word_1_507' title='bbox 1128 4302 1310 4371; x_wconf 89' lang='lat' dir='ltr'><strong>qualis</strong></span> <span class='ocrx_word' id='word_1_508' title='bbox 1348 4302 1606 4362; x_wconf 90' lang='lat' dir='ltr'><strong>Christus</strong></span> <span class='ocrx_word' id='word_1_509' title='bbox 1646 4294 1833 4375; x_wconf 80' lang='lat' dir='ltr'><strong>vehit,</strong></span> <span class='ocrx_word' id='word_1_510' title='bbox 1876 4320 2003 4380; x_wconf 85' lang='lat' dir='ltr'><strong>post</strong></span> 
     </span>
    </p>
   </div>
   <div class='ocr_carea' id='block_1_68' title="bbox 417 4389 2000 4465">
    <p class='ocr_par' dir='ltr' id='par_1_68' title="bbox 417 4389 2000 4465">
     <span class='ocr_line' id='line_1_69' title="bbox 417 4389 2000 4465; baseline 0.013 -25"><span class='ocrx_word' id='word_1_511' title='bbox 417 4389 856 4460; x_wconf 79' lang='lat' dir='ltr'><strong>quadringentos</strong></span> <span class='ocrx_word' id='word_1_512' title='bbox 878 4399 932 4446; x_wconf 91' lang='lat' dir='ltr'><strong>et</strong></span> <span class='ocrx_word' id='word_1_513' title='bbox 957 4392 1257 4463; x_wconf 78' lang='lat' dir='ltr'><strong>nonaginta</strong></span> <span class='ocrx_word' id='word_1_514' title='bbox 1282 4411 1457 4451; x_wconf 89' lang='lat' dir='ltr'><strong>annos</strong></span> <span class='ocrx_word' id='word_1_515' title='bbox 1484 4413 1512 4451; x_wconf 87' lang='lat' dir='ltr'><strong>a</strong></span> <span class='ocrx_word' id='word_1_516' title='bbox 1540 4398 1750 4465; x_wconf 89' lang='lat' dir='ltr'><strong>Daniel,</strong></span> <span class='ocrx_word' id='word_1_517' title='bbox 1773 4412 2000 4460; x_wconf 88' lang='lat' dir='ltr'><strong>sanctus</strong></span> 
     </span>
    </p>
   </div>
   <div class='ocr_carea' id='block_1_69' title="bbox 415 4482 1997 4549">
    <p class='ocr_par' dir='ltr' id='par_1_69' title="bbox 415 4482 1997 4549">
     <span class='ocr_line' id='line_1_70' title="bbox 415 4482 1997 4549; baseline 0.011 -16"><span class='ocrx_word' id='word_1_518' title='bbox 415 4482 784 4535; x_wconf 85' lang='lat' dir='ltr'><strong>sanctorum?</strong></span> <span class='ocrx_word' id='word_1_519' title='bbox 816 4482 1040 4537; x_wconf 83' lang='lat' dir='ltr'><strong>Nullum</strong></span> <span class='ocrx_word' id='word_1_520' title='bbox 1067 4492 1251 4539; x_wconf 89' lang='lat' dir='ltr'><strong>autem</strong></span> <span class='ocrx_word' id='word_1_521' title='bbox 1287 4486 1455 4542; x_wconf 91' lang='lat' dir='ltr'><strong>alium</strong></span> <span class='ocrx_word' id='word_1_522' title='bbox 1488 4489 1660 4545; x_wconf 89' lang='lat' dir='ltr'><strong>habes</strong></span> <span class='ocrx_word' id='word_1_523' title='bbox 1698 4493 1997 4549; x_wconf 89' lang='lat' dir='ltr'><strong>ostenden-</strong></span> 
     </span>
    </p>
   </div>
   <div class='ocr_carea' id='block_1_70' title="bbox 414 4573 1994 4640">
    <p class='ocr_par' dir='ltr' id='par_1_70' title="bbox 414 4573 1994 4640">
     <span class='ocr_line' id='line_1_71' title="bbox 414 4573 1994 4640; baseline 0.012 -18"><span class='ocrx_word' id='word_1_524' title='bbox 414 4573 546 4626; x_wconf 82' lang='lat' dir='ltr'><strong>dum</strong></span> <span class='ocrx_word' id='word_1_525' title='bbox 584 4573 701 4627; x_wconf 67' lang='lat' dir='ltr'><strong>haec</strong></span> <span class='ocrx_word' id='word_1_526' title='bbox 733 4573 1050 4640; x_wconf 77' lang='lat' dir='ltr'><strong>facientem,</strong></span> <span class='ocrx_word' id='word_1_527' title='bbox 1084 4576 1190 4630; x_wconf 90' lang='lat' dir='ltr'><strong>nisi</strong></span> <span class='ocrx_word' id='word_1_528' title='bbox 1229 4578 1417 4633; x_wconf 67' lang='lat' dir='ltr'><strong>Iesum</strong></span> <span class='ocrx_word' id='word_1_529' title='bbox 1464 4576 1746 4637; x_wconf 87' lang='lat' dir='ltr'><strong>Christum</strong></span> <span class='ocrx_word' id='word_1_530' title='bbox 1795 4585 1994 4640; x_wconf 87' lang='lat' dir='ltr'><strong>Filium</strong></span> 
     </span>
    </p>
   </div>
   <div class='ocr_carea' id='block_1_71' title="bbox 413 4665 1993 4740">
    <p class='ocr_par' dir='ltr' id='par_1_71' title="bbox 413 4665 1993 4740">
     <span class='ocr_line' id='line_1_72' title="bbox 413 4665 1993 4740; baseline 0.009 -22"><span class='ocrx_word' id='word_1_531' title='bbox 413 4665 530 4721; x_wconf 88' lang='lat' dir='ltr'><strong>Dei.</strong></span> <span class='ocrx_word' id='word_1_532' title='bbox 564 4666 631 4720; x_wconf 79' lang='lat' dir='ltr'><strong>Et</strong></span> <span class='ocrx_word' id='word_1_533' title='bbox 660 4682 879 4722; x_wconf 87' lang='lat' dir='ltr'><strong>rursum</strong></span> <span class='ocrx_word' id='word_1_534' title='bbox 903 4667 971 4729; x_wconf 88' lang='lat' dir='ltr'><strong>si,</strong></span> <span class='ocrx_word' id='word_1_535' title='bbox 1003 4685 1130 4724; x_wconf 86' lang='lat' dir='ltr'><strong>vera</strong></span> <span class='ocrx_word' id='word_1_536' title='bbox 1162 4670 1476 4740; x_wconf 84' lang='lat' dir='ltr'><strong>loquentes.</strong></span> <span class='ocrx_word' id='word_1_537' title='bbox 1508 4674 1693 4730; x_wconf 90' lang='lat' dir='ltr'><strong>dicitis</strong></span> <span class='ocrx_word' id='word_1_538' title='bbox 1721 4680 1993 4733; x_wconf 86' lang='lat' dir='ltr'><strong>sacriﬁcia</strong></span> 
     </span>
    </p>
   </div>
   <div class='ocr_carea' id='block_1_72' title="bbox 411 4756 1992 4833">
    <p class='ocr_par' dir='ltr' id='par_1_72' title="bbox 411 4756 1992 4833">
     <span class='ocr_line' id='line_1_73' title="bbox 411 4756 1992 4833; baseline 0.009 -25"><span class='ocrx_word' id='word_1_539' title='bbox 411 4756 625 4810; x_wconf 86' lang='lat' dir='ltr'><strong>institui</strong></span> <span class='ocrx_word' id='word_1_540' title='bbox 678 4757 870 4827; x_wconf 83' lang='lat' dir='ltr'><strong>legalia</strong></span> <span class='ocrx_word' id='word_1_541' title='bbox 917 4758 1123 4815; x_wconf 86' lang='lat' dir='ltr'><strong>debere</strong></span> <span class='ocrx_word' id='word_1_542' title='bbox 1172 4761 1241 4815; x_wconf 89' lang='lat' dir='ltr'><strong>ab</strong></span> <span class='ocrx_word' id='word_1_543' title='bbox 1283 4763 1378 4817; x_wconf 90' lang='lat' dir='ltr'><strong>illo</strong></span> <span class='ocrx_word' id='word_1_544' title='bbox 1416 4765 1510 4833; x_wconf 89' lang='lat' dir='ltr'><strong>qui</strong></span> <span class='ocrx_word' id='word_1_545' title='bbox 1561 4768 1711 4821; x_wconf 80' lang='lat' dir='ltr'><strong>venit</strong></span> <span class='ocrx_word' id='word_1_546' title='bbox 1769 4768 1992 4824; x_wconf 87' lang='lat' dir='ltr'><strong>Christo</strong></span> 
     </span>
    </p>
   </div>
   <div class='ocr_carea' id='block_1_73' title="bbox 406 4843 1991 4912">
    <p class='ocr_par' dir='ltr' id='par_1_73' title="bbox 406 4843 1991 4912">
     <span class='ocr_line' id='line_1_74' title="bbox 406 4843 1991 4912; baseline 0.009 -15"><span class='ocrx_word' id='word_1_547' title='bbox 406 4843 522 4898; x_wconf 85' lang='lat' dir='ltr'><strong>Deo</strong></span> <span class='ocrx_word' id='word_1_548' title='bbox 568 4851 782 4909; x_wconf 90' lang='lat' dir='ltr'><strong>nostro,</strong></span> <span class='ocrx_word' id='word_1_549' title='bbox 814 4846 1005 4901; x_wconf 90' lang='lat' dir='ltr'><strong>Daniel</strong></span> <span class='ocrx_word' id='word_1_550' title='bbox 1034 4856 1225 4903; x_wconf 85' lang='lat' dir='ltr'><strong>contra</strong></span> <span class='ocrx_word' id='word_1_551' title='bbox 1255 4851 1521 4906; x_wconf 84' lang='lat' dir='ltr'><strong>mentitur</strong></span> <span class='ocrx_word' id='word_1_552' title='bbox 1553 4852 1744 4909; x_wconf 68' lang='lat' dir='ltr'><strong>dicens</strong></span> <span class='ocrx_word' id='word_1_553' title='bbox 1769 4856 1991 4912; x_wconf 81' lang='lat' dir='ltr'><strong>Christo</strong></span> 
     </span>
    </p>
   </div>
   <div class='ocr_carea' id='block_1_74' title="bbox 407 4937 1989 5005">
    <p class='ocr_par' dir='ltr' id='par_1_74' title="bbox 407 4937 1989 5005">
     <span class='ocr_line' id='line_1_75' title="bbox 407 4937 1989 5005; baseline 0.012 -18"><span class='ocrx_word' id='word_1_554' title='bbox 407 4938 668 4994; x_wconf 84' lang='lat' dir='ltr'><strong>veniente</strong></span> <span class='ocrx_word' id='word_1_555' title='bbox 702 4937 1065 4994; x_wconf 81' lang='lat' dir='ltr'><strong>auferendum</strong></span> <span class='ocrx_word' id='word_1_556' title='bbox 1100 4956 1224 4997; x_wconf 89' lang='lat' dir='ltr'><strong>esse</strong></span> <span class='ocrx_word' id='word_1_557' title='bbox 1256 4943 1587 4999; x_wconf 83' lang='lat' dir='ltr'><strong>sacriﬁcium</strong></span> <span class='ocrx_word' id='word_1_558' title='bbox 1627 4956 1685 5002; x_wconf 89' lang='lat' dir='ltr'><strong>ct</strong></span> <span class='ocrx_word' id='word_1_559' title='bbox 1721 4949 1989 5005; x_wconf 84' lang='lat' dir='ltr'><strong>observa-</strong></span> 
     </span>
    </p>
   </div>
   <div class='ocr_carea' id='block_1_75' title="bbox 407 5027 1988 5101">
    <p class='ocr_par' dir='ltr' id='par_1_75' title="bbox 407 5027 1988 5101">
     <span class='ocr_line' id='line_1_76' title="bbox 407 5027 1988 5101; baseline 0.01 -23"><span class='ocrx_word' id='word_1_560' title='bbox 407 5028 638 5082; x_wconf 84' lang='lat' dir='ltr'><strong>tionem.</strong></span> <span class='ocrx_word' id='word_1_561' title='bbox 668 5027 723 5083; x_wconf 92' lang='lat' dir='ltr'><strong>Si</strong></span> <span class='ocrx_word' id='word_1_562' title='bbox 754 5044 856 5084; x_wconf 89' lang='lat' dir='ltr'><strong>nos</strong></span> <span class='ocrx_word' id='word_1_563' title='bbox 883 5030 1050 5101; x_wconf 85' lang='lat' dir='ltr'><strong>igitur</strong></span> <span class='ocrx_word' id='word_1_564' title='bbox 1079 5045 1328 5087; x_wconf 89' lang='lat' dir='ltr'><strong>erramus</strong></span> <span class='ocrx_word' id='word_1_565' title='bbox 1348 5048 1553 5087; x_wconf 85' lang='lat' dir='ltr'><strong>novum</strong></span> <span class='ocrx_word' id='word_1_566' title='bbox 1583 5034 1787 5091; x_wconf 88' lang='lat' dir='ltr'><strong>Christi</strong></span> <span class='ocrx_word' id='word_1_567' title='bbox 1821 5048 1988 5095; x_wconf 88' lang='lat' dir='ltr'><strong>testa-</strong></span> 
     </span>
    </p>
   </div>
   <div class='ocr_carea' id='block_1_76' title="bbox 405 5122 1983 5198">
    <p class='ocr_par' dir='ltr' id='par_1_76' title="bbox 405 5122 1983 5198">
     <span class='ocr_line' id='line_1_77' title="bbox 405 5122 1983 5198; baseline 0.008 -25"><span class='ocrx_word' id='word_1_568' title='bbox 405 5129 654 5173; x_wconf 88' lang='lat' dir='ltr'><strong>mentum</strong></span> <span class='ocrx_word' id='word_1_569' title='bbox 695 5122 1063 5189; x_wconf 86' lang='lat' dir='ltr'><strong>possidentes,</strong></span> <span class='ocrx_word' id='word_1_570' title='bbox 1093 5133 1148 5179; x_wconf 89' lang='lat' dir='ltr'><strong>et</strong></span> <span class='ocrx_word' id='word_1_571' title='bbox 1194 5134 1377 5179; x_wconf 83' lang='lat' dir='ltr'><strong>vester</strong></span> <span class='ocrx_word' id='word_1_572' title='bbox 1404 5124 1660 5181; x_wconf 88' lang='lat' dir='ltr'><strong>Christus</strong></span> <span class='ocrx_word' id='word_1_573' title='bbox 1686 5129 1778 5198; x_wconf 91' lang='lat' dir='ltr'><strong>qui</strong></span> <span class='ocrx_word' id='word_1_574' title='bbox 1811 5132 1983 5194; x_wconf 83' lang='lat' dir='ltr'><strong>venit,</strong></span> 
     </span>
    </p>
   </div>
   <div class='ocr_carea' id='block_1_77' title="bbox 401 5217 1987 5291">
    <p class='ocr_par' dir='ltr' id='par_1_77' title="bbox 401 5217 1987 5291">
     <span class='ocr_line' id='line_1_78' title="bbox 401 5217 1987 5291; baseline 0.014 -31"><span class='ocrx_word' id='word_1_575' title='bbox 401 5220 565 5266; x_wconf 82' lang='lat' dir='ltr'><strong>vetus</strong></span> <span class='ocrx_word' id='word_1_576' title='bbox 611 5221 1001 5270; x_wconf 83' lang='lat' dir='ltr'><strong>testamentum</strong></span> <span class='ocrx_word' id='word_1_577' title='bbox 1052 5224 1109 5271; x_wconf 90' lang='lat' dir='ltr'><strong>et</strong></span> <span class='ocrx_word' id='word_1_578' title='bbox 1148 5218 1322 5286; x_wconf 87' lang='lat' dir='ltr'><strong>legem</strong></span> <span class='ocrx_word' id='word_1_579' title='bbox 1377 5217 1578 5291; x_wconf 80' lang='lat' dir='ltr'><strong>Moysis</strong></span> <span class='ocrx_word' id='word_1_580' title='bbox 1620 5234 1872 5288; x_wconf 86' lang='lat' dir='ltr'><strong>renovat,</strong></span> <span class='ocrx_word' id='word_1_581' title='bbox 1926 5235 1987 5282; x_wconf 89' lang='lat' dir='ltr'><strong>ut</strong></span> 
     </span>
    </p>
   </div>
   <div class='ocr_carea' id='block_1_78' title="bbox 401 5303 1983 5378">
    <p class='ocr_par' dir='ltr' id='par_1_78' title="bbox 401 5303 1983 5378">
     <span class='ocr_line' id='line_1_79' title="bbox 401 5303 1983 5378; baseline 0.011 -22"><span class='ocrx_word' id='word_1_582' title='bbox 401 5303 611 5364; x_wconf 84' lang='lat' dir='ltr'><strong>dicitis.</strong></span> <span class='ocrx_word' id='word_1_583' title='bbox 632 5304 725 5358; x_wconf 89' lang='lat' dir='ltr'><strong>ubi</strong></span> <span class='ocrx_word' id='word_1_584' title='bbox 752 5304 974 5361; x_wconf 88' lang='lat' dir='ltr'><strong>demum</strong></span> <span class='ocrx_word' id='word_1_585' title='bbox 1000 5312 1306 5378; x_wconf 68' lang='lat' dir='ltr'><strong>quaerimus</strong></span> <span class='ocrx_word' id='word_1_586' title='bbox 1332 5319 1723 5369; x_wconf 86' lang='lat' dir='ltr'><strong>testamentum</strong></span> <span class='ocrx_word' id='word_1_587' title='bbox 1757 5317 1887 5372; x_wconf 89' lang='lat' dir='ltr'><strong>illud</strong></span> <span class='ocrx_word' id='word_1_588' title='bbox 1916 5320 1983 5375; x_wconf 92' lang='lat' dir='ltr'><strong>dc</strong></span> 
     </span>
    </p>
   </div>
   <div class='ocr_carea' id='block_1_79' title="bbox 399 5395 1981 5475">
    <p class='ocr_par' dir='ltr' id='par_1_79' title="bbox 399 5395 1981 5475">
     <span class='ocr_line' id='line_1_80' title="bbox 399 5395 1981 5475; baseline 0.013 -27"><span class='ocrx_word' id='word_1_589' title='bbox 399 5409 514 5461; x_wconf 76' lang='lat' dir='ltr'><strong>quo</strong></span> <span class='ocrx_word' id='word_1_590' title='bbox 565 5395 705 5450; x_wconf 80' lang='lat' dir='ltr'><strong>dixit</strong></span> <span class='ocrx_word' id='word_1_591' title='bbox 742 5398 886 5453; x_wconf 89' lang='lat' dir='ltr'><strong>Deus</strong></span> <span class='ocrx_word' id='word_1_592' title='bbox 912 5415 1011 5469; x_wconf 89' lang='lat' dir='ltr'><strong>per</strong></span> <span class='ocrx_word' id='word_1_593' title='bbox 1044 5401 1339 5456; x_wconf 81' lang='lat' dir='ltr'><strong>Jeremiam</strong></span> <span class='ocrx_word' id='word_1_594' title='bbox 1386 5406 1749 5475; x_wconf 84' lang='lat' dir='ltr'><strong>prophetam:</strong></span> <span class='ocrx_word' id='word_1_595' title='bbox 1792 5431 1807 5461; x_wconf 80' lang='grc' dir='ltr'><strong>ι</strong></span> <span class='ocrx_word' id='word_1_596' title='bbox 1844 5411 1981 5467; x_wconf 84' lang='lat' dir='ltr'><strong>Ecce</strong></span> 
     </span>
    </p>
   </div>
   <div class='ocr_carea' id='block_1_80' title="bbox 2104 4212 3675 4300">
    <p class='ocr_par' dir='ltr' id='par_1_80' title="bbox 2104 4212 3675 4300">
     <span class='ocr_line' id='line_1_81' title="bbox 2104 4212 3675 4300; baseline 0.014 -41"><span class='ocrx_word' id='word_1_597' title='bbox 2104 4212 2383 4280; x_wconf 75' lang='grc' dir='ltr'>νομικήνς</span> <span class='ocrx_word' id='word_1_598' title='bbox 2433 4213 2530 4266; x_wconf 78' lang='grc' dir='ltr'>καὶ</span> <span class='ocrx_word' id='word_1_599' title='bbox 2582 4215 2711 4269; x_wconf 81' lang='grc' dir='ltr'>πότε</span> <span class='ocrx_word' id='word_1_600' title='bbox 2763 4217 2906 4289; x_wconf 77' lang='grc' dir='ltr'>ὴρθη</span> <span class='ocrx_word' id='word_1_601' title='bbox 2979 4222 3011 4290; x_wconf 81' lang='grc' dir='ltr'><strong>ἡ</strong></span> <span class='ocrx_word' id='word_1_602' title='bbox 3086 4224 3292 4297; x_wconf 85' lang='grc' dir='ltr'>σπουδὴ</span> <span class='ocrx_word' id='word_1_603' title='bbox 3352 4231 3448 4282; x_wconf 74' lang='grc' dir='ltr'><strong>καὶ</strong></span> <span class='ocrx_word' id='word_1_604' title='bbox 3504 4231 3535 4300; x_wconf 83' lang='grc' dir='ltr'><strong>ἡ</strong></span> <span class='ocrx_word' id='word_1_605' title='bbox 3591 4229 3675 4281; x_wconf 86' lang='grc' dir='ltr'>θυ-</span> 
     </span>
    </p>
   </div>
   <div class='ocr_carea' id='block_1_81' title="bbox 2104 4299 3670 4387">
    <p class='ocr_par' dir='ltr' id='par_1_81' title="bbox 2104 4299 3670 4387">
     <span class='ocr_line' id='line_1_82' title="bbox 2104 4299 3670 4387; baseline 0.012 -36"><span class='ocrx_word' id='word_1_606' title='bbox 2104 4299 2195 4352; x_wconf 72' lang='grc' dir='ltr'><strong>σία</strong></span> <span class='ocrx_word' id='word_1_607' title='bbox 2231 4301 2325 4355; x_wconf 89' lang='grc' dir='ltr'><strong>τοῦ</strong></span> <span class='ocrx_word' id='word_1_608' title='bbox 2365 4304 2532 4374; x_wconf 83' lang='grc' dir='ltr'>νόμου</span> <span class='ocrx_word' id='word_1_609' title='bbox 2562 4323 2577 4366; x_wconf 89' lang='lat'><strong>;</strong></span> <span class='ocrx_word' id='word_1_610' title='bbox 2614 4308 2679 4362; x_wconf 84' lang='lat' dir='ltr'><strong>El</strong></span> <span class='ocrx_word' id='word_1_611' title='bbox 2734 4308 2829 4363; x_wconf 82' lang='grc' dir='ltr'><strong>οῦν</strong></span> <span class='ocrx_word' id='word_1_612' title='bbox 2850 4312 2910 4364; x_wconf 84' lang='grc' dir='ltr'>οὺ</span> <span class='ocrx_word' id='word_1_613' title='bbox 2971 4312 3235 4381; x_wconf 78' lang='grc' dir='ltr'>ψεύδεσθε</span> <span class='ocrx_word' id='word_1_614' title='bbox 3283 4299 3565 4387; x_wconf 83' lang='grc' dir='ltr'>λέγοντες,</span> <span class='ocrx_word' id='word_1_615' title='bbox 3595 4319 3670 4372; x_wconf 80' lang='grc' dir='ltr'>ὅτι</span> 
     </span>
    </p>
   </div>
   <div class='ocr_carea' id='block_1_82' title="bbox 2100 4389 3668 4479">
    <p class='ocr_par' dir='ltr' id='par_1_82' title="bbox 2100 4389 3668 4479">
     <span class='ocr_line' id='line_1_83' title="bbox 2100 4389 3668 4479; baseline 0.016 -38"><span class='ocrx_word' id='word_1_616' title='bbox 2100 4389 2254 4445; x_wconf 79' lang='grc' dir='ltr'>οὔπω</span> <span class='ocrx_word' id='word_1_617' title='bbox 2285 4389 2448 4464; x_wconf 73' lang='grc' dir='ltr'>ἦλθεν</span> <span class='ocrx_word' id='word_1_618' title='bbox 2474 4399 2502 4448; x_wconf 88' lang='grc' dir='ltr'>ὁ</span> <span class='ocrx_word' id='word_1_619' title='bbox 2556 4396 2813 4468; x_wconf 76' lang='grc' dir='ltr'>Χριστὸς,</span> <span class='ocrx_word' id='word_1_620' title='bbox 2845 4403 2984 4456; x_wconf 78' lang='grc' dir='ltr'><strong>ἀλλὰ</strong></span> <span class='ocrx_word' id='word_1_621' title='bbox 3041 4405 3249 4475; x_wconf 83' lang='grc' dir='ltr'><strong>μέλλει,</strong></span> <span class='ocrx_word' id='word_1_622' title='bbox 3281 4409 3497 4475; x_wconf 80' lang='grc' dir='ltr'>δείξατε</span> <span class='ocrx_word' id='word_1_623' title='bbox 3546 4412 3668 4479; x_wconf 80' lang='grc' dir='ltr'>ἡμῖν</span> 
     </span>
    </p>
   </div>
   <div class='ocr_carea' id='block_1_83' title="bbox 2101 4485 3663 4573">
    <p class='ocr_par' dir='ltr' id='par_1_83' title="bbox 2101 4485 3663 4573">
     <span class='ocr_line' id='line_1_84' title="bbox 2101 4485 3663 4573; baseline 0.013 -39"><span class='ocrx_word' id='word_1_624' title='bbox 2101 4485 2259 4547; x_wconf 58' lang='grc' dir='ltr'>ποῖος</span> <span class='ocrx_word' id='word_1_625' title='bbox 2283 4485 2519 4556; x_wconf 82' lang='grc' dir='ltr'>Χριστὸς</span> <span class='ocrx_word' id='word_1_626' title='bbox 2547 4485 2679 4560; x_wconf 80' lang='grc' dir='ltr'>ὴλθε</span> <span class='ocrx_word' id='word_1_627' title='bbox 2708 4492 2855 4562; x_wconf 83' lang='grc' dir='ltr'>μετὰ</span> <span class='ocrx_word' id='word_1_628' title='bbox 2876 4497 3207 4565; x_wconf 86' lang='grc' dir='ltr'>τετρακόσια</span> <span class='ocrx_word' id='word_1_629' title='bbox 3228 4500 3384 4573; x_wconf 79' lang='grc' dir='ltr'>ἐνενή</span> <span class='ocrx_word' id='word_1_630' title='bbox 3395 4518 3552 4556; x_wconf 85' lang='grc' dir='ltr'>κοντα</span> <span class='ocrx_word' id='word_1_631' title='bbox 3580 4501 3663 4569; x_wconf 82' lang='grc' dir='ltr'><strong>ἔτη</strong></span> 
     </span>
    </p>
   </div>
   <div class='ocr_carea' id='block_1_84' title="bbox 2098 4573 3666 4659">
    <p class='ocr_par' dir='ltr' id='par_1_84' title="bbox 2098 4573 3666 4659">
     <span class='ocr_line' id='line_1_85' title="bbox 2098 4573 3666 4659; baseline 0.012 -35"><span class='ocrx_word' id='word_1_632' title='bbox 2098 4573 2191 4625; x_wconf 89' lang='grc' dir='ltr'><strong>τοῦ</strong></span> <span class='ocrx_word' id='word_1_633' title='bbox 2218 4576 2419 4647; x_wconf 82' lang='grc' dir='ltr'>Δανιὴλ</span> <span class='ocrx_word' id='word_1_634' title='bbox 2451 4577 2607 4647; x_wconf 75' lang='grc' dir='ltr'>ἅγιος</span> <span class='ocrx_word' id='word_1_635' title='bbox 2631 4580 2837 4650; x_wconf 85' lang='grc' dir='ltr'>ἁγίων;</span> <span class='ocrx_word' id='word_1_636' title='bbox 2882 4583 3021 4638; x_wconf 82' lang='grc' dir='ltr'><strong>Ἀλλ’</strong></span> <span class='ocrx_word' id='word_1_637' title='bbox 3051 4588 3151 4640; x_wconf 79' lang='grc' dir='ltr'><strong>οὐκ</strong></span> <span class='ocrx_word' id='word_1_638' title='bbox 3178 4588 3323 4659; x_wconf 73' lang='grc' dir='ltr'>ἔχεις</span> <span class='ocrx_word' id='word_1_639' title='bbox 3361 4592 3521 4646; x_wconf 80' lang='grc' dir='ltr'>ἄλλον</span> <span class='ocrx_word' id='word_1_640' title='bbox 3555 4591 3666 4643; x_wconf 74' lang='grc' dir='ltr'>τινα</span> 
     </span>
    </p>
   </div>
   <div class='ocr_carea' id='block_1_85' title="bbox 2095 4664 3664 4757">
    <p class='ocr_par' dir='ltr' id='par_1_85' title="bbox 2095 4664 3664 4757">
     <span class='ocr_line' id='line_1_86' title="bbox 2095 4664 3664 4757; baseline 0.01 -39"><span class='ocrx_word' id='word_1_641' title='bbox 2095 4664 2266 4731; x_wconf 78' lang='grc' dir='ltr'>δεῖξαι</span> <span class='ocrx_word' id='word_1_642' title='bbox 2313 4669 2472 4723; x_wconf 81' lang='grc' dir='ltr'>τοῦτο</span> <span class='ocrx_word' id='word_1_643' title='bbox 2533 4673 2856 4742; x_wconf 82' lang='grc' dir='ltr'>ποιήσαντα.</span> <span class='ocrx_word' id='word_1_644' title='bbox 2886 4678 2934 4729; x_wconf 89' lang='grc' dir='ltr'>εί</span> <span class='ocrx_word' id='word_1_645' title='bbox 2964 4678 3039 4749; x_wconf 89' lang='grc' dir='ltr'>μὴ</span> <span class='ocrx_word' id='word_1_646' title='bbox 3079 4679 3288 4748; x_wconf 77' lang='grc' dir='ltr'>Ἰησοῦν</span> <span class='ocrx_word' id='word_1_647' title='bbox 3314 4684 3545 4757; x_wconf 78' lang='grc' dir='ltr'>Χριστὸν</span> <span class='ocrx_word' id='word_1_648' title='bbox 3582 4683 3664 4736; x_wconf 71' lang='grc' dir='ltr'>τὸν</span> 
     </span>
    </p>
   </div>
   <div class='ocr_carea' id='block_1_86' title="bbox 2097 4754 3660 4842">
    <p class='ocr_par' dir='ltr' id='par_1_86' title="bbox 2097 4754 3660 4842">
     <span class='ocr_line' id='line_1_87' title="bbox 2097 4754 3660 4842; baseline 0.011 -36"><span class='ocrx_word' id='word_1_649' title='bbox 2097 4754 2224 4809; x_wconf 80' lang='grc' dir='ltr'>Υίὸν</span> <span class='ocrx_word' id='word_1_650' title='bbox 2252 4757 2347 4811; x_wconf 91' lang='grc' dir='ltr'><strong>τοῦ</strong></span> <span class='ocrx_word' id='word_1_651' title='bbox 2378 4758 2537 4814; x_wconf 83' lang='grc' dir='ltr'>Θεοῦ.</span> <span class='ocrx_word' id='word_1_652' title='bbox 2571 4761 2684 4814; x_wconf 79' lang='grc' dir='ltr'>Καὶ</span> <span class='ocrx_word' id='word_1_653' title='bbox 2708 4763 2892 4828; x_wconf 85' lang='grc' dir='ltr'>πάλιν,</span> <span class='ocrx_word' id='word_1_654' title='bbox 2924 4768 2973 4819; x_wconf 83' lang='grc' dir='ltr'>εί</span> <span class='ocrx_word' id='word_1_655' title='bbox 3004 4754 3563 4842; x_wconf 78' lang='grc' dir='ltr'>ἀληθεύοντεςλὲγετε</span> <span class='ocrx_word' id='word_1_656' title='bbox 3589 4773 3660 4825; x_wconf 86' lang='grc' dir='ltr'>ὃτι</span> 
     </span>
    </p>
   </div>
   <div class='ocr_carea' id='block_1_87' title="bbox 2095 4845 3658 4936">
    <p class='ocr_par' dir='ltr' id='par_1_87' title="bbox 2095 4845 3658 4936">
     <span class='ocr_line' id='line_1_88' title="bbox 2095 4845 3658 4936; baseline 0.011 -38"><span class='ocrx_word' id='word_1_657' title='bbox 2095 4845 2284 4911; x_wconf 82' lang='grc' dir='ltr'>θυσίας</span> <span class='ocrx_word' id='word_1_658' title='bbox 2310 4849 2493 4918; x_wconf 79' lang='grc' dir='ltr'><strong>μέλλει</strong></span> <span class='ocrx_word' id='word_1_659' title='bbox 2529 4856 2704 4905; x_wconf 83' lang='grc' dir='ltr'>ποιεῖν</span> <span class='ocrx_word' id='word_1_660' title='bbox 2734 4856 2966 4925; x_wconf 84' lang='grc' dir='ltr'>νομικὰς</span> <span class='ocrx_word' id='word_1_661' title='bbox 2998 4860 3027 4910; x_wconf 85' lang='grc' dir='ltr'>ὁ</span> <span class='ocrx_word' id='word_1_662' title='bbox 3064 4862 3359 4932; x_wconf 75' lang='grc' dir='ltr'>ἐρχόμενος</span> <span class='ocrx_word' id='word_1_663' title='bbox 3382 4864 3607 4936; x_wconf 80' lang='grc' dir='ltr'>Χριστὸς</span> <span class='ocrx_word' id='word_1_664' title='bbox 3633 4864 3658 4915; x_wconf 85' lang='grc' dir='ltr'><strong>ὁ</strong></span> 
     </span>
    </p>
   </div>
   <div class='ocr_carea' id='block_1_88' title="bbox 2091 4937 3651 5024">
    <p class='ocr_par' dir='ltr' id='par_1_88' title="bbox 2091 4937 3651 5024">
     <span class='ocr_line' id='line_1_89' title="bbox 2091 4937 3651 5024; baseline 0.011 -35"><span class='ocrx_word' id='word_1_665' title='bbox 2091 4937 2226 5002; x_wconf 76' lang='grc' dir='ltr'>Θεὸς</span> <span class='ocrx_word' id='word_1_666' title='bbox 2285 4940 2462 5011; x_wconf 86' lang='grc' dir='ltr'>ήμῶν,</span> <span class='ocrx_word' id='word_1_667' title='bbox 2509 4942 2694 4998; x_wconf 80' lang='grc' dir='ltr'>λοιπὸν</span> <span class='ocrx_word' id='word_1_668' title='bbox 2744 4948 2946 5017; x_wconf 79' lang='grc' dir='ltr'>Δανιὴλ</span> <span class='ocrx_word' id='word_1_669' title='bbox 3009 4949 3267 5018; x_wconf 70' lang='grc' dir='ltr'>ψεύδεται</span> <span class='ocrx_word' id='word_1_670' title='bbox 3333 4957 3537 5024; x_wconf 84' lang='grc' dir='ltr'>λέγων.</span> <span class='ocrx_word' id='word_1_671' title='bbox 3584 4954 3651 5006; x_wconf 75' lang='grc' dir='ltr'>ὅτι</span> 
     </span>
    </p>
   </div>
   <div class='ocr_carea' id='block_1_89' title="bbox 2094 5031 3645 5111">
    <p class='ocr_par' dir='ltr' id='par_1_89' title="bbox 2094 5031 3645 5111">
     <span class='ocr_line' id='line_1_90' title="bbox 2094 5031 3645 5111; baseline 0.01 -31"><span class='ocrx_word' id='word_1_672' title='bbox 2094 5046 2114 5079; x_wconf 79' lang='grc' dir='ltr'>ι</span> <span class='ocrx_word' id='word_1_673' title='bbox 2151 5031 2388 5102; x_wconf 76' lang='grc' dir='ltr'>Χριστοῦ</span> <span class='ocrx_word' id='word_1_674' title='bbox 2425 5033 2723 5105; x_wconf 77' lang='grc' dir='ltr'>ἐρχομένου</span> <span class='ocrx_word' id='word_1_675' title='bbox 2766 5038 3072 5109; x_wconf 82' lang='grc' dir='ltr'>ἀρθήσεται</span> <span class='ocrx_word' id='word_1_676' title='bbox 3099 5042 3260 5099; x_wconf 89' lang='grc' dir='ltr'>θυσία</span> <span class='ocrx_word' id='word_1_677' title='bbox 3291 5047 3382 5099; x_wconf 72' lang='grc' dir='ltr'><strong>καὶ</strong></span> <span class='ocrx_word' id='word_1_678' title='bbox 3407 5047 3645 5111; x_wconf 74' lang='grc' dir='ltr'>σπουδή.ι</span> 
     </span>
    </p>
   </div>
   <div class='ocr_carea' id='block_1_90' title="bbox 2089 5125 3651 5208">
    <p class='ocr_par' dir='ltr' id='par_1_90' title="bbox 2089 5125 3651 5208">
     <span class='ocr_line' id='line_1_91' title="bbox 2089 5125 3651 5208; baseline 0.008 -32"><span class='ocrx_word' id='word_1_679' title='bbox 2089 5125 2202 5177; x_wconf 69' lang='grc' dir='ltr'>Καὶ</span> <span class='ocrx_word' id='word_1_680' title='bbox 2230 5126 2279 5178; x_wconf 86' lang='grc' dir='ltr'>εἰ</span> <span class='ocrx_word' id='word_1_681' title='bbox 2337 5127 2447 5195; x_wconf 83' lang='grc' dir='ltr'>ἄρα</span> <span class='ocrx_word' id='word_1_682' title='bbox 2489 5127 2651 5196; x_wconf 82' lang='grc' dir='ltr'>ἡμεῖς</span> <span class='ocrx_word' id='word_1_683' title='bbox 2687 5134 3114 5204; x_wconf 84' lang='grc' dir='ltr'>παρανομοῦμεν</span> <span class='ocrx_word' id='word_1_684' title='bbox 3151 5137 3249 5208; x_wconf 87' lang='grc' dir='ltr'><strong>τὴν</strong></span> <span class='ocrx_word' id='word_1_685' title='bbox 3303 5140 3431 5192; x_wconf 75' lang='grc' dir='ltr'>νέαν</span> <span class='ocrx_word' id='word_1_686' title='bbox 3480 5137 3651 5206; x_wconf 59' lang='grc' dir='ltr'>διαθή-</span> 
     </span>
    </p>
   </div>
   <div class='ocr_carea' id='block_1_91' title="bbox 2087 5216 3650 5299">
    <p class='ocr_par' dir='ltr' id='par_1_91' title="bbox 2087 5216 3650 5299">
     <span class='ocr_line' id='line_1_92' title="bbox 2087 5216 3650 5299; baseline 0.008 -32"><span class='ocrx_word' id='word_1_687' title='bbox 2087 5232 2189 5286; x_wconf 80' lang='grc' dir='ltr'>κην</span> <span class='ocrx_word' id='word_1_688' title='bbox 2211 5216 2306 5269; x_wconf 85' lang='grc' dir='ltr'><strong>τοῦ</strong></span> <span class='ocrx_word' id='word_1_689' title='bbox 2339 5217 2577 5287; x_wconf 79' lang='grc' dir='ltr'>Χριστοῦ</span> <span class='ocrx_word' id='word_1_690' title='bbox 2612 5222 2956 5291; x_wconf 79' lang='grc' dir='ltr'>κατέχοντες,</span> <span class='ocrx_word' id='word_1_691' title='bbox 2991 5228 3085 5278; x_wconf 70' lang='grc' dir='ltr'><strong>καὶ</strong></span> <span class='ocrx_word' id='word_1_692' title='bbox 3114 5227 3143 5278; x_wconf 85' lang='grc' dir='ltr'><em>ὀ</em></span> <span class='ocrx_word' id='word_1_693' title='bbox 3184 5229 3475 5299; x_wconf 77' lang='grc' dir='ltr'>ἐρχόμενος</span> <span class='ocrx_word' id='word_1_694' title='bbox 3531 5228 3650 5287; x_wconf 64' lang='lat' dir='ltr'><strong>X9:-</strong></span> 
     </span>
    </p>
   </div>
   <div class='ocr_carea' id='block_1_92' title="bbox 2088 5308 3646 5387">
    <p class='ocr_par' dir='ltr' id='par_1_92' title="bbox 2088 5308 3646 5387">
     <span class='ocr_line' id='line_1_93' title="bbox 2088 5308 3646 5387; baseline 0.008 -29"><span class='ocrx_word' id='word_1_695' title='bbox 2088 5308 2210 5369; x_wconf 66' lang='grc' dir='ltr'>στὶς</span> <span class='ocrx_word' id='word_1_696' title='bbox 2235 5308 2387 5386; x_wconf 73' lang='grc' dir='ltr'>ὑμῷν</span> <span class='ocrx_word' id='word_1_697' title='bbox 2411 5309 2509 5379; x_wconf 83' lang='grc' dir='ltr'><strong>τὴν</strong></span> <span class='ocrx_word' id='word_1_698' title='bbox 2535 5310 2771 5366; x_wconf 69' lang='grc' dir='ltr'>παλαιὰν</span> <span class='ocrx_word' id='word_1_699' title='bbox 2797 5314 2893 5366; x_wconf 74' lang='grc' dir='ltr'><strong>καὶ</strong></span> <span class='ocrx_word' id='word_1_700' title='bbox 2925 5316 3016 5370; x_wconf 73' lang='grc' dir='ltr'><strong>τὸν</strong></span> <span class='ocrx_word' id='word_1_701' title='bbox 3044 5319 3208 5387; x_wconf 84' lang='grc' dir='ltr'>νόμον</span> <span class='ocrx_word' id='word_1_702' title='bbox 3229 5321 3504 5382; x_wconf 80' lang='grc' dir='ltr'>Μωῦσέως</span> <span class='ocrx_word' id='word_1_703' title='bbox 3527 5319 3646 5370; x_wconf 83' lang='grc' dir='ltr'>ἁνα-</span> 
     </span>
    </p>
   </div>
   <div class='ocr_carea' id='block_1_93' title="bbox 2085 5401 3646 5482">
    <p class='ocr_par' dir='ltr' id='par_1_93' title="bbox 2085 5401 3646 5482">
     <span class='ocr_line' id='line_1_94' title="bbox 2085 5401 3646 5482; baseline 0.003 -28"><span class='ocrx_word' id='word_1_704' title='bbox 2085 5401 2340 5466; x_wconf 79' lang='grc' dir='ltr'>καινίζει,</span> <span class='ocrx_word' id='word_1_705' title='bbox 2380 5403 2453 5465; x_wconf 79' lang='grc' dir='ltr'>ὡς</span> <span class='ocrx_word' id='word_1_706' title='bbox 2480 5402 2668 5471; x_wconf 80' lang='grc' dir='ltr'>λέγετε</span> <span class='ocrx_word' id='word_1_707' title='bbox 2693 5419 2707 5432; x_wconf 88' lang='grc'>·</span> <span class='ocrx_word' id='word_1_708' title='bbox 2759 5406 2862 5459; x_wconf 84' lang='grc' dir='ltr'>ποῦ</span> <span class='ocrx_word' id='word_1_709' title='bbox 2898 5407 3082 5462; x_wconf 70' lang='grc' dir='ltr'>λοιπὸν</span> <span class='ocrx_word' id='word_1_710' title='bbox 3111 5409 3382 5482; x_wconf 79' lang='grc' dir='ltr'>ζητοῦμεν</span> <span class='ocrx_word' id='word_1_711' title='bbox 3408 5412 3504 5482; x_wconf 89' lang='grc' dir='ltr'><strong>τὴν</strong></span> <span class='ocrx_word' id='word_1_712' title='bbox 3544 5409 3646 5461; x_wconf 61' lang='grc' dir='ltr'>διας</span> 
     </span>
    </p>
   </div>
   <div class='ocr_carea' id='block_1_94' title="bbox 397 5477 2012 5571">
    <p class='ocr_par' dir='ltr' id='par_1_94' title="bbox 397 5478 2012 5560">
     <span class='ocr_line' id='line_1_95' title="bbox 397 5478 2012 5560; baseline 0.012 -19"><span class='ocrx_word' id='word_1_713' title='bbox 397 5486 519 5543; x_wconf 87' lang='lat' dir='ltr'><strong>dies</strong></span> <span class='ocrx_word' id='word_1_714' title='bbox 541 5487 795 5553; x_wconf 88' lang='lat' dir='ltr'><strong>veniunt,</strong></span> <span class='ocrx_word' id='word_1_715' title='bbox 826 5502 884 5544; x_wconf 90' lang='lat' dir='ltr'><strong>ct</strong></span> <span class='ocrx_word' id='word_1_716' title='bbox 912 5502 1149 5547; x_wconf 85' lang='lat' dir='ltr'><strong>statuam</strong></span> <span class='ocrx_word' id='word_1_717' title='bbox 1178 5496 1370 5551; x_wconf 89' lang='lat' dir='ltr'><strong>domui</strong></span> <span class='ocrx_word' id='word_1_718' title='bbox 1392 5498 1558 5553; x_wconf 89' lang='lat' dir='ltr'><strong>Israel</strong></span> <span class='ocrx_word' id='word_1_719' title='bbox 1589 5509 1976 5560; x_wconf 84' lang='lat' dir='ltr'><strong>testamentum</strong></span> <span class='ocrx_word' id='word_1_720' title='bbox 2008 5478 2012 5486; x_wconf 32' lang='lat'><em>‘</em></span> 
     </span>
    </p>
   </div>
   <div class='ocr_carea' id='block_1_95' title="bbox 2114 5477 3641 5571">
    <p class='ocr_par' dir='ltr' id='par_1_95' title="bbox 2119 5477 3641 5571">
     <span class='ocr_line' id='line_1_96' title="bbox 2119 5477 3641 5571; baseline 0.01 -26"><span class='ocrx_word' id='word_1_721' title='bbox 2119 5495 2259 5565; x_wconf 82' lang='grc' dir='ltr'>ήκην</span> <span class='ocrx_word' id='word_1_722' title='bbox 2317 5495 2535 5563; x_wconf 79' lang='grc' dir='ltr'>ἐκείνην</span> <span class='ocrx_word' id='word_1_723' title='bbox 2565 5496 2665 5567; x_wconf 82' lang='grc' dir='ltr'><strong>τὴν</strong></span> <span class='ocrx_word' id='word_1_724' title='bbox 2721 5499 2846 5570; x_wconf 74' lang='grc' dir='ltr'>περὶ</span> <span class='ocrx_word' id='word_1_725' title='bbox 2875 5496 2944 5571; x_wconf 78' lang='grc' dir='ltr'>ἧς</span> <span class='ocrx_word' id='word_1_726' title='bbox 2994 5498 3148 5556; x_wconf 73' lang='grc' dir='ltr'>εἶπεν</span> <span class='ocrx_word' id='word_1_727' title='bbox 3224 5477 3353 5566; x_wconf 73' lang='grc' dir='ltr'><strong>Θεὸς</strong></span> <span class='ocrx_word' id='word_1_728' title='bbox 3386 5477 3472 5556; x_wconf 25' lang='grc' dir='ltr'><strong>δι’*</strong></span> <span class='ocrx_word' id='word_1_729' title='bbox 3500 5499 3641 5571; x_wconf 73' lang='grc' dir='ltr'>Ἰερε-</span> 
     </span>
    </p>
   </div>
   <div class='ocr_carea' id='block_1_96' title="bbox 397 5583 1978 5662">
    <p class='ocr_par' dir='ltr' id='par_1_96' title="bbox 397 5583 1978 5662">
     <span class='ocr_line' id='line_1_97' title="bbox 397 5583 1978 5662; baseline 0.014 -31"><span class='ocrx_word' id='word_1_730' title='bbox 397 5592 623 5642; x_wconf 87' lang='lat' dir='ltr'><strong>novum,</strong></span> <span class='ocrx_word' id='word_1_731' title='bbox 661 5594 771 5634; x_wconf 91' lang='lat' dir='ltr'><strong>non</strong></span> <span class='ocrx_word' id='word_1_732' title='bbox 819 5583 1126 5639; x_wconf 88' lang='lat' dir='ltr'><strong>secundum</strong></span> <span class='ocrx_word' id='word_1_733' title='bbox 1179 5585 1568 5646; x_wconf 73' lang='lat' dir='ltr'><strong>testamentum</strong></span> <span class='ocrx_word' id='word_1_734' title='bbox 1625 5596 1771 5662; x_wconf 85' lang='lat' dir='ltr'><strong>quod</strong></span> <span class='ocrx_word' id='word_1_735' title='bbox 1810 5600 1978 5654; x_wconf 89' lang='lat' dir='ltr'><strong>statui</strong></span> 
     </span>
    </p>
   </div>
   <div class='ocr_carea' id='block_1_97' title="bbox 396 5670 1973 5761">
    <p class='ocr_par' dir='ltr' id='par_1_97' title="bbox 396 5670 1973 5761">
     <span class='ocr_line' id='line_1_98' title="bbox 396 5670 1973 5761; baseline 0.015 -39"><span class='ocrx_word' id='word_1_736' title='bbox 396 5670 650 5736; x_wconf 79' lang='lat' dir='ltr'><strong>patribus</strong></span> <span class='ocrx_word' id='word_1_737' title='bbox 664 5687 882 5738; x_wconf 84' lang='lat' dir='ltr'><strong>eormu,</strong></span> <span class='ocrx_word' id='word_1_738' title='bbox 896 5676 1117 5744; x_wconf 87' lang='lat' dir='ltr'><strong>quando</strong></span> <span class='ocrx_word' id='word_1_739' title='bbox 1137 5679 1299 5737; x_wconf 84' lang='lat' dir='ltr'><strong>eduxi</strong></span> <span class='ocrx_word' id='word_1_740' title='bbox 1319 5697 1414 5737; x_wconf 92' lang='lat' dir='ltr'><strong>cos</strong></span> <span class='ocrx_word' id='word_1_741' title='bbox 1430 5699 1460 5738; x_wconf 92' lang='lat' dir='ltr'><strong>c</strong></span> <span class='ocrx_word' id='word_1_742' title='bbox 1480 5695 1620 5743; x_wconf 87' lang='lat' dir='ltr'><strong>terra</strong></span> <span class='ocrx_word' id='word_1_743' title='bbox 1634 5685 1849 5761; x_wconf 64' lang='lat' dir='ltr'><strong>Egypti</strong></span> <span class='ocrx_word' id='word_1_744' title='bbox 1865 5695 1909 5723; x_wconf 70' lang='grc'><strong>’⁸⁵⁵</strong></span> <span class='ocrx_word' id='word_1_745' title='bbox 1923 5694 1973 5747; x_wconf 67' lang='grc' dir='ltr'><strong>ζ’.</strong></span> 
     </span>
    </p>
   </div>
   <div class='ocr_carea' id='block_1_98' title="bbox 465 5815 1862 5908">
    <p class='ocr_par' dir='ltr' id='par_1_98' title="bbox 465 5815 1862 5908">
     <span class='ocr_line' id='line_1_99' title="bbox 465 5815 1862 5908; baseline 0.019 -33"><span class='ocrx_word' id='word_1_746' title='bbox 465 5815 874 5891; x_wconf 52' lang='lat' dir='ltr'><strong>&quot;Daunxﬂi.</strong></span> <span class='ocrx_word' id='word_1_747' title='bbox 953 5830 1153 5887; x_wconf 58' lang='lat' dir='ltr'><strong>&quot;lhitl.</strong></span> <span class='ocrx_word' id='word_1_748' title='bbox 1234 5837 1862 5908; x_wconf 49' lang='lat' dir='ltr'><strong>’“Jercmaxwﬁlji.</strong></span> 
     </span>
    </p>
   </div>
   <div class='ocr_carea' id='block_1_99' title="bbox 2088 5585 3639 5666">
    <p class='ocr_par' dir='ltr' id='par_1_99' title="bbox 2088 5585 3639 5666">
     <span class='ocr_line' id='line_1_100' title="bbox 2088 5585 3639 5666; baseline 0.002 -29"><span class='ocrx_word' id='word_1_749' title='bbox 2088 5586 2211 5654; x_wconf 83' lang='grc' dir='ltr'>μίου</span> <span class='ocrx_word' id='word_1_750' title='bbox 2249 5585 2345 5639; x_wconf 84' lang='grc' dir='ltr'><strong>τοῦ</strong></span> <span class='ocrx_word' id='word_1_751' title='bbox 2384 5588 2667 5659; x_wconf 70' lang='grc' dir='ltr'>προφήτου</span> <span class='ocrx_word' id='word_1_752' title='bbox 2704 5606 2719 5621; x_wconf 88' lang='grc'><strong>·</strong></span> <span class='ocrx_word' id='word_1_753' title='bbox 2756 5610 2777 5642; x_wconf 77' lang='grc' dir='ltr'><strong>ι</strong></span> <span class='ocrx_word' id='word_1_754' title='bbox 2823 5592 2955 5646; x_wconf 80' lang='grc' dir='ltr'>Ἰδοὺ</span> <span class='ocrx_word' id='word_1_755' title='bbox 2981 5595 3189 5664; x_wconf 74' lang='grc' dir='ltr'>ἡμέραι</span> <span class='ocrx_word' id='word_1_756' title='bbox 3238 5594 3515 5666; x_wconf 80' lang='grc' dir='ltr'>ἔρχονται,</span> <span class='ocrx_word' id='word_1_757' title='bbox 3553 5588 3639 5643; x_wconf 76' lang='grc' dir='ltr'>καὶ</span> 
     </span>
    </p>
   </div>
   <div class='ocr_carea' id='block_1_100' title="bbox 2079 5676 3636 5759">
    <p class='ocr_par' dir='ltr' id='par_1_100' title="bbox 2079 5676 3636 5759">
     <span class='ocr_line' id='line_1_101' title="bbox 2079 5676 3636 5759; baseline 0.006 -30"><span class='ocrx_word' id='word_1_758' title='bbox 2079 5676 2409 5750; x_wconf 74' lang='grc' dir='ltr'>διαθήσομαι</span> <span class='ocrx_word' id='word_1_759' title='bbox 2468 5682 2549 5754; x_wconf 83' lang='grc' dir='ltr'>τῷ</span> <span class='ocrx_word' id='word_1_760' title='bbox 2607 5683 2741 5756; x_wconf 76' lang='grc' dir='ltr'>οἴκῳ</span> <span class='ocrx_word' id='word_1_761' title='bbox 2785 5683 3001 5757; x_wconf 80' lang='grc' dir='ltr'>Ἰσραὴλ</span> <span class='ocrx_word' id='word_1_762' title='bbox 3030 5686 3296 5759; x_wconf 68' lang='grc' dir='ltr'>διαθήκην</span> <span class='ocrx_word' id='word_1_763' title='bbox 3336 5684 3550 5758; x_wconf 82' lang='grc' dir='ltr'>καινὴν,</span> <span class='ocrx_word' id='word_1_764' title='bbox 3580 5678 3636 5733; x_wconf 85' lang='grc' dir='ltr'>οὗ</span> 
     </span>
    </p>
   </div>
  </div>
