4098 6504
428 438 573 512 1241

1471 463 1932 533 DISPUTATIO
1971 471 2366 537 ADVERSUS
2401 472 2736 539 JUDEOS.

3569 479 3708 545 1242

423 558 582 611 κατὰ
607 557 706 630 τὴν
743 561 1008 636 διαθήκην
1034 566 1105 638 ἢν
1149 569 1408 644 διεθέμην
1452 581 1566 642 τοῖς
1603 583 1880 650 πατράσιν
1919 585 1988 636 αὐ

2125 587 2344 642 Etenim
2384 597 2679 658 postquam
2725 587 2835 644 illis
2875 589 3053 660 legem
3091 588 3358 652 dedisset.
3391 591 3530 647 dixit
3560 593 3704 652 Deus

414 646 562 740 τῶν,
595 651 757 721 ἡνίκα
816 655 1086 726 ἐξήγαγον
1134 662 1334 724 αὐτοὺς
1387 666 1452 719 ἐκ
1497 670 1600 738 γῆς
1629 646 1957 740 Αἰγύπτους
1993 694 2012 726 ι

415 738 574 806 μετὰ
633 745 745 812 γὰρ
800 744 862 796 τὸ
907 745 1130 817 δοθῆναι
1189 751 1372 816 αὐτοῖς
1429 755 1522 808 τὸν
1568 738 1768 826 νόμον,
1807 738 1962 814 εἶπεν
1992 766 2020 816 ὁ

411 827 564 893 Θεὸς
619 831 708 886 διὰ
767 833 996 890 Ἡσαΐου
1047 841 1142 894 καὶ
1196 844 1437 914 Μιχαίου
1495 847 1606 901 τῶν
1674 852 1968 922 προφητῶν
2002 871 2016 884 °

417 922 611 1014 sk'Qtt
639 925 704 977 ἐκ
743 927 886 980 Σιὼν
914 929 1262 995 ἐξελεύσεται
1284 939 1474 1007 νόμος,
1505 941 1597 994 καὶ
1619 941 1778 1009 λόγος
1810 943 2017 1014 Κυρίου

410 1010 480 1076 ἐξ
523 1012 919 1090 Ἰερουσαλήμ·
965 1041 984 1074 ι
1012 1023 1153 1078 ὥστε
1186 1027 1282 1079 τοῦ
1306 1029 1542 1100 Χριστοῦ
1575 1032 1823 1098 ἐλθόντος
1853 1036 2016 1100 αὐτὸς

409 1105 516 1156 τὸν
553 1109 675 1160 νέον
699 1109 868 1177 νόμον
901 1113 1081 1184 ἤγαγε
1111 1119 1204 1170 καὶ
1233 1119 1328 1172 τὸν
1355 1122 1584 1175 παλαιὸν
1615 1125 1958 1195 ἐπλήρωσεν.

503 1199 570 1252 'O
604 1201 887 1271 Ἰουδαῖος
907 1223 921 1238 ο
961 1207 1056 1270 Εἰς
1089 1209 1378 1280 ἄνθρωπον
1411 1219 1890 1286 πεφουρκισμὲνον
1921 1221 2016 1274 καὶ

410 1291 718 1345 κατάδικον
747 1294 1024 1362 ἐλπίζετε,
1057 1301 1106 1352 οἱ
1133 1301 1470 1370 Χριστιανοί.
1510 1336 1578 1346 -
1633 1307 1696 1361 '0
1741 1312 2014 1376 Χριστια-

406 1383 563 1448 νός·
597 1383 663 1436 Τί
687 1386 806 1439 ἐστι
851 1388 1184 1464 τιμιώτερον
1228 1395 1380 1466 παρὰ
1427 1396 1505 1468 τῷ
1547 1399 1688 1470 Θεῷ,
1721 1400 2013 1471 ἅνθρωπος

407 1473 446 1544 ἢ
481 1473 608 1542 ὄφις
649 1477 888 1546 χαλκοῦς
917 1481 976 1534 ὃν
1019 1483 1180 1553 ὑμεῖς
1221 1492 1580 1557 προσκυνεῖτε
1622 1493 2010 1562 κρεμάμενον;

410 1565 572 1638 Πλὴν
609 1567 848 1624 ἄκουσον
895 1575 1038 1642 μετὰ
1089 1579 1397 1642 συνέσεως·
1452 1582 1572 1634 ἀλλ’
1615 1583 1766 1652 ὅμως
1817 1586 2011 1640 εἶπατὲ

411 1677 554 1728 μοι,
609 1663 970 1734 ἐσταύρωσαν
1039 1671 1088 1722 οἱ
1163 1674 1398 1741 πατέρες
1467 1673 1623 1742 ὑμῶν
1683 1694 1806 1732 τινα
1862 1679 2012 1748 λεγόο

410 1768 585 1818 μενον
629 1751 840 1824 Ἰησοῦν
877 1758 1150 1828 Χριστόν;
1199 1764 1290 1815 ναὶ
1339 1763 1372 1834 ἠ
1423 1764 1521 1830 οὓς
1579 1767 1676 1820 καὶ¹
1719 1767 1807 1822 διὰ
1849 1771 2009 1823 ποίαν

405 1844 603 1898 αἰτίαν
658 1846 1049 1920 ἐσταυρώσατε
1097 1853 1302 1920 αὐτόν;
1355 1857 1501 1909 Διότι
1553 1860 1871 1928 παράνομος
1914 1857 2004 1932 ἦν,

2123 694 2224 747 per
2252 679 2446 733 lsaiam
2476 689 2533 734 et
2559 679 2838 734 Michteam
2866 679 3198 750 prophetas:
3231 699 3250 731 ι
3278 679 3354 734 Ex
3379 680 3512 734 Sion
3531 681 3707 736 exibit.

2122 769 2231 849 lex,
2295 778 2352 824 et
2403 771 2638 842 verbum
2707 771 2925 826 Domini
2993 787 3060 825 ex
3117 771 3490 826 Jerusalem'.
3539 791 3558 825 ›
3624 773 3704 828 lta

2119 858 2379 914 Christus
2411 877 2538 916 cum
2569 862 2742 928 venit,
2767 877 2966 917 novam
2999 862 3175 932 legem
3204 862 3438 918 adduxit
3465 871 3523 918 et
3549 873 3703 918 vete-

2121 965 2236 1006 rem
2268 951 2539 1022 implevit.

2185 1206 2422 1270 Ιιιάωιεε.
2440 1207 2497 1261 In
2523 1207 2800 1262 hominem
2821 1207 3549 1263 erucifixumetdanmatum
3575 1225 3701 1279 spc-

2116 1300 2270 1363 rat-is,
2294 1298 2618 1353 Christiani.
2651 1329 2722 1340 -—
2753 1298 3107 1355 Christianus.
3153 1299 3290 1368 Quis
3315 1312 3400 1356 est
3428 1302 3703 1357 excellen-

2117 1393 2226 1445 tior
2249 1392 2394 1461 apud
2421 1393 2616 1456 Deum,
2645 1392 2811 1446 homo
2840 1408 2909 1446 an
2943 1407 3176 1462 serpens
3201 1407 3380 1446 :ereus
3404 1407 3568 1462 quem
3602 1409 3702 1448 vos

2113 1484 2362 1540 adoratis
2386 1501 2716 1553 suspensum
2739 1486 2761 1539 ?
2781 1494 3022 1540 attamen
3049 1486 3176 1539 audi
3206 1501 3330 1539 cum
3361 1486 3696 1541 attentione.

2115 1572 2220 1628 Sed
2249 1574 2416 1628 dicite
2453 1575 2624 1628 mihi:
2659 1577 3056 1630 cruciliserunt
3096 1585 3282 1644 patres
3313 1575 3479 1630 vestri
3505 1592 3700 1646 quein-

2111 1662 2238 1718 dam
2265 1664 2603 1733 appellatum
2643 1665 2830 1720 Jesum
2873 1664 3203 1719 Christum?
3239 1665 3313 1718 ita
3339 1681 3407 1718 an
3445 1668 3599 1719 non?
3631 1667 3696 1721 Et

2109 1757 2329 1826 qualem
2359 1755 2432 1811 ob
2466 1772 2687 1811 causam
2733 1757 3173 1811 cruciﬁxerunt?
3205 1757 3284 1822 Eu
3314 1758 3461 1826 quod
3512 1757 3692 1828 legum

2109 1846 2346 1900 violator
2369 1856 2509 1908 erat,
2540 1855 2597 1902 et
2631 1847 2806 1916 legem
2855 1857 2912 1901 et
2945 1845 3185 1901 Sabhata
3219 1846 3496 1900 aholebat.
3521 1847 3588 1901 Et
3625 1847 3696 1904 de

407 1936 514 1988 καὶ
559 1934 797 1992 κατέπυε
840 1942 935 1992 τὸν
975 1943 1140 2012 νόμον
1187 1947 1280 1998 καὶ
1321 1947 1382 1999 τὸ
1419 1925 1721 2006 sessum.
1773 1925 1888 2006 Καὶ

2108 1953 2220 2007 quo
2270 1939 2647 2008 praedixerunt
2681 1939 2964 2008 propheta:
3019 1949 3316 1992 Venturum
3365 1953 3489 1992 esse
3536 1938 3692 1992 illum

406 2034 569 2082 ποῖον
606 2033 884 2103 ἐκήρυξαν
913 2037 964 2088 οἱ
995 2037 1273 2107 προφῆται
1305 2038 1485 2093 ἐλθεῖν
1516 2043 1602 2095 ἐπ’
1630 2045 1876 2114 ἐσχάτων
1898 2047 2006 2100 τῶν

407 2119 662 2190 ἡμερῶν,
699 2121 794 2174 τοῦ
832 2123 1144 2194 πραθῆναι.
1191 2129 1286 2180 καὶ
1353 2129 1414 2181 τὸ
1443 2131 1608 2183 πόσου
1643 2131 1756 2202 ἔχει
1786 2135 2004 2205 πραθῆ-

406 2229 500 2264 ναι
523 2253 537 2270 .
587 2214 682 2264 καὶ
726 2214 809 2266 ὃτι
853 2215 964 2284 ἔχει
999 2217 1233 2285 ἀχθῆναι
1263 2221 1342 2282 εἰς
1374 2219 1604 2276 θάνατον
1636 2226 1730 2277 καὶ
1757 2224 1834 2295 τῷ
1863 2225 2005 2298 ξύλῳ

404 2304 568 2372 ἥλοις
604 2309 796 2376 χεῖρας
830 2309 926 2359 καὶ
953 2309 1119 2374 πόδας
1153 2313 1639 2385 προσηλιυθήσεται
1661 2356 1676 2381 ,
1725 2320 1821 2372 καὶ
1848 2321 2005 2385 δξους

409 2397 510 2448 καὶ
559 2397 728 2466 χολῆς
775 2397 1072 2467 γεύσεται,
1129 2404 1224 2456 καὶ
1261 2405 1550 2479 ὅτι·λόγχῃ
1586 2409 2002 2481 κεντηθήσεται,

412 2487 514 2538 καὶ
559 2489 588 2539 ὁ
633 2490 861 2560 οὐρανὸς
906 2491 1368 2564 σκατισθήσεταις
1406 2498 1516 2552 Καὶ
1544 2499 1802 2554 ἀδύνατον
1825 2497 1893 2573 ἦν
1927 2503 2003 2574 μὴ

413 2578 779 2650 πληρωθῆναι
833 2583 959 2646 τοὺς
999 2583 1194 2652 λόγους
1227 2587 1338 2640 τῶν
1369 2591 1692 2660 προφητῶν.
1749 2589 1813 2644 Τί
1855 2593 2002 2660 λέγει

403 2667 588 2721 ταῦτα
636 2672 852 2734 πάντας
907 2673 1001 2735 Εἰς
1043 2674 1136 2726 τὸν
1179 2676 1416 2746 Χριστόν
1449 2679 1607 2748 ημῶν
1649 2681 1928 2743 ἐγένοντο,
1963 2682 1997 2752 ἢ

400 2761 490 2823 εἰς
537 2761 628 2814 τὸν
669 2762 1004 2834 εἰλημμένον
1051 2765 1206 2836 ὑμῶν
1259 2767 1516 2838 μέλλουσι
1561 2770 1843 2839 γίνεσθαι;
1892 2774 2003 2830 Καὶ

400 2851 456 2902 εἰ
496 2851 598 2920 μὲν
649 2853 730 2916 εἰς
763 2855 854 2906 τὸν
881 2855 1222 2926 εἰλημμένον
1255 2859 1416 2929 ὑμῶν
1449 2861 1705 2930 μέλλουσι
1731 2861 2000 2930 γίνεσθαι,

401 2943 524 2996 ἰδοὺ
578 2946 672 2997 καὶ
718 2945 878 3016 ὑμεῖς
925 2949 1007 3011 εις
1049 2949 1340 3018 ἄνθρωπον
1387 2953 1682 3006 κατάδικον
1716 2953 2002 3018 ἐλπίζετε·

393 3033 453 3084 εἰ
497 3033 558 3086 δὲ
609 3035 690 3097 εἰς
735 3037 828 3087 τὸν
867 3037 1102 3106 Χριστὸν
1137 3037 1299 3108 ἡμῶν
1361 3041 1538 3094 πάντα
1578 3042 1996 3112 ἐπληρώθησαν,

397 3125 848 3193 συγκαταθεῖν-τες
903 3128 1094 3181 εἴπατε
1149 3129 1248 3200 τὴν
1299 3131 1607 3200 ἀλήθειαν·
1662 3135 1711 3185 εί
1761 3132 1818 3186 δὲ
1873 3132 1998 3187 οὔτε

392 3219 484 3281 εἰς
533 3217 626 3270 τὸν
665 3218 937 3288 ἡμέτερον
971 3220 1211 3286 Χριστὸν
1231 3261 1247 3286 ,
1278 3219 1404 3275 οὔτε
1441 3225 1523 3285 εἰς
1548 3223 1642 3276 τὸν
1665 3223 1998 3294 εἰλημμένον

393 3309 583 3379 ὑμῶν,
622 3311 842 3372 πάντως
871 3312 920 3364 οἱ
949 3312 1233 3381 προφῆται
1262 3313 1576 3383 ψεύδονται·
1609 3317 1661 3367 εἰ
1687 3315 1744 3368 δὲ
1776 3316 1992 3370 στενού-

397 3419 562 3472 μενοι
615 3401 840 3466 ἄκοντες
897 3403 1216 3472 ὁμολογεῖτε
1271 3406 1352 3459 ὅτι
1405 3406 1496 3458 τον
1546 3407 1783 3476 Χριστὸν
1830 3408 1989 3478 ἡμῶν

395 3494 562 3564 κακῷ
585 3493 806 3566 θανάτῳ
828 3496 878 3548 oi
902 3496 1140 3565 πατέρες
1165 3496 1320 3566 ὑμῶν
1341 3497 1642 3566 ἐφόνευσαν
1662 3499 1740 3561 ὡς
1756 3500 1926 3552 κακοῦ
1937 3516 1988 3570 ρ·

2107 2031 2373 2086 extremis
2397 2029 2598 2086 diebus
2627 2030 3004 2092 vendendum,
3027 2040 3084 2084 et
3103 2031 3294 2100 quanti
3317 2023 3690 2097 vendendum,

2105 2123 2172 2179 ad
2208 2137 2446 2178 mortem
2489 2126 2656 2180 etiam
2689 2124 3032 2187 ducendum,
3058 2132 3114 2178 et
3146 2123 3198 2177 in
3227 2123 3380 2194 ligno
3401 2139 3602 2178 manus
3637 2134 3696 2180 et

2107 2219 2276 2288 pedes
2318 2220 2439 2288 ejus
2462 2219 2633 2274 clavis
2665 2218 3071 2290 transﬁgendos
3098 2234 3242 2278 esse.
3290 2229 3345 2272 et
3379 2227 3599 2274 acetum
3633 2230 3691 2274 et

2104 2313 2176 2368 fel
2207 2320 2576 2382 gustaturum,
2605 2321 2660 2366 et
2691 2312 2877 2366 lancea
2929 2309 3346 2380 perforandum.
3377 2311 3690 2381 caelumque

2104 2403 2515 2458 obscurandum
2549 2403 2710 2458 esse?
2733 2419 2912 2472 neque
2954 2402 3216 2472 possihile
3261 2414 3406 2456 esset
3442 2418 3552 2456 non
3583 2403 3687 2457 im-

2107 2496 2245 2564 pleri
2275 2495 2450 2566 verba
2483 2489 2902 2564 prophetarum.
2929 2493 3070 2559 Quid
3119 2493 3234 2547 hrec
3281 2492 3465 2546 omnia
3512 2493 3682 2562 signi-

2107 2582 2307 2636 ﬁcant?
2335 2583 2390 2636 in
2423 2591 2612 2635 nostro
2641 2581 2865 2635 Christo
2896 2581 3037 2634 facta
3065 2589 3215 2644 sunt,
3256 2595 3389 2633 num
3421 2579 3475 2632 in
3503 2589 3687 2634 vestro

2103 2675 2298 2729 Messia
2331 2673 2451 2728 fieri
2481 2673 2731 2727 debent?
2761 2681 2818 2728 et
2839 2672 2882 2726 si
2909 2672 2963 2726 in
3006 2679 3193 2726 vestro
3215 2670 3409 2724 Messia
3442 2669 3558 2724 ﬁeri
3584 2669 3686 2726 de-

2102 2764 2290 2828 beant,
2313 2779 2443 2819 ecce
2466 2774 2523 2820 et
2553 2781 2652 2818 vos
2680 2764 2734 2818 in
2767 2763 3046 2817 hominem
3077 2763 3400 2816 damnatum
3428 2761 3687 2830 speratis.

2103 2856 2160 2912 Si
2189 2871 2322 2910 vero
2348 2857 2402 2910 in
2429 2865 2618 2910 nostro
2645 2854 2868 2911 Christo
2897 2855 3081 2908 omnia
3116 2854 3341 2924 impleta
3379 2862 3533 2916 sunt,
3553 2854 3686 2909 sub-

2101 2948 2387 3003 mittentes
2417 2962 2516 3003 vos
2549 2947 2835 3001 veritatem
2863 2945 3148 3010 fatemini;
3175 2945 3259 2999 sin
3289 2953 3473 2999 autem
3501 2959 3684 3014 neque

2101 3044 2160 3098 in
2190 3052 2380 3099 nostro
2413 3042 2658 3105 Christo,
2703 3055 2884 3112 neque
2941 3041 2994 3094 in
3038 3051 3227 3094 vestro
3286 3039 3500 3102 Messia,
3554 3056 3685 3109 pro-

2101 3138 2285 3208 pheta:
2337 3151 2530 3192 omnes
2569 3135 2952 3200 mentiuntur;
2985 3133 3130 3204 quod
3185 3133 3228 3186 si
3275 3131 3472 3186 arctati
3514 3133 3686 3188 invite

2099 3229 2350 3285 fatemini
2383 3239 2636 3284 nostrmn
2666 3227 2949 3284 Christum
2991 3227 3188 3281 acerba
3221 3237 3397 3296 morte
3428 3243 3456 3280 a
3484 3227 3686 3280 vestris

2097 3322 2353 3392 patrihus
2377 3337 2578 3376 ctesum
2609 3336 2731 3375 esse
2765 3327 2824 3374 ut.
2859 3319 3271 3374 malefactorem
3304 3328 3360 3372 et
3392 3317 3532 3389 legis
3562 3317 3683 3370 vio-

2093 3414 2348 3478 latorem,
2378 3414 2676 3469 aﬂ'eramus
2713 3411 3035 3482 prophetas,
3057 3421 3114 3466 et
3149 3410 3441 3465 videamus
3464 3425 3532 3464 an
3570 3425 3685 3464 ina-

2093 3501 2415 3557 lefactorem
2451 3501 2696 3556 dixerint
2729 3514 2894 3568 quem
2919 3515 3020 3552 vos
3042 3497 3418 3554 erueitixistis.

395 3601 500 3652 γον
557 3584 646 3637 τὸν
699 3585 794 3639 καὶ
845 3585 1008 3656 νόμον
1055 3587 1396 3642 καταλύοντα
1424 3629 1440 3654 ,
1495 3591 1812 3660 ἐνέγκωμεν
1864 3593 1991 3656 τοὺς
2029 3596 2358 3666 προφήτας,
2412 3593 2508 3648 καί
2561 3594 2764 3663 ἴδωμεν
2817 3592 2914 3645 ἐὰν
2956 3591 3264 3661 κακοῦργον
3325 3589 3528 3658 λέγωσι
3588 3589 3684 3644 τὸν

397 3679 492 3745 ὑφ’
522 3677 678 3747 ὑμῶν
707 3680 1110 3750 σταυρωθέντα.

473 3770 682 3823 Εἴπατε
715 3772 775 3824 δέ
815 3789 904 3842 μοι
929 3813 944 3834 .
994 3772 1079 3838 τίς
1112 3775 1264 3828 ἐστιν
1299 3776 1394 3830 ἐπὶ
1426 3775 1532 3846 γῆς
1562 3776 1988 3849 ἀναμάρτητοςς

396 3864 518 3928 καὶ,
553 3863 627 3926 ὡς
658 3865 689 3933 ἡ
725 3864 916 3936 Γραφὴ
947 3865 1118 3935 λέγει,
1159 3867 1336 3930 οὐδεὶς
1373 3868 1611 3940 καθαρὸς
1645 3869 1758 3925 ἀπὸ
1789 3872 1988 3941 ῥύπου,

394 3958 510 4010 οὐδ’
541 3957 607 4012 ἂν
659 3959 788 4028 μίαν
829 3961 1046 4034 ἡμέραν
1097 3965 1129 4032 ἡ
1175 3961 1288 4032 ζωὴ
1325 3964 1492 4017 αὑτοῦ
1518 4005 1534 4029 ,
1585 3967 1679 4018 καὶ
1718 3965 1876 4036 δῆλον
1907 3968 1990 4022 ὅτι

393 4049 576 4114 οὐδεὶς
612 4053 661 4104 εί
700 4052 862 4122 μόνος
892 4056 919 4106 ὁ
948 4053 1103 4116 Θεός.
1154 4055 1260 4106 Καὶ
1291 4055 1619 4124 ἀκούσαιμεν
1649 4057 1701 4109 τί
1735 4059 1864 4128 περὶ
1893 4059 1988 4112 τοῦ

398 4140 669 4206 παθόντος
695 4142 940 4213 Χριστοῦ
969 4143 1129 4213 ἡμῶν
1159 4147 1188 4199 ό
1223 4145 1448 4210 Ἡσαΐας
1476 4146 1652 4214 λέγει’
1697 4167 1715 4198 ι
1739 4148 1826 4212 Ὦς
1855 4151 1990 4220 πρός

396 4230 565 4284 ϐατον
596 4234 690 4285 ἐπὶ
719 4235 936 4307 σφαγὴν
964 4234 1138 4305 ἢχθη,
1183 4237 1274 4290 καὶ
1307 4236 1384 4300 ὡς
1413 4237 1584 4306 ἀμνὸς
1615 4239 1860 4293 ἐναντίον
1889 4239 1985 4294 τεῦ

395 4323 681 4395 κείροντος
712 4325 878 4378 αὑτὸν
905 4327 1149 4394 ἄφωνος·
1187 4328 1295 4381 ἀπὸ
1325 4327 1436 4381 τῶν
1465 4328 1705 4398 ἀνομιῶν
1732 4329 1827 4383 τοῦ
1852 4331 1986 4396 λαοῦ

395 4432 504 4484 μου
552 4414 693 4486 ἤχθη
745 4416 826 4478 εἰς
875 4417 1146 4472 θάνατον’
1205 4420 1300 4472 καὶ
1345 4418 1504 4473 δώσω
1545 4422 1671 4483 τοὺς
1713 4425 1988 4494 πονηροὺς

393 4507 520 4560 ἀντὶ
553 4508 652 4578 τῆς
679 4509 858 4578 ταφῆς
885 4510 1054 4564 αὐτοῦ
1075 4551 1089 4577 ,
1141 4511 1236 4565 καὶ
1263 4513 1389 4575 τοὺς
1419 4511 1708 4576 πλουσίους
1737 4515 1860 4568 ἀντὶ
1886 4515 1984 4568 τοῦ

2163 3781 2338 3838 Dicite
2352 3789 2536 3836 autem
2565 3781 2726 3841 mihi,
2755 3779 2880 3850 quis
2899 3787 2982 3834 est
3015 3779 3068 3832 ἰῇ
3101 3789 3246 3832 terra
3269 3776 3391 3832 sine
3413 3779 3682 3848 peccato?

2089 3883 2168 3937 et,
2194 3884 2253 3929 ut
2283 3873 2423 3928 dicit
2461 3873 2770 3942 Scriptura.
2806 3886 2970 3925 nemo
2999 3886 3178 3940 purus
3202 3869 3411 3938 absque
3439 3871 3677 3936 macula,

2091 3967 2312 4022 tametsi
2381 3966 2547 4021 unius
2585 3965 2694 4020 diei
2729 3964 2843 4018 vita
2887 3967 3010 4032 ejus
3055 3963 3149 4026 sit,
3189 3978 3353 4016 nemo
3392 3970 3541 4018 certe
3571 3961 3676 4017 nisi

2089 4060 2242 4115 solus
2267 4059 2408 4114 Deus
2426 4060 2466 4111 ’.
2487 4059 2792 4112 Audiamus
2816 4070 2965 4110 nunc
2985 4055 3117 4124 quid
3141 4055 3210 4109 de
3237 4065 3432 4109 nostro
3453 4054 3679 4111 Christo

2090 4145 2334 4216 patiente
2367 4145 2537 4200 lsaias
2566 4144 2754 4199 dicat:
2799 4161 2818 4194 ι
2858 4142 3148 4212 Tanquam
3181 4142 3302 4196 ovis
3334 4141 3401 4196 ad
3437 4143 3676 4198 occisio-

2087 4253 2214 4292 nem
2238 4237 2440 4292 ductus
2475 4245 2579 4294 est.
2609 4247 2666 4292 et
2693 4245 2952 4306 tanquam
2989 4250 3166 4305 agnus
3188 4249 3380 4289 coram
3409 4234 3677 4292 tondente

2087 4343 2148 4384 se
2174 4330 2597 4392 obmutesceus;
2623 4339 2852 4398 propter
2873 4337 3093 4396 peccata
3121 4325 3308 4395 populi
3336 4327 3441 4381 mei
3475 4327 3678 4382 ductus

2087 4427 2175 4475 est
2199 4420 2268 4474 ad
2299 4430 2567 4484 mortem;
2607 4429 2664 4473 et
2693 4419 2838 4474 dabo
2866 4417 3066 4488 impios
3089 4432 3192 4486 pro
3222 4417 3509 4486 sepultura
3532 4419 3674 4488 ejus.

2087 4521 2144 4566 et
2173 4511 2378 4566 divites
2402 4526 2503 4580 pro
2526 4518 2707 4564 morte
2735 4509 2890 4580 ejus;
2914 4523 2982 4562 eo
3006 4507 3154 4578 quod
3186 4507 3538 4577 iniquitatem
3565 4525 3674 4564 non

393 4599 631 4654 θανάτου
652 4617 666 4629 ·
725 4601 808 4654 ὅτι
857 4602 1132 4672 ἁμαρτίαν
1165 4603 1266 4657 οὐκ
1295 4604 1551 4674 ἐποίησεν
1571 4645 1586 4668 ,
1626 4605 1750 4659 οὐδὲ
1779 4606 1982 4678 εὑρέθη

2097 4602 2304 4665 iecerit,
2335 4619 2517 4672 neque
2553 4603 2813 4656 inventus
2867 4601 2940 4654 sit
2973 4599 3134 4655 dolus
3182 4601 3238 4654 in
3296 4615 3393 4654 ore
3425 4601 3599 4670 ejns‘.
3651 4621 3668 4652 ι

390 4693 540 4756 δόλος
589 4697 650 4747 ἐν
680 4693 759 4761 τῷ
803 4697 1032 4766 στόματι
1079 4697 1266 4751 αὐτοῦ.
1303 4715 1322 4748 ι
1349 4693 1498 4768 *Αρα
1525 4698 1624 4751 οῦκ
1657 4699 1982 4767 αἰσχύνεσθε

391 4784 616 4853 λοιπόνς
659 4786 766 4840 ἰδοὺ
803 4787 1099 4856 προφανῶς
1129 4789 1556 4860 ᾐσχημονήσατε
1581 4805 1595 4822 ο
1646 4790 1840 4844 εἴπατε
1871 4792 1982 4862 γὰρ

389 4878 477 4932 ὅτι
531 4879 618 4932 διὰ
665 4879 729 4932 τὺ
773 4882 1116 4950 παρανομεῖν
1161 4880 1550 4950 ἐσταυρώσατε
1597 4883 1799 4948 αὐτὸν,
1856 4885 1886 4937 ὁ
1921 4884 1980 4937 δὲ

391 4972 683 5041 προφήτης
716 4971 866 5039 λέγει
895 4971 978 5025 ὅτι
1003 4971 1284 5042 ἁμαρτίαν
1313 4973 1415 5026 οὐκ
1441 4973 1687 5044 ἐποίησε.
1721 4975 1830 5026 Καὶ
1856 4975 1980 5027 ἐπεὶ

389 5063 567 5124 οὐδεὶς
588 5062 972 5130 ἀναμάρτητος
998 5064 1049 5115 εἰ
1075 5062 1150 5131 μὴ
1179 5061 1339 5129 μόνος
1364 5065 1392 5116 ὁ
1412 5063 1566 5128 Θεὸς,
1595 5063 1753 5134 δῆλον
1779 5065 1860 5118 ὅτι
1884 5066 1978 5118 καὶ

391 5151 526 5212 Θεὸς
553 5151 701 5204 ἐστιν
731 5150 986 5218 ἁληθινὶς
1012 5153 1042 5204 ό
1069 5150 1402 5221 σταυρωθεὶς
1440 5152 1532 5220 ὑφ’
1565 5153 1721 5220 ὑμῶν
1745 5171 1758 5182 ·
1795 5153 1980 5224 ἁμαρ·

390 5243 515 5296 τίαν
545 5245 654 5312 γὰρ
683 5245 783 5298 οὐκ
810 5245 1090 5314 ἐποίησεν,
1123 5244 1246 5298 οὐδὲ
1274 5245 1472 5315 εὑρέθη
1502 5245 1650 5308 δόλος
1676 5247 1735 5298 ἐν
1759 5246 1836 5316 τῷ
1859 5247 1982 5302 στό-

394 5351 528 5406 ματι
577 5335 764 5392 αὐτοῦ.
797 5337 1027 5407 Ἰδωμεν
1059 5335 1115 5390 δὲ
1149 5335 1202 5388 τί
1255 5338 1350 5390 καὶ
1393 5338 1442 5390 οἱ
1481 5337 1661 5392 λοιποὶ
1696 5340 1976 5410 προφῆται

390 5429 526 5498 περὶ
579 5427 678 5481 τοῦ
726 5427 1000 5494 παθόντος
1047 5428 1290 5498 Χριστοῦ
1325 5429 1484 5499 ἡμῶν
1528 5430 1819 5499 λέγουσιν·
1876 5433 1975 5486 ἐὰν

387 5517 471 5582 ὡς
517 5518 852 5589 κάκοῦργον,
887 5519 920 5590 ἢ
956 5519 1052 5574 ἐὰν
1081 5519 1156 5584 di;
1189 5519 1395 5592 Κύριον
1420 5521 1584 5574 αὑτὸν
1609 5523 1936 5592 ὁμολογῶσιο

389 5610 536 5680 τάχα
562 5609 672 5681 γὰρ
702 5611 766 5664 τὸ
789 5610 999 5682 πλῆθος
1029 5611 1138 5666 τῶν
1167 5602 1460 5681 προφητῶν
1493 5613 1847 5683 ἐντρέπεσθε,
1879 5615 1974 5668 καὶ

389 5701 664 5771 φιμοῦσθε
707 5699 894 5756 λοιπὸν
927 5702 1024 5757 τοῦ
1052 5702 1235 5772 λέγειν
1267 5703 1409 5757 κατὰ
1437 5704 1678 5774 Χριστοῦ
1713 5705 1807 5759 κα)⁸
1834 5706 1972 5776 Χρι-

445 5877 766 5946 “lsa.n,5.
844 5877 1191 5945 ’Johxrv,l.
1273 5877 1697 5946 ’isa.l.m,6,7.

2085 4697 2230 4768 Ergo
2258 4711 2444 4751 nonne
2475 4693 2694 4750 tandem
2735 4709 2835 4748 vos
2879 4693 3095 4762 pudet?
3129 4708 3197 4746 en
3234 4693 3524 4748 manifeste
3550 4710 3676 4762 per-

2083 4802 2278 4841 sonam
2346 4785 2487 4840 male
2549 4785 2732 4854 agitis.
2818 4783 2992 4838 Dicite
3051 4782 3202 4836 etaim
3263 4798 3362 4837 vos
3432 4790 3491 4835 ut
3536 4783 3674 4853 legis

2081 4880 2411 4934 violatorem
2467 4875 2810 4932 cruciﬁxisse
2867 4889 3032 4944 quem
3093 4876 3363 4944 propheta
3395 4874 3529 4928 dicit
3561 4875 3671 4928 iui-

2081 4973 2350 5042 quitatem
2389 4985 2499 5024 non
2547 4967 2764 5024 fecisse.
2815 4955 3044 5022 Et-cum
3081 4982 3246 5021 nemo
3277 4966 3400 5020 sine
3444 4976 3673 5034 peccato

2085 5071 2172 5118 est
2209 5071 2408 5133 prretcr
2439 5061 2623 5115 solum
2666 5060 2863 5118 Deam.
2895 5059 3126 5112 evidens
3155 5066 3240 5112 est
3270 5057 3440 5111 Deum
3479 5072 3672 5111 verum

2083 5169 2206 5210 esse
2233 5168 2396 5224 quem
2426 5168 2526 5207 vos
2556 5151 2948 5210 eruciliaistis;
2982 5151 3330 5218 iniquitatem
3361 5148 3509 5202 enim
3559 5162 3668 5201 non

2083 5243 2236 5310 fecit,
2269 5259 2449 5313 neqtte
2484 5243 2742 5296 iuventus
2782 5250 2862 5294 εει
2895 5240 3058 5295 dolus
3090 5239 3143 5292 in
3173 5254 3268 5292 ore
3298 5238 3440 5307 ejus.
3475 5236 3672 5290 Videa-

2083 5351 2210 5389 mus
2253 5344 2438 5389 autem
2489 5333 2624 5404 quid
2679 5342 2944 5410 praetcrea
2993 5330 3279 5400 prophetae
3331 5329 3398 5383 de
3446 5327 3670 5382 Christo

2083 5437 2274 5482 nostro
2323 5440 2486 5496 passo
2529 5425 2754 5490 dicant;
2809 5433 2994 5476 utrum
3041 5433 3298 5490 tauquam
3347 5420 3669 5474 malefacto-

2082 5535 2222 5584 rem,
2249 5534 2318 5573 an
2346 5529 2606 5588 tanquam
2637 5516 2930 5572 Dominum
2983 5513 3232 5568 indicmt
3274 5512 3470 5566 illum?
3513 5509 3666 5566 brevi

2077 5612 2226 5666 enim
2258 5611 2616 5666 multitudine
2640 5608 3036 5679 prophetarum
3064 5605 3446 5666 inovehimiai.
3465 5613 3522 5658 et
3545 5613 3666 5658 tan-

2077 5703 2203 5759 dem
2253 5718 2352 5760 vos
2400 5701 2631 5774 pudebit
2667 5707 2856 5757 contra
2893 5697 3174 5755 Christum
3214 5708 3272 5754 et
3314 5697 3662 5753 Christianos
