4098 6424
578 332 713 396 Ῑὲἰῗὶ

1740 339 1799 395 S.
1844 337 1937 393 AN
1954 333 2240 393 ASTASII
2284 332 2404 389 SlN
2420 333 2454 388 Λ
2471 331 2610 389 ιΤ.Ε

3708 323 3819 385 Ιὲίί

574 443 748 509 loqui.
783 442 925 495 Ecce
964 443 1116 496 enim
1161 445 1402 512 qualiter
1446 444 1512 496 de
1559 442 1763 497 Christi
1818 442 2131 495 venditione

2269 439 2535 490 στιανὼν·
2597 437 2707 489 ἰδοὺ
2740 437 2848 506 γὰρ
2881 435 3143 498 ὡσαύτως
3178 436 3309 491 περὶ
3342 439 3437 505 τῆς
3468 435 3723 504 πράσεως
3746 435 3821 489 τοῦ

573 544 626 586 at
658 533 880 603 triginta
908 543 1295 603 argenteorum
1323 537 1446 601 ejus
1465 535 1829 588 aestimatione
1861 534 2157 589 Zacharias

572 627 934 681 etJeremias
991 627 1276 696 prophctm
1338 627 1682 695 loquuntur:
1738 646 1755 676 ι
1810 626 1876 679 Ει
1929 641 2159 694 accepe-

574 727 704 769 runt
753 716 977 787 triginta
1032 726 1291 785 argentea
1349 717 1586 785 pretium
1644 715 1937 783 appretiati
1989 731 2152 785 quem

571 807 1026 875 appretiaverunt
1057 806 1157 860 lilii
1191 807 1377 872 Israel,
1404 821 1461 861 et
1487 808 1759 861 dederunt
1782 822 1847 861 ea
1872 807 1929 861 in
1962 822 2155 877 agrum

573 898 723 968 ﬁguli
755 899 812 952 in
845 900 1180 968 sepulturam
1212 900 1686 969 peregrinorum‘.
1725 919 1742 951 ι
1782 898 1938 964 Quod
1970 908 2153 953 autem

573 995 768 1048 falsum
809 994 1187 1047 testimonium
1214 992 1488 1048 dederunt
1514 992 1581 1045 de
1618 993 1714 1045 iilo
1741 993 1916 1047 Judaei
1947 992 2002 1045 in
2029 1007 2154 1061 pas-

572 1084 746 1137 sionis
771 1092 1039 1152 tempore,
1069 1083 1310 1152 psalmus
1336 1083 1511 1137 dicit:
1554 1103 1571 1134 ι
1612 1084 1963 1153 lnsurgentes
1988 1083 2044 1137 ia
2068 1099 2154 1138 me

573 1184 742 1229 testes
772 1176 971 1243 iniqui,
1011 1189 1133 1243 quae
1188 1173 1516 1243 ignorabant
1566 1174 1981 1245 interrogabant
2030 1190 2151 1241 me;

573 1266 954 1320 retribuerunt
978 1263 1114 1316 mihi
1142 1264 1283 1317 mala
1310 1279 1412 1333 pro
1440 1263 1655 1317 bonis".
1692 1282 1711 1314 ι

636 1445 704 1499 Et
738 1443 888 1514 quod
934 1445 1082 1498 ultro
1129 1443 1245 1498 haec
1284 1442 1461 1497 voluit
1500 1441 1636 1512 pati,
1666 1458 1776 1496 non
1810 1442 2001 1505 invite,
2028 1456 2154 1511 pro-

566 1538 729 1605 pheta
775 1535 913 1590 dicit
962 1553 974 1588 :
1037 1554 1055 1586 ‹
1092 1534 1328 1605 Tergum
1389 1549 1573 1588 meum
1619 1533 1749 1587 dedi
1806 1534 1862 1588 in
1913 1532 2149 1603 ﬂagella,

561 1637 617 1681 ct
673 1628 923 1682 maxillas
982 1642 1133 1680 meas
1188 1626 1243 1679 in
1298 1625 1518 1694 alapas;
1575 1624 1743 1679 facies
1793 1633 1977 1678 autem
2029 1639 2149 1677 mea

562 1735 672 1773 non
716 1734 907 1772 aversa
954 1726 1041 1771 est
1071 1717 1138 1770 ad
1183 1716 1484 1786 opprebria
1518 1724 1829 1785 sputorum,
1865 1723 1921 1769 et
1969 1714 2148 1784 sputis

2261 530 2504 601 Χριστοῦ
2561 529 2656 582 καὶ
2703 532 2813 581 τῶν
2859 529 3158 599 τριάκοντα
3203 530 3484 600 ἀργυρέων
3535 528 3637 595 τῆς
3679 530 3823 595 riui;

2258 623 2422 675 αὑτοῦ
2458 622 2733 692 Ζαχαρίας
2766 623 2860 674 καὶ
2894 621 3160 692 Ἱερεμίας
3196 623 3246 673 οἱ
3282 622 3559 690 προφῆται
3599 620 3821 688 λέγουσι·

2265 732 2283 763 ‹
2321 713 2430 765 Καὶ
2462 713 2662 766 ἔλαϐον
2710 713 3107 783 τὰρτριάκοντα
3132 714 3374 784 ἀργύρια
3411 715 3511 785 τὴν
3545 716 3711 782 τιμὴν
3745 715 3825 766 τοῦ

2256 803 2629 874 τετιμημένου
2681 803 2740 857 δν
2787 806 3122 874 ἐτιμήσαντο
3177 805 3289 859 ἀπὸ
3316 805 3449 858 υἱῶν
3474 804 3713 876 Ἰσραὴλ,
3746 807 3828 858 καὶ

2257 898 2468 952 ἔδωκαν
2498 900 2641 953 αὐτὰ
2674 902 2756 963 είς
2784 901 2878 954 τὸν
2905 902 3075 971 ἁγρδν
3110 900 3207 955 τοῦ
3236 902 3530 975 κεραμέως
3562 904 3644 965 εἰς
3670 905 3828 971 ταφὴν

2254 991 2367 1053 τοῖς
2398 990 2589 1056 ξένοις.
2624 1009 2643 1042 ο
2693 992 2817 1043 Ὅτι
2844 991 2899 1045 δὲ
2927 993 3025 1045 καὶ
3057 990 3541 1064 ψευδομαρτυρίαν
3579 992 3828 1046 δεδώκασι

2257 1081 2378 1133 κατ’
2423 1081 2594 1134 αὑτοῦ
2646 1082 2699 1133 ot
2740 1081 2989 1136 Ἰουδαῖοι
3037 1083 3097 1134 ἐν
3142 1084 3221 1154 τῷ
3259 1084 3442 1155 καιρῷ
3477 1083 3579 1136 τοῦ
3617 1083 3826 1147 πάθους,

2255 1173 2283 1223 6
2306 1171 2524 1241 ψαλμδς
2566 1172 2738 1241 λέγει·
2770 1191 2789 1224 ι
2827 1174 3186 1238 ’Λναστάντες
3216 1194 3305 1246 μοι
3337 1176 3621 1247 μάρτυρες
3645 1176 3824 1239 ἄδικοι,

2253 1261 2290 1317 ἂ
2336 1264 2437 1316 οὐκ
2480 1264 2780 1328 ἐγίνωσκον
2817 1263 3049 1335 ὴρὼτων
3095 1281 3197 1337 με·
3252 1267 3683 1321 ἀνταπεδίδοσάν
3749 1286 3827 1338 μοι

2255 1361 2471 1431 πονηρά
2503 1361 2627 1415 ἀντὶ
2652 1360 2896 1429 ἀγαθῶν.
2931 1380 2952 1415 ι

2325 1453 2436 1506 Καὶ
2469 1454 2552 1506 ὅτι
2588 1454 2858 1518 ἑκουσίως
2893 1454 3070 1509 ταῦτα
3100 1454 3359 1526 ἠνέσχετο
3385 1457 3587 1512 παθεῖν
3622 1458 3715 1511 καὶ
3739 1459 3826 1511 οὐκ

2252 1547 2553 1610 ἀκουσίως,
2584 1549 2613 1602 6
2633 1549 2920 1619 προφήτης
2946 1547 3126 1618 λέγει·
3158 1569 3178 1601 ‹
3201 1534 3307 1604 Τὸν
3326 1548 3496 1604 νῶτόν
3531 1569 3640 1620 μου
3667 1550 3827 1605 ἔδωκα

2251 1640 2331 1700 είς
2363 1638 2661 1707 μάστιγας,
2696 1641 2792 1693 καὶ
2815 1641 2919 1705 τὰς
2946 1642 3204 1710 σιαγόνας
3233 1660 3336 1712 μου
3366 1643 3446 1706 είς
3473 1644 3824 1713 ῥαπίσματα·

2249 1728 2311 1781 τὸ
2348 1730 2406 1785 δὲ
2446 1731 2742 1802 πρόσωπόν
2782 1750 2885 1803 μου
2928 1734 3031 1786 οὐκ
3065 1734 3395 1805 ἀπεστράφη
3430 1734 3545 1787 ἀπὸ
3576 1735 3828 1805 αίσχύνης

561 1812 859 1871 immundis
897 1817 1274 1878 conspuerunt
1312 1824 1399 1863 me
1429 1810 1471 1862 ⁸.
1504 1827 1522 1860 ι
1560 1809 1635 1862 De
1687 1809 1893 1878 spinea:
1924 1822 2131 1862 corona

2248 1793 2702 1889 ἐμπτυσμάτων,
2756 1793 2853 1876 καὶ
2897 1793 3260 1895 ἐμπτύσμασί
3290 1793 3514 1896 μιαροῖς
3540 1793 3725 1880 αύτᾶῖν

559 1903 915 1963 ἰιηιιοείιίοηθ
954 1902 1223 1958 Jeremias
1274 1900 1454 1955 dicit:
1494 1920 1512 1951 ι
1549 1898 1734 1970 Spinis
1789 1898 2142 1969 iniquitatum

556 2012 782 2050 suarum
837 2002 1249 2049 curonaverunt
1282 2009 1391 2048 me.
1431 2012 1450 2045 ι
1492 1993 1560 2047 Ει
1607 1993 1753 2063 quod
1808 1992 2138 2063 principium

556 2096 758 2141 nostrae
799 2084 1015 2151 salutis,
1065 2084 1119 2138 id
1165 2092 1271 2148 est,
1330 2098 1553 2137 crucem
1599 2083 1839 2154 propriis
1891 2083 2141 2139 humeris

552 2179 791 2250 portavit
816 2179 910 2248 qui
948 2178 1004 2231 in
1032 2177 1120 2231 illa
1143 2177 1389 2231 elevatus
1413 2187 1519 2241 est,
1553 2176 1721 2231 Isaias
1752 2176 1886 2231 dicit
1915 2194 1928 2231 :
1959 2197 1977 2229 ‹
2004 2178 2139 2232 Par-

550 2273 710 2326 vulos
738 2278 901 2325 natus
928 2277 1012 2323 est
1047 2268 1225 2332 nobis,
1265 2267 1413 2322 ﬁlius
1439 2268 1603 2322 datus
1649 2277 1734 2323 est
1765 2268 1950 2334 nobis,
1977 2271 2138 2340 cujus

548 2362 894 2432 principatus
919 2361 971 2414 in
997 2360 1249 2415 humeris
1277 2360 1400 2431 ejus
1435 2361 1479 2427 ",
1510 2379 1528 2412 ι
1572 2360 1624 2414 id
1663 2368 1767 2425 est,
1792 2377 1948 2415 crux.
1977 2360 2135 2428 Quod

548 2456 692 2510 Deus
750 2464 810 2510 et
858 2470 957 2509 rex
1016 2461 1143 2508 ante
1203 2455 1403 2509 saecula
1463 2463 1583 2508 erat
1631 2453 1906 2519 Christus,
1966 2463 2023 2509 et
2079 2455 2133 2509 in

547 2562 597 2598 m
635 2546 728 2600 dio
766 2554 929 2600 terrae
977 2544 1226 2616 cruciﬁgi
1286 2544 1525 2599 debebat
1563 2545 1631 2600 ad
1685 2546 1918 2601 salutem
1970 2546 2135 2617 hujus

545 2636 762 2695 mundi.
813 2636 984 2690 David
1020 2637 1155 2691 dicit
1194 2655 1207 2689 :
1256 2656 1275 2687 ε
1316 2637 1461 2692 Deus
1505 2653 1603 2692 rex
1649 2649 1840 2693 noster
1871 2647 1996 2693 ante
2030 2654 2132 2693 sa:-

544 2727 668 2781 eula
722 2736 985 2796 operatus
1046 2734 1132 2781 est
1189 2728 1425 2782 salutem
1481 2728 1536 2782 in
1582 2729 1766 2784 medio
1816 2737 1981 2786 terra:
2027 2731 2070 2784 ⁸.
2108 2750 2127 2782 ι

543 2818 612 2874 Et
648 2819 796 2889 quod
841 2818 1239 2875 transﬁxerunt
1292 2836 1491 2875 manus
1535 2821 1656 2891 ejus
1706 2830 1765 2877 et
1819 2822 2009 2892 pedes,
2050 2823 2128 2879 si-

542 2911 751 2965 militer
789 2910 1087 2966 Zacharias
1115 2911 1252 2966 dicit
1289 2929 1301 2965 :
1334 2930 1352 2962 ι
1393 2913 1566 2982 ίἸιιειῐι
1597 2928 1793 2967 eorum
1843 2914 1899 2968 in
1944 2914 2130 2971 medio

540 3018 803 3056 manuum
832 3017 1104 3065 mearum,
1157 3011 1214 3057 et
1245 3002 1395 3057 dicet
1438 3021 1451 3057 :
1509 3004 1604 3058 His
1636 3006 1887 3076 plagatus
1919 3021 2040 3061 sum
2070 3007 2126 3061 in

540 3092 704 3145 domo
733 3093 919 3148 dilecti
964 3094 1072 3147 mei
1112 3097 1156 3150 ’.
1186 3112 1205 3145 ι
1243 3094 1376 3149 Vide
1416 3097 1695 3165 (plorando
1742 3098 1825 3152 vel
1868 3109 1991 3168 post
2027 3100 2127 3156 hos

539 3183 821 3238 cruciatus
866 3185 1096 3241 dilectos
1153 3201 1253 3241 vos
1285 3198 1459 3251 vocet,
1500 3197 1557 3243 ct
1591 3205 1698 3243 non
1733 3191 2123 3247 convertimini

538 3274 606 3328 ad
661 3276 849 3330 illum!
885 3292 1012 3331 vere
1037 3278 1235 3348 ingrati
1267 3279 1421 3333 estis.
1453 3279 1529 3333 De
1564 3280 1754 3337 lancea
1783 3299 1890 3350 qua
1917 3287 2125 3342 mortui

542 3364 877 3428 perforatum
919 3376 1002 3420 est
1033 3377 1283 3421 sanctum
1316 3370 1437 3437 ejus
1462 3370 1625 3434 latus,
1669 3387 1700 3426 e
1735 3388 1846 3441 quo
1882 3375 2125 3429 manavit

539 3457 765 3524 sanguis
789 3466 846 3512 et
870 3473 1030 3526 aqua,
1060 3460 1328 3528 propheta
1357 3460 1653 3517 Zacharias
1683 3463 1823 3543 dixit
1852 3482 1865 3518 :
1907 3486 1925 3517 ι
1957 3466 2120 3539 Aspi-

539 3544 690 3598 ('ient
743 3545 798 3599 in
849 3562 936 3601 me
987 3562 1151 3617 quem
1189 3560 1199 3601 I
1244 3549 1584 3606 anslixerunt
1634 3554 1699 3619 ²⁰,
1737 3573 1754 3604 ι
1816 3564 1873 3610 et
1910 3558 2123 3629 Moyses

538 3636 683 3691 clare
716 3637 858 3691 idem
897 3639 1229 3719 signiﬁcavit
1281 3658 1379 3712 per
1404 3643 1636 3698 arduam
1670 3655 1907 3716 petram.
1931 3665 1962 3704 e
1989 3665 2120 3719 qua,

535 3728 686 3797 virga
732 3729 825 3783 illo
852 3716 1220 3800 percutiente,
1257 3736 1496 3790 manavit
1520 3751 1661 3806 aqua
1690 3737 1743 3792 in
1781 3740 1948 3794 vitam
1986 3750 2122 3797 tem-

536 3819 778 3885 poralcm
802 3822 989 3889 populi
1022 3830 1153 3878 tunc
1197 3825 1663 3893 exsisteutis;sic
1705 3829 2119 3899 immaculatum

534 3926 740 3977 corpus
785 3911 989 3968 Christi
1040 3923 1096 3969 et
1134 3915 1232 3969 Dei
1267 3927 1548 3972 mortuum
1584 3932 1777 3976 sancto
1814 3938 1916 3984 suo
1945 3924 2118 3981 latere

534 4003 673 4057 fudit
729 4007 916 4060 statim
947 4009 1268 4077 sanguinem
1303 4019 1360 4064 et
1385 4027 1581 4081 aquam
1617 4014 1699 4068 ad
1727 4015 1960 4070 salutem
1992 4033 2119 4073 cre-

530 4086 786 4149 dentium
814 4095 883 4164 _in
913 4096 1080 4152 vitam
1114 4108 1376 4154 azternam
1409 4100 1465 4155 in
1503 4101 1642 4172 ipso,
1672 4112 1728 4160 et
1760 4122 1870 4161 non
1902 4116 2117 4180 tempo-

531 4185 727 4237 ralem.

2244 1911 2488 1966 έπτυσάν
2507 1931 2596 1982 με.
2630 1932 2647 1964 ι
2681 1915 2815 1984 Περὶ
2831 1915 2887 1969 δὲ
2903 1915 2997 1969 τοῦ
3028 1914 3088 1980 ἐξ
3109 1916 3366 1972 ἀκανθῶν
3391 1919 3668 1986 στέφανον
3689 1920 3829 1990 φορέ-

2245 2018 2358 2067 σαι,
2385 2005 2413 2057 6
2446 2005 2720 2076 Ἱερεμίας
2746 2006 2927 2075 λέγει·
2964 2028 2984 2060 ι
3014 2009 3148 2072 Ταῖς
3169 2009 3435 2074 ἀκάνθαις
3459 2013 3575 2065 τῶν
3597 2012 3827 2083 ἀνομιῶν

2242 2092 2424 2144 αὐτῶν
2448 2093 2682 2164 ἐστεψάν
2710 2113 2801 2166 με.
2817 2116 2835 2148 ι
2870 2098 2984 2151 Καὶ
3010 2098 3093 2151 ὅτι
3115 2099 3217 2170 τὴν
3239 2099 3415 2172 ἀρχὴν
3435 2102 3541 2171 τῆς
3562 2102 3827 2174 σωτηρίας

2241 2184 2401 2253 ἡμῶν
2424 2226 2438 2249 ,
2474 2188 2736 2240 τουτέστι
2789 2189 2881 2241 τὸν
2925 2190 3181 2260 σταυρὸν,
3226 2193 3285 2244 ἐν
3327 2195 3445 2256 τοῖς
3480 2193 3635 2257 ἰδίοις
3666 2194 3824 2263 ὤμοις

2240 2278 2542 2343 ἐϐάσταζεν
2588 2282 2618 2343 6
2664 2280 2905 2350 ὑψωθεὶς
2954 2284 3012 2337 ἐν
3050 2282 3222 2353 αὐτῷ,
3267 2283 3500 2349 Ἡσαΐας
3530 2285 3716 2355 λέγει,
3751 2288 3823 2340 ὅτι

2246 2387 2265 2419 ι
2306 2368 2525 2424 Παιδίον
2569 2372 2838 2443 ἐγεννήθη
2889 2374 3054 2443 ἡμῖν,
3105 2375 3221 2438 υίὸς
3247 2377 3343 2430 καὶ
3379 2376 3544 2449 ἐδόθη
3583 2379 3733 2453 ἡμῖν,
3765 2372 3819 2431 οὗ

2236 2464 2268 2532 ή
2302 2462 2442 2532 ἀρχὴ
2476 2461 2570 2516 ἐπὶ
2599 2463 2695 2517 τοῦ
2723 2462 2882 2535 ὤμου
2908 2465 3077 2519 αὐτοῦ
3108 2486 3128 2520 ι
3151 2507 3167 2529 ,
3196 2468 3483 2521 τουτέστιν
3516 2469 3545 2520 6
3580 2471 3816 2538 σταυρός.

2238 2555 2361 2609 ὀτι
2410 2555 2547 2620 Θεὸς
2594 2558 2690 2611 καὶ
2730 2558 2991 2628 βασιλεὺς
3024 2559 3133 2631 πρὸ
3164 2561 3378 2616 αἰώνων
3408 2557 3480 2632 ἦν
3515 2562 3546 2614 6
3573 2558 3812 2632 Χριστὸς,

2234 2649 2333 2702 καὶ
2367 2649 2425 2703 ἐν
2457 2649 2608 2721 μέσῳ
2634 2650 2740 2720 γῆς
2771 2651 3140 2723 σταυροῦσθαι
3163 2654 3327 2708 αὑτὸν
3350 2654 3549 2725 ἔμελλε
3573 2655 3707 2725 πρὸς
3728 2672 3816 2708 σω-

2232 2739 2431 2811 τηρίαν
2484 2741 2651 2795 αὑτοῦ
2701 2741 2935 2813 κόσμου,
2986 2744 3016 2797 6
3059 2744 3224 2799 Aa6‘t6
3260 2745 3443 2814 λέγει·
3484 2765 3504 2798 ι
3531 2746 3590 2800 '0
3617 2747 3671 2799 δὲ
3695 2746 3810 2808 Θεὸς

2235 2833 2492 2901 βασιλεὺς
2549 2832 2710 2904 ήμῶν
2769 2835 3102 2906 προαιώνιος
3177 2837 3485 2910 εἰργάσατο
3551 2838 3809 2907 σωτηρίαν

2231 2926 2290 2977 ἐν
2322 2925 2476 2997 μέσῳ
2505 2927 2608 2997 τῆς
2633 2926 2763 2997 γῆς.
2793 2946 2813 2980 ι
2855 2928 2967 2983 Καὶ
3003 2930 3086 2983 ὅτι
3117 2932 3491 3002 προσήλωσαν
3523 2933 3688 3004 αὐτοῦ
3712 2935 3806 3003 χεῖ-

2232 3036 2332 3089 ρας
2387 3019 2483 3071 καὶ
2534 3019 2739 3083 πόδας,
2795 3020 2934 3092 ὁμοῦ
3000 3024 3280 3094 Ζαχαρίας
3325 3025 3509 3093 λέγει,
3564 3026 3645 3078 ὅτι
3704 3008 3804 3077 illi

2151 3152 2194 3213 Ο
2229 3108 2436 3180 πληγαὶ
2465 3111 2647 3163 αὐτῶν
2676 3111 2781 3164 ἀνὰ
2810 3112 2976 3182 μέσον
3004 3115 3113 3167 τῶν
3142 3115 3342 3187 χειρῶν
3391 3134 3529 3185 μου·
3563 3116 3654 3169 καὶ
3681 3117 3797 3185 ἐρεῖ,

2230 3201 2298 3266 ἃς
2342 3203 2589 3274 ἐπλήγην
2640 3206 2697 3258 ἐν
2742 3204 2821 3275 τῷ
2862 3205 2999 3278 οἴκῳ
3042 3206 3137 3260 τοῦ
3186 3208 3480 3279 ἀγαπητοῦ
3527 3228 3679 3280 μου.»
3713 3208 3800 3260 Ἴδε

2232 3293 2351 3357 πῶς
2386 3295 2479 3349 καὶ
2512 3295 2654 3365 μετὰ
2686 3296 2756 3350 τὰ
2784 3298 3088 3368 παθήματα
3115 3299 3288 3353 ταῦτα
3318 3301 3642 3370 ἀγαπητοὺς
3673 3301 3797 3369 ὑμᾶς

2229 3385 2406 3452 καλεῖ,
2442 3388 2536 3441 καὶ
2565 3388 2667 3441 οὐκ
2694 3390 3062 3461 ἐπιστρέφετε
3096 3390 3234 3461 πρὸς
3261 3392 3459 3447 αὐτόνί
3491 3393 3657 3456 ὅντως
3681 3390 3796 3461 ἀχά-

2234 3494 2407 3547 ριστοι
2436 3479 2615 3549 ὑμεῖς.
2655 3481 2793 3551 Περὶ
2819 3480 2877 3535 δὲ
2912 3482 3009 3536 τοῦ
3039 3482 3275 3538 θανόντα
3301 3486 3471 3539 αὐτὸν
3500 3486 3667 3557 λόγχῃ
3690 3502 3793 3537 κεν-

2227 3569 2459 3640 τηθῆναι
2510 3572 2610 3640 τὴν
2662 3571 2825 3639 ἁγίαν
2869 3574 3035 3627 αὐτοῦ
3082 3574 3327 3646 πλευρὰν
3371 3578 3472 3630 καὶ
3518 3577 3701 3648 βλύσαι
3744 3573 3793 3637 ἐξ

2228 3660 2400 3730 αὐτῆς
2433 3656 2573 3732 αἷμα
2603 3664 2699 3717 καὶ
2725 3663 2900 3733 ὕδωρ,
2937 3668 2965 3719 ὁ
2997 3668 3286 3738 προφήτης
3313 3670 3599 3740 Ζαχαρίας
3622 3663 3787 3721 εἶπεν·

2233 3771 2252 3803 ι
2299 3752 2715 3824 Ἐπιὸλέψονται
2761 3757 2902 3828 πρός
2935 3774 3003 3828 με
3035 3760 3117 3822 είς
3142 3758 3202 3812 ὃν
3230 3760 3613 3834 ἐξεκέντησαν.
3642 3781 3658 3813 ι
3700 3758 3790 3812 Καὶ

2225 3844 2254 3896 6
2277 3844 2521 3915 Μωῦσῆς
2560 3846 2750 3916 σαφῶς
2780 3848 2985 3919 ταύτην
3013 3854 3382 3922 προεικονίζει
3415 3854 3506 3908 διὰ
3533 3855 3626 3923 τῆς
3647 3855 3789 3921 ἀκρο-

2224 3934 2394 4003 τόμου
2441 3937 2649 4007 πέτρας
2674 3978 2691 4000 ,
2749 3933 2815 4008 ἧς
2865 3940 2957 3993 διὰ
2998 3942 3101 4012 τῆς
3145 3943 3344 4014 ῥάϐδου
3378 3946 3546 3999 αὑτοῦ
3582 3942 3784 4012 πλήξας.

2223 4025 2450 4079 ἔϐλυσεν
2481 4026 2628 4098 ὕδωρ
2662 4029 2802 4099 πρὸς
2830 4032 3108 4103 σωτηρίαν
3134 4035 3229 4087 τοῦ
3258 4036 3389 4089 λαοῦ
3408 4054 3426 4069 ·
3482 4040 3515 4108 ή
3549 4038 3604 4090 δὲ
3634 4037 3784 4102 πέτρα

2222 4114 2293 4188 ἦν
2319 4121 2608 4185 είκονικῶς
2638 4123 2667 4175 6
2690 4123 2930 4192 Χριστός
2951 4142 2964 4154 ·
2999 4125 3076 4188 ὡς
3100 4127 3209 4198 γὰρ
3239 4130 3272 4198 ή
3300 4131 3606 4201 ἀκρότομπ
3632 4128 3783 4195 πέτρα

2224 4209 2428 4281 ἄψυχος
2452 4253 2468 4277 ,
2524 4207 2661 4267 οὖσα
2697 4215 2794 4267 καὶ
2827 4216 3156 4287 ἀναίσθητος
3207 4221 3541 4290 κρουσθεῖσα
3574 4220 3669 4273 ὑπὸ
3694 4216 3780 4285 τῆς

530 4276 1225 4384 Ξάὗδουθῦῐωιῖσέςςξὺοὺς
1251 4281 1478 4384 ἔδξῑςσεν
1503 4284 1648 4358 ὕδωρ
1673 4290 1755 4352 είς
1810 4290 1958 4362 ζωὴν
2013 4298 2350 4371 πρόσκαιρον
2414 4304 2494 4375 τῷ
2522 4305 2643 4357 τότε
2706 4304 2819 4377 λαῷ
2843 4346 2857 4370 ,
2913 4276 3060 4363 οὕτω
3101 4313 3196 4365 καὶ
3237 4276 3301 4365 τὸ
3342 4314 3609 4384 ἄχραντον
3641 4276 3775 4375 σῶμα

530 4367 768 4475 Χριστοῦ
816 4370 912 4475 τού
956 4371 1093 4475 Ofe?
1140 4375 1415 4475 νεκρωθέν
1445 4380 1511 4475 τῇ
1540 4379 1673 4449 ἁγίᾳ
1703 4381 1868 4434 αὑτοῦ
1895 4386 2107 4457 πλευρᾷ
2146 4367 2308 4457 εὐθύς
2337 4367 2567 4447 ἔϐλυσεν
2591 4391 2729 4466 αἷμα
2759 4367 2854 4452 καί
2880 4396 3022 4472 ὕδωρ
3050 4402 3186 4474 πρὸς
3214 4367 3494 4475 σωτηρίαν
3550 4404 3651 4457 τῶν
3699 4367 3770 4451 πι-

530 4463 833 4517 στευόντων
867 4466 946 4529 είς
976 4464 1121 4538 ζωὴν
1152 4469 1371 4523 αἰώνιον
1410 4473 1489 4535 είς
1522 4475 1687 4527 αὐτον
1721 4477 1817 4529 καὶ
1847 4478 1907 4530 οὐ
1938 4481 2297 4556 πρόσκαιρον.

600 4556 921 4661 Rursusque
944 4560 1089 4615 idem
1121 4563 1388 4633 propheta
1416 4565 1626 4636 Moyses
1651 4568 1788 4623 dicit
1817 4570 1885 4627 de
1906 4572 2113 4629 Christi

2291 4581 2401 4633 Kal
2435 4582 2603 4636 πάλιν
2650 4587 2679 4638 6
2708 4584 2872 4649 αὐτὸς
2905 4588 3192 4658 προφήτης
3217 4589 3460 4661 Μωῦσῆς
3492 4589 3628 4657 λέγει
3656 4582 3764 4655 περὶ

516 4647 886 4705 crucifixionc
951 4661 1008 4706 et
1067 4663 1253 4708 vestra
1332 4656 1721 4715 incredulitate
1775 4679 1786 4714 :

519 4752 761 4794 vestram
791 4743 1048 4799 videbitis
1075 4746 1429 4816 pendentem,
1463 4760 1519 4805 et
1568 4767 1680 4806 non
1732 4754 1973 4811 credetis
2000 4757 2064 4811 η.
2089 4777 2108 4810 ι

518 4831 663 4885 tiece
697 4832 787 4888 hic
810 4835 977 4889 vitam
1002 4848 1262 4892 :eternam
1288 4849 1453 4894 .vocat
1486 4842 1541 4894 in
1572 4842 1723 4913 ligno
1752 4846 2109 4913 pendentem.

515 4923 598 4976 Ne
633 4924 786 4979 dicas
811 4927 964 4981 illum
994 4927 1062 4982 de
1088 4938 1342 4998 serpente
1367 4946 1521 4985 aeneo
1546 4932 1651 4987 huc
1677 4934 1924 4988 locutum
1956 4952 2108 5004 esse;

512 5030 643 5067 suun
681 5015 737 5069 in
788 5029 1104 5086 serpentem
1151 5021 1533 5085 crediderunt,
1577 5024 1631 5077 in
1683 5026 1852 5079 vitam
1899 5037 2103 5095 autem,

500 5120 640 5187 .quzu
665 5115 749 5160 est
769 5107 1047 5173 Christus,
1080 5112 1221 5166 dixit
1248 5129 1346 5168 vos
1374 5131 1482 5168 non
1514 5117 1847 5173 credituros.
1885 5120 2100 5175 Etenim

512 5212 759 5257 nostram
816 5208 1261 5265 maledictionem
1309 5213 1366 5267 in
1415 5230 1577 5282 quam
1625 5233 1725 5285 per
1773 5221 2104 5287 prtevarica-

512 5291 721 5345 tionem
747 5307 802 5348 et
830 5297 1262 5356 inebedieutiam
1305 5303 1697 5372 incideramus,
1735 5308 1826 5363 hic
1851 5314 2098 5376 sustulit,

514 5391 573 5431 ut
620 5382 886 5471 scriptum
939 5400 1023 5443 est
1065 5410 1076 5444 :
1123 5410 1140 5443 ι
1181 5395 1504 5452 Maledictus
1559 5401 1654 5469 qui
1702 5403 1908 5471 pendet
1940 5405 1994 5459 in
2028 5407 2098 5461 li-

514 5482 619 5535 gno
667 5470 710 5501 “
737 5488 751 5536 ;

586 5701 854 5786 "fatebar.
883 5724 951 5769 xi,
992 5710 1080 5786 l2.
1120 5712 1199 5766 l5.
1276 5717 1297 5747 ”
1326 5716 1469 5772 Psal.
1505 5735 1685 5782 xxuv,
1723 5722 1804 5776 1‘2.
1885 5722 1904 5753 ⁸
1936 5723 2038 5776 lsa.
2072 5743 2119 5786 1,,
2154 5726 2206 5778 ﬁ.

526 5771 565 5804 "
605 5773 834 5829 Ζωσίμη.
878 5796 972 5842 xu,
1023 5782 1100 5833 Ill.
1173 5787 1209 5814 “
1252 5787 1415 5841 Deut.
1460 5771 1641 5855 inin,

1861 4681 1878 4713 ι
1928 4664 2110 4720 Vitam
2208 4671 2308 4742 τὴν
2330 4674 2425 4726 τοῦ
2457 4676 2700 4737 Χριστοῦ
2738 4678 3049 4749 σταύρωσιν
3070 4680 3165 4733 καὶ
3194 4681 3293 4751 τὴν
3323 4683 3479 4753 ὑμῶν
3504 4677 3757 4739 ἀπιστίαν,

2213 4763 2296 4814 ὅτι
2322 4781 2341 4814 ι
2359 4764 2597 4834 ’(Ιψεσθε
2621 4767 2724 4837 τὴν
2746 4768 2892 4838 ζωὴν
2924 4771 3080 4840 ὑμῶν
3110 4775 3470 4844 κρεμαμένην
3489 4814 3502 4837 ,
3525 4771 3677 4827 καὶού
3698 4768 3757 4837 μὴ

2214 4857 2537 4910 πιστεύσετε
2564 4875 2578 4889 ·
2608 4879 2626 4909 ι
2664 4861 2775 4914 ἰδοὺ
2813 4862 2907 4915 καί
2927 4856 3086 4926 οὗτος
3114 4863 3260 4933 ζωὴν
3291 4866 3509 4919 αἰώνιον
3536 4860 3757 4933 ὀνομάζει

2210 4948 2300 5000 τὸν
2336 4949 2430 5001 ἐπὶ
2465 4949 2625 5014 ξύλου
2661 4953 3064 5022 κρεμασθέντα.
3106 4958 3219 5009 Καὶ
3254 4957 3329 5028 μὴ
3361 4960 3518 5029 εἴπῃς
3550 4950 3753 5020 ὅτιπερὶ

2205 5041 2298 5094 τοῦ
2334 5043 2511 5111 ὄφεως
2542 5045 2636 5098 τού
2665 5046 2867 5116 χαλκοῦ
2902 5042 3027 5101 εἷπε
3051 5049 3210 5102 τοῦτο
3235 5067 3248 5080 ·
3287 5052 3368 5114 είς
3414 5052 3497 5105 τὸν
3520 5051 3635 5115 ὅφιν
3662 5044 3750 5110 γὰρ

2205 5133 2555 5198 ἐπίστευσαν,
2603 5138 2683 5200 εἰς
2715 5136 2772 5190 δὲ
2799 5137 2899 5207 τὴν
2926 5137 3094 5207 ζωὴν,
3133 5139 3384 5209 τουτέστι
3418 5141 3502 5193 τὸν
3530 5131 3746 5206 Χριστὸν.

2202 5221 2358 5279 εἶπεν
2401 5228 2485 5281 ὅτι
2515 5230 2575 5280 ού
2614 5230 2689 5300 μὴ
2725 5230 3079 5283 πιστεύσετε·
3110 5232 3205 5285 καλ⁵
3237 5233 3345 5304 γὰρ
3385 5233 3482 5303 τὴν
3508 5226 3747 5300 ἡμετέραν

2200 5320 2340 5389 ἀρὰν
2374 5321 2440 5389 ἣν
2468 5321 2556 5374 διὰ
2585 5325 2685 5392 τῆς
2708 5324 3079 5393 παραϐάσεως
3106 5326 3203 5379 καὶ
3228 5327 3511 5396 παρακοῆς
3537 5327 3745 5376 ἐπεσπα-

2203 5411 2440 5478 σάμεθα,
2477 5413 2641 5475 αὐτὸς
2659 5415 2908 5483 ἀνέλαϐε,
2940 5417 3126 5481 καθὼς
3157 5418 3484 5486 γέγραπται,
3509 5406 3739 5466 ἐπικατά-

800 5492 817 5524 »
857 5485 913 5531 et
966 5481 1320 5539 maledictum
1369 5497 1597 5559 prepter
1638 5506 1741 5546 nos
1787 5492 1965 5551 factus
2013 5506 2099 5552 est

2234 5520 2362 5567 ατος
2415 5507 2444 5558 ὁ
2488 5506 2834 5577 κρεμάμενος
2885 5481 2979 5562 ἐπὶ
3025 5481 3362 5575 ξύλουίκαὶ
3391 5509 3598 5578 κατάρα
3625 5497 3737 5566 ὑπὲρ

2281 5728 2534 5813 :_lsa.rjv:
2693 5732 2713 5764 ⁸
2737 5733 2880 5813 Psal.
2920 5750 3102 5801 uxm,
3136 5733 3218 5790 l2.
3262 5737 3282 5767 ⁹
3305 5734 3523 5813 Zachar.
3555 5745 3657 5791 xm,
3678 5720 3722 5777 6ο

1843 5796 1883 5825 ¹¹
1929 5794 2085 5850 Deut.
2132 5813 2238 5862 χχι,
2280 5800 2380 5863 2¹ἶ;
2438 5800 2613 5857 Galat.
2658 5819 2734 5868 ιιι,
2781 5803 2862 5858 l5.
