4098 6422
357 415 506 478 1³45

1372 417 1826 476 ῡῖξζίἭΤεΨΓΙΟ
1871 422 1903 472 .t
1921 419 2268 479 DVERSUS
2307 421 2638 483 JUD/EOS.

3496 419 3637 483 1246

353 528 527 598 ἡμῶν
571 527 800 598 γέγονεν
831 532 859 583 ό
893 531 1280 600 ἀναμάρτητος
1305 572 1321 598 ,
1377 531 1466 584 ἵνα
1519 531 1764 603 κατάρας
1805 533 1956 603 ἡμᾶς

2071 531 2142 598 pii
2174 531 2294 586 sine
2346 543 2573 602 peccato
2618 540 2760 594 erat,
2809 540 2870 586 ut
2904 531 3194 586 maledicta
3245 539 3431 584 nostra
3458 531 3638 584 solve-

351 617 734 691 ἐλευθερώσῃ,
769 622 862 672 καὶ
897 621 1045 690 ζωὴν
1094 622 1315 675 αίὼνιον
1345 622 1640 692 χαρίσηται
1671 623 1787 684 τοῖς
1823 639 1950 674 πισ-

351 712 615 764 τεύουσιν
644 713 726 774 είς
757 714 1170 783 αὑτόνοὪσπερ
1189 716 1298 786 γὲρ
1327 715 1483 784 ὑμεῖς
1507 715 1818 768 οίΊουδαίοι
1838 714 1955 766 ἐπι.

354 802 638 856 στεύσατε
661 803 740 872 τῷ
764 802 886 872 ὄφει
921 805 1001 876 τῷ
1048 805 1235 875 χαλκῴ
1282 808 1617 877 κρεμαμένῳ
1645 807 1742 862 ἐπὶ
1765 805 1944 870 ξύλου,

348 893 850 964 ἀπικατηραμένου
879 892 1036 957 ὄντος
1081 894 1192 947 ἀπὸ
1239 894 1446 957 παντὸς
1494 892 1688 964 θηρίου
1736 885 1946 954 οὗτινος

351 979 530 1030 εἰκὼν
561 981 797 1048 παρεῖχε
825 981 940 1042 τοῖς
967 981 1253 1050 προγόνοις
1282 981 1438 1052 ὑμῶν
1457 999 1470 1010 ⁸
1525 981 1601 1044 ὼς
1630 983 1736 1050 γὰρ
1770 984 1798 1034 6
1827 982 1952 1050 ὗςρις

350 1069 384 1120 6
439 1067 516 1138 μὴ
557 1066 772 1122 δάκνων
802 1069 945 1140 ὑπὲρ
973 1070 1082 1123 τῶν
1108 1071 1416 1126 δακνόντων
1447 1071 1622 1139 ὄφεων
1656 1072 1802 1142 ζωὴν
1828 1073 1952 1140 ἔφες

358 1176 496 1229 ρεν,
555 1159 700 1212 οὕτω
750 1162 846 1214 καὶ
899 1161 928 1213 ὁ
973 1162 1207 1229 Χριστὸς
1259 1164 1646 1234 ἀναμάρτητος
1694 1163 1771 1215 ὢν
1812 1163 1954 1234 ὑπὲρ

355 1250 717 1319 ἁμαρτωλῶν
749 1251 1110 1322 κρεμασθεὶς,
1139 1252 1284 1324 ζωὴν
1314 1252 1392 1323 τῷ
1419 1255 1608 1324 κόσμῳ
1633 1255 1952 1325 ἐχαρίσατο.

361 1343 480 1396 Kal
531 1342 661 1413 περὶ
709 1342 805 1396 τοῦ
845 1343 1111 1396 σκοτάσαι
1158 1343 1255 1415 τὴν
1289 1345 1506 1416 ἡμέραν
1539 1345 1758 1415 ἐκείνην
1789 1363 1955 1398 σταυ-

364 1435 640 1505 ρουμένου
673 1435 912 1506 Χριστοῦ
932 1477 947 1499 ,
997 1437 1095 1490 καὶ
1130 1439 1314 1508 φωνὴν
1343 1438 1509 1492 αὐτοῦ
1539 1439 1794 1507 ἀφιέντος
1827 1439 1957 1492 ὅταν

359 1525 730 1589 ἐξέπνευσεν,
785 1527 877 1578 καὶ
917 1526 1198 1596 σεισθῆναι
1245 1527 1336 1580 τὸν
1379 1529 1607 1598 οὐρανὸν
1647 1530 1741 1581 καὶ
1776 1532 1957 1582 πᾶσαν

357 1619 467 1686 τὴν
493 1617 598 1684 γῆν
626 1615 715 1669 διὰ
741 1615 840 1688 τὴν
867 1615 1073 1686 τόλμαν
1093 1617 1302 1690 ταύτην
1327 1618 1436 1671 τῶν
1461 1619 1756 1680 Ἰουδαίων,
1776 1622 1804 1674 6
1825 1637 1958 1690 προ-

360 1711 549 1780 φήτης
575 1708 738 1780 Ὠσηὲ
764 1708 914 1777 λέγει
937 1725 951 1740 ·
996 1727 1015 1762 ι
1045 1710 1238 1774 Ἤλιος
1269 1712 1364 1764 κα)⁸
1393 1714 1426 1780 ἡ
1460 1711 1658 1782 σελήνη
1688 1712 1958 1764 συσκοτά-

363 1819 526 1856 com
547 1843 563 1864 ,
601 1802 698 1855 καὶ
731 1803 782 1855 οἱ
813 1801 1040 1870 ἀστέρες
1071 1801 1132 1854 οὐ
1164 1801 1395 1855 δώσουσι
1423 1803 1485 1854 τὸ
1515 1802 1718 1870 φέγγος
1745 1803 1955 1855 αὐτῶν·

362 1893 394 1944 6
427 1891 483 1942 δὲ
517 1890 723 1960 Κύριος
754 1891 818 1944 ὲκ
845 1889 984 1944 Σιὼν
1015 1891 1420 1962 ἁνακρὰξεται,
1476 1893 1571 1946 καὶ
1611 1891 1958 1964 σεισθήσεται

359 1989 394 2041 ὸ
427 1982 656 2052 ούρανὸς
685 1983 779 2037 καὶ
804 1983 837 2055 ἡ
865 1983 958 2054 γῆ.
998 2002 1017 2035 ι

444 2075 553 2128 Kal
578 2073 608 2126 6
631 2072 796 2127 Δαϐἰδ
815 2073 985 2142 λέγει·
1025 2091 1044 2126 ι
1088 2073 1298 2126 Ἔδωκε
1328 2072 1516 2144 φωνὴν
1536 2073 1704 2128 αὐτοῦ
1735 2075 1764 2126 6
1794 2073 1962 2144 ’Ὕψιο

368 2184 520 2230 στος,
555 2163 824 2235 ἐσαλεύθη
855 2165 890 2236 ἡ
922 2164 1014 2234 γῆ.
1047 2182 1066 2215 ι
1110 2164 1241 2218 Ἰδοὺ
1271 2165 1368 2218 καὶ
1395 2166 1550 2218 αὐτοὶ
1593 2166 1798 2238 Κύριον
1842 2166 1960 2237 ὕψι-

369 2277 500 2314 στον
559 2257 654 2313 τὸν
697 2255 1116 2328 ἐσταυρωμένον
1155 2255 1504 2327 ὀκομάζουσι.
1537 2259 1648 2312 Kal
1687 2257 1963 2329 Ζαχαρίας

341 2355 398 2408 -ὁ
431 2353 718 2425 προφήτης
745 2350 934 2421 λέγει·
976 2368 994 2402 ι
1030 2349 1140 2404 Kal
1167 2349 1292 2421 ἥξει
1350 2349 1556 2422 Κύριος
1587 2352 1614 2404 6
1650 2350 1784 2414 Θεὸς
1815 2391 1830 2414 ,
1867 2353 1963 2404 καὶ

373 2447 580 2510 πάντες
605 2445 656 2500 oi.
680 2443 826 2514 ἆγιοι
869 2443 986 2514 μετ’
1013 2441 1200 2498 αὐτοῦ·
1245 2443 1342 2497 καὶ
1373 2445 1432 2496 ὲν
1462 2447 1528 2514 τῇ
1559 2445 1741 2516 ἡμέρᾳ
1779 2443 1967 2518 ἐκείνῃ

374 2543 482 2594 οὐκ
515 2539 664 2591 ἔσται
696 2536 835 2608 φῷς,
873 2536 970 2592 καὶ
995 2535 1094 2608 σύχ
1133 2536 1338 2609 ἡμέρα,
1375 2531 1654 2606 ὃύξῖνὺξ,
1699 2538 1796 2591 καὶ
1829 2536 1967 2608 πρὸς

372 2633 619 2703 ἑσπέραν
668 2631 824 2685 ἔσται
875 2629 1015 2700 φῶς,
1045 2631 1141 2684 καὶ
1169 2631 1358 2700 ἡμέρα
1387 2629 1575 2699 ἐκείνη
1622 2628 1843 2700 γνωστὴ
1887 2628 1968 2700 τῷ

372 2724 592 2794 Κυρίῳ.
637 2739 658 2775 ι
709 2723 842 2776 Ἀπὸ
883 2721 995 2794 γὰρ
1023 2720 1174 2793 ὥρας
1201 2721 1370 2792 έκτης
1396 2721 1500 2784 ἕως
1542 2719 1693 2790 ὥρας
1738 2721 1967 2791 ἑννάτης

371 2813 571 2875 σκότος
603 2811 826 2880 ἐγένετο
857 2812 952 2866 ἐπὶ
983 2811 1166 2865 πᾶσαν
1214 2809 1315 2882 τὴν
1375 2809 1490 2881 γῆν.
1539 2809 1672 2863 Ἰδοὺ
1723 2811 1820 2862 καὶ
1861 2807 1968 2862 Ζα-

368 2902 578 2974 χαρίας
617 2901 824 2975 Κύριον
859 2901 955 2956 καὶ
989 2901 1123 2954 Θεὸν
1149 2901 1241 2953 τὸν
1270 2899 1659 2970 σταυρωθέντα
1687 2900 1966 2972 ὠνόμασε.

369 2995 493 3052 Kal
538 2995 635 3048 ἐὰν
677 2993 778 3063 μὲν
819 2993 1010 3064 εἴπητε
1048 2993 1130 3047 ὅτι
1169 2991 1345 3046 ταῦτα
1375 2993 1507 3064 περὶ
1547 2993 1643 3046 τοῦ
1697 2993 1968 3064 εἰλημμέ-

369 3101 474 3139 νο)
539 3081 696 3154 ὑμῶν
755 3081 1036 3149 λέγουσιν·
1127 3081 1240 3136 ἰδοὺ
1293 3082 1483 3136 λοιπὸν
1536 3083 1632 3136 καὶ
1679 3082 1838 3154 ὑμεῖς
1889 3083 1970 3148 είς

371 3174 671 3246 ἄνθρωπον
750 3175 1014 3245 μέλλοντα
1075 3172 1468 3246 σταυρωθῆναι
1531 3173 1608 3238 ὡς
1677 3174 1970 3230 κατάδικον

372 3269 664 3334 ἐλπίζετεσ
723 3267 838 3321 ἀλλ’
881 3266 982 3321 οὐκ
1045 3265 1192 3320 ἔστιν
1241 3265 1402 3330 ἄλλος
1445 3267 1473 3318 6
1529 3266 1968 3337 προφητευθεὶς,

377 3367 432 3418 εί
481 3365 558 3436 μὴ
589 3365 617 3416 6
649 3361 853 3432 Κύριος
897 3360 1057 3432 ἡμῶν
1099 3359 1309 3432 Ἰησοῦς
1351 3360 1590 3432 Χριστὸς
1637 3362 1666 3415 6
1699 3359 1829 3424 Υίὸς
1875 3359 1971 3413 τοῦ

377 3458 546 3516 Θεοῦ,
575 3458 604 3510 6
631 3456 698 3509 ὲκ
725 3454 836 3508 τῶν
858 3455 1104 3525 οὐρανῶν
1132 3451 1432 3518 κατελθὼν,
1463 3453 1554 3506 καὶ
1587 3454 1889 3525 σαρκωθεὶς
1909 3455 1974 3508 ἐκ

381 3549 710 3620 Πνεύματος
749 3547 906 3616 ἁγίου
945 3548 1010 3599 ἐκ
1040 3546 1140 3617 τῆς
1188 3544 1550 3617 ἀειπαρθένου
1605 3545 1848 3617 Μαρίας,
1883 3546 1976 3599 καὶ

381 3640 566 3695 ταῦτα
607 3638 796 3694 παθὼν
835 3637 925 3692 διά
967 3636 1068 3707 τὴν
1101 3637 1196 3690 τοῦ
1243 3637 1454 3706 κόσμου
1491 3637 1785 3707 σωτηρίαν,
1841 3635 1978 3691 καθ-

385 3733 542 3802 άπερ
573 3727 1010 3802 προηγγεῐλαντο
1029 3728 1158 3800 περλ⁵
1176 3727 1341 3782 αὑτοῦ
1367 3729 1418 3781 οἱ
1440 3729 1739 3799 προφῆται,
1763 3729 1840 3794 ὡς
1862 3730 1980 3784 δια-

386 3825 678 3895 λεχθέντες
702 3822 802 3886 τάς
829 3820 962 3891 περὶ
999 3819 1240 3892 Χριστοῦ
1279 3818 1589 3890 μαρτυρίας
1618 3836 1678 3872 τε
1717 3821 1812 3873 καὶ
1844 3837 1974 3890 προσ

391 3910 626 3989 ᾡητείας
653 3912 836 3968 αὐτῶν
874 3912 1296 3986 παρηγάγομεν.
1345 3911 1454 3964 Kal
1492 3911 1623 3981 περὶ
1649 3911 1744 3965 τοῦ
1773 3911 1980 3981 ἀναλη-

391 4009 598 4077 φθῆναι
627 3994 791 4060 αύτδν
821 4005 880 4057 ὲν
902 4005 1016 4067 τοῖς
1036 4003 1289 4074 οὐρανοῖς
1315 4001 1410 4054 καὶ
1448 4000 1670 4054 καθίσαι
1697 4003 1762 4054 ὲκ
1787 4001 1981 4064 δεξιῶν

395 4099 490 4153 τοῦ
524 4096 684 4164 Θεοῦ,
716 4095 811 4150 καὶ
855 4093 992 4164 πρὸς
1025 4092 1306 4163 Ζαχαρίαν
1329 4088 1508 4144 εἶπενο
1557 4109 1576 4144 ι
1625 4091 1714 4144 Ἐν
1747 4093 1812 4162 τῇ
1843 4091 1984 4160 ὴμέ-

399 4210 472 4264 pq.
505 4190 690 4261 ἐκείνῃ
719 4189 1006 4259 στήσονται
1035 4187 1085 4238 οἱ
1116 4183 1278 4248 πόδες
1298 4183 1507 4255 Κυρίου
1539 4183 1619 4247 είς
1640 4183 1700 4236 τὸ
1725 4183 1851 4254 ὅρος
1874 4183 1983 4236 τῶν

395 4280 701 4338 Ἐλαιῶντδ
718 4278 1010 4332 κατέναντι
1052 4273 1407 4346 Ἰερουσαλὴμ
1454 4274 1598 4328 κατὰ
1643 4273 1929 4337 ἀνατολάς.
1958 4291 1979 4324 ι

398 4377 512 4430 Kal
553 4371 859 4444 Ψαλμῳὸδς
905 4369 1078 4438 λέγει·
1111 4385 1130 4419 ι
1173 4365 1380 4437 Ἐπέϐη
1415 4366 1510 4420 ἐπὶ
1543 4366 1850 4436 Χερουϐὶμ,
1891 4367 1984 4419 καὶ

399 4467 680 4536 ἑπετὶισθη
721 4464 816 4519 ἐπὶ
855 4461 1142 4533 πτερύγων
1175 4460 1415 4530 ἀνέμων·
1440 4459 1536 4512 καὶ
1567 4459 1738 4530 ἀνέϐη
1769 4459 1902 4524 Θεὸς
1928 4462 1986 4512 ἐν

2051 631 2155 682 ret,
2209 629 2267 676 ct
2307 623 2478 677 vitam
2527 632 2794 678 aeternam
2850 623 3146 694 largiretur
3199 621 3558 675 credentibus
3587 625 3640 674 in

2049 729 2199 768 eum.
2246 714 2316 770 Ut
2373 716 2523 770 enim
2605 732 2705 771 vos
2749 715 2924 772 Judaei
3015 714 3336 769 credidistis
3395 714 3640 781 serpenti

2049 821 2204 858 aeneo
2255 806 2609 876 pendentijn
2639 807 2810 877 ligno,
2867 807 2963 876 qui
3011 806 3344 860 maledictus
3378 821 3493 874 pra:
3521 821 3644 856 om-

2054 895 2222 950 nibus
2251 897 2474 952 caeteris
2520 897 2716 952 bestiis
2746 898 2964 968 signum
2994 896 3276 967 przebebat
3313 897 3517 950 vestris
3548 911 3641 964 pa-

2053 985 2254 1052 tribus,
2289 995 2478 1056 utpote
2523 1003 2630 1042 non
2670 987 2932 1042 mordens
2967 987 3060 1040 hic
3087 1001 3319 1055 serpens
3353 1001 3464 1053 pne
3497 999 3647 1036 mor-

2053 1078 2317 1133 dcntibus
2359 1080 2712 1149 serpentibus
2751 1079 2918 1132 vitam
2947 1078 3250 1138 afferebat,
3293 1078 3366 1130 ita
3397 1085 3448 1129 et
3481 1075 3646 1129 Chri-

2055 1183 2195 1234 stus,
2252 1188 2378 1226 cum
2434 1172 2552 1226 sine
2609 1181 2836 1240 peccato
2889 1179 3057 1230 esset.
3115 1186 3216 1239 pro
3262 1168 3648 1239 peccatoribus

2055 1277 2380 1332 suspensus,
2437 1263 2608 1317 vitam
2665 1261 2873 1316 mundo
2909 1262 3138 1331 largitus
3189 1269 3296 1315 est.
3361 1259 3430 1314 Et
3471 1259 3538 1313 de
3563 1267 3648 1312 te-

2057 1355 2248 1409 nebris
2295 1354 2406 1408 diei
2453 1354 2618 1409 istius
2652 1355 2850 1423 inquo
2895 1354 3197 1408 cruciﬁxus
3232 1361 3317 1407 est
3368 1351 3646 1410 Christus.

2056 1457 2114 1502 et
2155 1447 2224 1501 de
2266 1462 2401 1500 voee
2452 1462 2616 1516 quam
2667 1446 2858 1500 emisit
2908 1445 3039 1499 dum
3092 1445 3422 1513 exspiraret,
3475 1453 3526 1497 et
3581 1443 3650 1496 de

2059 1548 2302 1594 tremore
2347 1539 2473 1594 οωιί
2527 1547 2584 1594 et
2642 1547 2802 1593 terra:
2854 1538 3024 1592 totius
3079 1546 3307 1606 prepter
3365 1535 3506 1588 hanc
3555 1534 3651 1590 Ju-

2058 1631 2306 1686 daaorum
2343 1630 2654 1694 audaciam,
2691 1630 2960 1699 propheta
3015 1628 3157 1684 Osee
3189 1627 3370 1682 dicit;
3409 1647 3427 1678 ‹
3461 1627 3550 1681 Sol
3595 1638 3650 1682 et

2059 1723 2192 1778 luna
2238 1723 2716 1786 obscurabuntur,
2761 1731 2817 1777 et
2857 1722 3034 1778 stellae
3078 1737 3190 1775 non
3227 1720 3437 1774 dabunt
3465 1720 3651 1774 lume'i

2062 1830 2252 1879 suum;
2301 1814 2571 1869 Dominus
2613 1823 2798 1868 autem
2839 1830 2904 1866 ex
2939 1811 3071 1867 Sion
3119 1811 3399 1876 clamabit,
3443 1820 3498 1866 et
3532 1827 3652 1866 mo-

2060 1904 2286 1960 vebitur
2329 1904 2532 1959 coelum
2587 1911 2646 1958 et
2698 1909 2846 1957 terra
2883 1902 2946 1954 υ.
2989 1919 3008 1952 ι

2134 2085 2308 2142 David
2355 2101 2582 2156 quoque
2613 2084 2752 2141 dicit
2787 2101 2802 2139 ι
2843 2103 2862 2136 ι
2897 2083 3058 2139 Dedit
3083 2098 3276 2138 vocem
3311 2092 3466 2134 Suam
3491 2079 3656 2135 Attis.

2065 2179 2262 2243 simus,
2293 2187 2566 2234 commota
2603 2186 2688 2232 est
2715 2187 2861 2232 terra
2892 2177 2935 2208 “
2964 2196 2982 2228 ι
3021 2177 3099 2230 En
3131 2183 3188 2229 et
3229 2174 3331 2244 ipsi
3361 2172 3654 2226 Dominum
3683 2237 3688 2242 _

2067 2271 2398 2326 altissimum
2441 2271 2592 2326 hunc
2625 2269 2954 2324 crucifixum
2996 2275 3221 2321 vocant.
3266 2267 3332 2320 Et
3363 2263 3658 2318 Zacharias

2067 2360 2344 2430 propheta
2378 2358 2556 2414 dicit:
2586 2379 2604 2410 ι
2643 2359 2842 2414 Veniet
2877 2357 3144 2412 Dominus
3180 2357 3350 2418 Deus,
3386 2364 3660 2408 etomnes

2068 2452 2245 2507 sancti
2295 2467 2420 2506 eum
2464 2467 2566 2518 eo;
2594 2460 2652 2504 et
2679 2450 2733 2504 in
2766 2450 2856 2505 die
2906 2450 3002 2505 illa
3048 2466 3161 2504 non
3213 2448 3320 2503 erit
3358 2447 3570 2510 lumen,
3600 2455 3662 2519 et

2069 2557 2179 2596 non
2235 2541 2346 2597 erit
2395 2539 2516 2596 dies
2568 2557 2750 2608 neque
2809 2557 2940 2605 nox,
2999 2549 3056 2596 et
3102 2540 3171 2595 ad
3207 2554 3494 2609 vesperam
3552 2537 3659 2591 erit

2070 2633 2282 2700 lumen,
2336 2639 2393 2688 et
2432 2632 2555 2686 dies
2602 2633 2694 2686 illa
2746 2643 2875 2688 nota
2918 2633 3150 2688 Domino
3198 2633 3261 2686 ⁸⁸.
3304 2651 3322 2682 ι
3391 2631 3473 2686 Ab
3522 2631 3661 2684 hora

2069 2725 2221 2781 enim
2267 2732 2418 2780 sexta
2461 2724 2528 2778 ad
2585 2723 2780 2777 horam
2813 2739 3014 2778 nonam
3059 2723 3302 2778 tenebrae
3349 2723 3504 2777 facta:
3535 2730 3663 2774 sunt

2073 2818 2130 2872 in
2162 2817 2478 2872 universam
2501 2823 2726 2870 terram.
2756 2816 3060 2871 Zacharias
3086 2817 3378 2870 Dominum
3407 2824 3459 2869 et
3490 2815 3662 2868 Deum
3721 2828 3726 2833 ·

2073 2907 2402 2966 cruciﬁxum
2431 2908 2750 2980 appellavit.
2776 2906 2932 2974 Quod
2955 2909 3000 2963 si
3027 2908 3216 2962 dicitis
3240 2907 3360 2962 hzec
3383 2906 3450 2961 de
3477 2916 3666 2960 vestro

2073 2997 2271 3054 Messia
2317 2997 2452 3060 dici,
2493 3013 2624 3052 ecce
2669 2997 2893 3054 demum
2930 3006 2981 3052 el
3012 3013 3111 3052 vos
3138 2996 3193 3050 in
3225 2996 3506 3050 hominem
3534 3012 3666 3050 eru-

2076 3089 2412 3161 ciﬁgendum
2461 3099 2524 3146 ut
2564 3089 2972 3145 malefactorem
3005 3089 3266 3158 speratis.
3303 3088 3408 3142 Sed
3439 3104 3547 3141 non
3585 3097 3670 3141 est

1998 3206 2042 3265 ο
2074 3181 2220 3237 alius
2245 3182 2338 3252 qui
2374 3180 2676 3252 praedictus
2709 3189 2793 3235 est
2839 3196 2868 3234 a
2914 3179 3228 3250 prophetis,
3261 3177 3365 3232 nisi
3403 3174 3670 3232 boininus

2074 3283 2268 3328 noster
2309 3273 2472 3328 Iesus
2517 3272 2774 3328 Christus
2835 3271 3010 3326 Filius
3058 3270 3180 3334 Dei,
3229 3269 3325 3338 qui
3384 3267 3672 3322 descendit

2073 3366 2143 3421 de
2183 3364 2362 3427 caelis,
2407 3372 2466 3420 et
2517 3363 2837 3420 incarnatus
2877 3371 2964 3418 est
3001 3362 3068 3417 de
3127 3361 3338 3432 Spiritu
3387 3370 3576 3415 saneto
3603 3375 3670 3414 ex

2075 3456 2245 3512 Maria
2292 3455 2540 3527 Virgine,
2576 3463 2632 3508 et
2679 3455 2798 3508 haec
2845 3469 3040 3524 passus
3079 3462 3164 3508 est
3212 3462 3443 3522 propter
3478 3451 3670 3505 mundi

2075 3549 2341 3613 salutem,
2399 3558 2461 3603 ut
2519 3547 3028 3618 prmnuntiaverant
3081 3546 3150 3600 de
3213 3546 3308 3600 illo
3363 3546 3670 3616 prephetze.

2077 3642 2153 3696 uti
2215 3642 2553 3696 disserentes
2608 3639 2922 3694 testimonia
2981 3637 3051 3693 de
3117 3638 3342 3693 Christo
3416 3647 3474 3692 et
3543 3655 3671 3708 pro-

2078 3733 2295 3804 phetias
2338 3732 2720 3803 produximus.
2755 3732 2822 3786 Et
2854 3731 2922 3785 de
2972 3731 3123 3786 illius
3167 3731 3220 3784 in
3264 3732 3438 3786 oculos
3474 3746 3669 3783 ascen-

2079 3824 2238 3878 sione
2293 3831 2353 3878 et
2395 3823 2644 3878 sessione
2709 3821 2777 3876 ad
2827 3821 3110 3876 dexteram
3163 3822 3286 3886 Dei,
3341 3838 3370 3876 a
3407 3821 3675 3876 Zacharia

2081 3913 2288 3969 dicitur
2321 3931 2334 3968 :
2367 3932 2386 3966 ι
2419 3914 2478 3968 ln
2509 3913 2599 3968 illa
2625 3913 2715 3968 die
2739 3913 2964 3968 stabunt
2990 3913 3158 3982 pedes
3181 3913 3398 3966 Domini
3430 3912 3482 3965 in
3511 3927 3676 3965 mon-

2043 4039 2054 4048 -
2083 4015 2194 4061 tem
2221 4006 2500 4062 Olivarum
2529 4004 2797 4060 adversus
2824 4004 3127 4060 Jerusalem
3147 4004 3214 4058 ad
3241 4002 3523 4058 Orientem
3559 4004 3624 4056 ".
3651 4023 3668 4053 ι

2085 4097 2154 4153 Et
2188 4097 2476 4153 Psalmista
2509 4097 2647 4152 dicit
2681 4114 2694 4152 :
2735 4116 2753 4148 ι
2779 4097 3044 4152 Ascendit
3083 4112 3252 4166 super
3280 4095 3582 4152 Cheruhim
3619 4105 3677 4150 et

2085 4189 2294 4255 volavit
2345 4202 2516 4258 super
2557 4202 2770 4258 pennas
2799 4196 3127 4253 ventorum;
3163 4195 3219 4242 et
3258 4185 3506 4241 ascendit
3533 4186 3681 4240 Deus

2088 4279 2142 4334 in
2181 4295 2315 4334 voce
2363 4279 2511 4334 tuba:
2547 4280 2673 4334 ".4
2721 4279 2828 4333 Et:
2879 4297 2897 4329 ι
2928 4278 3076 4332 Dixit
3125 4277 3394 4332 Dominus
3444 4275 3678 4330 DOlllllll

2089 4386 2212 4424 meo
2243 4387 2258 4422 :
2300 4367 2443 4424 Sede
2477 4384 2506 4422 a
2556 4367 2768 4422 dextris
2801 4367 2942 4422 meis
2990 4368 3056 4434 ⁸⁸,
3088 4387 3106 4419 ι
3141 4375 3197 4422 et
3229 4366 3374 4437 quod
3404 4366 3682 4435 sequitur.

2090 4459 2246 4526 Quod
2277 4469 2463 4514 autem
2498 4457 2752 4514 ascendit
2777 4457 2912 4529 quid
2943 4467 3047 4524 est,
3079 4457 3187 4513 nisi
3217 4457 3363 4528 quod
3395 4455 3684 4512 descendit.

399 4557 759 4628 akalaypt'fm
783 4556 930 4610 καίοι
955 4549 1122 4608 Ε’ίπεν
1141 4553 1170 4606 6
1192 4551 1394 4622 Κύριος
1408 4550 1485 4621 τῷ
1507 4551 1698 4622 Κυρίῳ
1715 4568 1816 4620 μου
1837 4567 1851 4580 ·
1873 4552 1988 4604 Κά-
2013 4541 2066 4601 Ι)
2093 4553 2246 4623 prius
2263 4555 2288 4607 ’ί

402 4654 497 4706 θου
527 4649 794 4714 ὲκδεξιῶν
814 4665 938 4718 μου,
965 4665 984 4698 ι
1016 4646 1186 4698 καὶ-τά
1211 4643 1454 4716 έξῆςκτὸ
1473 4643 1531 4696 δὲ
1555 4641 1725 4714 ἀνέϐη
1744 4642 1796 4695 τί
1813 4645 1983 4708 ἐστιν,

403 4747 450 4798 εἰ
493 4745 566 4810 μὴ
597 4743 680 4795 ὅτι
711 4738 917 4808 κατέϐη
947 4736 1246 4808 πρότερον;

480 4834 672 4902 Ὅμως
697 4830 794 4884 σὺν
824 4829 962 4882 πᾶσι
989 4827 1102 4889 τοῖς
1125 4823 1390 4895 ῥηθεῖσιν,
1421 4820 1482 4874 ού
1509 4820 1816 4892 προφήτας,
1849 4819 1987 4874 ἀλλά

406 4928 500 4980 tul
557 4923 844 4994 μάρτυρας
900 4919 1031 4989 ὑμῖν
1078 4915 1274 4978 ἄλλους
1306 4910 1758 4984 προϐαλλόμεθα,
1788 4911 1988 4974 οἵτινες

410 5011 908 5084 παρηκολούθησαν
937 5010 1038 5078 τὴν
1071 5005 1164 5061 τοῦ
1203 5003 1445 5076 Χριστοῦ
1491 5003 1754 5075 ένσαρκον
1783 5019 1995 5074 παρου-

409 5110 555 5164 σίαν.
593 5106 705 5160 Kal
732 5104 842 5176 γὰρ
884 5105 981 5156 καὶ
1012 5103 1176 5172 ἡμεῖς
1216 5099 1362 5169 ἅπερ
1399 5097 1667 5168 μέλλομεν
1698 5097 1901 5166 λέγειν,
1936 5097 1997 5151 ὲν

409 5197 808 5270 ὑπομνήμασιν
863 5194 1038 5266 ἔχετεο
1083 5192 1131 5244 οί
1171 5189 1282 5260 γὰρ
1326 5189 1562 5260 πατέρες
1592 5189 1746 5258 ὑμῶν
1779 5189 1829 5241 οἱ
1867 5189 1997 5242 τότε

409 5291 530 5345 λίαν
557 5287 907 5360 ἡττηθέντες,
943 5283 1041 5338 καὶ
1077 5283 1178 5352 τὴν
1219 5277 1392 5354 ἧτταν
1431 5281 1513 5342 εἰς
1553 5281 1708 5349 νίκην
1740 5279 1998 5350 ἀνίκητον

407 5382 863 5452 ἀνακαλούμενοι,
887 5377 1180 5431 ἐκέλευσαν
1206 5373 1409 5446 μηδένα
1434 5371 1542 5424 τῶν
1559 5372 1828 5426 Ἰουδαίων
1859 5390 1999 5426 κατ-

409 5481 561 5549 έχειν
617 5475 758 5530 αύτά
789 5471 1087 5542 ἐγγράφως
1127 5465 1198 5520 τὰ
1241 5465 1394 5536 παρά
1435 5463 1530 5517 τοῦ
1577 5464 1816 5535 Χριστοῦ
1857 5481 2001 5535 πραο

411 5567 566 5632 κτέα,
597 5567 631 5638 ἢ
673 5565 810 5629 ὅλως
857 5563 1042 5633 ζητεῖν
1071 5558 1104 5631 ἢ
1135 5553 1558 5626 ἀναγινώσκειν,
1603 5554 1692 5608 ἶνα
1725 5555 1800 5624 μὴ
1830 5556 1862 5626 ὴ
1905 5573 1998 5626 cpi.-

408 5660 638 5717 λοπονία
687 5661 802 5720 τοῖς
842 5655 1058 5717 πολλοῖς
1091 5649 1296 5722 γνῶσιν
1342 5648 1618 5722 παράσχῃ
1651 5645 1767 5702 ἀλλ’
1797 5647 2000 5700 εἰδόσιν

487 5776 531 5807 ’³
564 5773 685 5902 iloel
726 5773 984 5844 11.10,”.
1027 5767 1069 5802 “
1110 5765 1252 5824 Psal.
1295 5781 1436 5825 xcvi.
1477 5765 1528 5819 4.

407 5864 517 5914 δικ,
564 5864 613 5903 ι.

1647 5765 1689 5796 ¹⁸
1728 5762 1955 5818 Zachar.
1999 5781 2105 5829 xiv,
2157 5772 2316 5830 5—7.
2352 5771 2396 5808 ιθ
2439 5773 2572 5828 ibid.
2628 5770 2681 5826 ὅ.

2167 4830 2371 4885 Verum
2399 4828 2467 4884 ad
2513 4828 2631 4884 haec
2663 4844 2786 4898 quae
2815 4825 3079 4890 diximus,
3102 4843 3212 4881 non
3240 4826 3558 4898 pr0phetas,
3583 4824 3688 4880 sed

2095 4920 2234 4974 alios
2254 4920 2412 4974 vobis
2433 4928 2604 4975 testes
2627 4919 2982 4991 proferimus,
3012 4920 3106 4990 qui
3125 4919 3297 4973 secuti
3324 4929 3452 4973 sunt
3475 4917 3688 4972 Christi

2095 5010 2392 5064 adventum
2433 5015 2487 5063 in
2541 5025 2726 5065 carne.
2783 5011 3002 5066 Etenim
3053 5027 3174 5080 quze
3227 5026 3330 5064 nos
3367 5009 3552 5063 dicere
3583 5009 3686 5062 de-

2097 5104 2314 5165 bemus,
2341 5103 2397 5156 in
2417 5103 2832 5157 commentariis
2858 5102 3102 5168 habetis;
3125 5111 3312 5172 patres
3336 5101 3484 5156 enim
3514 5101 3685 5155 vestri

2098 5203 2231 5248 tunc
2279 5195 2506 5247 omnino
2551 5193 2838 5262 prostrati,
2890 5194 2986 5247 scd
3036 5194 3247 5247 cladem
3283 5193 3338 5246 in
3393 5193 3687 5246 victoriam

2101 5283 2364 5338 invictam
2419 5293 2635 5338 mutare
2685 5286 2997 5354 cupientes,
3043 5286 3326 5356 jusserunt
3367 5284 3688 5340 Judaeorum

2100 5377 2376 5430 neminem
2431 5376 2750 5447 conscripta
2802 5377 3006 5432 habere
3061 5393 3092 5430 a
3130 5376 3353 5432 Christo
3385 5386 3561 5448 gesta,
3593 5388 3686 5430 aut

2099 5468 2328 5522 omnino
2373 5482 2623 5536 quaerere
2658 5468 2744 5522 vel
2797 5469 2998 5538 legere,
3052 5483 3122 5522 ne
3171 5468 3456 5538 diligentia
3498 5467 3688 5522 multis

2099 5559 2354 5614 notitiam
2384 5558 2628 5612 afferret.
2659 5559 2858 5614 Verum
2901 5559 3208 5613 scientibus
3247 5558 3404 5612 vobis
3453 5557 3570 5612 haec
3600 5556 3688 5610 di-

2100 5651 2297 5715 cimus,
2340 5651 2592 5720 qu'amvis
2638 5652 2918 5705 occultare.
2957 5650 3249 5704 veritatem
3283 5649 3352 5702 de
3390 5664 3541 5702 more
3590 5665 3687 5702 co-

2800 5768 3021 5825 ”Psal.
3076 5783 3212 5837 xvtt,
3279 5769 3362 5825 Η.
3474 5767 3519 5802 ⁸⁸
3549 5767 3697 5823 Psa‘.
