4098 6430
520 330 653 393 1247

1725 342 1784 401 S.
1829 341 2232 403 ANASTASII
2273 343 2339 404 SI
2352 343 2603 404 ΝΑΙΤιΕ

3656 346 3775 415 1248

510 442 741 511 gamini.
792 444 990 501 Nonne
1021 463 1047 502 e
1092 448 1319 506 Perside
1352 452 1406 505 in
1440 452 1784 507 Palmstinam
1817 454 2108 510 devenisse

2213 458 2341 527 ὑμῖν
2383 455 2555 510 ταῦτα
2601 456 2854 527 λέγομεν,
2890 458 2996 510 κᾶν
3020 455 3245 528 κρύϐειν
3276 456 3373 528 τὴν
3397 457 3654 526 ἀλήθειαν
3682 463 3777 517 ὑπὸ

512 534 698 605 Magos
742 536 1036 596 audivistis
1063 540 1255 597 divino
1282 543 1457 599 stellze
1493 546 1723 599 oraculo
1757 545 1977 610 ductos,
2010 546 2107 616 qui

512 627 793 684 Christum
821 630 1121 691 adorantes
1150 636 1296 692 dona
1342 637 1725 708 protulerunt?
1748 653 1874 692 cum
1901 638 2109 709 quibus

516 719 683 774 vestri
730 723 1086 779 sacerdotum
1120 728 1404 799 principes
1445 729 1515 784 ab
1553 729 1769 785 Herode
1805 738 1939 785 tunc
1976 747 2106 803 rege

514 810 841 884 interrogati
869 835 881 869 :
920 817 1117 883 Dicite,
1153 820 1247 874 ubi
1280 819 1536 876 Christus
1562 821 1844 877 nascitur?
1871 837 2104 892 respon-

515 902 754 958 derunt:
791 906 1165 963 ln'Betltlcem
1191 910 1416 966 civitate
1453 910 1677 979 ludam,
1724 920 1786 966 ut
1817 913 2107 983 prophetat

514 1000 736 1068 dicunt;
792 1001 866 1057 ita
921 1013 984 1058 ut
1040 1003 1307 1070 Herodes,
1366 1004 1574 1059 invidia
1615 1005 1896 1060 nascentis
1932 1005 2103 1075 regis,

516 1103 727 1148 tantum
785 1111 1086 1165 puerorum
1142 1096 1481 1150 occisionem
1548 1096 1798 1167 jusserit.
1859 1096 2105 1152 Joannes

516 1184 760 1255 Baptista
802 1203 987 1243 nonne
1030 1203 1099 1242 ex
1136 1188 1342 1244 Iudaeis
1379 1187 1593 1243 oritur?
1646 1189 1715 1243 ad
1770 1204 1937 1259 quem
1969 1197 2104 1244 tunc

515 1279 789 1332 miserunt
831 1279 1002 1333 vestri
1040 1288 1223 1349 patres
1270 1281 1678 1352 interrogantes
1734 1290 1926 1336 utrum
1959 1293 2105 1337 esset

514 1367 786 1431 Christus,
814 1381 869 1426 et
895 1371 1036 1426 dixit
1063 1388 1078 1425 :
1110 1389 1129 1423 ι
1165 1372 1284 1427 Non
1310 1389 1433 1427 sum
1453 1388 1588 1444 ego;
1632 1393 1650 1426 ι
1679 1374 1775 1427 sed
1807 1373 2109 1430 ostendens

516 1459 624 1512 illis
654 1459 938 1515 Christum
979 1461 1117 1517 dixit
1145 1480 1159 1516 :
1199 1481 1217 1514 ι
1248 1461 1349 1519 llic
1385 1471 1472 1518 est
1501 1479 1676 1533 agnus
1710 1464 1807 1518 Dei
1839 1464 1935 1534 qui
1964 1464 2110 1519 tollit

514 1560 802 1619 peccatum
842 1552 1035 1607 mundi
1081 1555 1147 1607 ι’.
1184 1572 1202 1605 ν

2217 547 2318 617 τῆς
2345 549 2635 617 συνηθείας
2665 548 3067 617 όναγκάζεσθε’
3110 550 3239 612 τοὺς
3265 549 3372 602 ἀπὸ
3412 550 3511 620 τῆς
3541 553 3779 623 Περσίδος

2217 637 2311 690 ἐπὶ
2343 639 2442 707 τὴν
2477 639 2846 710 Παλαιστίνην
2874 642 3221 713 περάσαντας
3253 641 3474 711 Μάγους
3499 641 3595 695 οὐκ
3634 645 3780 711 ὴκιύ-

2218 746 2346 783 σατε
2372 732 2437 783 ὲκ
2462 729 2615 793 θείας
2645 732 2999 803 χρησμῳδίας
3031 733 3169 802 μετά
3207 732 3439 802 ἀστέρος
3476 735 3781 804 ἀγομένους,

2214 822 2267 875 οἳ
2315 821 2394 893 τῷ
2442 821 2664 895 Χριστῷ
2704 824 3184 894 προσκυνήσαντες
3224 823 3372 894 δῶρα
3418 827 3780 897 προσήγαγον;

2221 914 2343 984 μεθ’
2374 909 2448 971 ὧν
2501 914 2553 968 oi
2597 915 2719 968 τότε
2766 915 2921 987 ὑμῶν
2957 918 3235 987 ἀρχιερεῖς
3290 916 3370 986 τῷ
3425 917 3549 970 τότε
3595 916 3785 988 βασιλεῖ

2228 1004 2444 1078 Ἡρώδῃ
2470 1006 2848 1076 συντυχόντες,
2880 1004 3026 1061 εἴπεο
3059 1006 3168 1060 Ποῦ
3207 1008 3235 1060 6
3258 1006 3499 1077 Χριστὸς
3523 1010 3784 1074 γεννᾶται;

2217 1097 2310 1150 καὶ
2330 1092 2483 1151 εἶπον
2514 1100 2693 1170 αὐτῷ*
2720 1100 2809 1153 Ἐν
2832 1097 3084 1170 Βηθλεὲμ
3110 1100 3177 1169 τῇ
3205 1096 3359 1151 πόλει
3394 1098 3496 1167 τῆς
3525 1096 3783 1165 Ἰουδαίας,

2215 1187 2398 1252 καθὼς
2425 1190 2476 1243 οἱ
2499 1192 2780 1264 προφῆται
2807 1189 3058 1258 λέγουσιν
3084 1207 3097 1220 ο
3134 1188 3208 1244 ὡς
3231 1188 3323 1242 καὶ
3356 1188 3677 1259 ζηλώσαντα
3705 1191 3785 1246 τὸν

2228 1279 2480 1351 Ἡρώδην
2531 1280 2630 1353 τὴν
2670 1284 3008 1351 ἀναφυεῐσαν
3058 1278 3362 1351 βασιλείαν,
3400 1279 3505 1350 τὴν
3536 1279 3786 1350 τοσαύτην

2217 1373 2618 1444 παιδοσφαγίαν
2678 1374 3034 1447 ποιήσασθαι.
3111 1374 3367 1444 Ἰωάννης
3417 1373 3447 1426 6
3498 1374 3787 1446 Βαπτιστὴς

2215 1466 2317 1520 οὐκ
2360 1460 2420 1533 ἐξ
2462 1467 2732 1522 Ἰουδαίων
2772 1468 3106 1535 κατάγεται;
3154 1465 3291 1537 πρὸς
3350 1463 3413 1517 ὃν
3457 1465 3788 1520 ἀπέσταλκαν

2216 1558 2339 1611 τότε
2365 1561 2415 1614 οί
2447 1560 2685 1630 πατέρες
2708 1559 2863 1629 ὑμῶν
2889 1558 3203 1629 ἐρωτῶντες
3223 1559 3271 1611 εί
3301 1556 3471 1619 αὐτὸς
3497 1558 3526 1609 6
3552 1556 3786 1625 Χριστὸς,

516 1645 606 1698 καὶ
644 1642 811 1700 εἶπεν
857 1667 876 1698 ι
910 1649 1024 1702 Ούκ
1056 1650 1174 1718 εἰμὶ
1206 1648 1335 1719 ἐγώ·
1362 1669 1380 1703 ι
1416 1650 1553 1704 ἀλλὰ
1587 1651 1769 1717 δείξας
1796 1651 1985 1715 αὐτοῖς
2013 1651 2105 1704 τὸν
2140 1650 2376 1722 Χριστὸν
2406 1646 2562 1705 εἶπεν
2590 1667 2605 1682 ⁸
2639 1671 2657 1703 ι
2714 1646 2884 1716 Οὗτός
2950 1653 3097 1704 ἐστιν
3152 1650 3180 1703 6
3228 1648 3405 1720 ἀμνὸς
3480 1646 3574 1701 τοῦ
3615 1647 3789 1701 Θεοῦὸ

514 1740 688 1809 αἴρων
720 1743 816 1812 τὴν
852 1743 1127 1812 ἁμαρτίαν
1160 1742 1253 1795 τοῦ
1283 1744 1514 1814 κόσμου.
1554 1766 1571 1798 ι

586 1832 859 1888 Prmterea
888 1833 1222 1891 Nicodemus
1271 1837 1530 1908 princeps
1566 1847 1773 1905 vester,
1809 1846 1865 1895 et
1900 1839 2104 1895 Natha-

2282 1836 2489 1891 Λοιπὸν
2524 1837 2838 1908 Νικόδημος
2868 1840 2896 1892 6
2928 1838 3115 1907 ἄρχων
3138 1835 3318 1908 ὑμῶν,
3354 1838 3451 1890 καὶ
3492 1834 3791 1904 Ναθαναὴλν

515 1925 660 1988 nacl,
692 1934 747 1978 et
775 1925 979 1995 Joseph
1020 1926 1090 1981 ab
1115 1926 1470 1992 Arimathaca,
1507 1938 1563 1985 et
1600 1931 1757 1987 Bizcs
1776 1940 1834 1987 et
1870 1932 2107 1988 Alexan-

514 2016 633 2081 der,
667 2017 939 2088 qtii‘cum
995 2018 1114 2088 ipso
1140 2020 1508 2076 comederunt
1538 2023 1594 2077 in
1625 2023 1834 2094 nuptiis
1865 2023 2108 2080 Simonis

513 2108 747 2175 Galilaai,
799 2125 925 2165 cum
970 2125 1171 2180 aquam
1219 2112 1277 2166 in
1310 2114 1502 2168 vinum
1545 2116 1810 2182 mutavit;
1857 2116 2109 2173 seniores

512 2204 608 2272 qui
658 2214 718 2258 ut
756 2205 918 2277 legati
954 2222 986 2261 a
1030 2206 1363 2262 centurione
1398 2206 1551 2262 missi
1577 2218 1707 2263 sunt
1738 2218 1965 2281 propter
1988 2210 2110 2282 ejus

515 2296 687 2351 lilium
737 2298 1092 2368 deprecaturi
1148 2317 1252 2372 pro
1306 2301 1467 2357 istius
1527 2304 1741 2368 salute;
1774 2303 1985 2374 Dignus
2023 2312 2110 2360 est

511 2391 683 2456 enim,
733 2391 1015 2459 dicebant,
1053 2395 1148 2466 qui
1178 2396 1286 2452 hoc
1313 2397 1615 2468 praestabit,
1646 2413 1771 2453 nam
1801 2409 1947 2455 amat
1974 2414 2110 2469 gen-

515 2492 649 2548 tem,
702 2494 760 2540 ct
821 2502 1154 2559 synagogam
1203 2491 1323 2560 ipse
1373 2490 1671 2547 aediﬁcavit
1726 2492 1917 2560 nobis;
1974 2494 2109 2549 item

514 2575 700 2645 regius
748 2576 851 2631 iste
904 2580 1204 2648 proconsul
1261 2579 1436 2635 frater
1481 2582 1616 2638 Jairi
1665 2584 2106 2657 archisynagogi,

512 2668 674 2736 cujus
731 2666 905 2722 tilium
954 2685 1150 2726 sanum
1223 2672 1375 2738 fecit,
1436 2674 1602 2730 istius
1646 2691 1870 2746 quoque
1926 2677 2109 2733 Jairus

515 2756 687 2811 frater
749 2757 1083 2829 deprecatus
1132 2762 1312 2828 illum,
1368 2764 1464 2835 qui
1520 2764 1688 2820 ﬁliam
1744 2766 2032 2822 suscitavit
2077 2783 2108 2821 e

514 2852 787 2917 mortuis;
845 2851 1085 2924 Caiphas
1139 2863 1276 2912 tunc
1323 2865 1510 2913 vester
1549 2874 1801 2914 summus
1855 2860 2107 2915 Pontifex

512 2939 610 3009 qui
665 2942 997 2998 consulebat
1027 2961 1197 2999 unum
1230 2946 1511 3002 hominem
1547 2949 1713 3015 mori,
1744 2965 1813 3005 ne
1850 2949 2110 3004 universa

511 3046 652 3100 gens
705 3034 949 3102 periret;
984 3037 1141 3107 pueri
1175 3039 1346 3094 vestri
1400 3040 1706 3096 clamantes
1741 3057 1757 3095 :
1797 3060 1815 3092 ε
1849 3041 2109 3096 Hosanna

513 3121 656 3177 Filio
706 3123 899 3189 David,
940 3126 1290 3191 benedictus,
1323 3130 1419 3200 qui
1473 3132 1627 3186 venit
1661 3133 1715 3186 in
1746 3134 1968 3188 nomine
1997 3133 2103 3187 Do-

2211 1934 2305 1988 καὶ
2340 1932 2537 2005 Ἰωσὴφ
2558 1935 2586 1986 6
2614 1933 2711 1987 ἀπ’
2748 1932 3092 2002 Ἀριμαθίας,
3121 1931 3217 1983 καὶ
3253 1930 3423 2001 Βιζῆς
3463 1930 3558 1983 καὶ
3583 1927 3793 1995 ὀἈλέξ-

2216 2026 2434 2095 ανδρος,
2476 2024 2527 2077 οἳ
2584 2026 2681 2078 καὶ
2716 2025 3022 2094 συνέφαγον
3050 2021 3199 2092 αύτῷ
3230 2023 3293 2074 ὲν
3327 2020 3409 2093 τῷ
3438 2021 3603 2092 γάμῳ
3628 2020 3793 2090 Σίμω·

2211 2135 2301 2182 νος
2338 2116 2433 2171 τοῦ
2460 2117 2769 2183 Γαλιλαίου,
2798 2119 2854 2170 ἐν
2882 2111 2928 2185 ᾧ
2969 2117 3062 2169 καὶ
3096 2115 3156 2168 τὺ
3188 2114 3339 2186 ὕδωρ
3373 2116 3455 2179 εἰς
3489 2109 3631 2168 οἶνον
3672 2128 3791 2184 μετ-

2211 2210 2445 2265 έϐαλεν·
2517 2212 2563 2262 οἱ
2594 2208 2959 2281 πρεσϐύτεροι
3005 2209 3056 2262 οί
3105 2209 3200 2262 ἐπὶ
3247 2207 3553 2279 πρεσϐείαν
3591 2207 3677 2260 διά
3708 2206 3792 2259 τὸν

2212 2304 2380 2357 παῖδα
2410 2302 2504 2356 τοῦ
2539 2302 2942 2375 ἑκατοντάρχου
2982 2300 3075 2355 ὑπ’
3105 2299 3272 2354 αὑτοῦ
3324 2292 3618 2363 σταλέντες
3645 2296 3789 2352 σκυλ-

2210 2394 2368 2466 λῆναι
2397 2393 2562 2447 αὐτὸν
2577 2394 2666 2447 διὰ
2688 2395 2786 2465 τὴν
2811 2392 3088 2463 σωτηρίαν
3109 2391 3297 2455 αὑτοῦ,
3327 2392 3516 2458 Ἄξιος
3531 2393 3640 2462 γάρ
3664 2392 3787 2452 ἐστι.

2212 2482 2400 2553 φασὶν,
2437 2482 2465 2536 ὃ
2518 2482 2746 2554 παρέξει
2801 2482 2996 2544 τοῦτο,
3027 2481 3221 2551 ἀγαπᾷ
3256 2479 3370 2551 γὰρ
3409 2481 3470 2533 τὸ
3515 2480 3662 2543 ἔθνος
3706 2480 3787 2532 καὶ

2209 2575 2309 2647 τὴν
2337 2576 2658 2646 συναγωγὴν
2685 2574 2847 2638 αὐτὸς
2876 2573 3230 2646 ᾠκοδόμησεν
3259 2571 3419 2642 ύμῖν⁹
3471 2570 3501 2621 6
3528 2570 3787 2642 βασιλικὸς

2210 2668 2239 2719 6
2277 2667 2589 2729 ἀνθύπατος
2626 2665 2656 2718 6
2686 2663 2915 2734 ἀδελφὸς
2953 2662 3186 2735 Ἰαείρου
3227 2662 3324 2716 τοῦ
3349 2660 3783 2732 ἀρχισυναγώγου

2211 2752 2272 2812 οὗ
2302 2758 2393 2812 τὸν
2423 2757 2542 2810 υἱὸν
2573 2757 2701 2825 ὑγιῆ
2737 2755 2986 2825 ἐποίησε,
3016 2757 3044 2808 6
3081 2756 3275 2809 τούτου
3307 2752 3541 2822 ἀδελφὸς
3580 2753 3785 2818 Ἰάειρος

2211 2847 2604 2918 παρακαλέσας
2641 2845 2805 2899 αὑτὸν
2864 2846 2959 2900 καὶ
3000 2846 3101 2918 τὴν
3154 2844 3440 2917 θυγατέρα
3489 2845 3701 2916 ἧγειρεν
3729 2844 3783 2896 ὲκ

2214 2940 2444 3010 νεκρῶν·
2487 2939 2748 3007 Καϊάφας
2778 2940 2806 2992 ὀ
2830 2939 2951 2992 τότε
2991 2939 3288 3009 ἀρχιερεὺς
3324 2937 3482 3008 ὑμῶν
3510 2939 3537 2990 6
3568 2934 3783 3006 συμϐου-

2213 3032 2412 3095 λεύσας
2460 3030 2558 3084 ἕνα
2607 3030 2900 3101 ἄνθρωπον
2952 3029 3249 3084 ἀποθανεῖν
3305 3028 3406 3083 καὶ
3453 3027 3529 3100 μὴ
3581 3027 3695 3081 ὅλον
3729 3024 3781 3078 τδ

2214 3122 2363 3186 ἔθνος
2398 3122 2716 3177 ἀπολέσθαι·
2763 3119 2820 3177 οἱ
2848 3121 3034 3182 παῖδες
3065 3119 3221 3190 ὑμῶν
3249 3121 3300 3172 oi
3328 3119 3455 3173 τότε
3484 3118 3779 3191 βοήσαντες,

515 3212 674 3277 mini,
723 3229 817 3269 rex
853 3215 1017 3271 Israel
1048 3218 1126 3284 ¹⁰;
1163 3238 1179 3269 ι
1221 3218 1393 3275 Judas
1424 3221 1738 3291 discipulus
1777 3224 1864 3278 cui
1901 3232 2106 3279 statuta

2221 3233 2239 3263 ι
2277 3213 2507 3266 Ὡσαννά
2530 3212 2606 3283 τῷ
2640 3212 2744 3281 υίῷ
2760 3212 2947 3276 Δαϐὶδ,
2974 3210 3347 3281 εὐλογημένος
3380 3212 3409 3263 6
3428 3210 3709 3281 ἐρχόμενος
3733 3208 3781 3259 ἐν

513 3312 647 3359 sunt
702 3307 929 3377 triginta
977 3322 1236 3381 argentea
1290 3322 1353 3367 ut
1405 3313 1560 3368 illum
1611 3316 1773 3372 vobis
1826 3318 2107 3383 traderet;

515 3395 723 3452 milites
763 3399 970 3469 quibus
1014 3401 1250 3459 dedistis
1291 3421 1572 3469 nummos,
1616 3415 1678 3461 ut
1731 3407 1984 3464 dicerent
2012 3425 2107 3464 ve-

514 3489 664 3544 nisse
687 3491 994 3562 discipulos
1024 3496 1170 3549 illius
1210 3507 1372 3551 nocte
1409 3510 1467 3553 et
1497 3500 1691 3557 tulisse
1733 3500 1910 3568 illum,
1947 3503 2110 3557 nobis

515 3581 970 3653 dormientibus;
1017 3586 1292 3657 Josrpims
1339 3591 1579 3660 scriptor
1617 3601 1824 3651 vester.
1878 3594 1972 3664 qui
2040 3595 2109 3649 de

513 3674 738 3730 Christo
785 3676 945 3738 dixit.
979 3679 1160 3734 virum
1184 3684 1394 3751 justum
1426 3693 1486 3739 et
1524 3685 1729 3739 bonum
1763 3685 1948 3741 divina
1981 3702 2108 3759 gra-

516 3768 591 3822 tia
632 3769 969 3826 declaratum
1005 3788 1151 3838 esse,
1203 3774 1375 3845 signis
1401 3785 1459 3831 et
1489 3777 1777 3833 miraculis
1808 3778 1861 3833 in
1905 3782 2111 3835 multos

516 3858 982 3917 bene-facientem.
1011 3862 1202 3933 Cujus,
1231 3865 1539 3920 secundum
1574 3868 1926 3937 prophetam,
1967 3869 2111 3924 divi-

516 3961 709 4005 serunt
733 3955 1061 4010 vestimenta
1088 3965 1145 4009 et
1174 3964 1382 4012 sortem
1406 3958 1709 4015 miserunt?
1733 3962 1892 4032 cujus
1914 3978 2110 4017 manus

514 4050 572 4095 et
615 4040 784 4110 pedes
829 4042 1124 4099 foderunt?
1175 4044 1349 4112 Quem
1405 4058 1563 4102 aceto
1617 4058 1676 4105 et
1715 4050 1843 4106 felle
1879 4063 2108 4122 potave-

516 4142 649 4187 runt
702 4135 760 4189 in
818 4135 908 4190 siti
962 4136 1113 4193 illius
1159 4139 1231 4196 de
1277 4156 1444 4197 cruce
1496 4141 1832 4212 pendentis?

587 4399 665 4454 De
701 4415 813 4469 quo
837 4399 978 4455 dixit
1002 4400 1218 4473 Moyses
1252 4421 1266 4458 :
1305 4421 1324 4455 ‹
1360 4402 1637 4461 Videbitis
1665 4405 1837 4462 vitam
1869 4416 2109 4464 vestram

517 4502 646 4546 ante
678 4500 892 4548 vestros
923 4495 1119 4551 oculos
1148 4496 1506 4566 pendentem,
1538 4506 1596 4553 et
1632 4514 1744 4554 non
1778 4500 2058 4557 credetis?
2083 4521 2101 4554 ι

517 4583 654 4638 Nam
693 4584 737 4638 si
771 4585 1075 4642 crederetis
1096 4588 1286 4661 Moysi,
1316 4591 1628 4647 crederetis
1653 4591 1823 4647 etiam
1851 4593 2101 4650 Christo.

519 4673 747 4739 Verum,
800 4675 947 4731 sicut
999 4692 1111 4732 non
1166 4679 1468 4735 voluerunt
1502 4680 1580 4736 illi
1629 4682 1956 4739 obedientes
1985 4684 2106 4740 ﬁeri

515 4775 703 4836 patres
725 4768 917 4834 vestri,
942 4769 1039 4826 sed
1070 4772 1395 4842 repulerunt
1415 4783 1472 4829 ct
1492 4776 1746 4832 conversi
1778 4785 1913 4832 sunt
1939 4779 2108 4835 corde

452 4872 455 4875 λ
515 4876 618 4915 suo
662 4861 718 4915 in
744 4860 1062 4934 Egyptum,
1099 4865 1350 4923 dicentes
1383 4868 1606 4923 Aaron:
1646 4868 1756 4924 Fac
1789 4870 1954 4925 nobis
1975 4871 2108 4926 deos

515 4954 611 5024 qui
642 4957 959 5026 praecedant
984 4973 1117 5021 nos;
1149 4959 1319 5031 Moysi
1347 4960 1496 5015 enim
1535 4961 1629 5016 isti
1655 4963 1751 5031 qui
1787 4963 1979 5018 eduxit
2007 4978 2112 5018 nos

515 5063 549 5102 e
591 5055 735 5104 terra
780 5048 1020 5122 Egypti,
1049 5054 1326 5107 nescimus
1355 5053 1489 5123 quid
1538 5054 1841 5122 acciderit;
1868 5065 1924 5112 et
1964 5057 2111 5112 fece-

518 5150 650 5193 runt
676 5142 910 5195 vitulum
962 5142 1018 5196 in
1059 5143 1258 5199 diebus
1311 5145 1425 5199 illis
1463 5155 1520 5199 et
1546 5145 1909 5206 adduxerunt
1932 5148 2109 5203 sacri-

519 5229 641 5284 ﬁcia
684 5231 850 5293 idolo.
887 5243 946 5288 et
990 5236 1156 5290 ltelati
1210 5245 1342 5292 sunt
1401 5237 1455 5291 in
1513 5239 1781 5308 operibus
1840 5257 2105 5295 manuum

517 5334 765 5375 suarum.
818 5324 945 5379 Illos
989 5314 1175 5381 autem
1222 5329 1391 5383 vertit
1440 5328 1589 5383 Deus
1621 5338 1681 5384 et
1727 5330 1957 5386 tradidit
1985 5332 2107 5386 illos

519 5421 579 5465 ut
616 5414 892 5471 servirent
935 5417 1147 5475 militiae
1201 5422 1329 5475 οωιί
1380 5422 1463 5488 ";
1501 5428 1563 5476 ut
1605 5422 1873 5493 scriptum
1908 5432 1997 5479 est
2049 5424 2105 5479 in

518 5500 665 5556 libro
690 5503 1092 5574 Prophetarum
1123 5528 1138 5565 :
1176 5531 1195 5562 ι
1231 5511 1353 5567 Νοη
1382 5512 1792 5568 immolationes
1823 5522 1880 5568 et
1934 5514 2108 5568 sacri-

518 5591 645 5650 ﬁcia
675 5597 956 5656 obtulistis
984 5602 1117 5656 mihi
1164 5604 1327 5660 annis
1352 5604 1720 5677 quadraginta
1769 5606 1823 5663 in
1862 5606 2103 5672 deserto,

2211 3306 2437 3375 ὀνόματι
2469 3304 2675 3376 Κυρίου
2714 3303 2968 3374 βασιλεὺς
3002 3302 3099 3356 τοῦ
3148 3302 3428 3374 Ἰσραήλ.»
3475 3302 3532 3356 Ὀ
3557 3298 3780 3372 μαθητὴς

2225 3397 2425 3460 Ἰούδας
2467 3398 2526 3460 ὃς
2557 3399 2828 3468 ἐστήσατο
2868 3396 3166 3467 τριάκοντα
3212 3397 3462 3467 ἀργύρια
3503 3395 3588 3447 ἴνα
3637 3389 3778 3445 αὐτὸν

2212 3489 2531 3560 παραδώσει
2562 3490 2714 3557 ύμῖν·
2764 3488 2813 3541 οἱ
2846 3487 3179 3558 στρατιῶται
3213 3481 3298 3550 οἷς
3325 3488 3566 3541 ἐδώκατε
3596 3485 3659 3539 τὰ
3687 3483 3777 3551 ἀρ-

2210 3582 2377 3652 γύρια
2410 3580 2552 3634 ὥστε
2598 3582 2775 3633 εἰπεῖν
2800 3580 2883 3633 ὅτι
2919 3580 2983 3633 Οἱ
3018 3577 3262 3649 μαθηταὶ
3300 3577 3469 3632 αὑτοῦ
3499 3573 3680 3635 νυκτὸς
3701 3571 3776 3625 ὲλ·

2212 3674 2396 3736 θόντες
2432 3672 2669 3741 ἔκλεψαν
2710 3672 2873 3725 αὑτὸν
2904 3671 3062 3742 ἡμῶν
3109 3671 3506 3743 κοιμωμένων⁶
3543 3667 3776 3737 Ἰώσηπος

2211 3767 2240 3819 6
2279 3763 2637 3834 συγγραφεὺς
2677 3762 2831 3833 ὑμῶν
2855 3761 2914 3825 ὃς
2944 3762 3135 3832 εἴρηκε
3169 3761 3299 3831 περὶ
3335 3758 3574 3833 Χριστοῦ
3604 3757 3773 3823 λέγων,

2211 3858 2407 3928 ἀνδρὸς
2447 3858 2659 3910 δικαίου
2714 3855 2809 3908 καὶ
2858 3854 3068 3924 ἀγαθοῦ
3102 3856 3166 3908 ὲκ
3208 3854 3366 3919 θείας
3414 3854 3628 3925 χάριτος
3664 3849 3773 3900 ἀνα-

2210 3949 2538 4021 δειχθέντος,
2570 3947 2821 4019 σημείοις
2853 3947 2949 3999 καὶ
2976 3946 3203 4016 τέρασιν
3224 3942 3637 4016 εὐεργετοῦντος
3663 3935 3772 3990 πολ·

2210 4042 2357 4106 λούς.
2381 4041 2538 4104 Τίνος
2569 4039 2712 4093 κατά
2739 4040 2833 4091 τὸν
2865 4040 3152 4109 προφήτην
3183 4037 3562 4108 διεμερίσαντο
3583 4034 3643 4086 τὰ
3666 4028 3773 4099 ίμάο

2211 4156 2299 4193 τια
2327 4139 2421 4192 καί
2451 4135 2642 4189 ἔϐαλον
2672 4136 2907 4207 κλῆρονς
2938 4134 3085 4198 τίνος
3117 4136 3309 4205 χεῖρας
3342 4133 3438 4188 καὶ
3468 4129 3627 4193 πόδας
3651 4124 3772 4224 (ppu:

2213 4230 2309 4296 ξαν
2327 4230 2475 4297 ;τίνα
2502 4230 2623 4296 ὅξος
2646 4229 2744 4283 καὶ
2760 4227 2920 4299 χολὴν
2938 4228 3092 4281 ὲπότι
3103 4245 3202 4283 σαν
3227 4229 3307 4292 εἰς
3333 4228 3433 4298 τὴν
3452 4224 3604 4295 δίψαν
3629 4219 3769 4274 αὐτοῦ

2211 4324 2305 4377 ἐπὶ
2336 4322 2574 4394 σταυροῦ
2610 4320 2997 4392 κρεμαμένου;

2283 4415 2420 4486 Περὶ
2444 4415 2588 4478 τίνος
2615 4413 2671 4467 δὲ
2691 4406 2813 4466 εἷπε
2836 4411 3079 4482 Μωῦσῆς
3102 4412 3187 4467 ὅτι
3215 4430 3234 4465 ι
3259 4411 3497 4497 Ὄψεσθε
3531 4408 3621 4480 τὴν
3645 4400 3766 4497 ζωὴν

2216 4506 2369 4579 ὑμῶν
2401 4505 2757 4578 κρεμαμένην
2808 4504 3074 4559 ἀπέναντι
3124 4503 3234 4558 τῶν
3289 4493 3582 4573 ὀφθαλμῶν
3607 4493 3757 4568 ὑμῶν.

2213 4600 2306 4653 καὶ
2334 4599 2394 4652 ού
2429 4599 2504 4668 μὴ
2534 4595 2893 4661 mandans;
2928 4615 2946 4649 ι
2977 4595 3121 4650 ὥστε
3152 4597 3202 4650 εἱ
3223 4596 3539 4651 ἐπιστεύετε
3561 4586 3761 4654 Μωῦσῇ,

2206 4689 2528 4743 ἐπιστεύετε
2564 4686 2630 4740 ἂν
2668 4687 2765 4741 καὶ
2804 4685 2884 4756 τῷ
2910 4685 3154 4757 Χριστῷ-
3188 4686 3305 4740 ἀλλ’
3337 4687 3523 4755 ὥσπερ
3545 4682 3637 4735 οὐκ
3661 4673 3765 4745 ἠθέ-

2204 4780 2376 4849 λησαν
2399 4776 2551 4846 αύτῷ
2574 4776 2809 4846 ὑπήκοοι
2840 4776 3096 4845 γενέσθαι
3124 4778 3176 4830 oi
3203 4777 3441 4848 πατέρες
3463 4771 3627 4846 ὑμῶν,
3649 4762 3762 4821 ἀλλά

2208 4871 2502 4924 ἀπώσαντο
2532 4868 2628 4923 καὶ
2657 4868 3095 4941 ἀπεστράφησαν
3145 4871 3213 4940 τῇ
3271 4867 3471 4939 καρδίᾳ
3500 4859 3667 4919 αὐτῶν
3694 4855 3761 4916 είς

2210 4966 2505 5032 Αἴγυπτον,
2541 4961 2790 5024 εἰπόντες
2817 4960 2897 5030 τῷ
2931 4960 3162 5032 Ἀαρὼν,
3199 4961 3435 5029 Ποίησον
3468 4958 3592 5027 ἡμῖν
3628 4948 3755 5007 θεοὺς

2211 5056 2261 5109 οἳ
2310 5051 2786 5123 προπορεύσονται
2840 5051 3001 5122 ἡμῶν
3025 5068 3038 5081 ’
3091 5051 3120 5104 6
3149 5053 3260 5122 γάρ
3294 5050 3525 5119 Miami;
3553 5036 3688 5101 οὗτος
3707 5034 3756 5096 ὃς

2207 5148 2480 5217 ἐξήγαγεν
2509 5144 2653 5214 ἡμᾶς
2678 5144 2743 5196 ὲκ
2771 5143 2876 5213 γῆς
2904 5141 3207 5210 Αἰγύπτου.
3229 5143 3329 5195 οὐκ
3357 5140 3567 5209 οἴδαμεν
3598 5131 3647 5185 τί
3677 5124 3752 5195 γέ·

2209 5255 2366 5307 γονεν
2415 5235 2585 5307 αὐτῷ·
2644 5234 2738 5288 καὶ
2798 5234 3239 5314 ἐμοσχοποίησαν
3299 5236 3358 5286 ὲν
3411 5230 3528 5291 ταῖς
3552 5218 3753 5322 ἡμέραξεῖ

2208 5330 2473 5391 ἐκείναιςτ
2517 5325 2615 5380 καὶ
2654 5326 2932 5395 ἀνήγαγον
2961 5311 3154 5378 θυσίαν
3189 5324 3268 5396 τῷ
3309 5320 3526 5390 εἰδώλῳ,
3557 5312 3640 5368 και
3678 5311 3749 5396 εο-

2217 5421 2508 5493 φραίνοντο
2539 5420 2597 5471 ὲν
2618 5420 2728 5480 τοῖς
2748 5394 2933 5487 ἔργοις
2963 5416 3069 5470 τῶν
3095 5394 3298 5489 χειρῶν
3323 5414 3518 5471 αὐτῶν·
3549 5394 3744 5471 έστρεψ6

2214 5512 2272 5565 δὲ
2304 5513 2333 5565 6
2361 5511 2493 5574 Θεὸς
2514 5508 2611 5563 καὶ
2647 5509 2965 5578 παρέδωκεν
2999 5506 3197 5571 αὐτοὺς
3227 5505 3503 5578 λατρεύειν
3520 5499 3582 5566 τῆ

2213 5606 2306 5677 τιᾷ
2333 5603 2429 5659 τοῦ
2453 5599 2705 5674 ούρανοῦο
2738 5600 2921 5675 καθὼς
2954 5601 3266 5671 γέγραπται
3302 5602 3359 5657 ἐν
3386 5600 3450 5670 τῇ
3479 5590 3632 5667 βίδλῳ
3654 5588 3746 5635 των

604 5776 827 5856 ιοιοεω.
858 5794 906 5851 γι,
950 5778 1039 5837 29.
1122 5784 1165 5815 ὀ
1206 5782 1397 5839 Matth.
1442 5799 1549 5852 xxi,
1590 5784 1645 5840 9.
1723 5784 1765 5817 ²¹
1802 5783 2006 5840 Jcrem.
2044 5798 2158 5847 Vlll,
2197 5781 2252 5836 2.
