4098 6442
515 325 651 389 1249

1520 320 1977 382 DlSPUTATIO
2016 321 2410 381 ADVERSUS
2439 298 2775 383 'JUD:EOS.

3625 330 3761 396 1250

512 435 809 510 προφητῶν
837 449 854 490 :
904 454 924 487 ι
946 435 1040 504 Μὴ
1073 435 1288 503 σφαγὰς
1310 398 1416 487 καὶ
1463 432 1652 496 θυσίας
1679 431 2084 502 προσηνέγκατέ

2194 432 2388 486 domus
2438 433 2625 493 lsrael,
2658 443 2715 488 et
2758 436 3045 504 recepistis
3074 436 3489 493 tabernaculum
3524 439 3758 516 Moloch,

513 547 605 599 μοι
656 526 751 597 ἔιτη
777 525 1186 597 τεσσαράκοντα
1211 527 1270 579 ἐν
1305 528 1371 596 τῇ
1404 524 1618 593 ἐρήμῳ,
1648 520 1797 586 οἶκος
1842 521 2081 592 Ἰσραὴλ,

511 618 606 671 καὶ
630 615 926 670 ἀνελάδετε
957 615 1057 685 τὴν
1086 614 1289 686 σκηνὴν
1318 612 1640 683 τοῦΑΜυλὸχ,
1671 612 1768 665 καὶ
1795 612 1854 664 τὸ
1887 614 2085 682 ἄστρον

510 708 604 762 τοῦ
641 707 764 762 θεοῦ
814 706 968 777 ὑμῶν
1018 706 1235 775 Ῥεφάν,
1266 706 1394 770 τοὺς
1423 704 1626 770 τύπους
1664 704 1757 768 οὒς
1795 706 2086 776 ἐποιήσατε

514 800 840 869 προσκυνεῖν
856 799 1060 860 αὑτοῖς·
1090 816 1110 848 ι
1133 798 1227 851 καὶ
1248 797 1504 868 μετοικιῶ
1527 797 1671 867 ὑμᾶς
1697 799 1953 851 ἐπέκεινα
1981 799 2087 850 Βα-

512 888 751 950 ονλῶνος
774 890 854 951 εἰς
894 886 1100 958 σκηνὴν
1130 885 1225 939 τοῦ
1268 886 1594 958 μαρτυρίου,
1624 886 1693 957 ἥν
1724 890 1837 950 τοῖς
1875 889 2086 958 πατρά-

513 996 599 1032 σιν
630 978 785 1047 ὑμῶν
815 979 874 1030 ἐν
905 981 971 1049 τῇ
1007 979 1222 1049 ἐρήμῳ,
1251 976 1434 1040 καθὼς
1458 975 1740 1041 διετάξατο
1768 981 1794 1029 6
1813 977 1985 1031 λαλῶν
2008 978 2087 1047 τῷ

512 1070 718 1137 Μωῦσῇ
767 1069 990 1138 ποιῆσαι
1040 1069 1213 1138 αὐτὴν
1245 1065 1388 1120 κατά
1412 1066 1502 1119 τὸν
1532 1066 1704 1120 τύπον
1734 1067 1794 1120 ὃν
1829 1068 2084 1138 ἑωράκει·

510 1158 579 1228 ἢν
626 1157 721 1210 καὶ
771 1159 1063 1228 εἰσήγαγον
1120 1156 1491 1226 διαδεξάμενοι
1547 1159 1597 1210 οἰ
1651 1158 1885 1227 πατέρες
1929 1157 2087 1229 ὑμῶν

516 1251 655 1319 μετά
698 1249 871 1320 Ἰησοῦ
907 1250 964 1302 ἐν
989 1251 1055 1320 τῇ
1086 1248 1412 1318 κατασχέσει
1441 1247 1548 1300 τῶν
1587 1247 1756 1301 ἐθνῶν
1786 1243 1860 1302 ὦν
1888 1247 2087 1315 ἐξωσεν

512 1344 539 1393 6
564 1341 695 1403 Θεὸς
731 1342 836 1393 ἀπὸ
886 1339 1180 1410 προσώπου
1212 1340 1321 1393 τῶν
1369 1340 1622 1411 πατέρων
1662 1340 1814 1410 ὑμῶν
1844 1340 1947 1405 ἕως
1979 1340 2086 1394 τῶν

513 1430 733 1501 ήμερῶν
765 1430 949 1493 Δαϐὶδ,
985 1430 1042 1493 ὂς
1070 1425 1194 1499 εὗρε
1225 1429 1384 1501 χάριν
1410 1432 1642 1484 ἐνώπιον
1685 1429 1776 1482 τοῦ
1806 1429 1961 1494 Θεοῦ,
1992 1429 2087 1483 καὶ

513 1523 752 1592 ᾐτήσατο
788 1523 970 1592 εὑρεῖν
1018 1522 1284 1592 σκήνωμα
1315 1520 1394 1592 τῷ
1434 1522 1553 1592 Θεῷ
1588 1520 1798 1575 Ἰακώϐ⁵
1835 1519 2088 1591 Σολομὼν

514 1615 569 1666 δὲ
599 1612 948 1682 ᾠκοδόμησεν
978 1613 1157 1683 ἑαυτῷ
1191 1609 1360 1665 οἰκον·
1400 1614 1515 1666 ἀλλ’
1538 1614 1638 1682 οὑχ
1679 1615 1707 1667 6
1737 1612 1999 1680 ’Ύψιστος
2029 1614 2087 1666 ἐν

516 1706 913 1775 χειροποιήτοις
938 1706 1085 1766 ναοῖς
1107 1706 1376 1767 κατοικεῖ,
1411 1705 1593 1766 καθὼς
1625 1705 1653 1756 6
1683 1707 1967 1775 προφήτης
1994 1704 2085 1758 λέ-

514 1813 616 1863 γει·
652 1814 670 1846 ι
729 1796 785 1847 ’0
829 1796 1057 1866 οὐρανός
1115 1811 1205 1865 μοι
1262 1794 1471 1865 θρόνος,
1522 1796 1641 1867 ἡδὲ
1677 1797 1747 1867 γῆ
1792 1796 2080 1849 ὑποπόδιον

513 1886 620 1937 τῶν
673 1883 849 1936 ποδῶν
906 1901 1031 1954 μου.
1075 1902 1191 1935 ›-
1228 1902 1247 1934 ι
1285 1884 1443 1936 Ποῖον
1496 1881 1644 1937 οἷκον
1697 1885 2081 1955 οἰκοδομήσετέ

519 1992 628 2043 μοις
666 1974 814 2042 λέγει
853 1974 1075 2046 Κύριος,
1131 1974 1164 2042 ἢ
1211 1973 1295 2036 τίς
1331 1974 1498 2038 τόπος
1538 1974 1638 2043 τῆς
1679 1974 2082 2044 καταπαύσεώς

518 2079 651 2133 μους
685 2064 805 2133 οὑχὶ
854 2065 886 2133 ἡ
940 2065 1062 2134 χείρ
1110 2081 1211 2131 μου
1248 2063 1470 2133 ἐποίησε
1501 2063 1675 2116 ταῦτα
1725 2064 1978 2126 πάντας»
2012 2095 2082 2105 -

519 2173 536 2203 ι
572 2153 644 2206 Ὦ
691 2154 952 2218 Ἰο-δαῖοι,
985 2153 1450 2224 σκληροτρὰχηλοι
1490 2156 1582 2207 καὶ
1616 2156 1977 2225 ἀπερίτμητοι
2013 2159 2078 2227 τῇ

514 2246 712 2316 καρδία
752 2248 846 2298 καὶ
890 2248 1002 2309 τοῖς
1036 2246 1197 2311 ὠσὶν,
1235 2247 1393 2315 ὑμεῖς
1436 2247 1523 2300 ἀεὶ
1567 2248 1643 2315 τῷ
1677 2248 1956 2317 ιίνεύματι
2003 2250 2081 2317 τῷ

514 2337 653 2407 ἁγίῳ
688 2338 1063 2399 ἀντιπίπτετε,
1118 2337 1193 2400 ὡς
1245 2338 1338 2389 καὶ
1391 2337 1440 2389 οἰ
1485 2339 1719 2408 πατέρες
1755 2339 1927 2407 ὑμῶν·
1986 2341 2080 2392 καὶ

513 2427 841 2480 ἀπέκτειναν
860 2430 988 2490 τοὺς
1019 2425 1594 2497 προκαταγγείλαντας
1632 2429 1760 2498 περὶ
1791 2429 1889 2497 τῆς
1925 2428 2079 2481 ὲ).εέ-

515 2534 651 2582 σεως
684 2519 778 2570 τοῦ
820 2518 1052 2572 δικαίου·
1084 2520 1145 2571 οὑ
1192 2522 1373 2588 φονεῖς
1397 2521 1489 2572 καὶ
1514 2519 1765 2589 προδόται
1796 2522 2083 2588 γεγόνασιν

512 2610 564 2661 οἰ
591 2612 649 2664 ἐν
681 2610 1038 2681 Ἰερουσαλὴμ
1066 2613 1298 2682 πατέρες
1331 2611 1519 2683 ὑμῶν;
1554 2632 1573 2664 ι
1607 2610 1763 2666 Οὕτω
1787 2614 1881 2667 καὶ
1903 2616 2081 2685 ὑμεῖς,

513 2703 563 2755 οἰ
600 2703 824 2756 ὲκείιων
878 2702 1066 2767 παῖδες
1112 2703 1337 2769 τούτους
1382 2704 1713 2775 μιμούμενοι
1755 2703 1855 2768 τὰς
1896 2706 2082 2774 φωνὰς

2184 531 2242 577 et
2281 533 2489 577 astrum
2547 524 2642 578 Dci
2691 525 2861 579 vestri
2916 525 3169 594 Rephan,
3204 526 3470 596 imagines
3502 545 3640 597 quas
3680 531 3762 585 fe-

2184 613 2340 668 cist-is
2376 613 2442 668 ad
2491 614 2830 668 adorandum
2862 616 2927 669 ".
2961 634 2979 666 ι
3010 616 3076 670 Et
3112 617 3438 671 transferam
3474 633 3573 673 vos
3619 620 3760 673 ultra

2185 708 2513 779 Babylonem
2566 709 2621 763 in
2658 709 3074 764 tabernaculum
3111 711 3409 765 testimonii
3456 712 3524 775 “,
3558 731 3576 762 ι
3614 713 3759 781 quod

2186 801 2241 854 in
2291 801 2512 855 deserto
2537 800 2787 870 patribus
2817 802 3040 863 vestris,
3067 801 3212 856 sicut
3243 801 3524 856 mandavit
3553 803 3762 874 Moyses

2184 893 2419 962 loquens
2471 893 2587 946 ﬁeri
2639 892 2944 965 secundum
2976 894 3286 963 exemplum
3323 893 3470 963 quod
3521 895 3759 959 viderat;

2186 983 2333 1052 quod
2382 995 2664 1053 acceptum
2724 983 3156 1037 introduxerunt
3204 992 3389 1052 patres
3429 984 3597 1038 vestii
3637 1000 3760 1038 eum

2185 1073 2315 1129 Jesu
2366 1074 2420 1128 in
2477 1074 2842 1143 occupatione
2885 1076 3130 1143 gentium
3183 1089 3320 1142 quas
3370 1075 3581 1143 expulit
3620 1076 3762 1130 Deus

2186 1180 2216 1218 a
2264 1175 2559 1233 conSpectu
2623 1176 2838 1233 patrum
2870 1173 3178 1219 vestrorum
3212 1163 3386 1234 usque
3415 1166 3481 1220 ad
3515 1166 3633 1220 dies
3666 1167 3762 1220 Da-

2185 1257 2301 1320 vid,
2332 1258 2909 1327 quiinvenitgratiam
2936 1272 3125 1312 coram
3182 1257 3317 1323 Deo,
3374 1267 3431 1313 ct
3462 1259 3763 1327 postulavit

2188 1356 2250 1401 ut
2292 1348 2596 1417 respiceret
2650 1349 3063 1403 tabernaculum
3101 1351 3210 1405 Deo
3252 1350 3443 1406 Jacob.
3502 1351 3767 1409 Salomon

2188 1450 2372 1495 autem
2417 1440 2712 1494 :edilicavit
2764 1440 2869 1494 sibi
2903 1441 3165 1506 domum;
3210 1442 3305 1495 sed
3350 1441 3667 1496 Altissimus
3705 1442 3760 1495 in

2187 1531 2411 1600 templis
2470 1530 2801 1586 manufactis
2849 1547 2958 1585 non
3014 1532 3246 1595 habitat,
3299 1533 3445 1587 sicut
3496 1534 3761 1602 propheta

2186 1623 2323 1679 dicit
2355 1640 2369 1676 :
2408 1641 2425 1672 ι
2453 1621 2665 1678 Caelum
2694 1623 2828 1677 mihi
2866 1623 3121 1686 thronus,
3153 1635 3301 1677 terra
3343 1635 3525 1678 autem
3555 1625 3761 1678 scabel-

2185 1715 2298 1770 lum
2327 1715 2531 1784 pedum
2567 1731 2816 1769 meorum
2840 1716 2908 1769 “.
2940 1737 2957 1768 ι
2981 1746 3050 1756 -
3075 1736 3092 1766 ι
3117 1716 3342 1783 Qualem
3368 1716 3593 1770 domum
3626 1716 3759 1769 mihi

2182 1806 2549 1870 aadiﬁcabitis,
2605 1807 2745 1861 dicit
2797 1808 3083 1872 Dominus,
3139 1817 3234 1861 aut
3285 1809 3410 1878 quis
3456 1809 3564 1863 erit
3608 1807 3762 1863 locus

2185 1897 2510 1952 morationis
2567 1898 2744 1953 mese?
2786 1898 2978 1953 Nonne
3030 1914 3225 1953 manus
3284 1915 3403 1953 mea
3465 1899 3596 1953 fecit
3646 1899 3761 1952 lizec

2185 1987 2370 2043 omnia
2396 1988 2442 2022 ’³
2462 1988 2510 2041 ?i
2535 2020 2602 2029 —-
2632 2007 2649 2039 ί
2674 1987 2717 2044 Ο
2745 1988 2918 2043 ,ιυύωί
2943 1990 3097 2043 dune
3118 1991 3349 2044 cervicis
3375 1999 3431 2043 et
3464 1990 3760 2045 incircum-

2186 2078 2286 2131 cisi
2335 2077 2503 2131 corde
2532 2087 2589 2132 et
2638 2079 2867 2132 auribus
2887 2121 2901 2143 ,
2935 2095 3031 2133 vos
3060 2095 3278 2149 semper
3306 2079 3539 2149 Spiritui
3568 2090 3761 2135 sancto

2186 2166 2464 2229 resistitis,
2507 2169 2670 2222 sicuti
2719 2179 2902 2237 patres
2934 2171 3133 2235 vestri;
3179 2181 3234 2223 et
3265 2171 3590 2224 occiderunt
3619 2188 3758 2240 pra:—

2185 2254 2505 2309 nuntiautes
2549 2256 2618 2309 de
2666 2257 2905 2311 adventu
2939 2258 3100 2327 justi.
3141 2259 3328 2313 bonne
3377 2259 3761 2315 interfectores

2182 2354 2239 2398 et
2288 2346 2600 2413 proditores
2640 2347 2771 2402 facti
2822 2360 2952 2404 sunt
3004 2350 3060 2403 in
3099 2349 3399 2404 Jerusalem
3453 2361 3639 2420 patres
3666 2365 3761 2403 ve-

2183 2436 2281 2490 stri
2318 2437 2390 2489 1"‘3
2423 2457 2439 2487 ι
2477 2437 2552 2492 Ita
2581 2446 2638 2492 et
2676 2453 2774 2492 vos
2823 2454 3015 2493 eorum
3053 2439 3294 2503 iilii,eos
3343 2440 3625 2495 imitantes
3665 2455 3762 2494 v0-

2183 2543 2275 2582 ces
2304 2529 2695 2597 prophetarum
2732 2545 2840 2583 non
2869 2531 3182 2596 credentes,
3213 2532 3490 2587 Christum
3508 2532 3762 2588 odientcs

2181 2621 2539 2688 permanetis,
2575 2622 2671 2690 qui
2726 2622 3022 2691 accepistis
3050 2622 3227 2693 legem
3256 2624 3312 2678 in
3339 2623 3759 2695 dispositionem

2183 2711 2504 2781 angelorum
2556 2720 2608 2765 et
2655 2727 2766 2766 non
2820 2713 3162 2768 custodistis.

510 2797 621 2852 τών
650 2798 945 2868 προφητῶν
995 2799 1374 2868 ἀπιστοῦντες,
1412 2801 1759 2873 μισόχριστοι
1795 2799 2104 2873 διαμένετε,
2138 2805 2335 2872 οἵτινες
2366 2808 2589 2863 ὲλάῦετε
2622 2808 2713 2863 τὸν
2741 2809 2906 2881 νόμον
2961 2813 3044 2876 εἰς
3079 2811 3347 2882 διαταγὰς
3377 2812 3647 2883 ἀγγέλων.
3669 2813 3763 2867 καὶ

510 2888 611 2939 οὑκ
641 2886 966 2955 ἐφυλάξατε.

581 2982 742 3049 Λέγει
767 2982 824 3034 δὲ
858 2982 917 3035 τὸ
947 2981 1169 3052 Πνεῦμα
1214 2984 1274 3034 τὸ
1317 2982 1472 3050 ἅγιον
1503 2982 1591 3036 διὰ
1625 2984 1893 3053 στόματος
1920 2985 2084 3040 Δαϐὶδ

2257 2987 2400 3042 Dicit
2437 2996 2620 3041 autem
2664 2985 2905 3056 Spiritus
2934 2992 3160 3039 sanctus
3198 3000 3297 3054 per
3330 3000 3394 3038 os
3443 2985 3609 3038 David
3643 3003 3762 3056 pio-

510 3071 605 3124 τοῦ
639 3073 940 3142 προφήτου·
975 3093 992 3125 ι
1015 3073 1263 3144 Σήμερον
1292 3074 1386 3127 ἐὰν
1407 3075 1506 3144 τῆς
1523 3076 1705 3144 φωνῆς
1730 3068 2080 3130 αὐτοῦ’άκού-

512 3182 661 3237 σητε,
706 3167 781 3234 μὴ
834 3165 1172 3236 σκληρύνητε
1210 3164 1317 3229 τὰς⁵
1346 3165 1573 3235 καρδίας
1606 3166 1758 3234 ὑμῶν
1804 3167 1879 3229 ὼς
1911 3167 1968 3219 ἐν
2003 3167 2083 3238 τῷ

511 3257 964 3328 παραπικρασμῷ
1006 3259 1148 3311 κατά
1181 3257 1279 3327 τὴν
1309 3258 1525 3328 ἡμέραν
1553 3256 1647 3310 τοῦ
1684 3258 1998 3329 πειρασμοῦ
2026 3264 2082 3312 ἐν

506 3350 575 3417 τῇ
622 3350 830 3419 ἐρήμῳ,
860 3345 920 3402 οῦ
964 3349 1264 3419 ἐπείρασάν
1298 3366 1364 3419 με
1396 3349 1446 3401 οἰ
1490 3349 1721 3418 πατέρες
1750 3348 1927 3419 ὑμῶν,
1966 3349 2082 3403 ἐδο-

510 3440 752 3510 κίμασαν
798 3457 864 3511 με
914 3442 1009 3494 καὶ
1054 3437 1193 3494 είδον
1222 3440 1292 3494 τά
1331 3440 1469 3511 ἔργα
1514 3457 1638 3510 μου·
1670 3441 2083 3511 τεσσαράκοντα

507 3532 602 3603 ἔτη
626 3530 977 3600 προσώχθισα
1000 3534 1066 3602 τῇ
1090 3532 1252 3601 γενεᾷ
1274 3531 1478 3601 ἐκείνῃ,
1499 3532 1593 3584 καὶ
1610 3527 1741 3585 εἶπα
1764 3548 1778 3563 ·
1795 3533 1910 3584 Ἀεὶ
1942 3532 2083 3585 πλα-

508 3620 708 3675 νῶνται
754 3623 817 3692 τῇ
856 3621 1073 3692 καρδίᾳ·
1107 3621 1263 3674 αὐτοὶ
1294 3621 1352 3674 δὲ
1379 3621 1479 3674 οὑκ
1512 3620 1759 3689 ἔγνωσαν
1799 3623 1899 3685 τὰς
1929 3623 2082 3686 ὁδούς

511 3730 633 3781 μου·
657 3712 733 3775 ὡς
758 3711 949 3783 ὤμοσα
978 3714 1034 3765 ἐν
1061 3715 1127 3783 τῇ
1153 3713 1288 3783 ὀργῇ
1325 3729 1446 3782 μου,
1478 3712 1542 3765 Εἰ
1573 3711 1970 3766 εἰσελεύσονται
2002 3716 2083 3777 εἰς

505 3807 605 3876 τὴν
637 3804 984 3858 κατάπαυσίν
1010 3821 1137 3875 μου·
1163 3823 1183 3856 ι
1218 3804 1333 3858 ἀλλ’
1362 3805 1422 3858 οὑ
1460 3805 1661 3869 πάντες
1693 3806 1742 3858 οἰ
1777 3805 2083 3870 ἐξελθόντες

505 3898 602 3951 ἀπ’
625 3898 905 3965 Αἰγύπτου
929 3896 1199 3966 εἰσῆλθον·
1227 3898 1648 3970 παρεπίκραναν
1688 3901 1797 3970 γὰρ
1825 3901 1874 3952 οἰ
1901 3916 2082 3970 παρα-

508 3987 802 4052 κούσαντες
852 3987 952 4041 καὶ
1001 3988 1428 4058 ἀπιστήσαντες·
1468 3990 1583 4040 τίσι
1633 3987 1692 4041 δὲ
1742 3987 2082 4060 προσώχθισε

504 4081 912 4150 τεσσαράκοντα
943 4077 1058 4149 ἐτη,
1093 4079 1142 4131 εἰ
1183 4077 1257 4149 μὴ
1290 4082 1402 4140 τοῖς
1432 4079 1784 4149 ἀμαρτήσασι
1821 4080 1915 4132 καὶ
1948 4096 2085 4150 παρ-

507 4170 805 4225 ακούσασιν
825 4212 842 4238 ,
873 4164 949 4225 ὧν
990 4170 1058 4221 τὰ
1088 4168 1240 4222 κῶλα
1280 4169 1473 4222 ἔπεσον
1520 4172 1577 4222 ἐν
1616 4172 1683 4239 τῇ
1716 4170 1942 4240 ἐρήμῳ;
1972 4171 2081 4223 τίσι

508 4265 566 4318 δὲ
603 4262 786 4333 ὤμοσε
829 4262 903 4334 μὴ
933 4259 1195 4314 εἰσελθεῖν
1217 4262 1297 4324 εἰς
1323 4261 1422 4330 τὴν
1446 4261 1790 4320 κατάπαυσιν
1815 4261 2002 4325 αὑτοῦ,
2031 4264 2081 4316 εἰ

2182 3080 2364 3150 pbelae
2394 3096 2407 3129 :
2443 3099 2460 3129 ι
2496 3078 2669 3133 Hodie
2700 3080 2744 3134 si
2776 3092 2968 3133 vocem
2999 3078 3122 3147 ejus
3147 3076 3453 3141 audieritis,
3486 3093 3557 3132 ne
3587 3078 3766 3132 obdu-

2183 3182 2302 3227 rate
2342 3171 2509 3226 corda
2531 3179 2712 3226 vestra
2743 3171 2887 3225 sicut
2921 3170 2977 3224 in
3003 3169 3429 3224 exacerbatione
3464 3169 3765 3224 secundum

2183 3264 2330 3319 diem
2379 3263 2701 3319 tentationis
2744 3264 2798 3316 in
2848 3263 3093 3324 deserto,
3148 3260 3203 3314 in
3251 3276 3363 3330 quo
3418 3268 3765 3315 tentaverunt

2185 3371 2271 3409 me
2311 3365 2498 3425 patres
2551 3353 2744 3417 vestri,
2785 3353 3158 3422 probaverunt
3209 3360 3268 3406 et
3313 3350 3571 3405 viderunt
3598 3367 3767 3421 opera

2184 3460 2325 3500 mea.
2376 3442 2748 3512 Quadraginta
2792 3443 2951 3495 annis
2982 3440 3233 3494 infensus
3280 3437 3360 3493 fui
3419 3438 3764 3508 generationi

2184 3535 2338 3598 huic,
2372 3543 2427 3589 et
2476 3534 2586 3588 dixi
2625 3550 2637 3586 :
2674 3532 2903 3600 Semper
2927 3529 3336 3595 errantcorde;
3369 3528 3473 3599 ipsi
3497 3543 3628 3583 vero
3655 3545 3765 3583 non

2183 3631 2558 3697 cognoverunt
2600 3625 2718 3677 vias
2764 3637 2940 3687 meas;
2988 3620 3133 3675 sicut
3180 3621 3363 3689 juravi
3404 3620 3461 3673 in
3492 3619 3572 3673 ira
3603 3634 3761 3673 mea:

2184 3717 2239 3773 Si
2270 3717 2579 3772 introibunt
2608 3714 2661 3768 iu
2684 3713 2927 3782 requiem
2953 3727 3129 3765 meam
3158 3712 3222 3765 ’⁷.
3260 3729 3278 3762 ι
3310 3710 3415 3765 Sed
3440 3725 3550 3764 non
3572 3724 3767 3764 omnes

2181 3808 2389 3879 egressi
2444 3823 2513 3861 ex
2564 3805 2797 3876 Egypto
2853 3804 3231 3865 introierunt;
3293 3800 3764 3855 exacerbaverunt

2181 3901 2331 3957 enim
2358 3915 2467 3953 non
2507 3898 2801 3952 audientes
2829 3910 3009 3964 neque
3048 3892 3360 3947 credentes.
3408 3891 3621 3960 Quibus
3663 3906 3765 3944 au-

2186 4001 2293 4047 tem
2349 3989 2595 4045 infensus
2624 3988 2727 4042 fuit
2760 3985 3119 4055 quadraginta
3154 3981 3336 4045 annis,
3384 3981 3489 4034 nisi
3525 3994 3761 4049 peccau-

2185 4085 2335 4137 tibus
2368 4090 2423 4136 et
2463 4096 2571 4134 non
2629 4076 3005 4139 audientibus,
3057 4089 3295 4144 quorum
3331 4071 3578 4126 membra
3622 4070 3768 4124 ceci-

2183 4174 2388 4229 derunt
2422 4172 2477 4225 in
2524 4170 2783 4225 deserto?
2825 4169 3038 4236 Quibus
3084 4176 3266 4222 autem
3293 4165 3502 4236 juravit
3545 4179 3655 4217 non
3682 4163 3767 4216 iu-

2186 4260 2437 4316 troituris
2473 4259 2527 4312 in
2567 4258 2819 4328 requiem
2867 4272 3047 4322 suam,
3073 4254 3181 4310 nisi
3226 4269 3336 4308 non
3370 4250 3766 4307 credentibus?

511 4356 587 4425 μὴ
624 4323 735 4418 τοῖς
785 4323 1133 4425 ἀπιθήσασι;
1169 4323 1288 4406 Καῖ
1309 4323 1580 4421 βλέπομεν
1618 4352 1700 4405 ὅτι
1748 4353 1853 4406 οὑκ
1881 4323 2078 4422 ἠδυνή-

2186 4354 2251 4407 Ει
2286 4351 2538 4406 videmus
2559 4323 2666 4404 hos
2693 4364 2802 4403 non
2828 4349 3076 4419 potuisse
3105 4346 3178 4402 ob
3203 4343 3647 4400 incredulitatem
3679 4342 3766 4396 iu-

460 4449 680 4523 '_.0'qaav
707 4444 969 4501 εἰσελθεῖν
1023 4444 1091 4498 δι’
1126 4443 1386 4498 ἀπιστίαν
1408 4484 1422 4508 ,
1455 4442 1596 4513 πλὴν
1630 4444 1812 4496 Χαλὲὸ
1842 4445 1935 4497 τοῦ
1982 4446 2084 4497 Ἰε-

468 4533 680 4610 ζφωνὴ.
714 4539 808 4592 καὶ
841 4537 1017 4605 Ἰησοῦ
1048 4535 1144 4590 τοῦ
1176 4536 1354 4605 Ναυῆ·
1394 4535 1673 4600 ἑξακόσιαι
1714 4536 2083 4606 διεφθάρησαν

472 4606 776 4740 ibit-€55:
797 4627 1001 4740 fatim;
1028 4626 1261 4731 769.161?
1286 4625 1539 4740 χιλιάδας
1573 4620 1727 4678 εἷπεν
1747 4625 2084 4740 ἐξεληλυθέ-

487 4717 602 4785 “tot;
646 4719 707 4785 ἐξ
746 4720 1043 4789 Αἰγύπτου·
1070 4717 1166 4771 τοῦ
1191 4717 1301 4787 γὰρ
1328 4717 1464 4771 Θεοῦ
1490 4719 1975 4788 παρεγγυήσαντος
2000 4720 2080 4782 εἰς

483 4746 608 4902 ὶτὴν
667 4809 1086 4881 ἐπηγγελμένην
1130 4810 1342 4881 ἀπᾶραι
1388 4810 1513 4879 γῆν,
1560 4810 1814 4862 ἀντεῖπον
1856 4811 2079 4876 ἐκεῖνοι,

520 4812 608 4881 τήν
667 4809 1086 4881 ἐπηγγελμένην
1130 4810 1342 4881 ἀπᾶραι
1388 4810 1513 4879 γῆν,
1560 4810 1814 4862 ἀντεῖπον
1856 4811 2079 4876 ἐκεῖνοι,
2112 4863 2131 4875 κ

514 4900 943 4973 προόαλλόμενοι
974 4901 1066 4954 τὸν
1104 4900 1267 4969 φόϐον
1312 4899 1405 4954 καὶ
1432 4899 1492 4953 τὸ
1519 4899 1747 4969 μέγεθος
1778 4899 1885 4953 τῶν
1920 4898 2080 4954 πολε-

513 4992 688 5062 μίων·
719 4983 781 5047 οὑ
823 4991 888 5063 δὴ
917 4992 1077 5061 χάριν
1123 4993 1152 5044 6
1196 4992 1307 5044 τῶν
1336 4990 1475 5044 ὅλων
1500 4989 1635 5052 Θεδς
1662 4991 1905 5055 ἅπαντας
1940 4991 2082 5045 κατά

510 5082 678 5154 μέρος
706 5082 765 5135 ἐν
788 5083 854 5152 τῇ
890 5082 1085 5152 ἐρήμῳ
1108 5080 1492 5149 κατανάλωσε,
1544 5080 1673 5146 τοὺς
1703 5082 1929 5136 ἐκείνων
1959 5082 2089 5135 παῖ-

508 5174 604 5239 δας
629 5173 746 5229 ἀντ’
768 5172 995 5227 ἐκείνων
1025 5173 1348 5245 εἰσήγαγεν,
1370 5173 1540 5244 ἧγουν
1562 5174 1692 5238 τοὺς
1730 5173 1865 5245 περὶ
1901 5172 2083 5228 Χαλέϐ

508 5265 604 5320 τοῦ
644 5265 912 5336 Ἰεχωνίου
944 5265 1039 5318 καὶ
1084 5264 1260 5335 Ἰησοῦ
1286 5262 1383 5317 τοῦ
1408 5264 1567 5336 Ναυῆ
1589 5267 1788 5330 αὑτοὺς
1809 5269 2084 5321 κατέπαυ-

511 5375 623 5413 σεν·
656 5359 753 5411 καὶ
792 5359 841 5411 εἰ
879 5355 1133 5429 περὶτῆς
1167 5354 1273 5424 γῆς
1301 5354 1474 5425 αὑτῆς
1499 5357 1845 5411 κατάπαυσιν
1884 5360 1912 5410 6
1943 5375 2081 5428 προσ

511 5455 689 5521 φήτης
738 5450 927 5521 εῖρηκε
981 5445 1179 5500 Δαϐίδ·
1224 5447 1304 5508 εἰς
1332 5445 1549 5516 ἐκείνην
1589 5447 1699 5518 γὰρ
1741 5444 1946 5517 Ἰησοῦς
1984 5447 2084 5500 αὑ-

594 5674 636 5704 “
666 5676 832 5730 Amos
864 5692 914 5744 ν,
945 5674 1036 5744 25,
1061 5676 1150 5733 26.
1229 5678 1276 5712 ³³
1311 5677 1441 5733 ibid.
1476 5678 1564 5734 Ξῖ.
1643 5679 1689 5713 ιδ
1720 5679 1820 5735 isa.
1856 5693 1999 5745 ιιιιι,
2032 5680 2085 5735 1.

2192 4435 2388 4504 troire,
2414 4448 2614 4506 praeter
2637 4439 2847 4495 Lbaleb
2870 4440 3040 4493 ﬁlium
3066 4439 3333 4509 Jephone,
3358 4452 3410 4494 et
3433 4439 3557 4495 Jesu
3591 4441 3759 4494 tilium

2190 4524 2359 4581 Nave.
2397 4527 2664 4583 Sexeenta
2712 4529 2884 4583 millia
2936 4528 3288 4592 interierunt,
3343 4529 3566 4582 totidem
3617 4544 3762 4581 cium

2192 4618 2365 4673 millia
2383 4619 2517 4675 dicit
2538 4618 2823 4689 Scriptura
2840 4636 3058 4689 egressa
3089 4636 3156 4675 ex
3188 4619 3447 4691 Egypto.
3482 4620 3592 4675 Deo
3610 4622 3758 4675 enim

2195 4711 2534 4766 concedente
2567 4721 2628 4765 ut
2655 4713 2709 4765 in
2744 4712 3069 4780 promissam
3101 4712 3246 4766 irent
3282 4723 3509 4775 terram,
3544 4720 3765 4763 contra-

2195 4801 2455 4857 dixerunt
2485 4803 2583 4867 illi.
2616 4819 2724 4871 prae
2749 4817 2807 4857 se
2841 4803 3080 4858 ferentes
3110 4814 3312 4857 metum
3347 4812 3402 4857 et
3449 4804 3620 4856 robur
3666 4803 3766 4855 hu-

2192 4897 2384 4953 stium.
2417 4893 2592 4960 Quam
2625 4894 2697 4949 ob
2734 4908 2955 4948 causam
2991 4894 3161 4949 totius
3187 4894 3376 4947 mundi
3408 4892 3550 4946 Deus
3576 4906 3768 4945 omnes

2194 4988 2439 5059 singulos
2491 4989 2546 5040 in
2599 4987 2822 5040 deserto
2874 4985 3173 5047 destruxit,
3226 4983 3369 5039 ﬁlios
3420 4999 3611 5039 carum
3671 4998 3767 5052 pro

2195 5080 2307 5135 illis
2338 5077 2662 5143 introduxit,
2698 5078 2911 5132 scilicet
2940 5093 3037 5148 per
3066 5076 3278 5133 Cbaleb
3311 5076 3482 5131 litium
3516 5076 3765 5145 Jephone

2193 5187 2252 5230 et
2294 5171 2424 5231 Jesu
2487 5173 2658 5227 tilium
2709 5170 2861 5227 Nave
2910 5171 2999 5226 bis
3049 5171 3297 5240 requiem
3342 5167 3515 5225 dedit.
3573 5170 3640 5224 Et
3699 5170 3768 5223 de

2194 5279 2339 5326 terra
2389 5267 2491 5322 ista
2552 5267 2795 5333 requiem
2870 5264 3009 5317 dixit
3087 5263 3353 5332 propheta
3430 5265 3646 5323 David:
3709 5267 3766 5322 in

2192 5379 2312 5418 eam
2334 5360 2481 5413 enim
2504 5358 2636 5417 Jesu
2660 5357 2784 5411 illos
2811 5358 3054 5425 requiem
3084 5356 3343 5427 perduxit
3370 5357 3428 5413 lu
3461 5358 3549 5412 illa
3579 5366 3763 5411 autem

2192 5464 2308 5508 erat
2341 5451 2507 5507 etiam
2556 5450 2777 5506 divinus
2816 5446 3090 5520 interpres
3123 5449 3317 5516 David.
3367 5465 3494 5506 cum
3540 5449 3658 5505 bac
3686 5450 3769 5505 loc

2163 5682 2210 5713 ⁸⁸
2233 5681 2368 5737 ibid.
2444 5682 2491 5715 “
2519 5686 2639 5740 Act.
2667 5698 2763 5749 vn,
2798 5683 2887 5748 5!,
2919 5682 3009 5738 52.
3085 5684 3128 5717 "
3155 5678 3299 5739 Psal.
3329 5679 3636 5750 ICW,8-H.
