4098 6480
457 276 585 339 1251

452 402 619 444 cutus
676 386 956 441 nuntiavit
994 381 1239 452 requiem

452 479 762 541 audieritis,
805 497 821 529 ι
884 486 942 531 et
994 491 1116 545 qua:
1160 481 1491 542 sequuntur.

527 760 667 828 Ergc
702 751 1038 823 relinquitur
1063 750 1206 806 alter
1244 748 1609 803 sabbatismus
1637 755 1691 798 et
1734 746 1905 799 altera
1948 759 2037 796 re-

458 854 638 920 quies,
688 863 810 919 qum
848 856 932 901 est
974 846 1029 899 in
1090 845 1373 900 Christum
1406 841 1561 904 ﬁdes,
1592 841 1735 894 sicut
1767 840 1905 892 dicit
1942 840 2045 892 Do-

462 946 643 997 minus
688 958 785 1011 per
816 940 1111 995 Jeremiam
1151 936 1474 1006 prophetam
1508 950 1522 987 :
1564 952 1581 983 ι
1617 933 1759 986 Ecce
1794 931 1916 984 dies
1944 946 2041 982 ve-

463 1040 646 1097 niunt,
688 1042 744 1087 ct
796 1043 1034 1087 statuam
1091 1027 1279 1081 domui
1338 1024 1504 1078 lsrael
1547 1030 1604 1077 et
1655 1021 1839 1075 domui
1902 1019 2044 1074 Juda

466 1133 855 1180 testamentum
917 1133 1116 1173 novum
1177 1117 1244 1170 ’⁸.
1284 1136 1301 1167 ›
1344 1115 1588 1169 Dicendo
1636 1127 1864 1174 novum,
1905 1110 2046 1165 anti-

463 1218 655 1286 quavit
696 1216 931 1284 primum
964 1202 999 1266 ἐ
1059 1231 1075 1261 ι
1104 1210 1223 1265 Non
1269 1207 1575 1263 secundum
1654 1214 2043 1260 testamentum

465 1306 609 1376 quod
648 1303 810 1358 statui
851 1319 884 1370 p
904 1301 1103 1355 itribns
1133 1314 1325 1353 eorum
1362 1298 1419 1351 in
1446 1296 1536 1351 die
1563 1311 1674 1366 quo
1703 1294 2046 1365 apprehendi

467 1412 685 1451 manum
725 1397 844 1463 ejus
871 1406 929 1449 ut
958 1396 1253 1447 educerem
1279 1405 1375 1445 eos
1404 1404 1435 1444 e
1465 1398 1612 1443 terra
1640 1386 1881 1459 Egypti,
1906 1402 2049 1457 quo-

467 1488 612 1539 niam
638 1485 740 1554 ipsi
769 1501 877 1537 non
902 1488 1361 1551 exspectaverunt
1400 1484 1789 1533 testamentum
1823 1490 2046 1541 meum;

465 1589 523 1631 et
558 1594 657 1646 ego
691 1575 907 1645 neglexi
941 1589 1058 1636 eos,
1104 1573 1241 1627 dicit
1272 1570 1560 1633 Dominus,
1595 1569 1724 1639 quia
1771 1566 1918 1622 istud
1966 1575 2051 1621 est

1658 266 1717 323 ὃ.
1763 260 2162 320 ANASTASII
2203 260 2534 319 SINAITE

1290 396 1304 432 :
1347 398 1362 427 ι
1394 376 1566 430 llodie
1608 374 1648 429 si
1681 388 1871 428 vocem
1926 372 2045 442 ejus

2164 369 2277 432 τοὺς
2308 368 2674 422 κατέπαυσεν·
2713 370 2769 420 ὲν
2798 369 2933 439 αὐτῇ
2971 369 3026 422 δὲ
3056 366 3125 437 ἦν
3153 369 3242 422 καὶ
3265 368 3416 429 θεῖος
3447 366 3615 418 Δαϐὶ)
3642 368 3723 419 ὅτε

3590 255 3720 317 1252

2140 462 2315 516 ταῦτα
2361 461 2602 532 εἰρηκὼς
2644 462 3011 531 ἐπηγγείλατο
3056 462 3155 532 τὴν
3205 461 3603 514 κατάπαυσιν·
3651 459 3726 519 τὸ.

2148 572 2167 603 ι
2197 553 2442 623 Σήμερον
2480 553 2576 606 ἐὰν
2596 552 2694 623 τῆς
2723 552 2905 622 φωνῆς
2930 553 3094 606 αὐτοῦ
3141 551 3421 621 ἀκούσητε
3448 592 3464 612 ,
3490 568 3509 600 ι
3548 550 3643 600 καὶ
3669 550 3733 601 τά

2142 646 2287 712 ἑξῆς.

2217 758 2281 808 ’Λ
2295 773 2359 825 pa
2383 755 2474 809 οῦν
2495 755 2849 809 ἀπολείπεται
2864 754 2949 807 ’ἐτι
2960 771 3050 824 ρος
3071 752 3448 821 σαϐϐατισμὸς
3467 752 3567 804 καὶ
3583 751 3738 818 ἑτέρα

2145 849 2510 909 κατάπαυσις,
2531 848 2651 917 ἣτις
2680 848 2827 899 ἐστὶν
2846 848 2925 909 είς
2944 846 3176 915 Χριστὸν
3208 846 3421 906 πίστις,
3443 843 3631 905 καθὼς
3651 844 3738 895 λέ-

2145 956 2231 1005 γει
2263 937 2463 1007 Κύριος
2483 934 2850 1005 διὰἹερεμίου
2877 933 2968 987 τοῦ
2988 935 3285 1004 προφήτου·
3319 952 3340 985 ι
3365 933 3507 985 Ἰδοὺ
3538 933 3738 1003 ἡμέραι

2145 1030 2514 1101 ἔρχονται,καὶ
2545 1027 2868 1097 διαθήσομαι
2926 1027 3004 1096 τῷ
3052 1028 3186 1095 οἴκῳ
3250 1025 3483 1097 Ἰσραὴλ
3522 1027 3618 1076 καὶ
3666 1024 3740 1093 τῷ

2145 1124 2278 1191 οἴκῳ
2310 1114 2478 1174 Ἰούδα
2506 1120 2770 1190 διαθήκην
2802 1121 3049 1188 καινήν-ι
3079 1120 3137 1170 ὲν
3175 1117 3252 1187 τῷ
3279 1118 3481 1184 λέγειν
3517 1116 3735 1184 καινὴν,
3774 1111 3790 1123 '

2148 1213 2498 1266 πεπαλαίωκε
2517 1212 2614 1280 τὴν
2644 1212 2886 1281 πρώτηνο
2910 1229 2927 1260 ι
2946 1211 3021 1263 Οὐ
3051 1209 3193 1263 κατὰ
3219 1210 3318 1280 τὴν
3359 1208 3641 1275 διαθήκην
3679 1209 3740 1275 ἣν

2147 1303 2404 1376 διεθέμην
2427 1308 2542 1368 τοῖς
2574 1304 2850 1375 πατράσιν
2879 1302 3057 1356 αὐτῶν
3092 1304 3150 1355 ἐν
3187 1302 3381 1372 ἡμέρᾳ.
3412 1299 3742 1367 ὲπιλαϐομέο

2149 1416 2240 1452 νου
2274 1416 2375 1469 μου
2409 1399 2506 1469 τῆς
2528 1396 2717 1468 ,χειρὸς
2762 1397 2927 1448 αὑτοῦ
2957 1393 3245 1464 ἐξαγαγεῖν
3293 1395 3510 1455 αὐτοὺς
3548 1394 3616 1446 ὲκ
3644 1394 3742 1460 γῆς

2150 1490 2457 1558 Αἰγύπτου,
2515 1490 2599 1542 ὅτι
2644 1488 2799 1541 αὐτοὶ
2842 1488 2943 1540 οὐκ
2993 1487 3281 1555 ἐνέμειναν
3320 1484 3434 1550 τὴν
3470 1484 3742 1553 διαθήκην

2154 1597 2278 1652 μου·
2299 1581 2393 1635 καὶ
2422 1579 2533 1648 ἐγὼ
2566 1578 2818 1649 ἠμέλησα
2848 1578 3070 1643 αὐτοὺς,
3104 1579 3239 1647 φησὶ
3269 1575 3515 1645 Κύριος,
3544 1576 3628 1627 ὅτι
3653 1575 3744 1626 αὖ.

470 1676 861 1724 testamentum
884 1665 1031 1735 quod
1051 1673 1291 1719 statuam
1313 1660 1501 1717 domui
1524 1660 1714 1724 Israel,
1740 1658 1878 1713 dans
1904 1658 2050 1729 leges

2164 1690 2222 1742 τη
2260 1675 2292 1744 ἡ
2327 1672 2560 1744 διαθήκη
2596 1672 2664 1743 ἣν
2692 1671 3021 1742 διαθήσομαι
3058 1669 3136 1740 τῷ
3177 1668 3315 1737 οἴκῳ
3371 1667 3646 1739 Ἰσραὴλ,
3673 1668 3746 1720 δι-

471 1778 621 1815 meas
649 1761 702 1815 in
736 1767 975 1813 mentem
1017 1772 1231 1816 eorum,
1259 1765 1317 1810 et
1346 1754 1400 1808 in
1430 1752 1597 1807 corde
1625 1766 1821 1806 eorum
1855 1749 2053 1804 inscri-

2164 1765 2277 1827 50b;
2315 1763 2514 1834 νόμους
2554 1780 2654 1835 μου
2705 1763 2785 1826 εἰς
2826 1761 2924 1833 τὴν
2967 1761 3205 1816 διάνοιαν
3240 1759 3432 1814 αὐτῶν
3459 1799 3476 1823 ,
3515 1762 3612 1812 καὶ
3661 1759 3749 1811 ἐπὶ

468 1856 594 1909 bam
626 1870 742 1917 eas,
772 1864 825 1908 et
861 1869 959 1907 ero
994 1853 1079 1906 eis
1127 1851 1181 1905 in
1225 1851 1425 1912 Deum,
1466 1856 1522 1902 et
1557 1846 1663 1917 ipsi
1717 1851 1883 1900 erunt
1918 1843 2053 1897 mihi

473 1947 529 2001 in
559 1947 821 2017 populum
849 1946 916 1999 ’⁸.
956 1963 973 1992 ι
999 1974 1066 1984 -
1093 1963 1110 1994 ι
1140 1943 1312 2014 Igitur
1341 1940 1478 1995 ﬁdes
1505 1955 1573 1994 ex
1589 1938 1801 2002 auditu,
1835 1935 2058 1991 auditus

470 2048 653 2092 autem
702 2053 801 2107 per
834 2028 1064 2091 verbum
1097 2034 1197 2089 Dei
1223 2034 1288 2098 '°,
1325 2051 1344 2085 ι
1384 2039 1606 2102 oportet
1641 2029 1789 2085 enim
1818 2028 2055 2098 primum

474 2129 686 2192 audire,
735 2128 935 2182 deinde
990 2127 1046 2180 in
1100 2134 1283 2180 mente
1322 2132 1378 2179 et
1423 2121 1592 2178 corde
1653 2120 1907 2190 accipere
1959 2118 2057 2174 Dei

472 2221 640 2275 verba
670 2230 726 2274 et
768 2220 1031 2284 credere;
1062 2219 1206 2272 sicut
1249 2234 1268 2268 ι
1298 2215 1573 2271 Abraham
1613 2212 1976 2269 crediditDeo
2003 2219 2060 2264 et

475 2320 791 2380 reputatum
842 2310 917 2363 illi
950 2309 1005 2363 in
1033 2307 1304 2379 justitiam
1333 2307 1401 2361 ⁸¹.
1456 2325 1560 2358 »-
1582 2324 1599 2356 ‹
1632 2302 1898 2370 Quoniam
1948 2318 2060 2357 non

472 2402 867 2475 justiﬁcabitur
896 2417 964 2455 ex
1015 2399 1278 2470 operibus
1324 2397 1462 2469 legis
1513 2395 1695 2451 omnis
1742 2410 1872 2450 caro
1905 2394 1967 2448 “.
2035 2412 2054 2444 ι

470 2525 544 2535 --
574 2516 590 2547 ι
616 2495 944 2564 Quicunque
1001 2492 1148 2547 enim
1182 2507 1251 2545 ex
1280 2490 1545 2561 operibus
1594 2489 1731 2559 legis
1773 2496 1923 2552 sunt,
1959 2486 2063 2542 sub

476 2586 771 2640 maledicto
804 2593 969 2649 sunt;
1002 2582 1272 2652 scriptum
1295 2588 1380 2635 est
1414 2581 1562 2635 enim
1585 2597 1599 2631 :
1622 2578 1945 2634 Maledictus
1968 2579 2063 2648 qui

477 2691 588 2729 non
625 2681 910 2744 permanet
934 2672 989 2725 in
1016 2670 1276 2725 omnibus
1302 2684 1424 2739 quae
1452 2669 1658 2738 scripta
1681 2677 1810 2722 sunt
1839 2666 1895 2721 in
1918 2667 2064 2722 libro

481 2770 622 2837 legis
663 2769 728 2823 ad
782 2767 1093 2822 faciendum
1143 2780 1207 2820 ea
1259 2766 1324 2820 ³³.
1358 2783 1378 2817 ι
1432 2763 1722 2818 Neminem
1762 2771 1945 2817 autem
2008 2763 2066 2816 in

484 2859 605 2927 lege
634 2856 926 2928 jnstiﬁcari
970 2855 1116 2926 apud
1157 2855 1351 2919 Deum,
1402 2853 1758 2923 perspicuum
1793 2861 1898 2916 est,
1936 2854 2063 2924 quia

477 2951 662 3021 justus
707 2964 775 3002 ex
822 2947 929 3002 ﬁde
963 2946 1113 3000 vivet
1145 2945 1297 3015 ",in
1354 2943 1516 3014 ipsis;
1557 2942 1833 2997 Abraham
1879 2952 2066 2997 autem

481 3040 720 3097 credidit
772 3039 885 3094 Deo
928 3045 985 3093 et
1038 3045 1355 3107 reputatum
1417 3045 1503 3089 est
1546 3033 1626 3088 illi
1670 3033 1728 3087 in
1766 3032 2057 3104 justitiam.

483 3133 797 3188 Pnevidens
830 3130 1120 3201 Scriptura
1147 3146 1213 3184 ex
1260 3128 1368 3184 ﬁde
1412 3126 1843 3199 justiﬁcaturum
1871 3135 2062 3198 gentes

483 3227 676 3290 Deum,
730 3222 1123 3296 praenuntiavit
1161 3221 1416 3277 Abrahae.

554 3436 775 3492 Noscito
813 3452 945 3507 ergo
986 3436 1089 3491 hos
1137 3435 1232 3505 qui
1284 3450 1351 3489 ex
1390 3432 1497 3489 ﬁde
1547 3443 1698 3500 sunt,
1747 3450 1871 3491 esse
1922 3434 2065 3492 ﬁlios

489 3528 738 3583 Abi-abre.
763 3547 781 3580 ‹
809 3526 1043 3582 Abraha:
1055 3535 1239 3582 autem
1262 3527 1423 3583 diem
1439 3534 1568 3582 sunt
1594 3528 1987 3598 promissiones
2009 3537 2067 3584 et

486 3620 682 3673 semini
710 3621 856 3689 ejus;
878 3636 990 3673 non
1033 3619 1169 3674 dicit
1201 3635 1215 3672 :
1242 3618 1302 3673 In
1323 3619 1628 3674 seminibus
1655 3620 1812 3689 quasi
1843 3621 1899 3675 in
1924 3622 2067 3676 mul-

489 3710 578 3772 tis,
625 3709 720 3763 sed
754 3709 908 3777 quasi
945 3709 1000 3762 in
1031 3726 1163 3775 uno,
1197 3709 1256 3764 In
1284 3710 1494 3765 semine
1529 3718 1642 3764 tuo.
1667 3709 1783 3765 Hoc
1805 3720 1890 3767 est
1917 3712 2066 3767 enim

493 3808 879 3855 testamentum
902 3809 1028 3854 ante
1054 3801 1437 3854 conﬁrmatum
1470 3816 1501 3854 a
1526 3800 1637 3855 Deo
1665 3802 1720 3855 in
1748 3801 2066 3868 Christum;

489 3896 574 3948 lex
604 3911 727 3964 qure
763 3901 887 3963 post
914 3903 1192 3949 trecentos
1223 3894 1448 3964 triginta
1470 3910 1645 3949 annos
1671 3894 1811 3949 facta
1843 3904 1925 3955 est
1954 3911 2067 3950 non

488 3995 651 4041 nocet
671 3996 730 4042 ut
747 3988 1040 4057 abrogetur
1058 3987 1350 4056 promissio
1367 3986 1453 4039 δι’.
1477 4005 1495 4038 ι
1522 3986 1588 4042 Et
1607 3996 1767 4042 vetus
1786 3986 2068 4058 Scriptura

493 4084 879 4132 testamentum
928 4075 1025 4130 Dei
1077 4083 1237 4129 vocat
1294 4074 1438 4129 hanc
1490 4090 1613 4145 qua:
1659 4077 1728 4131 ad
1791 4077 2067 4132 Abraham

490 4170 631 4223 facta
676 4177 761 4223 est
809 4166 1139 4238 promissio;
1190 4167 1447 4236 promisit
1487 4176 1670 4222 autem
1729 4184 1828 4238 per
1879 4184 2069 4224 semen

486 4263 723 4318 Abrabaa
775 4259 1185 4315 benedicendas
1238 4273 1362 4313 esse
1405 4268 1596 4329 gentes
1656 4261 1827 4315 totius
1877 4261 2070 4316 mundi

490 4357 617 4421 Dei;
653 4356 759 4409 hoc
811 4370 945 4407 vero
978 4368 1164 4408 semen
1218 4353 1336 4422 ipse
1384 4362 1468 4409 cst
1501 4353 1768 4410 Dominus
1794 4354 2066 4411 Christus.

2155 1855 2382 1928 καρδίαν
2412 1856 2592 1909 αὐτῶν
2620 1854 2912 1927 ὲςπιγράψω
2941 1852 3157 1918 αὐτούς·
3195 1855 3289 1908 καὶ
3325 1854 3539 1924 ἔσομαι
3570 1852 3750 1914 αὐτοῖς

2156 1949 2237 2011 είς
2266 1947 2420 2013 Θεὸν,
2452 1946 2548 2001 καὶ
2572 1948 2725 2011 αίιτοὶ
2751 1947 2968 2000 ἔσονταί
2998 1964 3084 2015 μοι
3123 1948 3204 2010 είς
3226 1947 3379 2001 λαόν.
3416 1966 3439 2000 ι
3468 1977 3546 1986 -
3566 1964 3586 1997 ι
3616 1947 3750 2014 Ἀρι

2157 2037 2248 2093 οῦν
2276 2041 2307 2108 ἡ
2343 2039 2524 2101 πίστις
2549 2037 2609 2103 ὲξ
2639 2040 2831 2107 ἀκοῆς,
2858 2039 2891 2109 ἡ
2916 2037 2960 2090 δ“
2991 2037 3128 2108 ἀκοή
3156 2037 3245 2090 διὰ
3270 2039 3535 2108 ῥήματος
3559 2036 3745 2088 Θεοῦ-ι

2157 2131 2241 2185 δεῖ
2261 2131 2369 2201 γάρ
2425 2130 2642 2200 πρῶτον
2675 2132 2930 2194 ἀκοῦσαι,
2960 2126 3080 2184 εἶτα
3105 2133 3163 2184 ὲν
3202 2130 3423 2201 διανοίᾳ
3464 2130 3566 2183 καὶ
3597 2130 3654 2181 ἐν
3686 2130 3749 2197 τῇ

2160 2224 2356 2292 καρδίᾳ
2400 2222 2659 2288 δέξασθαι
2705 2222 2799 2276 τοῦ
2833 2222 2969 2276 Θεοῦ
3024 2225 3246 2294 ῥήματα
3277 2223 3379 2276 καὶ
3432 2220 3751 2274 πιστεῦσαι·

2161 2314 2410 2385 καθάπερ
2437 2316 2530 2368 καί
2551 2333 2565 2347 ο
2601 2334 2619 2366 ι
2653 2314 2907 2387 Ἀϐραὰμ
2928 2316 3218 2368 ἐπίστευσε
3245 2314 3324 2384 τῷ
3359 2313 3510 2384 Θεῷ,
3531 2316 3626 2366 καὶ
3644 2313 3752 2366 ἐλο-

2161 2406 2322 2477 γίσθη
2354 2405 2502 2478 αὐτῴ
2524 2408 2602 2472 εἰς
2630 2407 2996 2476 δικαιοσύνην.
3026 2426 3045 2459 ι
3078 2437 3149 2447 —
3185 2426 3204 2458 ‹
3244 2406 3396 2459 Διότι
3431 2408 3497 2459 οὑ
3534 2405 3754 2459 δικαιω-

2163 2498 2386 2571 θήσεται
2437 2501 2494 2566 ὲξ
2546 2499 2724 2569 ἔργων
2771 2498 2935 2570 νόμου
2977 2501 3125 2552 πᾶσα
3170 2498 3328 2569 σάρξ.
3374 2516 3395 2550 ι
3432 2527 3505 2539 —-
3544 2515 3563 2548 ‹
3604 2497 3751 2549 Ὅσοι

2162 2590 2272 2660 γὰρ
2297 2589 2356 2655 ἐξ
2380 2589 2558 2661 ἔργων
2586 2591 2751 2662 νόμου
2781 2591 2940 2653 είσῖν,
2972 2590 3076 2643 ὑπὸ
3105 2591 3356 2662 κατάραν
3384 2587 3519 2641 εἰσί·
3550 2592 3749 2658 γέγρα-

2164 2699 2296 2736 πται
2319 2682 2447 2754 γάρ·
2479 2682 2909 2754 Ἐπικατάρατος
2928 2682 2985 2746 ὃς
3009 2683 3107 2736 οὐκ
3130 2682 3362 2753 ἐμμένει
3397 2683 3459 2734 ὲν
3490 2682 3626 2734 πᾶσι
3646 2681 3750 2741 τοῖς

2165 2775 2574 2847 γεγραμμένοις
2607 2777 2666 2828 ὲν
2705 2777 2783 2846 τῷ
2827 2775 3017 2847 βιϐλίῳ
3042 2774 3137 2829 τοῦ
3186 2775 3357 2846 νόμου
3391 2773 3492 2827 τοῦ
3532 2772 3749 2841 ποιῆσαι

2165 2868 2323 2921 αὐτά·
2363 2886 2382 2918 ι
2417 2869 2498 2921 ὅτι
2529 2867 2584 2921 δὲ
2618 2870 2675 2920 ἐν
2727 2869 2876 2940 νόμῳ
2921 2868 3097 2932 οὐδεὶς
3119 2867 3429 2922 δικαιοῦται
3476 2866 3631 2935 παρὰ
3677 2862 3747 2932 τῷ

2165 2952 2305 3023 Θεῷ,
2338 2952 2495 3022 δῆλον
2528 2954 2611 3008 ὅτι
2640 2957 2668 3009 ὁ
2702 2954 2907 3020 δίκαιος
2937 2957 3003 3009 ἑκ
3030 2956 3267 3020 πίστεως
3301 2954 3541 3028 ζήσεται
3568 2957 3625 3008 ἐν
3660 2954 3749 3006 αὐ-

2168 3048 2300 3108 τοῖς’
2328 3047 2355 3098 ὁ
2377 3045 2434 3098 δὲ
2482 3046 2731 3117 Ἀϐραὰμ
2770 3048 3057 3101 ἐπίστευσε
3096 3048 3174 3119 τῷ
3218 3048 3340 3120 Θεῷ
3373 3050 3477 3101 καὶ
3504 3044 3743 3115 ἐλογίσθη

2167 3135 2316 3208 αὐτῷ
2340 3138 2420 3202 είς
2444 3137 2812 3210 δικαιοσύνην·
2845 3139 3137 3209 προϊδοῦσα
3177 3138 3235 3192 δὲ
3264 3143 3298 3209 η
3339 3140 3542 3211 Γραςρὴ
3570 3140 3652 3191 ὅτι
3686 3139 3746 3188 ὲκ

2169 3228 2406 3308 πίστεως
2433 3230 2634 3285 δικαιοῖ
2659 3232 2730 3286 τὰ
2749 3230 2874 3303 ἔθνη
2902 3233 2930 3285 ὁ
2955 3231 3112 3298 Θεὸς,
3140 3231 3655 3312 προευηγγελίσατο
3674 3227 3744 3298 τῷ

2179 3321 2453 3395 Ἀϐραάμ.

2238 3435 2543 3489 Γινώσκετε
2579 3435 2671 3503 οῦν
2707 3436 2816 3508 ἄρα
2847 3437 2928 3489 ὅτι
2959 3436 3009 3489 oi
3031 3436 3095 3489 ἐκ
3120 3433 3387 3501 πίστεως,
3424 3427 3573 3491 οὗτοί
3614 3433 3741 3485 εἰσιν

2154 3516 2276 3603 *υἱοὶ
2314 3525 2584 3599 Ἀϐραάμο
2615 3527 2694 3597 τῷ
2720 3526 2778 3579 δὲ
2819 3526 3072 3596 ’Δϐραὰμ
3095 3524 3408 3597 appiane”
3437 3525 3495 3578 αἱ
3523 3525 3743 3588 ὲπαγγεο

2167 3620 2279 3674 λίαι
2308 3619 2404 3674 καὶ
2417 3618 2495 3691 τῷ
2525 3618 2801 3689 σπέρματι
2828 3616 3105 3705 αὐτοῦ’ὶού
3129 3615 3297 3684 λέγει,
3316 3616 3412 3669 Ἐν
3444 3616 3556 3677 τοῖς
3579 3611 3740 3679 σπέρ-

2172 3726 2358 3779 μασιν,
2384 3709 2456 3773 ob;
2473 3709 2565 3762 ἐπὶ
2581 3707 2809 3774 πολλῶν,
2833 3708 2949 3761 ἀλλ’
2979 3703 3054 3769 ὧς
3075 3709 3161 3775 ἐφ’
3187 3707 3328 3771 ἑνὸς,
3362 3707 3455 3760 Ἐν
3472 3705 3554 3774 τῷ
3580 3703 3737 3770 σπέρ-

2174 3801 2304 3873 ματί
2357 3817 2471 3854 σουο
2505 3799 2664 3853 τοῦτο
2708 3800 2817 3869 γάρ
2863 3801 2979 3852 ἐστι
3009 3796 3242 3869 διαθήκη
3275 3792 3735 3867 προκεκυρωμένη

2171 3892 2276 3946 ὑπὸ
2307 3890 2402 3945 τοῦ
2432 3891 2566 3945 Θεοῦ
2601 3892 2682 3955 είς
2709 3888 2967 3962 Χριστὸν,
2996 3890 3025 3943 ὁ
3060 3889 3202 3960 μετὰ
3228 3889 3563 3960 τετρακόσια
3593 3884 3736 3955 τριά-

2171 4001 2336 4038 κοντα
2377 3983 2471 4055 ἐτη
2502 3980 2745 4052 γεγονὼς
2792 3981 2955 4052 νόμος
2978 3982 3081 4035 οὐκ
3119 3982 3316 4051 ἀκυροῖ
3344 3979 3524 4046 εἰςτὸ
3546 3991 3735 4043 καταρ-
3827 4001 3834 4008 -

2171 4077 2335 4146 γῆσαι
2366 4076 2463 4147 τὴν
2492 4076 2845 4144 ἐπαγγελίαν·
2882 4076 2978 4128 καὶ
3000 4074 3035 4145 ἡ
3065 4073 3273 4127 παλαιὰ
3317 4071 3537 4145 Γραφὴῖ
3558 4065 3733 4134 διαθή⁶

2173 4185 2275 4239 κην
2299 4166 2393 4221 τοῦ
2423 4167 2557 4221 Θεοῦ
2587 4167 2742 4220 καλεῖ
2775 4165 2873 4237 τὴν
2905 4166 3038 4238 πρὸς
3078 4165 3170 4219 τὸν
3228 4165 3489 4238 ’Δϐραὰμ
3518 4175 3733 4231 γεγενη-

2176 4258 2346 4329 μένην
2377 4259 2710 4328 ἐπαγγελίαν
2732 4274 2746 4289 ·
2797 4257 3163 4328 ἐπηγγείλατο
3199 4257 3256 4310 δὲ
3298 4257 3393 4312 διὰ
3439 4255 3731 4324 σπέρματος

2169 4351 2266 4404 τοῦ
2322 4352 2574 4423 Ἀϐραὰμ
2618 4351 2863 4419 εὐλογεῖν
2908 4350 2978 4404 τὰ
3026 4350 3156 4419 ἔθνη
3203 4351 3232 4403 ὁ
3280 4349 3395 4403 τῶν
3432 4348 3567 4402 ὅλων
3593 4342 3729 4402 Θεός⁹

489 4445 595 4500 Per
670 4444 826 4497 illum
903 4443 1051 4497 enim
1132 4442 1339 4496 exitum
1427 4444 1728 4513 promissio
1808 4445 2062 4503 obtinuit.

2173 4444 2331 4498 τοῦτο
2356 4445 2413 4497 δὲ
2445 4444 2506 4496 τὸ
2547 4444 2770 4513 σπέρμα
2817 4443 2982 4507 αὐτός
3045 4444 3196 4495 ἐστιν
3232 4445 3261 4496 ὁ
3306 4441 3586 4510 Δεσπότης
3612 4436 3733 4503 XF"

486 4536 624 4591 Nam
658 4535 702 4588 si
729 4550 794 4587 ex
825 4535 944 4604 lege
973 4543 1058 4587 est
1085 4534 1395 4599 litereditas,
1429 4550 1541 4590 non
1584 4543 1671 4590 est
1715 4553 1781 4591 ex
1824 4538 2069 4608 promis-

486 4629 684 4692 sione;
720 4627 954 4681 Abraha:
998 4637 1182 4681 autem
1233 4644 1333 4696 per
1376 4629 1799 4697 promissionem
1844 4630 2073 4686 donavit

489 4720 636 4774 Deus
662 4735 872 4774 semen.
896 4717 1039 4785 Quid
1066 4719 1235 4787 ergo?
1261 4719 1348 4773 lex
1372 4718 1877 4789 transgressionum
1904 4735 2069 4775 causa

487 4818 694 4863 statuta
733 4820 840 4874 est,
874 4810 1182 4879 usquedum
1234 4809 1452 4863 veniret
1500 4824 1689 4863 semen
1737 4810 1887 4879 quod
1940 4825 2072 4880 pro-

489 4902 718 4955 missum
745 4911 884 4966 erat,
917 4901 984 4956 ad
1025 4901 1324 4957 utilitatem
1362 4909 1569 4955 statuta
1602 4911 1689 4956 est
1723 4901 1811 4955 lex
1855 4902 2074 4971 generis

488 4994 676 5064 hujus,
704 5010 770 5049 ex
801 5009 912 5062 quo
943 5009 1130 5048 semen
1157 4992 1293 5047 illud
1317 4992 1559 5047 debebat
1597 4995 1903 5050 secundum
1948 5012 2074 5051 car-

488 5100 617 5139 nem
658 5085 850 5149 exire;
900 5093 1106 5140 statuta
1142 5093 1229 5140 est
1266 5095 1450 5139 autem
1494 5086 1704 5156 angelis
1753 5089 2079 5143 ministrari;

490 5180 663 5239 tibus,
709 5186 765 5232 et
818 5178 985 5248 hujus
1032 5176 1374 5231 institutioni
1421 5176 1605 5246 Moyse
1643 5177 1943 5232 serviente.
1980 5178 2077 5233 Sin

489 5276 678 5323 autem
738 5266 962 5321 Ιιιιιιοιιε
1023 5264 1241 5319 vocaris
1302 5273 1358 5318 et
1421 5280 1746 5334 perseveras
1805 5266 1860 5320 in
1932 5267 2075 5337 lege,

490 5359 649 5427 quasi
695 5357 747 5409 in
796 5358 916 5427 lege
955 5356 1217 5427 glorians,
1263 5371 1361 5425 per
1407 5357 1904 5426 transgressionem
1945 5357 2079 5428 legis

494 5449 666 5503 Deum
709 5430 1036 5513 inhonorus;
1124 5445 1482 5502 circumcisio
1529 5448 1678 5501 enim
1730 5448 1979 5517 prodest,
2032 5447 2077 5501 si

2178 4534 2322 4592 πός’
2351 4531 2417 4584 δι’
2458 4531 2622 4585 αὐτοῦ
2652 4531 2762 4602 γὰρ
2795 4532 2969 4604 πέρας
3009 4533 3044 4602 ἡ
3093 4532 3391 4602 ὑπόσχεσις
3436 4529 3647 4586 ἐλαϐενο
3688 4522 3730 4573 εἰ

2175 4623 2285 4694 γὰρ
2331 4624 2396 4676 ἐκ
2442 4624 2608 4693 νόμου
2638 4624 2672 4693 ἡ
2706 4622 3064 4694 κληρονομία,
3103 4624 3204 4677 οὐκ
3233 4623 3385 4679 ἐστιν
3413 4623 3473 4687 ἐξ
3520 4623 3731 4683 ἐπαγγε-

2176 4713 2317 4776 λίαςθ
2370 4714 2447 4783 τῷ
2489 4715 2545 4767 δὲ
2597 4714 2849 4786 Ἀϐραὰμ
2883 4713 2952 4767 δι’
2999 4714 3336 4782 ἐπαγγελίας
3369 4705 3731 4786 κεχάρισταιὸ

2179 4806 2311 4868 θεὸς
2349 4805 2410 4860 τὸ
2446 4805 2690 4875 σπέρμα.
2717 4805 2780 4858 Τί
2810 4805 2933 4870 οῦν;
2977 4808 3006 4860 ὁ
3038 4806 3202 4877 νόμος
3231 4806 3341 4859 τῶν
3390 4800 3729 4875 παραϐάσεων

2181 4897 2342 4967 χάριν
2376 4895 2703 4966 προσετέθη,
2729 4896 2891 4968 ἄχρις
2923 4889 2985 4950 οὗ
3019 4893 3153 4964 ἦλθε
3185 4898 3247 4951 τὸ
3273 4898 3497 4970 σπέρμα
3524 4894 3551 4948 ὃ
3579 4889 3731 4958 ὲπήγ·
3770 4913 3777 4921 ’

2182 4988 2390 5055 γελται,
2438 4989 2519 5050 είς
2565 4988 2889 5056 ἐπιμέλειαν
2926 4988 3086 5059 ἐτέθη
3134 4991 3163 5043 ὁ
3211 4989 3378 5059 νόμος
3422 4986 3514 5042 τοῦ
3545 4984 3725 5053 γένους.

2185 5081 2245 5146 ἐξ
2276 5076 2337 5134 οὗ
2380 5082 2439 5133 τὸ
2492 5080 2716 5153 σπέρμα
2749 5082 2976 5151 ἔμελλεν
3011 5085 3188 5137 ἐκεῖνο
3233 5084 3377 5139 κατά
3411 5083 3582 5152 σάρκα
3622 5073 3728 5143 βλα-

2186 5174 2422 5227 στάνειν·
2469 5175 2629 5244 ἐτέθη
2671 5176 2728 5228 δὲ
2767 5177 3014 5245 ἀγγέλων
3061 5176 3520 5247 ὑπουργούντων,
3559 5167 3641 5223 καὶ
3674 5161 3727 5228 τῇ

2184 5266 2374 5319 τούτου
2404 5266 2549 5319 θέσει
2572 5268 2853 5331 Μωῡσέως
2887 5268 3285 5332 διακονοῦντος.
3318 5270 3381 5322 Εἰ
3415 5268 3471 5321 δὲ
3510 5257 3731 5316 Ἰουδαῖος

2184 5356 2442 5427 ὀνομάζει
2471 5357 2568 5411 καὶ
2600 5359 2928 5431 ἐπαναπαύῃ
2961 5359 3037 5429 τῷ
3070 5360 3243 5430 νόμῳ,
3276 5360 3352 5424 ὡς
3380 5364 3434 5414 ἐν
3458 5356 3596 5423 νόμῳ
3620 5359 3728 5401 καυ⁴

2185 5448 2406 5518 χᾶσθαι,
2432 5449 2519 5503 διὰ
2538 5449 2636 5520 τῆς
2653 5451 3014 5519 παραϐάσεως
3027 5450 3120 5504 τοῦ
3137 5452 3302 5521 νόμου
3316 5451 3406 5504 τὸν
3417 5449 3542 5502 Θεὸν
3558 5433 3728 5504 dmi-5'

569 5624 613 5694 ’ξ’
646 5621 849 5675 Jerem.
892 5637 1038 5687 XXXI,
1079 5623 1168 5678 51.
1237 5624 1283 5655 ¹⁹
1324 5622 1472 5694 ibid._
1501 5620 1592 5694 752,
1630 5623 1728 5694 753.
1759 5690 1769 5694 Α
1796 5621 1850 5694 _’°
1894 5620 2050 5694 Itoni.

2192 5623 2275 5677 l7.
2356 5624 2398 5659 ³¹
2440 5623 2580 5681 Gen.
2627 5642 2713 5691 xv,
2756 5625 3009 5692 6;l'lom.
3054 5642 3124 5694 iv,
3169 5626 3220 5680 5.
3300 5627 3346 5659 ³⁷·
3384 5623 3549 5681 Galat.
3580 5630 3628 5668 ιι.
3655 5604 3724 5664 l6-

494 5691 545 5728 ³⁶
579 5693 752 5746 Cant.
788 5709 864 5760 tl,
892 5694 973 5746 l0.
1196 5694 1241 5726 3“
1278 5692 1409 5747 Ibid.
1454 5691 1540 5745 ll.
1605 5693 1669 5726 W
1698 5690 1833 5746 ibid.
1871 5693 1957 5756 lli,
1991 5693 2079 5747 17.
