4098 6446
469 279 486 341 1
497 281 602 344 25Ἱ

1480 284 1937 346 DISPUTATIO
1972 284 2368 344 ADVERSUS
2409 285 2737 345 JUD.EO‘3.

3609 290 3745 354 12"»!

462 401 598 459 ςειςο
622 396 894 467 περιτομὴ
915 396 1012 466 μὲν
1027 396 1244 466 ὠφελεῖ.
1273 398 1368 452 ἐὰν
1387 404 1550 470 νόμον
1572 401 1846 472 πράσσῃς·
1881 399 2028 484 esse.

2156 399 2334 467 legem
2377 400 2800 465 observaveris;
2839 401 2885 456 si
2917 418 3050 458 vero
3080 412 3456 472 transgressor
3486 405 3622 477 legis
3659 426 3740 472 es,
3788 391 3796 398 ’

463 475 795 559 παραϐάέης
835 491 1004 558 νόμου
1061 489 1152 566 ᾗς,
1193 494 1226 564 ὴ
1260 496 1534 564 περιτομὴ
1583 511 1678 547 σου
1720 475 2058 564 ἀκροϐυστία

459 578 670 644 γέγονε,
699 577 844 632 καθά
873 597 1038 650 φησιν
1075 583 1378 653 Ἱερεμίας,
1409 585 1490 637 ὅτι
1525 602 1544 636 ι
1573 585 1759 638 Πάντα
1812 585 1882 636 τὰ
1929 583 2054 654 ἔθνη

459 672 810 742 ἀπερίτμητα
847 677 910 745 τῇ
947 677 1132 746 σαρκὶ,
1169 679 1198 730 ὁ
1231 677 1288 731 δὲ
1323 674 1468 740 οἶκος
1503 677 1718 750 Ἰσραὴλ
1741 677 2054 748 ἀπερίτμη-

459 779 543 826 τος
558 767 624 835 τῇ
641 764 846 836 καρδία.
880 785 1002 818 ι--ι
1028 769 1436 840 Περιτμηθῆναι
1451 769 1530 840 τῷ
1542 769 1662 839 Θεῷ
1678 769 1773 823 καὶ
1787 784 2056 840 περιτμη-

458 855 734 926 θῆναιτὴν
765 858 1245 930 ἀκροϐυστίαντῆς
1258 859 1483 928 καρδίας
1505 859 1924 930 {imiimi—«Aid
1941 858 2052 926 γὰρ

457 947 623 1017 νόμου
657 947 958 1016 ἐπίγνωσις
983 950 1277 1022 ἁμαρτίαςο
1313 951 1548 1022 νῦνιγὰρ
1571 949 1887 1020 δικαιοσύνη
1913 949 2049 1003 Θεοῦ

455 1040 844 1110 πεφανέρωται
873 1043 1304 1112 μαρτυρουμένη
1331 1043 1437 1096 ὑπὸ
1471 1043 1636 1114 νόμον
1663 1045 1757 1096 καὶ
1781 1043 1890 1096 τῶν
1917 1059 2050 1113 προ-

457 1131 666 1198 φητῶψ
699 1131 1020 1204 δικαιοσύνη
1054 1133 1111 1188 δὲ
1149 1134 1286 1188 Θεοῦ
1318 1135 1408 1188 διὰ
1441 1135 1678 1200 πίστεως
1704 1133 1880 1204 Ἰησοῦ
1908 1135 2046 1206 Χρι-

456 1223 584 1278 στοῦ
621 1226 702 1288 εἰς
753 1227 966 1291 πάντας
1004 1228 1101 1282 καὶ
1134 1230 1229 1282 ἐπὶ
1261 1230 1477 1291 πάντας
1504 1230 1630 1292 τοῦς
1669 1230 2058 1293 πιστεύοντας⁶

451 1317 816 1390 δικαιούμεθα
843 1319 1054 1392 δωρεὰν
1078 1323 1146 1393 τῇ
1181 1323 1349 1376 αὑτοῦ
1375 1321 1560 1392 χάριτι
1589 1321 1680 1376 διὰ
1709 1324 1808 1392 τῆς
1835 1321 2043 1375 ἀπολυ-

406 1439 412 1446 ο
457 1409 709 1480 τρώσεως
740 1410 844 1480 τῆς
876 1413 936 1466 ὲν
973 1413 1200 1485 Χριστῷ
1239 1414 1440 1482 Ἰησοῦ.
1486 1433 1506 1466 ι

528 1578 547 1611 ι
576 1559 920 1630 Λογιζὸμεθα
967 1561 1060 1618 οὖν
1092 1561 1276 1616 πίστει
1325 1561 1678 1617 δικαιοῦσθαι
1740 1561 2042 1631 ἄνθρωπον

463 1655 628 1722 ί.ωρ’ς
671 1652 852 1724 ἔργων
883 1653 1075 1725 νόμου.
1101 1673 1121 1708 ι
1160 1655 1260 1722 Τί;
1301 1673 1320 1706 ι
1365 1655 1640 1710 Ἰουδαίων
1681 1655 1710 1708 ὁ
1753 1655 1888 1718 Θεὸς
1944 1655 2039 1725 μου

2159 492 2517 547 circumcisio
2549 502 2641 547 tua
2664 495 2994 564 przeputium
3023 495 3162 550 facta
3189 508 3311 562 est;
3346 497 3488 550 sicut
3525 498 3602 551 ait
3651 498 3745 552 Je-

2157 583 2399 639 remias:
2423 605 2442 636 ι
2471 584 2676 642 Omnes
2695 598 2889 658 gentes
2910 588 3310 644 incircumcisa:
3336 605 3523 655 carne,
3548 591 3745 646 domus

2157 689 2294 730 vero
2317 676 2482 732 Israel
2509 677 2896 733 incircumcisa
2917 679 3087 734 corde
3105 679 3170 733 ³⁵.
3203 699 3222 731 ι
3249 711 3320 720 ——
3355 699 3372 731 ι
3407 680 3740 736 Circumcidi

2155 765 2268 820 Deo
2305 775 2362 821 et
2401 768 2732 824 circumcidi
2783 769 2839 824 in
2883 771 3156 840 prmputio
3209 771 3395 826 cordis
3422 774 3594 826 vestri
3619 773 3683 829 ³⁸.
3719 793 3737 825 ι

2151 886 2188 896 -
2254 876 2273 908 ι
2305 857 2411 912 Per
2446 859 2623 929 legem
2669 859 2818 914 enim
2868 861 3116 930 cognitio
3162 861 3414 930 peccati;
3459 877 3612 916 mine
3647 863 3707 933 ju

2153 947 2305 1003 stitia
2341 950 2437 1004 Dei
2473 951 2823 1007 manifestata
2855 963 2938 1007 est
2970 953 3264 1008 testiﬁcata
3301 969 3331 1009 ιι
3379 953 3500 1024 lege
3531 964 3587 1009 et
3615 971 3742 1024 pte-

2149 1041 2374 1110 phetis;
2417 1044 2635 1114 justitia
2685 1053 2868 1099 autem
2919 1046 3015 1100 Dei
3052 1061 3150 1116 per
3186 1046 3346 1100 ﬁdem
3378 1047 3505 1100 Jcsu
3530 1047 3736 1101 Christi

2151 1131 2209 1184 in
2243 1146 2438 1187 omnes
2473 1141 2530 1188 et
2558 1149 2728 1203 super
2764 1149 2956 1189 omnes
3002 1135 3332 1196 credentes:
3364 1136 3738 1206 justiﬁcamnr

2147 1222 2320 1292 gratis
2357 1225 2478 1295 ejus
2529 1225 2706 1296 gratia
2761 1241 2864 1295 per
2913 1226 3354 1297 redemptionem
3407 1227 3465 1282 in
3515 1227 3738 1283 Christo

2145 1313 2277 1370 Iesu
2297 1315 2361 1370 ".
2403 1335 2422 1368 ι

2225 1567 2244 1600 ι
2305 1547 2661 1603 Arhitramur
2716 1565 2852 1621 ergo
2922 1551 3028 1606 ﬁde
3095 1551 3389 1622 justiﬁcari
3450 1552 3730 1608 hominem

2143 1641 2355 1710 absque
2413 1641 2679 1710 operibus
2739 1643 2962 1713 legis“.
3022 1661 3040 1694 ι
3099 1644 3286 1710 Quid?
3340 1663 3359 1696 ι
3412 1645 3730 1700 Iudaeorum

461 1763 568 1805 νιν,
601 1747 724 1815 οὐχὶ
767 1746 862 1798 καὶ
893 1747 1105 1816 ὲθνῶν;
1137 1749 1225 1802 ναὶ
1255 1749 1352 1802 καὶ
1397 1747 1568 1802 ἐθνῶν
1587 1763 1604 1779 ο
1634 1749 1870 1818 ἐπείπερ
1893 1742 1976 1812 εἷς
2007 1747 2028 1800 ὁ

2145 1740 2359 1786 tantum
2421 1733 2562 1787 Deus
2617 1741 2724 1796 est,
2774 1750 2884 1788 non
2932 1735 3099 1789 etiam
3148 1735 3438 1805 gentium?
3474 1746 3628 1792 certe
3674 1747 3732 1792 et
3811 1734 3820 1744 ’

454 1837 586 1900 reb;
621 1836 681 1900 ὃς
709 1836 997 1892 δικαιώσει
1021 1835 1342 1912 περιτομὴν
1375 1843 1442 1894 ἐκ
1475 1841 1714 1904 πίστεως
1741 1841 1835 1894 καὶ
1867 1841 2038 1910 ἀκρο-

451 1929 677 1982 ίυστίαν
728 1930 816 1983 διὰ
863 1931 1140 1996 πίστεως·
1171 1931 1248 1995 ὡς
1293 1933 1459 2001 νόμον
1502 1933 1598 1987 οῦν
1648 1933 2038 2004 καταργοῦμεν

451 2019 538 2072 ἰιὰ
569 2021 670 2089 τῆξ
702 2023 944 2084 π’στεως
970 2038 986 2088 ;
1011 2021 1087 2092 μὴ
1113 2021 1504 2091 γένοιτοίάλλὰ
1533 2022 1697 2092 νόμον
1727 2022 1983 2090 ἱστῶμεν.
2013 2039 2031 2070 ι

447 2142 516 2152 -
551 2131 570 2163 ι
597 2109 663 2164 Τί
689 2113 798 2182 γὰρ
831 2115 864 2182 ἠ
899 2113 1092 2184 Γραφὴ
1121 2113 1312 2183 λέγει;
1353 2113 1679 2168 Ἐπίστευσε
1704 2113 1762 2166 δὲ
1786 2113 2040 2184 Ἀϐραὰμ

449 2201 527 2273 τῷ
555 2201 698 2271 Θεῷ,
729 2205 829 2256 καὶ
856 2204 1116 2274 ἐλογίσθη
1141 2205 1291 2277 αὑτῷ
1318 2207 1398 2270 εἰς
1429 2203 1798 2275 δικαιοσύνην.
1824 2223 1844 2256 ι
1874 2207 2036 2271 Λέγει

448 2297 558 2368 γάρ
602 2297 631 2348 ὁ
671 2295 837 2348 Δαϐιδ
865 2313 879 2328 ο
911 2315 930 2348 ι
951 2299 1231 2368 Μακάριοι
1273 2291 1350 2351 ὦν
1392 2297 1676 2369 ἀφέθησαν
1704 2298 1761 2350 ai
1790 2295 2032 2366 ἀνομίαι.

449 2403 548 2440 ναι
595 2383 669 2439 ὧι
727 2387 1208 2458 ἁπεκαλύφθησαν
1259 2391 1318 2444 αἱ
1371 2389 1686 2461 ἁμαρτίαι·
1764 2389 2034 2456 μακάριος

457 2479 620 2550 ἀνὴρ,
657 2472 701 2548 ᾧ
736 2479 800 2534 οὐ
846 2479 924 2552 μὴ
971 2481 1262 2552 λογίσηται
1310 2481 1518 2554 Κύριος
1571 2482 1870 2555 ἁμαρτίαν.
1911 2499 1929 2534 ι
1964 2509 2032 2521 -

460 2586 481 2620 ι
520 2569 580 2620 '0
609 2578 792 2641 νιροη
829 2573 988 2642 φησὶ,
1032 2577 1146 2638 τοῖς
1188 2575 1568 2646 ἁμαρτάνουσι
1615 2575 1715 2646 τὴν
1761 2575 2036 2646 τιμωρίαν

449 2661 648 2730 ἐπάγει
671 2676 686 2691 '
725 2680 746 2714 ι
773 2662 876 2716 ὁδὲ
909 2665 1200 2736 προφήτης
1235 2664 1535 2738 μακαρίζει
1561 2667 1686 2729 τοὺς
1717 2665 1825 2718 τῶν
1854 2665 2025 2736 ἀμαρ-

445 2767 514 2820 τη
524 2753 712 2820 μάτων
746 2752 1080 2824 δεξαμένους
1109 2757 1210 2827 τὴν
1237 2757 1466 2826 ἄφεσινο
1497 2759 1527 2810 ὁ
1545 2757 1912 2827 ,μακαρισμὸς
1942 2754 2035 2808 οὖν

442 2837 600 2906 οὗτος
639 2845 735 2897 ἐπὶ
775 2845 874 2916 τὴν
923 2849 1232 2920 περιτομὴν
1275 2849 1308 2919 ἢ
1357 2849 1454 2902 ἐπὶ
1483 2849 1583 2921 τήν
1627 2847 2032 2918 ἁκροϐυστίαν;

444 2935 682 3006 λέγομεν
711 2937 796 2990 ὃτι
839 2937 1100 3009 ἐλογίσθη
1145 2939 1224 3010 τῷ
1265 2939 1521 3011 Ἀϐραάμ
1561 2942 1594 3012 η
1629 2941 1816 3002 πίστις
1847 2940 1926 3002 εἰς
1955 2939 2037 2992 δι-

444 3025 764 3097 καιοσύνην
785 3027 904 3092 πῶς
933 3025 1026 3082 οὗν
1046 3029 1324 3102 ἐλογίσθη,
1354 3033 1412 3084 ἐν
1438 3033 1712 3103 περιτομῇ
1742 3029 1878 3093 δντι,
1909 3030 1942 3100 ἢ
1973 3031 2034 3082 ὲν

2139 1824 2426 1894 gentium;
2459 1823 2721 1893 quoniam
2753 1841 2899 1880 unus
2947 1826 3096 1882 Deus
3136 1827 3230 1896 qui
3258 1827 3587 1897 justiﬁcabit
3617 1827 3730 1882 cir—

2139 1916 2536 1972 cumcisionem
2593 1931 2660 1971 ex
2715 1916 2821 1972 lide
2870 1927 2928 1972 et
2991 1919 3322 1988 praeputium
3380 1935 3480 1990 per
3538 1920 3724 1974 ﬁdem.

2139 2004 2338 2076 Legem
2365 2019 2499 2076 ergo
2529 2004 2874 2061 destruimus
2894 2021 2993 2076 per
3023 2006 3224 2061 ﬁdem?
3246 2008 3410 2062 absit!
3429 2008 3526 2064 sed
3549 2009 3726 2078 legem

2139 2097 2526 2152 statuimus”.
2565 2116 2583 2148 ι
2635 2127 2706 2138 —
2758 2117 2776 2150 ι
2810 2099 2954 2166 Quid
3003 2099 3156 2154 enim
3209 2099 3498 2171 Scriptura
3547 2102 3728 2158 dicit?

2137 2189 2392 2245 Credidit
2443 2191 2725 2247 Abraham
2775 2191 2888 2246 Deo
2939 2200 2995 2248 ct
3045 2202 3361 2262 reputatum
3415 2203 3502 2250 est
3543 2195 3623 2251 illi
3669 2197 3723 2250 in

2132 2283 2405 2351 justitiam
2423 2284 2506 2349 ἰθς
2545 2303 2563 2336 ι
2599 2285 2736 2340 dicit
2778 2287 2928 2340 enim
2983 2286 3196 2341 David:
3242 2309 3260 2339 ι
3300 2287 3452 2343 Beati
3485 2305 3722 2360 quorum

2136 2375 2383 2430 remissae
2428 2387 2558 2432 sunt
2611 2377 2963 2447 iniquitates,
3007 2389 3066 2434 et
3105 2395 3344 2448 quorum
3395 2390 3537 2436 tecta
3594 2393 3725 2438 sunt

2135 2475 2400 2535 peccata;
2430 2467 2624 2525 beatus
2668 2471 2777 2535 vir,
2820 2469 2909 2526 cui
2959 2485 3070 2527 non
3118 2469 3417 2543 impulabit
3453 2473 3723 2531 Dominus

2136 2573 2423 2631 peceatum
2446 2565 2512 2620 ⁸⁸.
2543 2585 2563 2617 ι
2593 2595 2664 2606 -
2692 2585 2712 2619 ι
2737 2567 2867 2633 Lex,
2893 2569 3096 2640 inquit,
3127 2572 3490 2640 peccantibus
3509 2573 3724 2643 suppli-

2135 2655 2282 2710 cium
2313 2657 2506 2724 aﬁ‘ert;
2546 2678 2565 2711 ›
2613 2659 2890 2730 Propheta
2947 2670 3130 2717 autem
3189 2661 3384 2718 beatos
3437 2663 3578 2720 dicit
3625 2666 3719 2734 qui

2135 2755 2492 2818 peccatorum
2537 2761 2874 2822 receperunt.
2921 2755 3330 2812 remissionem.
3377 2756 3505 2817 Ilaec
3551 2756 3723 2828 igitur

2135 2840 2424 2898 beatitudo
2478 2845 2535 2900 in
2585 2845 3068 2903 circumcisionem
3113 2864 3184 2904 an
3249 2849 3304 2904 in
3352 2849 3723 2919 praeputium?

2135 2931 2383 2987 Dicimus
2400 2933 2637 3000 Abrahae
2655 2944 2966 3006 reputatam
2993 2952 3116 2992 esse
3147 2936 3311 2992 ﬁdem
3338 2939 3391 2993 in
3411 2938 3717 3008 justitiam;

2135 3025 2416 3094 quomodo
2444 3041 2580 3096 ergo
2605 3036 2862 3098 reputata
2889 3037 2996 3094 est,
3030 3029 3086 3084 in
3121 3028 3546 3086 circumcisione
3563 3048 3632 3087 an
3663 3032 3718 3086 in

444 3120 785 3194 ἀκροϐυστίᾳ
811 3139 827 3190 ;
853 3123 1012 3193 δῆλον
1035 3123 1137 3177 οὐκ
1165 3125 1226 3176 ἐν
1244 3126 1542 3196 περιτομῇ,
1571 3123 1688 3178 ἀλλ’
1710 3126 1768 3176 ὲν
1789 3121 2028 3192 ἀκροϐυ-

2138 3117 2444 3186 praeputio?
2469 3117 2710 3174 Evidens
2755 3129 2860 3182 est,
2895 3136 3006 3176 non
3039 3121 3097 3177 in
3136 3123 3584 3188 circumcisione,
3621 3123 3718 3179 sed

445 3216 572 3286 στίᾳ
593 3229 608 3243 ·
632 3215 728 3267 καὶ
751 3217 982 3286 σημεῖον
1015 3213 1176 3268 ἔλαϐε
1206 3215 1514 3286 περιτομῆς
1533 3210 1806 3285 σφραγῖδα
1829 3214 1926 3281 τῆς
1953 3212 2034 3266 διο

444 3303 739 3376 καιοσύνης
765 3307 866 3376 τῆς
897 3305 1139 3372 πίστεως
1175 3306 1279 3376 τῆς
1313 3308 1371 3360 ὲν
1396 3308 1463 3378 τῇ
1481 3304 1823 3376 ἀκροϐυστία
1851 3305 1932 3367 είς
1970 3303 2032 3356 τὸ

443 3393 586 3450 εἶναι
609 3399 772 3452 αὐτὸν
797 3399 1014 3470 πατέρα
1035 3399 1258 3454 πάντων
1277 3398 1388 3451 τῶν
1409 3399 1771 3452 πιστευόντων
1789 3394 1856 3449 δι’
1869 3397 2034 3468 ἀκρο-

445 3489 694 3554 ϐυστίας,
727 3493 808 3556 εἰς
839 3491 901 3545 τὸ
925 3491 1249 3562 λογισθῆναι
1273 3491 1370 3545 καὶ
1399 3491 1588 3554 αὐτοῖς
1620 3490 1721 3561 τὴν
1751 3487 2029 3543 δικαιοσύ-

443 3597 578 3652 νηνο
609 3583 710 3636 καὶ
741 3583 958 3655 πατέρα
987 3583 1301 3655 περιτομῆς
1335 3583 1396 3636 οὐ
1431 3585 1546 3646 τοῖς
1601 3583 1667 3636 ὲκ
1721 3582 2028 3652 περιτομῆς

445 3675 629 3742 μένον,
663 3674 800 3728 ἀλλὰ
843 3676 942 3730 καὶ
979 3678 1093 3740 τοῖς
1124 3674 1398 3746 στοιχοῦσι
1432 3677 1546 3738 τοῖς
1595 3674 1768 3745 ῐχνεσι
1805 3671 1906 3742 τῆς
1935 3671 2028 3723 πί-

443 3783 638 3833 στεως,
688 3770 801 3830 τοῖς
862 3769 922 3822 ἐν
964 3771 1032 3840 τῇ
1085 3767 1426 3840 ἀκροϐυστίᾳ
1467 3765 1564 3820 τοῦ
1613 3765 1822 3838 πατρὸς
1869 3763 2026 3835 ὑμῶν

459 3861 706 3933 Ἀϐραάμ
721 3879 734 3893 ·
753 3863 816 3918 οὐ
835 3863 948 3935 γὰρ
961 3863 1053 3917 διὰ
1066 3863 1234 3934 νόμου
1255 3863 1290 3933 ἠ
1315 3859 1619 3929 ἐπαγγελία
1639 3859 1719 3931 τῷ
1747 3857 2020 3928 Ἀϐραὰμ,

437 3954 472 4027 ἢ
503 3955 584 4028 τῷ
619 3957 900 4027 σπέρματι
929 3956 1126 4019 αὑτοῦ,
1157 3957 1219 4010 τὸ
1255 3955 1594 4027 κληρονόμος
1618 3949 1756 4008 εἶναι
1788 3953 2018 4023 κόσμου,

349 4041 358 4048 ’
437 4046 578 4100 ἀλλὰ
609 4047 960 4120 δικαιοσύνης
981 4048 1254 4112 πίστεως·
1284 4049 1312 4100 ὁ
1340 4048 1452 4120 γὰρ
1491 4047 1654 4116 νόμος
1678 4044 1848 4116 ὀργὴν
1885 4060 2022 4097 κατ-

435 4139 768 4210 εργάζεται·
803 4139 927 4202 ἔθος
973 4141 1085 4212 γὰρ
1127 4139 1208 4210 τῷ
1241 4139 1391 4211 νόμῳ
1457 4137 1711 4202 κολάζειν
1757 4137 1884 4198 τοὺς
1915 4151 2021 4186 πα-

432 4229 801 4296 ραϐαίνοντας
823 4247 838 4262 ο
869 4225 932 4284 οὗ
961 4231 1070 4302 γὰρ
1099 4231 1202 4284 οὐκ
1245 4229 1363 4284 ἔστι
1393 4229 1579 4299 νόμος,
1604 4227 1726 4282 οὐδὲ
1759 4225 2016 4296 παράϐα-

433 4337 552 4385 σις’
583 4321 673 4374 διά
700 4323 861 4376 τοῦτο
886 4325 950 4377 ὲκ
981 4323 1241 4386 πίστεως,
1271 4322 1361 4376 ἵνα
1384 4321 1530 4376 κατὰ
1555 4320 1719 4391 χάριν
1749 4315 1808 4394 ᾖ,
1838 4321 1919 4377 εις
1955 4316 2016 4369 τὸ

2137 3211 2193 3265 in
2221 3212 2514 3282 praeputio.
2556 3215 2626 3269 Et
2659 3216 2877 3286 signum
2915 3216 3123 3286 recepit
3171 3214 3618 3272 circumcisionis
3645 3215 3721 3272 si-

2135 3305 2431 3373 gnaculum
2461 3306 2694 3376 iustitia:
2743 3307 2868 3364 ﬁdei
2897 3324 3019 3379 quae
3049 3318 3170 3365 erat
3211 3309 3268 3364 in
3326 3308 3622 3380 praeputio,
3655 3318 3718 3364 ut

2132 3404 2284 3449 esset
2321 3407 2480 3466 pater
2527 3398 2772 3453 omnium
2827 3399 3172 3455 credentium
3223 3417 3291 3456 ex
3328 3401 3717 3470 prteputiouut

2133 3497 2423 3556 reputetur
2469 3498 2528 3544 et
2568 3490 2652 3545 eis
2705 3491 2760 3546 in
2797 3491 3094 3562 justitiam,
3129 3501 3187 3546 et
3214 3502 3374 3563 pater
3417 3494 3716 3550 circumci-

2129 3577 2305 3632 sionis
2335 3595 2444 3634 non
2474 3581 2562 3636 his
2588 3583 2683 3652 qui
2718 3591 2848 3636 sunt
2891 3597 2960 3638 ex
3009 3583 3438 3638 circumcisione
3473 3594 3710 3649 tantum,

2129 3669 2226 3726 Sed
2253 3671 2420 3726 etiam
2453 3673 2542 3728 his
2568 3674 2659 3744 qui
2693 3684 3004 3745 sequuntur
3035 3675 3264 3747 vestigia
3299 3676 3449 3738 ﬁdei.
3489 3678 3544 3731 in
3570 3694 3712 3749 prie-

2125 3764 2284 3831 putio
2343 3769 2512 3836 patris
2558 3769 2726 3824 vestri
2771 3769 3028 3824 Abrahae.
3062 3770 3184 3824 Non
3217 3771 3366 3826 enim
3397 3787 3496 3841 per
3530 3773 3708 3844 legem

2125 3854 2422 3924 promissio
2443 3858 2678 3914 Abralne
2716 3869 2811 3914 aut
2861 3861 3061 3915 semini
3106 3862 3250 3930 ejus,
3280 3861 3552 3916 ha-redem
3586 3880 3710 3919 esse

2123 3949 2341 4014 mundi,
2366 3949 2465 4005 sed
2505 3967 2608 4021 per
2626 3953 2900 4022 justitiam
2927 3952 3091 4020 ﬁdei;
3116 3953 3202 4009 let
3235 3953 3383 4008 enim
3413 3953 3552 4008 iram
3575 3971 3709 4025 opc-
3761 3941 3767 3948 ’

2123 4049 2299 4109 ratur,
2326 4057 2524 4114 nempe
2549 4060 2670 4100 tuos
2697 4053 2784 4100 est
2820 4045 2956 4116 legis
3005 4045 3202 4114 punire
3243 4053 3703 4118 transgressores.

2122 4133 2229 4190 libi
2255 4137 2404 4190 enim
2442 4153 2554 4192 non
2600 4146 2685 4194 est
2729 4139 2837 4202 lex,
2880 4155 2993 4194 non
3035 4150 3121 4194 eSt
3154 4139 3550 4211 transgressio;
3580 4141 3705 4194 ideo

2119 4243 2184 4280 ex
2220 4227 2350 4292 ﬁde,
2382 4237 2444 4283 ut
2467 4230 2772 4286 secundum
2811 4232 3040 4302 gratiam
3089 4215 3190 4290 sit.
3231 4240 3291 4286 ut
3342 4231 3502 4286 ﬁeret
3545 4232 3702 4288 ﬁrma

2122 4321 2420 4390 promissio
2459 4324 2611 4378 omni
2644 4323 2864 4388 semini,
2901 4339 3012 4378 non
3065 4324 3244 4378 solum
3288 4323 3436 4394 quod
3474 4339 3542 4378 ex
3583 4324 3702 4396 lege

433 4406 574 4467 εἶναι
601 4411 823 4483 βεϐαίαν
846 4415 946 4485 τὴν
971 4415 1312 4483 ἐπαγγελίαν
1341 4414 1505 4467 παντὶ
1519 4411 1598 4482 τῷ
1629 4412 1928 4482 σπέρματι,
1949 4411 2010 4463 οὐ

2131 4421 2222 4474 est,
2277 4411 2375 4466 sed
2422 4413 2569 4482 quod
2609 4425 2696 4468 est
2741 4429 2808 4468 ex
2843 4411 2948 4466 ﬁde
2989 4413 3243 4477 Abrahae,
3271 4415 3366 4483 qui
3408 4424 3494 4470 est
3542 4424 3702 4484 pater

432 4501 510 4573 τῷ
527 4503 593 4556 ὲκ
613 4502 777 4574 νόμου
809 4503 990 4574 μόνον,
1011 4503 1150 4557 ἀλλὰ
1167 4504 1260 4556 καί
1291 4501 1369 4573 τῷ
1399 4504 1464 4556 ἐκ
1485 4501 1718 4562 πίστεως
1737 4502 1789 4554 Ἀ
1800 4499 2006 4571 ϐραὰμ,

438 4593 488 4658 ἒς
511 4596 630 4648 ἐστι
669 4597 860 4666 πατὴρ
887 4595 1108 4650 πάντων
1142 4597 1322 4666 ἡμῶν,
1355 4593 1540 4657 καθὼς
1557 4594 1892 4664 γέγραπται,
1927 4593 2010 4644 ὅτι

438 4686 652 4758 Πατέρα
707 4686 922 4740 πολλῶν
959 4686 1128 4741 ἐθνῶν
1167 4686 1390 4740 τέθεικά
1449 4700 1543 4742 σε·
1599 4684 1887 4738 κατέναντι
1947 4674 2009 4735 οὗ

459 4780 720 4834 πίστευσε
754 4779 892 4832 Θεοῦ
935 4777 1030 4832 τοῦ
1072 4777 1466 4842 ζωοποιοῦντος
1490 4777 1618 4840 τοὺς
1657 4775 1885 4844 νεκροὺς
1915 4773 2011 4826 καὶ

441 4871 724 4934 ἀλοῦντος
755 4871 825 4926 τά
863 4871 938 4942 μὴ
967 4871 1098 4924 ὅντα
1124 4871 1201 4934 ὡς
1231 4870 1361 4924 ὄντα
1383 4885 1398 4900 ο
1426 4869 1488 4930 ὃς
1519 4869 1649 4938 παρ’
1676 4867 1869 4920 ἐλπίδα
1920 4866 2008 4918 ἐπ’

425 4963 604 5016 ἐλπίδι
649 4963 996 5024 ἐπίστευσεν,
1035 4964 1117 5026 εἰς
1165 4961 1228 5016 τὸ
1268 4959 1524 5030 γενέσθαι
1575 4959 1739 5014 αὐτὸν
1790 4958 2006 5028 πατέρα

427 5053 643 5105 πολλῶν
689 5053 884 5114 ἐθνῶν,
919 5052 1142 5106 κατὰτὸ
1175 5051 1491 5122 είρημένον.
1519 5049 1708 5112 Οὕτως
1740 5049 1894 5102 ἔσται
1927 5047 2004 5118 τῷ

425 5143 708 5214 σπέρματί
748 5161 874 5197 σου⁸
921 5144 1018 5198 καὶ
1061 5143 1135 5214 μὴ
1195 5141 1504 5212 ἀσθενήσας
1551 5143 1618 5210 τῇ
1679 5139 1880 5200 πίστει,
1942 5139 2002 5191 οὐ

425 5237 722 5306 κατενόησε
769 5238 832 5290 τὸ
882 5234 1050 5290 αὑτοῦ
1085 5235 1246 5304 σῶμα
1275 5233 1378 5304 ἤδη
1406 5231 1840 5302 νενεκρωμένον,
1872 5233 2004 5284 ἐκα-

420 5326 719 5396 τονταέτης
771 5343 876 5379 που
931 5326 1236 5396 τυγχάνων,
1286 5325 1382 5378 καὶ
1431 5323 1530 5394 τὴν
1575 5323 1843 5394 νέκρωσιν
1899 5323 2001 5388 τῆς

425 5417 642 5486 μήτρας
677 5417 922 5490 Σάρῥας·
951 5419 1032 5481 εἰς
1066 5416 1123 5469 δὲ
1155 5415 1254 5486 τὴν
1282 5413 1620 5484 ἐπαγγελίαν
1649 5413 1743 5466 τοῦ
1773 5412 1906 5464 Θεοῦ
1935 5413 1996 5465 οὗ

493 5643 538 5674 ³⁸
570 5641 774 5701 Jerem.
807 5657 880 5707 lx,
917 5640 1008 5694 26.
1086 5640 1130 5672 ”
1167 5639 1370 5696 Jerem.
1409 5654 1482 5702 ιτ,
1529 5637 1584 5692 4.
1661 5637 1702 5670 ³⁷
1733 5637 1890 5690 Rom.
1922 5652 2000 5700 ιιι,
2041 5634 2232 5690 εο-εε.

421 5713 464 5748 ’⁸
501 5713 644 5768 Psal.
682 5730 824 5775 xm,
859 5714 910 5776 I,
941 5713 998 5766 '2.

2117 4501 2364 4556 omnium
2392 4510 2666 4566 nostrum,
2689 4506 2835 4558 sicut
2861 4505 3129 4574 scriptum
3169 4514 3255 4560 est
3279 4525 3293 4560 :
3318 4506 3534 4561 Patrem
3561 4509 3704 4561 mul-

2120 4599 2300 4646 tarum
2343 4595 2590 4662 gentium
2615 4594 2774 4664 posui
2809 4602 2898 4660 te;
2946 4606 3236 4665 propterea
3283 4597 3430 4666 quod
3458 4598 3701 4653 credidit

2119 4683 2293 4737 Deum
2323 4683 2419 4753 qui
2449 4678 2690 4740 viviﬁcat
2725 4692 2975 4740 mortuos
3015 4695 3072 4740 et
3115 4695 3280 4741 vocat
3329 4703 3392 4742 ea
3435 4703 3556 4758 qua:
3585 4704 3696 4742 non

2119 4785 2250 4830 sunt
2284 4785 2544 4846 tanquam
2584 4777 2734 4842 sint;
2773 4777 2866 4848 qui
2897 4786 3091 4834 contra
3137 4793 3314 4848 spem,
3353 4779 3408 4848 in
3444 4795 3540 4848 spe
3578 4796 3697 4836 creo

2115 4865 2278 4929 didit,
2311 4873 2371 4920 ut
2398 4866 2554 4921 ﬁeret
2583 4874 2739 4936 pater
2765 4867 3061 4931 multarum
3086 4866 3354 4936 gentium,
3387 4867 3692 4922 secundum

2111 4959 2262 5027 quod
2297 4959 2504 5013 dictum
2540 4969 2660 5014 est:
2707 4959 2799 5014 Sic
2823 4961 2934 5014 erit
2959 4968 3017 5014 et
3049 4959 3245 5014 semini
3280 4969 3416 5020 tuo;
3447 4960 3541 5030 qui
3581 4977 3689 5014 non

2109 5048 2421 5103 inﬁrmatus
2468 5050 2524 5103 in
2575 5049 2701 5113 ﬁde,
2732 5065 2845 5104 non
2878 5050 3253 5106 consideravit
3285 5065 3488 5120 corpus
3528 5065 3687 5104 suum

2097 5141 2210 5208 jam
2256 5150 2592 5202 emortuum,
2617 5150 2842 5196 centum
2870 5142 2980 5214 jam
3020 5157 3196 5197 annos
3216 5151 3399 5208 natus,
3420 5151 3477 5198 et
3508 5159 3685 5199 emor-

2105 5229 2250 5275 tuam
2275 5223 2485 5274 vulvam
2513 5220 2768 5286 Sarrhm;
2795 5222 2849 5275 in
2907 5221 3328 5288 promissionem
3363 5229 3543 5274 autem
3585 5217 3681 5272 Dei

2105 5328 2214 5368 non
2248 5313 2518 5368 htesitaVit
2567 5314 2890 5378 difﬁdentia,
2923 5315 3016 5368 sed
3050 5312 3398 5368 confortatus
3441 5323 3524 5368 est
3578 5315 3684 5366 lude.

2107 5405 2242 5461 dans
2259 5406 2484 5477 gloriam
2514 5406 2968 5476 Deo,plenissime
2997 5408 3175 5463 sciens
3192 5407 3318 5477 quia
3345 5421 3682 5476 quernaque

2341 5635 2386 5668 ³⁸
2409 5635 2551 5692 Ibid.
2574 5637 2662 5692 28.
2778 5639 2823 5672 ”
2845 5632 2986 5694 Ibid.
3004 5640 3201 5697 29-51.
3280 5643 3324 5676 ⁸ο
3350 5643 3510 5700 Rom.
3533 5641 3679 5702 “v.3.
