  <div class='ocr_page' id='page_1' title='image "/cluster/home/n/w/nwhite01/storage/ocr_20150623/89/coo.31924054869932/644.png"; bbox 0 0 4098 6442; ppageno 0'>
   <div class='ocr_carea' id='block_1_1' title="bbox 401 288 532 350">
    <p class='ocr_par' dir='ltr' id='par_1_1' title="bbox 401 288 532 350">
     <span class='ocr_line' id='line_1_1' title="bbox 401 288 532 350; baseline 0 -1"><span class='ocrx_word' id='word_1_1' title='bbox 401 288 532 350; x_wconf 70' lang='grc' dir='ltr'><strong>ῒῖὶῦτ</strong></span> 
     </span>
    </p>
   </div>
   <div class='ocr_carea' id='block_1_2' title="bbox 1421 286 2692 353">
    <p class='ocr_par' dir='ltr' id='par_1_2' title="bbox 1421 286 2692 353">
     <span class='ocr_line' id='line_1_2' title="bbox 1421 286 2692 353; baseline -0.005 -1"><span class='ocrx_word' id='word_1_2' title='bbox 1421 288 1884 353; x_wconf 80' lang='lat' dir='ltr'><strong>DISPUTATIO</strong></span> <span class='ocrx_word' id='word_1_3' title='bbox 1925 286 2325 350; x_wconf 80' lang='lat' dir='ltr'><strong>ADVERSUS</strong></span> <span class='ocrx_word' id='word_1_4' title='bbox 2361 287 2692 349; x_wconf 60' lang='lat' dir='ltr'><strong>JUDJSOS.</strong></span> 
     </span>
    </p>
   </div>
   <div class='ocr_carea' id='block_1_3' title="bbox 3549 284 3689 349">
    <p class='ocr_par' dir='ltr' id='par_1_3' title="bbox 3549 284 3689 349">
     <span class='ocr_line' id='line_1_3' title="bbox 3549 284 3689 349; baseline 0.014 -2"><span class='ocrx_word' id='word_1_5' title='bbox 3549 284 3689 349; x_wconf 59' lang='lat'><strong>12.58</strong></span> 
     </span>
    </p>
   </div>
   <div class='ocr_carea' id='block_1_4' title="bbox 392 398 2017 484">
    <p class='ocr_par' dir='ltr' id='par_1_4' title="bbox 392 398 1996 476">
     <span class='ocr_line' id='line_1_4' title="bbox 392 398 1996 476; baseline -0.002 -21"><span class='ocrx_word' id='word_1_6' title='bbox 392 399 484 455; x_wconf 72' lang='grc' dir='ltr'><strong>τὸν</strong></span> <span class='ocrx_word' id='word_1_7' title='bbox 505 401 580 453; x_wconf 84' lang='grc' dir='ltr'>Ού</span> <span class='ocrx_word' id='word_1_8' title='bbox 610 398 738 453; x_wconf 74' lang='grc' dir='ltr'>λαόν</span> <span class='ocrx_word' id='word_1_9' title='bbox 769 417 892 470; x_wconf 81' lang='grc' dir='ltr'>μου,</span> <span class='ocrx_word' id='word_1_10' title='bbox 914 401 1055 456; x_wconf 81' lang='grc' dir='ltr'>Λαόν</span> <span class='ocrx_word' id='word_1_11' title='bbox 1081 419 1181 474; x_wconf 76' lang='grc' dir='ltr'><strong>μου</strong></span> <span class='ocrx_word' id='word_1_12' title='bbox 1200 419 1213 430; x_wconf 82' lang='grc'><strong><em>“</em></strong></span> <span class='ocrx_word' id='word_1_13' title='bbox 1234 403 1329 458; x_wconf 71' lang='grc' dir='ltr'>καὶ</span> <span class='ocrx_word' id='word_1_14' title='bbox 1358 403 1456 476; x_wconf 82' lang='grc' dir='ltr'>τὴν</span> <span class='ocrx_word' id='word_1_15' title='bbox 1477 405 1592 458; x_wconf 83' lang='grc' dir='ltr'>Ούκ</span> <span class='ocrx_word' id='word_1_16' title='bbox 1609 403 1996 475; x_wconf 62' lang='grc' dir='ltr'>ἠγαπημένην,</span> 
     </span>
    </p>
   </div>
   <div class='ocr_carea' id='block_1_5' title="bbox 2121 398 3688 484">
    <p class='ocr_par' dir='ltr' id='par_1_5' title="bbox 2121 401 3688 484">
     <span class='ocr_line' id='line_1_5' title="bbox 2121 401 3688 484; baseline 0.001 -28"><span class='ocrx_word' id='word_1_17' title='bbox 2121 401 2435 456; x_wconf 75' lang='lat' dir='ltr'><strong>)ulusmens</strong></span> <span class='ocrx_word' id='word_1_18' title='bbox 2483 413 2602 484; x_wconf 46' lang='lat' dir='ltr'><strong>Irus,</strong></span> <span class='ocrx_word' id='word_1_19' title='bbox 2625 401 3094 471; x_wconf 64' lang='lat' dir='ltr'><strong>ipsivscabuntur</strong></span> <span class='ocrx_word' id='word_1_20' title='bbox 3113 401 3210 456; x_wconf 88' lang='lat' dir='ltr'><strong>ﬁlii</strong></span> <span class='ocrx_word' id='word_1_21' title='bbox 3239 401 3688 468; x_wconf 77' lang='lat' dir='ltr'><strong>Deiviventis“;</strong></span> 
     </span>
    </p>
   </div>
   <div class='ocr_carea' id='block_1_6' title="bbox 397 489 1994 567">
    <p class='ocr_par' dir='ltr' id='par_1_6' title="bbox 397 489 1994 567">
     <span class='ocr_line' id='line_1_6' title="bbox 397 489 1994 567; baseline 0.001 -24"><span class='ocrx_word' id='word_1_22' title='bbox 397 491 614 562; x_wconf 79' lang='grc' dir='ltr'>Ἥγαπη</span> <span class='ocrx_word' id='word_1_23' title='bbox 625 491 792 562; x_wconf 76' lang='grc' dir='ltr'>μένην</span> <span class='ocrx_word' id='word_1_24' title='bbox 816 509 828 522; x_wconf 93' lang='grc'><strong>·</strong></span> <span class='ocrx_word' id='word_1_25' title='bbox 849 495 944 548; x_wconf 50' lang='grc' dir='ltr'><strong>καὶ¹</strong></span> <span class='ocrx_word' id='word_1_26' title='bbox 963 494 1117 548; x_wconf 75' lang='grc' dir='ltr'>ἔσται</span> <span class='ocrx_word' id='word_1_27' title='bbox 1159 497 1219 549; x_wconf 79' lang='grc' dir='ltr'><strong>ὲν</strong></span> <span class='ocrx_word' id='word_1_28' title='bbox 1247 495 1324 567; x_wconf 83' lang='grc' dir='ltr'>τῷ</span> <span class='ocrx_word' id='word_1_29' title='bbox 1341 496 1490 566; x_wconf 86' lang='grc' dir='ltr'>τόπῳ</span> <span class='ocrx_word' id='word_1_30' title='bbox 1505 489 1564 548; x_wconf 78' lang='grc' dir='ltr'><strong>οῦ</strong></span> <span class='ocrx_word' id='word_1_31' title='bbox 1583 495 1790 567; x_wconf 72' lang='grc' dir='ltr'>ἐρρέθη</span> <span class='ocrx_word' id='word_1_32' title='bbox 1811 495 1994 556; x_wconf 71' lang='grc' dir='ltr'>αὐτοῖς</span> 
     </span>
    </p>
   </div>
   <div class='ocr_carea' id='block_1_7' title="bbox 397 582 1996 662">
    <p class='ocr_par' dir='ltr' id='par_1_7' title="bbox 397 582 1996 662">
     <span class='ocr_line' id='line_1_7' title="bbox 397 582 1996 662; baseline 0 -27"><span class='ocrx_word' id='word_1_33' title='bbox 397 583 473 635; x_wconf 83' lang='grc' dir='ltr'><strong>Οὐ</strong></span> <span class='ocrx_word' id='word_1_34' title='bbox 503 582 630 647; x_wconf 82' lang='grc' dir='ltr'>λαός</span> <span class='ocrx_word' id='word_1_35' title='bbox 653 601 754 662; x_wconf 76' lang='grc' dir='ltr'><strong>μου</strong></span> <span class='ocrx_word' id='word_1_36' title='bbox 802 585 980 654; x_wconf 85' lang='grc' dir='ltr'>ὑμεῖς,</span> <span class='ocrx_word' id='word_1_37' title='bbox 1007 587 1160 640; x_wconf 83' lang='grc' dir='ltr'><strong>αύτοὶ</strong></span> <span class='ocrx_word' id='word_1_38' title='bbox 1191 585 1555 658; x_wconf 86' lang='grc' dir='ltr'>κληθήσονται</span> <span class='ocrx_word' id='word_1_39' title='bbox 1577 585 1681 638; x_wconf 79' lang='grc' dir='ltr'>υἱοὶ</span> <span class='ocrx_word' id='word_1_40' title='bbox 1699 583 1834 662; x_wconf 85' lang='grc' dir='ltr'>Θεοῦ</span> <span class='ocrx_word' id='word_1_41' title='bbox 1858 583 1996 646; x_wconf 77' lang='grc' dir='ltr'><strong>ζῶν-</strong></span> 
     </span>
    </p>
   </div>
   <div class='ocr_carea' id='block_1_8' title="bbox 396 659 1994 750">
    <p class='ocr_par' dir='ltr' id='par_1_8' title="bbox 396 675 1994 750">
     <span class='ocr_line' id='line_1_8' title="bbox 396 675 1994 750; baseline 0 -22"><span class='ocrx_word' id='word_1_42' title='bbox 396 691 516 738; x_wconf 85' lang='grc' dir='ltr'>τος·</span> <span class='ocrx_word' id='word_1_43' title='bbox 552 675 683 730; x_wconf 79' lang='grc' dir='ltr'>διότι</span> <span class='ocrx_word' id='word_1_44' title='bbox 713 677 782 730; x_wconf 80' lang='grc' dir='ltr'>τὰ</span> <span class='ocrx_word' id='word_1_45' title='bbox 809 677 938 748; x_wconf 75' lang='grc' dir='ltr'>ἔθνη</span> <span class='ocrx_word' id='word_1_46' title='bbox 993 677 1062 732; x_wconf 83' lang='grc' dir='ltr'>τὰ</span> <span class='ocrx_word' id='word_1_47' title='bbox 1121 677 1571 750; x_wconf 67' lang='grc' dir='ltr'>μὴγινιὶσκοντα</span> <span class='ocrx_word' id='word_1_48' title='bbox 1605 675 1887 731; x_wconf 85' lang='grc' dir='ltr'>δικαιοσύν</span> <span class='ocrx_word' id='word_1_49' title='bbox 1904 694 1994 744; x_wconf 44' lang='grc' dir='ltr'>τιν,</span> 
     </span>
    </p>
   </div>
   <div class='ocr_carea' id='block_1_9' title="bbox 395 758 1996 839">
    <p class='ocr_par' dir='ltr' id='par_1_9' title="bbox 395 758 1996 839">
     <span class='ocr_line' id='line_1_9' title="bbox 395 758 1996 839; baseline 0 -21"><span class='ocrx_word' id='word_1_50' title='bbox 395 761 702 818; x_wconf 80' lang='grc' dir='ltr'>κατέλαϐον</span> <span class='ocrx_word' id='word_1_51' title='bbox 721 758 1072 839; x_wconf 64' lang='grc' dir='ltr'>δικαιοσύνην</span> <span class='ocrx_word' id='word_1_52' title='bbox 1096 784 1108 799; x_wconf 80' lang='grc'><strong>’</strong></span> <span class='ocrx_word' id='word_1_53' title='bbox 1138 787 1156 820; x_wconf 72' lang='grc' dir='ltr'><strong>ι</strong></span> <span class='ocrx_word' id='word_1_54' title='bbox 1184 767 1537 836; x_wconf 83' lang='grc' dir='ltr'>δικαίοσύνην</span> <span class='ocrx_word' id='word_1_55' title='bbox 1563 765 1618 822; x_wconf 78' lang='grc' dir='ltr'><strong>δὲ</strong></span> <span class='ocrx_word' id='word_1_56' title='bbox 1637 766 1786 833; x_wconf 88' lang='grc' dir='ltr'>λέγει</span> <span class='ocrx_word' id='word_1_57' title='bbox 1807 767 1904 836; x_wconf 75' lang='grc' dir='ltr'><strong>τὴν</strong></span> <span class='ocrx_word' id='word_1_58' title='bbox 1932 767 1996 818; x_wconf 83' lang='grc' dir='ltr'><strong>ὲκ</strong></span> 
     </span>
    </p>
   </div>
   <div class='ocr_carea' id='block_1_10' title="bbox 397 856 1994 930">
    <p class='ocr_par' dir='ltr' id='par_1_10' title="bbox 397 856 1994 930">
     <span class='ocr_line' id='line_1_10' title="bbox 397 856 1994 930; baseline 0.001 -20"><span class='ocrx_word' id='word_1_59' title='bbox 397 857 654 920; x_wconf 89' lang='grc' dir='ltr'>πίστεως.</span> <span class='ocrx_word' id='word_1_60' title='bbox 698 856 916 928; x_wconf 83' lang='grc' dir='ltr'>Ἰσραὴλ</span> <span class='ocrx_word' id='word_1_61' title='bbox 955 859 1012 912; x_wconf 82' lang='grc' dir='ltr'>δὲ</span> <span class='ocrx_word' id='word_1_62' title='bbox 1055 859 1274 913; x_wconf 80' lang='grc' dir='ltr'>διώκων</span> <span class='ocrx_word' id='word_1_63' title='bbox 1307 859 1472 930; x_wconf 90' lang='grc' dir='ltr'>νόμον</span> <span class='ocrx_word' id='word_1_64' title='bbox 1527 859 1666 923; x_wconf 84' lang='grc' dir='ltr'>ίδίας</span> <span class='ocrx_word' id='word_1_65' title='bbox 1713 857 1994 912; x_wconf 80' lang='grc' dir='ltr'>δικαιοσύ-</span> 
     </span>
    </p>
   </div>
   <div class='ocr_carea' id='block_1_11' title="bbox 393 950 1996 1023">
    <p class='ocr_par' dir='ltr' id='par_1_11' title="bbox 393 950 1996 1023">
     <span class='ocr_line' id='line_1_11' title="bbox 393 950 1996 1023; baseline 0 -19"><span class='ocrx_word' id='word_1_66' title='bbox 393 969 514 1022; x_wconf 82' lang='grc' dir='ltr'>νης,</span> <span class='ocrx_word' id='word_1_67' title='bbox 559 950 908 1022; x_wconf 80' lang='grc' dir='ltr'>δικαιοσύνην</span> <span class='ocrx_word' id='word_1_68' title='bbox 955 953 1056 1006; x_wconf 82' lang='grc' dir='ltr'><strong>οὐκ</strong></span> <span class='ocrx_word' id='word_1_69' title='bbox 1093 952 1354 1023; x_wconf 82' lang='grc' dir='ltr'>ἔφθασεν.</span> <span class='ocrx_word' id='word_1_70' title='bbox 1389 951 1488 1006; x_wconf 77' lang='grc' dir='ltr'>Διὰ</span> <span class='ocrx_word' id='word_1_71' title='bbox 1513 953 1597 1020; x_wconf 84' lang='grc' dir='ltr'>τί;</span> <span class='ocrx_word' id='word_1_72' title='bbox 1629 953 1773 1005; x_wconf 84' lang='grc' dir='ltr'>Διότι</span> <span class='ocrx_word' id='word_1_73' title='bbox 1803 951 1904 1004; x_wconf 86' lang='grc' dir='ltr'><strong>ούκ</strong></span> <span class='ocrx_word' id='word_1_74' title='bbox 1931 953 1996 1004; x_wconf 86' lang='grc' dir='ltr'><strong>ἐκ</strong></span> 
     </span>
    </p>
   </div>
   <div class='ocr_carea' id='block_1_12' title="bbox 397 1043 1999 1116">
    <p class='ocr_par' dir='ltr' id='par_1_12' title="bbox 397 1043 1999 1116">
     <span class='ocr_line' id='line_1_12' title="bbox 397 1043 1999 1116; baseline -0.001 -18"><span class='ocrx_word' id='word_1_75' title='bbox 397 1045 658 1108; x_wconf 82' lang='grc' dir='ltr'>πίστεως,</span> <span class='ocrx_word' id='word_1_76' title='bbox 685 1044 808 1098; x_wconf 66' lang='grc' dir='ltr'><strong>ἀλλι</strong></span> <span class='ocrx_word' id='word_1_77' title='bbox 833 1043 895 1110; x_wconf 80' lang='grc' dir='ltr'>ἐξ</span> <span class='ocrx_word' id='word_1_78' title='bbox 921 1043 1102 1116; x_wconf 75' lang='grc' dir='ltr'>ἔργων</span> <span class='ocrx_word' id='word_1_79' title='bbox 1144 1045 1310 1116; x_wconf 82' lang='grc' dir='ltr'>νόμον</span> <span class='ocrx_word' id='word_1_80' title='bbox 1335 1060 1350 1076; x_wconf 75' lang='grc' dir='ltr'><strong><em>ο</em></strong></span> <span class='ocrx_word' id='word_1_81' title='bbox 1384 1045 1644 1116; x_wconf 59' lang='grc' dir='ltr'>ἐνόμισαν</span> <span class='ocrx_word' id='word_1_82' title='bbox 1681 1045 1794 1116; x_wconf 78' lang='grc' dir='ltr'>γὰρ</span> <span class='ocrx_word' id='word_1_83' title='bbox 1834 1045 1999 1116; x_wconf 81' lang='grc' dir='ltr'>ἐπαρ-</span> 
     </span>
    </p>
   </div>
   <div class='ocr_carea' id='block_1_13' title="bbox 395 1133 1997 1206">
    <p class='ocr_par' dir='ltr' id='par_1_13' title="bbox 395 1133 1997 1206">
     <span class='ocr_line' id='line_1_13' title="bbox 395 1133 1997 1206; baseline 0.001 -19"><span class='ocrx_word' id='word_1_84' title='bbox 395 1136 514 1187; x_wconf 84' lang='grc' dir='ltr'>κεῖν</span> <span class='ocrx_word' id='word_1_85' title='bbox 559 1134 744 1196; x_wconf 79' lang='grc' dir='ltr'>αὐτοῖς</span> <span class='ocrx_word' id='word_1_86' title='bbox 789 1133 886 1206; x_wconf 77' lang='grc' dir='ltr'><strong>τὴν</strong></span> <span class='ocrx_word' id='word_1_87' title='bbox 931 1134 1080 1188; x_wconf 83' lang='grc' dir='ltr'><strong>κατὰ</strong></span> <span class='ocrx_word' id='word_1_88' title='bbox 1119 1135 1286 1204; x_wconf 89' lang='grc' dir='ltr'>νόμον</span> <span class='ocrx_word' id='word_1_89' title='bbox 1325 1136 1608 1192; x_wconf 73' lang='grc' dir='ltr'><strong>πολιτείαν</strong></span> <span class='ocrx_word' id='word_1_90' title='bbox 1667 1137 1748 1200; x_wconf 82' lang='grc' dir='ltr'>εἰς</span> <span class='ocrx_word' id='word_1_91' title='bbox 1801 1135 1997 1206; x_wconf 78' lang='grc' dir='ltr'>κτῆσιν</span> 
     </span>
    </p>
   </div>
   <div class='ocr_carea' id='block_1_14' title="bbox 395 1221 1998 1300">
    <p class='ocr_par' dir='ltr' id='par_1_14' title="bbox 395 1221 1998 1300">
     <span class='ocr_line' id='line_1_14' title="bbox 395 1221 1998 1300; baseline 0.001 -20"><span class='ocrx_word' id='word_1_92' title='bbox 395 1226 766 1298; x_wconf 72' lang='grc' dir='ltr'><strong>δικαιοσύνης,</strong></span> <span class='ocrx_word' id='word_1_93' title='bbox 796 1227 892 1280; x_wconf 75' lang='grc' dir='ltr'><strong>καὶ</strong></span> <span class='ocrx_word' id='word_1_94' title='bbox 923 1227 1161 1292; x_wconf 87' lang='grc' dir='ltr'>πίστεως</span> <span class='ocrx_word' id='word_1_95' title='bbox 1185 1229 1604 1300; x_wconf 78' lang='grc' dir='ltr'>κατεφρόνησαν</span> <span class='ocrx_word' id='word_1_96' title='bbox 1622 1244 1636 1258; x_wconf 87' lang='grc'><strong>·</strong></span> <span class='ocrx_word' id='word_1_97' title='bbox 1657 1221 1719 1282; x_wconf 78' lang='grc' dir='ltr'>οὗ</span> <span class='ocrx_word' id='word_1_98' title='bbox 1751 1229 1814 1299; x_wconf 83' lang='grc' dir='ltr'>δὴ</span> <span class='ocrx_word' id='word_1_99' title='bbox 1837 1229 1998 1300; x_wconf 80' lang='grc' dir='ltr'>χάριν</span> 
     </span>
    </p>
   </div>
   <div class='ocr_carea' id='block_1_15' title="bbox 395 1317 1994 1390">
    <p class='ocr_par' dir='ltr' id='par_1_15' title="bbox 395 1317 1994 1390">
     <span class='ocr_line' id='line_1_15' title="bbox 395 1317 1994 1390; baseline 0.003 -22"><span class='ocrx_word' id='word_1_100' title='bbox 395 1317 491 1369; x_wconf 80' lang='grc' dir='ltr'><strong>καὶ</strong></span> <span class='ocrx_word' id='word_1_101' title='bbox 529 1317 638 1370; x_wconf 83' lang='grc' dir='ltr'>τῶν</span> <span class='ocrx_word' id='word_1_102' title='bbox 667 1317 766 1385; x_wconf 74' lang='grc' dir='ltr'>τῆς</span> <span class='ocrx_word' id='word_1_103' title='bbox 803 1317 1042 1383; x_wconf 82' lang='grc' dir='ltr'>πίστεως</span> <span class='ocrx_word' id='word_1_104' title='bbox 1071 1319 1132 1372; x_wconf 86' lang='grc' dir='ltr'><strong>ού</strong></span> <span class='ocrx_word' id='word_1_105' title='bbox 1167 1320 1432 1390; x_wconf 75' lang='grc' dir='ltr'><strong>μετέσχον</strong></span> <span class='ocrx_word' id='word_1_106' title='bbox 1477 1317 1730 1390; x_wconf 77' lang='grc' dir='ltr'>δωρεῶνο</span> <span class='ocrx_word' id='word_1_107' title='bbox 1773 1337 1792 1370; x_wconf 72' lang='grc' dir='ltr'><strong>ι</strong></span> <span class='ocrx_word' id='word_1_108' title='bbox 1815 1321 1994 1390; x_wconf 80' lang='grc' dir='ltr'>Προσ-</span> 
     </span>
    </p>
   </div>
   <div class='ocr_carea' id='block_1_16' title="bbox 399 1406 2000 1481">
    <p class='ocr_par' dir='ltr' id='par_1_16' title="bbox 399 1406 2000 1481">
     <span class='ocr_line' id='line_1_16' title="bbox 399 1406 2000 1481; baseline 0.004 -22"><span class='ocrx_word' id='word_1_109' title='bbox 399 1407 604 1477; x_wconf 74' lang='grc' dir='ltr'>έκοψαν</span> <span class='ocrx_word' id='word_1_110' title='bbox 630 1406 740 1479; x_wconf 82' lang='grc' dir='ltr'>γὰρ</span> <span class='ocrx_word' id='word_1_111' title='bbox 769 1407 848 1480; x_wconf 83' lang='grc' dir='ltr'><strong>τῷ</strong></span> <span class='ocrx_word' id='word_1_112' title='bbox 895 1407 1029 1480; x_wconf 85' lang='grc' dir='ltr'>λίθῳ</span> <span class='ocrx_word' id='word_1_113' title='bbox 1069 1408 1161 1463; x_wconf 90' lang='grc' dir='ltr'><strong>τοῦ</strong></span> <span class='ocrx_word' id='word_1_114' title='bbox 1190 1409 1642 1481; x_wconf 80' lang='grc' dir='ltr'><strong>προσκόμματος,</strong></span> <span class='ocrx_word' id='word_1_115' title='bbox 1683 1411 1867 1472; x_wconf 87' lang='grc' dir='ltr'>καθὼς</span> <span class='ocrx_word' id='word_1_116' title='bbox 1906 1411 2000 1479; x_wconf 81' lang='grc' dir='ltr'>γέ-</span> 
     </span>
    </p>
   </div>
   <div class='ocr_carea' id='block_1_17' title="bbox 399 1501 2000 1576">
    <p class='ocr_par' dir='ltr' id='par_1_17' title="bbox 399 1501 2000 1576">
     <span class='ocr_line' id='line_1_17' title="bbox 399 1501 2000 1576; baseline 0.004 -24"><span class='ocrx_word' id='word_1_117' title='bbox 399 1515 680 1570; x_wconf 85' lang='grc' dir='ltr'>γραπταιό</span> <span class='ocrx_word' id='word_1_118' title='bbox 716 1501 851 1555; x_wconf 73' lang='grc' dir='ltr'>’ἰδοὺ</span> <span class='ocrx_word' id='word_1_119' title='bbox 885 1502 1078 1572; x_wconf 86' lang='grc' dir='ltr'>τίθημι</span> <span class='ocrx_word' id='word_1_120' title='bbox 1123 1505 1181 1557; x_wconf 83' lang='grc' dir='ltr'><strong>ἐν</strong></span> <span class='ocrx_word' id='word_1_121' title='bbox 1215 1503 1354 1556; x_wconf 88' lang='grc' dir='ltr'>Σιὼν</span> <span class='ocrx_word' id='word_1_122' title='bbox 1383 1504 1530 1558; x_wconf 87' lang='grc' dir='ltr'>λίθον</span> <span class='ocrx_word' id='word_1_123' title='bbox 1571 1505 2000 1576; x_wconf 80' lang='grc' dir='ltr'><strong>προσκόμματος</strong></span> 
     </span>
    </p>
   </div>
   <div class='ocr_carea' id='block_1_18' title="bbox 401 1593 1998 1662">
    <p class='ocr_par' dir='ltr' id='par_1_18' title="bbox 401 1593 1998 1662">
     <span class='ocr_line' id='line_1_18' title="bbox 401 1593 1998 1662; baseline 0.003 -16"><span class='ocrx_word' id='word_1_124' title='bbox 401 1593 497 1646; x_wconf 77' lang='grc' dir='ltr'><strong>καὶ</strong></span> <span class='ocrx_word' id='word_1_125' title='bbox 527 1593 734 1662; x_wconf 85' lang='grc' dir='ltr'>πέτραν</span> <span class='ocrx_word' id='word_1_126' title='bbox 766 1593 1091 1662; x_wconf 81' lang='grc' dir='ltr'>σκανδάλου,</span> <span class='ocrx_word' id='word_1_127' title='bbox 1133 1596 1231 1650; x_wconf 76' lang='grc' dir='ltr'>καὶ</span> <span class='ocrx_word' id='word_1_128' title='bbox 1257 1597 1366 1660; x_wconf 77' lang='grc' dir='ltr'>πᾶς</span> <span class='ocrx_word' id='word_1_129' title='bbox 1413 1598 1440 1649; x_wconf 92' lang='grc' dir='ltr'>ὁ</span> <span class='ocrx_word' id='word_1_130' title='bbox 1474 1595 1750 1650; x_wconf 80' lang='grc' dir='ltr'>πιστεύων</span> <span class='ocrx_word' id='word_1_131' title='bbox 1783 1599 1870 1650; x_wconf 80' lang='grc' dir='ltr'>ἐπ’</span> <span class='ocrx_word' id='word_1_132' title='bbox 1895 1597 1998 1650; x_wconf 87' lang='grc' dir='ltr'>αύ-</span> 
     </span>
    </p>
   </div>
   <div class='ocr_carea' id='block_1_19' title="bbox 399 1687 1998 1762">
    <p class='ocr_par' dir='ltr' id='par_1_19' title="bbox 399 1687 1998 1762">
     <span class='ocr_line' id='line_1_19' title="bbox 399 1687 1998 1762; baseline 0.004 -23"><span class='ocrx_word' id='word_1_133' title='bbox 399 1687 496 1740; x_wconf 74' lang='grc' dir='ltr'><strong>τδν</strong></span> <span class='ocrx_word' id='word_1_134' title='bbox 533 1687 595 1739; x_wconf 84' lang='grc' dir='ltr'><strong>ού</strong></span> <span class='ocrx_word' id='word_1_135' title='bbox 650 1689 1212 1760; x_wconf 79' lang='grc' dir='ltr'>καταισχυνθήσεται.</span> <span class='ocrx_word' id='word_1_136' title='bbox 1280 1709 1298 1743; x_wconf 75' lang='grc' dir='ltr'><strong>ι</strong></span> <span class='ocrx_word' id='word_1_137' title='bbox 1343 1691 1712 1762; x_wconf 85' lang='grc' dir='ltr'>Προσπταίειν</span> <span class='ocrx_word' id='word_1_138' title='bbox 1744 1689 1998 1745; x_wconf 80' lang='grc' dir='ltr'>εἰώθασιν</span> 
     </span>
    </p>
   </div>
   <div class='ocr_carea' id='block_1_20' title="bbox 2096 492 3692 564">
    <p class='ocr_par' dir='ltr' id='par_1_20' title="bbox 2096 492 3692 564">
     <span class='ocr_line' id='line_1_20' title="bbox 2096 492 3692 564; baseline 0.003 -18"><span class='ocrx_word' id='word_1_139' title='bbox 2096 493 2225 561; x_wconf 87' lang='lat' dir='ltr'><strong>quia</strong></span> <span class='ocrx_word' id='word_1_140' title='bbox 2261 505 2452 562; x_wconf 72' lang='lat' dir='ltr'><strong>gentes</strong></span> <span class='ocrx_word' id='word_1_141' title='bbox 2475 509 2584 546; x_wconf 77' lang='lat' dir='ltr'><strong>non</strong></span> <span class='ocrx_word' id='word_1_142' title='bbox 2609 503 3009 563; x_wconf 76' lang='lat' dir='ltr'><strong>cognoscentes</strong></span> <span class='ocrx_word' id='word_1_143' title='bbox 3037 492 3330 563; x_wconf 74' lang='lat' dir='ltr'><strong>justitiam,</strong></span> <span class='ocrx_word' id='word_1_144' title='bbox 3367 496 3646 564; x_wconf 84' lang='lat' dir='ltr'><strong>apprehen</strong></span> <span class='ocrx_word' id='word_1_145' title='bbox 3665 527 3692 535; x_wconf 87' lang='lat'>—</span> 
     </span>
    </p>
   </div>
   <div class='ocr_carea' id='block_1_21' title="bbox 2097 581 3694 654">
    <p class='ocr_par' dir='ltr' id='par_1_21' title="bbox 2097 581 3694 654">
     <span class='ocr_line' id='line_1_21' title="bbox 2097 581 3694 654; baseline 0.003 -20"><span class='ocrx_word' id='word_1_146' title='bbox 2097 581 2301 636; x_wconf 84' lang='lat' dir='ltr'><strong>derunt</strong></span> <span class='ocrx_word' id='word_1_147' title='bbox 2326 582 2599 651; x_wconf 85' lang='lat' dir='ltr'><strong>justitiam</strong></span> <span class='ocrx_word' id='word_1_148' title='bbox 2623 583 2668 613; x_wconf 77' lang='grc' dir='ltr'><strong>⁵ο</strong></span> <span class='ocrx_word' id='word_1_149' title='bbox 2695 599 2710 647; x_wconf 87' lang='grc'><strong>;</strong></span> <span class='ocrx_word' id='word_1_150' title='bbox 2749 602 2767 632; x_wconf 76' lang='grc' dir='ltr'><strong>ι</strong></span> <span class='ocrx_word' id='word_1_151' title='bbox 2802 583 3074 653; x_wconf 79' lang='lat' dir='ltr'><strong>justitiam</strong></span> <span class='ocrx_word' id='word_1_152' title='bbox 3101 593 3284 638; x_wconf 81' lang='lat' dir='ltr'><strong>autem</strong></span> <span class='ocrx_word' id='word_1_153' title='bbox 3314 582 3449 637; x_wconf 90' lang='lat' dir='ltr'><strong>dicit</strong></span> <span class='ocrx_word' id='word_1_154' title='bbox 3473 599 3596 654; x_wconf 85' lang='lat' dir='ltr'><strong>quae</strong></span> <span class='ocrx_word' id='word_1_155' title='bbox 3623 601 3694 639; x_wconf 65' lang='lat' dir='ltr'><strong>et</strong></span> 
     </span>
    </p>
   </div>
   <div class='ocr_carea' id='block_1_22' title="bbox 2102 673 3694 744">
    <p class='ocr_par' dir='ltr' id='par_1_22' title="bbox 2102 673 3694 744">
     <span class='ocr_line' id='line_1_22' title="bbox 2102 673 3694 744; baseline 0.001 -16"><span class='ocrx_word' id='word_1_156' title='bbox 2102 673 2208 728; x_wconf 86' lang='lat' dir='ltr'><strong>ﬁde</strong></span> <span class='ocrx_word' id='word_1_157' title='bbox 2245 683 2349 728; x_wconf 86' lang='lat' dir='ltr'><strong>est.</strong></span> <span class='ocrx_word' id='word_1_158' title='bbox 2399 673 2568 728; x_wconf 89' lang='lat' dir='ltr'><strong>lsrael</strong></span> <span class='ocrx_word' id='word_1_159' title='bbox 2617 689 2772 739; x_wconf 86' lang='lat' dir='ltr'><strong>vero,</strong></span> <span class='ocrx_word' id='word_1_160' title='bbox 2809 673 3073 728; x_wconf 85' lang='lat' dir='ltr'><strong>scctando</strong></span> <span class='ocrx_word' id='word_1_161' title='bbox 3106 673 3282 742; x_wconf 76' lang='lat' dir='ltr'><strong>legem</strong></span> <span class='ocrx_word' id='word_1_162' title='bbox 3318 675 3555 742; x_wconf 71' lang='lat' dir='ltr'><strong>promite</strong></span> <span class='ocrx_word' id='word_1_163' title='bbox 3601 676 3694 744; x_wconf 81' lang='lat' dir='ltr'><strong>ju-</strong></span> 
     </span>
    </p>
   </div>
   <div class='ocr_carea' id='block_1_23' title="bbox 2098 763 3716 838">
    <p class='ocr_par' dir='ltr' id='par_1_23' title="bbox 2098 763 3716 838">
     <span class='ocr_line' id='line_1_23' title="bbox 2098 763 3716 838; baseline -0.002 -16"><span class='ocrx_word' id='word_1_164' title='bbox 2098 767 2286 828; x_wconf 68' lang='lat' dir='ltr'><strong>stitize.</strong></span> <span class='ocrx_word' id='word_1_165' title='bbox 2321 767 2387 822; x_wconf 87' lang='lat' dir='ltr'><strong>ad</strong></span> <span class='ocrx_word' id='word_1_166' title='bbox 2413 767 2690 838; x_wconf 88' lang='lat' dir='ltr'><strong>juslitiam</strong></span> <span class='ocrx_word' id='word_1_167' title='bbox 2734 782 2844 820; x_wconf 90' lang='lat' dir='ltr'><strong>non</strong></span> <span class='ocrx_word' id='word_1_168' title='bbox 2876 764 3148 836; x_wconf 86' lang='lat' dir='ltr'><strong>pervenit.</strong></span> <span class='ocrx_word' id='word_1_169' title='bbox 3178 763 3404 830; x_wconf 84' lang='lat' dir='ltr'><strong>Quare?</strong></span> <span class='ocrx_word' id='word_1_170' title='bbox 3425 763 3556 834; x_wconf 88' lang='lat' dir='ltr'><strong>quia</strong></span> <span class='ocrx_word' id='word_1_171' title='bbox 3585 779 3716 827; x_wconf 82' lang='lat' dir='ltr'><strong>non.</strong></span> 
     </span>
    </p>
   </div>
   <div class='ocr_carea' id='block_1_24' title="bbox 2097 855 3701 934">
    <p class='ocr_par' dir='ltr' id='par_1_24' title="bbox 2097 855 3701 934">
     <span class='ocr_line' id='line_1_24' title="bbox 2097 855 3701 934; baseline -0.002 -20"><span class='ocrx_word' id='word_1_172' title='bbox 2097 877 2163 914; x_wconf 76' lang='lat' dir='ltr'><strong>ex</strong></span> <span class='ocrx_word' id='word_1_173' title='bbox 2197 861 2324 924; x_wconf 90' lang='lat' dir='ltr'><strong>ﬁde,</strong></span> <span class='ocrx_word' id='word_1_174' title='bbox 2363 861 2458 915; x_wconf 90' lang='lat' dir='ltr'><strong>sed</strong></span> <span class='ocrx_word' id='word_1_175' title='bbox 2519 875 2585 913; x_wconf 78' lang='lat' dir='ltr'><strong>ex</strong></span> <span class='ocrx_word' id='word_1_176' title='bbox 2651 858 2918 934; x_wconf 77' lang='lat' dir='ltr'><strong>operibus</strong></span> <span class='ocrx_word' id='word_1_177' title='bbox 2993 856 3152 927; x_wconf 81' lang='lat' dir='ltr'><strong>legis.</strong></span> <span class='ocrx_word' id='word_1_178' title='bbox 3228 855 3701 910; x_wconf 65' lang='lat' dir='ltr'><strong>Existimavernht</strong></span> 
     </span>
    </p>
   </div>
   <div class='ocr_carea' id='block_1_25' title="bbox 2098 949 3698 1022">
    <p class='ocr_par' dir='ltr' id='par_1_25' title="bbox 2098 949 3698 1022">
     <span class='ocr_line' id='line_1_25' title="bbox 2098 949 3698 1022; baseline -0.004 -14"><span class='ocrx_word' id='word_1_179' title='bbox 2098 955 2246 1009; x_wconf 90' lang='lat' dir='ltr'><strong>enim</strong></span> <span class='ocrx_word' id='word_1_180' title='bbox 2311 952 2566 1009; x_wconf 79' lang='lat' dir='ltr'><strong>suﬁicere</strong></span> <span class='ocrx_word' id='word_1_181' title='bbox 2626 953 2754 1018; x_wconf 87' lang='lat' dir='ltr'><strong>sibi,</strong></span> <span class='ocrx_word' id='word_1_182' title='bbox 2805 967 2930 1022; x_wconf 71' lang='lat' dir='ltr'><strong>quae</strong></span> <span class='ocrx_word' id='word_1_183' title='bbox 2975 950 3284 1006; x_wconf 87' lang='lat' dir='ltr'><strong>secundum</strong></span> <span class='ocrx_word' id='word_1_184' title='bbox 3333 949 3510 1020; x_wconf 76' lang='lat' dir='ltr'><strong>legem</strong></span> <span class='ocrx_word' id='word_1_185' title='bbox 3555 960 3698 1010; x_wconf 89' lang='lat' dir='ltr'><strong>erat,</strong></span> 
     </span>
    </p>
   </div>
   <div class='ocr_carea' id='block_1_26' title="bbox 2099 1042 3702 1112">
    <p class='ocr_par' dir='ltr' id='par_1_26' title="bbox 2099 1042 3702 1112">
     <span class='ocr_line' id='line_1_26' title="bbox 2099 1042 3702 1112; baseline -0.004 -11"><span class='ocrx_word' id='word_1_186' title='bbox 2099 1047 2226 1102; x_wconf 67' lang='lat' dir='ltr'><strong>vitae</strong></span> <span class='ocrx_word' id='word_1_187' title='bbox 2266 1043 2733 1101; x_wconf 75' lang='lat' dir='ltr'><strong>consuetudinem</strong></span> <span class='ocrx_word' id='word_1_188' title='bbox 2767 1043 2836 1098; x_wconf 86' lang='lat' dir='ltr'><strong>ad</strong></span> <span class='ocrx_word' id='word_1_189' title='bbox 2865 1042 3292 1112; x_wconf 83' lang='lat' dir='ltr'><strong>comparandam</strong></span> <span class='ocrx_word' id='word_1_190' title='bbox 3323 1042 3616 1112; x_wconf 71' lang='lat' dir='ltr'><strong>justitiam,</strong></span> <span class='ocrx_word' id='word_1_191' title='bbox 3643 1051 3702 1097; x_wconf 91' lang='lat' dir='ltr'><strong>et</strong></span> 
     </span>
    </p>
   </div>
   <div class='ocr_carea' id='block_1_27' title="bbox 2087 1128 3702 1208">
    <p class='ocr_par' dir='ltr' id='par_1_27' title="bbox 2087 1128 3702 1208">
     <span class='ocr_line' id='line_1_27' title="bbox 2087 1128 3702 1208; baseline -0.002 -15"><span class='ocrx_word' id='word_1_192' title='bbox 2087 1128 2265 1194; x_wconf 83' lang='lat' dir='ltr'><strong>ﬁdem</strong></span> <span class='ocrx_word' id='word_1_193' title='bbox 2290 1146 2772 1208; x_wconf 87' lang='lat' dir='ltr'><strong>contempserunt.</strong></span> <span class='ocrx_word' id='word_1_194' title='bbox 2821 1135 3195 1203; x_wconf 83' lang='lat' dir='ltr'><strong>Quamobrem</strong></span> <span class='ocrx_word' id='word_1_195' title='bbox 3249 1135 3376 1190; x_wconf 89' lang='lat' dir='ltr'><strong>ﬁdei</strong></span> <span class='ocrx_word' id='word_1_196' title='bbox 3425 1135 3702 1190; x_wconf 74' lang='lat' dir='ltr'><strong>donarunt</strong></span> 
     </span>
    </p>
   </div>
   <div class='ocr_carea' id='block_1_28' title="bbox 2100 1227 3704 1301">
    <p class='ocr_par' dir='ltr' id='par_1_28' title="bbox 2100 1227 3704 1301">
     <span class='ocr_line' id='line_1_28' title="bbox 2100 1227 3704 1301; baseline -0.002 -15"><span class='ocrx_word' id='word_1_197' title='bbox 2100 1247 2213 1286; x_wconf 89' lang='lat' dir='ltr'><strong>non</strong></span> <span class='ocrx_word' id='word_1_198' title='bbox 2238 1229 2468 1286; x_wconf 82' lang='lat' dir='ltr'><strong>fuerunt</strong></span> <span class='ocrx_word' id='word_1_199' title='bbox 2501 1229 2838 1301; x_wconf 74' lang='lat' dir='ltr'><strong>participes;</strong></span> <span class='ocrx_word' id='word_1_200' title='bbox 2873 1249 2891 1281; x_wconf 77' lang='grc' dir='ltr'><strong>ι</strong></span> <span class='ocrx_word' id='word_1_201' title='bbox 2929 1227 3297 1284; x_wconf 79' lang='lat' dir='ltr'><strong>Oﬂendcrunt</strong></span> <span class='ocrx_word' id='word_1_202' title='bbox 3335 1229 3488 1282; x_wconf 89' lang='lat' dir='ltr'><strong>enim</strong></span> <span class='ocrx_word' id='word_1_203' title='bbox 3531 1228 3586 1282; x_wconf 92' lang='lat' dir='ltr'><strong>in</strong></span> <span class='ocrx_word' id='word_1_204' title='bbox 3622 1229 3704 1284; x_wconf 83' lang='lat' dir='ltr'><strong>la-</strong></span> 
     </span>
    </p>
   </div>
   <div class='ocr_carea' id='block_1_29' title="bbox 2100 1321 3702 1398">
    <p class='ocr_par' dir='ltr' id='par_1_29' title="bbox 2100 1321 3702 1398">
     <span class='ocr_line' id='line_1_29' title="bbox 2100 1321 3702 1398; baseline -0.001 -21"><span class='ocrx_word' id='word_1_205' title='bbox 2100 1323 2284 1392; x_wconf 81' lang='lat' dir='ltr'><strong>pidem</strong></span> <span class='ocrx_word' id='word_1_206' title='bbox 2323 1323 2670 1398; x_wconf 79' lang='lat' dir='ltr'><strong>oﬂ‘ensionis,</strong></span> <span class='ocrx_word' id='word_1_207' title='bbox 2716 1330 2776 1376; x_wconf 91' lang='lat' dir='ltr'><strong>ut</strong></span> <span class='ocrx_word' id='word_1_208' title='bbox 2819 1321 3088 1392; x_wconf 86' lang='lat' dir='ltr'><strong>scriptum</strong></span> <span class='ocrx_word' id='word_1_209' title='bbox 3119 1329 3242 1376; x_wconf 85' lang='lat' dir='ltr'><strong>est:</strong></span> <span class='ocrx_word' id='word_1_210' title='bbox 3285 1321 3426 1377; x_wconf 74' lang='lat' dir='ltr'><strong>Ecce</strong></span> <span class='ocrx_word' id='word_1_211' title='bbox 3467 1337 3612 1392; x_wconf 83' lang='lat' dir='ltr'><strong>pono</strong></span> <span class='ocrx_word' id='word_1_212' title='bbox 3645 1322 3702 1376; x_wconf 92' lang='lat' dir='ltr'><strong>in</strong></span> 
     </span>
    </p>
   </div>
   <div class='ocr_carea' id='block_1_30' title="bbox 2101 1413 3785 1486">
    <p class='ocr_par' dir='ltr' id='par_1_30' title="bbox 2101 1413 3785 1486">
     <span class='ocr_line' id='line_1_30' title="bbox 2101 1413 3785 1486; baseline -0.001 -16"><span class='ocrx_word' id='word_1_213' title='bbox 2101 1415 2236 1471; x_wconf 85' lang='lat' dir='ltr'><strong>Sion</strong></span> <span class='ocrx_word' id='word_1_214' title='bbox 2281 1415 2521 1486; x_wconf 87' lang='lat' dir='ltr'><strong>lapidem</strong></span> <span class='ocrx_word' id='word_1_215' title='bbox 2577 1413 2906 1468; x_wconf 81' lang='lat' dir='ltr'><strong>oﬁ‘ensionis</strong></span> <span class='ocrx_word' id='word_1_216' title='bbox 2963 1423 3022 1468; x_wconf 90' lang='lat' dir='ltr'><strong>et</strong></span> <span class='ocrx_word' id='word_1_217' title='bbox 3073 1423 3284 1484; x_wconf 87' lang='lat' dir='ltr'><strong>petram</strong></span> <span class='ocrx_word' id='word_1_218' title='bbox 3332 1413 3602 1478; x_wconf 87' lang='lat' dir='ltr'><strong>scandali,</strong></span> <span class='ocrx_word' id='word_1_219' title='bbox 3646 1425 3704 1468; x_wconf 85' lang='lat' dir='ltr'><strong>et</strong></span> <span class='ocrx_word' id='word_1_220' title='bbox 3776 1438 3785 1450; x_wconf 88' lang='lat'><strong>-</strong></span> 
     </span>
    </p>
   </div>
   <div class='ocr_carea' id='block_1_31' title="bbox 2101 1493 3705 1580">
    <p class='ocr_par' dir='ltr' id='par_1_31' title="bbox 2101 1493 3705 1580">
     <span class='ocr_line' id='line_1_31' title="bbox 2101 1493 3705 1580; baseline -0.002 -17"><span class='ocrx_word' id='word_1_221' title='bbox 2101 1509 2283 1563; x_wconf 92' lang='lat' dir='ltr'><strong>omnis</strong></span> <span class='ocrx_word' id='word_1_222' title='bbox 2305 1507 2401 1580; x_wconf 88' lang='lat' dir='ltr'><strong>qui</strong></span> <span class='ocrx_word' id='word_1_223' title='bbox 2435 1505 2615 1563; x_wconf 90' lang='lat' dir='ltr'><strong>credit</strong></span> <span class='ocrx_word' id='word_1_224' title='bbox 2658 1508 2713 1562; x_wconf 91' lang='lat' dir='ltr'><strong>in</strong></span> <span class='ocrx_word' id='word_1_225' title='bbox 2749 1493 2876 1562; x_wconf 86' lang='lat' dir='ltr'><strong>eum</strong></span> <span class='ocrx_word' id='word_1_226' title='bbox 2913 1495 3023 1561; x_wconf 82' lang='lat' dir='ltr'><strong>non</strong></span> <span class='ocrx_word' id='word_1_227' title='bbox 3061 1505 3522 1562; x_wconf 78' lang='lat' dir='ltr'><strong>confundetur“.</strong></span> <span class='ocrx_word' id='word_1_228' title='bbox 3559 1527 3575 1558; x_wconf 73' lang='grc' dir='ltr'><strong>ι</strong></span> <span class='ocrx_word' id='word_1_229' title='bbox 3609 1505 3705 1562; x_wconf 70' lang='lat'><strong>01‘-</strong></span> 
     </span>
    </p>
   </div>
   <div class='ocr_carea' id='block_1_32' title="bbox 2079 1598 3700 1670">
    <p class='ocr_par' dir='ltr' id='par_1_32' title="bbox 2079 1598 3700 1670">
     <span class='ocr_line' id='line_1_32' title="bbox 2079 1598 3700 1670; baseline -0.002 -15"><span class='ocrx_word' id='word_1_230' title='bbox 2079 1599 2329 1662; x_wconf 78' lang='lat' dir='ltr'><strong>_fendere</strong></span> <span class='ocrx_word' id='word_1_231' title='bbox 2368 1601 2548 1655; x_wconf 88' lang='lat' dir='ltr'><strong>solent</strong></span> <span class='ocrx_word' id='word_1_232' title='bbox 2595 1599 2690 1669; x_wconf 90' lang='lat' dir='ltr'><strong>qui</strong></span> <span class='ocrx_word' id='word_1_233' title='bbox 2718 1599 2982 1654; x_wconf 81' lang='lat' dir='ltr'><strong>aliorsum</strong></span> <span class='ocrx_word' id='word_1_234' title='bbox 3019 1613 3243 1654; x_wconf 82' lang='lat' dir='ltr'><strong>sensum</strong></span> <span class='ocrx_word' id='word_1_235' title='bbox 3287 1598 3700 1670; x_wconf 83' lang='lat' dir='ltr'><strong>Scripturarum</strong></span> 
     </span>
    </p>
   </div>
   <div class='ocr_carea' id='block_1_33' title="bbox 2103 1689 3704 1764">
    <p class='ocr_par' dir='ltr' id='par_1_33' title="bbox 2103 1689 3704 1764">
     <span class='ocr_line' id='line_1_33' title="bbox 2103 1689 3704 1764; baseline 0.001 -17"><span class='ocrx_word' id='word_1_236' title='bbox 2103 1691 2553 1764; x_wconf 87' lang='lat' dir='ltr'><strong>propheticarum</strong></span> <span class='ocrx_word' id='word_1_237' title='bbox 2595 1691 2898 1762; x_wconf 85' lang='lat' dir='ltr'><strong>accipiunt,</strong></span> <span class='ocrx_word' id='word_1_238' title='bbox 2944 1699 3002 1746; x_wconf 85' lang='lat' dir='ltr'><strong>et</strong></span> <span class='ocrx_word' id='word_1_239' title='bbox 3051 1691 3106 1746; x_wconf 91' lang='lat' dir='ltr'><strong>in</strong></span> <span class='ocrx_word' id='word_1_240' title='bbox 3165 1691 3252 1746; x_wconf 85' lang='lat' dir='ltr'><strong>via</strong></span> <span class='ocrx_word' id='word_1_241' title='bbox 3309 1689 3568 1762; x_wconf 78' lang='lat' dir='ltr'><strong>progredi</strong></span> <span class='ocrx_word' id='word_1_242' title='bbox 3600 1707 3704 1748; x_wconf 89' lang='lat' dir='ltr'><strong>no-</strong></span> 
     </span>
    </p>
   </div>
   <div class='ocr_carea' id='block_1_34' title="bbox 401 1756 2017 1856">
    <p class='ocr_par' dir='ltr' id='par_1_34' title="bbox 401 1778 2000 1856">
     <span class='ocr_line' id='line_1_34' title="bbox 401 1778 2000 1856; baseline 0.003 -24"><span class='ocrx_word' id='word_1_243' title='bbox 401 1781 450 1832; x_wconf 80' lang='grc' dir='ltr'><strong>οί</strong></span> <span class='ocrx_word' id='word_1_244' title='bbox 485 1778 722 1850; x_wconf 81' lang='grc' dir='ltr'>ἑτέρωσε</span> <span class='ocrx_word' id='word_1_245' title='bbox 762 1781 860 1851; x_wconf 72' lang='grc' dir='ltr'><strong>τὴν</strong></span> <span class='ocrx_word' id='word_1_246' title='bbox 905 1781 1148 1836; x_wconf 82' lang='grc' dir='ltr'>διάνοιαν</span> <span class='ocrx_word' id='word_1_247' title='bbox 1187 1781 1298 1835; x_wconf 83' lang='grc' dir='ltr'>τῶν</span> <span class='ocrx_word' id='word_1_248' title='bbox 1337 1782 1574 1855; x_wconf 84' lang='grc' dir='ltr'>Γραφῶν</span> <span class='ocrx_word' id='word_1_249' title='bbox 1619 1783 1728 1836; x_wconf 82' lang='grc' dir='ltr'><strong>τῶν</strong></span> <span class='ocrx_word' id='word_1_250' title='bbox 1780 1801 2000 1856; x_wconf 61' lang='grc' dir='ltr'>προφη-</span> 
     </span>
    </p>
   </div>
   <div class='ocr_carea' id='block_1_35' title="bbox 2121 1756 3708 1856">
    <p class='ocr_par' dir='ltr' id='par_1_35' title="bbox 2121 1784 3708 1854">
     <span class='ocr_line' id='line_1_35' title="bbox 2121 1784 3708 1854; baseline 0 -15"><span class='ocrx_word' id='word_1_251' title='bbox 2121 1795 2252 1841; x_wconf 57' lang='grc' dir='ltr'>ιιιηι.</span> <span class='ocrx_word' id='word_1_252' title='bbox 2285 1786 2425 1840; x_wconf 86' lang='lat' dir='ltr'><strong>Illud</strong></span> <span class='ocrx_word' id='word_1_253' title='bbox 2449 1785 2660 1854; x_wconf 80' lang='lat' dir='ltr'><strong>experti</strong></span> <span class='ocrx_word' id='word_1_254' title='bbox 2689 1793 2821 1840; x_wconf 85' lang='lat' dir='ltr'><strong>sunt</strong></span> <span class='ocrx_word' id='word_1_255' title='bbox 2845 1784 3058 1850; x_wconf 65' lang='lat' dir='ltr'><strong>Judaei;</strong></span> <span class='ocrx_word' id='word_1_256' title='bbox 3093 1799 3218 1839; x_wconf 90' lang='lat' dir='ltr'><strong>nam</strong></span> <span class='ocrx_word' id='word_1_257' title='bbox 3246 1786 3541 1854; x_wconf 68' lang='lat' dir='ltr'><strong>superﬁu‘s</strong></span> <span class='ocrx_word' id='word_1_258' title='bbox 3571 1785 3708 1854; x_wconf 71' lang='lat' dir='ltr'><strong>legis</strong></span> 
     </span>
    </p>
   </div>
   <div class='ocr_carea' id='block_1_36' title="bbox 393 1873 2004 1946">
    <p class='ocr_par' dir='ltr' id='par_1_36' title="bbox 393 1873 2004 1946">
     <span class='ocr_line' id='line_1_36' title="bbox 393 1873 2004 1946; baseline 0.003 -21"><span class='ocrx_word' id='word_1_259' title='bbox 393 1873 568 1925; x_wconf 81' lang='grc' dir='ltr'>’τειῶν</span> <span class='ocrx_word' id='word_1_260' title='bbox 614 1873 834 1943; x_wconf 70' lang='grc' dir='ltr'>ἔχοντες</span> <span class='ocrx_word' id='word_1_261' title='bbox 871 1875 963 1926; x_wconf 76' lang='grc' dir='ltr'><strong>καὶ</strong></span> <span class='ocrx_word' id='word_1_262' title='bbox 994 1876 1094 1946; x_wconf 67' lang='grc' dir='ltr'><strong>τὴν</strong></span> <span class='ocrx_word' id='word_1_263' title='bbox 1126 1875 1247 1928; x_wconf 74' lang='grc' dir='ltr'>ὁδον</span> <span class='ocrx_word' id='word_1_264' title='bbox 1297 1875 1631 1944; x_wconf 71' lang='grc' dir='ltr'>προκόπτειν</span> <span class='ocrx_word' id='word_1_265' title='bbox 1659 1877 1758 1929; x_wconf 83' lang='grc' dir='ltr'><strong>οὐκ</strong></span> <span class='ocrx_word' id='word_1_266' title='bbox 1791 1877 2004 1930; x_wconf 80' lang='grc' dir='ltr'>ἐθέλον-</span> 
     </span>
    </p>
   </div>
   <div class='ocr_carea' id='block_1_37' title="bbox 405 1967 2002 2040">
    <p class='ocr_par' dir='ltr' id='par_1_37' title="bbox 405 1967 2002 2040">
     <span class='ocr_line' id='line_1_37' title="bbox 405 1967 2002 2040; baseline 0.003 -22"><span class='ocrx_word' id='word_1_267' title='bbox 405 1981 534 2029; x_wconf 67' lang='grc' dir='ltr'>τεςτ</span> <span class='ocrx_word' id='word_1_268' title='bbox 575 1967 734 2020; x_wconf 86' lang='grc' dir='ltr'>τοῦτο</span> <span class='ocrx_word' id='word_1_269' title='bbox 755 1967 1092 2021; x_wconf 73' lang='grc' dir='ltr'>πεπόνθασιν</span> <span class='ocrx_word' id='word_1_270' title='bbox 1115 1969 1162 2022; x_wconf 86' lang='grc' dir='ltr'>οἱ</span> <span class='ocrx_word' id='word_1_271' title='bbox 1210 1969 1458 2022; x_wconf 81' lang='grc' dir='ltr'>Ἰουδαῖοι</span> <span class='ocrx_word' id='word_1_272' title='bbox 1483 1985 1498 2000; x_wconf 73' lang='grc'><strong>⁸</strong></span> <span class='ocrx_word' id='word_1_273' title='bbox 1529 1969 1657 2040; x_wconf 70' lang='grc' dir='ltr'>περὶ</span> <span class='ocrx_word' id='word_1_274' title='bbox 1688 1970 1797 2040; x_wconf 73' lang='grc' dir='ltr'><strong>γὰρ</strong></span> <span class='ocrx_word' id='word_1_275' title='bbox 1825 1969 1890 2040; x_wconf 80' lang='grc' dir='ltr'>δὴ</span> <span class='ocrx_word' id='word_1_276' title='bbox 1933 1971 2002 2024; x_wconf 77' lang='grc' dir='ltr'><strong>τὰ</strong></span> 
     </span>
    </p>
   </div>
   <div class='ocr_carea' id='block_1_38' title="bbox 407 2056 1999 2132">
    <p class='ocr_par' dir='ltr' id='par_1_38' title="bbox 407 2056 1999 2132">
     <span class='ocr_line' id='line_1_38' title="bbox 407 2056 1999 2132; baseline 0.006 -24"><span class='ocrx_word' id='word_1_277' title='bbox 407 2056 640 2126; x_wconf 78' lang='grc' dir='ltr'>περιττὰ</span> <span class='ocrx_word' id='word_1_278' title='bbox 685 2057 778 2110; x_wconf 84' lang='grc' dir='ltr'><strong>τοῦ</strong></span> <span class='ocrx_word' id='word_1_279' title='bbox 815 2059 981 2128; x_wconf 81' lang='grc' dir='ltr'>νόμου</span> <span class='ocrx_word' id='word_1_280' title='bbox 1015 2057 1255 2130; x_wconf 78' lang='grc' dir='ltr'>ἔχοντες,</span> <span class='ocrx_word' id='word_1_281' title='bbox 1291 2059 1384 2112; x_wconf 69' lang='grc' dir='ltr'>τὸν</span> <span class='ocrx_word' id='word_1_282' title='bbox 1413 2060 1523 2115; x_wconf 75' lang='grc' dir='ltr'>ὑπὸ</span> <span class='ocrx_word' id='word_1_283' title='bbox 1551 2059 1662 2114; x_wconf 86' lang='grc' dir='ltr'><strong>τῶν</strong></span> <span class='ocrx_word' id='word_1_284' title='bbox 1697 2060 1999 2132; x_wconf 72' lang='grc' dir='ltr'>προφητῷν</span> 
     </span>
    </p>
   </div>
   <div class='ocr_carea' id='block_1_39' title="bbox 407 2149 2006 2222">
    <p class='ocr_par' dir='ltr' id='par_1_39' title="bbox 407 2149 2006 2222">
     <span class='ocr_line' id='line_1_39' title="bbox 407 2149 2006 2222; baseline 0.001 -20"><span class='ocrx_word' id='word_1_285' title='bbox 407 2149 933 2222; x_wconf 74' lang='grc' dir='ltr'>προσαγορευθέντα</span> <span class='ocrx_word' id='word_1_286' title='bbox 982 2150 1128 2204; x_wconf 77' lang='grc' dir='ltr'>λίθον</span> <span class='ocrx_word' id='word_1_287' title='bbox 1187 2151 1315 2204; x_wconf 86' lang='grc' dir='ltr'>ἰδεῖν</span> <span class='ocrx_word' id='word_1_288' title='bbox 1349 2153 1450 2206; x_wconf 69' lang='grc' dir='ltr'>οὐκ</span> <span class='ocrx_word' id='word_1_289' title='bbox 1486 2150 1751 2221; x_wconf 78' lang='grc' dir='ltr'>ἐθέλησαν</span> <span class='ocrx_word' id='word_1_290' title='bbox 1775 2167 1790 2181; x_wconf 91' lang='grc'><strong>·</strong></span> <span class='ocrx_word' id='word_1_291' title='bbox 1827 2151 2006 2204; x_wconf 85' lang='grc' dir='ltr'>καίτοι</span> 
     </span>
    </p>
   </div>
   <div class='ocr_carea' id='block_1_40' title="bbox 409 2243 2008 2315">
    <p class='ocr_par' dir='ltr' id='par_1_40' title="bbox 409 2243 2008 2315">
     <span class='ocr_line' id='line_1_40' title="bbox 409 2243 2008 2315; baseline 0.001 -19"><span class='ocrx_word' id='word_1_292' title='bbox 409 2243 596 2312; x_wconf 80' lang='grc' dir='ltr'>σαφῶς</span> <span class='ocrx_word' id='word_1_293' title='bbox 653 2244 703 2294; x_wconf 80' lang='grc' dir='ltr'>οἱ</span> <span class='ocrx_word' id='word_1_294' title='bbox 743 2244 1021 2314; x_wconf 70' lang='grc' dir='ltr'>προφῆται</span> <span class='ocrx_word' id='word_1_295' title='bbox 1087 2243 1518 2315; x_wconf 70' lang='grc' dir='ltr'>προεθέσπισαν,</span> <span class='ocrx_word' id='word_1_296' title='bbox 1574 2243 1649 2308; x_wconf 82' lang='grc' dir='ltr'>ὡς</span> <span class='ocrx_word' id='word_1_297' title='bbox 1712 2247 1740 2298; x_wconf 88' lang='grc' dir='ltr'><strong>ό</strong></span> <span class='ocrx_word' id='word_1_298' title='bbox 1799 2244 2008 2308; x_wconf 80' lang='grc' dir='ltr'>τούτοις</span> 
     </span>
    </p>
   </div>
   <div class='ocr_carea' id='block_1_41' title="bbox 405 2334 2002 2408">
    <p class='ocr_par' dir='ltr' id='par_1_41' title="bbox 405 2334 2002 2408">
     <span class='ocr_line' id='line_1_41' title="bbox 405 2334 2002 2408; baseline 0 -19"><span class='ocrx_word' id='word_1_299' title='bbox 405 2334 704 2399; x_wconf 72' lang='grc' dir='ltr'>πιστεύων,</span> <span class='ocrx_word' id='word_1_300' title='bbox 747 2337 1026 2406; x_wconf 72' lang='grc' dir='ltr'>μεγίστων</span> <span class='ocrx_word' id='word_1_301' title='bbox 1061 2336 1313 2402; x_wconf 82' lang='grc' dir='ltr'>τεύξεται</span> <span class='ocrx_word' id='word_1_302' title='bbox 1339 2337 1562 2406; x_wconf 63' lang='grc' dir='ltr'>ἀγαθῶν</span> <span class='ocrx_word' id='word_1_303' title='bbox 1585 2353 1598 2365; x_wconf 92' lang='grc'><strong>·</strong></span> <span class='ocrx_word' id='word_1_304' title='bbox 1634 2354 1654 2389; x_wconf 71' lang='grc' dir='ltr'><strong>ι</strong></span> <span class='ocrx_word' id='word_1_305' title='bbox 1685 2337 1860 2406; x_wconf 52' lang='grc' dir='ltr'>Ζῖχλον</span> <span class='ocrx_word' id='word_1_306' title='bbox 1892 2335 2002 2408; x_wconf 78' lang='grc' dir='ltr'>γὰρ</span> 
     </span>
    </p>
   </div>
   <div class='ocr_carea' id='block_1_42' title="bbox 407 2427 2010 2505">
    <p class='ocr_par' dir='ltr' id='par_1_42' title="bbox 407 2427 2010 2505">
     <span class='ocr_line' id='line_1_42' title="bbox 407 2427 2010 2505; baseline -0.001 -24"><span class='ocrx_word' id='word_1_307' title='bbox 407 2429 544 2482; x_wconf 86' lang='grc' dir='ltr'>Θεοῦ</span> <span class='ocrx_word' id='word_1_308' title='bbox 602 2428 842 2497; x_wconf 82' lang='grc' dir='ltr'>ἔχουσιν,</span> <span class='ocrx_word' id='word_1_309' title='bbox 872 2427 985 2480; x_wconf 80' lang='grc' dir='ltr'>ἀλλ’</span> <span class='ocrx_word' id='word_1_310' title='bbox 1021 2429 1084 2481; x_wconf 89' lang='grc' dir='ltr'><strong>ού</strong></span> <span class='ocrx_word' id='word_1_311' title='bbox 1131 2428 1253 2483; x_wconf 88' lang='grc' dir='ltr'>κατ’</span> <span class='ocrx_word' id='word_1_312' title='bbox 1297 2428 1598 2496; x_wconf 77' lang='grc' dir='ltr'>ἐπίγνωσιν</span> <span class='ocrx_word' id='word_1_313' title='bbox 1625 2446 1638 2461; x_wconf 87' lang='grc'><strong>·</strong></span> <span class='ocrx_word' id='word_1_314' title='bbox 1684 2427 2010 2505; x_wconf 69' lang='grc' dir='ltr'>ἀγνοοῦντες</span> 
     </span>
    </p>
   </div>
   <div class='ocr_carea' id='block_1_43' title="bbox 411 2505 2002 2592">
    <p class='ocr_par' dir='ltr' id='par_1_43' title="bbox 411 2519 2002 2592">
     <span class='ocr_line' id='line_1_43' title="bbox 411 2519 2002 2592; baseline -0.001 -18"><span class='ocrx_word' id='word_1_315' title='bbox 411 2522 524 2592; x_wconf 80' lang='grc' dir='ltr'>γὰρ</span> <span class='ocrx_word' id='word_1_316' title='bbox 553 2521 652 2592; x_wconf 74' lang='grc' dir='ltr'>τὴν</span> <span class='ocrx_word' id='word_1_317' title='bbox 681 2519 775 2574; x_wconf 85' lang='grc' dir='ltr'><strong>τοῦ</strong></span> <span class='ocrx_word' id='word_1_318' title='bbox 812 2519 949 2573; x_wconf 85' lang='grc' dir='ltr'>Θεοῦ</span> <span class='ocrx_word' id='word_1_319' title='bbox 977 2520 1350 2592; x_wconf 80' lang='grc' dir='ltr'>δικαιοσύνην,</span> <span class='ocrx_word' id='word_1_320' title='bbox 1378 2521 1472 2574; x_wconf 69' lang='grc' dir='ltr'><strong>καὶ</strong></span> <span class='ocrx_word' id='word_1_321' title='bbox 1501 2521 1598 2592; x_wconf 76' lang='grc' dir='ltr'>τὴν</span> <span class='ocrx_word' id='word_1_322' title='bbox 1638 2521 1774 2574; x_wconf 82' lang='grc' dir='ltr'>ἰδίαν</span> <span class='ocrx_word' id='word_1_323' title='bbox 1796 2520 2002 2574; x_wconf 83' lang='grc' dir='ltr'>δικαιο-</span> 
     </span>
    </p>
   </div>
   <div class='ocr_carea' id='block_1_44' title="bbox 417 2611 2014 2686">
    <p class='ocr_par' dir='ltr' id='par_1_44' title="bbox 417 2611 2014 2686">
     <span class='ocr_line' id='line_1_44' title="bbox 417 2611 2014 2686; baseline -0.002 -18"><span class='ocrx_word' id='word_1_324' title='bbox 417 2613 587 2684; x_wconf 87' lang='grc' dir='ltr'>σύνην</span> <span class='ocrx_word' id='word_1_325' title='bbox 637 2611 932 2684; x_wconf 83' lang='grc' dir='ltr'>ζητοῦντες</span> <span class='ocrx_word' id='word_1_326' title='bbox 979 2614 1198 2684; x_wconf 82' lang='grc' dir='ltr'>στῆσαι,</span> <span class='ocrx_word' id='word_1_327' title='bbox 1249 2616 1316 2686; x_wconf 78' lang='grc' dir='ltr'>τῇ</span> <span class='ocrx_word' id='word_1_328' title='bbox 1367 2613 1686 2686; x_wconf 82' lang='grc' dir='ltr'>δικαιοσύνῃ</span> <span class='ocrx_word' id='word_1_329' title='bbox 1736 2613 1831 2667; x_wconf 87' lang='grc' dir='ltr'><strong>τοῦ</strong></span> <span class='ocrx_word' id='word_1_330' title='bbox 1877 2611 2014 2667; x_wconf 80' lang='grc' dir='ltr'>Θεοῦ</span> 
     </span>
    </p>
   </div>
   <div class='ocr_carea' id='block_1_45' title="bbox 412 2705 2016 2778">
    <p class='ocr_par' dir='ltr' id='par_1_45' title="bbox 412 2705 2016 2778">
     <span class='ocr_line' id='line_1_45' title="bbox 412 2705 2016 2778; baseline -0.001 -18"><span class='ocrx_word' id='word_1_331' title='bbox 412 2707 513 2777; x_wconf 81' lang='grc' dir='ltr'>ούχ</span> <span class='ocrx_word' id='word_1_332' title='bbox 559 2706 994 2762; x_wconf 77' lang='grc' dir='ltr'>ὑποτάσσονταιο</span> <span class='ocrx_word' id='word_1_333' title='bbox 1025 2725 1044 2759; x_wconf 72' lang='grc' dir='ltr'><strong>ι</strong></span> <span class='ocrx_word' id='word_1_334' title='bbox 1091 2707 1248 2772; x_wconf 81' lang='grc' dir='ltr'>τέλος</span> <span class='ocrx_word' id='word_1_335' title='bbox 1292 2707 1406 2778; x_wconf 81' lang='grc' dir='ltr'><strong>γὰρ</strong></span> <span class='ocrx_word' id='word_1_336' title='bbox 1451 2707 1620 2778; x_wconf 89' lang='grc' dir='ltr'>νόμου</span> <span class='ocrx_word' id='word_1_337' title='bbox 1665 2705 1906 2778; x_wconf 79' lang='grc' dir='ltr'>Χριστὸς</span> <span class='ocrx_word' id='word_1_338' title='bbox 1934 2705 2016 2769; x_wconf 84' lang='grc' dir='ltr'>εἰς</span> 
     </span>
    </p>
   </div>
   <div class='ocr_carea' id='block_1_46' title="bbox 2105 1875 3705 1947">
    <p class='ocr_par' dir='ltr' id='par_1_46' title="bbox 2105 1875 3705 1947">
     <span class='ocr_line' id='line_1_46' title="bbox 2105 1875 3705 1947; baseline 0 -17"><span class='ocrx_word' id='word_1_339' title='bbox 2105 1887 2391 1942; x_wconf 85' lang='lat' dir='ltr'><strong>vacantes,</strong></span> <span class='ocrx_word' id='word_1_340' title='bbox 2417 1877 2512 1946; x_wconf 89' lang='lat' dir='ltr'><strong>qui</strong></span> <span class='ocrx_word' id='word_1_341' title='bbox 2543 1889 2574 1930; x_wconf 87' lang='lat' dir='ltr'><strong>a</strong></span> <span class='ocrx_word' id='word_1_342' title='bbox 2601 1876 2891 1947; x_wconf 87' lang='lat' dir='ltr'><strong>prophetis</strong></span> <span class='ocrx_word' id='word_1_343' title='bbox 2921 1875 3440 1946; x_wconf 67' lang='lat' dir='ltr'><strong>praedictusl&#39;uerat,</strong></span> <span class='ocrx_word' id='word_1_344' title='bbox 3466 1877 3705 1946; x_wconf 84' lang='lat' dir='ltr'><strong>lapidem</strong></span> 
     </span>
    </p>
   </div>
   <div class='ocr_carea' id='block_1_47' title="bbox 2104 1969 3711 2040">
    <p class='ocr_par' dir='ltr' id='par_1_47' title="bbox 2104 1969 3711 2040">
     <span class='ocr_line' id='line_1_47' title="bbox 2104 1969 3711 2040; baseline -0.001 -16"><span class='ocrx_word' id='word_1_345' title='bbox 2104 1970 2300 2026; x_wconf 89' lang='lat' dir='ltr'><strong>videre</strong></span> <span class='ocrx_word' id='word_1_346' title='bbox 2331 1969 2667 2038; x_wconf 87' lang='lat' dir='ltr'><strong>noluerunt;</strong></span> <span class='ocrx_word' id='word_1_347' title='bbox 2700 1984 3020 2040; x_wconf 86' lang='lat' dir='ltr'><strong>quanquam</strong></span> <span class='ocrx_word' id='word_1_348' title='bbox 3051 1979 3241 2038; x_wconf 88' lang='lat' dir='ltr'><strong>aperte</strong></span> <span class='ocrx_word' id='word_1_349' title='bbox 3285 1969 3572 2024; x_wconf 84' lang='lat' dir='ltr'><strong>vaticinati</strong></span> <span class='ocrx_word' id='word_1_350' title='bbox 3597 1971 3711 2024; x_wconf 81' lang='lat' dir='ltr'><strong>sint</strong></span> 
     </span>
    </p>
   </div>
   <div class='ocr_carea' id='block_1_48' title="bbox 2109 2061 3714 2132">
    <p class='ocr_par' dir='ltr' id='par_1_48' title="bbox 2109 2061 3714 2132">
     <span class='ocr_line' id='line_1_48' title="bbox 2109 2061 3714 2132; baseline -0.002 -16"><span class='ocrx_word' id='word_1_351' title='bbox 2109 2061 2402 2132; x_wconf 74' lang='lat' dir='ltr'><strong>propheta:</strong></span> <span class='ocrx_word' id='word_1_352' title='bbox 2446 2061 2597 2117; x_wconf 87' lang='lat' dir='ltr'><strong>hunc</strong></span> <span class='ocrx_word' id='word_1_353' title='bbox 2633 2062 2728 2132; x_wconf 89' lang='lat' dir='ltr'><strong>qui</strong></span> <span class='ocrx_word' id='word_1_354' title='bbox 2762 2061 2882 2116; x_wconf 89' lang='lat' dir='ltr'><strong>istis</strong></span> <span class='ocrx_word' id='word_1_355' title='bbox 2927 2061 3202 2124; x_wconf 86' lang='lat' dir='ltr'><strong>crederet,</strong></span> <span class='ocrx_word' id='word_1_356' title='bbox 3241 2063 3476 2116; x_wconf 78' lang='lat' dir='ltr'><strong>maxima</strong></span> <span class='ocrx_word' id='word_1_357' title='bbox 3517 2078 3714 2117; x_wconf 84' lang='lat' dir='ltr'><strong>conse—</strong></span> 
     </span>
    </p>
   </div>
   <div class='ocr_carea' id='block_1_49' title="bbox 2114 2153 3713 2230">
    <p class='ocr_par' dir='ltr' id='par_1_49' title="bbox 2114 2153 3713 2230">
     <span class='ocr_line' id='line_1_49' title="bbox 2114 2153 3713 2230; baseline 0 -22"><span class='ocrx_word' id='word_1_358' title='bbox 2114 2157 2376 2208; x_wconf 77' lang='lat' dir='ltr'><strong>cuturum</strong></span> <span class='ocrx_word' id='word_1_359' title='bbox 2415 2168 2539 2208; x_wconf 87' lang='lat' dir='ltr'><strong>esse</strong></span> <span class='ocrx_word' id='word_1_360' title='bbox 2565 2153 2730 2230; x_wconf 83' lang='lat' dir='ltr'><strong>bona.</strong></span> <span class='ocrx_word' id='word_1_361' title='bbox 2771 2171 2789 2205; x_wconf 77' lang='grc' dir='ltr'><strong>ι</strong></span> <span class='ocrx_word' id='word_1_362' title='bbox 2821 2153 3013 2208; x_wconf 77' lang='lat' dir='ltr'><strong>Zelixm</strong></span> <span class='ocrx_word' id='word_1_363' title='bbox 3035 2153 3184 2208; x_wconf 89' lang='lat' dir='ltr'><strong>enim</strong></span> <span class='ocrx_word' id='word_1_364' title='bbox 3219 2153 3316 2208; x_wconf 87' lang='lat' dir='ltr'><strong>Dei</strong></span> <span class='ocrx_word' id='word_1_365' title='bbox 3347 2154 3574 2219; x_wconf 81' lang='lat' dir='ltr'><strong>habent,</strong></span> <span class='ocrx_word' id='word_1_366' title='bbox 3602 2170 3713 2208; x_wconf 82' lang='lat' dir='ltr'><strong>non</strong></span> 
     </span>
    </p>
   </div>
   <div class='ocr_carea' id='block_1_50' title="bbox 2095 2244 3716 2303">
    <p class='ocr_par' dir='ltr' id='par_1_50' title="bbox 2095 2244 3716 2303">
     <span class='ocr_line' id='line_1_50' title="bbox 2095 2244 3716 2303; baseline 0.005 -8"><span class='ocrx_word' id='word_1_367' title='bbox 2095 2253 2304 2301; x_wconf 78' lang='lat' dir='ltr'><strong>autem</strong></span> <span class='ocrx_word' id='word_1_368' title='bbox 2360 2244 2668 2302; x_wconf 85' lang='lat' dir='ltr'><strong>secundum</strong></span> <span class='ocrx_word' id='word_1_369' title='bbox 2733 2245 3044 2301; x_wconf 89' lang='lat' dir='ltr'><strong>scientiam.</strong></span> <span class='ocrx_word' id='word_1_370' title='bbox 3080 2245 3404 2302; x_wconf 82' lang='lat' dir='ltr'><strong>Nescienles</strong></span> <span class='ocrx_word' id='word_1_371' title='bbox 3433 2247 3581 2302; x_wconf 90' lang='lat' dir='ltr'><strong>enim</strong></span> <span class='ocrx_word' id='word_1_372' title='bbox 3614 2248 3716 2303; x_wconf 87' lang='lat' dir='ltr'><strong>Dei</strong></span> 
     </span>
    </p>
   </div>
   <div class='ocr_carea' id='block_1_51' title="bbox 2111 2335 3714 2408">
    <p class='ocr_par' dir='ltr' id='par_1_51' title="bbox 2111 2335 3714 2408">
     <span class='ocr_line' id='line_1_51' title="bbox 2111 2335 3714 2408; baseline 0.004 -20"><span class='ocrx_word' id='word_1_373' title='bbox 2111 2335 2410 2406; x_wconf 87' lang='lat' dir='ltr'><strong>justitiam,</strong></span> <span class='ocrx_word' id='word_1_374' title='bbox 2463 2345 2520 2391; x_wconf 88' lang='lat' dir='ltr'><strong>et</strong></span> <span class='ocrx_word' id='word_1_375' title='bbox 2553 2352 2709 2392; x_wconf 89' lang='lat' dir='ltr'><strong>suam</strong></span> <span class='ocrx_word' id='word_1_376' title='bbox 2761 2337 3033 2408; x_wconf 85' lang='lat' dir='ltr'><strong>justitiam</strong></span> <span class='ocrx_word' id='word_1_377' title='bbox 3091 2347 3402 2408; x_wconf 62' lang='lat' dir='ltr'><strong>quaerentes</strong></span> <span class='ocrx_word' id='word_1_378' title='bbox 3447 2346 3714 2400; x_wconf 83' lang='lat' dir='ltr'><strong>statuere,</strong></span> 
     </span>
    </p>
   </div>
   <div class='ocr_carea' id='block_1_52' title="bbox 2113 2427 3720 2502">
    <p class='ocr_par' dir='ltr' id='par_1_52' title="bbox 2113 2427 3720 2502">
     <span class='ocr_line' id='line_1_52' title="bbox 2113 2427 3720 2502; baseline 0.001 -18"><span class='ocrx_word' id='word_1_379' title='bbox 2113 2427 2346 2500; x_wconf 68' lang='lat' dir='ltr'><strong>justitia:</strong></span> <span class='ocrx_word' id='word_1_380' title='bbox 2395 2429 2492 2483; x_wconf 90' lang='lat' dir='ltr'><strong>Dei</strong></span> <span class='ocrx_word' id='word_1_381' title='bbox 2545 2445 2658 2484; x_wconf 82' lang='lat' dir='ltr'><strong>non</strong></span> <span class='ocrx_word' id='word_1_382' title='bbox 2707 2429 3104 2501; x_wconf 88' lang='lat' dir='ltr'><strong>subjiciuntur.</strong></span> <span class='ocrx_word' id='word_1_383' title='bbox 3163 2431 3313 2486; x_wconf 84' lang='lat' dir='ltr'><strong>Finis</strong></span> <span class='ocrx_word' id='word_1_384' title='bbox 3369 2432 3520 2486; x_wconf 82' lang='lat' dir='ltr'><strong>enim</strong></span> <span class='ocrx_word' id='word_1_385' title='bbox 3579 2432 3720 2502; x_wconf 71' lang='lat' dir='ltr'><strong>legis</strong></span> 
     </span>
    </p>
   </div>
   <div class='ocr_carea' id='block_1_53' title="bbox 2097 2517 3717 2594">
    <p class='ocr_par' dir='ltr' id='par_1_53' title="bbox 2097 2517 3717 2594">
     <span class='ocr_line' id='line_1_53' title="bbox 2097 2517 3717 2594; baseline 0.001 -16"><span class='ocrx_word' id='word_1_386' title='bbox 2097 2520 2386 2594; x_wconf 73' lang='lat' dir='ltr'><strong>Christus</strong></span> <span class='ocrx_word' id='word_1_387' title='bbox 2413 2521 2465 2575; x_wconf 90' lang='lat' dir='ltr'><strong>in</strong></span> <span class='ocrx_word' id='word_1_388' title='bbox 2490 2521 2760 2593; x_wconf 87' lang='lat' dir='ltr'><strong>justitiam</strong></span> <span class='ocrx_word' id='word_1_389' title='bbox 2805 2517 2956 2578; x_wconf 84' lang='lat' dir='ltr'><strong>omni</strong></span> <span class='ocrx_word' id='word_1_390' title='bbox 3003 2523 3252 2578; x_wconf 87' lang='lat' dir='ltr'><strong>credenti</strong></span> <span class='ocrx_word' id='word_1_391' title='bbox 3270 2525 3356 2588; x_wconf 70' lang='grc' dir='ltr'><strong>είς</strong></span> <span class='ocrx_word' id='word_1_392' title='bbox 3393 2543 3411 2575; x_wconf 77' lang='grc' dir='ltr'><strong>ι</strong></span> <span class='ocrx_word' id='word_1_393' title='bbox 3446 2525 3532 2579; x_wconf 80' lang='lat' dir='ltr'><strong>lex</strong></span> <span class='ocrx_word' id='word_1_394' title='bbox 3561 2526 3717 2580; x_wconf 74' lang='lat' dir='ltr'><strong>enim</strong></span> 
     </span>
    </p>
   </div>
   <div class='ocr_carea' id='block_1_54' title="bbox 2124 2612 3721 2679">
    <p class='ocr_par' dir='ltr' id='par_1_54' title="bbox 2124 2612 3721 2679">
     <span class='ocr_line' id='line_1_54' title="bbox 2124 2612 3721 2679; baseline -0.001 -11"><span class='ocrx_word' id='word_1_395' title='bbox 2124 2627 2226 2668; x_wconf 89' lang='lat' dir='ltr'><strong>nos</strong></span> <span class='ocrx_word' id='word_1_396' title='bbox 2256 2627 2474 2678; x_wconf 90' lang='lat' dir='ltr'><strong>omnes,</strong></span> <span class='ocrx_word' id='word_1_397' title='bbox 2505 2612 2719 2668; x_wconf 86' lang='lat' dir='ltr'><strong>scilicet</strong></span> <span class='ocrx_word' id='word_1_398' title='bbox 2748 2628 2968 2668; x_wconf 88' lang='lat' dir='ltr'><strong>omnem</strong></span> <span class='ocrx_word' id='word_1_399' title='bbox 2998 2613 3300 2670; x_wconf 87' lang='lat' dir='ltr'><strong>humanam</strong></span> <span class='ocrx_word' id='word_1_400' title='bbox 3333 2626 3585 2670; x_wconf 87' lang='lat' dir='ltr'><strong>naturam</strong></span> <span class='ocrx_word' id='word_1_401' title='bbox 3607 2656 3620 2679; x_wconf 91' lang='lat'><strong>,</strong></span> <span class='ocrx_word' id='word_1_402' title='bbox 3641 2616 3721 2670; x_wconf 74' lang='lat' dir='ltr'><strong>ad</strong></span> 
     </span>
    </p>
   </div>
   <div class='ocr_carea' id='block_1_55' title="bbox 2127 2705 3596 2787">
    <p class='ocr_par' dir='ltr' id='par_1_55' title="bbox 2127 2705 3596 2787">
     <span class='ocr_line' id='line_1_55' title="bbox 2127 2705 3596 2787; baseline 0.001 -27"><span class='ocrx_word' id='word_1_403' title='bbox 2127 2706 2427 2762; x_wconf 89' lang='lat' dir='ltr'><strong>Dominum</strong></span> <span class='ocrx_word' id='word_1_404' title='bbox 2451 2705 2734 2762; x_wconf 85' lang='lat' dir='ltr'><strong>Christum</strong></span> <span class='ocrx_word' id='word_1_405' title='bbox 2765 2706 3056 2762; x_wconf 79' lang='lat' dir='ltr'><strong>conduxit.</strong></span> <span class='ocrx_word' id='word_1_406' title='bbox 3582 2757 3596 2787; x_wconf 56' lang='grc' dir='ltr'><em>ι</em></span> 
     </span>
    </p>
   </div>
   <div class='ocr_carea' id='block_1_56' title="bbox 410 2797 3721 2880">
    <p class='ocr_par' dir='ltr' id='par_1_56' title="bbox 410 2797 3721 2880">
     <span class='ocr_line' id='line_1_56' title="bbox 410 2797 3721 2880; baseline 0.001 -26"><span class='ocrx_word' id='word_1_407' title='bbox 410 2797 764 2873; x_wconf 87' lang='grc' dir='ltr'>δικαιοσύνην</span> <span class='ocrx_word' id='word_1_408' title='bbox 795 2801 958 2856; x_wconf 68' lang='grc' dir='ltr'>παντὶ</span> <span class='ocrx_word' id='word_1_409' title='bbox 983 2801 1062 2874; x_wconf 86' lang='grc' dir='ltr'>τῷ</span> <span class='ocrx_word' id='word_1_410' title='bbox 1094 2802 1442 2856; x_wconf 80' lang='grc' dir='ltr'>πιστεύοντιο</span> <span class='ocrx_word' id='word_1_411' title='bbox 1476 2803 1504 2856; x_wconf 88' lang='grc' dir='ltr'><strong>ό</strong></span> <span class='ocrx_word' id='word_1_412' title='bbox 1543 2802 1653 2880; x_wconf 80' lang='grc' dir='ltr'>γᾲρ</span> <span class='ocrx_word' id='word_1_413' title='bbox 1685 2802 1850 2874; x_wconf 89' lang='grc' dir='ltr'>νόμος</span> <span class='ocrx_word' id='word_1_414' title='bbox 1910 2802 2117 2864; x_wconf 80' lang='grc' dir='ltr'>πάντας</span> <span class='ocrx_word' id='word_1_415' title='bbox 2155 2803 2328 2873; x_wconf 79' lang='grc' dir='ltr'>ἡμᾶς,</span> <span class='ocrx_word' id='word_1_416' title='bbox 2359 2803 2528 2872; x_wconf 72' lang='grc' dir='ltr'>ἤγουν</span> <span class='ocrx_word' id='word_1_417' title='bbox 2573 2804 2754 2856; x_wconf 74' lang='grc' dir='ltr'>πᾶσαν</span> <span class='ocrx_word' id='word_1_418' title='bbox 2821 2802 2983 2872; x_wconf 79' lang='grc' dir='ltr'>φύσιν</span> <span class='ocrx_word' id='word_1_419' title='bbox 3033 2803 3359 2876; x_wconf 77' lang='grc' dir='ltr'>ἀνθρώπων,</span> <span class='ocrx_word' id='word_1_420' title='bbox 3423 2806 3560 2877; x_wconf 73' lang='grc' dir='ltr'>πρὸς</span> <span class='ocrx_word' id='word_1_421' title='bbox 3623 2805 3721 2858; x_wconf 67' lang='grc' dir='ltr'>τὸ)</span> 
     </span>
    </p>
   </div>
   <div class='ocr_carea' id='block_1_57' title="bbox 412 2897 1348 2992">
    <p class='ocr_par' dir='ltr' id='par_1_57' title="bbox 412 2897 1348 2992">
     <span class='ocr_line' id='line_1_57' title="bbox 412 2897 1348 2992; baseline 0.001 -41"><span class='ocrx_word' id='word_1_422' title='bbox 412 2899 694 2992; x_wconf 40' lang='grc' dir='ltr'>δεσπότην</span> <span class='ocrx_word' id='word_1_423' title='bbox 725 2897 962 2970; x_wconf 74' lang='grc' dir='ltr'>Χριστὸν</span> <span class='ocrx_word' id='word_1_424' title='bbox 987 2899 1348 2970; x_wconf 79' lang='grc' dir='ltr'>ὲποδήγησεν.</span> 
     </span>
    </p>
   </div>
   <div class='ocr_carea' id='block_1_58' title="bbox 484 2990 2014 3080">
    <p class='ocr_par' dir='ltr' id='par_1_58' title="bbox 484 2990 2014 3070">
     <span class='ocr_line' id='line_1_58' title="bbox 484 2990 2014 3070; baseline -0.001 -25"><span class='ocrx_word' id='word_1_425' title='bbox 484 2992 592 3046; x_wconf 74' lang='grc' dir='ltr'><strong>Τὸν</strong></span> <span class='ocrx_word' id='word_1_426' title='bbox 637 2990 732 3045; x_wconf 86' lang='grc' dir='ltr'><strong>τοῦ</strong></span> <span class='ocrx_word' id='word_1_427' title='bbox 787 2991 954 3070; x_wconf 75' lang='grc' dir='ltr'>νόμου</span> <span class='ocrx_word' id='word_1_428' title='bbox 1021 2991 1204 3046; x_wconf 87' lang='grc' dir='ltr'>τοίνυν</span> <span class='ocrx_word' id='word_1_429' title='bbox 1285 2991 1488 3062; x_wconf 83' lang='grc' dir='ltr'>πληροῖ</span> <span class='ocrx_word' id='word_1_430' title='bbox 1555 2991 1760 3060; x_wconf 59' lang='grc' dir='ltr'>σκοπόν</span> <span class='ocrx_word' id='word_1_431' title='bbox 1833 2991 1862 3044; x_wconf 89' lang='grc' dir='ltr'><strong>ὁ</strong></span> <span class='ocrx_word' id='word_1_432' title='bbox 1923 3009 2014 3044; x_wconf 88' lang='grc' dir='ltr'>πι-</span> 
     </span>
    </p>
   </div>
   <div class='ocr_carea' id='block_1_59' title="bbox 2193 2989 3723 3062">
    <p class='ocr_par' dir='ltr' id='par_1_59' title="bbox 2193 2989 3723 3062">
     <span class='ocr_line' id='line_1_59' title="bbox 2193 2989 3723 3062; baseline 0.005 -16"><span class='ocrx_word' id='word_1_433' title='bbox 2193 2991 2356 3062; x_wconf 82' lang='lat' dir='ltr'><strong>Legis</strong></span> <span class='ocrx_word' id='word_1_434' title='bbox 2383 2989 2546 3048; x_wconf 88' lang='lat' dir='ltr'><strong>ﬁnem</strong></span> <span class='ocrx_word' id='word_1_435' title='bbox 2581 2991 2910 3062; x_wconf 90' lang='lat' dir='ltr'><strong>implet-qui</strong></span> <span class='ocrx_word' id='word_1_436' title='bbox 2945 2991 3126 3049; x_wconf 89' lang='lat' dir='ltr'><strong>credit</strong></span> <span class='ocrx_word' id='word_1_437' title='bbox 3162 2992 3430 3048; x_wconf 82' lang='lat' dir='ltr'><strong>Salvatori</strong></span> <span class='ocrx_word' id='word_1_438' title='bbox 3463 2993 3723 3055; x_wconf 88' lang='lat' dir='ltr'><strong>Christo:</strong></span> 
     </span>
    </p>
   </div>
   <div class='ocr_carea' id='block_1_60' title="bbox 415 3069 2017 3157">
    <p class='ocr_par' dir='ltr' id='par_1_60' title="bbox 415 3069 2012 3157">
     <span class='ocr_line' id='line_1_60' title="bbox 415 3069 2012 3157; baseline -0.001 -19"><span class='ocrx_word' id='word_1_439' title='bbox 415 3083 626 3138; x_wconf 85' lang='grc' dir='ltr'>στεύων</span> <span class='ocrx_word' id='word_1_440' title='bbox 679 3081 760 3155; x_wconf 79' lang='grc' dir='ltr'>τῷ</span> <span class='ocrx_word' id='word_1_441' title='bbox 807 3069 1024 3157; x_wconf 78' lang='grc' dir='ltr'>Σωτῆρι</span> <span class='ocrx_word' id='word_1_442' title='bbox 1067 3083 1332 3156; x_wconf 82' lang='grc' dir='ltr'>Χριστῷ’</span> <span class='ocrx_word' id='word_1_443' title='bbox 1378 3072 1518 3138; x_wconf 81' lang='grc' dir='ltr'>διότι</span> <span class='ocrx_word' id='word_1_444' title='bbox 1560 3084 1808 3156; x_wconf 79' lang='grc' dir='ltr'>περιέχει</span> <span class='ocrx_word' id='word_1_445' title='bbox 1855 3085 1912 3136; x_wconf 81' lang='grc' dir='ltr'>ὲν</span> <span class='ocrx_word' id='word_1_446' title='bbox 1945 3085 2012 3154; x_wconf 82' lang='grc' dir='ltr'>τῇ</span> 
     </span>
    </p>
   </div>
   <div class='ocr_carea' id='block_1_61' title="bbox 2121 3069 3723 3157">
    <p class='ocr_par' dir='ltr' id='par_1_61' title="bbox 2121 3083 3723 3156">
     <span class='ocr_line' id='line_1_61' title="bbox 2121 3083 3723 3156; baseline 0.004 -18"><span class='ocrx_word' id='word_1_447' title='bbox 2121 3084 2247 3138; x_wconf 85' lang='lat' dir='ltr'><strong>ideo</strong></span> <span class='ocrx_word' id='word_1_448' title='bbox 2278 3084 2564 3140; x_wconf 81' lang='lat' dir='ltr'><strong>invenitur</strong></span> <span class='ocrx_word' id='word_1_449' title='bbox 2617 3084 2674 3139; x_wconf 86' lang='lat' dir='ltr'><strong>in</strong></span> <span class='ocrx_word' id='word_1_450' title='bbox 2711 3083 2997 3156; x_wconf 80' lang='lat' dir='ltr'><strong>Scriptura</strong></span> <span class='ocrx_word' id='word_1_451' title='bbox 3018 3103 3037 3140; x_wconf 89' lang='lat'><strong><em>:</em></strong></span> <span class='ocrx_word' id='word_1_452' title='bbox 3070 3104 3089 3138; x_wconf 80' lang='grc' dir='ltr'><strong>ι</strong></span> <span class='ocrx_word' id='word_1_453' title='bbox 3123 3086 3265 3141; x_wconf 88' lang='lat' dir='ltr'><strong>Ecce</strong></span> <span class='ocrx_word' id='word_1_454' title='bbox 3295 3101 3440 3156; x_wconf 92' lang='lat' dir='ltr'><strong>pono</strong></span> <span class='ocrx_word' id='word_1_455' title='bbox 3487 3086 3542 3142; x_wconf 91' lang='lat' dir='ltr'><strong>in</strong></span> <span class='ocrx_word' id='word_1_456' title='bbox 3587 3087 3723 3145; x_wconf 83' lang='lat' dir='ltr'><strong>Sion</strong></span> 
     </span>
    </p>
   </div>
   <div class='ocr_carea' id='block_1_62' title="bbox 414 3175 2014 3260">
    <p class='ocr_par' dir='ltr' id='par_1_62' title="bbox 414 3175 2014 3260">
     <span class='ocr_line' id='line_1_62' title="bbox 414 3175 2014 3260; baseline 0 -30"><span class='ocrx_word' id='word_1_457' title='bbox 414 3177 612 3250; x_wconf 79' lang='grc' dir='ltr'>Γραφῇ</span> <span class='ocrx_word' id='word_1_458' title='bbox 633 3193 648 3208; x_wconf 79' lang='grc' dir='ltr'><strong>ο</strong></span> <span class='ocrx_word' id='word_1_459' title='bbox 680 3197 696 3228; x_wconf 79' lang='grc' dir='ltr'><strong>ι</strong></span> <span class='ocrx_word' id='word_1_460' title='bbox 738 3175 869 3230; x_wconf 83' lang='grc' dir='ltr'>Ἰδοὺ</span> <span class='ocrx_word' id='word_1_461' title='bbox 891 3177 1082 3260; x_wconf 35' lang='grc' dir='ltr'>Ξίθημίι</span> <span class='ocrx_word' id='word_1_462' title='bbox 1100 3177 1154 3230; x_wconf 78' lang='grc' dir='ltr'><strong>ἐν</strong></span> <span class='ocrx_word' id='word_1_463' title='bbox 1168 3175 1306 3231; x_wconf 82' lang='grc' dir='ltr'>Σιὼν</span> <span class='ocrx_word' id='word_1_464' title='bbox 1319 3175 1468 3231; x_wconf 86' lang='grc' dir='ltr'>λίθον</span> <span class='ocrx_word' id='word_1_465' title='bbox 1485 3179 1898 3249; x_wconf 85' lang='grc' dir='ltr'>ἀκρογωνιαῖον,</span> <span class='ocrx_word' id='word_1_466' title='bbox 1925 3179 2014 3230; x_wconf 83' lang='grc' dir='ltr'>ἐκ·</span> 
     </span>
    </p>
   </div>
   <div class='ocr_carea' id='block_1_63' title="bbox 415 3267 2015 3340">
    <p class='ocr_par' dir='ltr' id='par_1_63' title="bbox 415 3267 2015 3340">
     <span class='ocr_line' id='line_1_63' title="bbox 415 3267 2015 3340; baseline 0 -18"><span class='ocrx_word' id='word_1_467' title='bbox 415 3269 626 3334; x_wconf 74' lang='grc' dir='ltr'>λεκτὸν,</span> <span class='ocrx_word' id='word_1_468' title='bbox 647 3267 886 3340; x_wconf 79' lang='grc' dir='ltr'>ἔντιμον,</span> <span class='ocrx_word' id='word_1_469' title='bbox 920 3270 1015 3324; x_wconf 77' lang='grc' dir='ltr'>καὶ</span> <span class='ocrx_word' id='word_1_470' title='bbox 1032 3271 1060 3322; x_wconf 84' lang='grc' dir='ltr'><strong>ό</strong></span> <span class='ocrx_word' id='word_1_471' title='bbox 1079 3268 1350 3324; x_wconf 88' lang='grc' dir='ltr'>πιστεύων</span> <span class='ocrx_word' id='word_1_472' title='bbox 1369 3272 1446 3334; x_wconf 86' lang='grc' dir='ltr'>εἰς</span> <span class='ocrx_word' id='word_1_473' title='bbox 1463 3270 1626 3324; x_wconf 83' lang='grc' dir='ltr'>αὐτὸν</span> <span class='ocrx_word' id='word_1_474' title='bbox 1649 3271 1710 3324; x_wconf 86' lang='grc' dir='ltr'><strong>ού</strong></span> <span class='ocrx_word' id='word_1_475' title='bbox 1733 3269 1808 3340; x_wconf 82' lang='grc' dir='ltr'>μὴ</span> <span class='ocrx_word' id='word_1_476' title='bbox 1823 3287 2015 3323; x_wconf 58' lang='lat' dir='ltr'><strong>natat-</strong></span> 
     </span>
    </p>
   </div>
   <div class='ocr_carea' id='block_1_64' title="bbox 421 3360 2016 3436">
    <p class='ocr_par' dir='ltr' id='par_1_64' title="bbox 421 3360 2016 3436">
     <span class='ocr_line' id='line_1_64' title="bbox 421 3360 2016 3436; baseline 0 -22"><span class='ocrx_word' id='word_1_477' title='bbox 421 3361 649 3436; x_wconf 61' lang='grc' dir='ltr'>σχιινῦῇ.</span> <span class='ocrx_word' id='word_1_478' title='bbox 669 3381 686 3414; x_wconf 78' lang='grc' dir='ltr'><strong>ι</strong></span> <span class='ocrx_word' id='word_1_479' title='bbox 707 3361 869 3430; x_wconf 82' lang='grc' dir='ltr'>Ἡμῖν</span> <span class='ocrx_word' id='word_1_480' title='bbox 889 3361 1028 3432; x_wconf 80' lang='grc' dir='ltr'>οῦνὴ</span> <span class='ocrx_word' id='word_1_481' title='bbox 1047 3365 1180 3434; x_wconf 73' lang='grc' dir='ltr'>τιμὴ</span> <span class='ocrx_word' id='word_1_482' title='bbox 1200 3364 1312 3427; x_wconf 89' lang='grc' dir='ltr'>τοῖς</span> <span class='ocrx_word' id='word_1_483' title='bbox 1332 3363 1702 3425; x_wconf 86' lang='grc' dir='ltr'>πιστεύουσιν,</span> <span class='ocrx_word' id='word_1_484' title='bbox 1730 3360 2016 3414; x_wconf 79' lang='grc' dir='ltr'>ἀπειθοῦσι</span> 
     </span>
    </p>
   </div>
   <div class='ocr_carea' id='block_1_65' title="bbox 419 3445 2018 3524">
    <p class='ocr_par' dir='ltr' id='par_1_65' title="bbox 419 3445 2018 3524">
     <span class='ocr_line' id='line_1_65' title="bbox 419 3445 2018 3524; baseline 0 -18"><span class='ocrx_word' id='word_1_485' title='bbox 419 3451 478 3506; x_wconf 80' lang='grc' dir='ltr'><strong>δὲ</strong></span> <span class='ocrx_word' id='word_1_486' title='bbox 515 3453 666 3506; x_wconf 80' lang='grc' dir='ltr'>λίθον</span> <span class='ocrx_word' id='word_1_487' title='bbox 721 3452 781 3507; x_wconf 85' lang='grc' dir='ltr'><strong>ὃν</strong></span> <span class='ocrx_word' id='word_1_488' title='bbox 819 3453 1242 3524; x_wconf 79' lang='grc' dir='ltr'>ἀπεδοκίμασαν</span> <span class='ocrx_word' id='word_1_489' title='bbox 1282 3455 1332 3507; x_wconf 75' lang='lat' dir='ltr'><strong>oi</strong></span> <span class='ocrx_word' id='word_1_490' title='bbox 1384 3453 1819 3524; x_wconf 78' lang='grc' dir='ltr'>οἰκοδομοῦντες,</span> <span class='ocrx_word' id='word_1_491' title='bbox 1863 3445 2018 3517; x_wconf 69' lang='grc' dir='ltr'>οὗτος</span> 
     </span>
    </p>
   </div>
   <div class='ocr_carea' id='block_1_66' title="bbox 423 3545 2018 3618">
    <p class='ocr_par' dir='ltr' id='par_1_66' title="bbox 423 3545 2018 3618">
     <span class='ocr_line' id='line_1_66' title="bbox 423 3545 2018 3618; baseline 0 -20"><span class='ocrx_word' id='word_1_492' title='bbox 423 3545 660 3615; x_wconf 83' lang='grc' dir='ltr'>ἐγενήθη</span> <span class='ocrx_word' id='word_1_493' title='bbox 697 3545 780 3610; x_wconf 83' lang='grc' dir='ltr'>εἰς</span> <span class='ocrx_word' id='word_1_494' title='bbox 819 3545 1060 3618; x_wconf 69' lang='grc' dir='ltr'>κεφαλὴν</span> <span class='ocrx_word' id='word_1_495' title='bbox 1095 3545 1302 3615; x_wconf 86' lang='grc' dir='ltr'>γωνίας</span> <span class='ocrx_word' id='word_1_496' title='bbox 1343 3547 1438 3602; x_wconf 66' lang='lat' dir='ltr'><strong>uel.</strong></span> <span class='ocrx_word' id='word_1_497' title='bbox 1467 3545 1614 3599; x_wconf 87' lang='grc' dir='ltr'>λίθον</span> <span class='ocrx_word' id='word_1_498' title='bbox 1655 3545 2018 3618; x_wconf 78' lang='grc' dir='ltr'>προσκόμμα-</span> 
     </span>
    </p>
   </div>
   <div class='ocr_carea' id='block_1_67' title="bbox 423 3636 2023 3710">
    <p class='ocr_par' dir='ltr' id='par_1_67' title="bbox 423 3636 2023 3710">
     <span class='ocr_line' id='line_1_67' title="bbox 423 3636 2023 3710; baseline -0.001 -20"><span class='ocrx_word' id='word_1_499' title='bbox 423 3654 516 3700; x_wconf 86' lang='grc' dir='ltr'><strong>τος</strong></span> <span class='ocrx_word' id='word_1_500' title='bbox 545 3637 642 3691; x_wconf 63' lang='lat' dir='ltr'><strong>aceti.</strong></span> <span class='ocrx_word' id='word_1_501' title='bbox 672 3637 880 3710; x_wconf 85' lang='grc' dir='ltr'>πέτραν</span> <span class='ocrx_word' id='word_1_502' title='bbox 910 3637 1234 3702; x_wconf 77' lang='grc' dir='ltr'>σκανδάλου,</span> <span class='ocrx_word' id='word_1_503' title='bbox 1263 3639 1314 3693; x_wconf 82' lang='grc' dir='ltr'>οἳ</span> <span class='ocrx_word' id='word_1_504' title='bbox 1351 3638 1726 3710; x_wconf 83' lang='grc' dir='ltr'>προκόπτουσι</span> <span class='ocrx_word' id='word_1_505' title='bbox 1759 3636 1837 3708; x_wconf 82' lang='grc' dir='ltr'>τῷ</span> <span class='ocrx_word' id='word_1_506' title='bbox 1864 3637 2023 3708; x_wconf 77' lang='grc' dir='ltr'>Λόγῳ</span> 
     </span>
    </p>
   </div>
   <div class='ocr_carea' id='block_1_68' title="bbox 426 3729 2026 3802">
    <p class='ocr_par' dir='ltr' id='par_1_68' title="bbox 426 3729 2026 3802">
     <span class='ocr_line' id='line_1_68' title="bbox 426 3729 2026 3802; baseline 0 -18"><span class='ocrx_word' id='word_1_507' title='bbox 426 3729 782 3794; x_wconf 76' lang='grc' dir='ltr'>ἀπειθοῦντες</span> <span class='ocrx_word' id='word_1_508' title='bbox 809 3732 888 3795; x_wconf 84' lang='grc' dir='ltr'>εἰς</span> <span class='ocrx_word' id='word_1_509' title='bbox 934 3730 994 3784; x_wconf 87' lang='grc' dir='ltr'><strong>ὂν</strong></span> <span class='ocrx_word' id='word_1_510' title='bbox 1035 3732 1132 3786; x_wconf 75' lang='grc' dir='ltr'>καὶ</span> <span class='ocrx_word' id='word_1_511' title='bbox 1181 3731 1451 3802; x_wconf 78' lang='grc' dir='ltr'>ἐτέθησαν</span> <span class='ocrx_word' id='word_1_512' title='bbox 1472 3747 1488 3763; x_wconf 79' lang='grc' dir='ltr'><strong>ο</strong></span> <span class='ocrx_word' id='word_1_513' title='bbox 1517 3750 1536 3782; x_wconf 72' lang='grc' dir='ltr'><strong>ι</strong></span> <span class='ocrx_word' id='word_1_514' title='bbox 1573 3733 1736 3802; x_wconf 80' lang='grc' dir='ltr'>ἡμεῖς</span> <span class='ocrx_word' id='word_1_515' title='bbox 1776 3729 1832 3783; x_wconf 85' lang='grc' dir='ltr'>δὲ</span> <span class='ocrx_word' id='word_1_516' title='bbox 1857 3731 1906 3782; x_wconf 79' lang='grc' dir='ltr'>οἱ</span> <span class='ocrx_word' id='word_1_517' title='bbox 1937 3747 2026 3784; x_wconf 87' lang='grc' dir='ltr'>πι-</span> 
     </span>
    </p>
   </div>
   <div class='ocr_carea' id='block_1_69' title="bbox 428 3804 2030 3896">
    <p class='ocr_par' dir='ltr' id='par_1_69' title="bbox 428 3804 2030 3896">
     <span class='ocr_line' id='line_1_69' title="bbox 428 3804 2030 3896; baseline -0.001 -21"><span class='ocrx_word' id='word_1_518' title='bbox 428 3821 715 3889; x_wconf 80' lang='grc' dir='ltr'>στεύοντες</span> <span class='ocrx_word' id='word_1_519' title='bbox 748 3826 844 3878; x_wconf 66' lang='grc' dir='ltr'><strong>καὶ</strong></span> <span class='ocrx_word' id='word_1_520' title='bbox 869 3823 1287 3896; x_wconf 79' lang='grc' dir='ltr'>βαπτισθέντες,</span> <span class='ocrx_word' id='word_1_521' title='bbox 1323 3843 1343 3875; x_wconf 72' lang='grc' dir='ltr'><strong>ι</strong></span> <span class='ocrx_word' id='word_1_522' title='bbox 1367 3824 1530 3888; x_wconf 84' lang='grc' dir='ltr'>Γένος</span> <span class='ocrx_word' id='word_1_523' title='bbox 1563 3804 1840 3888; x_wconf 62' lang='grc' dir='ltr'>ἐκῗεκτδν,</span> <span class='ocrx_word' id='word_1_524' title='bbox 1873 3821 2030 3892; x_wconf 84' lang='grc' dir='ltr'>βασί-</span> 
     </span>
    </p>
   </div>
   <div class='ocr_carea' id='block_1_70' title="bbox 425 3906 2027 3992">
    <p class='ocr_par' dir='ltr' id='par_1_70' title="bbox 425 3906 2027 3992">
     <span class='ocr_line' id='line_1_70' title="bbox 425 3906 2027 3992; baseline -0.001 -19"><span class='ocrx_word' id='word_1_525' title='bbox 425 3919 574 3974; x_wconf 84' lang='grc' dir='ltr'>λειον</span> <span class='ocrx_word' id='word_1_526' title='bbox 608 3920 933 3992; x_wconf 82' lang='grc' dir='ltr'>ἱεράτευμα,</span> <span class='ocrx_word' id='word_1_527' title='bbox 963 3919 1116 3984; x_wconf 70' lang='grc' dir='ltr'>εθύος</span> <span class='ocrx_word' id='word_1_528' title='bbox 1152 3920 1330 3990; x_wconf 74' lang='grc' dir='ltr'>ἅγιον,</span> <span class='ocrx_word' id='word_1_529' title='bbox 1362 3906 1602 3986; x_wconf 35' lang='lat' dir='ltr'><strong>labe-si;</strong></span> <span class='ocrx_word' id='word_1_530' title='bbox 1632 3918 1990 3990; x_wconf 82' lang='grc' dir='ltr'>περιποίησιν</span> <span class='ocrx_word' id='word_1_531' title='bbox 2013 3933 2027 3948; x_wconf 83' lang='lat'><strong><em>°</em></strong></span> 
     </span>
    </p>
   </div>
   <div class='ocr_carea' id='block_1_71' title="bbox 425 4011 2034 4084">
    <p class='ocr_par' dir='ltr' id='par_1_71' title="bbox 425 4011 2034 4084">
     <span class='ocr_line' id='line_1_71' title="bbox 425 4011 2034 4084; baseline -0.001 -18"><span class='ocrx_word' id='word_1_532' title='bbox 425 4013 577 4077; x_wconf 77' lang='grc' dir='ltr'>ὅπως</span> <span class='ocrx_word' id='word_1_533' title='bbox 607 4012 704 4076; x_wconf 76' lang='grc' dir='ltr'>τὰς</span> <span class='ocrx_word' id='word_1_534' title='bbox 728 4013 930 4084; x_wconf 71' lang='grc' dir='ltr'>ἀρετὰς</span> <span class='ocrx_word' id='word_1_535' title='bbox 963 4011 1376 4083; x_wconf 80' lang='grc' dir='ltr'>ἐξαγγείλωμεν</span> <span class='ocrx_word' id='word_1_536' title='bbox 1407 4011 1504 4066; x_wconf 85' lang='grc' dir='ltr'><strong>τοῦ</strong></span> <span class='ocrx_word' id='word_1_537' title='bbox 1531 4015 1595 4066; x_wconf 77' lang='grc' dir='ltr'><strong>ἐκ</strong></span> <span class='ocrx_word' id='word_1_538' title='bbox 1625 4013 1855 4076; x_wconf 86' lang='grc' dir='ltr'>σκότους</span> <span class='ocrx_word' id='word_1_539' title='bbox 1881 4013 2034 4082; x_wconf 81' lang='grc' dir='ltr'>ἡμᾶς</span> 
     </span>
    </p>
   </div>
   <div class='ocr_carea' id='block_1_72' title="bbox 434 4105 2033 4176">
    <p class='ocr_par' dir='ltr' id='par_1_72' title="bbox 434 4105 2033 4176">
     <span class='ocr_line' id='line_1_72' title="bbox 434 4105 2033 4176; baseline 0.001 -19"><span class='ocrx_word' id='word_1_540' title='bbox 434 4105 759 4170; x_wconf 72' lang='grc' dir='ltr'>καλέσαντος</span> <span class='ocrx_word' id='word_1_541' title='bbox 790 4106 870 4170; x_wconf 81' lang='grc' dir='ltr'><strong>εἰς</strong></span> <span class='ocrx_word' id='word_1_542' title='bbox 887 4105 948 4158; x_wconf 78' lang='grc' dir='ltr'><strong>τὸ</strong></span> <span class='ocrx_word' id='word_1_543' title='bbox 972 4105 1286 4173; x_wconf 82' lang='grc' dir='ltr'>θαυμαστὸν</span> <span class='ocrx_word' id='word_1_544' title='bbox 1337 4105 1504 4160; x_wconf 81' lang='grc' dir='ltr'>αὑτοῦ</span> <span class='ocrx_word' id='word_1_545' title='bbox 1563 4106 1680 4176; x_wconf 78' lang='grc' dir='ltr'><strong>φῶς</strong></span> <span class='ocrx_word' id='word_1_546' title='bbox 1697 4122 1715 4138; x_wconf 79' lang='grc' dir='ltr'><strong>ο</strong></span> <span class='ocrx_word' id='word_1_547' title='bbox 1740 4106 1790 4158; x_wconf 83' lang='grc' dir='ltr'>οἱ</span> <span class='ocrx_word' id='word_1_548' title='bbox 1815 4105 1948 4158; x_wconf 72' lang='grc' dir='ltr'>ποτὲ</span> <span class='ocrx_word' id='word_1_549' title='bbox 1972 4105 2033 4160; x_wconf 86' lang='grc' dir='ltr'><strong>ού</strong></span> 
     </span>
    </p>
   </div>
   <div class='ocr_carea' id='block_1_73' title="bbox 431 4185 2041 4270">
    <p class='ocr_par' dir='ltr' id='par_1_73' title="bbox 431 4185 2041 4270">
     <span class='ocr_line' id='line_1_73' title="bbox 431 4185 2041 4270; baseline 0 -20"><span class='ocrx_word' id='word_1_550' title='bbox 431 4197 579 4263; x_wconf 68' lang='grc' dir='ltr'>λαὸς,</span> <span class='ocrx_word' id='word_1_551' title='bbox 607 4197 702 4250; x_wconf 90' lang='grc' dir='ltr'><strong>νῦν</strong></span> <span class='ocrx_word' id='word_1_552' title='bbox 721 4197 778 4252; x_wconf 81' lang='grc' dir='ltr'>δὲ</span> <span class='ocrx_word' id='word_1_553' title='bbox 799 4197 928 4261; x_wconf 82' lang='grc' dir='ltr'>λαὸς</span> <span class='ocrx_word' id='word_1_554' title='bbox 962 4197 1120 4264; x_wconf 83' lang='grc' dir='ltr'>Θεοῦ,</span> <span class='ocrx_word' id='word_1_555' title='bbox 1153 4198 1202 4251; x_wconf 86' lang='grc' dir='ltr'>οἱ</span> <span class='ocrx_word' id='word_1_556' title='bbox 1225 4185 1335 4251; x_wconf 60' lang='grc' dir='ltr'><strong>οὐκ</strong></span> <span class='ocrx_word' id='word_1_557' title='bbox 1359 4198 1676 4270; x_wconf 74' lang='grc' dir='ltr'>ἠλεημένοι,</span> <span class='ocrx_word' id='word_1_558' title='bbox 1708 4197 1804 4260; x_wconf 81' lang='grc' dir='ltr'><strong>νῦν</strong></span> <span class='ocrx_word' id='word_1_559' title='bbox 1829 4197 1886 4251; x_wconf 81' lang='grc' dir='ltr'><strong>δὲ</strong></span> <span class='ocrx_word' id='word_1_560' title='bbox 1924 4197 2041 4250; x_wconf 80' lang='grc' dir='ltr'>ελε-</span> 
     </span>
    </p>
   </div>
   <div class='ocr_carea' id='block_1_74' title="bbox 429 4287 2042 4362">
    <p class='ocr_par' dir='ltr' id='par_1_74' title="bbox 429 4287 2042 4362">
     <span class='ocr_line' id='line_1_74' title="bbox 429 4287 2042 4362; baseline -0.002 -20"><span class='ocrx_word' id='word_1_561' title='bbox 429 4290 656 4362; x_wconf 80' lang='grc' dir='ltr'>ηθέντες</span> <span class='ocrx_word' id='word_1_562' title='bbox 673 4307 719 4342; x_wconf 75' lang='grc' dir='ltr'><strong>ο»</strong></span> <span class='ocrx_word' id='word_1_563' title='bbox 741 4319 809 4329; x_wconf 94' lang='grc'><strong>-</strong></span> <span class='ocrx_word' id='word_1_564' title='bbox 834 4309 853 4341; x_wconf 77' lang='grc' dir='ltr'><strong>ι</strong></span> <span class='ocrx_word' id='word_1_565' title='bbox 881 4287 988 4352; x_wconf 76' lang='grc' dir='ltr'><strong>Οὓς</strong></span> <span class='ocrx_word' id='word_1_566' title='bbox 1002 4289 1097 4342; x_wconf 79' lang='grc' dir='ltr'><strong>καὶ</strong></span> <span class='ocrx_word' id='word_1_567' title='bbox 1112 4287 1537 4360; x_wconf 79' lang='grc' dir='ltr'>ἐκάλεσενήμᾶς</span> <span class='ocrx_word' id='word_1_568' title='bbox 1552 4289 1612 4342; x_wconf 85' lang='grc' dir='ltr'><strong>ού</strong></span> <span class='ocrx_word' id='word_1_569' title='bbox 1643 4288 1804 4360; x_wconf 85' lang='grc' dir='ltr'>μόνον</span> <span class='ocrx_word' id='word_1_570' title='bbox 1829 4287 1887 4354; x_wconf 79' lang='grc' dir='ltr'>ἐξ</span> <span class='ocrx_word' id='word_1_571' title='bbox 1907 4287 2042 4340; x_wconf 81' lang='grc' dir='ltr'>Ἰου-</span> 
     </span>
    </p>
   </div>
   <div class='ocr_carea' id='block_1_75' title="bbox 427 4379 2037 4452">
    <p class='ocr_par' dir='ltr' id='par_1_75' title="bbox 427 4379 2037 4452">
     <span class='ocr_line' id='line_1_75' title="bbox 427 4379 2037 4452; baseline -0.002 -15"><span class='ocrx_word' id='word_1_572' title='bbox 427 4383 619 4446; x_wconf 82' lang='grc' dir='ltr'>δαίων,</span> <span class='ocrx_word' id='word_1_573' title='bbox 641 4382 778 4437; x_wconf 52' lang='lat' dir='ltr'><strong>tota:</strong></span> <span class='ocrx_word' id='word_1_574' title='bbox 809 4384 903 4436; x_wconf 75' lang='grc' dir='ltr'><strong>καὶ</strong></span> <span class='ocrx_word' id='word_1_575' title='bbox 923 4381 983 4447; x_wconf 78' lang='grc' dir='ltr'>ἐξ</span> <span class='ocrx_word' id='word_1_576' title='bbox 1017 4380 1208 4435; x_wconf 83' lang='grc' dir='ltr'>ἐθνῶν·</span> <span class='ocrx_word' id='word_1_577' title='bbox 1232 4382 1308 4445; x_wconf 84' lang='grc' dir='ltr'>ὡς</span> <span class='ocrx_word' id='word_1_578' title='bbox 1332 4383 1428 4435; x_wconf 74' lang='grc' dir='ltr'><strong>καὶ</strong></span> <span class='ocrx_word' id='word_1_579' title='bbox 1458 4381 1518 4434; x_wconf 80' lang='grc' dir='ltr'><strong>ἐν</strong></span> <span class='ocrx_word' id='word_1_580' title='bbox 1550 4381 1629 4452; x_wconf 85' lang='grc' dir='ltr'>τῷ</span> <span class='ocrx_word' id='word_1_581' title='bbox 1665 4379 1826 4449; x_wconf 80' lang='grc' dir='ltr'>Ὠσηὲ</span> <span class='ocrx_word' id='word_1_582' title='bbox 1862 4379 2037 4448; x_wconf 82' lang='grc' dir='ltr'>λέγει,</span> 
     </span>
    </p>
   </div>
   <div class='ocr_carea' id='block_1_76' title="bbox 436 4473 2040 4547">
    <p class='ocr_par' dir='ltr' id='par_1_76' title="bbox 436 4473 2040 4547">
     <span class='ocr_line' id='line_1_76' title="bbox 436 4473 2040 4547; baseline -0.001 -19"><span class='ocrx_word' id='word_1_583' title='bbox 436 4496 456 4528; x_wconf 70' lang='grc' dir='ltr'><strong>ι</strong></span> <span class='ocrx_word' id='word_1_584' title='bbox 491 4477 724 4530; x_wconf 83' lang='grc' dir='ltr'>Καλέσω</span> <span class='ocrx_word' id='word_1_585' title='bbox 747 4475 840 4530; x_wconf 84' lang='grc' dir='ltr'>τὸν</span> <span class='ocrx_word' id='word_1_586' title='bbox 856 4477 928 4529; x_wconf 85' lang='grc' dir='ltr'>Ού</span> <span class='ocrx_word' id='word_1_587' title='bbox 953 4473 1079 4528; x_wconf 82' lang='grc' dir='ltr'>λαόν</span> <span class='ocrx_word' id='word_1_588' title='bbox 1100 4493 1224 4547; x_wconf 84' lang='grc' dir='ltr'>μου,</span> <span class='ocrx_word' id='word_1_589' title='bbox 1241 4475 1384 4529; x_wconf 84' lang='grc' dir='ltr'>Λαόν</span> <span class='ocrx_word' id='word_1_590' title='bbox 1401 4492 1524 4547; x_wconf 83' lang='grc' dir='ltr'>μου·</span> <span class='ocrx_word' id='word_1_591' title='bbox 1547 4474 1640 4528; x_wconf 81' lang='grc' dir='ltr'>καὶ</span> <span class='ocrx_word' id='word_1_592' title='bbox 1653 4477 1755 4544; x_wconf 79' lang='grc' dir='ltr'>τὴν</span> <span class='ocrx_word' id='word_1_593' title='bbox 1778 4475 1894 4528; x_wconf 87' lang='grc' dir='ltr'>Ούκ</span> <span class='ocrx_word' id='word_1_594' title='bbox 1910 4475 2040 4543; x_wconf 79' lang='grc' dir='ltr'>ἠγα·</span> 
     </span>
    </p>
   </div>
   <div class='ocr_carea' id='block_1_77' title="bbox 431 4560 2039 4640">
    <p class='ocr_par' dir='ltr' id='par_1_77' title="bbox 431 4560 2039 4640">
     <span class='ocr_line' id='line_1_77' title="bbox 431 4560 2039 4640; baseline -0.002 -18"><span class='ocrx_word' id='word_1_595' title='bbox 431 4586 510 4639; x_wconf 89' lang='grc' dir='ltr'><strong>πη</strong></span> <span class='ocrx_word' id='word_1_596' title='bbox 519 4570 710 4640; x_wconf 83' lang='grc' dir='ltr'>μένην,</span> <span class='ocrx_word' id='word_1_597' title='bbox 749 4570 966 4640; x_wconf 79' lang='grc' dir='ltr'>ἰἰγαπη</span> <span class='ocrx_word' id='word_1_598' title='bbox 976 4567 1146 4640; x_wconf 87' lang='grc' dir='ltr'>μένην</span> <span class='ocrx_word' id='word_1_599' title='bbox 1169 4585 1182 4600; x_wconf 86' lang='grc'>·</span> <span class='ocrx_word' id='word_1_600' title='bbox 1201 4568 1299 4622; x_wconf 79' lang='grc' dir='ltr'><strong>καὶ</strong></span> <span class='ocrx_word' id='word_1_601' title='bbox 1321 4568 1476 4622; x_wconf 76' lang='grc' dir='ltr'>ἔσται</span> <span class='ocrx_word' id='word_1_602' title='bbox 1498 4569 1556 4621; x_wconf 87' lang='grc' dir='ltr'><strong>ἐν</strong></span> <span class='ocrx_word' id='word_1_603' title='bbox 1579 4567 1658 4639; x_wconf 83' lang='grc' dir='ltr'><strong>τῷ</strong></span> <span class='ocrx_word' id='word_1_604' title='bbox 1683 4567 1834 4637; x_wconf 87' lang='grc' dir='ltr'>τόπῳ</span> <span class='ocrx_word' id='word_1_605' title='bbox 1856 4560 1918 4620; x_wconf 76' lang='grc' dir='ltr'>οὗ</span> <span class='ocrx_word' id='word_1_606' title='bbox 1944 4568 2039 4638; x_wconf 62' lang='lat' dir='ltr'><strong>sp-</strong></span> 
     </span>
    </p>
   </div>
   <div class='ocr_carea' id='block_1_78' title="bbox 437 4651 2038 4735">
    <p class='ocr_par' dir='ltr' id='par_1_78' title="bbox 437 4651 2038 4735">
     <span class='ocr_line' id='line_1_78' title="bbox 437 4651 2038 4735; baseline -0.002 -18"><span class='ocrx_word' id='word_1_607' title='bbox 437 4664 569 4735; x_wconf 77' lang='grc' dir='ltr'>ρἑη</span> <span class='ocrx_word' id='word_1_608' title='bbox 588 4663 798 4730; x_wconf 73' lang='grc' dir='ltr'>αὐτοῖς,</span> <span class='ocrx_word' id='word_1_609' title='bbox 827 4663 903 4716; x_wconf 88' lang='grc' dir='ltr'>Ού</span> <span class='ocrx_word' id='word_1_610' title='bbox 926 4661 1054 4724; x_wconf 87' lang='grc' dir='ltr'>λαός</span> <span class='ocrx_word' id='word_1_611' title='bbox 1074 4679 1177 4733; x_wconf 84' lang='grc' dir='ltr'><strong>μου</strong></span> <span class='ocrx_word' id='word_1_612' title='bbox 1197 4662 1378 4732; x_wconf 81' lang='grc' dir='ltr'>ὑμεῖς,</span> <span class='ocrx_word' id='word_1_613' title='bbox 1400 4663 1518 4716; x_wconf 88' lang='grc' dir='ltr'>ἐκεῖ</span> <span class='ocrx_word' id='word_1_614' title='bbox 1548 4651 1912 4732; x_wconf 55' lang='grc' dir='ltr'>κληθήσονται</span> <span class='ocrx_word' id='word_1_615' title='bbox 1931 4661 2038 4714; x_wconf 81' lang='grc' dir='ltr'>υἱοὶ</span> 
     </span>
    </p>
   </div>
   <div class='ocr_carea' id='block_1_79' title="bbox 436 4751 2034 4828">
    <p class='ocr_par' dir='ltr' id='par_1_79' title="bbox 436 4751 2034 4828">
     <span class='ocr_line' id='line_1_79' title="bbox 436 4751 2034 4828; baseline -0.003 -19"><span class='ocrx_word' id='word_1_616' title='bbox 436 4755 576 4810; x_wconf 88' lang='grc' dir='ltr'>Θεοῦ</span> <span class='ocrx_word' id='word_1_617' title='bbox 620 4755 845 4828; x_wconf 78' lang='grc' dir='ltr'>ζῶντος.</span> <span class='ocrx_word' id='word_1_618' title='bbox 879 4758 1173 4810; x_wconf 73' lang='grc' dir='ltr'>ι--ιὈσοι</span> <span class='ocrx_word' id='word_1_619' title='bbox 1195 4751 1304 4825; x_wconf 76' lang='grc' dir='ltr'>γὰρ</span> <span class='ocrx_word' id='word_1_620' title='bbox 1328 4753 1609 4824; x_wconf 82' lang='grc' dir='ltr'>Πνεύματι-</span> <span class='ocrx_word' id='word_1_621' title='bbox 1630 4751 1767 4806; x_wconf 85' lang='grc' dir='ltr'>Θεοῦ</span> <span class='ocrx_word' id='word_1_622' title='bbox 1789 4752 2034 4821; x_wconf 83' lang='grc' dir='ltr'>ἄγονται,</span> 
     </span>
    </p>
   </div>
   <div class='ocr_carea' id='block_1_80' title="bbox 437 4839 2044 4916">
    <p class='ocr_par' dir='ltr' id='par_1_80' title="bbox 437 4839 2044 4916">
     <span class='ocr_line' id='line_1_80' title="bbox 437 4839 2044 4916; baseline -0.004 -16"><span class='ocrx_word' id='word_1_623' title='bbox 437 4839 587 4900; x_wconf 72' lang='grc' dir='ltr'>οὗτοί</span> <span class='ocrx_word' id='word_1_624' title='bbox 618 4849 755 4899; x_wconf 82' lang='grc' dir='ltr'>εἰσιν</span> <span class='ocrx_word' id='word_1_625' title='bbox 769 4847 878 4907; x_wconf 76' lang='grc' dir='ltr'>υἱοὶ</span> <span class='ocrx_word' id='word_1_626' title='bbox 901 4847 1059 4901; x_wconf 83' lang='grc' dir='ltr'>Θεοῦ.</span> <span class='ocrx_word' id='word_1_627' title='bbox 1072 4865 1090 4898; x_wconf 72' lang='grc' dir='ltr'><strong>ι</strong></span> <span class='ocrx_word' id='word_1_628' title='bbox 1103 4865 1196 4898; x_wconf 77' lang='grc' dir='ltr'>-ι</span> <span class='ocrx_word' id='word_1_629' title='bbox 1209 4845 1370 4908; x_wconf 81' lang='grc' dir='ltr'>Τέλος</span> <span class='ocrx_word' id='word_1_630' title='bbox 1385 4845 1493 4916; x_wconf 73' lang='grc' dir='ltr'>γὰρ</span> <span class='ocrx_word' id='word_1_631' title='bbox 1520 4843 1686 4914; x_wconf 81' lang='grc' dir='ltr'>νόμον</span> <span class='ocrx_word' id='word_1_632' title='bbox 1708 4843 1944 4913; x_wconf 83' lang='grc' dir='ltr'>Χριστὸς</span> <span class='ocrx_word' id='word_1_633' title='bbox 1961 4843 2044 4906; x_wconf 83' lang='grc' dir='ltr'><strong>είς</strong></span> 
     </span>
    </p>
   </div>
   <div class='ocr_carea' id='block_1_81' title="bbox 437 4933 2042 5008">
    <p class='ocr_par' dir='ltr' id='par_1_81' title="bbox 437 4933 2042 5008">
     <span class='ocr_line' id='line_1_81' title="bbox 437 4933 2042 5008; baseline -0.004 -17"><span class='ocrx_word' id='word_1_634' title='bbox 437 4937 788 5005; x_wconf 83' lang='grc' dir='ltr'>δικαιοσύνην</span> <span class='ocrx_word' id='word_1_635' title='bbox 808 4938 975 4991; x_wconf 81' lang='grc' dir='ltr'>παντὶ</span> <span class='ocrx_word' id='word_1_636' title='bbox 1003 4937 1082 5008; x_wconf 81' lang='grc' dir='ltr'>τῷ</span> <span class='ocrx_word' id='word_1_637' title='bbox 1107 4933 1442 4992; x_wconf 84' lang='grc' dir='ltr'>πιστεύοντι.</span> <span class='ocrx_word' id='word_1_638' title='bbox 1460 4956 1478 4988; x_wconf 73' lang='grc' dir='ltr'><strong>ι</strong></span> <span class='ocrx_word' id='word_1_639' title='bbox 1500 4935 1742 5004; x_wconf 77' lang='grc' dir='ltr'>Μωῦσῆς</span> <span class='ocrx_word' id='word_1_640' title='bbox 1765 4934 1874 5004; x_wconf 75' lang='grc' dir='ltr'>γὰρ</span> <span class='ocrx_word' id='word_1_641' title='bbox 1901 4933 2042 5001; x_wconf 76' lang='grc' dir='ltr'>γρά-</span> 
     </span>
    </p>
   </div>
   <div class='ocr_carea' id='block_1_82' title="bbox 441 5025 2044 5100">
    <p class='ocr_par' dir='ltr' id='par_1_82' title="bbox 441 5025 2044 5100">
     <span class='ocr_line' id='line_1_82' title="bbox 441 5025 2044 5100; baseline -0.002 -19"><span class='ocrx_word' id='word_1_642' title='bbox 441 5046 532 5098; x_wconf 74' lang='grc' dir='ltr'><strong>φει</strong></span> <span class='ocrx_word' id='word_1_643' title='bbox 561 5029 660 5096; x_wconf 75' lang='grc' dir='ltr'>τὴν</span> <span class='ocrx_word' id='word_1_644' title='bbox 713 5027 1067 5100; x_wconf 85' lang='grc' dir='ltr'>δικαιοσύνην</span> <span class='ocrx_word' id='word_1_645' title='bbox 1087 5028 1186 5100; x_wconf 73' lang='grc' dir='ltr'>τὴν</span> <span class='ocrx_word' id='word_1_646' title='bbox 1235 5030 1299 5080; x_wconf 83' lang='grc' dir='ltr'><strong>ἐκ</strong></span> <span class='ocrx_word' id='word_1_647' title='bbox 1315 5026 1412 5082; x_wconf 88' lang='grc' dir='ltr'><strong>τοῦ</strong></span> <span class='ocrx_word' id='word_1_648' title='bbox 1437 5027 1627 5097; x_wconf 87' lang='grc' dir='ltr'>νόμου,</span> <span class='ocrx_word' id='word_1_649' title='bbox 1647 5028 1728 5080; x_wconf 79' lang='grc' dir='ltr'><strong>δτι</strong></span> <span class='ocrx_word' id='word_1_650' title='bbox 1755 5027 1784 5078; x_wconf 87' lang='grc' dir='ltr'><strong>ό</strong></span> <span class='ocrx_word' id='word_1_651' title='bbox 1811 5025 2044 5095; x_wconf 86' lang='grc' dir='ltr'>ποιήσας</span> 
     </span>
    </p>
   </div>
   <div class='ocr_carea' id='block_1_83' title="bbox 442 5107 2038 5192">
    <p class='ocr_par' dir='ltr' id='par_1_83' title="bbox 442 5107 2038 5192">
     <span class='ocr_line' id='line_1_83' title="bbox 442 5107 2038 5192; baseline -0.005 -16"><span class='ocrx_word' id='word_1_652' title='bbox 442 5121 583 5176; x_wconf 80' lang='grc' dir='ltr'><strong>αὐτὰ</strong></span> <span class='ocrx_word' id='word_1_653' title='bbox 608 5120 919 5192; x_wconf 78' lang='grc' dir='ltr'>ἄνθρωπος,</span> <span class='ocrx_word' id='word_1_654' title='bbox 954 5107 1274 5192; x_wconf 67' lang='grc' dir='ltr'>ζήσεταῖἐν</span> <span class='ocrx_word' id='word_1_655' title='bbox 1303 5121 1489 5182; x_wconf 75' lang='grc' dir='ltr'>αὐτοῖς</span> <span class='ocrx_word' id='word_1_656' title='bbox 1511 5135 1525 5149; x_wconf 88' lang='grc'><strong>·</strong></span> <span class='ocrx_word' id='word_1_657' title='bbox 1559 5119 1593 5189; x_wconf 79' lang='grc' dir='ltr'>ἠ</span> <span class='ocrx_word' id='word_1_658' title='bbox 1620 5117 1676 5170; x_wconf 78' lang='grc' dir='ltr'><strong>δὲ</strong></span> <span class='ocrx_word' id='word_1_659' title='bbox 1706 5117 1770 5170; x_wconf 82' lang='grc' dir='ltr'><strong>ἐκ</strong></span> <span class='ocrx_word' id='word_1_660' title='bbox 1803 5117 2038 5178; x_wconf 87' lang='grc' dir='ltr'>πίστεως</span> 
     </span>
    </p>
   </div>
   <div class='ocr_carea' id='block_1_84' title="bbox 439 5209 2034 5285">
    <p class='ocr_par' dir='ltr' id='par_1_84' title="bbox 439 5209 2034 5285">
     <span class='ocr_line' id='line_1_84' title="bbox 439 5209 2034 5285; baseline -0.004 -19"><span class='ocrx_word' id='word_1_661' title='bbox 439 5213 757 5284; x_wconf 85' lang='grc' dir='ltr'>δικαιοσύνη</span> <span class='ocrx_word' id='word_1_662' title='bbox 775 5213 948 5279; x_wconf 74' lang='grc' dir='ltr'>οὓτως</span> <span class='ocrx_word' id='word_1_663' title='bbox 975 5215 1145 5284; x_wconf 84' lang='grc' dir='ltr'>λέγει·</span> <span class='ocrx_word' id='word_1_664' title='bbox 1177 5213 1309 5284; x_wconf 71' lang='grc' dir='ltr'><strong>«Μὴ</strong></span> <span class='ocrx_word' id='word_1_665' title='bbox 1337 5215 1500 5285; x_wconf 83' lang='grc' dir='ltr'>εἴπῃς</span> <span class='ocrx_word' id='word_1_666' title='bbox 1521 5212 1578 5264; x_wconf 84' lang='grc' dir='ltr'>ἐν</span> <span class='ocrx_word' id='word_1_667' title='bbox 1605 5214 1671 5282; x_wconf 78' lang='grc' dir='ltr'>τῇ</span> <span class='ocrx_word' id='word_1_668' title='bbox 1697 5209 1898 5284; x_wconf 81' lang='grc' dir='ltr'>καρδίᾳ</span> <span class='ocrx_word' id='word_1_669' title='bbox 1921 5225 2034 5262; x_wconf 86' lang='grc' dir='ltr'>σου·</span> 
     </span>
    </p>
   </div>
   <div class='ocr_carea' id='block_1_85' title="bbox 442 5301 2038 5376">
    <p class='ocr_par' dir='ltr' id='par_1_85' title="bbox 442 5301 2038 5376">
     <span class='ocr_line' id='line_1_85' title="bbox 442 5301 2038 5376; baseline -0.004 -17"><span class='ocrx_word' id='word_1_670' title='bbox 442 5305 543 5368; x_wconf 84' lang='grc' dir='ltr'>Τίς</span> <span class='ocrx_word' id='word_1_671' title='bbox 577 5304 914 5376; x_wconf 71' lang='grc' dir='ltr'>ἀναϐήσεται</span> <span class='ocrx_word' id='word_1_672' title='bbox 956 5309 1036 5370; x_wconf 78' lang='grc' dir='ltr'>εἰς</span> <span class='ocrx_word' id='word_1_673' title='bbox 1075 5305 1168 5360; x_wconf 81' lang='grc' dir='ltr'><strong>τὸν</strong></span> <span class='ocrx_word' id='word_1_674' title='bbox 1194 5303 1426 5376; x_wconf 73' lang='grc' dir='ltr'>οὐρανόν</span> <span class='ocrx_word' id='word_1_675' title='bbox 1460 5321 1476 5372; x_wconf 87' lang='lat'><strong>;</strong></span> <span class='ocrx_word' id='word_1_676' title='bbox 1507 5303 1760 5356; x_wconf 81' lang='grc' dir='ltr'>τουτέστι</span> <span class='ocrx_word' id='word_1_677' title='bbox 1802 5301 2038 5374; x_wconf 77' lang='grc' dir='ltr'>Χριστὸν</span> 
     </span>
    </p>
   </div>
   <div class='ocr_carea' id='block_1_86' title="bbox 445 5394 2036 5469">
    <p class='ocr_par' dir='ltr' id='par_1_86' title="bbox 445 5394 2036 5469">
     <span class='ocr_line' id='line_1_86' title="bbox 445 5394 2036 5469; baseline -0.003 -17"><span class='ocrx_word' id='word_1_678' title='bbox 445 5401 788 5466; x_wconf 79' lang='grc' dir='ltr'>καταγαγεῖν</span> <span class='ocrx_word' id='word_1_679' title='bbox 815 5415 826 5426; x_wconf 92' lang='grc'>·</span> <span class='ocrx_word' id='word_1_680' title='bbox 876 5399 933 5468; x_wconf 73' lang='grc' dir='ltr'>ἦ,</span> <span class='ocrx_word' id='word_1_681' title='bbox 965 5400 1062 5462; x_wconf 85' lang='grc' dir='ltr'><strong>Τίς</strong></span> <span class='ocrx_word' id='word_1_682' title='bbox 1107 5399 1483 5469; x_wconf 78' lang='grc' dir='ltr'>καταδήσεται</span> <span class='ocrx_word' id='word_1_683' title='bbox 1515 5397 1594 5458; x_wconf 85' lang='grc' dir='ltr'>εἰς</span> <span class='ocrx_word' id='word_1_684' title='bbox 1627 5395 1728 5465; x_wconf 81' lang='grc' dir='ltr'>τὴν</span> <span class='ocrx_word' id='word_1_685' title='bbox 1765 5394 2036 5454; x_wconf 75' lang='grc' dir='ltr'>ἄϐυσσονς</span> 
     </span>
    </p>
   </div>
   <div class='ocr_carea' id='block_1_87' title="bbox 449 5485 2040 5562">
    <p class='ocr_par' dir='ltr' id='par_1_87' title="bbox 449 5485 2040 5562">
     <span class='ocr_line' id='line_1_87' title="bbox 449 5485 2040 5562; baseline -0.003 -19"><span class='ocrx_word' id='word_1_686' title='bbox 449 5491 700 5546; x_wconf 71' lang='grc' dir='ltr'>τουτέστι</span> <span class='ocrx_word' id='word_1_687' title='bbox 747 5492 984 5562; x_wconf 78' lang='grc' dir='ltr'>Χριστὸν</span> <span class='ocrx_word' id='word_1_688' title='bbox 1025 5493 1090 5544; x_wconf 82' lang='grc' dir='ltr'><strong>ἐκ</strong></span> <span class='ocrx_word' id='word_1_689' title='bbox 1146 5489 1360 5562; x_wconf 81' lang='grc' dir='ltr'>νεκρῶν</span> <span class='ocrx_word' id='word_1_690' title='bbox 1413 5490 1738 5556; x_wconf 79' lang='grc' dir='ltr'>ἀναγαγεῖν.</span> <span class='ocrx_word' id='word_1_691' title='bbox 1791 5485 1954 5540; x_wconf 73' lang='grc' dir='ltr'>Ἀλλὰ</span> <span class='ocrx_word' id='word_1_692' title='bbox 1987 5485 2040 5538; x_wconf 90' lang='grc' dir='ltr'><strong>τί</strong></span> 
     </span>
    </p>
   </div>
   <div class='ocr_carea' id='block_1_88' title="bbox 449 5575 2046 5652">
    <p class='ocr_par' dir='ltr' id='par_1_88' title="bbox 449 5575 2046 5652">
     <span class='ocr_line' id='line_1_88' title="bbox 449 5575 2046 5652; baseline -0.005 -18"><span class='ocrx_word' id='word_1_693' title='bbox 449 5581 632 5651; x_wconf 77' lang='grc' dir='ltr'>λέγεις</span> <span class='ocrx_word' id='word_1_694' title='bbox 669 5579 868 5650; x_wconf 86' lang='grc' dir='ltr'>Ἐγγύς</span> <span class='ocrx_word' id='word_1_695' title='bbox 927 5597 1022 5634; x_wconf 84' lang='grc' dir='ltr'><strong>σου</strong></span> <span class='ocrx_word' id='word_1_696' title='bbox 1047 5580 1108 5634; x_wconf 80' lang='grc' dir='ltr'><strong>τὸ</strong></span> <span class='ocrx_word' id='word_1_697' title='bbox 1131 5581 1286 5652; x_wconf 77' lang='grc' dir='ltr'><strong>ῥῆμά</strong></span> <span class='ocrx_word' id='word_1_698' title='bbox 1311 5580 1460 5632; x_wconf 87' lang='grc' dir='ltr'>ἐστιν</span> <span class='ocrx_word' id='word_1_699' title='bbox 1489 5579 1546 5630; x_wconf 80' lang='grc' dir='ltr'><strong>ἐν</strong></span> <span class='ocrx_word' id='word_1_700' title='bbox 1562 5575 1640 5647; x_wconf 84' lang='grc' dir='ltr'>τῷ</span> <span class='ocrx_word' id='word_1_701' title='bbox 1671 5575 1902 5646; x_wconf 84' lang='grc' dir='ltr'>στόματί</span> <span class='ocrx_word' id='word_1_702' title='bbox 1926 5591 2046 5638; x_wconf 86' lang='grc' dir='ltr'>σου,</span> 
     </span>
    </p>
   </div>
   <div class='ocr_carea' id='block_1_89' title="bbox 2117 3174 3724 3252">
    <p class='ocr_par' dir='ltr' id='par_1_89' title="bbox 2117 3174 3724 3252">
     <span class='ocr_line' id='line_1_89' title="bbox 2117 3174 3724 3252; baseline 0.002 -21"><span class='ocrx_word' id='word_1_703' title='bbox 2117 3174 2358 3244; x_wconf 84' lang='lat' dir='ltr'><strong>lapidem</strong></span> <span class='ocrx_word' id='word_1_704' title='bbox 2395 3175 2740 3246; x_wconf 79' lang='lat' dir='ltr'><strong>angularem,</strong></span> <span class='ocrx_word' id='word_1_705' title='bbox 2791 3175 3060 3242; x_wconf 87' lang='lat' dir='ltr'><strong>electum,</strong></span> <span class='ocrx_word' id='word_1_706' title='bbox 3121 3177 3476 3242; x_wconf 88' lang='lat' dir='ltr'><strong>honoratum,</strong></span> <span class='ocrx_word' id='word_1_707' title='bbox 3522 3189 3580 3236; x_wconf 84' lang='lat' dir='ltr'><strong>et</strong></span> <span class='ocrx_word' id='word_1_708' title='bbox 3631 3181 3724 3252; x_wconf 89' lang='lat' dir='ltr'><strong>qui</strong></span> 
     </span>
    </p>
   </div>
   <div class='ocr_carea' id='block_1_90' title="bbox 2118 3263 3727 3346">
    <p class='ocr_par' dir='ltr' id='par_1_90' title="bbox 2118 3263 3727 3346">
     <span class='ocr_line' id='line_1_90' title="bbox 2118 3263 3727 3346; baseline 0.004 -25"><span class='ocrx_word' id='word_1_709' title='bbox 2118 3267 2300 3322; x_wconf 89' lang='lat' dir='ltr'><strong>credit</strong></span> <span class='ocrx_word' id='word_1_710' title='bbox 2331 3266 2388 3320; x_wconf 90' lang='lat' dir='ltr'><strong>in</strong></span> <span class='ocrx_word' id='word_1_711' title='bbox 2419 3282 2546 3321; x_wconf 90' lang='lat' dir='ltr'><strong>eum</strong></span> <span class='ocrx_word' id='word_1_712' title='bbox 2576 3281 2691 3320; x_wconf 88' lang='lat' dir='ltr'><strong>non</strong></span> <span class='ocrx_word' id='word_1_713' title='bbox 2755 3267 3159 3322; x_wconf 79' lang='lat' dir='ltr'><strong>confundetur.</strong></span> <span class='ocrx_word' id='word_1_714' title='bbox 3185 3263 3390 3346; x_wconf 57' lang='lat' dir='ltr'><strong>&quot;Nobis</strong></span> <span class='ocrx_word' id='word_1_715' title='bbox 3422 3271 3592 3341; x_wconf 82' lang='lat' dir='ltr'><strong>igitur</strong></span> <span class='ocrx_word' id='word_1_716' title='bbox 3622 3272 3727 3326; x_wconf 85' lang='lat' dir='ltr'><strong>ho-</strong></span> 
     </span>
    </p>
   </div>
   <div class='ocr_carea' id='block_1_91' title="bbox 2119 3356 3728 3430">
    <p class='ocr_par' dir='ltr' id='par_1_91' title="bbox 2119 3356 3728 3430">
     <span class='ocr_line' id='line_1_91' title="bbox 2119 3356 3728 3430; baseline 0.002 -16"><span class='ocrx_word' id='word_1_717' title='bbox 2119 3375 2226 3414; x_wconf 90' lang='lat' dir='ltr'><strong>nor</strong></span> <span class='ocrx_word' id='word_1_718' title='bbox 2260 3358 2661 3424; x_wconf 88' lang='lat' dir='ltr'><strong>credentibus;</strong></span> <span class='ocrx_word' id='word_1_719' title='bbox 2693 3373 2806 3412; x_wconf 92' lang='lat' dir='ltr'><strong>non</strong></span> <span class='ocrx_word' id='word_1_720' title='bbox 2839 3356 3200 3413; x_wconf 86' lang='lat' dir='ltr'><strong>credentibus</strong></span> <span class='ocrx_word' id='word_1_721' title='bbox 3246 3367 3433 3414; x_wconf 90' lang='lat' dir='ltr'><strong>autem</strong></span> <span class='ocrx_word' id='word_1_722' title='bbox 3484 3359 3728 3430; x_wconf 86' lang='lat' dir='ltr'><strong>lapidem</strong></span> 
     </span>
    </p>
   </div>
   <div class='ocr_carea' id='block_1_92' title="bbox 2122 3450 3731 3524">
    <p class='ocr_par' dir='ltr' id='par_1_92' title="bbox 2122 3450 3731 3524">
     <span class='ocr_line' id='line_1_92' title="bbox 2122 3450 3731 3524; baseline 0.002 -19"><span class='ocrx_word' id='word_1_723' title='bbox 2122 3467 2290 3522; x_wconf 87' lang='lat' dir='ltr'><strong>quem</strong></span> <span class='ocrx_word' id='word_1_724' title='bbox 2318 3451 2761 3522; x_wconf 87' lang='lat' dir='ltr'><strong>reprobaverunt</strong></span> <span class='ocrx_word' id='word_1_725' title='bbox 2785 3450 3150 3516; x_wconf 65' lang='lat' dir='ltr'><strong>aediﬁcantes,</strong></span> <span class='ocrx_word' id='word_1_726' title='bbox 3175 3451 3268 3506; x_wconf 85' lang='lat' dir='ltr'><strong>hic</strong></span> <span class='ocrx_word' id='word_1_727' title='bbox 3285 3451 3464 3508; x_wconf 80' lang='lat' dir='ltr'><strong>factus</strong></span> <span class='ocrx_word' id='word_1_728' title='bbox 3486 3453 3539 3508; x_wconf 92' lang='lat' dir='ltr'><strong>in</strong></span> <span class='ocrx_word' id='word_1_729' title='bbox 3563 3465 3731 3524; x_wconf 82' lang='lat' dir='ltr'><strong>caput</strong></span> 
     </span>
    </p>
   </div>
   <div class='ocr_carea' id='block_1_93' title="bbox 2125 3543 3731 3616">
    <p class='ocr_par' dir='ltr' id='par_1_93' title="bbox 2125 3543 3731 3616">
     <span class='ocr_line' id='line_1_93' title="bbox 2125 3543 3731 3616; baseline 0.002 -16"><span class='ocrx_word' id='word_1_730' title='bbox 2125 3543 2334 3614; x_wconf 83' lang='lat' dir='ltr'><strong>anguli,</strong></span> <span class='ocrx_word' id='word_1_731' title='bbox 2365 3553 2424 3597; x_wconf 87' lang='lat' dir='ltr'><strong>et</strong></span> <span class='ocrx_word' id='word_1_732' title='bbox 2451 3543 2592 3613; x_wconf 86' lang='lat' dir='ltr'><strong>lapis</strong></span> <span class='ocrx_word' id='word_1_733' title='bbox 2632 3543 2960 3616; x_wconf 72' lang='lat' dir='ltr'><strong>oll‘ensiqnis</strong></span> <span class='ocrx_word' id='word_1_734' title='bbox 3013 3552 3071 3599; x_wconf 91' lang='lat' dir='ltr'><strong>et</strong></span> <span class='ocrx_word' id='word_1_735' title='bbox 3123 3554 3281 3616; x_wconf 84' lang='lat' dir='ltr'><strong>petra</strong></span> <span class='ocrx_word' id='word_1_736' title='bbox 3335 3547 3606 3614; x_wconf 86' lang='lat' dir='ltr'><strong>seandali,</strong></span> <span class='ocrx_word' id='word_1_737' title='bbox 3643 3549 3731 3603; x_wconf 88' lang='lat' dir='ltr'><strong>his</strong></span> 
     </span>
    </p>
   </div>
   <div class='ocr_carea' id='block_1_94' title="bbox 2127 3639 3730 3714">
    <p class='ocr_par' dir='ltr' id='par_1_94' title="bbox 2127 3639 3730 3714">
     <span class='ocr_line' id='line_1_94' title="bbox 2127 3639 3730 3714; baseline 0.001 -20"><span class='ocrx_word' id='word_1_738' title='bbox 2127 3639 2223 3711; x_wconf 86' lang='lat' dir='ltr'><strong>qui</strong></span> <span class='ocrx_word' id='word_1_739' title='bbox 2257 3639 2549 3694; x_wconf 79' lang='lat' dir='ltr'><strong>oﬂ&#39;endunt</strong></span> <span class='ocrx_word' id='word_1_740' title='bbox 2579 3640 2760 3696; x_wconf 81' lang='lat' dir='ltr'><strong>Verbo</strong></span> <span class='ocrx_word' id='word_1_741' title='bbox 2786 3646 2897 3696; x_wconf 66' lang='lat' dir='ltr'><strong>nim</strong></span> <span class='ocrx_word' id='word_1_742' title='bbox 2923 3639 3218 3696; x_wconf 87' lang='lat' dir='ltr'><strong>credentes</strong></span> <span class='ocrx_word' id='word_1_743' title='bbox 3250 3639 3300 3696; x_wconf 90' lang='lat' dir='ltr'><strong>ei</strong></span> <span class='ocrx_word' id='word_1_744' title='bbox 3346 3642 3400 3697; x_wconf 91' lang='lat' dir='ltr'><strong>in</strong></span> <span class='ocrx_word' id='word_1_745' title='bbox 3426 3659 3537 3712; x_wconf 89' lang='lat' dir='ltr'><strong>quo</strong></span> <span class='ocrx_word' id='word_1_746' title='bbox 3563 3643 3730 3714; x_wconf 90' lang='lat' dir='ltr'><strong>positi</strong></span> 
     </span>
    </p>
   </div>
   <div class='ocr_carea' id='block_1_95' title="bbox 2129 3729 3733 3806">
    <p class='ocr_par' dir='ltr' id='par_1_95' title="bbox 2129 3729 3733 3806">
     <span class='ocr_line' id='line_1_95' title="bbox 2129 3729 3733 3806; baseline 0.002 -22"><span class='ocrx_word' id='word_1_747' title='bbox 2129 3729 2343 3784; x_wconf 78' lang='lat' dir='ltr'><strong>sunt”.</strong></span> <span class='ocrx_word' id='word_1_748' title='bbox 2387 3748 2404 3780; x_wconf 72' lang='grc' dir='ltr'><strong>ο</strong></span> <span class='ocrx_word' id='word_1_749' title='bbox 2443 3730 2553 3786; x_wconf 81' lang='lat' dir='ltr'><strong>Nos</strong></span> <span class='ocrx_word' id='word_1_750' title='bbox 2583 3739 2769 3785; x_wconf 86' lang='lat' dir='ltr'><strong>autem</strong></span> <span class='ocrx_word' id='word_1_751' title='bbox 2792 3730 3086 3787; x_wconf 87' lang='lat' dir='ltr'><strong>credentes</strong></span> <span class='ocrx_word' id='word_1_752' title='bbox 3115 3731 3477 3802; x_wconf 84' lang='lat' dir='ltr'><strong>etbaptizati,</strong></span> <span class='ocrx_word' id='word_1_753' title='bbox 3507 3753 3525 3785; x_wconf 78' lang='grc' dir='ltr'><strong>ι</strong></span> <span class='ocrx_word' id='word_1_754' title='bbox 3555 3751 3733 3806; x_wconf 77' lang='lat' dir='ltr'><strong>genus</strong></span> 
     </span>
    </p>
   </div>
   <div class='ocr_carea' id='block_1_96' title="bbox 2128 3819 3734 3896">
    <p class='ocr_par' dir='ltr' id='par_1_96' title="bbox 2128 3819 3734 3896">
     <span class='ocr_line' id='line_1_96' title="bbox 2128 3819 3734 3896; baseline 0.002 -19"><span class='ocrx_word' id='word_1_755' title='bbox 2128 3822 2612 3892; x_wconf 64' lang='lat' dir='ltr'><strong>electum,regalc</strong></span> <span class='ocrx_word' id='word_1_756' title='bbox 2647 3821 3042 3890; x_wconf 86' lang='lat' dir='ltr'><strong>sacerdotium,</strong></span> <span class='ocrx_word' id='word_1_757' title='bbox 3077 3834 3430 3896; x_wconf 36' lang='lat' dir='ltr'><strong>gens‘sancta</strong></span> <span class='ocrx_word' id='word_1_758' title='bbox 3451 3819 3734 3896; x_wconf 55' lang='lat' dir='ltr'><strong>{populus</strong></span> 
     </span>
    </p>
   </div>
   <div class='ocr_carea' id='block_1_97' title="bbox 2135 3911 3732 3989">
    <p class='ocr_par' dir='ltr' id='par_1_97' title="bbox 2135 3911 3732 3989">
     <span class='ocr_line' id='line_1_97' title="bbox 2135 3911 3732 3989; baseline 0.003 -21"><span class='ocrx_word' id='word_1_759' title='bbox 2135 3913 2190 3968; x_wconf 84' lang='lat' dir='ltr'><strong>in</strong></span> <span class='ocrx_word' id='word_1_760' title='bbox 2247 3911 2712 3984; x_wconf 79' lang='lat' dir='ltr'><strong>acquisition&#39;em;</strong></span> <span class='ocrx_word' id='word_1_761' title='bbox 2748 3923 2812 3970; x_wconf 89' lang='lat' dir='ltr'><strong>ut</strong></span> <span class='ocrx_word' id='word_1_762' title='bbox 2843 3915 3082 3971; x_wconf 85' lang='lat' dir='ltr'><strong>virtutes</strong></span> <span class='ocrx_word' id='word_1_763' title='bbox 3136 3917 3536 3974; x_wconf 80' lang='lat' dir='ltr'><strong>annuntirmns</strong></span> <span class='ocrx_word' id='word_1_764' title='bbox 3589 3919 3732 3989; x_wconf 88' lang='lat' dir='ltr'><strong>ejus,</strong></span> 
     </span>
    </p>
   </div>
   <div class='ocr_carea' id='block_1_98' title="bbox 2136 4005 3736 4088">
    <p class='ocr_par' dir='ltr' id='par_1_98' title="bbox 2136 4005 3736 4088">
     <span class='ocr_line' id='line_1_98' title="bbox 2136 4005 3736 4088; baseline 0.004 -28"><span class='ocrx_word' id='word_1_765' title='bbox 2136 4005 2232 4076; x_wconf 87' lang='lat' dir='ltr'><strong>qui</strong></span> <span class='ocrx_word' id='word_1_766' title='bbox 2273 4007 2342 4061; x_wconf 90' lang='lat' dir='ltr'><strong>de</strong></span> <span class='ocrx_word' id='word_1_767' title='bbox 2393 4007 2642 4062; x_wconf 85' lang='lat' dir='ltr'><strong>tenebris</strong></span> <span class='ocrx_word' id='word_1_768' title='bbox 2685 4022 2787 4062; x_wconf 90' lang='lat' dir='ltr'><strong>nos</strong></span> <span class='ocrx_word' id='word_1_769' title='bbox 2831 4005 3046 4063; x_wconf 85' lang='lat' dir='ltr'><strong>vocavit</strong></span> <span class='ocrx_word' id='word_1_770' title='bbox 3077 4008 3131 4088; x_wconf 87' lang='lat' dir='ltr'><strong>i_n</strong></span> <span class='ocrx_word' id='word_1_771' title='bbox 3163 4009 3494 4066; x_wconf 80' lang='lat' dir='ltr'><strong>admirabile</strong></span> <span class='ocrx_word' id='word_1_772' title='bbox 3544 4009 3736 4066; x_wconf 87' lang='lat' dir='ltr'><strong>lumen</strong></span> 
     </span>
    </p>
   </div>
   <div class='ocr_carea' id='block_1_99' title="bbox 2139 4097 3736 4170">
    <p class='ocr_par' dir='ltr' id='par_1_99' title="bbox 2139 4097 3736 4170">
     <span class='ocr_line' id='line_1_99' title="bbox 2139 4097 3736 4170; baseline 0.003 -19"><span class='ocrx_word' id='word_1_773' title='bbox 2139 4113 2340 4164; x_wconf 87' lang='lat' dir='ltr'><strong>suum;</strong></span> <span class='ocrx_word' id='word_1_774' title='bbox 2385 4097 2479 4166; x_wconf 92' lang='lat' dir='ltr'><strong>qui</strong></span> <span class='ocrx_word' id='word_1_775' title='bbox 2523 4097 2820 4168; x_wconf 86' lang='lat' dir='ltr'><strong>aliquando</strong></span> <span class='ocrx_word' id='word_1_776' title='bbox 2868 4113 2978 4152; x_wconf 88' lang='lat' dir='ltr'><strong>non</strong></span> <span class='ocrx_word' id='word_1_777' title='bbox 3036 4101 3296 4170; x_wconf 85' lang='lat' dir='ltr'><strong>populus,</strong></span> <span class='ocrx_word' id='word_1_778' title='bbox 3349 4116 3501 4156; x_wconf 91' lang='lat' dir='ltr'><strong>nunc</strong></span> <span class='ocrx_word' id='word_1_779' title='bbox 3545 4111 3736 4158; x_wconf 85' lang='lat' dir='ltr'><strong>autem</strong></span> 
     </span>
    </p>
   </div>
   <div class='ocr_carea' id='block_1_100' title="bbox 2141 4189 3734 4260">
    <p class='ocr_par' dir='ltr' id='par_1_100' title="bbox 2141 4189 3734 4260">
     <span class='ocr_line' id='line_1_100' title="bbox 2141 4189 3734 4260; baseline 0.003 -16"><span class='ocrx_word' id='word_1_780' title='bbox 2141 4189 2381 4260; x_wconf 86' lang='lat' dir='ltr'><strong>populus</strong></span> <span class='ocrx_word' id='word_1_781' title='bbox 2432 4189 2570 4254; x_wconf 89' lang='lat' dir='ltr'><strong>Dei;</strong></span> <span class='ocrx_word' id='word_1_782' title='bbox 2628 4190 2723 4260; x_wconf 90' lang='lat' dir='ltr'><strong>qui</strong></span> <span class='ocrx_word' id='word_1_783' title='bbox 2770 4206 2884 4245; x_wconf 92' lang='lat' dir='ltr'><strong>non</strong></span> <span class='ocrx_word' id='word_1_784' title='bbox 2936 4191 3392 4249; x_wconf 84' lang='lat' dir='ltr'><strong>misericordiam</strong></span> <span class='ocrx_word' id='word_1_785' title='bbox 3425 4195 3734 4256; x_wconf 89' lang='lat' dir='ltr'><strong>consecuti,</strong></span> 
     </span>
    </p>
   </div>
   <div class='ocr_carea' id='block_1_101' title="bbox 2144 4283 3740 4352">
    <p class='ocr_par' dir='ltr' id='par_1_101' title="bbox 2144 4283 3740 4352">
     <span class='ocr_line' id='line_1_101' title="bbox 2144 4283 3740 4352; baseline 0 -14"><span class='ocrx_word' id='word_1_786' title='bbox 2144 4297 2296 4338; x_wconf 88' lang='lat' dir='ltr'><strong>nunc</strong></span> <span class='ocrx_word' id='word_1_787' title='bbox 2362 4290 2548 4337; x_wconf 86' lang='lat' dir='ltr'><strong>autem</strong></span> <span class='ocrx_word' id='word_1_788' title='bbox 2629 4283 3068 4340; x_wconf 84' lang='lat' dir='ltr'><strong>misericordiam</strong></span> <span class='ocrx_word' id='word_1_789' title='bbox 3139 4285 3423 4341; x_wconf 89' lang='lat' dir='ltr'><strong>consecuti</strong></span> <span class='ocrx_word' id='word_1_790' title='bbox 3447 4287 3532 4352; x_wconf 69' lang='grc' dir='ltr'><strong>ἐς</strong></span> <span class='ocrx_word' id='word_1_791' title='bbox 3589 4305 3608 4338; x_wconf 71' lang='grc' dir='ltr'><strong>ο</strong></span> <span class='ocrx_word' id='word_1_792' title='bbox 3665 4315 3740 4327; x_wconf 89' lang='lat'><strong>--</strong></span> 
     </span>
    </p>
   </div>
   <div class='ocr_carea' id='block_1_102' title="bbox 2154 4371 3740 4444">
    <p class='ocr_par' dir='ltr' id='par_1_102' title="bbox 2154 4371 3740 4444">
     <span class='ocr_line' id='line_1_102' title="bbox 2154 4371 3740 4444; baseline 0.004 -18"><span class='ocrx_word' id='word_1_793' title='bbox 2154 4392 2173 4426; x_wconf 79' lang='grc' dir='ltr'><strong>ι</strong></span> <span class='ocrx_word' id='word_1_794' title='bbox 2209 4373 2360 4440; x_wconf 82' lang='lat' dir='ltr'><strong>Quos</strong></span> <span class='ocrx_word' id='word_1_795' title='bbox 2391 4375 2610 4430; x_wconf 83' lang='lat' dir='ltr'><strong>vocavit</strong></span> <span class='ocrx_word' id='word_1_796' title='bbox 2656 4391 2760 4430; x_wconf 85' lang='lat' dir='ltr'><strong>nos</strong></span> <span class='ocrx_word' id='word_1_797' title='bbox 2805 4392 2916 4431; x_wconf 88' lang='lat' dir='ltr'><strong>non</strong></span> <span class='ocrx_word' id='word_1_798' title='bbox 2962 4377 3140 4432; x_wconf 84' lang='lat' dir='ltr'><strong>solum</strong></span> <span class='ocrx_word' id='word_1_799' title='bbox 3177 4393 3245 4432; x_wconf 81' lang='lat' dir='ltr'><strong>ex</strong></span> <span class='ocrx_word' id='word_1_800' title='bbox 3283 4371 3508 4444; x_wconf 66' lang='lat' dir='ltr'><strong>Judteis,</strong></span> <span class='ocrx_word' id='word_1_801' title='bbox 3543 4377 3638 4432; x_wconf 91' lang='lat' dir='ltr'><strong>sed</strong></span> <span class='ocrx_word' id='word_1_802' title='bbox 3669 4393 3740 4434; x_wconf 74' lang='lat' dir='ltr'><strong>et</strong></span> 
     </span>
    </p>
   </div>
   <div class='ocr_carea' id='block_1_103' title="bbox 2148 4464 3737 4540">
    <p class='ocr_par' dir='ltr' id='par_1_103' title="bbox 2148 4464 3737 4540">
     <span class='ocr_line' id='line_1_103' title="bbox 2148 4464 3737 4540; baseline 0.003 -22"><span class='ocrx_word' id='word_1_803' title='bbox 2148 4464 2442 4535; x_wconf 81' lang='lat' dir='ltr'><strong>gentibus;</strong></span> <span class='ocrx_word' id='word_1_804' title='bbox 2484 4473 2544 4520; x_wconf 91' lang='lat' dir='ltr'><strong>ut</strong></span> <span class='ocrx_word' id='word_1_805' title='bbox 2569 4476 2626 4522; x_wconf 81' lang='lat' dir='ltr'><strong>et</strong></span> <span class='ocrx_word' id='word_1_806' title='bbox 2651 4466 2706 4520; x_wconf 90' lang='lat' dir='ltr'><strong>in</strong></span> <span class='ocrx_word' id='word_1_807' title='bbox 2735 4466 2876 4523; x_wconf 89' lang='lat' dir='ltr'><strong>Osee</strong></span> <span class='ocrx_word' id='word_1_808' title='bbox 2905 4469 3076 4523; x_wconf 88' lang='lat' dir='ltr'><strong>dicit:</strong></span> <span class='ocrx_word' id='word_1_809' title='bbox 3115 4487 3135 4520; x_wconf 71' lang='grc' dir='ltr'><strong>ι</strong></span> <span class='ocrx_word' id='word_1_810' title='bbox 3170 4469 3395 4525; x_wconf 80' lang='lat' dir='ltr'><strong>Vocabo</strong></span> <span class='ocrx_word' id='word_1_811' title='bbox 3423 4486 3534 4526; x_wconf 87' lang='lat' dir='ltr'><strong>non</strong></span> <span class='ocrx_word' id='word_1_812' title='bbox 3558 4485 3737 4540; x_wconf 78' lang='lat' dir='ltr'><strong>popu-</strong></span> 
     </span>
    </p>
   </div>
   <div class='ocr_carea' id='block_1_104' title="bbox 2146 4556 3739 4628">
    <p class='ocr_par' dir='ltr' id='par_1_104' title="bbox 2146 4556 3739 4628">
     <span class='ocr_line' id='line_1_104' title="bbox 2146 4556 3739 4628; baseline 0.004 -18"><span class='ocrx_word' id='word_1_813' title='bbox 2146 4556 2262 4611; x_wconf 90' lang='lat' dir='ltr'><strong>lum</strong></span> <span class='ocrx_word' id='word_1_814' title='bbox 2295 4573 2499 4616; x_wconf 88' lang='lat' dir='ltr'><strong>meum.</strong></span> <span class='ocrx_word' id='word_1_815' title='bbox 2528 4559 2792 4628; x_wconf 88' lang='lat' dir='ltr'><strong>populum</strong></span> <span class='ocrx_word' id='word_1_816' title='bbox 2821 4575 3039 4628; x_wconf 88' lang='lat' dir='ltr'><strong>meum;</strong></span> <span class='ocrx_word' id='word_1_817' title='bbox 3098 4575 3208 4616; x_wconf 84' lang='lat' dir='ltr'><strong>non</strong></span> <span class='ocrx_word' id='word_1_818' title='bbox 3255 4560 3546 4627; x_wconf 87' lang='lat' dir='ltr'><strong>dilectam,</strong></span> <span class='ocrx_word' id='word_1_819' title='bbox 3595 4561 3739 4617; x_wconf 90' lang='lat' dir='ltr'><strong>dile-</strong></span> 
     </span>
    </p>
   </div>
   <div class='ocr_carea' id='block_1_105' title="bbox 2148 4644 3743 4724">
    <p class='ocr_par' dir='ltr' id='par_1_105' title="bbox 2148 4644 3743 4724">
     <span class='ocr_line' id='line_1_105' title="bbox 2148 4644 3743 4724; baseline 0.004 -21"><span class='ocrx_word' id='word_1_820' title='bbox 2148 4644 2294 4703; x_wconf 80' lang='lat' dir='ltr'><strong>ctam</strong></span> <span class='ocrx_word' id='word_1_821' title='bbox 2319 4653 2427 4713; x_wconf 74' lang='lat' dir='ltr'><strong>;’et</strong></span> <span class='ocrx_word' id='word_1_822' title='bbox 2456 4649 2566 4704; x_wconf 88' lang='lat' dir='ltr'><strong>erit</strong></span> <span class='ocrx_word' id='word_1_823' title='bbox 2589 4649 2645 4704; x_wconf 89' lang='lat' dir='ltr'><strong>in</strong></span> <span class='ocrx_word' id='word_1_824' title='bbox 2673 4650 2798 4705; x_wconf 90' lang='lat' dir='ltr'><strong>loco</strong></span> <span class='ocrx_word' id='word_1_825' title='bbox 2830 4651 2924 4706; x_wconf 84' lang='lat' dir='ltr'><strong>ubi</strong></span> <span class='ocrx_word' id='word_1_826' title='bbox 2958 4653 3216 4707; x_wconf 89' lang='lat' dir='ltr'><strong>inventus</strong></span> <span class='ocrx_word' id='word_1_827' title='bbox 3239 4661 3323 4707; x_wconf 91' lang='lat' dir='ltr'><strong>est</strong></span> <span class='ocrx_word' id='word_1_828' title='bbox 3346 4652 3481 4723; x_wconf 89' lang='lat' dir='ltr'><strong>ipsis</strong></span> <span class='ocrx_word' id='word_1_829' title='bbox 3505 4653 3743 4724; x_wconf 87' lang='lat' dir='ltr'><strong>populus</strong></span> 
     </span>
    </p>
   </div>
   <div class='ocr_carea' id='block_1_106' title="bbox 2149 4741 3744 4804">
    <p class='ocr_par' dir='ltr' id='par_1_106' title="bbox 2149 4741 3744 4804">
     <span class='ocr_line' id='line_1_106' title="bbox 2149 4741 3744 4804; baseline 0.002 -11"><span class='ocrx_word' id='word_1_830' title='bbox 2149 4753 2304 4795; x_wconf 86' lang='lat' dir='ltr'><strong>meus</strong></span> <span class='ocrx_word' id='word_1_831' title='bbox 2336 4755 2458 4804; x_wconf 83' lang='lat' dir='ltr'><strong>vos,</strong></span> <span class='ocrx_word' id='word_1_832' title='bbox 2495 4741 2572 4796; x_wconf 90' lang='lat' dir='ltr'><strong>ibi</strong></span> <span class='ocrx_word' id='word_1_833' title='bbox 2603 4741 2958 4798; x_wconf 86' lang='lat' dir='ltr'><strong>vocabuntur</strong></span> <span class='ocrx_word' id='word_1_834' title='bbox 2993 4741 3096 4796; x_wconf 87' lang='lat' dir='ltr'><strong>ﬁlii</strong></span> <span class='ocrx_word' id='word_1_835' title='bbox 3126 4743 3224 4798; x_wconf 87' lang='lat' dir='ltr'><strong>Dei</strong></span> <span class='ocrx_word' id='word_1_836' title='bbox 3260 4743 3499 4799; x_wconf 84' lang='lat' dir='ltr'><strong>viventis</strong></span> <span class='ocrx_word' id='word_1_837' title='bbox 3521 4744 3588 4798; x_wconf 85' lang='grc'><strong>⁸⁵.</strong></span> <span class='ocrx_word' id='word_1_838' title='bbox 3623 4763 3642 4795; x_wconf 77' lang='grc' dir='ltr'><strong>ι</strong></span> <span class='ocrx_word' id='word_1_839' title='bbox 3671 4773 3744 4785; x_wconf 90' lang='lat'>—</span> 
     </span>
    </p>
   </div>
   <div class='ocr_carea' id='block_1_107' title="bbox 2149 4831 3737 4906">
    <p class='ocr_par' dir='ltr' id='par_1_107' title="bbox 2149 4831 3737 4906">
     <span class='ocr_line' id='line_1_107' title="bbox 2149 4831 3737 4906; baseline 0.003 -22"><span class='ocrx_word' id='word_1_840' title='bbox 2149 4849 2168 4884; x_wconf 74' lang='grc' dir='ltr'><strong>ι</strong></span> <span class='ocrx_word' id='word_1_841' title='bbox 2202 4831 2308 4900; x_wconf 83' lang='lat' dir='ltr'><strong>Qui</strong></span> <span class='ocrx_word' id='word_1_842' title='bbox 2333 4833 2484 4889; x_wconf 90' lang='lat' dir='ltr'><strong>enim</strong></span> <span class='ocrx_word' id='word_1_843' title='bbox 2509 4833 2711 4904; x_wconf 85' lang='lat' dir='ltr'><strong>spiritu</strong></span> <span class='ocrx_word' id='word_1_844' title='bbox 2739 4833 2837 4890; x_wconf 90' lang='lat' dir='ltr'><strong>Dei</strong></span> <span class='ocrx_word' id='word_1_845' title='bbox 2861 4842 3124 4906; x_wconf 76' lang='lat' dir='ltr'><strong>aguntur,</strong></span> <span class='ocrx_word' id='word_1_846' title='bbox 3144 4835 3201 4890; x_wconf 89' lang='lat' dir='ltr'><strong>hi</strong></span> <span class='ocrx_word' id='word_1_847' title='bbox 3225 4845 3356 4892; x_wconf 90' lang='lat' dir='ltr'><strong>sunt</strong></span> <span class='ocrx_word' id='word_1_848' title='bbox 3387 4835 3484 4890; x_wconf 91' lang='lat' dir='ltr'><strong>ﬁlii</strong></span> <span class='ocrx_word' id='word_1_849' title='bbox 3509 4835 3686 4890; x_wconf 73' lang='lat' dir='ltr'><strong>Dei&quot;.</strong></span> <span class='ocrx_word' id='word_1_850' title='bbox 3719 4857 3737 4888; x_wconf 69' lang='grc' dir='ltr'><strong><em>υ</em></strong></span> 
     </span>
    </p>
   </div>
   <div class='ocr_carea' id='block_1_108' title="bbox 2143 4926 3744 5000">
    <p class='ocr_par' dir='ltr' id='par_1_108' title="bbox 2143 4926 3744 5000">
     <span class='ocr_line' id='line_1_108' title="bbox 2143 4926 3744 5000; baseline 0.002 -22"><span class='ocrx_word' id='word_1_851' title='bbox 2143 4955 2212 4967; x_wconf 83' lang='grc'><strong>--</strong></span> <span class='ocrx_word' id='word_1_852' title='bbox 2248 4943 2268 4978; x_wconf 71' lang='grc' dir='ltr'><strong>ι</strong></span> <span class='ocrx_word' id='word_1_853' title='bbox 2315 4926 2470 4982; x_wconf 80' lang='lat' dir='ltr'><strong>Finis</strong></span> <span class='ocrx_word' id='word_1_854' title='bbox 2512 4927 2661 4984; x_wconf 89' lang='lat' dir='ltr'><strong>enim</strong></span> <span class='ocrx_word' id='word_1_855' title='bbox 2695 4927 2835 4998; x_wconf 78' lang='lat' dir='ltr'><strong>legis</strong></span> <span class='ocrx_word' id='word_1_856' title='bbox 2859 4927 3117 4984; x_wconf 89' lang='lat' dir='ltr'><strong>Christus</strong></span> <span class='ocrx_word' id='word_1_857' title='bbox 3167 4929 3222 4984; x_wconf 94' lang='lat' dir='ltr'><strong>in</strong></span> <span class='ocrx_word' id='word_1_858' title='bbox 3267 4929 3540 5000; x_wconf 88' lang='lat' dir='ltr'><strong>justitiam</strong></span> <span class='ocrx_word' id='word_1_859' title='bbox 3589 4929 3744 4983; x_wconf 86' lang='lat' dir='ltr'><strong>omni</strong></span> 
     </span>
    </p>
   </div>
   <div class='ocr_carea' id='block_1_109' title="bbox 2145 5018 3744 5094">
    <p class='ocr_par' dir='ltr' id='par_1_109' title="bbox 2145 5018 3744 5094">
     <span class='ocr_line' id='line_1_109' title="bbox 2145 5018 3744 5094; baseline 0.003 -22"><span class='ocrx_word' id='word_1_860' title='bbox 2145 5018 2421 5074; x_wconf 86' lang='lat' dir='ltr'><strong>credenti.</strong></span> <span class='ocrx_word' id='word_1_861' title='bbox 2459 5039 2478 5070; x_wconf 70' lang='grc' dir='ltr'><strong>ι</strong></span> <span class='ocrx_word' id='word_1_862' title='bbox 2523 5018 2736 5092; x_wconf 74' lang='lat' dir='ltr'><strong>Moyses</strong></span> <span class='ocrx_word' id='word_1_863' title='bbox 2785 5020 2948 5094; x_wconf 18' lang='lat' dir='ltr'><strong>enim;</strong></span> <span class='ocrx_word' id='word_1_864' title='bbox 2988 5021 3188 5076; x_wconf 88' lang='lat' dir='ltr'><strong>scribit</strong></span> <span class='ocrx_word' id='word_1_865' title='bbox 3238 5021 3307 5076; x_wconf 89' lang='lat' dir='ltr'><strong>de</strong></span> <span class='ocrx_word' id='word_1_866' title='bbox 3365 5021 3582 5092; x_wconf 89' lang='lat' dir='ltr'><strong>justitia</strong></span> <span class='ocrx_word' id='word_1_867' title='bbox 3620 5037 3744 5091; x_wconf 73' lang='lat' dir='ltr'><strong>qua:</strong></span> 
     </span>
    </p>
   </div>
   <div class='ocr_carea' id='block_1_110' title="bbox 2147 5112 3746 5185">
    <p class='ocr_par' dir='ltr' id='par_1_110' title="bbox 2147 5112 3746 5185">
     <span class='ocr_line' id='line_1_110' title="bbox 2147 5112 3746 5185; baseline 0.003 -19"><span class='ocrx_word' id='word_1_868' title='bbox 2147 5119 2232 5166; x_wconf 88' lang='lat' dir='ltr'><strong>est</strong></span> <span class='ocrx_word' id='word_1_869' title='bbox 2261 5127 2329 5167; x_wconf 78' lang='lat' dir='ltr'><strong>ex</strong></span> <span class='ocrx_word' id='word_1_870' title='bbox 2347 5112 2492 5185; x_wconf 80' lang='lat' dir='ltr'><strong>lege,</strong></span> <span class='ocrx_word' id='word_1_871' title='bbox 2533 5115 2798 5182; x_wconf 88' lang='lat' dir='ltr'><strong>quoniam</strong></span> <span class='ocrx_word' id='word_1_872' title='bbox 2833 5114 2928 5185; x_wconf 92' lang='lat' dir='ltr'><strong>qui</strong></span> <span class='ocrx_word' id='word_1_873' title='bbox 2971 5113 3168 5170; x_wconf 76' lang='lat' dir='ltr'><strong>fecerit</strong></span> <span class='ocrx_word' id='word_1_874' title='bbox 3197 5131 3261 5170; x_wconf 86' lang='lat' dir='ltr'><strong>ca</strong></span> <span class='ocrx_word' id='word_1_875' title='bbox 3292 5115 3483 5181; x_wconf 88' lang='lat' dir='ltr'><strong>homo,</strong></span> <span class='ocrx_word' id='word_1_876' title='bbox 3513 5115 3662 5170; x_wconf 84' lang='lat' dir='ltr'><strong>vivet</strong></span> <span class='ocrx_word' id='word_1_877' title='bbox 3686 5116 3746 5170; x_wconf 89' lang='lat' dir='ltr'><strong>in</strong></span> 
     </span>
    </p>
   </div>
   <div class='ocr_carea' id='block_1_111' title="bbox 2147 5203 3790 5278">
    <p class='ocr_par' dir='ltr' id='par_1_111' title="bbox 2147 5203 3790 5278">
     <span class='ocr_line' id='line_1_111' title="bbox 2147 5203 3790 5278; baseline 0.002 -20"><span class='ocrx_word' id='word_1_878' title='bbox 2147 5203 2278 5258; x_wconf 88' lang='lat' dir='ltr'><strong>illis.</strong></span> <span class='ocrx_word' id='word_1_879' title='bbox 2309 5204 2390 5260; x_wconf 83' lang='lat' dir='ltr'><strong>De</strong></span> <span class='ocrx_word' id='word_1_880' title='bbox 2430 5205 2644 5277; x_wconf 88' lang='lat' dir='ltr'><strong>justitia</strong></span> <span class='ocrx_word' id='word_1_881' title='bbox 2685 5215 2870 5262; x_wconf 87' lang='lat' dir='ltr'><strong>autem</strong></span> <span class='ocrx_word' id='word_1_882' title='bbox 2919 5224 3042 5278; x_wconf 67' lang='lat' dir='ltr'><strong>quae</strong></span> <span class='ocrx_word' id='word_1_883' title='bbox 3095 5219 3180 5264; x_wconf 88' lang='lat' dir='ltr'><strong>est</strong></span> <span class='ocrx_word' id='word_1_884' title='bbox 3231 5225 3299 5264; x_wconf 75' lang='lat' dir='ltr'><strong>ex</strong></span> <span class='ocrx_word' id='word_1_885' title='bbox 3330 5207 3436 5264; x_wconf 87' lang='lat' dir='ltr'><strong>lide</strong></span> <span class='ocrx_word' id='word_1_886' title='bbox 3468 5209 3543 5263; x_wconf 89' lang='lat' dir='ltr'><strong>ita</strong></span> <span class='ocrx_word' id='word_1_887' title='bbox 3572 5208 3741 5263; x_wconf 81' lang='lat' dir='ltr'><strong>dicit:</strong></span> <span class='ocrx_word' id='word_1_888' title='bbox 3780 5219 3790 5226; x_wconf 85' lang='lat'><em>‘</em></span> 
     </span>
    </p>
   </div>
   <div class='ocr_carea' id='block_1_112' title="bbox 2153 5293 3746 5368">
    <p class='ocr_par' dir='ltr' id='par_1_112' title="bbox 2153 5293 3746 5368">
     <span class='ocr_line' id='line_1_112' title="bbox 2153 5293 3746 5368; baseline 0.003 -22"><span class='ocrx_word' id='word_1_889' title='bbox 2153 5313 2173 5346; x_wconf 77' lang='grc' dir='ltr'><strong>ι</strong></span> <span class='ocrx_word' id='word_1_890' title='bbox 2195 5293 2272 5350; x_wconf 81' lang='lat' dir='ltr'><strong>Ne</strong></span> <span class='ocrx_word' id='word_1_891' title='bbox 2299 5295 2454 5354; x_wconf 82' lang='lat' dir='ltr'><strong>dicas</strong></span> <span class='ocrx_word' id='word_1_892' title='bbox 2477 5295 2532 5350; x_wconf 89' lang='lat' dir='ltr'><strong>in</strong></span> <span class='ocrx_word' id='word_1_893' title='bbox 2552 5297 2722 5352; x_wconf 80' lang='lat' dir='ltr'><strong>corde</strong></span> <span class='ocrx_word' id='word_1_894' title='bbox 2756 5305 2872 5365; x_wconf 91' lang='lat' dir='ltr'><strong>tuo,</strong></span> <span class='ocrx_word' id='word_1_895' title='bbox 2903 5299 3029 5368; x_wconf 85' lang='lat' dir='ltr'><strong>quis</strong></span> <span class='ocrx_word' id='word_1_896' title='bbox 3056 5297 3320 5353; x_wconf 84' lang='lat' dir='ltr'><strong>ascendet</strong></span> <span class='ocrx_word' id='word_1_897' title='bbox 3350 5299 3662 5366; x_wconf 63' lang='lat' dir='ltr'><strong>in&#39;rmjum,</strong></span> <span class='ocrx_word' id='word_1_898' title='bbox 3689 5297 3746 5351; x_wconf 88' lang='lat' dir='ltr'><strong>id</strong></span> 
     </span>
    </p>
   </div>
   <div class='ocr_carea' id='block_1_113' title="bbox 2149 5381 3746 5462">
    <p class='ocr_par' dir='ltr' id='par_1_113' title="bbox 2149 5381 3746 5462">
     <span class='ocr_line' id='line_1_113' title="bbox 2149 5381 3746 5462; baseline -0.001 -19"><span class='ocrx_word' id='word_1_899' title='bbox 2149 5397 2236 5443; x_wconf 88' lang='lat' dir='ltr'><strong>est</strong></span> <span class='ocrx_word' id='word_1_900' title='bbox 2279 5381 2562 5444; x_wconf 68' lang='lat' dir='ltr'><strong>Christum</strong></span> <span class='ocrx_word' id='word_1_901' title='bbox 2613 5387 2938 5446; x_wconf 82' lang='lat' dir='ltr'><strong>deducere?</strong></span> <span class='ocrx_word' id='word_1_902' title='bbox 2985 5401 3082 5446; x_wconf 86' lang='lat' dir='ltr'><strong>aut</strong></span> <span class='ocrx_word' id='word_1_903' title='bbox 3135 5393 3264 5462; x_wconf 89' lang='lat' dir='ltr'><strong>quis</strong></span> <span class='ocrx_word' id='word_1_904' title='bbox 3319 5391 3622 5448; x_wconf 76' lang='lat' dir='ltr'><strong>descendet</strong></span> <span class='ocrx_word' id='word_1_905' title='bbox 3690 5391 3746 5443; x_wconf 84' lang='lat' dir='ltr'><strong>in</strong></span> 
     </span>
    </p>
   </div>
   <div class='ocr_carea' id='block_1_114' title="bbox 2151 5470 3744 5554">
    <p class='ocr_par' dir='ltr' id='par_1_114' title="bbox 2151 5470 3744 5554">
     <span class='ocr_line' id='line_1_114' title="bbox 2151 5470 3744 5554; baseline -0.002 -16"><span class='ocrx_word' id='word_1_906' title='bbox 2151 5481 2434 5554; x_wconf 82' lang='lat' dir='ltr'><strong>abyssum,</strong></span> <span class='ocrx_word' id='word_1_907' title='bbox 2455 5481 2509 5536; x_wconf 88' lang='lat' dir='ltr'><strong>id</strong></span> <span class='ocrx_word' id='word_1_908' title='bbox 2533 5491 2621 5538; x_wconf 86' lang='lat' dir='ltr'><strong>est</strong></span> <span class='ocrx_word' id='word_1_909' title='bbox 2640 5481 2928 5540; x_wconf 86' lang='lat' dir='ltr'><strong>Christum</strong></span> <span class='ocrx_word' id='word_1_910' title='bbox 2949 5499 2977 5538; x_wconf 85' lang='lat' dir='ltr'><strong>a</strong></span> <span class='ocrx_word' id='word_1_911' title='bbox 3005 5485 3242 5539; x_wconf 88' lang='lat' dir='ltr'><strong>mortuis</strong></span> <span class='ocrx_word' id='word_1_912' title='bbox 3272 5470 3539 5539; x_wconf 65' lang='lat' dir='ltr'><strong>reducere</strong></span> <span class='ocrx_word' id='word_1_913' title='bbox 3563 5482 3586 5536; x_wconf 73' lang='grc' dir='ltr'><strong><em>τ</em></strong></span> <span class='ocrx_word' id='word_1_914' title='bbox 3637 5481 3744 5538; x_wconf 77' lang='lat' dir='ltr'><strong>Sed</strong></span> 
     </span>
    </p>
   </div>
   <div class='ocr_carea' id='block_1_115' title="bbox 2155 5573 3742 5656">
    <p class='ocr_par' dir='ltr' id='par_1_115' title="bbox 2155 5573 3742 5656">
     <span class='ocr_line' id='line_1_115' title="bbox 2155 5573 3742 5656; baseline 0 -28"><span class='ocrx_word' id='word_1_915' title='bbox 2155 5573 2288 5644; x_wconf 85' lang='lat' dir='ltr'><strong>quid</strong></span> <span class='ocrx_word' id='word_1_916' title='bbox 2317 5574 2494 5648; x_wconf 74' lang='lat' dir='ltr'><strong>dicit?</strong></span> <span class='ocrx_word' id='word_1_917' title='bbox 2554 5577 2733 5648; x_wconf 89' lang='lat' dir='ltr'><strong>Prope</strong></span> <span class='ocrx_word' id='word_1_918' title='bbox 2760 5589 2845 5632; x_wconf 89' lang='lat' dir='ltr'><strong>est</strong></span> <span class='ocrx_word' id='word_1_919' title='bbox 2871 5587 3024 5634; x_wconf 90' lang='lat' dir='ltr'><strong>tuum</strong></span> <span class='ocrx_word' id='word_1_920' title='bbox 3061 5577 3294 5633; x_wconf 87' lang='lat' dir='ltr'><strong>verbum</strong></span> <span class='ocrx_word' id='word_1_921' title='bbox 3330 5578 3384 5631; x_wconf 89' lang='lat' dir='ltr'><strong>in</strong></span> <span class='ocrx_word' id='word_1_922' title='bbox 3412 5591 3510 5632; x_wconf 87' lang='lat' dir='ltr'><strong>ore</strong></span> <span class='ocrx_word' id='word_1_923' title='bbox 3537 5583 3656 5639; x_wconf 80' lang='lat' dir='ltr'><strong>tuo,</strong></span> <span class='ocrx_word' id='word_1_924' title='bbox 3671 5573 3742 5656; x_wconf 81' lang='grc' dir='ltr'><strong>Ιἱιι</strong></span> 
     </span>
    </p>
   </div>
   <div class='ocr_carea' id='block_1_116' title="bbox 503 5669 3734 5760">
    <p class='ocr_par' dir='ltr' id='par_1_116' title="bbox 503 5669 3734 5760">
     <span class='ocr_line' id='line_1_116' title="bbox 503 5669 3734 5760; baseline -0.001 -18"><span class='ocrx_word' id='word_1_925' title='bbox 503 5687 588 5760; x_wconf 36' lang='grc' dir='ltr'><strong>ρξ’</strong></span> <span class='ocrx_word' id='word_1_926' title='bbox 611 5689 750 5760; x_wconf 20' lang='lat'><strong>7039..</strong></span> <span class='ocrx_word' id='word_1_927' title='bbox 787 5689 990 5752; x_wconf 63' lang='lat'><strong>“,24,‘</strong></span> <span class='ocrx_word' id='word_1_928' title='bbox 1027 5685 1180 5760; x_wconf 64' lang='lat' dir='ltr'><strong>Roth.</strong></span> <span class='ocrx_word' id='word_1_929' title='bbox 1203 5703 1290 5760; x_wconf 66' lang='lat' dir='ltr'><strong>tx.</strong></span> <span class='ocrx_word' id='word_1_930' title='bbox 1328 5689 1418 5744; x_wconf 72' lang='grc'><strong>25.</strong></span> <span class='ocrx_word' id='word_1_931' title='bbox 1440 5688 1531 5742; x_wconf 69' lang='grc'><strong>96.</strong></span> <span class='ocrx_word' id='word_1_932' title='bbox 1581 5689 1654 5760; x_wconf 10' lang='grc'><strong>,⁵⁸</strong></span> <span class='ocrx_word' id='word_1_933' title='bbox 1683 5687 1815 5743; x_wconf 76' lang='lat' dir='ltr'><strong>Ibid.</strong></span> <span class='ocrx_word' id='word_1_934' title='bbox 2013 5689 2056 5719; x_wconf 78' lang='lat'>“</span> <span class='ocrx_word' id='word_1_935' title='bbox 2089 5689 2442 5760; x_wconf 13' lang='lat' dir='ltr'><strong>lis-tanvmr</strong></span> <span class='ocrx_word' id='word_1_936' title='bbox 2465 5686 2562 5760; x_wconf 54' lang='lat'><strong>[6;</strong></span> <span class='ocrx_word' id='word_1_937' title='bbox 2608 5686 2780 5760; x_wconf 43' lang='lat' dir='ltr'><strong>litim.</strong></span> <span class='ocrx_word' id='word_1_938' title='bbox 2814 5701 2888 5746; x_wconf 73' lang='lat' dir='ltr'><strong>Ix,</strong></span> <span class='ocrx_word' id='word_1_939' title='bbox 2919 5686 3007 5754; x_wconf 65' lang='lat'><strong>5‘3,</strong></span> <span class='ocrx_word' id='word_1_940' title='bbox 3041 5689 3132 5760; x_wconf 66' lang='lat'><strong>53.</strong></span> <span class='ocrx_word' id='word_1_941' title='bbox 3208 5689 3254 5722; x_wconf 77' lang='grc'>⁸⁸</span> <span class='ocrx_word' id='word_1_942' title='bbox 3287 5684 3446 5742; x_wconf 70' lang='lat' dir='ltr'><strong>Rom.</strong></span> <span class='ocrx_word' id='word_1_943' title='bbox 3498 5702 3552 5751; x_wconf 72' lang='grc' dir='ltr'><strong>κ,</strong></span> <span class='ocrx_word' id='word_1_944' title='bbox 3579 5687 3635 5752; x_wconf 73' lang='lat'><strong>9.,</strong></span> <span class='ocrx_word' id='word_1_945' title='bbox 3668 5683 3734 5760; x_wconf 63' lang='grc' dir='ltr'><strong>αὖ.⁸</strong></span> 
     </span>
    </p>
   </div>
   <div class='ocr_carea' id='block_1_117' title="bbox 475 5758 994 5817">
    <p class='ocr_par' dir='ltr' id='par_1_117' title="bbox 475 5758 994 5817">
     <span class='ocr_line' id='line_1_117' title="bbox 475 5758 994 5817; baseline 0.004 -7"><span class='ocrx_word' id='word_1_946' title='bbox 475 5759 521 5790; x_wconf 83' lang='grc'><strong><em>³⁸</em></strong></span> <span class='ocrx_word' id='word_1_947' title='bbox 556 5758 569 5810; x_wconf 82' lang='grc' dir='ltr'><strong>Ι</strong></span> <span class='ocrx_word' id='word_1_948' title='bbox 608 5759 752 5816; x_wconf 78' lang='lat' dir='ltr'><strong>Prtr.</strong></span> <span class='ocrx_word' id='word_1_949' title='bbox 789 5777 850 5817; x_wconf 89' lang='grc'><strong>11,</strong></span> <span class='ocrx_word' id='word_1_950' title='bbox 875 5761 994 5813; x_wconf 75' lang='grc' dir='ltr'><strong>ΰ-8.</strong></span> 
     </span>
    </p>
   </div>
   <div class='ocr_carea' id='block_1_118' title="bbox 749 5855 1600 5920">
    <p class='ocr_par' dir='ltr' id='par_1_118' title="bbox 749 5855 1600 5920">
     <span class='ocr_line' id='line_1_118' title="bbox 749 5855 1600 5920; baseline -0.007 0"><span class='ocrx_word' id='word_1_951' title='bbox 749 5859 1020 5920; x_wconf 74' lang='grc' dir='ltr'>ΡΑτιιοι.</span> <span class='ocrx_word' id='word_1_952' title='bbox 1071 5857 1166 5918; x_wconf 86' lang='lat' dir='ltr'><strong>Gn</strong></span> <span class='ocrx_word' id='word_1_953' title='bbox 1247 5855 1600 5916; x_wconf 75' lang='lat' dir='ltr'><strong>LX.\&#39;.-\&#39;lX.</strong></span> 
     </span>
    </p>
   </div>
   <div class='ocr_carea' id='block_1_119' title="bbox 1073 5757 2017 5825">
    <p class='ocr_par' dir='ltr' id='par_1_119' title="bbox 1073 5757 2016 5824">
     <span class='ocr_line' id='line_1_119' title="bbox 1073 5757 2016 5824; baseline 0.035 -34"><span class='ocrx_word' id='word_1_954' title='bbox 1073 5757 1273 5816; x_wconf 45' lang='lat' dir='ltr'><strong>mihi“.</strong></span> <span class='ocrx_word' id='word_1_955' title='bbox 1301 5761 1473 5820; x_wconf 75' lang='grc'><strong>9,·10.</strong></span> <span class='ocrx_word' id='word_1_956' title='bbox 1550 5759 1596 5790; x_wconf 77' lang='grc'><strong><em>⁵⁵</em></strong></span> <span class='ocrx_word' id='word_1_957' title='bbox 1631 5761 1786 5813; x_wconf 75' lang='lat' dir='ltr'><strong>Ilo-u.</strong></span> <span class='ocrx_word' id='word_1_958' title='bbox 1820 5777 1895 5824; x_wconf 76' lang='lat' dir='ltr'><strong>Ix,</strong></span> <span class='ocrx_word' id='word_1_959' title='bbox 1921 5758 2016 5824; x_wconf 54' lang='grc'><strong>24,</strong></span> 
     </span>
    </p>
   </div>
   <div class='ocr_carea' id='block_1_120' title="bbox 2121 5757 3110 5825">
    <p class='ocr_par' dir='ltr' id='par_1_120' title="bbox 2139 5757 3110 5825">
     <span class='ocr_line' id='line_1_120' title="bbox 2139 5757 3110 5825; baseline 0 -13"><span class='ocrx_word' id='word_1_960' title='bbox 2139 5775 2152 5822; x_wconf 89' lang='grc'><strong>;</strong></span> <span class='ocrx_word' id='word_1_961' title='bbox 2183 5759 2306 5812; x_wconf 83' lang='lat' dir='ltr'><strong>Osr.</strong></span> <span class='ocrx_word' id='word_1_962' title='bbox 2343 5773 2403 5825; x_wconf 82' lang='lat' dir='ltr'><strong>ll,</strong></span> <span class='ocrx_word' id='word_1_963' title='bbox 2437 5757 2530 5810; x_wconf 59' lang='grc' dir='ltr'><strong>Ἡ.</strong></span> <span class='ocrx_word' id='word_1_964' title='bbox 2605 5757 2651 5788; x_wconf 70' lang='grc'><strong>⁵⁸</strong></span> <span class='ocrx_word' id='word_1_965' title='bbox 2684 5757 2838 5811; x_wconf 74' lang='lat' dir='ltr'><strong>Ront.</strong></span> <span class='ocrx_word' id='word_1_966' title='bbox 2872 5773 2986 5821; x_wconf 77' lang='lat' dir='ltr'><strong>un,</strong></span> <span class='ocrx_word' id='word_1_967' title='bbox 3027 5758 3110 5813; x_wconf 74' lang='grc' dir='ltr'><strong>Η.</strong></span> 
     </span>
    </p>
   </div>
   <div class='ocr_carea' id='block_1_121' title="bbox 3335 5849 3412 5913">
    <p class='ocr_par' dir='ltr' id='par_1_121' title="bbox 3335 5849 3412 5913">
     <span class='ocr_line' id='line_1_121' title="bbox 3335 5849 3412 5913; baseline 0.013 -1"><span class='ocrx_word' id='word_1_968' title='bbox 3335 5849 3412 5913; x_wconf 70' lang='grc'><strong>40</strong></span> 
     </span>
    </p>
   </div>
  </div>
