4098 6424
379 403 518 470 19.65

1371 401 1828 466 DISPUTATIO
1864 397 2265 459 ADVERSUS
2305 391 2632 456 JUDxEOS.

3492 375 3636 441 1266

374 519 688 590 ἠλάττωσας
720 515 881 571 αὐτὸν
921 513 1090 587 βραχύ
1123 533 1175 568 τι
1207 513 1340 588 παρ’
1369 515 1656 584 ἀγγέλους,
1692 514 1820 586 δόξῃ
1848 513 1941 566 καὶ
1975 526 2002 569 Δ

2096 510 2218 562 .un?
2273 506 2522 562 minuisti
2556 519 2684 566 eum
2724 498 3076 572 paulominus
3099 494 3168 550 ab
3193 491 3421 564 angelis,
3457 492 3636 563 gloria

373 611 505 679 τιμῇ
543 609 928 678 ἐστεφάνωσας
953 607 1141 674 αὑτὸν,
1177 608 1270 662 καὶ
1299 606 1638 678 κατέστησας
1661 606 1823 660 αὑτὸν
1854 603 1948 655 ἐπὶ

371 703 442 755 τά
472 700 609 771 ἔργα
637 699 838 771 ιρῶν
867 717 990 754 σου·
1038 699 1215 754 πάντα
1245 699 1520 766 ὑπέταξας
1554 697 1812 752 ὑποκάτω
1841 695 1955 748 τῶν

377 789 554 844 ποδῶν
587 790 806 846 αὑτοῦ.»
843 821 905 835 -—
931 809 950 843 ι
981 789 1054 845 Τὸ
1097 790 1156 844 δέ
1209 789 1384 862 βραχύ
1427 807 1479 844 τι
1528 789 1662 862 παρ’
1688 787 1962 862 ἀγγέλους.

374 881 755 952 ἠλαττωμένον
804 881 1075 954 βλέπομεν
1109 882 1315 953 Ἰησοῦν
1363 881 1453 937 διὰ
1497 883 1560 936 τὸ
1592 881 1826 952 πάθημα
1857 879 1952 933 τοῦ

379 971 612 1024 θανάτου
635 1009 652 1037 ,
704 971 853 1036 ὅπως
896 972 1065 1043 χωρὶς
1094 972 1252 1037 Θεοῦ,
1287 971 1430 1042 ὑπὲρ
1456 969 1660 1034 παντὸς
1689 971 1957 1040 γεύσηται

378 1061 637 1126 θανάτου,
673 1062 800 1135 δόξῃ
833 1063 926 1118 καὶ
957 1065 1091 1134 τιμῇ
1117 1060 1628 1133 ἐστεφανωμένοςί
1667 1062 1728 1114 οὐ
1761 1063 1826 1132 τῇ
1855 1059 1958 1135 φύ-

381 1170 465 1208 σει
515 1153 616 1223 τῆς
665 1153 920 1222 θεότητος
969 1153 1082 1208 τῶν
1129 1153 1377 1222 ἀγγέλων
1423 1151 1732 1220 ἠλάττωται
1751 1191 1766 1215 ,
1824 1149 1960 1204 ἀλλὰ

381 1243 462 1315 τῷ
512 1243 676 1296 πάθει
730 1244 831 1314 τῆς
875 1243 1322 1316 άνθρωπότητος.
1350 1243 1564 1315 Ὥσπερ
1589 1243 1770 1296 τοίνυν
1800 1241 1961 1294 ἐλάτ-

379 1350 500 1386 των
537 1328 607 1402 ἦν
657 1333 908 1402 ἀγγέλων
959 1335 1035 1396 ὡς
1083 1333 1370 1405 ἄνθρωπος
1405 1335 1494 1388 διὰ
1524 1333 1586 1387 τὸ
1615 1334 1846 1406 πάθημα
1871 1335 1963 1388 τοῦ

383 1423 642 1479 θανάτου·
679 1423 868 1496 ἐπειδὴ
900 1425 1002 1494 μὲν
1031 1425 1080 1477 oi
1108 1425 1331 1494 ἄγγελοι
1362 1425 1630 1479 ἀθάνατον
1657 1427 1840 1496 έχουσι
1867 1427 1969 1494 φύ-

385 1531 494 1578 σιν,
529 1515 694 1578 αὐτὸς
723 1515 782 1569 δέ
813 1516 888 1580 ὡς
913 1515 1199 1587 ἄνθρωπος
1227 1517 1288 1570 τὺ
1317 1515 1489 1580 πάθος
1515 1517 1775 1587 ὑπέμεινε
1803 1517 1971 1588 χωρὶς

384 1607 523 1661 Θεοῦ
575 1607 663 1662 διὰ
707 1607 806 1680 τὴν
852 1608 1070 1662 πάντων
1116 1609 1393 1678 σωτηρίαν
1419 1624 1435 1640 ·
1492 1609 1672 1662 πάντα
1715 1608 1824 1680 γάρ
1867 1611 1972 1663 ὅσα

388 1697 591 1802 θνητὴὶι
623 1697 806 1802 ἔ-χουσι
834 1701 997 1769 φύσιν
1017 1739 1034 1765 ,
1087 1699 1293 1772 ταύτης
1321 1700 1492 1754 ἐδεῖτο
1523 1701 1622 1770 τῆς
1649 1701 1973 1772 θεραπείας,

387 1791 486 1844 τοῦ
518 1791 618 1862 τῆς
640 1791 1108 1864 ἐνανθρωπήσεως
1132 1791 1426 1864 φαρμάκου
1449 1808 1461 1822 ο
1503 1793 1638 1864 μόνη
1663 1793 1772 1865 γὰρ
1797 1794 1831 1864 ἡ
1856 1792 1976 1847 θεία

393 1881 558 1952 φύσις
577 1881 856 1954 ἀνενδεὴς,
873 1882 1031 1938 τοῦτο
1051 1883 1159 1956 γάρ
1179 1879 1299 1938 εἷπε
1321 1901 1332 1914 ·
1365 1902 1384 1935 ι
1410 1883 1594 1955 Χωρὶς
1617 1883 1752 1938 Θεοῦ
1785 1904 1802 1936 ι
1839 1885 1981 1956 ὑπὲρ

394 1970 597 2035 παντὸς
623 1970 878 2040 γεύσεται
909 1972 1162 2028 θανάτου.
1195 1994 1212 2026 ι
1232 1973 1368 2045 Δόξῃ
1391 1972 1448 2027 δέ
1477 1975 1571 2028 καὶ
1592 1977 1724 2046 τιμῇ
1749 1977 1980 2043 ἐστεφα-

392 2062 638 2132 νωμένον
666 2082 686 2116 ι
743 2063 819 2128 ὡς
869 2063 1152 2136 ἄνθρωπον
1172 2080 1188 2095 ·
1247 2066 1386 2137 μετὰ
1417 2067 1523 2136 γὰρ
1555 2067 1656 2136 τὴν
1689 2067 1984 2122 ἀνάστασιν

397 2155 494 2210 καὶ
512 2156 610 2227 τὴν
634 2157 713 2220 εἰς
733 2156 994 2226 οὐρανοὺς
1015 2157 1278 2210 ἀνάϐασιν
1309 2157 1408 2228 τῆς
1433 2158 1580 2222 θείας
1611 2159 1872 2230 μετέλαχε
1895 2159 1984 2212 δό-

401 2245 521 2316 ξης,
543 2247 638 2300 καὶ
665 2247 928 2318 κρείττων
951 2248 1203 2317 ἀγγέλων
1229 2249 1475 2318 ἐγένετο·
1507 2251 1729 2304 ἐκάθισε
1759 2253 1860 2322 γὰρ
1890 2254 1988 2304 ἐπα

400 2335 514 2390 ἀνω
537 2335 710 2410 ἀρχῆς
738 2337 834 2390 καὶ
855 2335 1100 2401 ἐξουσίας
1127 2337 1218 2390 καὶ
1241 2336 1520 2407 δυνάμεως
1553 2339 1646 2392 καὶ
1669 2341 1989 2410 κυριότητος

401 2431 500 2481 καὶ
534 2429 734 2492 παντὸς
760 2427 1024 2498 ὀνόματος
1052 2429 1456 2500 ὀνομαζομένου
1505 2429 1565 2482 οὗ
1617 2431 1780 2500 μόνον
1815 2432 1872 2484 ἐν
1912 2430 2024 2502 τῷ-

408 2519 564 2572 αίῶνι
581 2521 774 2590 τούτῳ,
788 2520 923 2575 ἀλλὰ
943 2522 1036 2574 καὶ
1054 2521 1112 2574 ἐν
1127 2520 1203 2591 τῷ
1223 2520 1490 2590 μέλλοντι·
1511 2523 1568 2574 ἐν
1586 2523 1655 2590 γὰ
1663 2541 1693 2594 ρ
1708 2522 1786 2593 τῷ
1800 2524 1994 2580 ὑποτά-

411 2608 500 2674 ξαι
523 2611 669 2678 αὐτῷ
696 2611 762 2666 τὰ
786 2613 981 2674 πάντα,
1012 2612 1162 2668 οὐδὲν
1188 2611 1401 2682 ἀφῆκεν
1429 2612 1580 2684 αὐτῷ
1601 2601 2001 2671 ἀνυπότακτον..

479 2703 596 2761 Νῦν
623 2703 680 2756 δέ
712 2701 866 2758 οὖπω
899 2703 1118 2775 ὁρῶμεν
1152 2703 1302 2774 αὐτῷ
1339 2704 1517 2758 πάντα
1548 2705 1990 2777 ὑποτεταγμένα,

405 2796 470 2850 ἐν
513 2796 558 2850 δ’
599 2796 794 2869 ἐκείνῳ
838 2795 916 2868 τῷ
965 2797 1122 2850 αἰῶνι
1166 2797 1334 2866 ἤγουν
1383 2796 1460 2868 τῷ
1497 2797 1744 2868 μέλλοντι
1777 2801 1997 2855 πάντων

405 2891 697 2960 κρατήσειο
727 2889 1167 2960 ὑποταγήσονται
1195 2889 1302 2959 γὰρ
1328 2891 1452 2942 τότε
1481 2889 1576 2943 καὶ
1601 2891 1652 2943 οἱ
1678 2877 1773 2945 νῦν
1797 2891 2000 2946 ἀντιλέ-

404 2996 601 3049 γοντες
625 2997 640 3010 ο
681 2981 1111 3052 ἐνανθρωπήσας
1141 2982 1248 3053 γάρ
1281 2983 1309 3036 ὁ
1341 2981 1472 3047 Θεὸς
1504 2983 1699 3049 Λόγος,
1737 2983 2000 3037 κατέλυσε

405 3072 504 3125 τοῦ
537 3071 767 3126 θανάτου
802 3071 864 3126 τὺ
895 3073 1094 3143 κράτος
1121 3089 1138 3104 ο
1203 3073 1519 3139 καταλύσας
1545 3073 1602 3128 δὲ
1637 3075 2000 3147 ἐπηγγείλατο

2051 609 2108 655 et
2141 600 2353 656 honore
2382 595 2660 652 eoronasti
2701 607 2849 656 eum,
2881 584 3292 645 etconStituisti
3319 599 3445 638 eum
3471 597 3637 652 super

2053 709 2222 764 Opera
2254 707 2514 748 manuum
2544 699 2764 746 tuarum
2793 705 2807 753 ;
2841 685 3026 742 omnia
3049 679 3334 757 subjecisti
3355 679 3456 734 sub
3480 678 3634 748 pedi-

2053 787 2158 842 bus
2183 786 2302 856 ejus
2323 785 2391 836 ⁸⁸.
2420 803 2546 834 ι-‹
2564 783 2705 837 Eum
2725 787 2910 834 autem
2938 775 3033 846 qui
3065 773 3230 846 paulo
3256 771 3440 826 minus
3459 769 3528 824 ab
3545 785 3646 823 an-

2057 877 2522 949 gelismiuoratus
2541 881 2646 938 est,
2678 871 2934 926 videmus
2953 869 3144 924 Jesum
3173 874 3398 936 propter
3424 863 3633 932 passio-

2059 984 2186 1024 nem
2223 967 2439 1032 mortis,
2475 974 2534 1020 ut
2562 964 2772 1033 absque
2797 962 2912 1017 Deo
2950 974 3052 1030 pro
3097 956 3360 1012 omnibus
3397 959 3648 1023 gustaret

2063 1069 2321 1122 mortem,
2355 1055 2528 1128 gloria
2559 1061 2617 1110 et
2650 1054 2863 1108 honore
2893 1046 3300 1106 coronatum”.
3331 1063 3350 1098 ι
3392 1044 3513 1099 Νοιι
3549 1059 3649 1114 per

2063 1161 2318 1209 naturam
2347 1145 2656 1203 divinitatis
2697 1141 3120 1216 angelisminor
3145 1138 3380 1194 eﬂ'eetus
3408 1143 3514 1201 est,
3549 1134 3652 1189 sed

2063 1259 2162 1312 per
2202 1241 2518 1311 passionem
2563 1235 2973 1298 humanitatis;
3025 1233 3196 1304 igitur
3247 1229 3482 1284 inferior
3531 1232 3653 1282 erat

2067 1330 2277 1400 angelis
2309 1337 2369 1384 ut
2405 1327 2846 1395 homo‘propter
2889 1319 3204 1392 passionem
3253 1315 3472 1376 mortis,
3524 1329 3652 1366 cum

2069 1419 2249 1488 angeli
2283 1416 2650 1471 immortalem
2683 1413 2924 1468 habeant
2971 1417 3250 1469 naturam,
3295 1403 3416 1473 ipse
3467 1406 3653 1455 autem

2071 1517 2134 1564 ut
2165 1508 2330 1562 homo
2355 1507 2670 1576 passionem
2691 1500 2955 1554 sustinuit
2971 1499 3178 1564 absque
3201 1497 3312 1546 Deo
3325 1493 3391 1544 ad
3405 1489 3656 1543 omnium

2075 1599 2346 1655 salutem-
2362 1594 2559 1652 Omnia
2591 1591 2739 1647 enim
2761 1600 2897 1660 quae
2929 1586 3220 1642 mortalem
3253 1579 3464 1634 habent
3491 1584 3657 1631 natu-

2079 1706 2225 1753 ram,
2276 1689 2386 1742 hac
2433 1683 2723 1740 curatione
2771 1681 3030 1748 egebant,
3066 1686 3124 1728 et
3174 1671 3422 1726 remedio
3477 1669 3661 1722 incar-

2077 1783 2364 1846 nationis;
2407 1778 2526 1833 sola
2565 1781 2750 1829 autem
2796 1769 2986 1824 divina
3032 1773 3231 1822 natura
3281 1776 3390 1816 non
3440 1757 3658 1828 egebat.

2080 1876 2198 1932 Hoc
2223 1872 2516 1945 signiﬁcat,
2559 1885 2577 1917 ι
2603 1864 2812 1934 absque
2843 1861 2957 1916 Deo
2979 1877 2996 1909 ι
3055 1870 3157 1927 pro
3179 1850 3452 1927 omnibus
3479 1856 3665 1918 gusta-

2082 1969 2167 2024 bit
2197 1973 2450 2020 mortem.
2494 1980 2512 2012 ι
2540 1956 2726 2014 Gloria
2753 1963 2939 2010 autem
2967 1957 3025 2005 et
3057 1949 3272 2002 honore
3299 1948 3657 1998 coronatum.

2085 2070 2147 2114 ut
2176 2055 2459 2112 hominem
2486 2067 2500 2118 ;
2526 2069 2543 2100 ο
2581 2061 2707 2102 nam
2739 2053 2863 2115 post.
2886 2037 3350 2096 resurrectionem
3385 2040 3434 2086 et
3473 2019 3527 2083 in
3557 2042 3669 2082 cm-

2086 2153 2174 2207 los
2203 2134 2586 2219 ascensionem
2618 2138 2862 2202 divinam
2891 2131 3121 2205 gloriam
3155 2124 3390 2196 recepit,
3421 2130 3474 2178 et
3497 2119 3674 2188 major

2088 2237 2298 2314 angelis
2325 2239 2502 2293 factus
2531 2243 2636 2289 est.
2676 2230 2831 2286 Sedit
2875 2225 3026 2282 enim
3057 2236 3233 2292 supra
3275 2214 3670 2288 principatum,

2089 2312 2444 2405 potestatem,
2491 2315 2926 2380 dominationem
2973 2321 3029 2370 et
3075 2312 3358 2370 virtutem,
3401 2313 3459 2360 et
3508 2314 3677 2356 omne

2091 2439 2292 2482 nomen
2322 2417 2470 2491 quod
2504 2413 2823 2471 nominatur
2856 2423 2966 2463 non
2997 2397 3174 2459 solum
3227 2400 3284 2459 in
3316 2399 3423 2452 hoc
3449 2393 3676 2450 s:eculu.

2097 2518 2191 2578 sed
2219 2526 2271 2573 et
2302 2513 2359 2569 in
2382 2511 2570 2571 futuro
2595 2506 2686 2573 3",
2728 2504 2782 2558 in
2809 2515 2874 2558 eo
2897 2499 3040 2555 enim
3097 2491 3240 2564 quod
3303 2487 3502 2543 dicitur
3548 2481 3680 2537 sub-

2098 2611 2192 2668 iiei
2223 2604 2524 2668 illiomnia,
2543 2572 2678 2656 nihil
2695 2591 3136 2668 praztermittitur
3157 2602 3264 2641 non
3283 2581 3586 2650 subjectum
3606 2572 3680 2628 ⁸⁵.

2161 2699 2322 2754 Nunc
2377 2701 2562 2749 autem
2611 2685 2858 2742 nondum
2899 2680 3150 2736 videmus
3194 2672 3380 2728 omnia
3427 2667 3506 2722 illi
3553 2664 3679 2720 sub-

2093 2795 2240 2867 jecta
2273 2791 2328 2845 in
2365 2797 2611 2856 tempore
2640 2790 2824 2835 autem
2849 2775 2966 2836 illo,
2999 2771 3051 2827 id
3082 2778 3186 2833 est,
3213 2767 3400 2821 futuro
3421 2757 3682 2814 omnibus
3767 2785 3773 2792 -

2099 2881 2512 2942 dominabitur;
2552 2884 2682 2930 tunc
2709 2871 2856 2926 enim
2877 2863 3242 2936 subjicientur
3261 2857 3356 2928 qui
3382 2868 3529 2910 nunc
3546 2866 3682 2906 con-

2103 2975 2403 3034 tradicunt.
2451 2969 2586 3024 Nam
2628 2965 2980 3018 incarnatum
3029 2953 3126 3010 Dei
3195 2951 3438 3007 Verbum
3487 2941 3690 3000 mortis

2104 3065 2381 3124 destruxit
2417 3065 2785 3132 potestatem;
2839 3041 3123 3106 destructa
3169 3053 3354 3110 autem
3408 3036 3690 3110 pollicitus

409 3166 546 3236 ἡμῖν
575 3164 674 3235 τὴν
705 3165 1006 3220 ἀνάστασιν
1026 3179 1040 3194 ⁶
1078 3167 1146 3237 τῇ
1177 3165 1235 3218 δὲ
1263 3167 1559 3222 ἀναστάσει
1591 3126 1872 3236 ἀφθάράία
1908 3169 2002 3222 καὶ

2107 3167 2192 3237 est
2217 3155 2380 3212 nobis
2407 3145 2874 3207 resurrectionem
2898 3159 2914 3207 ;
2945 3133 3340 3194 resurrectioni
3376 3137 3560 3186 autem
3589 3126 3693 3180 im-

410 3257 684 3319 ἀθανασία
715 3257 1096 3322 συνέζευκται,
1125 3259 1182 3311 ἐν
1263 3257 1500 3330 ὑπάρχει
1525 3257 1620 3314 καὶ
1644 3261 1677 3330 ή
1699 3258 1808 3314 τῶν
1829 3259 1998 3313 πατέ-

415 3367 530 3422 ρων
579 3350 738 3422 ήμῶν
778 3347 1178 3418 ἐπαγγελθείσα
1227 3348 1317 3402 διὰ
1363 3351 1598 3414 πίστεως
1639 3351 2000 3420 ἀτελευτήτου

415 3441 767 3506 κατάπαυσις
801 3441 894 3496 καὶ
924 3439 1038 3511 ζωὴ
1065 3438 1284 3503 αἰώνιος
1309 3479 1326 3505 ,
1377 3441 1474 3494 καὶ
1526 3441 1746 3494 πάντων
1777 3413 2004 3495 τῶν-διὰ

415 3531 518 3600 τῆς
547 3531 739 3602 ὁμοίας
767 3530 1002 3592 πίστεως
1033 3527 1365 3594 ἐλπιζόντων
1392 3532 1472 3592 εἰς
1497 3530 1590 3584 τὸν
1614 3529 1821 3602 Κύριον
1841 3531 2004 3602 ἡμῶν

429 3622 642 3693 Ἰησοῦν
686 3621 926 3692 Χριστὸν
976 3620 1066 3675 τὸν
1118 3621 1248 3675 Υίδν
1295 3620 1416 3679 τοῦ,
1443 3621 1580 3676 Θεοῦ
1609 3637 1622 3652 ·
1685 3623 1736 3676 εἰ
1782 3621 1892 3692 γὰρ
1938 3617 2008 3693 ἦν

419 3714 483 3766 ἐν
515 3685 877 3784 Ἰερουσαλὴμ
923 3713 958 3784 ἡ
997 3709 1182 3765 τελεία
1229 3711 1611 3778 κατάπαυσις,
1667 3714 1748 3773 είς
1793 3685 2010 3783 ἐκείνην

421 3805 638 3879 Ἰησοῦς
665 3806 762 3860 τοῦ
785 3807 944 3878 Ναυῆ
968 3807 1116 3878 ἡμᾶς
1143 3805 1514 3862 κατέπαυσενσ
1547 3806 1663 3860 ἀλλ’
1685 3806 1786 3861 οὐκ
1811 3806 2012 3860 ἔδωκεν

425 3901 458 3952 ὁ
509 3897 772 3980 Θεὸς.τῷ
828 3897 1080 3969 Ἀϐραὰμ
1146 3897 1205 3951 ἐν
1259 3898 1398 3970 αὐτῇ
1456 3896 1843 3970 κληρονομίαν,
1892 3896 2015 3951 οὐδὲ

431 3990 583 4062 βῆμα
634 3989 824 4056 ποδὸς,
877 3989 998 4044 οὐδὲ
1045 3992 1158 4053 τοῖς
1186 3987 1396 4042 ἐκείνου
1427 3988 1636 4052 τέκνοις
1668 3989 1780 4050 τοῖς
1808 3986 1898 4040 διὰ
1925 3985 2016 4040 πί-

441 4099 616 4146 στεως
648 4081 796 4153 αὐτῷ
827 4083 854 4135 ὁ
883 4081 1258 4153 ὡμοιωμένοις
1289 4079 1616 4134 δέδωκεν”ἐν
1647 4079 1785 4150 αὐτῇ
1818 4079 2018 4149 κληρο-

430 4173 635 4242 νομίαν
685 4173 986 4234 είςκαίῶνα
1008 4188 1022 4204 ο
1075 4171 1229 4228 me
1251 4153 1645 4243 παροικοῦντες
1673 4172 1730 4224 ἐν
1755 4171 1896 4242 αὐτῇ
1923 4169 2021 4224 καὶ

433 4267 532 4319 ἐπὶ
565 4267 700 4320 πᾶσι
725 4265 782 4318 δέ
813 4265 1168 4338 προσκαίρως
1196 4263 1308 4318 τῶν
1336 4259 1440 4318 ὧδε
1471 4261 1874 4334 μετερχόμεθα·
1903 4263 2024 4316 ἐκεῖ

434 4356 497 4411 δὲ
528 4357 766 4428 ὑπάρχει
815 4359 848 4429 ἡ
883 4357 1244 4427 ἀτελεύτητος
1297 4355 1670 4420 κατάπαυσις,
1702 4354 1895 4426 ἥντινα
1925 4353 2022 4408 καὶ

436 4450 954 4522 κληρονομήσαντες
987 4449 1039 4502 oi
1067 4447 1403 4510 ἀκούσαντες
1449 4449 1516 4518 τῇ
1551 4445 1730 4498 πίστει
1761 4447 2021 4516 σήμερον,

2101 3232 2410 3306 mortalitas
2477 3249 2534 3297 et
2589 3235 2938 3304 incorruptio
2993 3231 3430 3300 coniunguntur,
3475 3221 3532 3276 in
3583 3234 3694 3290 qua

2104 3347 2320 3408 constat
2347 3344 2565 3408 patrum
2599 3337 2918 3386 nostrorum
2937 3321 3208 3394 promissa
3240 3333 3340 3388 per
3377 3313 3540 3368 ﬁdem
3560 3326 3694 3382 per-

2105 3439 2270 3504 petua
2303 3423 2526 3494 requies
2549 3430 2607 3476 et
2642 3419 2754 3472 vita
2785 3425 3012 3474 aeterna,
3063 3417 3116 3464 et
3151 3404 3410 3461 omnium
3447 3397 3544 3470 qui
3593 3409 3697 3468 per

2109 3516 2530 3579 similitudinem
2586 3510 2714 3565 ﬁdei
2749 3510 2976 3578 sperant
3013 3502 3069 3556 iu
3101 3495 3396 3554 Dominum
3438 3497 3696 3546 nostrum

2107 3617 2294 3674 Jesum
2319 3602 2812 3666 Clu-istumFilium
2835 3595 2954 3653 Dei.
2985 3593 3040 3650 Si
3063 3590 3211 3648 enim
3234 3587 3424 3644 fuisset
3453 3583 3508 3638 in
3537 3580 3698 3636 Jeru-

2099 3695 2284 3765 ‘salcm
2314 3699 2563 3775 perfecta
2595 3693 2842 3764 requies,
2870 3688 2928 3743 in
2960 3687 3051 3744 illa
3079 3684 3209 3740 J‘csu
3240 3679 3390 3734 (ilius
3415 3673 3566 3730 Nave
3598 3683 3703 3725 nos

2115 3758 2404 3871 quiescere
2436 3758 2702 3852 fecisset}
2734 3783 2830 3838 sed
2864 3795 2974 3834 non
3017 3773 3172 3830 dedit
3204 3772 3349 3826 Deus
3379 3761 3614 3820 Abrahae
3641 3758 3704 3812 in

2117 3857 2209 3949 illa
2271 3883 2653 3942 bzercditatem
2707 3887 2888 3945 neque
2951 3866 3248 3936 vestigium
3295 3857 3474 3931 pedis,
3519 3864 3705 3922 neque

2117 3941 2238 4054 ejus
2273 3941 2402 4032 liliis
2423 3973 2516 4044 qui
2547 3985 2646 4041 per
2671 3941 2834 4022 [idem
2861 3959 2941 4018 illi
2972 3957 3180 4014 similes
3211 3949 3340 4007 facti
3373 3953 3523 4010 sunt,
3550 3941 3710 3998 dedit

2119 4033 2177 4130 in
2201 4073 2294 4128 illa
2323 4033 2708 4124 limreditatem
2754 4060 2810 4112 in
2855 4051 3152 4112 saeculum;
3197 4043 3295 4100 sed
3337 4035 3598 4110 inquilini
3647 4033 3708 4089 in

2120 4185 2186 4226 ea
2216 4175 2275 4221 et
2304 4163 2361 4218 in
2387 4157 2652 4222 omnibus
2699 4149 2858 4207 brevi
2893 4157 3142 4214 tempore
3188 4136 3322 4192 hinc.
3347 4129 3707 4188 excedimus;

2121 4259 2238 4315 illic
2267 4264 2352 4310 est
2382 4257 2651 4322 perpetua
2679 4241 2921 4312 requies,
2949 4248 3116 4307 quam
3165 4224 3564 4286 lrazreditantur
3613 4214 3711 4286 qui
3761 4241 3768 4290 ξ

2125 4348 2234 4404 ﬁde
2283 4342 2585 4400 audierunt
2635 4331 2822 4396 hodie,
2877 4323 3183 4384 secundum
3238 4315 3486 4372 divinum
3527 4313 3713 4363 vatem

2123 4435 2299 4494 David
2318 4433 2386 4498 ⁸⁸,
2435 4440 2616 4497 neque
2659 4394 2917 4477 obdurati
2958 4422 3091 4470 sunt
3130 4408 3316 4469 corde,
3360 4411 3422 4458 ut
3469 4394 3714 4468 improbi

439 4485 952 4522 ιηιηιννυμηυωυς,
987 4485 1039 4502 υ.
1067 4485 1400 4510 “Non”...
1461 4485 1516 4518 ..η
1558 4485 1730 4498 ων.-.
1761 4485 1996 4516 -..μ-,γυ

437 4543 586 4598 κατὰ
605 4543 697 4596 τὸν
722 4542 864 4596 θετον
887 4541 1070 4608 Δαόὶδ,
1095 4540 1190 4594 καὶ
1217 4540 1292 4612 μὴ
1315 4532 1692 4610 σκληρυνθῶσι
1713 4540 1779 4610 τῇ
1804 4537 2002 4608 καρδίᾳ

2096 4541 2105 4582 ι
2135 4525 2390 4603 patresin
2407 4513 2830 4576 exacerbatione
2853 4503 3158 4564 secundum
3189 4499 3335 4554 diem
3368 4485 3712 4548 tentationis.

441 4635 521 4700 ὡς
569 4636 621 4689 οἱ
660 4634 888 4706 πονηροὶ
915 4633 1152 4705 πατέρες
1201 4635 1260 4686 ἐν
1289 4631 1368 4700 τῷ
1395 4627 1856 4702 παραπικρασμῷ
1890 4628 2031 4684 κατὰ

441 4727 546 4798 τὴν
573 4726 786 4802 ἡμέραν
815 4725 908 4780 τοῦ
936 4718 1283 4797 πειρασμοῦ·’
1303 4722 1494 4794 ὥσπερ
1519 4721 1628 4793 γάρ
1655 4722 1851 4776 ἐκεῖνοι
1882 4721 1939 4773 ἐν
1963 4722 2030 4791 τῇ

444 4818 701 4892 παρούσῃ
759 4816 1082 4890 προσκαίρῳ
1131 4814 1480 4891 καταπαύσει
1528 4814 1628 4868 οὐκ
1672 4811 1922 4883 εἰσῆλθον
1955 4811 2034 4864 δι’

2129 4624 2202 4681 Ut
2231 4618 2380 4676 enim
2411 4611 2490 4668 illi
2523 4610 2578 4664 in
2607 4611 2936 4678 praesentem
2969 4607 3026 4652 et
3051 4595 3277 4649 brevem
3307 4584 3559 4656 requiem
3600 4593 3714 4633 non

2099 4706 2468 4770 introierunt
2499 4701 2571 4756 ob
2607 4690 3077 4754 incredulitatem,
3113 4683 3210 4740 sed
3243 4677 3491 4736 membra
3518 4683 3719 4727 eorum

2119 4799 2460 4864 'eecidcrunt
2488 4796 2542 4849 in
2571 4792 2816 4852 deserto,
2843 4783 2946 4854 pro
2977 4779 3112 4852 ipsis
3135 4781 3325 4830 autem
3375 4764 3718 4822 introierunt

447 4912 736 4977 ἀπιστίας,
771 4910 908 4964 ἀλλὰ
935 4910 1005 4964 τὰ
1030 4908 1181 4962 κῶλα
1207 4907 1388 4962 αὐτῶν
1416 4906 1610 4960 ἔπεσον
1641 4907 1698 4958 ἐν
1725 4907 1790 4976 τῇ
1819 4904 2032 4977 ἐρήμῳ,
2134 4901 2192 4956 in
2218 4897 2230 4951 i

450 5003 568 5059 ἀντ’
599 5001 825 5056 ἐκείνων
855 4999 913 5054 δέ
942 4998 1194 5070 εἰσῆλθον
1224 4999 1282 5050 ἐν
1309 4997 1447 5070 αὐτῇ
1481 4997 1531 5050 οἱ
1561 4995 1794 5049 ἐκείνων
1822 4994 2033 5056 παῖδες,

451 5093 628 5158 οὕτως
663 5096 719 5148 ἐν
746 5095 812 5165 τῇ
840 5092 1035 5164 αῑωνίᾳ
1063 5089 1408 5146 καταπαύσει
1437 5092 1505 5162 τῇ
1530 5085 1927 5157 ἐπαγγελθείσῃ
1956 5084 2044 5138 διὰ

458 5187 730 5258 στόματος
771 5185 935 5240 Δαόὶδ
971 5183 1125 5256 παρᾶ
1155 5181 1250 5236 τοῦ
1285 5180 1458 5248 Θεοῦ,
1514 5183 1711 5235 ἐκεῖνοι
1734 5177 2044 5246 ὀφείλουσιν

462 5283 522 5334 ἐν
559 5281 628 5351 τῇ
673 5277 972 5332 ἀναστάσει
1022 5275 1286 5329 εἰσελθεῖν
1332 5277 1392 5328 ἐν
1429 5273 1600 5344 αὐτῇ,
1634 5274 1681 5325 οἱ
1712 5269 2046 5334 ἀκούσαντες

459 5370 558 5424 νῦν
587 5369 680 5426 τόν
705 5369 863 5439 λόγον
890 5369 990 5441 τῆς
1017 5367 1255 5430 πίστεως
1274 5405 1289 5431 ,
1339 5365 1399 5420 ὃν
1443 5364 1724 5435 δεξάμενοι
1763 5360 2046 5431 φωτισθῶ·

465 5477 552 5518 σιν
575 5479 588 5493 ·
637 5464 686 5516 οἱ
715 5461 774 5516 δέ
806 5461 1208 5530 ἀπιστήσαντες
1245 5457 1447 5512 καὶτὸν
1473 5457 1606 5511 Θεὸν
1635 5453 2005 5526 πειράζοντες,
2045 5467 2124 5534 εις

534 5554 706 5609 Τοῦτο
729 5554 786 5608 δὲ
819 5554 894 5626 μὴ
937 5555 1183 5622 ἆγνοεῖτε
1216 5552 1297 5606 ὅτι
1326 5551 1375 5605 oi
1402 5549 1636 5620 πατέρες
1662 5546 1817 5621 ὑμῶν
1847 5547 2046 5610 πάντες

463 5645 571 5701 ὑπὸ
597 5645 699 5711 τὴν
724 5645 957 5718 νεφέλην·
981 5641 1147 5716 ἦσαν,
1175 5643 1270 5700 καὶ
1298 5642 1498 5707 πάντες
1526 5640 1615 5696 διὰ
1642 5639 1741 5710 τῆς
1769 5637 2046 5709 θαλάσσης

511 5822 560 5854 ⁸³
590 5819 732 5876 Ινοο1.
771 5833 879 5882 ιιιι,
922 5815 1022 5873 5-8
1050 5831 1064 5882 ;
1123 5811 1290 5870 llebr.
1323 5827 1383 5880 ιι,
1411 5807 1445 5864 θ
1475 5809 1526 5866 8.
1603 5806 1648 5842 ⁸³
1680 5802 1846 5860 llebr.
1886 5813 1948 5868 ll,
1973 5797 2028 5858 9.
2063 5878 2074 5884 _

2139 4991 2254 5048 Deo
2281 5001 2380 5059 per
2409 4997 2472 5038 os
2501 4975 2672 5035 David
2709 4967 3061 5044 promissam,
3093 4958 3171 5014 illi
3215 4957 3270 5010 in
3305 4945 3721 5008 resurrectione

3387 5042 3514 5059 ικ.--.
3572 5034 3694 5059 12.1-:

2140 5034 2402 5139 itttraluri
2429 5079 2580 5135 sunt,
2631 5065 2726 5138 qui
2759 5059 3058 5118 audierunt
3101 5062 3248 5105 nunc
3287 5042 3518 5098 verbum
3572 5034 3722 5100 lidci,

2142 5188 2253 5246 quo
2281 5175 2506 5238 recepto
2541 5155 2840 5217 illuminati
2883 5159 3049 5214 sunt;
3092 5142 3188 5216 qui
3229 5145 3413 5194 autem
3450 5147 3558 5188 non
3601 5143 3725 5184 (ει-οη

2145 5232 2498 5319 (ίίᾱοι-υιιιέι
2527 5255 2701 5308 Deum
2732 5247 3109 5303 tcnlaverunt,
3143 5237 3198 5291 in
3234 5235 3416 5304 ignem
3451 5232 3724 5280 :cternum

2150 5357 2440 5412 mittentur
2466 5357 2732 5404 aeternum
2766 5333 3053 5411 puniendi.

2155 5447 2268 5518 πῦρ
2297 5443 2513 5498 αἰώνιον
2539 5429 3062 5502 άποπεμφθήσονται
3092 5418 3326 5480 αἱωνίως
3353 5405 3726 5480 κολαζόμενοι.

2215 5513 2333 5594 [loc
2359 5541 2542 5590 autem
2573 5544 2686 5584 non
2722 5519 2990 5597 ignoratis
3033 5523 3220 5587 patres
3266 5517 3481 5564 vestros
3533 5513 3730 5558 omnes

2156 5632 2260 5693 sub
2295 5629 2440 5686 nube
2467 5625 2637 5681 fuisse
2664 5628 2721 5678 et
2745 5629 2938 5675 omnes
2983 5625 3084 5683 per
3130 5618 3281 5662 mare
3321 5597 3631 5660 transiisse,

3670 5599 3736 5648 et

2104 5793 2156 5830 ⁸⁸
2183 5790 2382 5866 Ειιιιιοε.
2411 5805 2449 5861 ι,
2489 5787 2582 5846 21.
2689 5786 2740 5820 "
2771 5779 2936 5840 Hebr.
2981 5796 3037 5849 ιι,
3072 5784 3127 5846 3.
3202 5772 3413 5831 “Ps-sl.
3469 5782 3610 5837 χειν,
3639 5767 3701 5824 8.
3763 5810 3785 5834 ,
