4098 6456
473 394 611 462 ῙῘΞὸἸ

1675 402 1736 462 S.
1775 399 2178 462 ANASTASII
2219 399 2547 460 SlN-AITE

3608 404 3738 470 ιεθε

995 465 1012 494 ο

470 525 664 568 omnes
692 511 746 566 in
777 509 956 584 lluysc
983 511 1294 582 baptizatos
1317 529 1436 570 esse
1469 514 1524 568 in
1551 514 1698 569 nube
1730 523 1786 569 et
1815 514 1870 568 in
1897 513 2058 579 mari,

2181 511 2400 584 ἰιῆλοον,
2415 512 2510 567 καὶ
2531 513 2734 575 πάντες
2753 512 2832 575 είς
2852 509 2941 566 τὸν
2960 507 3203 584 Μ’ωὒσῆν
3225 513 3588 572 ἐϐαπτίσαντο
3607 522 3662 574 ἐν
3679 527 3740 594 τῇ

469 610 744 662 et'omncs
768 605 1018 659 camdrm
1050 621 1232 661 escam
1261 607 1601 677 spiritualem
1621 606 2059 668 manducavisse,

471 703 742 752 etonmes
773 697 1029 752 eumdem
1064 710 1254 768 potum
1288 699 1632 770 spiritualem
1665 699 1896 764 bibisse;
1927 717 1944 748 ι
1974 697 2063 752 Bi-

473 787 682 843 bebant
727 797 912 843 autem
946 789 1012 844 de
1039 791 1313 860 spirituali
1341 797 1606 862 sequente
1631 804 1728 844 eos
1751 797 1930 859 petra,
1967 805 2064 860 pe-

477 895 562 936 tra
613 891 797 936 autem
851 891 972 937 erat
1016 882 1280 939 Christus
1301 881 1406 936 ν’.»
1471 883 1596 939 llmc
1649 891 1834 937 autem
1892 881 2064 952 ﬁgura

477 981 794 1028 nostrarum
851 988 1038 1028 rerum
1085 983 1233 1028 sunt.
1289 973 1437 1028 Mare
1475 973 1622 1027 enim
1657 971 1928 1044 ﬁgurabat
1964 972 2064 1026 ba-

477 1063 813 1134 pti~terium,
868 1064 1047 1120 nubes
1090 1065 1318 1137 gratiam
1348 1063 1609 1134 Spiritus,
1643 1061 1857 1135 Moyses
1883 1078 2070 1118 sacer-

477 1157 689 1220 dotem,
723 1157 874 1228 virga
900 1173 1154 1224 crucem;
1187 1155 1508 1227 ingrediens
1530 1155 2066 1211 autemettransiens

477 1249 646 1302 l;rael
680 1248 990 1318 baptizatos
1021 1248 1366 1322 designabat,
1405 1255 1800 1317 persequentes
1824 1243 2065 1316 Egyptii

477 1343 777 1396 «immunes,
828 1340 943 1406 ipse
993 1355 1126 1393 vero
1176 1340 1391 1396 Pharao
1439 1339 1613 1410 figura
1667 1347 1786 1393 erat
1833 1337 2064 1392 diaboli.

479 1429 618 1481 Post‘
640 1427 935 1483 transitum
967 1431 1113 1484 enim
1169 1431 1430 1486 lsraelitaa
1479 1429 1858 1501 Aigyptiorum
1905 1437 2066 1498 pote-

479 1525 618 1570 state
653 1519 868 1570 liberati
919 1531 1069 1584 sunt,
1131 1532 1187 1575 et
1224 1536 1422 1574 manna
1463 1521 1532 1574 de
1563 1521 1704 1574 cmlo
1733 1529 2069 1588 acceperunt

482 1619 740 1678 tanquam
785 1619 971 1679 typum
1007 1613 1302 1682 quemdam
1338 1613 1580 1668 coalestis
1616 1613 1775 1682 panis
1819 1611 2070 1682 corporis

478 1697 708 1752 Christi.
747 1697 1073 1754 lmitabatur
1100 1709 1284 1753 autem
1313 1707 1467 1770 petra
1495 1699 1710 1755 Domini
1743 1700 1918 1766 latus;
1957 1715 2071 1754 ma—

2163 604 2363 677 νεφέλῃ
2411 605 2507 660 καὶ
2538 607 2598 658 ἐν
2625 607 2706 676 τῇ·
2724 603 2992 676 Θαλάσσῃ.
3021 607 3114 658 καὶ
3139 605 3343 670 πάντες
3364 607 3425 661 τὸ
3447 609 3581 662 αὐτὸ
3607 611 3744 682 βρῶ-

2168 713 2245 768 μα
2281 696 2652 766 πνευματικὸν
2699 695 2932 766 ἔφαγον,
2981 698 3076 752 καὶ
3124 699 3324 764 πάντες
3354 700 3412 755 τδ
3442 702 3576 756 αὑτδ
3602 705 3747 774 πόμα

2165 787 2538 859 πνευματικὸν
2555 787 2727 842 ἔπιοψ
2751 809 2770 841 ι
2783 789 3008 843 Ἔπινον
3027 790 3136 862 γὰρ
3154 793 3218 845 ἐκ
3241 796 3614 866 πνευματικῆς
3632 797 3750 850 ἁκο-

2164 877 2466 949 λουθούσης
2497 878 2726 950 πέτρας,
2760 881 2794 950 ἡ
2825 879 2884 934 δέ
2915 881 3090 952 πέτρα
3117 877 3187 956 ἦν
3217 882 3246 934 6
3273 883 3564 954 Χριστός.ι
3605 886 3747 941 Ταῦ-

2165 988 2234 1025 τα
2257 971 2315 1024 δέ
2344 971 2536 1038 τύπος,
2564 974 2720 1042 φησὶ,
2751 973 2862 1025 τῶν
2893 973 3176 1046 ὑμετέρων
3201 975 3416 1028 ἐκεῖναο
3448 978 3483 1047 ή
3513 975 3751 1033 θάλασσα

2167 1063 2276 1134 γὰρ
2305 1065 2561 1133 ἐμιμεῖτο
2587 1065 2689 1135 τὴν
2717 1064 3132 1136 κολυμϐήθραν,
3161 1068 3194 1138 ἡ
3227 1067 3286 1121 δὲ
3313 1067 3512 1140 νεφέλη
3543 1069 3640 1141 τὴν
3662 1071 3752 1140 χά-

2171 1173 2258 1227 ριν
2285 1155 2380 1208 τοῦ
2412 1155 2753 1227 Πνεύματος,
2785 1159 2813 1211 6
2843 1159 3085 1227 Μωῦσῆς
3110 1159 3166 1213 δέ
3193 1159 3284 1214 τδν
3309 1161 3482 1230 ἱερέα,
3507 1162 3542 1233 ἡ
3569 1161 3753 1234 ῥάϐδος

2168 1249 2226 1302 δὲ
2261 1249 2350 1301 τὸν
2387 1249 2655 1318 σταυρὸν,
2705 1251 2732 1303 6
2766 1250 2826 1304 δὲ
2867 1249 3096 1304 διελοὼν
3137 1252 3234 1306 καὶ
3264 1252 3516 1324 περάσας
3546 1255 3754 1327 Ἰσραὴλ

2169 1341 2296 1404 τοὺς
2321 1339 2756 1410 βαπτιζομένους
2775 1341 3134 1413 μιμούμενος,
3150 1343 3200 1394 οί
3220 1343 3277 1396 δέ
3295 1341 3588 1409 διώκοντες
3601 1345 3755 1416 Αίγύ-

2171 1445 2316 1484 πτιοι
2349 1431 2520 1484 τύπον
2552 1430 2660 1484 τῶν
2687 1432 2962 1501 δαιμόνων
2995 1433 3292 1503 ἐπλήρουν,
3327 1435 3494 1498 αὐτὸς
3521 1437 3578 1490 δὲ
3607 1439 3634 1490 6
3656 1439 3754 1490 Φα-

2175 1519 2290 1590 ραὼ
2321 1520 2485 1573 εἰκὼν
2513 1517 2581 1591 ἦν
2611 1521 2704 1574 τοῦ
2730 1522 2980 1576 διαϐόλου
3009 1540 3023 1554 ο
3071 1525 3210 1594 μετὰ
3236 1527 3348 1597 γὰρ
3381 1525 3482 1595 τὴν
3511 1527 3752 1582 διάϐασιν

2169 1612 2220 1663 oi
2255 1610 2590 1683 Ἰσραηλῖται
2624 1611 2725 1680 τῆς
2759 1613 2874 1666 τῶν
2901 1616 3218 1684 Αἰγυπτίων
3247 1617 3574 1682 δυναστείας
3604 1621 3754 1692 illau-

2173 1701 2530 1774 οερὼοησαν·
2589 1705 2687 1758 καὶ
2736 1705 2800 1758 τὸ
2847 1707 3025 1776 μάννα
3073 1708 3370 1780 οὐρανόθεν
3409 1709 3488 1774 ὡς
3524 1711 3583 1765 ἐν
3611 1712 3752 1786 τύπῳ

483 1790 634 1844 navit
675 1791 824 1846 enim
879 1799 1080 1860 praeter
1119 1806 1272 1860 spem
1317 1791 1490 1874 rivus.
1524 1791 1592 1845 Et
1627 1790 1773 1846 idem
1821 1792 1928 1846 fuit
1958 1791 2068 1846 illis

2181 1794 2278 1846 τινὶ
2329 1793 2424 1848 τοῦ
2472 1795 2728 1866 οὐρανίου
2769 1797 2936 1866 ἄρτου
2982 1797 3078 1852 τοῦ
3118 1798 3376 1870 σώματος
3403 1799 3501 1854 τοῦ
3528 1802 3750 1874 Χριστοῦ

483 1893 638 1952 petra
660 1883 808 1954 quod
837 1883 1000 1938 nobis
1026 1881 1280 1938 Christus
1305 1901 1320 1949 ;
1369 1867 1710 1954 sequebatur
1758 1893 1942 1940 autem
1970 1898 2068 1939 eos

2181 1883 2448 1950 ἐδέξαντο*
2481 1853 2738 1956 ἐμιμεῖτο
2766 1853 2822 1942 δέ
2851 1891 2945 1943 καὶ
2974 1891 3007 1961 ή
3038 1853 3753 1965 πέτραῆτὴνποῦ

483 1990 591 2029 non
635 1983 811 2044 petra,
850 1973 947 2029 sed
973 1975 1148 2046 gratia
1183 1974 1374 2030 divina
1399 1974 1608 2031 Christi
1655 1976 1780 2031 Filii
1815 1986 1872 2032 et
1897 1975 2066 2032 Verbi

481 2067 602 2129 Dei,
633 2081 754 2136 qum
781 2076 994 2136 petram
1025 2067 1174 2122 illam
1207 2075 1400 2123 contra
1444 2071 1665 2122 omnem
1703 2081 1857 2138 spem
1889 2081 2066 2138 aqua-

483 2175 607 2212 rum
649 2159 908 2216 emittere
948 2160 1099 2218 rivos
1135 2160 1404 2228 faciebat;
1443 2161 1652 2217 etenim
1692 2162 1737 2217 si
1779 2170 1934 2232 petra
1972 2177 2072 2217 eos

483 2261 834 2322 sequeretur,
887 2259 984 2306 aut
1053 2252 1159 2308 rivi
1211 2269 1242 2309 e
1295 2265 1476 2326 petra,
1539 2254 1822 2326 quomodo
1865 2255 2068 2310 iterum

481 2344 759 2413 eguissent
788 2343 974 2400 divina
1001 2359 1270 2415 aquarum
1301 2346 1630 2418 largitione?

2174 1978 2419 2050 πλευράν
2443 1995 2458 2010 ο
2514 1979 2780 2034 ἁνέὸλυσε
2820 1982 2933 2052 γὰρ
2975 1982 3138 2042 εὐθὺς
3172 1985 3304 2055 παρ’
3331 1983 3532 2040 ἐλπίδα
3571 1986 3642 2041 τὰ
3666 1989 3753 2042 νά-

2176 2087 2324 2142 ματα
2349 2088 2362 2102 ·
2421 2072 2514 2126 καὶ
2561 2071 2722 2126 τοῦτο
2762 2069 2831 2143 ἦν
2877 2057 3188 2157 ἐκείνοιςλὴ
3227 2075 3409 2150 πέτρα
3453 2078 3590 2151 ὅπερ
3627 2081 3749 2150 ἡμῖν

2172 2162 2202 2216 6
2245 2162 2486 2234 Χριστός
2507 2179 2522 2196 ο
2581 2163 2872 2234 ἠκολούθει
2913 2165 2970 2220 δὲ
3023 2167 3116 2220 καὶ
3149 2168 3339 2236 αὑτοῖς
3374 2170 3476 2243 οὑχ
3507 2172 3542 2242 ἡ
3571 2171 3754 2242 πέτρα,

2175 2253 2295 2308 ἀλλ’
2341 2257 2375 2328 ή
2427 2253 2546 2308 θεία
2586 2256 2750 2326 χάρις
2779 2255 3020 2328 Χριστοῦ
3053 2257 3148 2312 τοῦ
3179 2259 3314 2314 Υἱόῦ
3346 2263 3440 2314 καὶ
3468 2261 3639 2331 Λόγου
3671 2260 3757 2314 τοῦ

2177 2346 2337 2406 Θεοῦ,
2374 2349 2410 2418 ἡ
2442 2349 2537 2402 καὶ
2569 2348 2670 2416 τὴν
2701 2349 2910 2419 πέτραν
2939 2349 3160 2420 ἐκείνην
3199 2351 3333 2424 παρ’
3360 2351 3556 2407 ἐλπίδα
3590 2354 3758 2406 πᾶσαν

482 2437 763 2506 ἀναδεῖξαι
813 2437 884 2491 τὰ
929 2441 1122 2512 ρεἰυρα
1164 2441 1272 2494 τῶν
1305 2439 1518 2494 ὑδάτων
1560 2441 2073 2513 παρασκευάσασα·
2115 2441 2166 2495 εί
2201 2441 2310 2514 γὰρ
2349 2441 2384 2512 ἡ
2455 2439 2634 2514 πέτρα
2701 2441 2886 2504 αὐτοῖς
2916 2442 3228 2514 ἠκολούθει,
3264 2443 3298 2518 ἣ
3335 2445 3408 2501 τὰ
3439 2444 3543 2516 τῆς
3569 2445 3760 2516 πέτρας

485 2531 730 2600 νάματα,
767 2531 887 2595 πῶς
919 2525 1076 2594 αὖθις
1105 2531 1410 2604 ἐδεήθησαν
1442 2531 1656 2586 ὑδάτων
1681 2531 1780 2604 τὴν
1806 2531 1968 2586 θείαν¹
1982 2533 2145 2604 χάριν
2173 2548 2190 2598 ;
2763 2549 2789 2568 ··
3057 2552 3077 2568 α

548 2621 665 2679 Viri
691 2622 952 2678 Israelita:
980 2632 1036 2678 et
1065 2623 1158 2694 qui
1190 2623 1394 2680 timetis
1419 2625 1614 2692 Deum,
1639 2624 1826 2680 audite
1851 2643 1864 2678 :
1898 2624 2076 2680 «Deus

482 2717 650 2786 elegit
673 2720 862 2787 patres
887 2726 1104 2772 vestros
1133 2726 1188 2772 et
1218 2717 1435 2788 plebem
1464 2717 1727 2773 exaltavit
1757 2733 1883 2772 eum
1928 2727 2077 2774 esset

487 2809 664 2863 incola
690 2807 744 2864 in
773 2807 1028 2880 ngypto,
1061 2817 1117 2864 et
1148 2809 1202 2864 in
1229 2809 1460 2864 brachio
1489 2810 1708 2865 excelso
1731 2808 1922 2864 eduxit
1955 2824 2072 2874 eos,

484 2911 542 2957 et
593 2919 689 2974 per
719 2901 1082 2974 quadraginta
1133 2919 1404 2959 annorum
1445 2912 1665 2972 tempus
1702 2901 2077 2957 circumduxit

483 3011 585 3050 vos
616 2995 670 3050 in
702 2994 944 3063 deserto,
972 3005 1030 3051 et
1058 2990 1351 3052 destruens
1377 3003 1568 3066 gentes
1601 2995 1810 3066 septem
1843 2995 1896 3050 in
1929 3005 2076 3051 terra

484 3087 772 3153 Chanaan,
807 3085 959 3143 dedit
987 3081 1096 3154 illis
1132 3089 1184 3143 in
1211 3087 1589 3144 lnereditalem
1627 3097 1830 3143 terram
1857 3100 2074 3142 eorum.

487 3179 557 3235 Et
589 3188 777 3249 postea
801 3179 1222 3251 quadringentis
1245 3188 1303 3234 et
1330 3179 1732 3250 quinquaginta
1763 3178 1945 3244 annis,
1979 3177 2082 3233 de-

488 3269 808 3344 ditjudices
841 3287 1016 3343 usque
1043 3271 1109 3326 ad
1149 3271 1750 3343 SamueLprophetam.
1783 3271 1852 3325 Et
1879 3269 2081 3325 exinde

490 3366 920 3436 postulaverunt
964 3381 1173 3436 regem,
1205 3375 1262 3420 et
1287 3364 1441 3420 dedit
1480 3365 1564 3420 eis
1593 3364 1721 3420 Saul
1757 3363 1929 3420 lilium
1963 3362 2080 3429 Cis,

490 3456 672 3510 virum
720 3455 790 3510 de
837 3454 983 3511 tribu
1011 3455 1324 3531 _Benja'min
1369 3457 1531 3512 annis
1575 3455 1974 3526 quadraginta;
2025 3463 2082 3510 et

490 3557 678 3604 amoto
705 3549 821 3616 illo,
849 3549 1144 3605 suscitavit
1174 3565 1277 3620 pro
1312 3549 1408 3604 illo
1437 3547 1610 3604 David
1645 3549 1701 3602 in
1749 3564 1958 3619 regem,
1991 3545 2081 3602 cui

495 3642 878 3698 testimonium
910 3641 1212 3712 perbibens
1241 3641 1420 3698 dixit:
1460 3640 1653 3698 Inveni
1701 3641 1875 3696 David
1907 3641 2082 3696 ﬁlium

490 3735 666 3800 Iesse,
690 3737 872 3792 virum
897 3735 1205 3792 secundum
1228 3751 1324 3791 cor
1348 3746 1556 3802 meum,
1584 3734 1678 3806 qui
1701 3731 1866 3789 faciet
1888 3750 2086 3790 omnes

491 3829 810 3886 voluntates
843 3845 1014 3886 meas.
1049 3829 1228 3900 Hujus
1251 3818 1400 3885 Deus
1429 3844 1498 3886 ex
1523 3827 1736 3884 semine
1773 3826 2083 3884 secundum

492 3920 922 3990 promissionem
971 3919 1164 3975 eduxit
1215 3920 1450 3978 salutem
1503 3918 1695 3986 Israel,
1750 3917 2084 3990 praedicante

491 4013 702 4069 Joanne
737 4021 865 4068 ante
893 4011 1090 4068 faciem
1120 4013 1393 4068 adventus
1419 3993 1542 4082 ejus
1569 4011 1846 4083 baptisma
1905 4011 2086 4082 pumi-

493 4105 680 4161 Ientire
713 4105 922 4176 pepqu
952 4104 1142 4159 Israel.
1174 4102 1314 4159 Cum
1347 4103 1606 4174 impleret
1633 4111 1817 4158 autem
1841 4100 2088 4158 Joannes

492 4211 722 4254 cursum
741 4210 926 4259 suum,
947 4193 1168 4250 dicebat
1189 4212 1233 4248 ει
1257 4193 1431 4260 Quem
1460 4209 1546 4248 use
1567 4191 1916 4254 arbitramini
1939 4207 2086 4260 esse,

490 4306 606 4346 non
627 4305 748 4346 sum
773 4305 908 4362 ego;
939 4288 1035 4344 sed
1063 4305 1190 4344 ecce
1215 4287 1367 4344 venit
1387 4301 1511 4360 post
1531 4305 1619 4344 me
1645 4277 1804 4361 cujus
1828 4305 1941 4344 non
1962 4304 2085 4344 sum

492 4383 695 4454 «lignus
744 4383 1115 4439 calceamenta
1162 4381 1364 4454 pedum
1408 4381 1678 4438 solverem
1711 4381 1832 4436 Viri
1856 4379 2080 4446 fratres,
2107 4405 2162 4466 D

495 4475 594 4530 lilii
629 4473 850 4546 generis
877 4473 1137 4539 Abralue,
1171 4485 1225 4529 et
1273 4473 1366 4542 qui
1395 4473 1452 4528 in
1481 4473 1639 4528 vobis
1665 4473 1862 4528 timent
1883 4472 2082 4537 Deum,

491 4565 655 4620 vobis
678 4563 916 4632 verbum.
939 4563 1136 4620 salutis
1175 4564 1344 4635 hujus
1372 4563 1602 4626 missum
1650 4572 1755 4620 est.
1799 4561 1902 4630 Qui
1935 4562 2086 4618 enim

491 4655 1146 4714 haliitabantlcrusalcm
1173 4665 1230 4712 et
1258 4656 1540 4728 principes
1565 4656 1706 4728 ejus,
1743 4655 1895 4710 hunc
1933 4654 2090 4724 igno-

491 4759 680 4807 rantes
705 4759 765 4806 et
796 4765 962 4806 voces
995 4749 1419 4820 prophetarum,
1455 4764 1578 4818 qua:
1618 4764 1718 4819 per
1747 4763 1912 4803 omne
1951 4745 2089 4802 Sab-

491 4845 681 4900 l.atum
706 4843 990 4914 leguntur,
1015 4840 1334 4914 judicantcs
1355 4839 1762 4911 impleverunt;
1797 4848 1852 4894 et
1879 4839 2086 4893 nullam

490 4950 716 4992 (ausam
749 4933 946 4989 mortis
999 4931 1370 4998 invenientes,
1431 4933 1710 5001 petierunt
1748 4922 1780 4985 a
1811 4929 1988 4985 Pilato
2025 4935 2088 4984 ut

493 5030 870 5084 interficerent
900 5041 1052 5082 cum.
1091 5023 1344 5094 Cumque
1375 5031 1856 5078 consumma-ssent
1897 5021 2085 5078 omnia

493 5137 614 5189 quae
636 5120 704 5175 de
737 5135 807 5175 eo
837 5118 1044 5188 scripta
1069 5125 1248 5182 erant,
1279 5115 1624 5186 deponentes
1651 5131 1682 5170 e
1713 5114 1861 5186 ligno
1891 5129 2090 5185 posue-

493 5221 628 5266 runt
660 5211 716 5264 in
751 5219 1197 5266 monumentum.
1238 5209 1388 5265 Deus
1421 5223 1558 5265 vero
1590 5207 1878 5264 suscitavit
1905 5223 2032 5262 cum
2055 5222 2088 5262 a

337 5357 352 5372 ,
385 5291 398 5316 ³
494 5300 764 5366 mortuis;
797 5301 891 5372 qui
923 5301 1078 5357 visus
1106 5309 1192 5356 est
1223 5316 1323 5372 per
1347 5299 1616 5370 plurimos
1640 5299 1760 5354 dies
1787 5299 1841 5354 in
1875 5297 2088 5354 Sabbu-

494 5397 567 5450 tis
591 5409 786 5449 eorum
823 5412 852 5450 a
882 5393 1106 5452 Galilaea
1139 5394 1196 5449 in
1240 5393 1586 5460 Jerusalem;
1619 5393 1716 5463 qui
1763 5401 1932 5448 testes
1967 5394 2088 5463 ejus

491 5487 624 5546 facti
653 5494 784 5542 sunt
818 5489 872 5542 in
899 5487 1056 5558 plebe
1087 5489 1166 5557 (et
1196 5490 1249 5543 in
1282 5489 1570 5558 discipulis
1589 5489 1712 5561 ejus
1733 5487 2088 5558 elapostolis,

487 5591 622 5654 .|-ost
649 5583 1114 5638 resurrectionem
1138 5599 1294 5638 suam
1320 5584 1476 5639 visus
1489 5583 1686 5638 diebus
1703 5581 2087 5653 quadraginta,

499 5676 822 5746 relinquens
853 5693 979 5732 cum
1011 5678 1091 5732 eis
1123 5679 1192 5734 (lc
1227 5694 1397 5751 regno
1431 5679 1747 5749 emlorum),
1782 5677 1956 5749 quiet
1991 5691 2092 5730 no-

522 5802 533 5821 Ι
566 5854 610 5887 ⁸⁷
639 5854 660 5910 ι
688 5853 818 5912 Cur.
852 5869 906 5922 ι,
939 5851 1058 5909 1—6..

2255 2623 2482 2696 ’Ἄνδρες
2524 2625 2858 2698 Ἰσραηλῖται
2910 2625 3006 2680 καὶ
3045 2626 3096 2680 οξ
3125 2623 3462 2696 φοϐούμενοι
3499 2624 3590 2682 τὸν
3617 2626 3760 2696 Θεὸν,

2181 2717 2487 2773 ἀκούσατε·
2543 2717 2602 2772 '0
2632 2718 2764 2782 Θεὸς
2807 2717 3091 2788 ἐξελέξατο
3139 2721 3267 2784 τοὺς
3305 2718 3558 2790 πατέρας
3599 2719 3762 2790 ὑμῶν,

2181 2800 2278 2864 καὶ
2309 2808 2403 2863 τὸν
2432 2808 2561 2864 λαὸν
2592 2809 2808 2880 ὕψωσεν
2831 2811 2890 2864 ἐν
2917 2811 2982 2881 τῇ
3011 2809 3276 2882 παροικίᾳ
3307 2811 3370 2865 ἐν
3396 2813 3464 2881 τῇ
3489 2810 3761 2882 Αἰγύπτῳ,

2181 2903 2278 2958 καὶ
2333 2902 2474 2974 μετὰ
2523 2901 2812 2974 βραχίονος
2847 2902 3054 2974 ὑψηλοῦ
3089 2902 3366 2974 ἐξήγαγεν
3394 2903 3593 2969 αὐτοὺς
3615 2945 3631 2970 ,
3675 2905 3762 2958 καὶ

2181 2995 2258 3060 ὡς
2302 2995 2817 3068 τεσσαρακονταετῆ
2865 2996 3058 3068 χρόνον
3097 2997 3548 3068 ἐτροποφόρησεν
3579 2997 3762 3061 αὑτοὺς

2182 3089 2242 3162 ἐν
2274 3090 2339 3159 τῇ
2369 3089 2583 3160 ἐρήμῳ,
2622 3087 2718 3142 καὶ
2747 3087 2996 3142 καθελὼν
3029 3087 3158 3158 ἔθνη
3187 3086 3336 3141 ἐπτὰ
3366 3089 3427 3141 ἐν
3457 3091 3527 3160 γῇ
3554 3088 3762 3142 Χαναὰν

2183 3179 2734 3251 κατεκληρονόμησεν
2765 3179 2951 3244 αὑτοῖς
2981 3179 3081 3252 τὴν
3105 3181 3211 3252 γῆν
3238 3179 3426 3234 αὐτῶν
3447 3197 3462 3212 ·
3513 3179 3606 3234 καὶ
3637 3177 3762 3248 μετὰ

2181 3267 2359 3324 ταῦτα
2387 3269 2462 3334 ὼς
2487 3270 2639 3325 ἔτεσι
2663 3272 3040 3340 τετρακοσίοις
3071 3271 3166 3326 καὶ
3191 3273 3557 3343 πεντήκοντα,
3579 3269 3762 3324 ἔδωκεν

2183 3365 2378 3436 κριτὰς
2409 3363 2515 3426 ἓως
2539 3363 2797 3436 Σαμουὴλ
2827 3362 2920 3418 τοῦ
2949 3357 3256 3436 προ’φήτου”
3291 3364 3390 3418 καὶ
3417 3363 3762 3434 Exsiliumq-

2185 3471 2352 3510 σαντο
2382 3454 2610 3526 βασιλέα
2629 3495 2645 3516 ,
2693 3455 2791 3510 καὶ
2823 3455 3028 3510 ἔδωκεν
3055 3455 3242 3520 αὐτοῖς
3271 3457 3299 3510 6
3328 3455 3462 3520 Θεὸς
3492 3457 3581 3510 τὸν
3605 3451 3761 3507 Σαοὺλ

2185 3547 2301 3602 υἱον
2345 3550 2482 3612 Κὶς,
2539 3547 2711 3620 ἄνδρα
2758 3549 2823 3602 ἐκ
2867 3547 3043 3618 φυλῆς
3078 3547 3348 3618 Βενιαμὶν
3383 3545 3477 3619 ἔτη
3507 3544 3759 3617 τεσσαρά-

2185 3655 2388 3694 κοντα·
2437 3639 2532 3694 καὶ
2581 3639 2933 3712 μεταστήσας
2969 3639 3165 3705 αὑτὸν,
3213 3640 3444 3712 ἤγειρεν
3475 3639 3588 3694 ἀντ’
3613 3635 3758 3693 αὑτοῦ

2183 3729 2276 3784 τδν
2307 3729 2476 3783 Δαόῑδ
2501 3730 2582 3793 είς
2619 3728 2868 3801 βασιλέα,
2903 3721 2946 3797 ᾧ
2979 3729 3074 3782 καὶ
3105 3723 3228 3782 εἷπε
3261 3729 3642 3801 μαρτυρήσας·
3665 3720 3760 3781 Εὖ-

2187 3839 2282 3896 ρον
2310 3820 2478 3876 Δαδὶδ
2511 3823 2604 3875 τὸν
2636 3819 2732 3876 τοῦ
2771 3819 3004 3888 Ἰεσσαὶ,
3043 3821 3218 3894 ἄνδρα
3252 3823 3402 3876 κατὰ
3428 3821 3530 3894 τὴν
3556 3819 3759 3892 καρδίαν

2189 3933 2326 3988 μου,
2384 3914 2446 3980 ὃς
2493 3915 2718 3986 ποιήσει
2764 3913 2948 3970 πάντα
2978 3913 3048 3968 τὰ
3078 3900 3370 3985 θελήματά
3401 3931 3538 3986 μουο
3588 3912 3761 3967 τούτου

2185 4011 2214 4063 6
2247 4008 2382 4073 Θεὸς
2427 4007 2536 4062 ἀπὸ
2582 4007 2676 4062 τοῦ
2725 4009 3046 4079 σπέρματος
3079 4008 3203 4062 κατ’
3235 4007 3577 4078 ἐπαγγελίαν
3605 4007 3758 4078 Ιἤγαγε

2185 4099 2264 4172 τῷ
2302 4099 2522 4172 Ἰσραὴλ
2557 4093 2856 4171 σωτηρίαν,
2895 4100 3354 4171 προκηρύξαντος
3390 4100 3632 4159 Ἰωάννου
3666 4095 3758 4168 πρὸ

2185 4191 2482 4264 προσώπου
2533 4191 2633 4263 τῆς
2678 4190 2888 4245 εἰσόδου
2927 4189 3096 4244 αὑτοῦ
3142 4190 3436 4263 βάπτισμα
3496 4187 3760 4260 μετανοίκ

2185 4285 2267 4358 τῷ
2306 4285 2568 4359 Ἰσραήλ·
2619 4283 2696 4348 ὡς
2740 4281 2799 4338 δὲ
2849 4282 3094 4355 ἐπλήρου
3131 4279 3388 4354 Ἰωάννης
3437 4282 3529 4336 τὸν
3560 4282 3756 4352 δρόμον.

2187 4378 2374 4449 ἔλεγε²
2417 4397 2437 4430 ι
2467 4373 2604 4431 Τίνα
2623 4394 2691 4448 με
2725 4375 3003 4430 ὑπονοεῖτε
3033 4370 3204 4441 εἷναι;
3233 4377 3335 4430 οὑκ
3357 4375 3476 4446 εἰμὶ
3501 4373 3630 4446 ἐγώ·
3659 4369 3758 4426 ἀλλ’

2193 4467 2304 4524 ἰδοὺ
2336 4468 2565 4541 ἔρχεται
2603 4468 2720 4538 μετ’
2748 4467 2851 4538 ἐμὲ
2885 4461 2947 4522 οὗ
2978 4467 3080 4521 οὑκ
3109 4467 3230 4536 εἰμὶ⁸
3258 4467 3412 4534 ἄξιος
3443 4465 3505 4520 τὸ
3533 4465 3759 4532 ὑπόδημα

2189 4559 2298 4616 τῶν
2347 4558 2529 4614 ποδῶν
2574 4558 2756 4612 λῦσαι.
2790 4578 2808 4610 ι
2842 4558 3070 4630 Ἀνδρες
3134 4557 3384 4627 ἀδελφοὶ,
3443 4557 3549 4612 υἱοὶ
3594 4555 3760 4624 γένους

2202 4652 2460 4725 ’Ἀϐραὰμ
2510 4650 2608 4705 καὶ
2636 4650 2687 4705 οἱ
2720 4651 2778 4704 ἐν
2813 4651 2943 4722 ὑμῖν
2987 4648 3317 4720 φοσούμενοι
3347 4651 3441 4703 τὸν
3472 4649 3620 4712 Θεὸν,
3648 4645 3758 4712 ὑμῖν

2191 4747 2222 4800 6
2259 4741 2422 4816 λόγος
2453 4743 2553 4815 τῆς
2581 4741 2857 4814 σωτηρίας
2879 4740 3087 4814 ταύτης
3115 4741 3424 4813 ἀπεστάληο
3458 4743 3506 4794 οἱ
3534 4739 3634 4810 γὰρ
3655 4749 3760 4790 κατ·

2191 4838 2525 4909 οικὴσαντες
2564 4835 2788 4907 Ἰσραὴλ
2838 4833 2934 4888 καὶ
2971 4834 3022 4886 οἱ
3056 4835 3320 4906 ἄρχοντες
3355 4833 3558 4896 αὑτῶν,
3593 4827 3758 4883 τοῦτον

2186 4929 2564 5000 ἀγνοήσαντες
2613 4929 2712 4982 καὶ
2759 4927 2861 4990 τὰς
2911 4926 3096 4996 φωνὰς
3143 4923 3256 4981 τῶν
3295 4919 3593 4999 προφητῶν
3639 4918 3758 4974 κατὰ

2187 5025 2297 5078 πᾶν
2343 5019 2624 5076 Σάϐϐατον
2673 5019 3236 5090 ἀναγινωσκομένας,
3297 5023 3582 5091 κρίναντες
3609 5011 3754 5080 ἐπλή-

2189 5129 2394 5189 ρωσανο
2433 5115 2528 5168 καὶ
2561 5112 2838 5184 μηδεμίαν
2867 5113 3054 5166 αἰτίαν
3085 5109 3321 5168 θανάτου
3353 5111 3620 5180 εὑρόντες,
3643 5104 3755 5176 ᾔτη-

2191 5227 2293 5264 σαν
2317 5208 2409 5262 τὸν
2445 5206 2679 5263 Πιλάτου
2703 5207 3062 5277 ἀναιρεθῆναι
3104 5207 3289 5261 αὐτόν.
3334 5207 3420 5269 Ὠς
3443 5205 3497 5258 δὲ
3529 5200 3755 5255 ἐτέλεσαν

2200 5301 2384 5356 πάντα
2418 5299 2550 5372 περὶ
2577 5297 2747 5352 αὑτοῦ
2777 5298 3166 5370 γεγραμμένα,
3197 5297 3517 5360 καθελόντες
3551 5292 3650 5347 ἀπὸ
3673 5283 3752 5340 τοῦ

2200 5395 2358 5461 ξύλου
2393 5393 2601 5465 ἔθηκαν
2633 5393 2713 5476 είς
2744 5394 3011 5464 μνημεῖον
3030 5409 3042 5421 ·
3080 5395 3108 5446 ὁ
3133 5393 3189 5447 δὲ
3215 5392 3346 5456 Θεὸς
3373 5391 3590 5464 ἤγειρεν
3613 5380 3752 5476 αὑτδν

2197 5491 2264 5543 ἐκ
2313 5486 2560 5561 νεκρῶν’,
2605 5471 2856 5558 ὅς’ὧφθη
2890 5485 2985 5540 ἐπὶ
3013 5487 3229 5559 ἡμέρας
3257 5485 3470 5547 πλείους
3497 5483 3604 5542 τοῖς
3631 5471 3752 5530 2&5-

2199 5583 2360 5636 6acw
2393 5581 2576 5635 αὐτῶν
2609 5581 2718 5634 ἀπὸ
2743 5579 2845 5648 τῆς
2866 5579 3164 5646 Γαλιλαίας
3195 5581 3274 5645 είς
3310 5562 3754 5648 Ἰερουσαλὴμ.οβ

2197 5691 2345 5740 τινες
2383 5674 2663 5748 μάρτυρες
2696 5671 2864 5729 αὐτοῦ
2895 5672 3279 5743 γεγόνασιν’ἐν
3307 5671 3384 5743 τῷ
3409 5667 3519 5738 λαῷ
3547 5663 3632 5720 καὶ
3655 5655 3751 5717 τοῖς
