  <div class='ocr_page' id='page_1' title='image "/cluster/home/n/w/nwhite01/storage/ocr_20150623/89/coo.31924054869932/650.png"; bbox 0 0 4098 6478; ppageno 0'>
   <div class='ocr_carea' id='block_1_1' title="bbox 404 403 546 469">
    <p class='ocr_par' dir='ltr' id='par_1_1' title="bbox 404 403 546 469">
     <span class='ocr_line' id='line_1_1' title="bbox 404 403 546 469; baseline 0.014 -2"><span class='ocrx_word' id='word_1_1' title='bbox 404 403 546 469; x_wconf 68' lang='grc' dir='ltr'><strong>12ίῧ</strong></span> 
     </span>
    </p>
   </div>
   <div class='ocr_carea' id='block_1_2' title="bbox 1425 405 2700 472">
    <p class='ocr_par' dir='ltr' id='par_1_2' title="bbox 1425 405 2700 472">
     <span class='ocr_line' id='line_1_2' title="bbox 1425 405 2700 472; baseline 0.002 -5"><span class='ocrx_word' id='word_1_2' title='bbox 1425 405 1888 470; x_wconf 72' lang='grc' dir='ltr'><strong>ΒῙΞΡΙΞῚᾺΤΙΟ</strong></span> <span class='ocrx_word' id='word_1_3' title='bbox 1921 409 2326 472; x_wconf 66' lang='lat' dir='ltr'><strong>A-DVERSUS</strong></span> <span class='ocrx_word' id='word_1_4' title='bbox 2364 405 2700 472; x_wconf 60' lang='lat' dir='ltr'><strong>JUDJ‘IOS.</strong></span> 
     </span>
    </p>
   </div>
   <div class='ocr_carea' id='block_1_3' title="bbox 3557 393 3693 460">
    <p class='ocr_par' dir='ltr' id='par_1_3' title="bbox 3557 393 3693 460">
     <span class='ocr_line' id='line_1_3' title="bbox 3557 393 3693 460; baseline -0.029 0"><span class='ocrx_word' id='word_1_5' title='bbox 3557 393 3693 460; x_wconf 71' lang='lat'><strong>12:70</strong></span> 
     </span>
    </p>
   </div>
   <div class='ocr_carea' id='block_1_4' title="bbox 407 511 2004 595">
    <p class='ocr_par' dir='ltr' id='par_1_4' title="bbox 407 519 2002 595">
     <span class='ocr_line' id='line_1_4' title="bbox 407 519 2002 595; baseline -0.001 -18"><span class='ocrx_word' id='word_1_6' title='bbox 407 521 682 595; x_wconf 73' lang='grc' dir='ltr'><strong>μαθηταῖς</strong></span> <span class='ocrx_word' id='word_1_7' title='bbox 713 519 882 575; x_wconf 74' lang='grc' dir='ltr'>αὑτοῦ</span> <span class='ocrx_word' id='word_1_8' title='bbox 914 519 1008 575; x_wconf 74' lang='grc' dir='ltr'><strong>καὶ</strong></span> <span class='ocrx_word' id='word_1_9' title='bbox 1037 519 1384 586; x_wconf 83' lang='grc' dir='ltr'>ἀποστόλοις,</span> <span class='ocrx_word' id='word_1_10' title='bbox 1417 523 1556 594; x_wconf 86' lang='grc' dir='ltr'><strong>μετά</strong></span> <span class='ocrx_word' id='word_1_11' title='bbox 1578 525 1676 595; x_wconf 83' lang='grc' dir='ltr'><strong>τήν</strong></span> <span class='ocrx_word' id='word_1_12' title='bbox 1702 524 2002 581; x_wconf 77' lang='grc' dir='ltr'><strong>ἀνάστασιν</strong></span> 
     </span>
    </p>
   </div>
   <div class='ocr_carea' id='block_1_5' title="bbox 2108 511 3692 595">
    <p class='ocr_par' dir='ltr' id='par_1_5' title="bbox 2113 511 3692 582">
     <span class='ocr_line' id='line_1_5' title="bbox 2113 511 3692 582; baseline -0.009 -1"><span class='ocrx_word' id='word_1_13' title='bbox 2113 525 2197 581; x_wconf 87' lang='lat' dir='ltr'><strong>his</strong></span> <span class='ocrx_word' id='word_1_14' title='bbox 2225 527 2632 582; x_wconf 82' lang='lat' dir='ltr'><strong>nuntiaverunt</strong></span> <span class='ocrx_word' id='word_1_15' title='bbox 2676 533 2734 579; x_wconf 90' lang='lat' dir='ltr'><strong>et</strong></span> <span class='ocrx_word' id='word_1_16' title='bbox 2787 519 2946 576; x_wconf 74' lang='lat' dir='ltr'><strong>nobis</strong></span> <span class='ocrx_word' id='word_1_17' title='bbox 2991 515 3247 574; x_wconf 82' lang='lat' dir='ltr'><strong>similiter</strong></span> <span class='ocrx_word' id='word_1_18' title='bbox 3277 511 3534 568; x_wconf 79' lang='lat' dir='ltr'><strong>nuntiant</strong></span> <span class='ocrx_word' id='word_1_19' title='bbox 3569 525 3692 566; x_wconf 82' lang='lat' dir='ltr'><strong>eam</strong></span> 
     </span>
    </p>
   </div>
   <div class='ocr_carea' id='block_1_6' title="bbox 403 613 1994 688">
    <p class='ocr_par' dir='ltr' id='par_1_6' title="bbox 403 613 1994 688">
     <span class='ocr_line' id='line_1_6' title="bbox 403 613 1994 688; baseline 0.001 -19"><span class='ocrx_word' id='word_1_20' title='bbox 403 615 570 670; x_wconf 82' lang='grc' dir='ltr'>αὑτοῦ</span> <span class='ocrx_word' id='word_1_21' title='bbox 600 615 974 684; x_wconf 77' lang='grc' dir='ltr'><strong>ὀπτανόμενος</strong></span> <span class='ocrx_word' id='word_1_22' title='bbox 1005 613 1101 668; x_wconf 76' lang='grc' dir='ltr'>ἐπὶ</span> <span class='ocrx_word' id='word_1_23' title='bbox 1129 613 1349 688; x_wconf 78' lang='grc' dir='ltr'>ἡμέρας</span> <span class='ocrx_word' id='word_1_24' title='bbox 1377 617 1813 687; x_wconf 80' lang='grc' dir='ltr'>τεσσαράκοντα,</span> <span class='ocrx_word' id='word_1_25' title='bbox 1853 618 1994 688; x_wconf 71' lang='grc' dir='ltr'>ὠμίσ</span> 
     </span>
    </p>
   </div>
   <div class='ocr_carea' id='block_1_7' title="bbox 402 706 1994 781">
    <p class='ocr_par' dir='ltr' id='par_1_7' title="bbox 402 706 1994 781">
     <span class='ocr_line' id='line_1_7' title="bbox 402 706 1994 781; baseline 0.003 -19"><span class='ocrx_word' id='word_1_26' title='bbox 402 706 486 762; x_wconf 88' lang='grc' dir='ltr'><strong>λει</strong></span> <span class='ocrx_word' id='word_1_27' title='bbox 539 709 728 773; x_wconf 81' lang='grc' dir='ltr'>αὐτοῖς</span> <span class='ocrx_word' id='word_1_28' title='bbox 780 710 851 762; x_wconf 72' lang='grc' dir='ltr'><strong>τά</strong></span> <span class='ocrx_word' id='word_1_29' title='bbox 903 709 1033 780; x_wconf 76' lang='grc' dir='ltr'>περὶ</span> <span class='ocrx_word' id='word_1_30' title='bbox 1077 709 1182 780; x_wconf 82' lang='grc' dir='ltr'>τῆς</span> <span class='ocrx_word' id='word_1_31' title='bbox 1227 708 1508 780; x_wconf 72' lang='grc' dir='ltr'><strong>βασιλείας</strong></span> <span class='ocrx_word' id='word_1_32' title='bbox 1555 710 1668 764; x_wconf 86' lang='grc' dir='ltr'>τῶν</span> <span class='ocrx_word' id='word_1_33' title='bbox 1713 711 1994 781; x_wconf 76' lang='grc' dir='ltr'><strong>οὐρανῶν·</strong></span> 
     </span>
    </p>
   </div>
   <div class='ocr_carea' id='block_1_8' title="bbox 401 799 1997 874">
    <p class='ocr_par' dir='ltr' id='par_1_8' title="bbox 401 799 1997 874">
     <span class='ocr_line' id='line_1_8' title="bbox 401 799 1997 874; baseline 0.002 -20"><span class='ocrx_word' id='word_1_34' title='bbox 401 799 600 864; x_wconf 77' lang='grc' dir='ltr'>οἵτινες</span> <span class='ocrx_word' id='word_1_35' title='bbox 657 802 752 854; x_wconf 74' lang='grc' dir='ltr'><strong>καὶ</strong></span> <span class='ocrx_word' id='word_1_36' title='bbox 802 800 934 870; x_wconf 79' lang='grc' dir='ltr'>ὑμῖν</span> <span class='ocrx_word' id='word_1_37' title='bbox 987 801 1420 874; x_wconf 86' lang='grc' dir='ltr'>εὐηγγελίσαντο</span> <span class='ocrx_word' id='word_1_38' title='bbox 1475 803 1578 864; x_wconf 63' lang='grc' dir='ltr'>καὶ</span> <span class='ocrx_word' id='word_1_39' title='bbox 1616 804 1750 874; x_wconf 79' lang='grc' dir='ltr'>ἡμῖν</span> <span class='ocrx_word' id='word_1_40' title='bbox 1795 805 1997 874; x_wconf 80' lang='grc' dir='ltr'>ὁμοίως</span> 
     </span>
    </p>
   </div>
   <div class='ocr_carea' id='block_1_9' title="bbox 403 891 1998 969">
    <p class='ocr_par' dir='ltr' id='par_1_9' title="bbox 403 891 1998 969">
     <span class='ocr_line' id='line_1_9' title="bbox 403 891 1998 969; baseline 0.004 -23"><span class='ocrx_word' id='word_1_41' title='bbox 403 893 860 962; x_wconf 71' lang='grc' dir='ltr'><strong>εὐαγγελίζονται</strong></span> <span class='ocrx_word' id='word_1_42' title='bbox 907 895 1008 965; x_wconf 80' lang='grc' dir='ltr'><strong>τὴν</strong></span> <span class='ocrx_word' id='word_1_43' title='bbox 1045 897 1184 967; x_wconf 83' lang='grc' dir='ltr'>πρὸς</span> <span class='ocrx_word' id='word_1_44' title='bbox 1217 898 1348 962; x_wconf 75' lang='grc' dir='ltr'>τοὺς</span> <span class='ocrx_word' id='word_1_45' title='bbox 1386 898 1630 969; x_wconf 76' lang='grc' dir='ltr'><strong>πατέρας</strong></span> <span class='ocrx_word' id='word_1_46' title='bbox 1661 891 1998 969; x_wconf 79' lang='grc' dir='ltr'>ἐπαγγελίαν</span> 
     </span>
    </p>
   </div>
   <div class='ocr_carea' id='block_1_10' title="bbox 2102 608 3692 692">
    <p class='ocr_par' dir='ltr' id='par_1_10' title="bbox 2102 608 3692 692">
     <span class='ocr_line' id='line_1_10' title="bbox 2102 608 3692 692; baseline -0.013 -16"><span class='ocrx_word' id='word_1_47' title='bbox 2102 636 2228 691; x_wconf 60' lang='lat' dir='ltr'><strong>qua;</strong></span> <span class='ocrx_word' id='word_1_48' title='bbox 2251 621 2317 675; x_wconf 89' lang='lat' dir='ltr'><strong>ad</strong></span> <span class='ocrx_word' id='word_1_49' title='bbox 2353 629 2540 692; x_wconf 91' lang='lat' dir='ltr'><strong>patres</strong></span> <span class='ocrx_word' id='word_1_50' title='bbox 2570 626 2786 674; x_wconf 89' lang='lat' dir='ltr'><strong>vestros</strong></span> <span class='ocrx_word' id='word_1_51' title='bbox 2828 611 3192 685; x_wconf 80' lang='lat' dir='ltr'><strong>repromissio</strong></span> <span class='ocrx_word' id='word_1_52' title='bbox 3224 608 3369 664; x_wconf 87' lang='lat' dir='ltr'><strong>facta</strong></span> <span class='ocrx_word' id='word_1_53' title='bbox 3407 615 3513 670; x_wconf 87' lang='lat' dir='ltr'><strong>est,</strong></span> <span class='ocrx_word' id='word_1_54' title='bbox 3549 621 3692 676; x_wconf 83' lang='lat' dir='ltr'><strong>quu-</strong></span> 
     </span>
    </p>
   </div>
   <div class='ocr_carea' id='block_1_11' title="bbox 2103 695 3690 776">
    <p class='ocr_par' dir='ltr' id='par_1_11' title="bbox 2103 695 3690 776">
     <span class='ocr_line' id='line_1_11' title="bbox 2103 695 3690 776; baseline -0.013 -8"><span class='ocrx_word' id='word_1_55' title='bbox 2103 714 2252 768; x_wconf 86' lang='lat' dir='ltr'><strong>niam</strong></span> <span class='ocrx_word' id='word_1_56' title='bbox 2285 713 2430 767; x_wconf 81' lang='lat' dir='ltr'><strong>hanc</strong></span> <span class='ocrx_word' id='word_1_57' title='bbox 2456 712 2604 771; x_wconf 70' lang='lat' dir='ltr'><strong>Deus</strong></span> <span class='ocrx_word' id='word_1_58' title='bbox 2633 705 2958 776; x_wconf 85' lang='lat' dir='ltr'><strong>adituplevit</strong></span> <span class='ocrx_word' id='word_1_59' title='bbox 2991 703 3116 758; x_wconf 76' lang='lat' dir='ltr'><strong>[iliis</strong></span> <span class='ocrx_word' id='word_1_60' title='bbox 3143 715 3364 764; x_wconf 82' lang='lat' dir='ltr'><strong>eorum,</strong></span> <span class='ocrx_word' id='word_1_61' title='bbox 3406 695 3569 752; x_wconf 83' lang='lat' dir='ltr'><strong>nobis</strong></span> <span class='ocrx_word' id='word_1_62' title='bbox 3600 712 3690 749; x_wconf 79' lang='lat' dir='ltr'><strong>rc-</strong></span> 
     </span>
    </p>
   </div>
   <div class='ocr_carea' id='block_1_12' title="bbox 2105 793 3691 863">
    <p class='ocr_par' dir='ltr' id='par_1_12' title="bbox 2105 793 3691 863">
     <span class='ocr_line' id='line_1_12' title="bbox 2105 793 3691 863; baseline -0.012 -2"><span class='ocrx_word' id='word_1_63' title='bbox 2105 805 2380 861; x_wconf 87' lang='lat' dir='ltr'><strong>suscitans</strong></span> <span class='ocrx_word' id='word_1_64' title='bbox 2407 805 2596 860; x_wconf 83' lang='lat' dir='ltr'><strong>Iesum</strong></span> <span class='ocrx_word' id='word_1_65' title='bbox 2621 819 2635 862; x_wconf 87' lang='lat'><strong>;</strong></span> <span class='ocrx_word' id='word_1_66' title='bbox 2664 800 2812 856; x_wconf 86' lang='lat' dir='ltr'><strong>sicut</strong></span> <span class='ocrx_word' id='word_1_67' title='bbox 2842 806 2898 854; x_wconf 91' lang='lat' dir='ltr'><strong>et</strong></span> <span class='ocrx_word' id='word_1_68' title='bbox 2934 798 2990 852; x_wconf 90' lang='lat' dir='ltr'><strong>iu</strong></span> <span class='ocrx_word' id='word_1_69' title='bbox 3021 795 3244 852; x_wconf 78' lang='lat' dir='ltr'><strong>Psalmo</strong></span> <span class='ocrx_word' id='word_1_70' title='bbox 3268 793 3542 863; x_wconf 85' lang='lat' dir='ltr'><strong>scriptum</strong></span> <span class='ocrx_word' id='word_1_71' title='bbox 3567 799 3650 846; x_wconf 84' lang='lat' dir='ltr'><strong>est</strong></span> <span class='ocrx_word' id='word_1_72' title='bbox 3679 809 3691 842; x_wconf 83' lang='lat'>;</span> 
     </span>
    </p>
   </div>
   <div class='ocr_carea' id='block_1_13' title="bbox 2111 885 3442 967">
    <p class='ocr_par' dir='ltr' id='par_1_13' title="bbox 2111 885 3442 967">
     <span class='ocr_line' id='line_1_13' title="bbox 2111 885 3442 967; baseline -0.011 -16"><span class='ocrx_word' id='word_1_73' title='bbox 2111 917 2130 951; x_wconf 82' lang='grc' dir='ltr'><strong>ι</strong></span> <span class='ocrx_word' id='word_1_74' title='bbox 2167 898 2340 953; x_wconf 88' lang='lat' dir='ltr'><strong>Filius</strong></span> <span class='ocrx_word' id='word_1_75' title='bbox 2369 912 2530 952; x_wconf 87' lang='lat' dir='ltr'><strong>meus</strong></span> <span class='ocrx_word' id='word_1_76' title='bbox 2551 910 2610 950; x_wconf 89' lang='lat' dir='ltr'><strong>es</strong></span> <span class='ocrx_word' id='word_1_77' title='bbox 2639 901 2719 958; x_wconf 87' lang='lat' dir='ltr'><strong>tu,</strong></span> <span class='ocrx_word' id='word_1_78' title='bbox 2749 907 2852 962; x_wconf 82' lang='lat' dir='ltr'><strong>ego</strong></span> <span class='ocrx_word' id='word_1_79' title='bbox 2882 889 3047 944; x_wconf 83' lang='lat' dir='ltr'><strong>hodie</strong></span> <span class='ocrx_word' id='word_1_80' title='bbox 3074 885 3238 967; x_wconf 76' lang='lat' dir='ltr'><strong>genui</strong></span> <span class='ocrx_word' id='word_1_81' title='bbox 3267 895 3316 941; x_wconf 89' lang='lat' dir='ltr'><strong>te</strong></span> <span class='ocrx_word' id='word_1_82' title='bbox 3340 885 3442 938; x_wconf 69' lang='grc'><strong>⁸³.»</strong></span> 
     </span>
    </p>
   </div>
   <div class='ocr_carea' id='block_1_14' title="bbox 401 971 3695 1061">
    <p class='ocr_par' dir='ltr' id='par_1_14' title="bbox 401 971 3695 1061">
     <span class='ocr_line' id='line_1_14' title="bbox 401 971 3695 1061; baseline -0.004 -25"><span class='ocrx_word' id='word_1_83' title='bbox 401 983 726 1055; x_wconf 76' lang='grc' dir='ltr'><strong>γενομένην,</strong></span> <span class='ocrx_word' id='word_1_84' title='bbox 757 985 840 1038; x_wconf 80' lang='grc' dir='ltr'><strong>ὅτι</strong></span> <span class='ocrx_word' id='word_1_85' title='bbox 875 985 1082 1053; x_wconf 85' lang='grc' dir='ltr'>ταύτην</span> <span class='ocrx_word' id='word_1_86' title='bbox 1115 989 1143 1041; x_wconf 89' lang='grc' dir='ltr'>ὁ</span> <span class='ocrx_word' id='word_1_87' title='bbox 1169 986 1302 1052; x_wconf 88' lang='grc' dir='ltr'>Θεὸς</span> <span class='ocrx_word' id='word_1_88' title='bbox 1332 988 1734 1061; x_wconf 79' lang='grc' dir='ltr'><strong>ἐκπεπλήρωκε</strong></span> <span class='ocrx_word' id='word_1_89' title='bbox 1762 993 1876 1055; x_wconf 77' lang='grc' dir='ltr'>τοῖς</span> <span class='ocrx_word' id='word_1_90' title='bbox 1901 989 2116 1054; x_wconf 87' lang='grc' dir='ltr'>τέκνοις</span> <span class='ocrx_word' id='word_1_91' title='bbox 2143 989 2345 1055; x_wconf 78' lang='grc' dir='ltr'>αὐτῶν,</span> <span class='ocrx_word' id='word_1_92' title='bbox 2378 990 2512 1059; x_wconf 78' lang='grc' dir='ltr'>ἡμῖν</span> <span class='ocrx_word' id='word_1_93' title='bbox 2577 985 2892 1054; x_wconf 72' lang='grc' dir='ltr'><strong>ἀναστήσας</strong></span> <span class='ocrx_word' id='word_1_94' title='bbox 2955 981 3192 1053; x_wconf 72' lang='grc' dir='ltr'>Ἰησοῦν·</span> <span class='ocrx_word' id='word_1_95' title='bbox 3229 979 3304 1044; x_wconf 84' lang='grc' dir='ltr'><strong>ὡς</strong></span> <span class='ocrx_word' id='word_1_96' title='bbox 3370 975 3466 1031; x_wconf 73' lang='grc' dir='ltr'><strong>καὶ</strong></span> <span class='ocrx_word' id='word_1_97' title='bbox 3533 974 3592 1026; x_wconf 81' lang='grc' dir='ltr'>ὲν</span> <span class='ocrx_word' id='word_1_98' title='bbox 3620 971 3695 1042; x_wconf 70' lang='grc' dir='ltr'>τῷ</span> 
     </span>
    </p>
   </div>
   <div class='ocr_carea' id='block_1_15' title="bbox 399 1075 2446 1155">
    <p class='ocr_par' dir='ltr' id='par_1_15' title="bbox 399 1075 2446 1155">
     <span class='ocr_line' id='line_1_15' title="bbox 399 1075 2446 1155; baseline 0.001 -25"><span class='ocrx_word' id='word_1_99' title='bbox 399 1077 603 1149; x_wconf 71' lang='grc' dir='ltr'>ψαλμῷ</span> <span class='ocrx_word' id='word_1_100' title='bbox 627 1077 958 1148; x_wconf 76' lang='grc' dir='ltr'>γέγραπται.</span> <span class='ocrx_word' id='word_1_101' title='bbox 985 1097 1004 1130; x_wconf 85' lang='grc' dir='ltr'><strong>ι</strong></span> <span class='ocrx_word' id='word_1_102' title='bbox 1047 1079 1172 1144; x_wconf 77' lang='grc' dir='ltr'>Υἱός</span> <span class='ocrx_word' id='word_1_103' title='bbox 1205 1097 1307 1150; x_wconf 88' lang='grc' dir='ltr'><strong>μου</strong></span> <span class='ocrx_word' id='word_1_104' title='bbox 1329 1075 1380 1134; x_wconf 74' lang='grc' dir='ltr'><strong>εί</strong></span> <span class='ocrx_word' id='word_1_105' title='bbox 1414 1081 1500 1148; x_wconf 79' lang='grc' dir='ltr'><strong>σὺ,</strong></span> <span class='ocrx_word' id='word_1_106' title='bbox 1541 1081 1654 1152; x_wconf 76' lang='grc' dir='ltr'>ἐγὼ</span> <span class='ocrx_word' id='word_1_107' title='bbox 1689 1084 1931 1155; x_wconf 77' lang='grc' dir='ltr'>σήμερον</span> <span class='ocrx_word' id='word_1_108' title='bbox 1967 1081 2279 1153; x_wconf 73' lang='grc' dir='ltr'>γεγέννηκά</span> <span class='ocrx_word' id='word_1_109' title='bbox 2307 1098 2386 1134; x_wconf 86' lang='grc' dir='ltr'>σε.</span> <span class='ocrx_word' id='word_1_110' title='bbox 2425 1099 2446 1132; x_wconf 73' lang='grc' dir='ltr'><strong>ι</strong></span> 
     </span>
    </p>
   </div>
   <div class='ocr_carea' id='block_1_16' title="bbox 472 1167 1998 1247">
    <p class='ocr_par' dir='ltr' id='par_1_16' title="bbox 472 1167 1998 1247">
     <span class='ocr_line' id='line_1_16' title="bbox 472 1167 1998 1247; baseline 0.007 -27"><span class='ocrx_word' id='word_1_111' title='bbox 472 1167 594 1220; x_wconf 86' lang='grc' dir='ltr'>Ὅτι</span> <span class='ocrx_word' id='word_1_112' title='bbox 626 1167 684 1220; x_wconf 77' lang='grc' dir='ltr'>δὲ</span> <span class='ocrx_word' id='word_1_113' title='bbox 727 1167 1029 1239; x_wconf 74' lang='grc' dir='ltr'>ἀνέστησεν</span> <span class='ocrx_word' id='word_1_114' title='bbox 1060 1170 1224 1224; x_wconf 89' lang='grc' dir='ltr'>αὑτὸν</span> <span class='ocrx_word' id='word_1_115' title='bbox 1270 1173 1336 1226; x_wconf 84' lang='grc' dir='ltr'><strong>ἐκ</strong></span> <span class='ocrx_word' id='word_1_116' title='bbox 1369 1173 1582 1244; x_wconf 83' lang='grc' dir='ltr'>νεκρῶν</span> <span class='ocrx_word' id='word_1_117' title='bbox 1619 1176 1820 1246; x_wconf 86' lang='grc' dir='ltr'>μηκέτι</span> <span class='ocrx_word' id='word_1_118' title='bbox 1866 1175 1998 1247; x_wconf 86' lang='grc' dir='ltr'>μέλ·-</span> 
     </span>
    </p>
   </div>
   <div class='ocr_carea' id='block_1_17' title="bbox 401 1255 2000 1340">
    <p class='ocr_par' dir='ltr' id='par_1_17' title="bbox 401 1255 2000 1340">
     <span class='ocr_line' id='line_1_17' title="bbox 401 1255 2000 1340; baseline 0.006 -31"><span class='ocrx_word' id='word_1_119' title='bbox 401 1255 563 1310; x_wconf 84' lang='grc' dir='ltr'>λοντα</span> <span class='ocrx_word' id='word_1_120' title='bbox 595 1257 964 1330; x_wconf 78' lang='grc' dir='ltr'><strong>ὑποστρέφειν</strong></span> <span class='ocrx_word' id='word_1_121' title='bbox 993 1263 1074 1326; x_wconf 87' lang='grc' dir='ltr'><strong>είς</strong></span> <span class='ocrx_word' id='word_1_122' title='bbox 1101 1262 1428 1336; x_wconf 74' lang='grc' dir='ltr'>διαφθοράν,</span> <span class='ocrx_word' id='word_1_123' title='bbox 1467 1265 1648 1332; x_wconf 76' lang='grc' dir='ltr'>οὕτως’</span> <span class='ocrx_word' id='word_1_124' title='bbox 1667 1269 1959 1340; x_wconf 69' lang='grc' dir='ltr'>εἰρήκασιν</span> <span class='ocrx_word' id='word_1_125' title='bbox 1984 1283 2000 1298; x_wconf 75' lang='grc' dir='ltr'><strong>ο</strong></span> 
     </span>
    </p>
   </div>
   <div class='ocr_carea' id='block_1_18' title="bbox 403 1349 2004 1422">
    <p class='ocr_par' dir='ltr' id='par_1_18' title="bbox 403 1349 2004 1422">
     <span class='ocr_line' id='line_1_18' title="bbox 403 1349 2004 1422; baseline 0.007 -19"><span class='ocrx_word' id='word_1_126' title='bbox 403 1349 530 1404; x_wconf 83' lang='grc' dir='ltr'>Ὅτι</span> <span class='ocrx_word' id='word_1_127' title='bbox 551 1350 712 1405; x_wconf 81' lang='grc' dir='ltr'>δώσω</span> <span class='ocrx_word' id='word_1_128' title='bbox 763 1352 892 1422; x_wconf 87' lang='grc' dir='ltr'>ὑμῖν</span> <span class='ocrx_word' id='word_1_129' title='bbox 944 1353 1014 1408; x_wconf 77' lang='grc' dir='ltr'><strong>τά</strong></span> <span class='ocrx_word' id='word_1_130' title='bbox 1063 1355 1186 1409; x_wconf 80' lang='grc' dir='ltr'>ὅσια</span> <span class='ocrx_word' id='word_1_131' title='bbox 1217 1357 1386 1412; x_wconf 74' lang='grc' dir='ltr'>Δαὸὶδ</span> <span class='ocrx_word' id='word_1_132' title='bbox 1420 1359 1490 1412; x_wconf 66' lang='grc' dir='ltr'>τὰ</span> <span class='ocrx_word' id='word_1_133' title='bbox 1525 1361 1726 1416; x_wconf 83' lang='grc' dir='ltr'>πιστά·</span> <span class='ocrx_word' id='word_1_134' title='bbox 1777 1360 1860 1416; x_wconf 85' lang='grc' dir='ltr'><strong>διὸ</strong></span> <span class='ocrx_word' id='word_1_135' title='bbox 1907 1361 2004 1416; x_wconf 75' lang='grc' dir='ltr'>καὶ</span> 
     </span>
    </p>
   </div>
   <div class='ocr_carea' id='block_1_19' title="bbox 401 1441 2001 1513">
    <p class='ocr_par' dir='ltr' id='par_1_19' title="bbox 401 1441 2001 1513">
     <span class='ocr_line' id='line_1_19' title="bbox 401 1441 2001 1513; baseline 0.011 -21"><span class='ocrx_word' id='word_1_136' title='bbox 401 1441 462 1492; x_wconf 80' lang='grc' dir='ltr'><strong>ἐν</strong></span> <span class='ocrx_word' id='word_1_137' title='bbox 491 1442 664 1513; x_wconf 81' lang='grc' dir='ltr'><strong>ἑτέρῳ</strong></span> <span class='ocrx_word' id='word_1_138' title='bbox 688 1443 872 1512; x_wconf 80' lang='grc' dir='ltr'>λέγει’</span> <span class='ocrx_word' id='word_1_139' title='bbox 909 1463 930 1498; x_wconf 79' lang='grc' dir='ltr'><strong>ι</strong></span> <span class='ocrx_word' id='word_1_140' title='bbox 960 1447 1036 1500; x_wconf 86' lang='grc' dir='ltr'>Οὑ</span> <span class='ocrx_word' id='word_1_141' title='bbox 1065 1446 1261 1512; x_wconf 84' lang='grc' dir='ltr'>δώσεις</span> <span class='ocrx_word' id='word_1_142' title='bbox 1303 1449 1395 1504; x_wconf 88' lang='grc' dir='ltr'><strong>τὸν</strong></span> <span class='ocrx_word' id='word_1_143' title='bbox 1421 1450 1567 1505; x_wconf 81' lang='grc' dir='ltr'>ὅσιόν</span> <span class='ocrx_word' id='word_1_144' title='bbox 1596 1470 1690 1506; x_wconf 82' lang='grc' dir='ltr'><strong>σου</strong></span> <span class='ocrx_word' id='word_1_145' title='bbox 1727 1453 1854 1508; x_wconf 72' lang='grc' dir='ltr'>ἰδεῖν</span> <span class='ocrx_word' id='word_1_146' title='bbox 1879 1453 2001 1508; x_wconf 89' lang='grc' dir='ltr'>δια-</span> 
     </span>
    </p>
   </div>
   <div class='ocr_carea' id='block_1_20' title="bbox 401 1529 2004 1615">
    <p class='ocr_par' dir='ltr' id='par_1_20' title="bbox 401 1529 2004 1615">
     <span class='ocr_line' id='line_1_20' title="bbox 401 1529 2004 1615; baseline 0.009 -32"><span class='ocrx_word' id='word_1_147' title='bbox 401 1529 669 1603; x_wconf 75' lang='grc' dir='ltr'>φθοράν.»</span> <span class='ocrx_word' id='word_1_148' title='bbox 705 1533 872 1587; x_wconf 76' lang='grc' dir='ltr'>Δαϐὶδ</span> <span class='ocrx_word' id='word_1_149' title='bbox 924 1534 1024 1605; x_wconf 82' lang='grc' dir='ltr'><strong>μὲν</strong></span> <span class='ocrx_word' id='word_1_150' title='bbox 1062 1535 1172 1607; x_wconf 79' lang='grc' dir='ltr'>γὰρ</span> <span class='ocrx_word' id='word_1_151' title='bbox 1211 1541 1280 1608; x_wconf 83' lang='grc' dir='ltr'>τῇ</span> <span class='ocrx_word' id='word_1_152' title='bbox 1317 1539 1424 1612; x_wconf 71' lang='grc' dir='ltr'>ἰδίᾳ</span> <span class='ocrx_word' id='word_1_153' title='bbox 1454 1542 1619 1614; x_wconf 82' lang='grc' dir='ltr'>γενεᾷ</span> <span class='ocrx_word' id='word_1_154' title='bbox 1649 1543 2004 1615; x_wconf 75' lang='grc' dir='ltr'>ὑπηρετήσας</span> 
     </span>
    </p>
   </div>
   <div class='ocr_carea' id='block_1_21' title="bbox 399 1625 2004 1708">
    <p class='ocr_par' dir='ltr' id='par_1_21' title="bbox 399 1625 2004 1708">
     <span class='ocr_line' id='line_1_21' title="bbox 399 1625 2004 1708; baseline 0.007 -30"><span class='ocrx_word' id='word_1_155' title='bbox 399 1627 469 1696; x_wconf 81' lang='grc' dir='ltr'>τῇ</span> <span class='ocrx_word' id='word_1_156' title='bbox 518 1625 616 1679; x_wconf 83' lang='grc' dir='ltr'>τοῦ</span> <span class='ocrx_word' id='word_1_157' title='bbox 663 1625 804 1680; x_wconf 81' lang='grc' dir='ltr'>Θεοῦ</span> <span class='ocrx_word' id='word_1_158' title='bbox 841 1627 1044 1700; x_wconf 83' lang='grc' dir='ltr'>βουλῇ,</span> <span class='ocrx_word' id='word_1_159' title='bbox 1094 1629 1364 1701; x_wconf 77' lang='grc' dir='ltr'>ἐκοιμήθη</span> <span class='ocrx_word' id='word_1_160' title='bbox 1397 1633 1494 1686; x_wconf 84' lang='grc' dir='ltr'>καὶ</span> <span class='ocrx_word' id='word_1_161' title='bbox 1524 1634 1831 1706; x_wconf 87' lang='grc' dir='ltr'>προσετέοη</span> <span class='ocrx_word' id='word_1_162' title='bbox 1865 1635 2004 1708; x_wconf 81' lang='grc' dir='ltr'>πρὸς</span> 
     </span>
    </p>
   </div>
   <div class='ocr_carea' id='block_1_22' title="bbox 399 1717 1999 1798">
    <p class='ocr_par' dir='ltr' id='par_1_22' title="bbox 399 1717 1999 1798">
     <span class='ocr_line' id='line_1_22' title="bbox 399 1717 1999 1798; baseline 0.01 -30"><span class='ocrx_word' id='word_1_163' title='bbox 399 1717 530 1782; x_wconf 73' lang='grc' dir='ltr'>τοὺς</span> <span class='ocrx_word' id='word_1_164' title='bbox 579 1717 828 1790; x_wconf 77' lang='grc' dir='ltr'>πατέρας</span> <span class='ocrx_word' id='word_1_165' title='bbox 877 1720 1083 1790; x_wconf 83' lang='grc' dir='ltr'>αὑτοῦ,</span> <span class='ocrx_word' id='word_1_166' title='bbox 1142 1723 1240 1777; x_wconf 78' lang='grc' dir='ltr'><strong>καὶ</strong></span> <span class='ocrx_word' id='word_1_167' title='bbox 1289 1719 1400 1778; x_wconf 72' lang='grc' dir='ltr'>οἶδε</span> <span class='ocrx_word' id='word_1_168' title='bbox 1447 1725 1782 1798; x_wconf 69' lang='grc' dir='ltr'>διαφθοράν*</span> <span class='ocrx_word' id='word_1_169' title='bbox 1832 1727 1892 1782; x_wconf 84' lang='grc' dir='ltr'>ὃν</span> <span class='ocrx_word' id='word_1_170' title='bbox 1936 1729 1999 1784; x_wconf 84' lang='grc' dir='ltr'>δὲ</span> 
     </span>
    </p>
   </div>
   <div class='ocr_carea' id='block_1_23' title="bbox 399 1805 1998 1890">
    <p class='ocr_par' dir='ltr' id='par_1_23' title="bbox 399 1805 1998 1890">
     <span class='ocr_line' id='line_1_23' title="bbox 399 1805 1998 1890; baseline 0.01 -30"><span class='ocrx_word' id='word_1_171' title='bbox 399 1805 430 1858; x_wconf 82' lang='grc' dir='ltr'><strong>ὁ</strong></span> <span class='ocrx_word' id='word_1_172' title='bbox 461 1807 597 1874; x_wconf 83' lang='grc' dir='ltr'>Θεὸς</span> <span class='ocrx_word' id='word_1_173' title='bbox 630 1809 889 1882; x_wconf 70' lang='grc' dir='ltr'>ἤγειρεν,</span> <span class='ocrx_word' id='word_1_174' title='bbox 942 1813 1046 1867; x_wconf 84' lang='grc' dir='ltr'><strong>οὑκ</strong></span> <span class='ocrx_word' id='word_1_175' title='bbox 1074 1809 1186 1868; x_wconf 71' lang='grc' dir='ltr'>οἶδε</span> <span class='ocrx_word' id='word_1_176' title='bbox 1215 1815 1538 1890; x_wconf 85' lang='grc' dir='ltr'>διαφθοράν.</span> <span class='ocrx_word' id='word_1_177' title='bbox 1579 1820 1826 1874; x_wconf 82' lang='grc' dir='ltr'>Γνωστὸν</span> <span class='ocrx_word' id='word_1_178' title='bbox 1854 1821 1998 1876; x_wconf 78' lang='grc' dir='ltr'>ἔστω</span> 
     </span>
    </p>
   </div>
   <div class='ocr_carea' id='block_1_24' title="bbox 401 1899 1999 2004">
    <p class='ocr_par' dir='ltr' id='par_1_24' title="bbox 401 1899 1999 2004">
     <span class='ocr_line' id='line_1_24' title="bbox 401 1899 1999 2004; baseline 0.011 -53"><span class='ocrx_word' id='word_1_179' title='bbox 401 1899 554 2004; x_wconf 75' lang='grc' dir='ltr'>ὑμῖν,</span> <span class='ocrx_word' id='word_1_180' title='bbox 597 1901 792 2004; x_wconf 50' lang='grc' dir='ltr'>ἄΪδρες</span> <span class='ocrx_word' id='word_1_181' title='bbox 837 1903 1098 1974; x_wconf 76' lang='grc' dir='ltr'>ἀδελφοὶ,</span> <span class='ocrx_word' id='word_1_182' title='bbox 1155 1907 1240 1961; x_wconf 82' lang='grc' dir='ltr'><strong>ὅτι</strong></span> <span class='ocrx_word' id='word_1_183' title='bbox 1287 1907 1380 1962; x_wconf 86' lang='grc' dir='ltr'><strong>διά</strong></span> <span class='ocrx_word' id='word_1_184' title='bbox 1425 1909 1587 1966; x_wconf 78' lang='grc' dir='ltr'>τοῦτο</span> <span class='ocrx_word' id='word_1_185' title='bbox 1630 1912 1762 1983; x_wconf 86' lang='grc' dir='ltr'>ὑμῖν</span> <span class='ocrx_word' id='word_1_186' title='bbox 1801 1914 1999 1983; x_wconf 67' lang='grc' dir='ltr'>ἄφεσις</span> 
     </span>
    </p>
   </div>
   <div class='ocr_carea' id='block_1_25' title="bbox 401 1992 1999 2066">
    <p class='ocr_par' dir='ltr' id='par_1_25' title="bbox 401 1992 1999 2066">
     <span class='ocr_line' id='line_1_25' title="bbox 401 1992 1999 2066; baseline 0.011 -22"><span class='ocrx_word' id='word_1_187' title='bbox 401 1992 690 2064; x_wconf 85' lang='grc' dir='ltr'>ἁμαρτιῶν</span> <span class='ocrx_word' id='word_1_188' title='bbox 737 1997 1170 2066; x_wconf 77' lang='grc' dir='ltr'>καταγγέλλεται</span> <span class='ocrx_word' id='word_1_189' title='bbox 1193 2038 1208 2062; x_wconf 91' lang='grc'><strong>,</strong></span> <span class='ocrx_word' id='word_1_190' title='bbox 1261 2001 1357 2054; x_wconf 78' lang='grc' dir='ltr'><strong>καὶ</strong></span> <span class='ocrx_word' id='word_1_191' title='bbox 1389 2002 1498 2058; x_wconf 87' lang='grc' dir='ltr'><strong>ἀπὸ</strong></span> <span class='ocrx_word' id='word_1_192' title='bbox 1529 2004 1752 2060; x_wconf 87' lang='grc' dir='ltr'>πάντων</span> <span class='ocrx_word' id='word_1_193' title='bbox 1790 1999 1868 2061; x_wconf 85' lang='grc' dir='ltr'>ὧν</span> <span class='ocrx_word' id='word_1_194' title='bbox 1895 2007 1999 2062; x_wconf 84' lang='grc' dir='ltr'><strong>οὑκ</strong></span> 
     </span>
    </p>
   </div>
   <div class='ocr_carea' id='block_1_26' title="bbox 399 2083 2000 2168">
    <p class='ocr_par' dir='ltr' id='par_1_26' title="bbox 399 2083 2000 2168">
     <span class='ocr_line' id='line_1_26' title="bbox 399 2083 2000 2168; baseline 0.011 -31"><span class='ocrx_word' id='word_1_195' title='bbox 399 2083 708 2158; x_wconf 70' lang='grc' dir='ltr'>ἠδυνήθητε</span> <span class='ocrx_word' id='word_1_196' title='bbox 735 2089 794 2141; x_wconf 84' lang='grc' dir='ltr'>ὲν</span> <span class='ocrx_word' id='word_1_197' title='bbox 817 2088 897 2159; x_wconf 83' lang='grc' dir='ltr'>τῷ</span> <span class='ocrx_word' id='word_1_198' title='bbox 919 2089 1071 2162; x_wconf 83' lang='grc' dir='ltr'>νόμῳ</span> <span class='ocrx_word' id='word_1_199' title='bbox 1095 2092 1378 2160; x_wconf 83' lang='grc' dir='ltr'>Μωῦσέως</span> <span class='ocrx_word' id='word_1_200' title='bbox 1399 2095 1784 2168; x_wconf 82' lang='grc' dir='ltr'>δικαιωθῆναι,</span> <span class='ocrx_word' id='word_1_201' title='bbox 1807 2101 1864 2152; x_wconf 85' lang='grc' dir='ltr'>ὲν</span> <span class='ocrx_word' id='word_1_202' title='bbox 1884 2099 2000 2154; x_wconf 87' lang='grc' dir='ltr'>τού-</span> 
     </span>
    </p>
   </div>
   <div class='ocr_carea' id='block_1_27' title="bbox 399 2178 2002 2261">
    <p class='ocr_par' dir='ltr' id='par_1_27' title="bbox 399 2178 2002 2261">
     <span class='ocr_line' id='line_1_27' title="bbox 399 2178 2002 2261; baseline 0.011 -33"><span class='ocrx_word' id='word_1_203' title='bbox 399 2191 484 2246; x_wconf 84' lang='grc' dir='ltr'><strong>τῳ</strong></span> <span class='ocrx_word' id='word_1_204' title='bbox 513 2178 622 2240; x_wconf 77' lang='grc' dir='ltr'>πᾶς</span> <span class='ocrx_word' id='word_1_205' title='bbox 644 2179 673 2230; x_wconf 83' lang='grc' dir='ltr'><strong>ό</strong></span> <span class='ocrx_word' id='word_1_206' title='bbox 698 2179 974 2234; x_wconf 81' lang='grc' dir='ltr'>πιστεύων</span> <span class='ocrx_word' id='word_1_207' title='bbox 1001 2181 1335 2238; x_wconf 71' lang='grc' dir='ltr'>δικαιοῦταυ</span> <span class='ocrx_word' id='word_1_208' title='bbox 1367 2185 1598 2256; x_wconf 78' lang='grc' dir='ltr'>βλέπετε</span> <span class='ocrx_word' id='word_1_209' title='bbox 1622 2184 1718 2242; x_wconf 76' lang='grc' dir='ltr'><strong>οὖν</strong></span> <span class='ocrx_word' id='word_1_210' title='bbox 1745 2189 1822 2261; x_wconf 82' lang='grc' dir='ltr'><strong>μὴ</strong></span> <span class='ocrx_word' id='word_1_211' title='bbox 1843 2191 2002 2245; x_wconf 80' lang='grc' dir='ltr'>ἐπέλ-</span> 
     </span>
    </p>
   </div>
   <div class='ocr_carea' id='block_1_28' title="bbox 403 2265 1996 2357">
    <p class='ocr_par' dir='ltr' id='par_1_28' title="bbox 403 2265 1996 2357">
     <span class='ocr_line' id='line_1_28' title="bbox 403 2265 1996 2357; baseline 0.011 -39"><span class='ocrx_word' id='word_1_212' title='bbox 403 2265 474 2338; x_wconf 83' lang='grc' dir='ltr'>θῃ</span> <span class='ocrx_word' id='word_1_213' title='bbox 500 2269 586 2338; x_wconf 78' lang='grc' dir='ltr'><strong>ἐφ’</strong></span> <span class='ocrx_word' id='word_1_214' title='bbox 615 2265 743 2340; x_wconf 80' lang='grc' dir='ltr'>ὑμῖν</span> <span class='ocrx_word' id='word_1_215' title='bbox 774 2271 836 2324; x_wconf 90' lang='grc' dir='ltr'><strong>τὸ</strong></span> <span class='ocrx_word' id='word_1_216' title='bbox 863 2274 1157 2344; x_wconf 79' lang='grc' dir='ltr'>εἰρημένον</span> <span class='ocrx_word' id='word_1_217' title='bbox 1189 2277 1250 2330; x_wconf 84' lang='grc' dir='ltr'>ὲν</span> <span class='ocrx_word' id='word_1_218' title='bbox 1275 2279 1390 2342; x_wconf 81' lang='grc' dir='ltr'>τοῖς</span> <span class='ocrx_word' id='word_1_219' title='bbox 1419 2278 1750 2352; x_wconf 68' lang='grc' dir='ltr'><strong>προφήταις⁸</strong></span> <span class='ocrx_word' id='word_1_220' title='bbox 1773 2280 1996 2357; x_wconf 56' lang='grc' dir='ltr'>«Ἴδετε,</span> 
     </span>
    </p>
   </div>
   <div class='ocr_carea' id='block_1_29' title="bbox 399 2359 1995 2464">
    <p class='ocr_par' dir='ltr' id='par_1_29' title="bbox 399 2359 1995 2464">
     <span class='ocr_line' id='line_1_29' title="bbox 399 2359 1995 2464; baseline 0.012 -54"><span class='ocrx_word' id='word_1_221' title='bbox 399 2359 454 2464; x_wconf 62' lang='grc' dir='ltr'>οἱ</span> <span class='ocrx_word' id='word_1_222' title='bbox 504 2363 942 2464; x_wconf 66' lang='grc' dir='ltr'>καταφρονηταὶ,</span> <span class='ocrx_word' id='word_1_223' title='bbox 980 2366 1098 2464; x_wconf 32' lang='lat' dir='ltr'><strong>acad.“</strong></span> <span class='ocrx_word' id='word_1_224' title='bbox 1125 2367 1448 2440; x_wconf 82' lang='grc' dir='ltr'>θαυμάσατε</span> <span class='ocrx_word' id='word_1_225' title='bbox 1499 2372 1596 2426; x_wconf 73' lang='grc' dir='ltr'><strong>καὶ</strong></span> <span class='ocrx_word' id='word_1_226' title='bbox 1635 2373 1995 2446; x_wconf 74' lang='grc' dir='ltr'>ἀφανίσθητε,</span> 
     </span>
    </p>
   </div>
   <div class='ocr_carea' id='block_1_30' title="bbox 402 2450 1996 2536">
    <p class='ocr_par' dir='ltr' id='par_1_30' title="bbox 402 2450 1996 2536">
     <span class='ocr_line' id='line_1_30' title="bbox 402 2450 1996 2536; baseline 0.009 -34"><span class='ocrx_word' id='word_1_227' title='bbox 402 2450 489 2504; x_wconf 83' lang='grc' dir='ltr'>ὅτι</span> <span class='ocrx_word' id='word_1_228' title='bbox 544 2450 709 2524; x_wconf 77' lang='grc' dir='ltr'>ἔργον</span> <span class='ocrx_word' id='word_1_229' title='bbox 761 2452 877 2523; x_wconf 79' lang='grc' dir='ltr'>ἐγὼ</span> <span class='ocrx_word' id='word_1_230' title='bbox 923 2457 1233 2529; x_wconf 81' lang='grc' dir='ltr'>ἐργάζομαι</span> <span class='ocrx_word' id='word_1_231' title='bbox 1283 2461 1344 2514; x_wconf 82' lang='grc' dir='ltr'>ὲν</span> <span class='ocrx_word' id='word_1_232' title='bbox 1389 2464 1510 2526; x_wconf 83' lang='grc' dir='ltr'>ταῖς</span> <span class='ocrx_word' id='word_1_233' title='bbox 1555 2463 1792 2536; x_wconf 75' lang='grc' dir='ltr'>ἡμέραις</span> <span class='ocrx_word' id='word_1_234' title='bbox 1817 2465 1996 2536; x_wconf 83' lang='grc' dir='ltr'>ὑμῶν,</span> 
     </span>
    </p>
   </div>
   <div class='ocr_carea' id='block_1_31' title="bbox 405 2541 1992 2628">
    <p class='ocr_par' dir='ltr' id='par_1_31' title="bbox 405 2541 1992 2628">
     <span class='ocr_line' id='line_1_31' title="bbox 405 2541 1992 2628; baseline 0.011 -33"><span class='ocrx_word' id='word_1_235' title='bbox 405 2541 438 2596; x_wconf 79' lang='grc' dir='ltr'><strong>ὃ</strong></span> <span class='ocrx_word' id='word_1_236' title='bbox 487 2542 550 2597; x_wconf 85' lang='grc' dir='ltr'><strong>οὑ</strong></span> <span class='ocrx_word' id='word_1_237' title='bbox 607 2545 680 2614; x_wconf 82' lang='grc' dir='ltr'>μὴ</span> <span class='ocrx_word' id='word_1_238' title='bbox 723 2547 1060 2620; x_wconf 78' lang='grc' dir='ltr'>πιστεύσητε</span> <span class='ocrx_word' id='word_1_239' title='bbox 1085 2549 1183 2604; x_wconf 83' lang='grc' dir='ltr'><strong>ἐάν</strong></span> <span class='ocrx_word' id='word_1_240' title='bbox 1238 2568 1326 2616; x_wconf 88' lang='grc' dir='ltr'><strong>τις</strong></span> <span class='ocrx_word' id='word_1_241' title='bbox 1395 2554 1720 2627; x_wconf 77' lang='grc' dir='ltr'>ἐκδιηγῆται</span> <span class='ocrx_word' id='word_1_242' title='bbox 1789 2557 1938 2628; x_wconf 87' lang='grc' dir='ltr'>ὑμῖν.</span> <span class='ocrx_word' id='word_1_243' title='bbox 1973 2579 1992 2612; x_wconf 77' lang='grc' dir='ltr'><strong>ι</strong></span> 
     </span>
    </p>
   </div>
   <div class='ocr_carea' id='block_1_32' title="bbox 419 2633 1998 2718">
    <p class='ocr_par' dir='ltr' id='par_1_32' title="bbox 419 2633 1998 2718">
     <span class='ocr_line' id='line_1_32' title="bbox 419 2633 1998 2718; baseline 0.013 -31"><span class='ocrx_word' id='word_1_244' title='bbox 419 2633 652 2699; x_wconf 78' lang='grc' dir='ltr'>Ἡσαΐας</span> <span class='ocrx_word' id='word_1_245' title='bbox 673 2637 730 2691; x_wconf 79' lang='grc' dir='ltr'>δὲ</span> <span class='ocrx_word' id='word_1_246' title='bbox 757 2640 952 2711; x_wconf 75' lang='grc' dir='ltr'>κράζει</span> <span class='ocrx_word' id='word_1_247' title='bbox 988 2643 1129 2714; x_wconf 74' lang='grc' dir='ltr'>ὑπὲρ</span> <span class='ocrx_word' id='word_1_248' title='bbox 1158 2643 1252 2700; x_wconf 74' lang='grc' dir='ltr'>τοῦ</span> <span class='ocrx_word' id='word_1_249' title='bbox 1283 2646 1502 2718; x_wconf 76' lang='grc' dir='ltr'>Ἰσραὴλ</span> <span class='ocrx_word' id='word_1_250' title='bbox 1531 2647 1706 2718; x_wconf 85' lang='grc' dir='ltr'>λέγων</span> <span class='ocrx_word' id='word_1_251' title='bbox 1728 2665 1742 2680; x_wconf 89' lang='grc'><strong>·</strong></span> <span class='ocrx_word' id='word_1_252' title='bbox 1809 2667 1828 2701; x_wconf 83' lang='grc' dir='ltr'><strong>ι</strong></span> <span class='ocrx_word' id='word_1_253' title='bbox 1871 2651 1998 2706; x_wconf 76' lang='grc' dir='ltr'><strong>Ἐὰν</strong></span> 
     </span>
    </p>
   </div>
   <div class='ocr_carea' id='block_1_33' title="bbox 403 2719 2000 2808">
    <p class='ocr_par' dir='ltr' id='par_1_33' title="bbox 403 2719 2000 2808">
     <span class='ocr_line' id='line_1_33' title="bbox 403 2719 2000 2808; baseline -0.007 -13"><span class='ocrx_word' id='word_1_254' title='bbox 403 2719 441 2796; x_wconf 78' lang='grc' dir='ltr'>ᾗ</span> <span class='ocrx_word' id='word_1_255' title='bbox 469 2725 499 2776; x_wconf 77' lang='grc' dir='ltr'><strong><em>ὁ</em></strong></span> <span class='ocrx_word' id='word_1_256' title='bbox 523 2725 758 2798; x_wconf 68' lang='grc' dir='ltr'>ἀριθμὸς</span> <span class='ocrx_word' id='word_1_257' title='bbox 786 2729 894 2783; x_wconf 82' lang='grc' dir='ltr'><strong>τῶν</strong></span> <span class='ocrx_word' id='word_1_258' title='bbox 923 2731 1055 2788; x_wconf 77' lang='grc' dir='ltr'>υἱῶν</span> <span class='ocrx_word' id='word_1_259' title='bbox 1071 2733 1290 2806; x_wconf 82' lang='grc' dir='ltr'>Ἰσραὴλ</span> <span class='ocrx_word' id='word_1_260' title='bbox 1313 2735 1448 2788; x_wconf 67' lang='grc' dir='ltr'>ὡσεὶ</span> <span class='ocrx_word' id='word_1_261' title='bbox 1467 2736 1655 2808; x_wconf 75' lang='grc' dir='ltr'>ἄμμος</span> <span class='ocrx_word' id='word_1_262' title='bbox 1677 2739 1779 2808; x_wconf 84' lang='grc' dir='ltr'><strong>τῆς</strong></span> <span class='ocrx_word' id='word_1_263' title='bbox 1801 2740 2000 2796; x_wconf 72' lang='grc' dir='ltr'><strong>οαλάσ-</strong></span> 
     </span>
    </p>
   </div>
   <div class='ocr_carea' id='block_1_34' title="bbox 380 2819 2001 2902">
    <p class='ocr_par' dir='ltr' id='par_1_34' title="bbox 380 2819 2001 2902">
     <span class='ocr_line' id='line_1_34' title="bbox 380 2819 2001 2902; baseline 0.011 -34"><span class='ocrx_word' id='word_1_264' title='bbox 380 2833 540 2886; x_wconf 58' lang='lat'><strong>513;,</strong></span> <span class='ocrx_word' id='word_1_265' title='bbox 575 2819 639 2871; x_wconf 86' lang='grc' dir='ltr'><strong>τὸ</strong></span> <span class='ocrx_word' id='word_1_266' title='bbox 667 2821 1022 2894; x_wconf 80' lang='grc' dir='ltr'>κατάλειμμα</span> <span class='ocrx_word' id='word_1_267' title='bbox 1057 2823 1401 2896; x_wconf 83' lang='grc' dir='ltr'>σωθήσεται·</span> <span class='ocrx_word' id='word_1_268' title='bbox 1441 2827 1603 2898; x_wconf 90' lang='grc' dir='ltr'>λόγον</span> <span class='ocrx_word' id='word_1_269' title='bbox 1631 2829 1743 2902; x_wconf 81' lang='grc' dir='ltr'>γὰρ</span> <span class='ocrx_word' id='word_1_270' title='bbox 1810 2848 2001 2886; x_wconf 88' lang='grc' dir='ltr'>συντε-</span> 
     </span>
    </p>
   </div>
   <div class='ocr_carea' id='block_1_35' title="bbox 402 2909 2000 2990">
    <p class='ocr_par' dir='ltr' id='par_1_35' title="bbox 402 2909 2000 2990">
     <span class='ocr_line' id='line_1_35' title="bbox 402 2909 2000 2990; baseline 0.012 -29"><span class='ocrx_word' id='word_1_271' title='bbox 402 2909 696 2978; x_wconf 83' lang='grc' dir='ltr'>τμημένον</span> <span class='ocrx_word' id='word_1_272' title='bbox 731 2915 951 2985; x_wconf 85' lang='grc' dir='ltr'>ποιήσει</span> <span class='ocrx_word' id='word_1_273' title='bbox 978 2917 1188 2989; x_wconf 85' lang='grc' dir='ltr'>Κύριος</span> <span class='ocrx_word' id='word_1_274' title='bbox 1217 2918 1312 2972; x_wconf 79' lang='grc' dir='ltr'>ἐπὶ</span> <span class='ocrx_word' id='word_1_275' title='bbox 1337 2919 1438 2990; x_wconf 85' lang='grc' dir='ltr'>τῆς</span> <span class='ocrx_word' id='word_1_276' title='bbox 1465 2919 1593 2989; x_wconf 83' lang='grc' dir='ltr'>γῆς,</span> <span class='ocrx_word' id='word_1_277' title='bbox 1627 2939 1645 2973; x_wconf 80' lang='grc' dir='ltr'><strong>ι</strong></span> <span class='ocrx_word' id='word_1_278' title='bbox 1671 2921 1748 2986; x_wconf 84' lang='grc' dir='ltr'>ὡς</span> <span class='ocrx_word' id='word_1_279' title='bbox 1791 2923 2000 2980; x_wconf 82' lang='grc' dir='ltr'>ἄνωθεν</span> 
     </span>
    </p>
   </div>
   <div class='ocr_carea' id='block_1_36' title="bbox 403 2999 2002 3086">
    <p class='ocr_par' dir='ltr' id='par_1_36' title="bbox 403 2999 2002 3086">
     <span class='ocr_line' id='line_1_36' title="bbox 403 2999 2002 3086; baseline 0.011 -36"><span class='ocrx_word' id='word_1_280' title='bbox 403 2999 661 3069; x_wconf 81' lang='grc' dir='ltr'>προεῖδεν</span> <span class='ocrx_word' id='word_1_281' title='bbox 688 3002 717 3054; x_wconf 86' lang='grc' dir='ltr'><strong>ό</strong></span> <span class='ocrx_word' id='word_1_282' title='bbox 742 3003 852 3056; x_wconf 87' lang='grc' dir='ltr'>τῶν</span> <span class='ocrx_word' id='word_1_283' title='bbox 874 3003 1012 3060; x_wconf 82' lang='grc' dir='ltr'>ὅλων</span> <span class='ocrx_word' id='word_1_284' title='bbox 1035 3007 1192 3072; x_wconf 87' lang='grc' dir='ltr'>Θεὸς,</span> <span class='ocrx_word' id='word_1_285' title='bbox 1231 3010 1326 3062; x_wconf 65' lang='grc' dir='ltr'>καὶ.</span> <span class='ocrx_word' id='word_1_286' title='bbox 1356 3009 1488 3074; x_wconf 79' lang='grc' dir='ltr'>τοὺς</span> <span class='ocrx_word' id='word_1_287' title='bbox 1517 3013 1584 3082; x_wconf 82' lang='grc' dir='ltr'>τῇ</span> <span class='ocrx_word' id='word_1_288' title='bbox 1613 3010 1800 3066; x_wconf 86' lang='grc' dir='ltr'>πίστει</span> <span class='ocrx_word' id='word_1_289' title='bbox 1831 3031 2002 3086; x_wconf 88' lang='grc' dir='ltr'>προσ-</span> 
     </span>
    </p>
   </div>
   <div class='ocr_carea' id='block_1_37' title="bbox 2169 1159 3697 1242">
    <p class='ocr_par' dir='ltr' id='par_1_37' title="bbox 2169 1159 3697 1242">
     <span class='ocr_line' id='line_1_37' title="bbox 2169 1159 3697 1242; baseline -0.012 -12"><span class='ocrx_word' id='word_1_290' title='bbox 2169 1173 2330 1242; x_wconf 92' lang='lat' dir='ltr'><strong>Quod</strong></span> <span class='ocrx_word' id='word_1_291' title='bbox 2381 1185 2565 1230; x_wconf 87' lang='lat' dir='ltr'><strong>autem</strong></span> <span class='ocrx_word' id='word_1_292' title='bbox 2627 1169 2914 1229; x_wconf 73' lang='lat' dir='ltr'><strong>suscitavit</strong></span> <span class='ocrx_word' id='word_1_293' title='bbox 2947 1183 3075 1224; x_wconf 89' lang='lat' dir='ltr'><strong>eum</strong></span> <span class='ocrx_word' id='word_1_294' title='bbox 3103 1180 3136 1222; x_wconf 84' lang='lat' dir='ltr'><strong>a</strong></span> <span class='ocrx_word' id='word_1_295' title='bbox 3169 1161 3408 1219; x_wconf 91' lang='lat' dir='ltr'><strong>mortuis</strong></span> <span class='ocrx_word' id='word_1_296' title='bbox 3467 1159 3697 1214; x_wconf 78' lang='lat' dir='ltr'><strong>minime</strong></span> 
     </span>
    </p>
   </div>
   <div class='ocr_carea' id='block_1_38' title="bbox 2103 1251 3698 1349">
    <p class='ocr_par' dir='ltr' id='par_1_38' title="bbox 2103 1251 3698 1349">
     <span class='ocr_line' id='line_1_38' title="bbox 2103 1251 3698 1349; baseline -0.012 -26"><span class='ocrx_word' id='word_1_297' title='bbox 2103 1283 2462 1324; x_wconf 89' lang='lat' dir='ltr'><strong>reversurum</strong></span> <span class='ocrx_word' id='word_1_298' title='bbox 2497 1267 2555 1322; x_wconf 90' lang='lat' dir='ltr'><strong>in</strong></span> <span class='ocrx_word' id='word_1_299' title='bbox 2581 1265 3023 1349; x_wconf 75' lang='lat' dir='ltr'><strong>corruptionem,</strong></span> <span class='ocrx_word' id='word_1_300' title='bbox 3063 1260 3140 1318; x_wconf 89' lang='lat' dir='ltr'><strong>ita</strong></span> <span class='ocrx_word' id='word_1_301' title='bbox 3167 1258 3309 1315; x_wconf 80' lang='lat' dir='ltr'><strong>dixit</strong></span> <span class='ocrx_word' id='word_1_302' title='bbox 3341 1273 3355 1310; x_wconf 91' lang='lat'><strong>:</strong></span> <span class='ocrx_word' id='word_1_303' title='bbox 3387 1253 3528 1322; x_wconf 85' lang='lat' dir='ltr'><strong>Quia</strong></span> <span class='ocrx_word' id='word_1_304' title='bbox 3554 1251 3698 1308; x_wconf 90' lang='lat' dir='ltr'><strong>dabo</strong></span> 
     </span>
    </p>
   </div>
   <div class='ocr_carea' id='block_1_39' title="bbox 2100 1345 3695 1422">
    <p class='ocr_par' dir='ltr' id='par_1_39' title="bbox 2100 1345 3695 1422">
     <span class='ocr_line' id='line_1_39' title="bbox 2100 1345 3695 1422; baseline -0.013 -6"><span class='ocrx_word' id='word_1_305' title='bbox 2100 1362 2258 1417; x_wconf 81' lang='lat' dir='ltr'><strong>vobis</strong></span> <span class='ocrx_word' id='word_1_306' title='bbox 2311 1369 2503 1416; x_wconf 85' lang='lat' dir='ltr'><strong>sancta</strong></span> <span class='ocrx_word' id='word_1_307' title='bbox 2558 1345 2732 1416; x_wconf 76' lang='lat' dir='ltr'><strong>David</strong></span> <span class='ocrx_word' id='word_1_308' title='bbox 2783 1357 2989 1413; x_wconf 87' lang='lat' dir='ltr'><strong>fidelia.</strong></span> <span class='ocrx_word' id='word_1_309' title='bbox 3033 1353 3274 1422; x_wconf 87' lang='lat' dir='ltr'><strong>Ideoque</strong></span> <span class='ocrx_word' id='word_1_310' title='bbox 3334 1348 3471 1404; x_wconf 87' lang='lat' dir='ltr'><strong>alias</strong></span> <span class='ocrx_word' id='word_1_311' title='bbox 3521 1345 3695 1400; x_wconf 89' lang='lat' dir='ltr'><strong>dicit:</strong></span> 
     </span>
    </p>
   </div>
   <div class='ocr_carea' id='block_1_40' title="bbox 2109 1437 3692 1510">
    <p class='ocr_par' dir='ltr' id='par_1_40' title="bbox 2109 1437 3692 1510">
     <span class='ocr_line' id='line_1_40' title="bbox 2109 1437 3692 1510; baseline -0.012 -4"><span class='ocrx_word' id='word_1_312' title='bbox 2109 1473 2127 1506; x_wconf 85' lang='grc' dir='ltr'><strong>ι</strong></span> <span class='ocrx_word' id='word_1_313' title='bbox 2157 1454 2280 1510; x_wconf 88' lang='lat' dir='ltr'><strong>Non</strong></span> <span class='ocrx_word' id='word_1_314' title='bbox 2309 1452 2468 1508; x_wconf 90' lang='lat' dir='ltr'><strong>dabis</strong></span> <span class='ocrx_word' id='word_1_315' title='bbox 2505 1459 2760 1508; x_wconf 87' lang='lat' dir='ltr'><strong>sanetum</strong></span> <span class='ocrx_word' id='word_1_316' title='bbox 2787 1459 2945 1505; x_wconf 87' lang='lat' dir='ltr'><strong>tuum</strong></span> <span class='ocrx_word' id='word_1_317' title='bbox 2994 1445 3183 1500; x_wconf 89' lang='lat' dir='ltr'><strong>videre</strong></span> <span class='ocrx_word' id='word_1_318' title='bbox 3211 1437 3644 1510; x_wconf 78' lang='lat' dir='ltr'><strong>corruptionem.</strong></span> <span class='ocrx_word' id='word_1_319' title='bbox 3673 1455 3692 1488; x_wconf 78' lang='grc' dir='ltr'><strong>ι</strong></span> 
     </span>
    </p>
   </div>
   <div class='ocr_carea' id='block_1_41' title="bbox 2100 1531 3699 1615">
    <p class='ocr_par' dir='ltr' id='par_1_41' title="bbox 2100 1531 3699 1615">
     <span class='ocr_line' id='line_1_41' title="bbox 2100 1531 3699 1615; baseline -0.013 -12"><span class='ocrx_word' id='word_1_320' title='bbox 2100 1547 2276 1607; x_wconf 84' lang='lat' dir='ltr'><strong>David</strong></span> <span class='ocrx_word' id='word_1_321' title='bbox 2329 1546 2480 1602; x_wconf 88' lang='lat' dir='ltr'><strong>enim</strong></span> <span class='ocrx_word' id='word_1_322' title='bbox 2514 1545 2571 1600; x_wconf 90' lang='lat' dir='ltr'><strong>in</strong></span> <span class='ocrx_word' id='word_1_323' title='bbox 2621 1559 2726 1601; x_wconf 87' lang='lat' dir='ltr'><strong>sua</strong></span> <span class='ocrx_word' id='word_1_324' title='bbox 2777 1539 3158 1615; x_wconf 75' lang='lat' dir='ltr'><strong>generatione,</strong></span> <span class='ocrx_word' id='word_1_325' title='bbox 3209 1551 3334 1591; x_wconf 90' lang='lat' dir='ltr'><strong>cum</strong></span> <span class='ocrx_word' id='word_1_326' title='bbox 3398 1531 3699 1610; x_wconf 81' lang='lat' dir='ltr'><strong>obseeuth</strong></span> 
     </span>
    </p>
   </div>
   <div class='ocr_carea' id='block_1_42' title="bbox 2100 1627 3702 1703">
    <p class='ocr_par' dir='ltr' id='par_1_42' title="bbox 2100 1627 3702 1703">
     <span class='ocr_line' id='line_1_42' title="bbox 2100 1627 3702 1703; baseline -0.013 -6"><span class='ocrx_word' id='word_1_327' title='bbox 2100 1640 2300 1698; x_wconf 79' lang='lat' dir='ltr'><strong>fuisset</strong></span> <span class='ocrx_word' id='word_1_328' title='bbox 2347 1638 2624 1696; x_wconf 83' lang='lat' dir='ltr'><strong>voluntati</strong></span> <span class='ocrx_word' id='word_1_329' title='bbox 2687 1637 2810 1703; x_wconf 88' lang='lat' dir='ltr'><strong>Dei,</strong></span> <span class='ocrx_word' id='word_1_330' title='bbox 2861 1634 3126 1692; x_wconf 82' lang='lat' dir='ltr'><strong>dormivit</strong></span> <span class='ocrx_word' id='word_1_331' title='bbox 3175 1638 3232 1687; x_wconf 95' lang='lat' dir='ltr'><strong>ct</strong></span> <span class='ocrx_word' id='word_1_332' title='bbox 3274 1627 3565 1703; x_wconf 73' lang='lat' dir='ltr'><strong>appositus</strong></span> <span class='ocrx_word' id='word_1_333' title='bbox 3615 1633 3702 1678; x_wconf 85' lang='lat' dir='ltr'><strong>est</strong></span> 
     </span>
    </p>
   </div>
   <div class='ocr_carea' id='block_1_43' title="bbox 2101 1725 3700 1806">
    <p class='ocr_par' dir='ltr' id='par_1_43' title="bbox 2101 1725 3700 1806">
     <span class='ocr_line' id='line_1_43' title="bbox 2101 1725 3700 1806; baseline -0.011 -16"><span class='ocrx_word' id='word_1_334' title='bbox 2101 1735 2170 1792; x_wconf 88' lang='lat' dir='ltr'><strong>ad</strong></span> <span class='ocrx_word' id='word_1_335' title='bbox 2215 1743 2406 1806; x_wconf 81' lang='lat' dir='ltr'><strong>patres</strong></span> <span class='ocrx_word' id='word_1_336' title='bbox 2432 1747 2586 1798; x_wconf 91' lang='lat' dir='ltr'><strong>suos,</strong></span> <span class='ocrx_word' id='word_1_337' title='bbox 2624 1739 2682 1788; x_wconf 91' lang='lat' dir='ltr'><strong>et</strong></span> <span class='ocrx_word' id='word_1_338' title='bbox 2716 1730 2858 1786; x_wconf 89' lang='lat' dir='ltr'><strong>vidit</strong></span> <span class='ocrx_word' id='word_1_339' title='bbox 2885 1725 3335 1798; x_wconf 83' lang='lat' dir='ltr'><strong>corruptionem;</strong></span> <span class='ocrx_word' id='word_1_340' title='bbox 3371 1736 3536 1793; x_wconf 90' lang='lat' dir='ltr'><strong>quem</strong></span> <span class='ocrx_word' id='word_1_341' title='bbox 3567 1733 3700 1774; x_wconf 89' lang='lat' dir='ltr'><strong>vero</strong></span> 
     </span>
    </p>
   </div>
   <div class='ocr_carea' id='block_1_44' title="bbox 2102 1810 3702 1892">
    <p class='ocr_par' dir='ltr' id='par_1_44' title="bbox 2102 1810 3702 1892">
     <span class='ocr_line' id='line_1_44' title="bbox 2102 1810 3702 1892; baseline -0.014 -7"><span class='ocrx_word' id='word_1_342' title='bbox 2102 1830 2252 1884; x_wconf 83' lang='lat' dir='ltr'><strong>Deus</strong></span> <span class='ocrx_word' id='word_1_343' title='bbox 2271 1827 2582 1892; x_wconf 80' lang='lat' dir='ltr'><strong>suscitavit,</strong></span> <span class='ocrx_word' id='word_1_344' title='bbox 2624 1840 2739 1881; x_wconf 90' lang='lat' dir='ltr'><strong>non</strong></span> <span class='ocrx_word' id='word_1_345' title='bbox 2758 1823 2901 1879; x_wconf 88' lang='lat' dir='ltr'><strong>vidit</strong></span> <span class='ocrx_word' id='word_1_346' title='bbox 2924 1819 3366 1890; x_wconf 84' lang='lat' dir='ltr'><strong>corruptionem.</strong></span> <span class='ocrx_word' id='word_1_347' title='bbox 3395 1812 3599 1870; x_wconf 88' lang='lat' dir='ltr'><strong>Notum</strong></span> <span class='ocrx_word' id='word_1_348' title='bbox 3629 1810 3702 1866; x_wconf 86' lang='lat' dir='ltr'><strong>sit</strong></span> 
     </span>
    </p>
   </div>
   <div class='ocr_carea' id='block_1_45' title="bbox 2101 1903 3701 1989">
    <p class='ocr_par' dir='ltr' id='par_1_45' title="bbox 2101 1903 3701 1989">
     <span class='ocr_line' id='line_1_45' title="bbox 2101 1903 3701 1989; baseline -0.013 -11"><span class='ocrx_word' id='word_1_349' title='bbox 2101 1921 2283 1988; x_wconf 84' lang='lat' dir='ltr'><strong>vobis,</strong></span> <span class='ocrx_word' id='word_1_350' title='bbox 2331 1921 2439 1978; x_wconf 82' lang='lat' dir='ltr'><strong>viri</strong></span> <span class='ocrx_word' id='word_1_351' title='bbox 2474 1919 2695 1986; x_wconf 79' lang='lat' dir='ltr'><strong>fratres,</strong></span> <span class='ocrx_word' id='word_1_352' title='bbox 2729 1916 2861 1989; x_wconf 89' lang='lat' dir='ltr'><strong>quia</strong></span> <span class='ocrx_word' id='word_1_353' title='bbox 2891 1923 3123 1987; x_wconf 86' lang='lat' dir='ltr'><strong>propter</strong></span> <span class='ocrx_word' id='word_1_354' title='bbox 3165 1911 3274 1966; x_wconf 88' lang='lat' dir='ltr'><strong>hoc</strong></span> <span class='ocrx_word' id='word_1_355' title='bbox 3306 1905 3466 1963; x_wconf 87' lang='lat' dir='ltr'><strong>vobis</strong></span> <span class='ocrx_word' id='word_1_356' title='bbox 3499 1903 3701 1961; x_wconf 89' lang='lat' dir='ltr'><strong>remis-</strong></span> 
     </span>
    </p>
   </div>
   <div class='ocr_carea' id='block_1_46' title="bbox 2101 1991 3706 2085">
    <p class='ocr_par' dir='ltr' id='par_1_46' title="bbox 2101 1991 3706 2085">
     <span class='ocr_line' id='line_1_46' title="bbox 2101 1991 3706 2085; baseline -0.015 -16"><span class='ocrx_word' id='word_1_357' title='bbox 2101 2015 2186 2070; x_wconf 88' lang='lat' dir='ltr'><strong>sio</strong></span> <span class='ocrx_word' id='word_1_358' title='bbox 2235 2027 2592 2085; x_wconf 84' lang='lat' dir='ltr'><strong>peccatorum</strong></span> <span class='ocrx_word' id='word_1_359' title='bbox 2650 2007 3034 2070; x_wconf 84' lang='lat' dir='ltr'><strong>annuntiatur,</strong></span> <span class='ocrx_word' id='word_1_360' title='bbox 3083 2011 3140 2060; x_wconf 89' lang='lat' dir='ltr'><strong>et</strong></span> <span class='ocrx_word' id='word_1_361' title='bbox 3169 2000 3239 2057; x_wconf 83' lang='lat' dir='ltr'><strong>ab</strong></span> <span class='ocrx_word' id='word_1_362' title='bbox 3291 1995 3552 2054; x_wconf 89' lang='lat' dir='ltr'><strong>omnibus</strong></span> <span class='ocrx_word' id='word_1_363' title='bbox 3579 1991 3706 2064; x_wconf 55' lang='lat' dir='ltr'><strong>qui.</strong></span> 
     </span>
    </p>
   </div>
   <div class='ocr_carea' id='block_1_47' title="bbox 2101 2085 3700 2178">
    <p class='ocr_par' dir='ltr' id='par_1_47' title="bbox 2101 2085 3700 2178">
     <span class='ocr_line' id='line_1_47' title="bbox 2101 2085 3700 2178; baseline -0.016 -14"><span class='ocrx_word' id='word_1_364' title='bbox 2101 2108 2208 2164; x_wconf 84' lang='lat' dir='ltr'><strong>bus</strong></span> <span class='ocrx_word' id='word_1_365' title='bbox 2235 2125 2344 2163; x_wconf 88' lang='lat' dir='ltr'><strong>non</strong></span> <span class='ocrx_word' id='word_1_366' title='bbox 2373 2104 2642 2178; x_wconf 83' lang='lat' dir='ltr'><strong>poteratis</strong></span> <span class='ocrx_word' id='word_1_367' title='bbox 2671 2103 2728 2158; x_wconf 89' lang='lat' dir='ltr'><strong>in</strong></span> <span class='ocrx_word' id='word_1_368' title='bbox 2763 2103 2884 2171; x_wconf 76' lang='lat' dir='ltr'><strong>lege</strong></span> <span class='ocrx_word' id='word_1_369' title='bbox 2912 2094 3086 2169; x_wconf 81' lang='lat' dir='ltr'><strong>Moysi</strong></span> <span class='ocrx_word' id='word_1_370' title='bbox 3109 2089 3442 2168; x_wconf 80' lang='lat' dir='ltr'><strong>justifieari;</strong></span> <span class='ocrx_word' id='word_1_371' title='bbox 3487 2087 3546 2142; x_wconf 89' lang='lat' dir='ltr'><strong>in</strong></span> <span class='ocrx_word' id='word_1_372' title='bbox 3573 2085 3700 2147; x_wconf 86' lang='lat' dir='ltr'><strong>hoc,</strong></span> 
     </span>
    </p>
   </div>
   <div class='ocr_carea' id='block_1_48' title="bbox 2101 2185 3703 2270">
    <p class='ocr_par' dir='ltr' id='par_1_48' title="bbox 2101 2185 3703 2270">
     <span class='ocr_line' id='line_1_48' title="bbox 2101 2185 3703 2270; baseline -0.016 -12"><span class='ocrx_word' id='word_1_373' title='bbox 2101 2202 2287 2259; x_wconf 89' lang='lat' dir='ltr'><strong>omnis</strong></span> <span class='ocrx_word' id='word_1_374' title='bbox 2331 2199 2428 2270; x_wconf 90' lang='lat' dir='ltr'><strong>qui</strong></span> <span class='ocrx_word' id='word_1_375' title='bbox 2475 2197 2674 2264; x_wconf 91' lang='lat' dir='ltr'><strong>credit,</strong></span> <span class='ocrx_word' id='word_1_376' title='bbox 2712 2192 3075 2266; x_wconf 73' lang='lat' dir='ltr'><strong>iustiﬁcetur.</strong></span> <span class='ocrx_word' id='word_1_377' title='bbox 3111 2185 3308 2242; x_wconf 76' lang='lat' dir='ltr'><strong>Videte</strong></span> <span class='ocrx_word' id='word_1_378' title='bbox 3345 2197 3478 2254; x_wconf 75' lang='lat' dir='ltr'><strong>ergo</strong></span> <span class='ocrx_word' id='word_1_379' title='bbox 3507 2194 3578 2236; x_wconf 88' lang='lat' dir='ltr'><strong>ne</strong></span> <span class='ocrx_word' id='word_1_380' title='bbox 3607 2194 3703 2235; x_wconf 81' lang='lat' dir='ltr'><strong>su-</strong></span> 
     </span>
    </p>
   </div>
   <div class='ocr_carea' id='block_1_49' title="bbox 2101 2271 3699 2366">
    <p class='ocr_par' dir='ltr' id='par_1_49' title="bbox 2101 2271 3699 2366">
     <span class='ocr_line' id='line_1_49' title="bbox 2101 2271 3699 2366; baseline -0.016 -16"><span class='ocrx_word' id='word_1_381' title='bbox 2101 2293 2394 2366; x_wconf 84' lang='lat' dir='ltr'><strong>perveniat</strong></span> <span class='ocrx_word' id='word_1_382' title='bbox 2440 2291 2599 2347; x_wconf 84' lang='lat' dir='ltr'><strong>vobis</strong></span> <span class='ocrx_word' id='word_1_383' title='bbox 2652 2287 2800 2360; x_wconf 90' lang='lat' dir='ltr'><strong>quod</strong></span> <span class='ocrx_word' id='word_1_384' title='bbox 2849 2284 3062 2342; x_wconf 78' lang='lat' dir='ltr'><strong>dictum</strong></span> <span class='ocrx_word' id='word_1_385' title='bbox 3115 2289 3202 2336; x_wconf 91' lang='lat' dir='ltr'><strong>est</strong></span> <span class='ocrx_word' id='word_1_386' title='bbox 3251 2279 3308 2334; x_wconf 91' lang='lat' dir='ltr'><strong>in</strong></span> <span class='ocrx_word' id='word_1_387' title='bbox 3361 2271 3699 2348; x_wconf 88' lang='lat' dir='ltr'><strong>prophetis:</strong></span> 
     </span>
    </p>
   </div>
   <div class='ocr_carea' id='block_1_50' title="bbox 2107 2365 3702 2452">
    <p class='ocr_par' dir='ltr' id='par_1_50' title="bbox 2107 2365 3702 2452">
     <span class='ocr_line' id='line_1_50' title="bbox 2107 2365 3702 2452; baseline -0.013 -11"><span class='ocrx_word' id='word_1_388' title='bbox 2107 2365 2128 2441; x_wconf 76' lang='grc' dir='ltr'><strong>ι</strong></span> <span class='ocrx_word' id='word_1_389' title='bbox 2159 2385 2375 2450; x_wconf 76' lang='lat' dir='ltr'><strong>Videte,</strong></span> <span class='ocrx_word' id='word_1_390' title='bbox 2409 2389 2843 2452; x_wconf 87' lang='lat' dir='ltr'><strong>contemptores,</strong></span> <span class='ocrx_word' id='word_1_391' title='bbox 2875 2385 2932 2432; x_wconf 89' lang='lat' dir='ltr'><strong>et</strong></span> <span class='ocrx_word' id='word_1_392' title='bbox 2965 2369 3316 2435; x_wconf 87' lang='lat' dir='ltr'><strong>admiramini</strong></span> <span class='ocrx_word' id='word_1_393' title='bbox 3345 2375 3402 2424; x_wconf 90' lang='lat' dir='ltr'><strong>et</strong></span> <span class='ocrx_word' id='word_1_394' title='bbox 3426 2365 3702 2436; x_wconf 83' lang='lat' dir='ltr'><strong>disperdi-</strong></span> 
     </span>
    </p>
   </div>
   <div class='ocr_carea' id='block_1_51' title="bbox 2100 2458 3704 2550">
    <p class='ocr_par' dir='ltr' id='par_1_51' title="bbox 2100 2458 3704 2550">
     <span class='ocr_line' id='line_1_51' title="bbox 2100 2458 3704 2550; baseline -0.013 -14"><span class='ocrx_word' id='word_1_395' title='bbox 2100 2479 2272 2547; x_wconf 90' lang='lat' dir='ltr'><strong>mini;</strong></span> <span class='ocrx_word' id='word_1_396' title='bbox 2325 2477 2458 2550; x_wconf 86' lang='lat' dir='ltr'><strong>quia</strong></span> <span class='ocrx_word' id='word_1_397' title='bbox 2501 2490 2642 2546; x_wconf 91' lang='lat' dir='ltr'><strong>opus</strong></span> <span class='ocrx_word' id='word_1_398' title='bbox 2700 2487 2903 2544; x_wconf 88' lang='lat' dir='ltr'><strong>operor</strong></span> <span class='ocrx_word' id='word_1_399' title='bbox 2951 2484 3054 2540; x_wconf 80' lang='lat' dir='ltr'><strong>ego</strong></span> <span class='ocrx_word' id='word_1_400' title='bbox 3104 2466 3160 2522; x_wconf 88' lang='lat' dir='ltr'><strong>in</strong></span> <span class='ocrx_word' id='word_1_401' title='bbox 3227 2461 3428 2550; x_wconf 77' lang='lat' dir='ltr'><strong>diebus</strong></span> <span class='ocrx_word' id='word_1_402' title='bbox 3477 2458 3704 2525; x_wconf 86' lang='lat' dir='ltr'><strong>vestris,</strong></span> 
     </span>
    </p>
   </div>
   <div class='ocr_carea' id='block_1_52' title="bbox 2101 2540 3697 2641">
    <p class='ocr_par' dir='ltr' id='par_1_52' title="bbox 2101 2540 3697 2641">
     <span class='ocr_line' id='line_1_52' title="bbox 2101 2540 3697 2641; baseline -0.019 -14"><span class='ocrx_word' id='word_1_403' title='bbox 2101 2569 2250 2641; x_wconf 89' lang='lat' dir='ltr'><strong>quod</strong></span> <span class='ocrx_word' id='word_1_404' title='bbox 2293 2583 2404 2624; x_wconf 88' lang='lat' dir='ltr'><strong>non</strong></span> <span class='ocrx_word' id='word_1_405' title='bbox 2437 2540 2815 2626; x_wconf 23' lang='lat' dir='ltr'><strong>credeturisi</strong></span> <span class='ocrx_word' id='word_1_406' title='bbox 2849 2559 2976 2630; x_wconf 87' lang='lat' dir='ltr'><strong>quis</strong></span> <span class='ocrx_word' id='word_1_407' title='bbox 3022 2540 3371 2611; x_wconf 85' lang='lat' dir='ltr'><strong>enarraverit</strong></span> <span class='ocrx_word' id='word_1_408' title='bbox 3398 2545 3559 2604; x_wconf 83' lang='lat' dir='ltr'><strong>vobis</strong></span> <span class='ocrx_word' id='word_1_409' title='bbox 3583 2546 3628 2578; x_wconf 74' lang='grc'><strong>⁸³</strong></span> <span class='ocrx_word' id='word_1_410' title='bbox 3679 2564 3697 2596; x_wconf 73' lang='grc' dir='ltr'><strong>ι</strong></span> 
     </span>
    </p>
   </div>
   <div class='ocr_carea' id='block_1_53' title="bbox 2101 2636 3706 2722">
    <p class='ocr_par' dir='ltr' id='par_1_53' title="bbox 2101 2636 3706 2722">
     <span class='ocr_line' id='line_1_53' title="bbox 2101 2636 3706 2722; baseline -0.018 -5"><span class='ocrx_word' id='word_1_411' title='bbox 2101 2661 2270 2717; x_wconf 81' lang='lat' dir='ltr'><strong>Isaias</strong></span> <span class='ocrx_word' id='word_1_412' title='bbox 2294 2669 2479 2715; x_wconf 84' lang='lat' dir='ltr'><strong>autem</strong></span> <span class='ocrx_word' id='word_1_413' title='bbox 2512 2657 2715 2712; x_wconf 89' lang='lat' dir='ltr'><strong>clamat</strong></span> <span class='ocrx_word' id='word_1_414' title='bbox 2741 2667 2907 2722; x_wconf 84' lang='lat' dir='ltr'><strong>super</strong></span> <span class='ocrx_word' id='word_1_415' title='bbox 2928 2647 3120 2721; x_wconf 84' lang='lat' dir='ltr'><strong>Israel.</strong></span> <span class='ocrx_word' id='word_1_416' title='bbox 3147 2643 3340 2700; x_wconf 83' lang='lat' dir='ltr'><strong>dicens</strong></span> <span class='ocrx_word' id='word_1_417' title='bbox 3370 2658 3384 2695; x_wconf 90' lang='lat'><strong>:</strong></span> <span class='ocrx_word' id='word_1_418' title='bbox 3416 2660 3434 2692; x_wconf 79' lang='grc' dir='ltr'><strong>ι</strong></span> <span class='ocrx_word' id='word_1_419' title='bbox 3457 2638 3513 2694; x_wconf 87' lang='lat' dir='ltr'><strong>Si</strong></span> <span class='ocrx_word' id='word_1_420' title='bbox 3539 2636 3706 2692; x_wconf 86' lang='lat' dir='ltr'><strong>fuerit</strong></span> 
     </span>
    </p>
   </div>
   <div class='ocr_carea' id='block_1_54' title="bbox 2101 2727 3704 2806">
    <p class='ocr_par' dir='ltr' id='par_1_54' title="bbox 2101 2727 3704 2806">
     <span class='ocr_line' id='line_1_54' title="bbox 2101 2727 3704 2806; baseline -0.017 1"><span class='ocrx_word' id='word_1_421' title='bbox 2101 2765 2373 2806; x_wconf 88' lang='lat' dir='ltr'><strong>numerus</strong></span> <span class='ocrx_word' id='word_1_422' title='bbox 2421 2745 2660 2802; x_wconf 83' lang='lat' dir='ltr'><strong>filiorum</strong></span> <span class='ocrx_word' id='word_1_423' title='bbox 2707 2740 2873 2797; x_wconf 85' lang='lat' dir='ltr'><strong>Israel</strong></span> <span class='ocrx_word' id='word_1_424' title='bbox 2906 2747 2967 2793; x_wconf 93' lang='lat' dir='ltr'><strong>ut</strong></span> <span class='ocrx_word' id='word_1_425' title='bbox 3015 2751 3182 2792; x_wconf 87' lang='lat' dir='ltr'><strong>arena</strong></span> <span class='ocrx_word' id='word_1_426' title='bbox 3226 2730 3415 2794; x_wconf 82' lang='lat' dir='ltr'><strong>maris,</strong></span> <span class='ocrx_word' id='word_1_427' title='bbox 3457 2727 3704 2798; x_wconf 51' lang='lat' dir='ltr'><strong>reliquid:</strong></span> 
     </span>
    </p>
   </div>
   <div class='ocr_carea' id='block_1_55' title="bbox 2103 2821 3700 2906">
    <p class='ocr_par' dir='ltr' id='par_1_55' title="bbox 2103 2821 3700 2906">
     <span class='ocr_line' id='line_1_55' title="bbox 2103 2821 3700 2906; baseline -0.017 -7"><span class='ocrx_word' id='word_1_428' title='bbox 2103 2842 2506 2906; x_wconf 86' lang='lat' dir='ltr'><strong>salvabuntur;</strong></span> <span class='ocrx_word' id='word_1_429' title='bbox 2540 2837 2774 2894; x_wconf 83' lang='lat' dir='ltr'><strong>verbum</strong></span> <span class='ocrx_word' id='word_1_430' title='bbox 2806 2833 2954 2888; x_wconf 83' lang='lat' dir='ltr'><strong>enim</strong></span> <span class='ocrx_word' id='word_1_431' title='bbox 2987 2827 3371 2886; x_wconf 80' lang='lat' dir='ltr'><strong>abbreviatum</strong></span> <span class='ocrx_word' id='word_1_432' title='bbox 3399 2822 3564 2878; x_wconf 86' lang='lat' dir='ltr'><strong>faciet</strong></span> <span class='ocrx_word' id='word_1_433' title='bbox 3595 2821 3700 2876; x_wconf 81' lang='lat' dir='ltr'><strong>Dc-</strong></span> 
     </span>
    </p>
   </div>
   <div class='ocr_carea' id='block_1_56' title="bbox 2103 2913 3709 3004">
    <p class='ocr_par' dir='ltr' id='par_1_56' title="bbox 2103 2913 3709 3004">
     <span class='ocr_line' id='line_1_56' title="bbox 2103 2913 3709 3004; baseline -0.016 -12"><span class='ocrx_word' id='word_1_434' title='bbox 2103 2936 2290 2992; x_wconf 88' lang='lat' dir='ltr'><strong>minus</strong></span> <span class='ocrx_word' id='word_1_435' title='bbox 2337 2948 2505 3004; x_wconf 84' lang='lat' dir='ltr'><strong>super</strong></span> <span class='ocrx_word' id='word_1_436' title='bbox 2539 2927 2884 2992; x_wconf 69' lang='lat' dir='ltr'><strong>terram.°°,t</strong></span> <span class='ocrx_word' id='word_1_437' title='bbox 2941 2932 3004 2978; x_wconf 94' lang='lat' dir='ltr'><strong>u-t</strong></span> <span class='ocrx_word' id='word_1_438' title='bbox 3045 2939 3075 2978; x_wconf 87' lang='lat' dir='ltr'><strong>a</strong></span> <span class='ocrx_word' id='word_1_439' title='bbox 3123 2917 3400 2991; x_wconf 85' lang='lat' dir='ltr'><strong>principio</strong></span> <span class='ocrx_word' id='word_1_440' title='bbox 3451 2913 3709 2986; x_wconf 53' lang='lat' dir='ltr'><strong>praevidit</strong></span> 
     </span>
    </p>
   </div>
   <div class='ocr_carea' id='block_1_57' title="bbox 2105 3007 3710 3086">
    <p class='ocr_par' dir='ltr' id='par_1_57' title="bbox 2105 3007 3710 3086">
     <span class='ocr_line' id='line_1_57' title="bbox 2105 3007 3710 3086; baseline -0.014 -4"><span class='ocrx_word' id='word_1_441' title='bbox 2105 3027 2279 3084; x_wconf 86' lang='lat' dir='ltr'><strong>totius</strong></span> <span class='ocrx_word' id='word_1_442' title='bbox 2325 3023 2520 3082; x_wconf 88' lang='lat' dir='ltr'><strong>mundi</strong></span> <span class='ocrx_word' id='word_1_443' title='bbox 2567 3023 2716 3078; x_wconf 72' lang='lat' dir='ltr'><strong>Deus</strong></span> <span class='ocrx_word' id='word_1_444' title='bbox 2767 3025 2822 3074; x_wconf 90' lang='lat' dir='ltr'><strong>et</strong></span> <span class='ocrx_word' id='word_1_445' title='bbox 2861 3033 2959 3072; x_wconf 92' lang='lat' dir='ltr'><strong>eos</strong></span> <span class='ocrx_word' id='word_1_446' title='bbox 2984 3015 3079 3086; x_wconf 86' lang='lat' dir='ltr'><strong>qui</strong></span> <span class='ocrx_word' id='word_1_447' title='bbox 3131 3015 3188 3068; x_wconf 87' lang='lat' dir='ltr'><strong>in</strong></span> <span class='ocrx_word' id='word_1_448' title='bbox 3249 3011 3414 3065; x_wconf 84' lang='lat' dir='ltr'><strong>tidem</strong></span> <span class='ocrx_word' id='word_1_449' title='bbox 3452 3007 3710 3077; x_wconf 84' lang='lat' dir='ltr'><strong>ingrede-</strong></span> 
     </span>
    </p>
   </div>
   <div class='ocr_carea' id='block_1_58' title="bbox 403 3091 2004 3196">
    <p class='ocr_par' dir='ltr' id='par_1_58' title="bbox 403 3091 2000 3196">
     <span class='ocr_line' id='line_1_58' title="bbox 403 3091 2000 3196; baseline 0.011 -51"><span class='ocrx_word' id='word_1_450' title='bbox 403 3091 684 3196; x_wconf 70' lang='grc' dir='ltr'>ελθόντας,</span> <span class='ocrx_word' id='word_1_451' title='bbox 720 3095 817 3150; x_wconf 80' lang='grc' dir='ltr'>καὶ</span> <span class='ocrx_word' id='word_1_452' title='bbox 849 3097 976 3160; x_wconf 75' lang='grc' dir='ltr'>τοὺς</span> <span class='ocrx_word' id='word_1_453' title='bbox 1003 3101 1071 3170; x_wconf 79' lang='grc' dir='ltr'>τῇ</span> <span class='ocrx_word' id='word_1_454' title='bbox 1105 3100 1344 3174; x_wconf 75' lang='grc' dir='ltr'>ἀπιστίᾳ</span> <span class='ocrx_word' id='word_1_455' title='bbox 1371 3103 1772 3174; x_wconf 74' lang='grc' dir='ltr'>νενοσηκόταςο</span> <span class='ocrx_word' id='word_1_456' title='bbox 1809 3105 2000 3179; x_wconf 73' lang='grc' dir='ltr'>ἐπειδὴ</span> 
     </span>
    </p>
   </div>
   <div class='ocr_carea' id='block_1_59' title="bbox 2108 3091 3704 3196">
    <p class='ocr_par' dir='ltr' id='par_1_59' title="bbox 2108 3097 3704 3184">
     <span class='ocr_line' id='line_1_59' title="bbox 2108 3097 3704 3184; baseline -0.016 -12"><span class='ocrx_word' id='word_1_457' title='bbox 2108 3125 2325 3184; x_wconf 89' lang='lat' dir='ltr'><strong>rentur,</strong></span> <span class='ocrx_word' id='word_1_458' title='bbox 2345 3124 2404 3172; x_wconf 90' lang='lat' dir='ltr'><strong>et</strong></span> <span class='ocrx_word' id='word_1_459' title='bbox 2423 3131 2522 3171; x_wconf 90' lang='lat' dir='ltr'><strong>eos</strong></span> <span class='ocrx_word' id='word_1_460' title='bbox 2549 3112 2646 3184; x_wconf 87' lang='lat' dir='ltr'><strong>qui</strong></span> <span class='ocrx_word' id='word_1_461' title='bbox 2671 3109 2995 3166; x_wconf 79' lang='lat' dir='ltr'><strong>infidelitate.</strong></span> <span class='ocrx_word' id='word_1_462' title='bbox 3014 3105 3356 3159; x_wconf 80' lang='lat' dir='ltr'><strong>laborarent.</strong></span> <span class='ocrx_word' id='word_1_463' title='bbox 3384 3097 3541 3164; x_wconf 80' lang='lat' dir='ltr'><strong>Quod</strong></span> <span class='ocrx_word' id='word_1_464' title='bbox 3557 3098 3704 3150; x_wconf 86' lang='lat' dir='ltr'><strong>enim</strong></span> 
     </span>
    </p>
   </div>
   <div class='ocr_carea' id='block_1_60' title="bbox 404 3184 1998 3272">
    <p class='ocr_par' dir='ltr' id='par_1_60' title="bbox 404 3184 1998 3272">
     <span class='ocr_line' id='line_1_60' title="bbox 404 3184 1998 3272; baseline 0.011 -35"><span class='ocrx_word' id='word_1_465' title='bbox 404 3184 519 3255; x_wconf 70' lang='grc' dir='ltr'>γὰρ</span> <span class='ocrx_word' id='word_1_466' title='bbox 539 3185 792 3255; x_wconf 81' lang='grc' dir='ltr'>λέγουσιν</span> <span class='ocrx_word' id='word_1_467' title='bbox 817 3189 1034 3259; x_wconf 80' lang='grc' dir='ltr'>ὀλίγους</span> <span class='ocrx_word' id='word_1_468' title='bbox 1059 3191 1117 3259; x_wconf 77' lang='grc' dir='ltr'>ἐξ</span> <span class='ocrx_word' id='word_1_469' title='bbox 1143 3193 1324 3248; x_wconf 81' lang='grc' dir='ltr'>αὐτῶν</span> <span class='ocrx_word' id='word_1_470' title='bbox 1346 3194 1604 3268; x_wconf 82' lang='grc' dir='ltr'>δεχθῆναι</span> <span class='ocrx_word' id='word_1_471' title='bbox 1627 3197 1689 3251; x_wconf 88' lang='grc' dir='ltr'><strong>τὸ</strong></span> <span class='ocrx_word' id='word_1_472' title='bbox 1711 3199 1998 3272; x_wconf 85' lang='grc' dir='ltr'>κήρυγμα,</span> 
     </span>
    </p>
   </div>
   <div class='ocr_carea' id='block_1_61' title="bbox 405 3275 2002 3356">
    <p class='ocr_par' dir='ltr' id='par_1_61' title="bbox 405 3275 2002 3356">
     <span class='ocr_line' id='line_1_61' title="bbox 405 3275 2002 3356; baseline 0.01 -29"><span class='ocrx_word' id='word_1_473' title='bbox 405 3275 536 3334; x_wconf 70' lang='grc' dir='ltr'>τοὺς</span> <span class='ocrx_word' id='word_1_474' title='bbox 562 3275 622 3330; x_wconf 84' lang='grc' dir='ltr'><strong>δὲ</strong></span> <span class='ocrx_word' id='word_1_475' title='bbox 649 3275 846 3342; x_wconf 83' lang='grc' dir='ltr'>ἄλλους</span> <span class='ocrx_word' id='word_1_476' title='bbox 878 3279 1128 3345; x_wconf 75' lang='grc' dir='ltr'>ἅπαντας</span> <span class='ocrx_word' id='word_1_477' title='bbox 1157 3281 1218 3346; x_wconf 83' lang='grc' dir='ltr'><strong>ὲξ</strong></span> <span class='ocrx_word' id='word_1_478' title='bbox 1245 3283 1462 3355; x_wconf 80' lang='grc' dir='ltr'>ἀπάτης</span> <span class='ocrx_word' id='word_1_479' title='bbox 1490 3287 1720 3356; x_wconf 85' lang='grc' dir='ltr'>φεύγειν</span> <span class='ocrx_word' id='word_1_480' title='bbox 1740 3328 1754 3351; x_wconf 86' lang='grc'><strong>,</strong></span> <span class='ocrx_word' id='word_1_481' title='bbox 1797 3289 2002 3356; x_wconf 76' lang='grc' dir='ltr'>ἔδειξεν</span> 
     </span>
    </p>
   </div>
   <div class='ocr_carea' id='block_1_62' title="bbox 406 3366 2004 3452">
    <p class='ocr_par' dir='ltr' id='par_1_62' title="bbox 406 3366 2004 3452">
     <span class='ocr_line' id='line_1_62' title="bbox 406 3366 2004 3452; baseline 0.007 -30"><span class='ocrx_word' id='word_1_482' title='bbox 406 3366 618 3422; x_wconf 81' lang='grc' dir='ltr'>ἄνωθεν</span> <span class='ocrx_word' id='word_1_483' title='bbox 649 3370 824 3425; x_wconf 80' lang='grc' dir='ltr'>ταῦτα</span> <span class='ocrx_word' id='word_1_484' title='bbox 855 3371 1204 3443; x_wconf 81' lang='grc' dir='ltr'>προρηθέντα</span> <span class='ocrx_word' id='word_1_485' title='bbox 1224 3390 1238 3406; x_wconf 76' lang='grc' dir='ltr'><strong><em>ο</em></strong></span> <span class='ocrx_word' id='word_1_486' title='bbox 1275 3375 1378 3428; x_wconf 89' lang='grc' dir='ltr'><strong>οὑκ</strong></span> <span class='ocrx_word' id='word_1_487' title='bbox 1407 3375 1474 3430; x_wconf 81' lang='grc' dir='ltr'>ἂν</span> <span class='ocrx_word' id='word_1_488' title='bbox 1501 3377 1892 3448; x_wconf 78' lang='grc' dir='ltr'>ὑπερϐάλλωσι</span> <span class='ocrx_word' id='word_1_489' title='bbox 1925 3381 2004 3452; x_wconf 80' lang='grc' dir='ltr'><strong>τῷ</strong></span> 
     </span>
    </p>
   </div>
   <div class='ocr_carea' id='block_1_63' title="bbox 409 3461 2005 3542">
    <p class='ocr_par' dir='ltr' id='par_1_63' title="bbox 409 3461 2005 3542">
     <span class='ocr_line' id='line_1_63' title="bbox 409 3461 2005 3542; baseline 0.007 -29"><span class='ocrx_word' id='word_1_490' title='bbox 409 3461 610 3532; x_wconf 82' lang='grc' dir='ltr'>πλήθει</span> <span class='ocrx_word' id='word_1_491' title='bbox 659 3464 772 3518; x_wconf 80' lang='grc' dir='ltr'>τῶν</span> <span class='ocrx_word' id='word_1_492' title='bbox 816 3464 1071 3536; x_wconf 82' lang='grc' dir='ltr'>ἀριθμῶν</span> <span class='ocrx_word' id='word_1_493' title='bbox 1115 3467 1208 3521; x_wconf 61' lang='grc' dir='ltr'><strong>καὶ¹</strong></span> <span class='ocrx_word' id='word_1_494' title='bbox 1255 3467 1551 3539; x_wconf 71' lang='grc' dir='ltr'>μιμοῦνται</span> <span class='ocrx_word' id='word_1_495' title='bbox 1589 3471 1688 3539; x_wconf 84' lang='grc' dir='ltr'><strong>τῆς</strong></span> <span class='ocrx_word' id='word_1_496' title='bbox 1723 3469 2005 3542; x_wconf 81' lang='grc' dir='ltr'>θαλάσσης</span> 
     </span>
    </p>
   </div>
   <div class='ocr_carea' id='block_1_64' title="bbox 407 3553 2002 3634">
    <p class='ocr_par' dir='ltr' id='par_1_64' title="bbox 407 3553 2002 3634">
     <span class='ocr_line' id='line_1_64' title="bbox 407 3553 2002 3634; baseline 0.007 -27"><span class='ocrx_word' id='word_1_497' title='bbox 407 3553 504 3608; x_wconf 75' lang='grc' dir='ltr'><strong>τὸν</strong></span> <span class='ocrx_word' id='word_1_498' title='bbox 531 3555 762 3627; x_wconf 83' lang='grc' dir='ltr'>ψάμμον</span> <span class='ocrx_word' id='word_1_499' title='bbox 787 3571 802 3588; x_wconf 79' lang='grc'><strong><em>⁸</em></strong></span> <span class='ocrx_word' id='word_1_500' title='bbox 851 3557 950 3628; x_wconf 83' lang='grc' dir='ltr'><strong>οὑχ</strong></span> <span class='ocrx_word' id='word_1_501' title='bbox 992 3557 1236 3624; x_wconf 72' lang='grc' dir='ltr'>ἅπαντες</span> <span class='ocrx_word' id='word_1_502' title='bbox 1261 3561 1544 3628; x_wconf 82' lang='grc' dir='ltr'>τεύξονται</span> <span class='ocrx_word' id='word_1_503' title='bbox 1573 3563 1673 3633; x_wconf 74' lang='grc' dir='ltr'><strong>τῆς</strong></span> <span class='ocrx_word' id='word_1_504' title='bbox 1701 3563 2002 3634; x_wconf 80' lang='grc' dir='ltr'>σωτηρίας,</span> 
     </span>
    </p>
   </div>
   <div class='ocr_carea' id='block_1_65' title="bbox 409 3644 2010 3726">
    <p class='ocr_par' dir='ltr' id='par_1_65' title="bbox 409 3644 2010 3726">
     <span class='ocr_line' id='line_1_65' title="bbox 409 3644 2010 3726; baseline 0.006 -27"><span class='ocrx_word' id='word_1_505' title='bbox 409 3644 529 3700; x_wconf 80' lang='grc' dir='ltr'>ἀλλ’</span> <span class='ocrx_word' id='word_1_506' title='bbox 557 3649 608 3700; x_wconf 81' lang='grc' dir='ltr'>οἱ</span> <span class='ocrx_word' id='word_1_507' title='bbox 639 3650 706 3719; x_wconf 78' lang='grc' dir='ltr'>τῇ</span> <span class='ocrx_word' id='word_1_508' title='bbox 735 3647 918 3702; x_wconf 88' lang='grc' dir='ltr'>πίστει</span> <span class='ocrx_word' id='word_1_509' title='bbox 945 3649 1336 3721; x_wconf 66' lang='grc' dir='ltr'>κοσμούμενον</span> <span class='ocrx_word' id='word_1_510' title='bbox 1367 3651 1465 3706; x_wconf 80' lang='grc' dir='ltr'>τοῦ</span> <span class='ocrx_word' id='word_1_511' title='bbox 1491 3652 1602 3724; x_wconf 80' lang='grc' dir='ltr'><strong>γὰρ</strong></span> <span class='ocrx_word' id='word_1_512' title='bbox 1629 3655 2010 3726; x_wconf 78' lang='grc' dir='ltr'>συντετμημέο</span> 
     </span>
    </p>
   </div>
   <div class='ocr_carea' id='block_1_66' title="bbox 411 3738 2004 3816">
    <p class='ocr_par' dir='ltr' id='par_1_66' title="bbox 411 3738 2004 3816">
     <span class='ocr_line' id='line_1_66' title="bbox 411 3738 2004 3816; baseline 0.007 -26"><span class='ocrx_word' id='word_1_513' title='bbox 411 3754 505 3791; x_wconf 89' lang='grc' dir='ltr'><strong>νου</strong></span> <span class='ocrx_word' id='word_1_514' title='bbox 537 3738 700 3808; x_wconf 80' lang='grc' dir='ltr'>λόγου</span> <span class='ocrx_word' id='word_1_515' title='bbox 733 3739 796 3794; x_wconf 83' lang='grc' dir='ltr'>ὃν</span> <span class='ocrx_word' id='word_1_516' title='bbox 831 3743 1051 3815; x_wconf 74' lang='grc' dir='ltr'>ποιήσει</span> <span class='ocrx_word' id='word_1_517' title='bbox 1080 3742 1289 3812; x_wconf 80' lang='grc' dir='ltr'>Κύριος</span> <span class='ocrx_word' id='word_1_518' title='bbox 1311 3785 1327 3810; x_wconf 93' lang='grc'><strong>,</strong></span> <span class='ocrx_word' id='word_1_519' title='bbox 1382 3743 1484 3816; x_wconf 84' lang='grc' dir='ltr'><strong>τὴν</strong></span> <span class='ocrx_word' id='word_1_520' title='bbox 1514 3745 1699 3800; x_wconf 87' lang='grc' dir='ltr'>πίστιν</span> <span class='ocrx_word' id='word_1_521' title='bbox 1733 3746 1964 3801; x_wconf 74' lang='grc' dir='ltr'>ἐκάλεσε</span> <span class='ocrx_word' id='word_1_522' title='bbox 1988 3763 2004 3780; x_wconf 78' lang='grc' dir='ltr'><strong><em>ο</em></strong></span> 
     </span>
    </p>
   </div>
   <div class='ocr_carea' id='block_1_67' title="bbox 409 3831 2009 3910">
    <p class='ocr_par' dir='ltr' id='par_1_67' title="bbox 409 3831 2009 3910">
     <span class='ocr_line' id='line_1_67' title="bbox 409 3831 2009 3910; baseline 0.006 -26"><span class='ocrx_word' id='word_1_523' title='bbox 409 3832 506 3884; x_wconf 74' lang='grc' dir='ltr'><strong>καὶ</strong></span> <span class='ocrx_word' id='word_1_524' title='bbox 557 3831 611 3886; x_wconf 79' lang='lat' dir='ltr'><strong>ot</strong></span> <span class='ocrx_word' id='word_1_525' title='bbox 661 3833 727 3904; x_wconf 79' lang='grc' dir='ltr'>τῇ</span> <span class='ocrx_word' id='word_1_526' title='bbox 779 3832 964 3888; x_wconf 84' lang='grc' dir='ltr'>πίστει</span> <span class='ocrx_word' id='word_1_527' title='bbox 1011 3837 1441 3907; x_wconf 84' lang='grc' dir='ltr'>προσελθόντες,</span> <span class='ocrx_word' id='word_1_528' title='bbox 1479 3832 1628 3892; x_wconf 74' lang='grc' dir='ltr'>οὗτοι</span> <span class='ocrx_word' id='word_1_529' title='bbox 1661 3839 2009 3910; x_wconf 81' lang='grc' dir='ltr'>ὑπάρχουσιν</span> 
     </span>
    </p>
   </div>
   <div class='ocr_carea' id='block_1_68' title="bbox 408 3925 2012 4002">
    <p class='ocr_par' dir='ltr' id='par_1_68' title="bbox 408 3925 2012 4002">
     <span class='ocr_line' id='line_1_68' title="bbox 408 3925 2012 4002; baseline 0.006 -26"><span class='ocrx_word' id='word_1_530' title='bbox 408 3925 461 3977; x_wconf 84' lang='lat' dir='ltr'><strong>ot</strong></span> <span class='ocrx_word' id='word_1_531' title='bbox 501 3925 609 3980; x_wconf 82' lang='grc' dir='ltr'><strong>ὑπὸ</strong></span> <span class='ocrx_word' id='word_1_532' title='bbox 641 3925 736 3979; x_wconf 83' lang='grc' dir='ltr'>τοῦ</span> <span class='ocrx_word' id='word_1_533' title='bbox 772 3927 1056 3998; x_wconf 81' lang='grc' dir='ltr'>προφήτου</span> <span class='ocrx_word' id='word_1_534' title='bbox 1091 3930 1516 4001; x_wconf 77' lang='grc' dir='ltr'>ἐγκατάλειμμα</span> <span class='ocrx_word' id='word_1_535' title='bbox 1543 3930 1902 4002; x_wconf 84' lang='grc' dir='ltr'>κακούμενοι,</span> <span class='ocrx_word' id='word_1_536' title='bbox 1929 3932 2012 3986; x_wconf 78' lang='grc' dir='ltr'><strong>οἴ-</strong></span> 
     </span>
    </p>
   </div>
   <div class='ocr_carea' id='block_1_69' title="bbox 407 4015 1338 4092">
    <p class='ocr_par' dir='ltr' id='par_1_69' title="bbox 407 4015 1338 4092">
     <span class='ocr_line' id='line_1_69' title="bbox 407 4015 1338 4092; baseline 0.01 -25"><span class='ocrx_word' id='word_1_537' title='bbox 407 4032 558 4080; x_wconf 82' lang='grc' dir='ltr'>τινες</span> <span class='ocrx_word' id='word_1_538' title='bbox 577 4015 676 4071; x_wconf 79' lang='grc' dir='ltr'><strong>διὰ</strong></span> <span class='ocrx_word' id='word_1_539' title='bbox 703 4017 938 4083; x_wconf 82' lang='grc' dir='ltr'>πίστεως</span> <span class='ocrx_word' id='word_1_540' title='bbox 969 4019 1338 4092; x_wconf 82' lang='grc' dir='ltr'>σωθήσονται.</span> 
     </span>
    </p>
   </div>
   <div class='ocr_carea' id='block_1_70' title="bbox 483 4108 2006 4189">
    <p class='ocr_par' dir='ltr' id='par_1_70' title="bbox 483 4108 2006 4189">
     <span class='ocr_line' id='line_1_70' title="bbox 483 4108 2006 4189; baseline 0.006 -26"><span class='ocrx_word' id='word_1_541' title='bbox 483 4108 557 4164; x_wconf 86' lang='grc' dir='ltr'><strong>Ἦ</strong></span> <span class='ocrx_word' id='word_1_542' title='bbox 605 4110 708 4165; x_wconf 87' lang='grc' dir='ltr'><strong>οὑκ</strong></span> <span class='ocrx_word' id='word_1_543' title='bbox 748 4112 928 4166; x_wconf 72' lang='grc' dir='ltr'>οἴδατε</span> <span class='ocrx_word' id='word_1_544' title='bbox 971 4113 1065 4168; x_wconf 80' lang='grc' dir='ltr'><strong>καὶ</strong></span> <span class='ocrx_word' id='word_1_545' title='bbox 1119 4115 1179 4169; x_wconf 80' lang='grc' dir='ltr'>ὲν</span> <span class='ocrx_word' id='word_1_546' title='bbox 1219 4114 1381 4188; x_wconf 68' lang='grc' dir='ltr'><strong>Ἢλίςι⁸</strong></span> <span class='ocrx_word' id='word_1_547' title='bbox 1426 4115 1481 4169; x_wconf 87' lang='grc' dir='ltr'><strong>τί</strong></span> <span class='ocrx_word' id='word_1_548' title='bbox 1512 4115 1661 4185; x_wconf 80' lang='grc' dir='ltr'>λέγει</span> <span class='ocrx_word' id='word_1_549' title='bbox 1704 4117 1738 4188; x_wconf 82' lang='grc' dir='ltr'><strong>ή</strong></span> <span class='ocrx_word' id='word_1_550' title='bbox 1774 4117 2006 4189; x_wconf 83' lang='grc' dir='ltr'>Γραφή;</span> 
     </span>
    </p>
   </div>
   <div class='ocr_carea' id='block_1_71' title="bbox 417 4203 2006 4280">
    <p class='ocr_par' dir='ltr' id='par_1_71' title="bbox 417 4203 2006 4280">
     <span class='ocr_line' id='line_1_71' title="bbox 417 4203 2006 4280; baseline 0.005 -25"><span class='ocrx_word' id='word_1_551' title='bbox 417 4203 516 4266; x_wconf 82' lang='grc' dir='ltr'>Ὃς</span> <span class='ocrx_word' id='word_1_552' title='bbox 543 4203 864 4274; x_wconf 80' lang='grc' dir='ltr'>ἐντυγχάνει</span> <span class='ocrx_word' id='word_1_553' title='bbox 911 4205 991 4277; x_wconf 82' lang='grc' dir='ltr'><strong>τῷ</strong></span> <span class='ocrx_word' id='word_1_554' title='bbox 1032 4205 1152 4278; x_wconf 82' lang='grc' dir='ltr'>Θεῷ</span> <span class='ocrx_word' id='word_1_555' title='bbox 1187 4209 1334 4263; x_wconf 87' lang='grc' dir='ltr'><strong>κατά</strong></span> <span class='ocrx_word' id='word_1_556' title='bbox 1379 4207 1476 4262; x_wconf 81' lang='grc' dir='ltr'>τοῦ</span> <span class='ocrx_word' id='word_1_557' title='bbox 1525 4208 1744 4280; x_wconf 80' lang='grc' dir='ltr'>Ἰσραὴλ</span> <span class='ocrx_word' id='word_1_558' title='bbox 1793 4209 2006 4278; x_wconf 80' lang='grc' dir='ltr'>λέγων’</span> 
     </span>
    </p>
   </div>
   <div class='ocr_carea' id='block_1_72' title="bbox 417 4295 2012 4372">
    <p class='ocr_par' dir='ltr' id='par_1_72' title="bbox 417 4295 2012 4372">
     <span class='ocr_line' id='line_1_72' title="bbox 417 4295 2012 4372; baseline 0.006 -26"><span class='ocrx_word' id='word_1_559' title='bbox 417 4313 436 4346; x_wconf 83' lang='grc' dir='ltr'><strong>ι</strong></span> <span class='ocrx_word' id='word_1_560' title='bbox 467 4295 666 4368; x_wconf 84' lang='grc' dir='ltr'>Κύριε,</span> <span class='ocrx_word' id='word_1_561' title='bbox 695 4299 826 4366; x_wconf 49' lang='grc' dir='ltr'>τοὺς,</span> <span class='ocrx_word' id='word_1_562' title='bbox 848 4300 1138 4372; x_wconf 79' lang='grc' dir='ltr'>προφήτας</span> <span class='ocrx_word' id='word_1_563' title='bbox 1174 4318 1272 4356; x_wconf 82' lang='grc' dir='ltr'><strong>σου</strong></span> <span class='ocrx_word' id='word_1_564' title='bbox 1305 4301 1659 4368; x_wconf 81' lang='grc' dir='ltr'>ἀπέκτειναν,</span> <span class='ocrx_word' id='word_1_565' title='bbox 1691 4301 1787 4356; x_wconf 72' lang='grc' dir='ltr'>καὶ</span> <span class='ocrx_word' id='word_1_566' title='bbox 1817 4302 1885 4356; x_wconf 81' lang='grc' dir='ltr'>τὰ</span> <span class='ocrx_word' id='word_1_567' title='bbox 1917 4301 2012 4356; x_wconf 82' lang='grc' dir='ltr'>θυ-</span> 
     </span>
    </p>
   </div>
   <div class='ocr_carea' id='block_1_73' title="bbox 412 4391 2006 4467">
    <p class='ocr_par' dir='ltr' id='par_1_73' title="bbox 412 4391 2006 4467">
     <span class='ocr_line' id='line_1_73' title="bbox 412 4391 2006 4467; baseline 0.004 -23"><span class='ocrx_word' id='word_1_568' title='bbox 412 4391 709 4462; x_wconf 86' lang='grc' dir='ltr'>σιαστήριά</span> <span class='ocrx_word' id='word_1_569' title='bbox 739 4409 832 4446; x_wconf 89' lang='grc' dir='ltr'><strong>σου</strong></span> <span class='ocrx_word' id='word_1_570' title='bbox 869 4393 1250 4466; x_wconf 77' lang='grc' dir='ltr'>κατέσκαψαν,</span> <span class='ocrx_word' id='word_1_571' title='bbox 1278 4395 1434 4462; x_wconf 73' lang='grc' dir='ltr'>κάγὼ</span> <span class='ocrx_word' id='word_1_572' title='bbox 1465 4395 1801 4467; x_wconf 75' lang='grc' dir='ltr'>ὑπελείφθην</span> <span class='ocrx_word' id='word_1_573' title='bbox 1824 4397 2006 4464; x_wconf 77' lang='grc' dir='ltr'>μόνος,</span> 
     </span>
    </p>
   </div>
   <div class='ocr_carea' id='block_1_74' title="bbox 2111 3187 3712 3279">
    <p class='ocr_par' dir='ltr' id='par_1_74' title="bbox 2111 3187 3712 3279">
     <span class='ocr_line' id='line_1_74' title="bbox 2111 3187 3712 3279; baseline -0.018 -12"><span class='ocrx_word' id='word_1_574' title='bbox 2111 3209 2298 3266; x_wconf 83' lang='lat' dir='ltr'><strong>dicant</strong></span> <span class='ocrx_word' id='word_1_575' title='bbox 2316 3223 2525 3279; x_wconf 89' lang='lat' dir='ltr'><strong>paucos</strong></span> <span class='ocrx_word' id='word_1_576' title='bbox 2547 3223 2614 3262; x_wconf 79' lang='lat' dir='ltr'><strong>ex</strong></span> <span class='ocrx_word' id='word_1_577' title='bbox 2633 3205 2744 3260; x_wconf 91' lang='lat' dir='ltr'><strong>illis</strong></span> <span class='ocrx_word' id='word_1_578' title='bbox 2761 3199 3034 3272; x_wconf 88' lang='lat' dir='ltr'><strong>recepisse</strong></span> <span class='ocrx_word' id='word_1_579' title='bbox 3066 3191 3538 3266; x_wconf 64' lang='lat' dir='ltr'><strong>prredicationem,</strong></span> <span class='ocrx_word' id='word_1_580' title='bbox 3570 3187 3712 3242; x_wconf 77' lang='lat' dir='ltr'><strong>alios</strong></span> 
     </span>
    </p>
   </div>
   <div class='ocr_carea' id='block_1_75' title="bbox 2110 3279 3706 3356">
    <p class='ocr_par' dir='ltr' id='par_1_75' title="bbox 2110 3279 3706 3356">
     <span class='ocr_line' id='line_1_75' title="bbox 2110 3279 3706 3356; baseline -0.014 -1"><span class='ocrx_word' id='word_1_581' title='bbox 2110 3307 2299 3355; x_wconf 84' lang='lat' dir='ltr'><strong>autem</strong></span> <span class='ocrx_word' id='word_1_582' title='bbox 2329 3311 2525 3352; x_wconf 89' lang='lat' dir='ltr'><strong>omnes</strong></span> <span class='ocrx_word' id='word_1_583' title='bbox 2565 3303 2627 3348; x_wconf 92' lang='lat' dir='ltr'><strong>ut</strong></span> <span class='ocrx_word' id='word_1_584' title='bbox 2671 3293 2743 3348; x_wconf 87' lang='lat' dir='ltr'><strong>ab</strong></span> <span class='ocrx_word' id='word_1_585' title='bbox 2787 3303 2982 3346; x_wconf 90' lang='lat' dir='ltr'><strong>errore</strong></span> <span class='ocrx_word' id='word_1_586' title='bbox 3027 3287 3240 3356; x_wconf 78' lang='lat' dir='ltr'><strong>fugere,</strong></span> <span class='ocrx_word' id='word_1_587' title='bbox 3283 3279 3648 3336; x_wconf 73' lang='lat' dir='ltr'><strong>Ostenderunl</strong></span> <span class='ocrx_word' id='word_1_588' title='bbox 3676 3292 3706 3332; x_wconf 77' lang='grc' dir='ltr'><strong>ε</strong></span> 
     </span>
    </p>
   </div>
   <div class='ocr_carea' id='block_1_76' title="bbox 2110 3369 3710 3463">
    <p class='ocr_par' dir='ltr' id='par_1_76' title="bbox 2110 3369 3710 3463">
     <span class='ocr_line' id='line_1_76' title="bbox 2110 3369 3710 3463; baseline -0.015 -17"><span class='ocrx_word' id='word_1_589' title='bbox 2110 3389 2392 3463; x_wconf 89' lang='lat' dir='ltr'><strong>principio</strong></span> <span class='ocrx_word' id='word_1_590' title='bbox 2428 3387 2548 3440; x_wconf 65' lang='lat' dir='ltr'><strong>haec</strong></span> <span class='ocrx_word' id='word_1_591' title='bbox 2585 3382 2872 3453; x_wconf 57' lang='lat' dir='ltr'><strong>praedicta.</strong></span> <span class='ocrx_word' id='word_1_592' title='bbox 2901 3378 3021 3432; x_wconf 84' lang='lat' dir='ltr'><strong>Non</strong></span> <span class='ocrx_word' id='word_1_593' title='bbox 3054 3379 3322 3444; x_wconf 87' lang='lat' dir='ltr'><strong>superant</strong></span> <span class='ocrx_word' id='word_1_594' title='bbox 3355 3369 3710 3426; x_wconf 80' lang='lat' dir='ltr'><strong>multitudine</strong></span> 
     </span>
    </p>
   </div>
   <div class='ocr_carea' id='block_1_77' title="bbox 2110 3463 3708 3542">
    <p class='ocr_par' dir='ltr' id='par_1_77' title="bbox 2110 3463 3708 3542">
     <span class='ocr_line' id='line_1_77' title="bbox 2110 3463 3708 3542; baseline -0.017 -3"><span class='ocrx_word' id='word_1_595' title='bbox 2110 3480 2333 3539; x_wconf 88' lang='lat' dir='ltr'><strong>numeri</strong></span> <span class='ocrx_word' id='word_1_596' title='bbox 2368 3492 2474 3534; x_wconf 90' lang='lat' dir='ltr'><strong>nec</strong></span> <span class='ocrx_word' id='word_1_597' title='bbox 2527 3475 2819 3542; x_wconf 60' lang='lat' dir='ltr'><strong>adaequant</strong></span> <span class='ocrx_word' id='word_1_598' title='bbox 2863 3482 3086 3526; x_wconf 86' lang='lat' dir='ltr'><strong>arenam</strong></span> <span class='ocrx_word' id='word_1_599' title='bbox 3128 3463 3333 3529; x_wconf 76' lang='lat' dir='ltr'><strong>maris;</strong></span> <span class='ocrx_word' id='word_1_600' title='bbox 3383 3477 3490 3516; x_wconf 89' lang='lat' dir='ltr'><strong>non</strong></span> <span class='ocrx_word' id='word_1_601' title='bbox 3526 3470 3708 3515; x_wconf 82' lang='lat' dir='ltr'><strong>tamen</strong></span> 
     </span>
    </p>
   </div>
   <div class='ocr_carea' id='block_1_78' title="bbox 2113 3549 3712 3634">
    <p class='ocr_par' dir='ltr' id='par_1_78' title="bbox 2113 3549 3712 3634">
     <span class='ocr_line' id='line_1_78' title="bbox 2113 3549 3712 3634; baseline -0.017 -8"><span class='ocrx_word' id='word_1_602' title='bbox 2113 3583 2308 3626; x_wconf 87' lang='lat' dir='ltr'><strong>omnes</strong></span> <span class='ocrx_word' id='word_1_603' title='bbox 2366 3564 2750 3634; x_wconf 79' lang='lat' dir='ltr'><strong>adipiscentur</strong></span> <span class='ocrx_word' id='word_1_604' title='bbox 2788 3558 3048 3619; x_wconf 87' lang='lat' dir='ltr'><strong>salutem,</strong></span> <span class='ocrx_word' id='word_1_605' title='bbox 3091 3553 3190 3609; x_wconf 86' lang='lat' dir='ltr'><strong>sed</strong></span> <span class='ocrx_word' id='word_1_606' title='bbox 3237 3550 3332 3622; x_wconf 90' lang='lat' dir='ltr'><strong>qui</strong></span> <span class='ocrx_word' id='word_1_607' title='bbox 3368 3549 3475 3604; x_wconf 87' lang='lat' dir='ltr'><strong>lide</strong></span> <span class='ocrx_word' id='word_1_608' title='bbox 3502 3563 3712 3603; x_wconf 86' lang='lat' dir='ltr'><strong>ornan-</strong></span> 
     </span>
    </p>
   </div>
   <div class='ocr_carea' id='block_1_79' title="bbox 2115 3637 3715 3725">
    <p class='ocr_par' dir='ltr' id='par_1_79' title="bbox 2115 3637 3715 3725">
     <span class='ocr_line' id='line_1_79' title="bbox 2115 3637 3715 3725; baseline -0.017 -9"><span class='ocrx_word' id='word_1_609' title='bbox 2115 3670 2242 3725; x_wconf 84' lang='lat' dir='ltr'><strong>tur;</strong></span> <span class='ocrx_word' id='word_1_610' title='bbox 2283 3653 2682 3712; x_wconf 85' lang='lat' dir='ltr'><strong>.abbreviatum</strong></span> <span class='ocrx_word' id='word_1_611' title='bbox 2731 3649 2881 3704; x_wconf 89' lang='lat' dir='ltr'><strong>enim</strong></span> <span class='ocrx_word' id='word_1_612' title='bbox 2903 3644 3138 3700; x_wconf 77' lang='lat' dir='ltr'><strong>verbum</strong></span> <span class='ocrx_word' id='word_1_613' title='bbox 3193 3639 3344 3712; x_wconf 88' lang='lat' dir='ltr'><strong>quod</strong></span> <span class='ocrx_word' id='word_1_614' title='bbox 3388 3637 3556 3694; x_wconf 84' lang='lat' dir='ltr'><strong>faciet</strong></span> <span class='ocrx_word' id='word_1_615' title='bbox 3607 3637 3715 3690; x_wconf 85' lang='lat' dir='ltr'><strong>Do-</strong></span> 
     </span>
    </p>
   </div>
   <div class='ocr_carea' id='block_1_80' title="bbox 2115 3729 3710 3808">
    <p class='ocr_par' dir='ltr' id='par_1_80' title="bbox 2115 3729 3710 3808">
     <span class='ocr_line' id='line_1_80' title="bbox 2115 3729 3710 3808; baseline -0.013 -2"><span class='ocrx_word' id='word_1_616' title='bbox 2115 3750 2300 3805; x_wconf 88' lang='lat' dir='ltr'><strong>minus</strong></span> <span class='ocrx_word' id='word_1_617' title='bbox 2346 3747 2512 3802; x_wconf 87' lang='lat' dir='ltr'><strong>lidem</strong></span> <span class='ocrx_word' id='word_1_618' title='bbox 2537 3743 2776 3808; x_wconf 85' lang='lat' dir='ltr'><strong>indicat;</strong></span> <span class='ocrx_word' id='word_1_619' title='bbox 2808 3748 2866 3794; x_wconf 90' lang='lat' dir='ltr'><strong>et</strong></span> <span class='ocrx_word' id='word_1_620' title='bbox 2891 3737 2988 3808; x_wconf 85' lang='lat' dir='ltr'><strong>qui</strong></span> <span class='ocrx_word' id='word_1_621' title='bbox 3022 3736 3078 3790; x_wconf 89' lang='lat' dir='ltr'><strong>in</strong></span> <span class='ocrx_word' id='word_1_622' title='bbox 3105 3733 3269 3788; x_wconf 83' lang='lat' dir='ltr'><strong>ﬁdem</strong></span> <span class='ocrx_word' id='word_1_623' title='bbox 3300 3729 3710 3803; x_wconf 80' lang='lat' dir='ltr'><strong>ingrediuntur,</strong></span> 
     </span>
    </p>
   </div>
   <div class='ocr_carea' id='block_1_81' title="bbox 2115 3816 3712 3908">
    <p class='ocr_par' dir='ltr' id='par_1_81' title="bbox 2115 3816 3712 3908">
     <span class='ocr_line' id='line_1_81' title="bbox 2115 3816 3712 3908; baseline -0.016 -10"><span class='ocrx_word' id='word_1_624' title='bbox 2115 3843 2172 3900; x_wconf 91' lang='lat' dir='ltr'><strong>hi</strong></span> <span class='ocrx_word' id='word_1_625' title='bbox 2226 3849 2358 3898; x_wconf 87' lang='lat' dir='ltr'><strong>sunt</strong></span> <span class='ocrx_word' id='word_1_626' title='bbox 2394 3855 2426 3893; x_wconf 87' lang='lat' dir='ltr'><strong>a</strong></span> <span class='ocrx_word' id='word_1_627' title='bbox 2480 3835 2751 3908; x_wconf 82' lang='lat' dir='ltr'><strong>propheta</strong></span> <span class='ocrx_word' id='word_1_628' title='bbox 2804 3829 3054 3901; x_wconf 64' lang='lat' dir='ltr'><strong>reliquias</strong></span> <span class='ocrx_word' id='word_1_629' title='bbox 3086 3825 3287 3892; x_wconf 79' lang='lat' dir='ltr'><strong>vocati,</strong></span> <span class='ocrx_word' id='word_1_630' title='bbox 3335 3832 3390 3878; x_wconf 91' lang='lat' dir='ltr'><strong>ct</strong></span> <span class='ocrx_word' id='word_1_631' title='bbox 3421 3837 3522 3893; x_wconf 89' lang='lat' dir='ltr'><strong>per</strong></span> <span class='ocrx_word' id='word_1_632' title='bbox 3547 3816 3712 3876; x_wconf 82' lang='lat' dir='ltr'><strong>ﬁdem</strong></span> 
     </span>
    </p>
   </div>
   <div class='ocr_carea' id='block_1_82' title="bbox 2116 3935 2502 4022">
    <p class='ocr_par' dir='ltr' id='par_1_82' title="bbox 2116 3935 2502 4022">
     <span class='ocr_line' id='line_1_82' title="bbox 2116 3935 2502 4022; baseline -0.023 -28"><span class='ocrx_word' id='word_1_633' title='bbox 2116 3935 2502 4022; x_wconf 81' lang='lat' dir='ltr'><strong>salvabuntur.</strong></span> 
     </span>
    </p>
   </div>
   <div class='ocr_carea' id='block_1_83' title="bbox 2189 4103 3713 4186">
    <p class='ocr_par' dir='ltr' id='par_1_83' title="bbox 2189 4103 3713 4186">
     <span class='ocr_line' id='line_1_83' title="bbox 2189 4103 3713 4186; baseline -0.014 -8"><span class='ocrx_word' id='word_1_634' title='bbox 2189 4123 2382 4178; x_wconf 84' lang='lat' dir='ltr'><strong>Nonne</strong></span> <span class='ocrx_word' id='word_1_635' title='bbox 2435 4117 2589 4178; x_wconf 87' lang='lat' dir='ltr'><strong>scitis</strong></span> <span class='ocrx_word' id='word_1_636' title='bbox 2651 4114 2786 4186; x_wconf 88' lang='lat' dir='ltr'><strong>quid</strong></span> <span class='ocrx_word' id='word_1_637' title='bbox 2833 4112 2887 4168; x_wconf 90' lang='lat' dir='ltr'><strong>in</strong></span> <span class='ocrx_word' id='word_1_638' title='bbox 2915 4110 3036 4168; x_wconf 88' lang='lat' dir='ltr'><strong>Elia</strong></span> <span class='ocrx_word' id='word_1_639' title='bbox 3063 4108 3202 4165; x_wconf 90' lang='lat' dir='ltr'><strong>dicit</strong></span> <span class='ocrx_word' id='word_1_640' title='bbox 3237 4104 3568 4178; x_wconf 80' lang='lat' dir='ltr'><strong>Scriptura?</strong></span> <span class='ocrx_word' id='word_1_641' title='bbox 3619 4103 3713 4174; x_wconf 89' lang='lat' dir='ltr'><strong>qui</strong></span> 
     </span>
    </p>
   </div>
   <div class='ocr_carea' id='block_1_84' title="bbox 2119 4197 3716 4270">
    <p class='ocr_par' dir='ltr' id='par_1_84' title="bbox 2119 4197 3716 4270">
     <span class='ocr_line' id='line_1_84' title="bbox 2119 4197 3716 4270; baseline -0.016 1"><span class='ocrx_word' id='word_1_642' title='bbox 2119 4215 2232 4270; x_wconf 88' lang='lat' dir='ltr'><strong>Deo</strong></span> <span class='ocrx_word' id='word_1_643' title='bbox 2279 4219 2472 4269; x_wconf 88' lang='lat' dir='ltr'><strong>contra</strong></span> <span class='ocrx_word' id='word_1_644' title='bbox 2505 4207 2666 4264; x_wconf 84' lang='lat' dir='ltr'><strong>Israel</strong></span> <span class='ocrx_word' id='word_1_645' title='bbox 2702 4205 2840 4260; x_wconf 88' lang='lat' dir='ltr'><strong>dicit</strong></span> <span class='ocrx_word' id='word_1_646' title='bbox 2870 4220 2886 4260; x_wconf 87' lang='lat'>:</span> <span class='ocrx_word' id='word_1_647' title='bbox 2925 4201 3216 4264; x_wconf 65' lang='lat' dir='ltr'><strong>«Domine,</strong></span> <span class='ocrx_word' id='word_1_648' title='bbox 3252 4197 3550 4270; x_wconf 88' lang='lat' dir='ltr'><strong>prophetas</strong></span> <span class='ocrx_word' id='word_1_649' title='bbox 3591 4203 3716 4250; x_wconf 75' lang='lat' dir='ltr'><strong>tuos</strong></span> 
     </span>
    </p>
   </div>
   <div class='ocr_carea' id='block_1_85' title="bbox 2119 4287 3716 4369">
    <p class='ocr_par' dir='ltr' id='par_1_85' title="bbox 2119 4287 3716 4369">
     <span class='ocr_line' id='line_1_85' title="bbox 2119 4287 3716 4369; baseline -0.016 -7"><span class='ocrx_word' id='word_1_650' title='bbox 2119 4305 2469 4369; x_wconf 77' lang='lat' dir='ltr'><strong>occiderunt,</strong></span> <span class='ocrx_word' id='word_1_651' title='bbox 2518 4300 2716 4356; x_wconf 88' lang='lat' dir='ltr'><strong>altaria</strong></span> <span class='ocrx_word' id='word_1_652' title='bbox 2757 4309 2849 4354; x_wconf 90' lang='lat' dir='ltr'><strong>tua</strong></span> <span class='ocrx_word' id='word_1_653' title='bbox 2877 4301 3224 4354; x_wconf 86' lang='lat' dir='ltr'><strong>everterunt,</strong></span> <span class='ocrx_word' id='word_1_654' title='bbox 3256 4303 3312 4348; x_wconf 92' lang='lat' dir='ltr'><strong>et</strong></span> <span class='ocrx_word' id='word_1_655' title='bbox 3357 4306 3460 4361; x_wconf 82' lang='lat' dir='ltr'><strong>ego</strong></span> <span class='ocrx_word' id='word_1_656' title='bbox 3488 4287 3716 4344; x_wconf 72' lang='lat' dir='ltr'><strong>relictus</strong></span> 
     </span>
    </p>
   </div>
   <div class='ocr_carea' id='block_1_86' title="bbox 2119 4379 3714 4463">
    <p class='ocr_par' dir='ltr' id='par_1_86' title="bbox 2119 4379 3714 4463">
     <span class='ocr_line' id='line_1_86' title="bbox 2119 4379 3714 4463; baseline -0.015 -8"><span class='ocrx_word' id='word_1_657' title='bbox 2119 4416 2242 4456; x_wconf 91' lang='lat' dir='ltr'><strong>sum</strong></span> <span class='ocrx_word' id='word_1_658' title='bbox 2290 4397 2463 4461; x_wconf 91' lang='lat' dir='ltr'><strong>solus,</strong></span> <span class='ocrx_word' id='word_1_659' title='bbox 2497 4403 2554 4450; x_wconf 90' lang='lat' dir='ltr'><strong>et</strong></span> <span class='ocrx_word' id='word_1_660' title='bbox 2583 4399 2843 4463; x_wconf 73' lang='lat' dir='ltr'><strong>quaerunt</strong></span> <span class='ocrx_word' id='word_1_661' title='bbox 2875 4389 3122 4444; x_wconf 85' lang='lat' dir='ltr'><strong>animam</strong></span> <span class='ocrx_word' id='word_1_662' title='bbox 3147 4400 3328 4440; x_wconf 88' lang='lat' dir='ltr'><strong>meam</strong></span> <span class='ocrx_word' id='word_1_663' title='bbox 3376 4399 3406 4438; x_wconf 94' lang='lat' dir='ltr'><strong>a</strong></span> <span class='ocrx_word' id='word_1_664' title='bbox 3462 4396 3570 4436; x_wconf 87' lang='lat' dir='ltr'><strong>me.</strong></span> <span class='ocrx_word' id='word_1_665' title='bbox 3608 4379 3714 4435; x_wconf 63' lang='lat' dir='ltr'><strong>Sed</strong></span> 
     </span>
    </p>
   </div>
   <div class='ocr_carea' id='block_1_87' title="bbox 411 4469 2004 4564">
    <p class='ocr_par' dir='ltr' id='par_1_87' title="bbox 411 4481 2004 4558">
     <span class='ocr_line' id='line_1_87' title="bbox 411 4481 2004 4558; baseline 0.004 -22"><span class='ocrx_word' id='word_1_666' title='bbox 411 4483 509 4536; x_wconf 75' lang='grc' dir='ltr'><strong>καὶ</strong></span> <span class='ocrx_word' id='word_1_667' title='bbox 541 4481 767 4556; x_wconf 80' lang='grc' dir='ltr'>ζητοῦσι</span> <span class='ocrx_word' id='word_1_668' title='bbox 793 4484 895 4556; x_wconf 82' lang='grc' dir='ltr'><strong>τὴν</strong></span> <span class='ocrx_word' id='word_1_669' title='bbox 927 4485 1106 4558; x_wconf 76' lang='grc' dir='ltr'>ψυχήν</span> <span class='ocrx_word' id='word_1_670' title='bbox 1136 4504 1237 4556; x_wconf 88' lang='grc' dir='ltr'><strong>μου</strong></span> <span class='ocrx_word' id='word_1_671' title='bbox 1283 4487 1380 4540; x_wconf 78' lang='grc' dir='ltr'>ἀπ’</span> <span class='ocrx_word' id='word_1_672' title='bbox 1409 4486 1546 4558; x_wconf 75' lang='grc' dir='ltr'>ἐμοῦ</span> <span class='ocrx_word' id='word_1_673' title='bbox 1571 4503 1584 4519; x_wconf 73' lang='grc' dir='ltr'><strong><em>ο</em></strong></span> <span class='ocrx_word' id='word_1_674' title='bbox 1618 4485 1754 4541; x_wconf 68' lang='grc' dir='ltr'>ἀλλὰ</span> <span class='ocrx_word' id='word_1_675' title='bbox 1785 4488 1836 4542; x_wconf 87' lang='grc' dir='ltr'><strong>τί</strong></span> <span class='ocrx_word' id='word_1_676' title='bbox 1859 4487 2004 4556; x_wconf 76' lang='grc' dir='ltr'>λέγει</span> 
     </span>
    </p>
   </div>
   <div class='ocr_carea' id='block_1_88' title="bbox 2108 4469 3719 4564">
    <p class='ocr_par' dir='ltr' id='par_1_88' title="bbox 2117 4469 3719 4564">
     <span class='ocr_line' id='line_1_88' title="bbox 2117 4469 3719 4564; baseline -0.016 -16"><span class='ocrx_word' id='word_1_677' title='bbox 2117 4491 2253 4564; x_wconf 91' lang='lat' dir='ltr'><strong>quid</strong></span> <span class='ocrx_word' id='word_1_678' title='bbox 2283 4489 2423 4545; x_wconf 89' lang='lat' dir='ltr'><strong>dicit</strong></span> <span class='ocrx_word' id='word_1_679' title='bbox 2444 4487 2494 4542; x_wconf 85' lang='lat' dir='ltr'><strong>ei</strong></span> <span class='ocrx_word' id='word_1_680' title='bbox 2550 4483 2855 4540; x_wconf 86' lang='lat' dir='ltr'><strong>revelatio?</strong></span> <span class='ocrx_word' id='word_1_681' title='bbox 2889 4477 3114 4550; x_wconf 80' lang='lat' dir='ltr'><strong>Reliqui</strong></span> <span class='ocrx_word' id='word_1_682' title='bbox 3137 4475 3273 4530; x_wconf 89' lang='lat' dir='ltr'><strong>mihi</strong></span> <span class='ocrx_word' id='word_1_683' title='bbox 3304 4481 3513 4544; x_wconf 89' lang='lat' dir='ltr'><strong>septem</strong></span> <span class='ocrx_word' id='word_1_684' title='bbox 3546 4469 3719 4525; x_wconf 84' lang='lat' dir='ltr'><strong>millia</strong></span> 
     </span>
    </p>
   </div>
   <div class='ocr_carea' id='block_1_89' title="bbox 410 4573 2016 4652">
    <p class='ocr_par' dir='ltr' id='par_1_89' title="bbox 410 4573 2016 4652">
     <span class='ocr_line' id='line_1_89' title="bbox 410 4573 2016 4652; baseline 0.004 -24"><span class='ocrx_word' id='word_1_685' title='bbox 410 4573 564 4646; x_wconf 85' lang='grc' dir='ltr'>αὑτῷ</span> <span class='ocrx_word' id='word_1_686' title='bbox 593 4577 620 4629; x_wconf 86' lang='grc' dir='ltr'><strong>ὸ</strong></span> <span class='ocrx_word' id='word_1_687' title='bbox 644 4579 1032 4649; x_wconf 76' lang='grc' dir='ltr'>χρηματισμός</span> <span class='ocrx_word' id='word_1_688' title='bbox 1052 4595 1066 4646; x_wconf 93' lang='grc'><strong>;</strong></span> <span class='ocrx_word' id='word_1_689' title='bbox 1105 4579 1417 4634; x_wconf 84' lang='grc' dir='ltr'>Κατέλιπον</span> <span class='ocrx_word' id='word_1_690' title='bbox 1439 4579 1663 4650; x_wconf 77' lang='grc' dir='ltr'>ἐμαυτῷ</span> <span class='ocrx_word' id='word_1_691' title='bbox 1686 4581 2016 4652; x_wconf 74' lang='grc' dir='ltr'>ἑπτακισχιο</span> 
     </span>
    </p>
   </div>
   <div class='ocr_carea' id='block_1_90' title="bbox 408 4665 2006 4744">
    <p class='ocr_par' dir='ltr' id='par_1_90' title="bbox 408 4665 2006 4744">
     <span class='ocr_line' id='line_1_90' title="bbox 408 4665 2006 4744; baseline 0.004 -24"><span class='ocrx_word' id='word_1_692' title='bbox 408 4665 558 4731; x_wconf 82' lang='grc' dir='ltr'>λίους</span> <span class='ocrx_word' id='word_1_693' title='bbox 583 4665 810 4739; x_wconf 80' lang='grc' dir='ltr'>ἄνδρας,</span> <span class='ocrx_word' id='word_1_694' title='bbox 846 4669 1044 4734; x_wconf 75' lang='grc' dir='ltr'>οἵτινες</span> <span class='ocrx_word' id='word_1_695' title='bbox 1083 4670 1190 4724; x_wconf 85' lang='grc' dir='ltr'>οὐκ</span> <span class='ocrx_word' id='word_1_696' title='bbox 1224 4669 1481 4742; x_wconf 69' lang='grc' dir='ltr'>ἔκαμψαν</span> <span class='ocrx_word' id='word_1_697' title='bbox 1515 4672 1646 4740; x_wconf 86' lang='grc' dir='ltr'>γόνυ</span> <span class='ocrx_word' id='word_1_698' title='bbox 1685 4674 1752 4744; x_wconf 85' lang='grc' dir='ltr'>τῇ</span> <span class='ocrx_word' id='word_1_699' title='bbox 1783 4671 1956 4727; x_wconf 75' lang='grc' dir='ltr'><strong>Βάαλ⁹</strong></span> <span class='ocrx_word' id='word_1_700' title='bbox 1986 4691 2006 4726; x_wconf 78' lang='grc' dir='ltr'><strong>ι</strong></span> 
     </span>
    </p>
   </div>
   <div class='ocr_carea' id='block_1_91' title="bbox 411 4757 2015 4835">
    <p class='ocr_par' dir='ltr' id='par_1_91' title="bbox 411 4757 2015 4835">
     <span class='ocr_line' id='line_1_91' title="bbox 411 4757 2015 4835; baseline 0.004 -23"><span class='ocrx_word' id='word_1_701' title='bbox 411 4757 537 4813; x_wconf 78' lang='grc' dir='ltr'>κατ’</span> <span class='ocrx_word' id='word_1_702' title='bbox 561 4761 794 4824; x_wconf 78' lang='grc' dir='ltr'>ἐκεῖνον,</span> <span class='ocrx_word' id='word_1_703' title='bbox 823 4760 982 4832; x_wconf 75' lang='grc' dir='ltr'>φησὶ,</span> <span class='ocrx_word' id='word_1_704' title='bbox 1008 4761 1101 4815; x_wconf 86' lang='grc' dir='ltr'><strong>τὸν</strong></span> <span class='ocrx_word' id='word_1_705' title='bbox 1132 4761 1328 4831; x_wconf 79' lang='grc' dir='ltr'>καιρὸν</span> <span class='ocrx_word' id='word_1_706' title='bbox 1352 4762 1546 4817; x_wconf 77' lang='grc' dir='ltr'>πολλαὶ</span> <span class='ocrx_word' id='word_1_707' title='bbox 1579 4764 1838 4834; x_wconf 86' lang='grc' dir='ltr'>μυριάδες</span> <span class='ocrx_word' id='word_1_708' title='bbox 1869 4760 2015 4835; x_wconf 78' lang='grc' dir='ltr'>ἦσαν</span> 
     </span>
    </p>
   </div>
   <div class='ocr_carea' id='block_1_92' title="bbox 409 4849 2014 4928">
    <p class='ocr_par' dir='ltr' id='par_1_92' title="bbox 409 4849 2014 4928">
     <span class='ocr_line' id='line_1_92' title="bbox 409 4849 2014 4928; baseline 0.006 -27"><span class='ocrx_word' id='word_1_709' title='bbox 409 4849 492 4922; x_wconf 82' lang='grc' dir='ltr'><strong>τῷ</strong></span> <span class='ocrx_word' id='word_1_710' title='bbox 519 4850 759 4923; x_wconf 80' lang='grc' dir='ltr'>Ἰσραὴλ,</span> <span class='ocrx_word' id='word_1_711' title='bbox 786 4853 880 4906; x_wconf 78' lang='grc' dir='ltr'><strong>καὶ</strong></span> <span class='ocrx_word' id='word_1_712' title='bbox 907 4853 1108 4918; x_wconf 85' lang='grc' dir='ltr'>πάντες</span> <span class='ocrx_word' id='word_1_713' title='bbox 1129 4853 1473 4926; x_wconf 74' lang='grc' dir='ltr'>Ἰσραηλῖται</span> <span class='ocrx_word' id='word_1_714' title='bbox 1495 4855 1864 4928; x_wconf 74' lang='grc' dir='ltr'>ὠνομάζοντοο</span> <span class='ocrx_word' id='word_1_715' title='bbox 1897 4857 2014 4910; x_wconf 87' lang='grc' dir='ltr'>ἀλλ’</span> 
     </span>
    </p>
   </div>
   <div class='ocr_carea' id='block_1_93' title="bbox 411 4943 2016 5020">
    <p class='ocr_par' dir='ltr' id='par_1_93' title="bbox 411 4943 2016 5020">
     <span class='ocr_line' id='line_1_93' title="bbox 411 4943 2016 5020; baseline 0.005 -24"><span class='ocrx_word' id='word_1_716' title='bbox 411 4944 442 4996; x_wconf 75' lang='grc' dir='ltr'>ὁ</span> <span class='ocrx_word' id='word_1_717' title='bbox 469 4943 578 4998; x_wconf 86' lang='grc' dir='ltr'>τῶν</span> <span class='ocrx_word' id='word_1_718' title='bbox 631 4944 770 4998; x_wconf 83' lang='grc' dir='ltr'>ὅλων</span> <span class='ocrx_word' id='word_1_719' title='bbox 824 4944 958 5010; x_wconf 85' lang='grc' dir='ltr'>Θεὸς</span> <span class='ocrx_word' id='word_1_720' title='bbox 999 4947 1108 5000; x_wconf 73' lang='grc' dir='ltr'><strong>τῶν</strong></span> <span class='ocrx_word' id='word_1_721' title='bbox 1155 4948 1586 5020; x_wconf 78' lang='grc' dir='ltr'>ἑπτακισχιλίων</span> <span class='ocrx_word' id='word_1_722' title='bbox 1641 4948 1830 5003; x_wconf 67' lang='grc' dir='ltr'>ἑαυτὸν</span> <span class='ocrx_word' id='word_1_723' title='bbox 1879 4949 2016 5017; x_wconf 68' lang='grc' dir='ltr'>Θεὸν</span> 
     </span>
    </p>
   </div>
   <div class='ocr_carea' id='block_1_94' title="bbox 414 5039 2014 5113">
    <p class='ocr_par' dir='ltr' id='par_1_94' title="bbox 414 5039 2014 5113">
     <span class='ocr_line' id='line_1_94' title="bbox 414 5039 2014 5113; baseline 0.004 -22"><span class='ocrx_word' id='word_1_724' title='bbox 414 5039 852 5110; x_wconf 83' lang='grc' dir='ltr'>προσηγόρευσε,</span> <span class='ocrx_word' id='word_1_725' title='bbox 888 5041 1016 5104; x_wconf 79' lang='grc' dir='ltr'>τοὺς</span> <span class='ocrx_word' id='word_1_726' title='bbox 1051 5040 1109 5094; x_wconf 79' lang='grc' dir='ltr'>δὲ</span> <span class='ocrx_word' id='word_1_727' title='bbox 1153 5041 1348 5107; x_wconf 76' lang='grc' dir='ltr'>ἄλλους</span> <span class='ocrx_word' id='word_1_728' title='bbox 1378 5041 1788 5113; x_wconf 80' lang='grc' dir='ltr'>ἀπεδοκίμασεν</span> <span class='ocrx_word' id='word_1_729' title='bbox 1837 5041 2014 5097; x_wconf 82' lang='grc' dir='ltr'>ἀπαν-</span> 
     </span>
    </p>
   </div>
   <div class='ocr_carea' id='block_1_95' title="bbox 411 5132 2015 5206">
    <p class='ocr_par' dir='ltr' id='par_1_95' title="bbox 411 5132 2015 5206">
     <span class='ocr_line' id='line_1_95' title="bbox 411 5132 2015 5206; baseline 0.004 -22"><span class='ocrx_word' id='word_1_730' title='bbox 411 5147 534 5194; x_wconf 75' lang='grc' dir='ltr'>τας⁴</span> <span class='ocrx_word' id='word_1_731' title='bbox 570 5134 598 5186; x_wconf 82' lang='grc' dir='ltr'><strong>ό</strong></span> <span class='ocrx_word' id='word_1_732' title='bbox 631 5132 816 5202; x_wconf 81' lang='grc' dir='ltr'>μέντοι</span> <span class='ocrx_word' id='word_1_733' title='bbox 862 5135 1154 5205; x_wconf 68' lang='grc' dir='ltr'>προφήτης</span> <span class='ocrx_word' id='word_1_734' title='bbox 1193 5133 1289 5188; x_wconf 76' lang='grc' dir='ltr'><strong>καὶ</strong></span> <span class='ocrx_word' id='word_1_735' title='bbox 1329 5135 1494 5188; x_wconf 75' lang='grc' dir='ltr'>τοῦτο</span> <span class='ocrx_word' id='word_1_736' title='bbox 1543 5135 1730 5206; x_wconf 76' lang='grc' dir='ltr'>ἠγνόει</span> <span class='ocrx_word' id='word_1_737' title='bbox 1757 5175 1774 5200; x_wconf 95' lang='grc'><strong>,</strong></span> <span class='ocrx_word' id='word_1_738' title='bbox 1815 5139 1912 5191; x_wconf 70' lang='grc' dir='ltr'><strong>καὶ</strong></span> <span class='ocrx_word' id='word_1_739' title='bbox 1955 5139 2015 5192; x_wconf 82' lang='grc' dir='ltr'><strong>ὲν</strong></span> 
     </span>
    </p>
   </div>
   <div class='ocr_carea' id='block_1_96' title="bbox 415 5223 2005 5298">
    <p class='ocr_par' dir='ltr' id='par_1_96' title="bbox 415 5223 2005 5298">
     <span class='ocr_line' id='line_1_96' title="bbox 415 5223 2005 5298; baseline 0.004 -20"><span class='ocrx_word' id='word_1_740' title='bbox 415 5223 567 5295; x_wconf 71' lang='grc' dir='ltr'><strong>αὖτῷ</strong></span> <span class='ocrx_word' id='word_1_741' title='bbox 598 5225 746 5296; x_wconf 85' lang='grc' dir='ltr'>μόνῳ</span> <span class='ocrx_word' id='word_1_742' title='bbox 785 5226 852 5280; x_wconf 87' lang='grc' dir='ltr'>τὰ</span> <span class='ocrx_word' id='word_1_743' title='bbox 880 5225 1112 5298; x_wconf 75' lang='grc' dir='ltr'>λείψανα</span> <span class='ocrx_word' id='word_1_744' title='bbox 1143 5224 1416 5290; x_wconf 76' lang='grc' dir='ltr'>σώζεσθαι</span> <span class='ocrx_word' id='word_1_745' title='bbox 1451 5227 1552 5298; x_wconf 76' lang='grc' dir='ltr'>τῆς</span> <span class='ocrx_word' id='word_1_746' title='bbox 1579 5227 1864 5293; x_wconf 77' lang='grc' dir='ltr'>εὐσεϐείας</span> <span class='ocrx_word' id='word_1_747' title='bbox 1898 5229 2005 5284; x_wconf 83' lang='grc' dir='ltr'>ἐνό-</span> 
     </span>
    </p>
   </div>
   <div class='ocr_carea' id='block_1_97' title="bbox 419 5314 2016 5393">
    <p class='ocr_par' dir='ltr' id='par_1_97' title="bbox 419 5314 2016 5393">
     <span class='ocr_line' id='line_1_97' title="bbox 419 5314 2016 5393; baseline 0.004 -23"><span class='ocrx_word' id='word_1_748' title='bbox 419 5316 760 5388; x_wconf 76' lang='grc' dir='ltr'>μὶζενόὑδὲν</span> <span class='ocrx_word' id='word_1_749' title='bbox 790 5314 884 5374; x_wconf 82' lang='grc' dir='ltr'>οὖν</span> <span class='ocrx_word' id='word_1_750' title='bbox 913 5320 1104 5374; x_wconf 85' lang='grc' dir='ltr'>καινὸν</span> <span class='ocrx_word' id='word_1_751' title='bbox 1133 5319 1230 5374; x_wconf 79' lang='grc' dir='ltr'><strong>καὶ</strong></span> <span class='ocrx_word' id='word_1_752' title='bbox 1262 5321 1570 5393; x_wconf 81' lang='grc' dir='ltr'>παράδοξον</span> <span class='ocrx_word' id='word_1_753' title='bbox 1593 5361 1606 5384; x_wconf 84' lang='grc'><strong>,</strong></span> <span class='ocrx_word' id='word_1_754' title='bbox 1638 5323 1688 5375; x_wconf 82' lang='grc' dir='ltr'><strong>εί</strong></span> <span class='ocrx_word' id='word_1_755' title='bbox 1719 5323 1815 5375; x_wconf 78' lang='grc' dir='ltr'><strong>καὶ</strong></span> <span class='ocrx_word' id='word_1_756' title='bbox 1854 5322 2016 5393; x_wconf 88' lang='grc' dir='ltr'>ὑμεῖς</span> 
     </span>
    </p>
   </div>
   <div class='ocr_carea' id='block_1_98' title="bbox 415 5412 2012 5487">
    <p class='ocr_par' dir='ltr' id='par_1_98' title="bbox 415 5412 2012 5487">
     <span class='ocr_line' id='line_1_98' title="bbox 415 5412 2012 5487; baseline 0.003 -20"><span class='ocrx_word' id='word_1_757' title='bbox 415 5413 689 5480; x_wconf 83' lang='grc' dir='ltr'>ἀγνοεῖτε,</span> <span class='ocrx_word' id='word_1_758' title='bbox 719 5412 847 5477; x_wconf 78' lang='grc' dir='ltr'>τοὺς</span> <span class='ocrx_word' id='word_1_759' title='bbox 883 5413 940 5482; x_wconf 77' lang='grc' dir='ltr'>ἐξ</span> <span class='ocrx_word' id='word_1_760' title='bbox 976 5413 1133 5484; x_wconf 84' lang='grc' dir='ltr'>ὑμῶν</span> <span class='ocrx_word' id='word_1_761' title='bbox 1173 5413 1254 5487; x_wconf 81' lang='grc' dir='ltr'>τῷ</span> <span class='ocrx_word' id='word_1_762' title='bbox 1301 5413 1524 5485; x_wconf 82' lang='grc' dir='ltr'>Σωτῆρι</span> <span class='ocrx_word' id='word_1_763' title='bbox 1545 5417 2012 5484; x_wconf 81' lang='grc' dir='ltr'>πεπιστευκότας,</span> 
     </span>
    </p>
   </div>
   <div class='ocr_carea' id='block_1_99' title="bbox 413 5504 2014 5579">
    <p class='ocr_par' dir='ltr' id='par_1_99' title="bbox 413 5504 2014 5579">
     <span class='ocr_line' id='line_1_99' title="bbox 413 5504 2014 5579; baseline 0.002 -19"><span class='ocrx_word' id='word_1_764' title='bbox 413 5504 512 5570; x_wconf 73' lang='grc' dir='ltr'>οὓς</span> <span class='ocrx_word' id='word_1_765' title='bbox 533 5507 665 5560; x_wconf 85' lang='grc' dir='ltr'>λαὸν</span> <span class='ocrx_word' id='word_1_766' title='bbox 703 5507 732 5560; x_wconf 86' lang='grc' dir='ltr'><strong>ό</strong></span> <span class='ocrx_word' id='word_1_767' title='bbox 775 5506 886 5560; x_wconf 86' lang='grc' dir='ltr'><strong>τῶν</strong></span> <span class='ocrx_word' id='word_1_768' title='bbox 917 5506 1054 5562; x_wconf 80' lang='grc' dir='ltr'>ὅλων</span> <span class='ocrx_word' id='word_1_769' title='bbox 1089 5506 1492 5579; x_wconf 84' lang='grc' dir='ltr'>προσαγορεύει</span> <span class='ocrx_word' id='word_1_770' title='bbox 1523 5508 1680 5572; x_wconf 69' lang='grc' dir='ltr'>Θεζςο</span> <span class='ocrx_word' id='word_1_771' title='bbox 1713 5506 1889 5572; x_wconf 75' lang='grc' dir='ltr'>οὕτως</span> <span class='ocrx_word' id='word_1_772' title='bbox 1919 5505 2014 5564; x_wconf 76' lang='grc' dir='ltr'><strong>οὖν</strong></span> 
     </span>
    </p>
   </div>
   <div class='ocr_carea' id='block_1_100' title="bbox 422 5597 2017 5674">
    <p class='ocr_par' dir='ltr' id='par_1_100' title="bbox 422 5597 2017 5674">
     <span class='ocr_line' id='line_1_100' title="bbox 422 5597 2017 5674; baseline 0 -20"><span class='ocrx_word' id='word_1_773' title='bbox 422 5597 518 5654; x_wconf 65' lang='grc' dir='ltr'><strong>καὶ</strong></span> <span class='ocrx_word' id='word_1_774' title='bbox 543 5601 604 5654; x_wconf 75' lang='grc' dir='ltr'>ἐν</span> <span class='ocrx_word' id='word_1_775' title='bbox 637 5597 736 5674; x_wconf 69' lang='grc' dir='ltr'>νῦν</span> <span class='ocrx_word' id='word_1_776' title='bbox 769 5597 948 5672; x_wconf 85' lang='grc' dir='ltr'>καιρῷ</span> <span class='ocrx_word' id='word_1_777' title='bbox 985 5599 1194 5671; x_wconf 84' lang='grc' dir='ltr'>λεῖμμα</span> <span class='ocrx_word' id='word_1_778' title='bbox 1231 5601 1350 5654; x_wconf 86' lang='grc' dir='ltr'>κατ’</span> <span class='ocrx_word' id='word_1_779' title='bbox 1381 5600 1617 5674; x_wconf 73' lang='grc' dir='ltr'>ἐκλογὴν</span> <span class='ocrx_word' id='word_1_780' title='bbox 1659 5599 1883 5674; x_wconf 81' lang='grc' dir='ltr'>χάριτος</span> <span class='ocrx_word' id='word_1_781' title='bbox 1923 5601 2017 5670; x_wconf 83' lang='grc' dir='ltr'>γέ-</span> 
     </span>
    </p>
   </div>
   <div class='ocr_carea' id='block_1_101' title="bbox 490 5781 1056 5845">
    <p class='ocr_par' dir='ltr' id='par_1_101' title="bbox 490 5781 1056 5845">
     <span class='ocr_line' id='line_1_101' title="bbox 490 5781 1056 5845; baseline 0.004 -7"><span class='ocrx_word' id='word_1_782' title='bbox 490 5781 544 5815; x_wconf 77' lang='grc'><strong>⁸⁸</strong></span> <span class='ocrx_word' id='word_1_783' title='bbox 567 5783 684 5841; x_wconf 80' lang='lat' dir='ltr'><strong>Act.</strong></span> <span class='ocrx_word' id='word_1_784' title='bbox 721 5801 837 5845; x_wconf 73' lang='lat' dir='ltr'><strong>xm,</strong></span> <span class='ocrx_word' id='word_1_785' title='bbox 871 5785 1056 5840; x_wconf 72' lang='lat' dir='ltr'><strong>l7-55.</strong></span> 
     </span>
    </p>
   </div>
   <div class='ocr_carea' id='block_1_102' title="bbox 421 5852 867 5925">
    <p class='ocr_par' dir='ltr' id='par_1_102' title="bbox 421 5852 867 5925">
     <span class='ocr_line' id='line_1_102' title="bbox 421 5852 867 5925; baseline -0.004 -12"><span class='ocrx_word' id='word_1_786' title='bbox 421 5852 586 5914; x_wconf 72' lang='lat' dir='ltr'><strong>Item.</strong></span> <span class='ocrx_word' id='word_1_787' title='bbox 646 5872 719 5925; x_wconf 67' lang='lat' dir='ltr'><strong>xv,</strong></span> <span class='ocrx_word' id='word_1_788' title='bbox 752 5859 808 5911; x_wconf 75' lang='lat'><strong>‘2-</strong></span> <span class='ocrx_word' id='word_1_789' title='bbox 827 5861 867 5913; x_wconf 81' lang='grc' dir='ltr'>ι.</span> 
     </span>
    </p>
   </div>
   <div class='ocr_carea' id='block_1_103' title="bbox 1153 5785 1600 5845">
    <p class='ocr_par' dir='ltr' id='par_1_103' title="bbox 1153 5785 1600 5845">
     <span class='ocr_line' id='line_1_103' title="bbox 1153 5785 1600 5845; baseline 0.011 -5"><span class='ocrx_word' id='word_1_790' title='bbox 1153 5785 1198 5818; x_wconf 66' lang='grc'><strong>⁸9</strong></span> <span class='ocrx_word' id='word_1_791' title='bbox 1241 5785 1378 5842; x_wconf 78' lang='lat' dir='ltr'><strong>ibid.</strong></span> <span class='ocrx_word' id='word_1_792' title='bbox 1409 5789 1568 5845; x_wconf 72' lang='grc' dir='ltr'>εις-ιι</span> <span class='ocrx_word' id='word_1_793' title='bbox 1587 5831 1600 5845; x_wconf 94' lang='grc'>.</span> 
     </span>
    </p>
   </div>
   <div class='ocr_carea' id='block_1_104' title="bbox 947 5858 1507 5928">
    <p class='ocr_par' dir='ltr' id='par_1_104' title="bbox 947 5858 1507 5928">
     <span class='ocr_line' id='line_1_104' title="bbox 947 5858 1507 5928; baseline 0.005 -15"><span class='ocrx_word' id='word_1_794' title='bbox 947 5861 990 5890; x_wconf 66' lang='grc' dir='ltr'><strong>ε”ι</strong></span> <span class='ocrx_word' id='word_1_795' title='bbox 1033 5858 1193 5914; x_wconf 69' lang='lat' dir='ltr'><strong>Itum.</strong></span> <span class='ocrx_word' id='word_1_796' title='bbox 1239 5873 1315 5925; x_wconf 76' lang='lat' dir='ltr'><strong>xl,</strong></span> <span class='ocrx_word' id='word_1_797' title='bbox 1348 5859 1402 5928; x_wconf 69' lang='grc'>5,</span> <span class='ocrx_word' id='word_1_798' title='bbox 1455 5859 1507 5916; x_wconf 84' lang='grc' dir='ltr'><strong>ϐ.</strong></span> 
     </span>
    </p>
   </div>
   <div class='ocr_carea' id='block_1_105' title="bbox 2111 4562 3710 4650">
    <p class='ocr_par' dir='ltr' id='par_1_105' title="bbox 2111 4562 3710 4650">
     <span class='ocr_line' id='line_1_105' title="bbox 2111 4562 3710 4650; baseline -0.017 -10"><span class='ocrx_word' id='word_1_799' title='bbox 2111 4585 2386 4646; x_wconf 88' lang='lat' dir='ltr'><strong>virorum,</strong></span> <span class='ocrx_word' id='word_1_800' title='bbox 2425 4569 2524 4650; x_wconf 81' lang='lat' dir='ltr'><strong>qui</strong></span> <span class='ocrx_word' id='word_1_801' title='bbox 2558 4591 2671 4632; x_wconf 90' lang='lat' dir='ltr'><strong>non</strong></span> <span class='ocrx_word' id='word_1_802' title='bbox 2701 4577 3081 4631; x_wconf 86' lang='lat' dir='ltr'><strong>curvaverunt</strong></span> <span class='ocrx_word' id='word_1_803' title='bbox 3102 4585 3247 4640; x_wconf 80' lang='lat' dir='ltr'><strong>genu</strong></span> <span class='ocrx_word' id='word_1_804' title='bbox 3281 4575 3410 4622; x_wconf 88' lang='lat' dir='ltr'><strong>ante</strong></span> <span class='ocrx_word' id='word_1_805' title='bbox 3433 4563 3559 4620; x_wconf 85' lang='lat' dir='ltr'><strong>Baal</strong></span> <span class='ocrx_word' id='word_1_806' title='bbox 3593 4562 3660 4618; x_wconf 83' lang='lat'><strong>&quot;.</strong></span> <span class='ocrx_word' id='word_1_807' title='bbox 3693 4581 3710 4612; x_wconf 74' lang='grc' dir='ltr'><strong>ι</strong></span> 
     </span>
    </p>
   </div>
   <div class='ocr_carea' id='block_1_106' title="bbox 2114 4655 3715 4744">
    <p class='ocr_par' dir='ltr' id='par_1_106' title="bbox 2114 4655 3715 4744">
     <span class='ocr_line' id='line_1_106' title="bbox 2114 4655 3715 4744; baseline -0.016 -11"><span class='ocrx_word' id='word_1_808' title='bbox 2114 4677 2233 4741; x_wconf 90' lang='lat' dir='ltr'><strong>Illo,</strong></span> <span class='ocrx_word' id='word_1_809' title='bbox 2276 4673 2478 4744; x_wconf 85' lang='lat' dir='ltr'><strong>inquit,</strong></span> <span class='ocrx_word' id='word_1_810' title='bbox 2531 4679 2784 4739; x_wconf 89' lang='lat' dir='ltr'><strong>tempore</strong></span> <span class='ocrx_word' id='word_1_811' title='bbox 2829 4665 3008 4720; x_wconf 89' lang='lat' dir='ltr'><strong>multa</strong></span> <span class='ocrx_word' id='word_1_812' title='bbox 3037 4660 3210 4717; x_wconf 86' lang='lat' dir='ltr'><strong>millia</strong></span> <span class='ocrx_word' id='word_1_813' title='bbox 3242 4668 3402 4716; x_wconf 88' lang='lat' dir='ltr'><strong>erant</strong></span> <span class='ocrx_word' id='word_1_814' title='bbox 3434 4659 3489 4711; x_wconf 89' lang='lat' dir='ltr'><strong>in</strong></span> <span class='ocrx_word' id='word_1_815' title='bbox 3523 4655 3715 4716; x_wconf 84' lang='lat' dir='ltr'><strong>Israel,</strong></span> 
     </span>
    </p>
   </div>
   <div class='ocr_carea' id='block_1_107' title="bbox 2115 4748 3716 4830">
    <p class='ocr_par' dir='ltr' id='par_1_107' title="bbox 2115 4748 3716 4830">
     <span class='ocr_line' id='line_1_107' title="bbox 2115 4748 3716 4830; baseline -0.015 -4"><span class='ocrx_word' id='word_1_816' title='bbox 2115 4777 2175 4826; x_wconf 79' lang='lat' dir='ltr'><strong>et</strong></span> <span class='ocrx_word' id='word_1_817' title='bbox 2211 4782 2405 4824; x_wconf 77' lang='lat' dir='ltr'><strong>omnes</strong></span> <span class='ocrx_word' id='word_1_818' title='bbox 2429 4762 2692 4820; x_wconf 70' lang='lat' dir='ltr'><strong>Israelita:</strong></span> <span class='ocrx_word' id='word_1_819' title='bbox 2716 4756 3162 4830; x_wconf 83' lang='lat' dir='ltr'><strong>appellabantur.</strong></span> <span class='ocrx_word' id='word_1_820' title='bbox 3191 4751 3299 4808; x_wconf 89' lang='lat' dir='ltr'><strong>Sed</strong></span> <span class='ocrx_word' id='word_1_821' title='bbox 3327 4750 3497 4806; x_wconf 78' lang='lat' dir='ltr'><strong>totius</strong></span> <span class='ocrx_word' id='word_1_822' title='bbox 3523 4748 3716 4802; x_wconf 85' lang='lat' dir='ltr'><strong>mundi</strong></span> 
     </span>
    </p>
   </div>
   <div class='ocr_carea' id='block_1_108' title="bbox 2115 4843 3724 4932">
    <p class='ocr_par' dir='ltr' id='par_1_108' title="bbox 2115 4843 3724 4932">
     <span class='ocr_line' id='line_1_108' title="bbox 2115 4843 3724 4932; baseline -0.016 -12"><span class='ocrx_word' id='word_1_823' title='bbox 2115 4865 2264 4920; x_wconf 87' lang='lat' dir='ltr'><strong>Deus</strong></span> <span class='ocrx_word' id='word_1_824' title='bbox 2305 4868 2516 4932; x_wconf 89' lang='lat' dir='ltr'><strong>septem</strong></span> <span class='ocrx_word' id='word_1_825' title='bbox 2569 4855 2805 4912; x_wconf 89' lang='lat' dir='ltr'><strong>millium</strong></span> <span class='ocrx_word' id='word_1_826' title='bbox 2837 4853 3010 4908; x_wconf 88' lang='lat' dir='ltr'><strong>Deum</strong></span> <span class='ocrx_word' id='word_1_827' title='bbox 3043 4865 3102 4904; x_wconf 91' lang='lat' dir='ltr'><strong>sc</strong></span> <span class='ocrx_word' id='word_1_828' title='bbox 3129 4861 3251 4902; x_wconf 88' lang='lat' dir='ltr'><strong>esse</strong></span> <span class='ocrx_word' id='word_1_829' title='bbox 3299 4843 3456 4909; x_wconf 77' lang='lat' dir='ltr'><strong>dixit,</strong></span> <span class='ocrx_word' id='word_1_830' title='bbox 3487 4851 3724 4898; x_wconf 75' lang='lat' dir='ltr'><strong>cretcros</strong></span> 
     </span>
    </p>
   </div>
   <div class='ocr_carea' id='block_1_109' title="bbox 2116 4935 3714 5022">
    <p class='ocr_par' dir='ltr' id='par_1_109' title="bbox 2116 4935 3714 5022">
     <span class='ocr_line' id='line_1_109' title="bbox 2116 4935 3714 5022; baseline -0.016 -9"><span class='ocrx_word' id='word_1_831' title='bbox 2116 4965 2303 5013; x_wconf 89' lang='lat' dir='ltr'><strong>autem</strong></span> <span class='ocrx_word' id='word_1_832' title='bbox 2349 4969 2545 5010; x_wconf 89' lang='lat' dir='ltr'><strong>omnes</strong></span> <span class='ocrx_word' id='word_1_833' title='bbox 2591 4949 2804 5022; x_wconf 86' lang='lat' dir='ltr'><strong>rejecit.</strong></span> <span class='ocrx_word' id='word_1_834' title='bbox 2847 4945 3128 5016; x_wconf 87' lang='lat' dir='ltr'><strong>Propheta</strong></span> <span class='ocrx_word' id='word_1_835' title='bbox 3174 4949 3356 4995; x_wconf 88' lang='lat' dir='ltr'><strong>tamen</strong></span> <span class='ocrx_word' id='word_1_836' title='bbox 3399 4937 3507 4992; x_wconf 93' lang='lat' dir='ltr'><strong>hoc</strong></span> <span class='ocrx_word' id='word_1_837' title='bbox 3557 4935 3714 5007; x_wconf 73' lang='lat' dir='ltr'><strong>igno~</strong></span> 
     </span>
    </p>
   </div>
   <div class='ocr_carea' id='block_1_110' title="bbox 2117 5027 3720 5114">
    <p class='ocr_par' dir='ltr' id='par_1_110' title="bbox 2117 5027 3720 5114">
     <span class='ocr_line' id='line_1_110' title="bbox 2117 5027 3720 5114; baseline -0.014 -9"><span class='ocrx_word' id='word_1_838' title='bbox 2117 5049 2300 5114; x_wconf 84' lang='lat' dir='ltr'><strong>rabat,</strong></span> <span class='ocrx_word' id='word_1_839' title='bbox 2335 5057 2392 5104; x_wconf 85' lang='lat' dir='ltr'><strong>et</strong></span> <span class='ocrx_word' id='word_1_840' title='bbox 2425 5047 2480 5102; x_wconf 89' lang='lat' dir='ltr'><strong>in</strong></span> <span class='ocrx_word' id='word_1_841' title='bbox 2529 5061 2590 5102; x_wconf 92' lang='lat' dir='ltr'><strong>se</strong></span> <span class='ocrx_word' id='word_1_842' title='bbox 2634 5045 2754 5100; x_wconf 86' lang='lat' dir='ltr'><strong>solo</strong></span> <span class='ocrx_word' id='word_1_843' title='bbox 2800 5039 3071 5111; x_wconf 81' lang='lat' dir='ltr'><strong>reliquias</strong></span> <span class='ocrx_word' id='word_1_844' title='bbox 3115 5033 3316 5092; x_wconf 84' lang='lat' dir='ltr'><strong>salvari</strong></span> <span class='ocrx_word' id='word_1_845' title='bbox 3347 5030 3570 5103; x_wconf 85' lang='lat' dir='ltr'><strong>pictatis</strong></span> <span class='ocrx_word' id='word_1_846' title='bbox 3601 5027 3720 5083; x_wconf 55' lang='lat' dir='ltr'><strong>exi.</strong></span> 
     </span>
    </p>
   </div>
   <div class='ocr_carea' id='block_1_111' title="bbox 2117 5124 3712 5208">
    <p class='ocr_par' dir='ltr' id='par_1_111' title="bbox 2117 5124 3712 5208">
     <span class='ocr_line' id='line_1_111' title="bbox 2117 5124 3712 5208; baseline -0.013 -11"><span class='ocrx_word' id='word_1_847' title='bbox 2117 5141 2400 5198; x_wconf 85' lang='lat' dir='ltr'><strong>stimahat.</strong></span> <span class='ocrx_word' id='word_1_848' title='bbox 2459 5137 2686 5195; x_wconf 81' lang='lat' dir='ltr'><strong>Minime</strong></span> <span class='ocrx_word' id='word_1_849' title='bbox 2735 5135 2905 5208; x_wconf 79' lang='lat' dir='ltr'><strong>igitur</strong></span> <span class='ocrx_word' id='word_1_850' title='bbox 2933 5131 3137 5188; x_wconf 90' lang='lat' dir='ltr'><strong>mirum</strong></span> <span class='ocrx_word' id='word_1_851' title='bbox 3184 5136 3241 5184; x_wconf 88' lang='lat' dir='ltr'><strong>et</strong></span> <span class='ocrx_word' id='word_1_852' title='bbox 3273 5134 3620 5186; x_wconf 77' lang='lat' dir='ltr'><strong>extraneum,</strong></span> <span class='ocrx_word' id='word_1_853' title='bbox 3667 5124 3712 5177; x_wconf 95' lang='lat' dir='ltr'><strong>si</strong></span> 
     </span>
    </p>
   </div>
   <div class='ocr_carea' id='block_1_112' title="bbox 2116 5215 3712 5300">
    <p class='ocr_par' dir='ltr' id='par_1_112' title="bbox 2116 5215 3712 5300">
     <span class='ocr_line' id='line_1_112' title="bbox 2116 5215 3712 5300; baseline -0.012 -15"><span class='ocrx_word' id='word_1_854' title='bbox 2116 5245 2217 5286; x_wconf 91' lang='lat' dir='ltr'><strong>vos</strong></span> <span class='ocrx_word' id='word_1_855' title='bbox 2250 5228 2352 5299; x_wconf 91' lang='lat' dir='ltr'><strong>ipsi</strong></span> <span class='ocrx_word' id='word_1_856' title='bbox 2390 5226 2681 5300; x_wconf 81' lang='lat' dir='ltr'><strong>ignoratis,</strong></span> <span class='ocrx_word' id='word_1_857' title='bbox 2713 5241 2811 5280; x_wconf 89' lang='lat' dir='ltr'><strong>eos</strong></span> <span class='ocrx_word' id='word_1_858' title='bbox 2845 5222 2943 5294; x_wconf 79' lang='lat' dir='ltr'><strong>qui</strong></span> <span class='ocrx_word' id='word_1_859' title='bbox 2981 5237 3048 5276; x_wconf 79' lang='lat' dir='ltr'><strong>ex</strong></span> <span class='ocrx_word' id='word_1_860' title='bbox 3094 5219 3263 5274; x_wconf 86' lang='lat' dir='ltr'><strong>vobis</strong></span> <span class='ocrx_word' id='word_1_861' title='bbox 3290 5217 3344 5271; x_wconf 91' lang='lat' dir='ltr'><strong>in</strong></span> <span class='ocrx_word' id='word_1_862' title='bbox 3367 5215 3712 5271; x_wconf 81' lang='lat' dir='ltr'><strong>Salvatorem</strong></span> 
     </span>
    </p>
   </div>
   <div class='ocr_carea' id='block_1_113' title="bbox 2119 5308 3718 5388">
    <p class='ocr_par' dir='ltr' id='par_1_113' title="bbox 2119 5308 3718 5388">
     <span class='ocr_line' id='line_1_113' title="bbox 2119 5308 3718 5388; baseline -0.011 -9"><span class='ocrx_word' id='word_1_863' title='bbox 2119 5321 2502 5381; x_wconf 75' lang='lat' dir='ltr'><strong>crediderunt,</strong></span> <span class='ocrx_word' id='word_1_864' title='bbox 2569 5333 2712 5388; x_wconf 89' lang='lat' dir='ltr'><strong>quos</strong></span> <span class='ocrx_word' id='word_1_865' title='bbox 2761 5315 3032 5388; x_wconf 86' lang='lat' dir='ltr'><strong>populum</strong></span> <span class='ocrx_word' id='word_1_866' title='bbox 3091 5311 3264 5368; x_wconf 90' lang='lat' dir='ltr'><strong>totius</strong></span> <span class='ocrx_word' id='word_1_867' title='bbox 3321 5308 3514 5364; x_wconf 89' lang='lat' dir='ltr'><strong>mundi</strong></span> <span class='ocrx_word' id='word_1_868' title='bbox 3571 5308 3718 5363; x_wconf 83' lang='lat' dir='ltr'><strong>Deus</strong></span> 
     </span>
    </p>
   </div>
   <div class='ocr_carea' id='block_1_114' title="bbox 2117 5401 3719 5480">
    <p class='ocr_par' dir='ltr' id='par_1_114' title="bbox 2117 5401 3719 5480">
     <span class='ocr_line' id='line_1_114' title="bbox 2117 5401 3719 5480; baseline -0.009 -12"><span class='ocrx_word' id='word_1_869' title='bbox 2117 5421 2299 5468; x_wconf 85' lang='lat' dir='ltr'><strong>vocat.</strong></span> <span class='ocrx_word' id='word_1_870' title='bbox 2341 5409 2424 5466; x_wconf 88' lang='lat' dir='ltr'><strong>Ita</strong></span> <span class='ocrx_word' id='word_1_871' title='bbox 2475 5424 2610 5480; x_wconf 80' lang='lat' dir='ltr'><strong>ergo</strong></span> <span class='ocrx_word' id='word_1_872' title='bbox 2649 5409 2797 5464; x_wconf 89' lang='lat' dir='ltr'><strong>etin</strong></span> <span class='ocrx_word' id='word_1_873' title='bbox 2852 5406 2958 5462; x_wconf 89' lang='lat' dir='ltr'><strong>hoc</strong></span> <span class='ocrx_word' id='word_1_874' title='bbox 2993 5413 3243 5476; x_wconf 87' lang='lat' dir='ltr'><strong>tempore</strong></span> <span class='ocrx_word' id='word_1_875' title='bbox 3307 5401 3557 5472; x_wconf 69' lang='lat' dir='ltr'><strong>reliquire</strong></span> <span class='ocrx_word' id='word_1_876' title='bbox 3619 5416 3719 5466; x_wconf 84' lang='lat' dir='ltr'><strong>per</strong></span> 
     </span>
    </p>
   </div>
   <div class='ocr_carea' id='block_1_115' title="bbox 2118 5496 3715 5576">
    <p class='ocr_par' dir='ltr' id='par_1_115' title="bbox 2118 5496 3715 5576">
     <span class='ocr_line' id='line_1_115' title="bbox 2118 5496 3715 5576; baseline -0.009 -16"><span class='ocrx_word' id='word_1_877' title='bbox 2118 5505 2308 5576; x_wconf 83' lang='lat' dir='ltr'><strong>gratiae</strong></span> <span class='ocrx_word' id='word_1_878' title='bbox 2349 5503 2679 5560; x_wconf 65' lang='lat' dir='ltr'><strong>electionem</strong></span> <span class='ocrx_word' id='word_1_879' title='bbox 2729 5500 2892 5557; x_wconf 65' lang='lat' dir='ltr'><strong>factae.</strong></span> <span class='ocrx_word' id='word_1_880' title='bbox 2949 5506 3110 5561; x_wconf 87' lang='lat' dir='ltr'><strong>sunt;</strong></span> <span class='ocrx_word' id='word_1_881' title='bbox 3156 5496 3330 5568; x_wconf 80' lang='lat' dir='ltr'><strong>gratia</strong></span> <span class='ocrx_word' id='word_1_882' title='bbox 3373 5503 3558 5550; x_wconf 85' lang='lat' dir='ltr'><strong>autem</strong></span> <span class='ocrx_word' id='word_1_883' title='bbox 3605 5510 3715 5547; x_wconf 82' lang='lat' dir='ltr'><strong>non</strong></span> 
     </span>
    </p>
   </div>
   <div class='ocr_carea' id='block_1_116' title="bbox 2117 5585 3716 5671">
    <p class='ocr_par' dir='ltr' id='par_1_116' title="bbox 2117 5585 3716 5671">
     <span class='ocr_line' id='line_1_116' title="bbox 2117 5585 3716 5671; baseline -0.011 -15"><span class='ocrx_word' id='word_1_884' title='bbox 2117 5617 2186 5656; x_wconf 82' lang='lat' dir='ltr'><strong>cx</strong></span> <span class='ocrx_word' id='word_1_885' title='bbox 2209 5599 2492 5671; x_wconf 86' lang='lat' dir='ltr'><strong>operibus,</strong></span> <span class='ocrx_word' id='word_1_886' title='bbox 2513 5612 2641 5654; x_wconf 86' lang='lat' dir='ltr'><strong>cum</strong></span> <span class='ocrx_word' id='word_1_887' title='bbox 2671 5611 2794 5668; x_wconf 76' lang='lat' dir='ltr'><strong>qua:</strong></span> <span class='ocrx_word' id='word_1_888' title='bbox 2816 5609 2882 5651; x_wconf 81' lang='lat' dir='ltr'><strong>es</strong></span> <span class='ocrx_word' id='word_1_889' title='bbox 2903 5591 3168 5664; x_wconf 85' lang='lat' dir='ltr'><strong>operibus</strong></span> <span class='ocrx_word' id='word_1_890' title='bbox 3206 5606 3314 5647; x_wconf 87' lang='lat' dir='ltr'><strong>non</strong></span> <span class='ocrx_word' id='word_1_891' title='bbox 3347 5587 3417 5642; x_wconf 86' lang='lat' dir='ltr'><strong>sit</strong></span> <span class='ocrx_word' id='word_1_892' title='bbox 3446 5585 3623 5658; x_wconf 80' lang='lat' dir='ltr'><strong>gratia</strong></span> <span class='ocrx_word' id='word_1_893' title='bbox 3646 5589 3716 5640; x_wconf 72' lang='grc'><strong>⁸³⁸.</strong></span> 
     </span>
    </p>
   </div>
   <div class='ocr_carea' id='block_1_117' title="bbox 1698 5770 3720 5860">
    <p class='ocr_par' dir='ltr' id='par_1_117' title="bbox 1698 5770 3720 5860">
     <span class='ocr_line' id='line_1_117' title="bbox 1698 5770 3720 5860; baseline -0.009 -12"><span class='ocrx_word' id='word_1_894' title='bbox 1698 5793 1744 5826; x_wconf 80' lang='grc' dir='ltr'><strong>⁸ο</strong></span> <span class='ocrx_word' id='word_1_895' title='bbox 1789 5792 1891 5848; x_wconf 86' lang='lat' dir='ltr'><strong>lsa.</strong></span> <span class='ocrx_word' id='word_1_896' title='bbox 1934 5790 2105 5858; x_wconf 67' lang='lat' dir='ltr'><strong>x,“22,</strong></span> <span class='ocrx_word' id='word_1_897' title='bbox 2133 5790 2238 5860; x_wconf 69' lang='lat'><strong>25;</strong></span> <span class='ocrx_word' id='word_1_898' title='bbox 2271 5789 2432 5846; x_wconf 83' lang='lat' dir='ltr'><strong>Rom.</strong></span> <span class='ocrx_word' id='word_1_899' title='bbox 2463 5805 2538 5858; x_wconf 74' lang='lat' dir='ltr'><strong>Ix,</strong></span> <span class='ocrx_word' id='word_1_900' title='bbox 2573 5789 2665 5856; x_wconf 70' lang='lat'><strong>27,</strong></span> <span class='ocrx_word' id='word_1_901' title='bbox 2697 5787 2790 5843; x_wconf 72' lang='lat'><strong>28.</strong></span> <span class='ocrx_word' id='word_1_902' title='bbox 2869 5785 2913 5820; x_wconf 78' lang='grc'><strong>³⁸</strong></span> <span class='ocrx_word' id='word_1_903' title='bbox 2955 5782 3025 5838; x_wconf 88' lang='lat' dir='ltr'><strong>III</strong></span> <span class='ocrx_word' id='word_1_904' title='bbox 3067 5779 3201 5852; x_wconf 73' lang='lat' dir='ltr'><strong>Reg.</strong></span> <span class='ocrx_word' id='word_1_905' title='bbox 3237 5794 3350 5845; x_wconf 74' lang='lat' dir='ltr'><strong>xu,</strong></span> <span class='ocrx_word' id='word_1_906' title='bbox 3385 5774 3450 5833; x_wconf 76' lang='grc' dir='ltr'><strong>ιιι</strong></span> <span class='ocrx_word' id='word_1_907' title='bbox 3515 5778 3590 5834; x_wconf 78' lang='lat' dir='ltr'><strong>cl.</strong></span> <span class='ocrx_word' id='word_1_908' title='bbox 3620 5770 3720 5839; x_wconf 72' lang='lat'><strong>18;</strong></span> 
     </span>
    </p>
   </div>
  </div>
