4098 6446
513 373 616 442 1‘27
630 378 647 441 ι

1700 392 1764 453 S.
1804 388 2205 450 ANASTASII
2246 386 2580 451 SINAI'LE

3619 390 3744 459 1272

511 493 684 550 Sicuti
748 507 877 554 tunc
927 501 1006 557 ait
1039 518 1104 557 ex
1135 503 1440 560 innumeris
1469 505 1712 563 millibus
1737 515 1944 576 septem
1978 505 2091 558 mil-

2201 520 2355 572 γονεν
2378 520 2392 534 ·
2426 502 2458 574 ἡ
2497 502 2557 554 δὲ
2602 500 2761 573 χάρις
2798 501 2979 556 οὖκέτι
3036 499 3096 568 ἐξ
3143 478 3338 581 ἔργων·
3367 480 3482 555 ἐπεὶ
3514 504 3600 557 καὶ
3639 505 3751 576 ήὲξ

509 584 585 641 lia
625 589 813 645 relicta
863 608 983 649 esse
1013 595 1191 651 solum
1227 598 1295 652 ab
1344 598 1625 669 impietate
1675 598 1893 662 libera;
1932 598 2003 651 ita
2040 605 2091 652 et

2198 595 2396 664 ἔργων,
2445 596 2542 648 οὐκ
2598 593 2711 647 ἔστι
2761 594 2932 666 χάρις’
2982 595 3228 668 καθάπερ
3260 594 3400 653 τότε,
3429 596 3609 665 φησὶν,
3648 599 3746 652 ἀπὸ

510 695 657 736 nunc
705 684 891 754 plures
930 674 1068 743 sunt
1098 692 1190 761 qui
1226 708 1333 746 non
1367 677 1746 750 crediderunt.
1807 707 1971 760 quam
2000 692 2091 761 qui

440 776 449 781 '
510 774 681 841 gratia
747 773 842 830 Dei
889 776 1172 835 fruuntur.
1236 781 1354 836 Non
1424 782 1572 836 cnim
1622 781 1946 853 justiﬁcavit
1992 796 2090 835 eos

510 860 638 916 vita:
683 866 989 921 secundum
1027 869 1200 941 legem
1237 872 1425 926 lIabita
1476 870 1638 935 ratio,
1698 872 1750 925 id
1804 873 1950 925 enim
2007 872 2092 925 in-

509 949 761 1010 dicatccx
783 960 1050 1028 operibus
1065 963 1199 1033 legis
1214 979 1230 1029 ;
1246 964 1367 1018 Ised
1384 963 1478 1018 Dei
1503 966 1675 1034 gratia
1694 965 1943 1019 salvavit.
1963 964 2092 1019 Ideo

509 1048 683 1116 gratia
734 1051 883 1106 salus
937 1062 1185 1119 vocatur,
1233 1072 1358 1110 cum
1412 1073 1480 1111 ex
1529 1057 1625 1111 Dei
1676 1070 1862 1112 amore
1894 1057 1947 1110 in
1987 1057 2089 1109 IIo-

509 1139 687 1196 Inines
716 1145 986 1211 procedit,
1020 1156 1080 1201 ut
1109 1138 1373 1218 Scriptum
1394 1150 1502 1204 ‘est
1532 1167 1545 1203 :
1582 1169 1600 1201 ι
1636 1150 1831 1217 Veniet
1859 1166 1926 1204 ex
1956 1149 2088 1205 Sion

507 1232 603 1298 qui
643 1234 844 1303 eripiat
878 1246 934 1291 et
962 1246 1172 1293 avertat
1218 1239 1555 1309 impietatem
1602 1257 1632 1295 a
1667 1241 1867 1306 Iacob;
1894 1249 1949 1295 et
1984 1241 2089 1296 hoc

507 1337 538 1375 a
587 1339 671 1379 me
714 1325 824 1381 illis
876 1338 1285 1395 testamentum,
1338 1332 1466 1386 eum
1524 1333 1817 1403 abstulero
1864 1344 2087 1404 peccata

505 1428 697 1469 eorum
743 1418 809 1473 ’³.
849 1439 867 1470 ›
920 1406 1016 1475 Sin
1062 1433 1243 1478 autem
1280 1439 1401 1495 quae
1457 1426 1761 1480 secundum
1795 1426 1970 1495 legem
2004 1435 2089 1480 est

503 1506 616 1561 vita
660 1508 890 1580 largitur
917 1523 1270 1583 peccatorum
1302 1531 1497 1571 eorum
1525 1518 1925 1591 remissionem,
1962 1532 2089 1586 pro-

504 1598 761 1667 pheticus
800 1614 981 1659 sermo
1031 1605 1280 1662 dixiss’ct.
1313 1607 1470 1674 Quod
1515 1608 1557 1662 si
1608 1608 1803 1677 puniat
1838 1608 1926 1661 lex
1955 1623 2085 1677 pec-

506 1701 717 1770 cantes,
755 1702 973 1765 Semper
999 1706 1182 1752 autem
1209 1699 1507 1755 violatores
1539 1700 1675 1770 legis
1701 1699 1874 1754 Judaei
1906 1700 2083 1755 vocati

507 1764 647 1846 sint:
688 1782 897 1838 clarum
948 1796 1033 1841 est
1062 1787 1444 1842 remissionem
1471 1804 1592 1858 quae
1621 1804 1721 1858 per
1752 1789 2082 1858 baptismum

507 1871 774 1927 tribuitur
824 1890 854 1929 a
910 1877 1238 1948 prophetico
1289 1894 1543 1933 sermone
1594 1879 1831 1934 ostendi.
1889 1879 2092 1933 Omnes

2201 686 2480 756 μυριάδων
2513 687 2758 757 ἀπείρων
2787 686 3185 757 ἑπτακισχίλιοι
3210 685 3630 756 κατελείφθησαν
3658 690 3745 757 μό-

2197 794 2276 831 νοι
2315 778 2414 846 τῆς
2452 778 2708 840 ἀσεϐείας
2747 777 3055 849 ἐλεύθεροι-ν
3089 778 3229 832 οὕτω
3271 777 3364 831 καὶ
3411 778 3503 849 νῦν
3548 779 3748 844 πλείους

2199 870 2297 940 μὲν
2364 873 2410 923 oi
2469 871 2874 942 ἀπιστήσαντες
2905 872 2937 943 ἢ
2977 873 3027 924 οἱ
3061 872 3161 942 τῆς
3195 872 3345 933 θείας
3376 872 3590 942 χάριτος
3622 873 3747 925 ἀπο-

2198 960 2598 1028 >.αύσαντες.οὖ
2635 963 2745 1034 γὰρ
2790 965 2823 1034 ή
2868 964 3011 1017 κατά
3042 964 3209 1034 νόμον
3242 964 3435 1027 αὐτοὺς
3484 963 3748 1016 ἐδικαίωσε

2194 1054 2480 1118 πολιτεία’,
2513 1056 2693 1127 (τοῦτο
2718 1056 2827 1127 γὰρ
2860 1056 3009 1125 λέγει
3037 1054 3118 1123 τὸ,
3152 1075 3171 1107 ι
3204 1055 3262 1120 ἐξ
3299 1054 3473 1125 ἔργων
3501 1054 3658 1123 νόμου
3684 1053 3747 1125 I).

2191 1146 2368 1216 ἀλλ’ἢ
2410 1144 2543 1198 Θεοῦ
2590 1145 2818 1199 διέσωσε
2863 1146 3045 1221 χάρις·
3091 1144 3180 1198 διὰ
3215 1144 3376 1198 τοῦτο
3422 1144 3517 1196 καὶ
3547 1143 3749 1213 χάριςὴ

2193 1230 2438 1307 σωτηρία
2469 1235 2739 1299 καλεῖται,
2785 1237 2977 1306 ἐπειδὴ
3010 1235 3154 1290 κατὰ
3182 1235 3334 1288 θείαν
3365 1232 3751 1303 φιλανθρωπίαν

2189 1326 2505 1397 γεγένηται,
2537 1327 2720 1391 καθὼς
2748 1328 3084 1398 γέγραπται·
3110 1347 3131 1381 ε
3168 1327 3331 1394 Ἥξει
3361 1328 3423 1379 ἐκ
3448 1325 3624 1378 Σιὼνὸ
3641 1324 3750 1395 ῥυό-

2192 1436 2373 1491 μενος,
2414 1420 2509 1474 καὶ
2544 1420 2881 1491 ἀποστρέψει
2928 1419 3188 1482 ἀσεϐείας
3228 1418 3338 1472 ἀπὸ
3376 1415 3592 1469 ’Ἰακὼϐ
3617 1431 3632 1446 θ
3667 1406 3750 1469 καὶ

2189 1510 2327 1581 αὕτη
2356 1512 2541 1575 αὐτοῖς
2585 1513 2618 1583 ἡ
2662 1514 2795 1582 παρ’
2824 1511 2961 1582 ἐμοῦ
3012 1512 3244 1581 διαθήκη
3277 1551 3292 1572 ,
3323 1511 3452 1563 ὅταν
3487 1508 3751 1577 ἀφέλωμαι

2190 1604 2290 1667 τὰς
2331 1603 2610 1674 ἁμαρτίας
2645 1601 2848 1655 αὐτῶν.
2883 1621 2903 1653 ι
2941 1603 3003 1655 Εἰ
3047 1603 3079 1672 ή
3136 1600 3279 1653 κατὰ
3323 1599 3486 1669 νόμον
3531 1595 3753 1649 πολιτεία

2191 1694 2448 1763 δωρεῖται
2474 1692 2583 1745 τῶν
2622 1693 3040 1763 ἁμαρτημάτων
3068 1690 3251 1743 αὐτῶν
3285 1689 3386 1758 τὴν
3419 1688 3626 1756 ἄφεσιν·
3661 1686 3750 1739 αὔ-

2193 1786 2293 1855 τὴν
2323 1784 2389 1838 ἂν
2414 1786 2443 1837 ὁ
2475 1783 2813 1856 προφητικὸς
2844 1781 3213 1852 προεθέσπισε
3241 1779 3423 1847 λόγος·
3447 1781 3496 1831 εἰ
3521 1778 3577 1832 δὲ
3604 1777 3752 1831 κολά-

2195 1877 2278 1941 ζει
2322 1877 2423 1946 μὲν
2450 1876 2480 1928 6
2508 1875 2672 1944 νόμος
2698 1877 2824 1938 τοὺς
2853 1874 3287 1944 ἁμαρτάνοντας.
3325 1873 3415 1926 ἀεὶ
3440 1872 3497 1924 δὲ
3531 1872 3751 1941 παράνοο
3806 1900 3814 1917 κ

506 1966 656 2019 enim
693 1967 982 2023 credentes
1013 1964 1171 2023 vocat
1200 1969 1390 2036 Israel,
1423 1970 1538 2026 sive
1572 1987 1639 2025 ex
1674 1970 1932 2042 gentibus
1976 1971 2091 2027 sive

2196 1986 2287 2041 μοι
2313 1968 2621 2039 ἐκλήθησαν
2651 1968 2703 2019 οἱ
2749 1965 3019 2031 Ἰουδαῖοι,
3057 1964 3288 2035 εὔδηλον
3315 1963 3394 2027 ὡς
3430 1963 3528 2030 τὴν
3562 1961 3644 2013 διὰ
3668 1957 3752 2013 τοῦ

504 2071 570 2111 cx
593 2056 816 2121 Iudaeis,
839 2075 937 2128 per
960 2059 1084 2114 ﬁdei
1106 2060 1449 2117 nobilitatem
1471 2063 1545 2116 illi
1569 2064 1907 2133 conjunetos.
1930 2063 2091 2129 Quod

505 2164 639 2219 ergo
674 2150 871 2219 quaerit
915 2151 1007 2207 hic
1049 2153 1145 2222 qui
1191 2153 1495 2209 secundum
1530 2170 1752 2209 carnem
1785 2164 1869 2209 est
1901 2155 2088 2219 Israel,
2130 2178 2142 2186 ε

505 2242 614 2298 lIoc
646 2258 754 2297 non
790 2253 1077 2299 assecutus
1108 2254 1220 2311 est;
1254 2261 1427 2316 quare
1465 2262 1573 2300 non
1598 2248 1921 2302 assecutus?
1943 2246 2089 2316 quod

505 2349 617 2388 non
679 2349 744 2388 ex
778 2334 883 2388 ﬁde
925 2336 1143 2404 quierit,
1175 2335 1272 2390 sed
1303 2351 1368 2389 ex
1399 2336 1660 2406 operibus
1691 2337 1846 2407 legis.
1881 2337 2091 2392 Electio

505 2435 693 2479 autem
752 2434 1008 2484 assecuta
1054 2435 1139 2480 est
1194 2442 1293 2496 per
1345 2426 1529 2492 ﬁdem,
1570 2427 1768 2497 reliqui
1822 2442 1955 2482 vero
1998 2442 2092 2482 ex-

503 2517 692 2571 c:ccati
744 2527 894 2581 sunt,
936 2517 991 2571 id
1049 2526 1135 2572 est
1164 2518 1420 2573 derelicti
1481 2528 1609 2573 sunt
1653 2520 1707 2572 in
1744 2518 2090 2589 inﬁdelitate,

503 2606 649 2661 sicut
702 2607 970 2677 scriptum
1007 2617 1140 2663 est:
1191 2627 1210 2659 ι
1249 2609 1411 2663 Dedit
1463 2608 1572 2664 illis
1628 2610 1773 2665 Deus
1833 2609 2088 2680 Spiritum

504 2700 968 2770 compunctionis,
1020 2701 1212 2755 oculos
1267 2710 1329 2755 ut
1381 2717 1489 2755 non
1546 2701 1788 2766 videant,
1831 2717 1992 2761 aures
2030 2711 2091 2757 ut

502 2805 617 2845 non
652 2790 899 2855 audiant,
951 2806 1125 2860 usque
1158 2791 1227 2846 ad
1274 2792 1421 2847 hunc
1453 2791 1600 2846 diem
1632 2791 1699 2843 9‘.
1740 2810 1758 2842 ι
1797 2791 1914 2847 Non
1940 2793 2089 2847 enim

2195 2060 2570 2133 βαπτίσματος
2618 2056 3034 2129 χορηγουμένην
3105 2056 3300 2124 ἄφεσιν
3362 2056 3391 2108 6
3440 2049 3753 2122 προφητικδς

2191 2157 2348 2226 λόγος
2405 2156 2590 2228 δηλοῖ⁹
2636 2154 2844 2215 πάντας
2881 2153 2937 2204 δὲ
3000 2150 3220 2221 Ἰσραὴλ
3275 2146 3436 2201 καλεῖ
3484 2144 3609 2206 τοὺς
3672 2156 3755 2193 πι-

2194 2249 2502 2312 στεύοντας,
2555 2247 2666 2300 είτε
2706 2245 2766 2311 ἐξ
2805 2243 2974 2298 ἐθνῶν
3025 2244 3135 2296 εἴτε
3178 2240 3237 2307 ἐξ
3309 2236 3580 2297 Ἰουδαίων
3625 2232 3754 2288 κατὰ

2191 2340 2289 2411 τὴν
2329 2339 2431 2407 τῆς
2466 2340 2708 2400 πίστεως
2748 2334 3028 2404 εὐγένειαν
3056 2333 3206 2402 αὐτῷ
3265 2327 3635 2399 συνηγμένους
3661 2342 3675 2357 ⁸
3703 2324 3755 2377 τί

2190 2428 2282 2486 οὖν
2312 2428 2560 2499 ἐπιζητεῖ
2591 2429 2620 2480 6
2643 2425 2786 2481 κατὰ
2812 2426 2994 2493 σάρκα
3031 2421 3249 2493 Ἰσραὴλ
3274 2463 3289 2486 ,
3334 2419 3524 2473 τούτου
3542 2416 3645 2470 οὐκ
3669 2416 3754 2467 ἐπ-

2191 2523 2374 2592 έτυχε.
2399 2521 2495 2572 Διὰ
2523 2518 2574 2572 τί
2590 2502 2690 2573 οὒκ
2715 2517 2979 2589 ἐπέτυχες
3006 2515 3151 2567 Διότι
3178 2514 3279 2567 οὐκ
3303 2515 3370 2566 ἐκ
3400 2510 3626 2571 πίστεως
3647 2508 3758 2559 ἐπι--

2191 2612 2381 2680 ζητεῖ,
2417 2610 2534 2665 ἀλλ’
2564 2609 2625 2674 ἐξ
2682 2608 2869 2679 ἔργων
2907 2607 3095 2677 νόμον·
3142 2606 3175 2675 ἡ
3213 2603 3270 2657 δὲ
3309 2601 3511 2671 ἐκλογὴ
3548 2596 3785 2665 ἐπέτυχε

2190 2704 2280 2757 διὰ
2307 2702 2406 2773 τῆς
2438 2702 2695 2768 πίστεως,
2727 2702 2777 2753 οἱ
2830 2698 2887 2752 δέ
2937 2698 3116 2751 λοιποὶ
3159 2693 3563 2765 ἐπωρώθησαν,
3606 2689 3758 2756 ἤγουν

2190 2795 2625 2865 κατελείφθησαν
2648 2796 2716 2864 τῇ
2737 2791 2987 2862 ἀπιστίᾳ,
3004 2787 3188 2852 καθὼς
3209 2787 3538 2858 γέγραπται·
3566 2800 3584 2833 ι
3610 2781 3760 2834 Ἔδω-

502 2878 651 2935 Deus
686 2880 789 2935 hos
837 2881 1155 2936 incredulos
1193 2881 1398 2945 eﬁ‘ecit,
1450 2881 1543 2936 sed
1594 2882 1877 2939 sustinuit.
1911 2882 1967 2937 id
2006 2893 2091 2938 est

2192 2896 2286 2942 κεν
2324 2888 2511 2950 αὐτοῖς
2538 2889 2566 2940 6
2593 2886 2749 2949 Θεὸς
2778 2884 2997 2953 πνεῦμα
3040 2879 3419 2946 κατανύξεως,
3465 2873 3757 2944 ὀφθαλμοὺς

505 2970 739 3036 dimisit,
789 2972 1045 3040 spiritum
1075 2973 1519 3042 compnnctionis
1545 2983 1785 3027 mentem
1841 2973 2091 3029 obstinaa

2192 2978 2282 3032 τοῦ
2321 2978 2396 3049 μὴ
2431 2977 2682 3048 βλέπειν,
2734 2975 2829 3029 κα)⁸
2857 2968 2971 3027 ὦτα
3006 2971 3101 3026 τοῦ
3133 2970 3208 3042 μὴ
3236 2970 3459 3024 ἀκούειν
3485 3007 3499 3033 ,
3522 2965 3643 3027 ’ἕως
3668 2963 3758 3032 τῆς

503 3068 617 3114 tam
649 3061 896 3127 vocavit;
934 3071 997 3116 ut
1035 3064 1184 3117 enim
1220 3064 1313 3132 qui
1344 3065 1714 3134 cognitionem
1760 3067 2088 3122 laudabilem

2193 3072 2432 3142 σήμερον
2455 3069 2669 3140 ἡμέρας
2691 3084 2736 3118 'I
2776 3066 2838 3119 οὐ
2867 3065 2978 3135 γὰρ
3004 3066 3033 3118 6
3059 3063 3193 3126 Θεὸς
3232 3060 3435 3123 αὐτοὺς
3477 3053 3758 3142 ἀπιστῆσαι

502 3148 672 3202 habet
700 3164 811 3202 non
840 3148 1007 3205 vertit
1034 3167 1093 3206 se
1132 3153 1200 3207 ad
1239 3155 1415 3224 pejus,
1450 3155 1531 3211 sic
1562 3157 1656 3224 qui
1696 3158 1849 3213 dedit
1886 3174 1945 3213 se
1975 3175 2091 3215 om-

2197 3160 2648 3232 παρεσκεύασεν,
2694 3156 2810 3212 ἀλλ’
2858 3155 3266 3227 ἐσυγχώρησεν,
3317 3152 3487 3222 ἤγουν
3522 3141 3756 3215 παρεχώ-

502 3239 638 3292 nino
672 3240 913 3303 malitize,
949 3258 1057 3297 non
1113 3243 1180 3298 ad
1236 3246 1433 3301 melius
1466 3251 1830 3304 convertitur.
1860 3251 1928 3304 Et
1953 3251 2091 3307 alius

2198 3270 2353 3322 ρησε·
2399 3251 2618 3321 πνεῦμα
2649 3248 2996 3315 κατανύξεως
3023 3245 3122 3317 τὴν
3149 3242 3530 3314 ἀμετάϐλητον
3552 3236 3757 3290 ἐκάλεσε

501 3328 771 3396 propheta
797 3330 933 3385 dicit
960 3350 973 3386 :
1011 3326 1028 3383 ι
1058 3333 1428 3387 Incrassatum
1462 3346 1547 3390 est
1569 3353 1665 3390 cor
1685 3339 1872 3407 populi
1905 3341 2090 3411 hujus,

2193 3344 2441 3414 γνώμην·
2474 3340 2664 3411 ὥσπερ
2695 3341 2724 3393 6
2750 3341 2850 3409 τὴν
2879 3336 3282 3405 ἐπαινουμένην
3306 3334 3451 3403 ἔχων
3492 3327 3760 3395 κατάγνωο

503 3427 562 3471 et
610 3419 841 3473 auribus
912 3422 1155 3489 graviter
1208 3425 1540 3487 audierunt,
1593 3435 1648 3480 et
1694 3429 1886 3483 oculos
1941 3446 2091 3484 com-

2194 3452 2280 3489 σιν
2304 3436 2402 3503 τὴν
2432 3434 2525 3487 ἐπὶ
2566 3433 2628 3486 τὸ
2660 3436 2842 3504 χεῖρον
2881 3429 3092 3502 τροπὴν
3120 3429 3221 3481 οὐκ
3257 3424 3580 3495 εἰσδέχεται,
3602 3419 3757 3480 οὓτως

502 3516 848 3576 presserunt,
883 3518 939 3564 et
994 3511 1179 3565 lumen
1214 3514 1403 3568 videre
1434 3516 1736 3570 noluerunt
1758 3518 1826 3570 9'.
1865 3537 1882 3570 ι
1918 3520 2087 3574 David

2192 3526 2221 3579 6
2250 3524 2530 3586 παντελῶς
2564 3524 2756 3576 ἑαυτὸν
2803 3521 2989 3584 ἐκδοὺς
3046 3522 3109 3590 τῇ
3162 3516 3423 3587 πονηρίᾳ,
3451 3514 3547 3584 τὴν
3579 3511 3666 3565 ἐπὶ
3704 3509 3759 3561 τὸ

502 3597 670 3651 etiam
723 3598 894 3653 dicit:
938 3620 956 3651 ι
992 3602 1111 3656 Fiat
1143 3618 1331 3659 mensa
1381 3620 1571 3660 eorum
1632 3608 1688 3662 in
1731 3609 1989 3679 laqueum
2032 3621 2089 3666 et

2193 3618 2441 3685 κρεῖττον
2470 3615 2568 3685 οὐχ
2602 3616 2838 3684 αἱρεῖται
2876 3611 3197 3683 μεταϐολήν.
3233 3609 3349 3662 Καὶ
3378 3608 3534 3670 ἄλλος
3559 3604 3755 3676 προφή-

503 3688 561 3740 in
621 3690 954 3764 captionem,
1014 3699 1071 3747 et
1123 3693 1178 3746 in
1214 3695 1532 3750 scandalum
1585 3698 1727 3753 etin
1759 3701 2087 3757 retributio-

2192 3720 2290 3775 της
2305 3706 2452 3774 λέγει
2468 3720 2480 3735 ·
2503 3724 2522 3757 ι
2549 3704 2856 3774 Ἐπαχύνθη
2883 3703 3042 3772 γὰρὴ
3065 3700 3261 3770 καρδία
3285 3700 3381 3753 τοῦ
3410 3697 3540 3752 λαοῦ
3563 3695 3753 3756 τούτου,

473 3794 631 3833 ~nem
671 3780 799 3835 illis.
854 3781 1238 3838 Obscurentur
1288 3787 1435 3841 oculi
1475 3804 1687 3853 eorum,
1738 3807 1809 3846 ne
1845 3792 2088 3861 videant,

2194 3797 2291 3849 καὶ
2323 3798 2436 3859 τοῖς
2468 3795 2571 3849 ὠσὶ
2603 3795 2815 3867 βαρέως
2844 3795 3086 3865 ἥκουσαν
3109 3833 3124 3854 ,
3155 3793 3248 3845 καὶ
3291 3791 3421 3855 τοὺς
3468 3785 3755 3857 ὀφθαλμοὺς

503 3882 561 3925 et
618 3874 841 3930 dorsum
894 3890 1087 3930 eorum
1144 3892 1362 3948 semper
1396 3879 1622 3935 incurva
1671 3882 1737 3937 “.
1775 3902 1794 3935 ι

2197 3887 2430 3957 έμυσαν,
2463 3889 2558 3941 καὶ
2581 3889 2644 3941 τὺ
2666 3885 2784 3958 φῶς
2813 3888 2942 3940 ίδεῖν
2964 3887 3065 3939 οὐκ
3091 3883 3392 3954 ἠθέλησαν.
3428 3903 3446 3935 I
3476 3882 3584 3936 Kal.
3611 3875 3754 3946 Δαόὶδ

501 3967 675 4036 λέγει·
721 3991 738 4022 ι
774 3972 1064 4043 Γενηθήτω
1095 3975 1127 4044 ἡ
1162 3977 1411 4044 τραπέζα
1438 3978 1619 4032 αὐτῶν
1650 3982 1730 4042 είς
1769 3982 1994 4050 παγίδα,
2028 3983 2125 4037 καὶ
2156 3982 2238 4048 είς
2272 3985 2469 4057 θήραν,
2518 3985 2613 4040 καὶ
2666 3986 2748 4048 εἰς
2794 3983 3114 4047 σκάνδαλον,
3162 3981 3255 4035 καὶ
3302 3981 3387 4041 είς
3429 3975 3754 4042 ἀνταπόδομα

504 4065 708 4118 αὐτῶνο
743 4068 1187 4138 σκοτισθήτωσαν
1239 4071 1288 4122 οἱ
1338 4071 1607 4142 ὀφθαλμοὶ
1641 4076 1819 4129 αὖτῶν
1872 4077 1966 4130 τοῦ
2011 4079 2087 4150 μὴ
2127 4078 2368 4150 βλέπειν,
2401 4083 2497 4135 καὶ
2545 4081 2640 4134 τὸν
2679 4078 2868 4134 νῶτον¹
2907 4076 3087 4133 αὐτῶν
3116 4076 3206 4130 διὰ
3275 4072 3483 4136 παντὸς
3525 4069 3751 4138 σύγκαμ-

504 4161 626 4230 dm.
667 4180 684 4213 I

578 4276 625 4307 ’³
665 4250 766 4330 Ira.
808 4293 911 4340 LIX,
968 4278 1068 4343 90;
1129 4278 1286 4333 Rom.
1326 4296 1396 4344 XI,
1431 4277 1521 4345 26,
1562 4278 1650 4338 ‘27.

1752 4286 1798 4317 ⁹⁴
1836 4283 1938 4343 Isa.
1961 4302 2034 4349 vI,
2074 4278 2091 4340 ξ

2192 4284 2346 4341 Rom.
2398 4301 2472 4351 χι,
2525 4282 2578 4339 8.
2655 4286 2701 4318 ⁸⁸
2740 4282 2843 4339 Isa.
2898 4298 2974 4348 vI,
3005 4280 3102 4346 10;
3143 4277 3303 4333 Rom.
3330 4274 3475 4340 sl,8.
3552 4273 3596 4307 ⁸⁸
3626 4271 3749 4328 Psal.

508 4359 697 4412 LXVIII,
738 4350 797 4412 ’5,
840 4347 939 4413 24;
975 4349 1131 4403 Rom.
1168 4351 1342 4420 κι,,9,
1392 4350 1473 4403 l0.

521 4512 3736 4548 WW

1016 4658 1566 4749 ΔΙΑΛΟΓΟΣ
1640 4662 2062 4750 ΜΙΚΡΟΣ
2134 4659 2429 4749 ΠΡΟΣ
2500 4656 3106 4748 ΙΟΥΔΑΙΟΥΣ
3180 4648 3288 4742 (ί).

1177 4918 1772 5047 DIALOGUS
1844 4910 2308 5049 PARVUS
2380 4958 2529 5045 AD
2603 4956 3147 5048 Jun/Eos.

580 5244 949 5314 Interrogavit
995 5244 1240 5310 Iudaeus,
1273 5261 1446 5316 quare
1470 5246 1784 5305 comeditur
1813 5245 1957 5317 apud
1995 5262 2090 5302 vos

2284 5245 2642 5318 Ἦρώτησενὸ
2673 5246 2947 5311 Ἰουδαῖος·
2974 5246 3075 5302 Διά
3090 5248 3144 5301 τί
3163 5248 3438 5320 τρώγεται
3467 5248 3593 5320 παρ’
3622 5243 3755 5318 ὑμῶν

511 5333 856 5388 Christianos
908 5333 1069 5389 suilla
1116 5336 1286 5390 caro?
1309 5336 1738 5392 —Cbristianus
1768 5337 1905 5392 dixit
1934 5356 1947 5391 :
1980 5339 2091 5393 Cur

2200 5337 2311 5391 τῶν
2344 5338 2690 5408 Χριστιανῶν
2720 5337 2782 5391 τὸ
2816 5339 3051 5409 χοίρειον
3086 5340 3284 5412 κρέας;
3310 5371 3381 5381 -
3431 5341 3489 5395 ’0
3512 5340 3751 5410 Χριστια-

514 5426 604 5480 illa
644 5424 817 5479 Judaei
871 5440 979 5479 non
1010 5428 1351 5481 vescuntur?
1374 5428 1614 5483 Judreus.
1647 5427 1784 5493 Quia
1811 5429 2091 5483 immunda

2202 5430 2292 5493 v6;
2320 5425 2463 5483 εἷπε·
2496 5429 2596 5483 Διά
2618 5430 2671 5483 τί
2696 5431 2851 5500 ὑμεῖς
2880 5432 2940 5484 οὐ
2975 5432 3213 5503 τρώγετε
3243 5434 3413 5500 αὐτός
3445 5464 3514 5475 --
3550 5432 3605 5486 Ὀ
3638 5430 3747 5482 Ἰου·

514 5527 618 5573 est.
645 5549 691 5558 -
716 5518 1083 5574 Christianus.
1112 5519 1224 5574 Cur
1260 5522 1547 5576 vcscimini
1575 5521 1793 5593 gallinis
1829 5537 1950 5592 quae
1981 5537 2091 5577 om-

2203 5521 2349 5585 δαῖος
2371 5538 2384 5551 ·
2424 5522 2548 5575 Ὅτι
2575 5521 2887 5601 ἁκάθαρτὸν
2917 5525 3086 5578 ἐστιν.
3114 5556 3184 5566 —
3219 5525 3276 5579 Ὀ
3293 5524 3636 5597 Χριστιανός·
3659 5517 3751 5573 Καὶ

592 5653 670 5736 (_l)
720 5654 1092 5736 Ilic__qui_dem
1143 5658 1999 5736 di’alogus_sla_l.im__subtexitur
2040 5661 2097 5715 in
2207 5661 2421 5736 codice,
2454 5677 2567 5718 non
2597 5672 2685 5719 est
2717 5664 2831 5721 fere
2857 5663 2964 5719 nisi
3003 5662 3607 5736 compendiumoperis
3645 5659 3749 5714 Ion.

511 5722 707 5807 eodem
735 5722 931 5807 codice
951 5725 1234 5807 Vaticano.
1265 5722 1361 5784 A'st
1384 5732 1533 5807 aliu_d
1554 5722 1898 5807 colloquium
1929 5733 2097 5807 breve
2204 5722 2433 5807 giorisa
2467 5748 2554 5787 me
2597 5749 2764 5805 supra
2785 5736 3012 5806 scripti;
3040 5722 3220 5807 neque
3244 5735 3296 5791 id
3349 5722 3515 5791 edei'e
3551 5742 3752 5801 magﬂo‘

516 5794 790 5853 Anastasii
844 5795 1061 5851 abbatis
1106 5813 1260 5868 teque
1307 5815 1431 5856 cum
1482 5801 1686 5858 Iudaeis
1721 5794 1778 5858 in
1831 5802 1939 5858 alio
1972 5799 2093 5859 Vat.
2205 5794 2338 5874 pere
2373 5804 2624 5860 interest.
2668 5794 2681 5805 ”
2899 5794 2918 5806 ³
2999 5794 3011 5803 ’
3131 5794 3180 5847 ’κ
3635 5794 3657 5801 ⁷
3718 5812 3745 5839 ν
