4098 6438
560 302 698 369 i275
1763 315 1828 379 ει
1867 315 2178 378 ANASTAE

2160 316 2260 378 ΞΠ
2300 317 2626 379 SlNAIT/E
2888 312 2896 319 ’
3663 322 3778 389 Ῑίἶῖθ

552 418 857 475 secundum
895 420 1079 489 ﬁdem,
1118 423 1264 484 sicut
1291 428 1500 486 dictum
1542 437 1630 486 est
1678 428 1760 486 illi
1793 445 1811 485 :
1861 447 1880 483 ι
1917 431 2170 490 Patrem.

2162 429 2216 490 Α
2237 429 2334 500 τὴν
2366 430 2570 496 πίστιν,
2596 429 2740 484 καθᾶ
2765 429 2956 502 ἐλέχθη
2987 430 3155 501 αὐτῷ,
3191 431 3273 486 ὅτι
3309 448 3328 482 ι
3354 428 3565 504 Πατέρα
3588 433 3777 492 πολλῶν

554 510 851 566 multarum
880 517 1126 584 gentium
1157 523 1316 590 posui
1352 531 1405 579 te
1431 525 1495 574 ⁸⁸.
1533 544 1552 579 ι
1581 525 1664 581 Tu
1689 540 1846 590 vero,
1873 541 1906 581 ο
1925 525 2134 588 Iudaee.

2237 521 2408 574 ἐθνῶν
2435 522 2656 578 τέθεικά
2685 538 2764 575 σε’
2801 540 2819 574 ›
2853 521 2916 575 σὺ
2944 522 3021 586 δὲ,
3050 515 3094 576 ὦ
3128 523 3368 588 Ἰουδαῖε,
3401 524 3514 587 πῶς
3532 521 3582 578 ei
3612 528 3779 582 τέκνον

553 601 832 668 quomodo
886 602 1036 660 ﬁlius
1082 620 1144 660 es
1199 609 1472 667 Abrahae?
1526 613 1724 670 Nonne
1769 612 1940 670 Isaias
1997 613 2138 670 dixit

2236 613 2330 666 τοῦ
2381 613 2662 682 Ἀϐραάμς
2689 614 2788 683 οὐχ
2835 613 3062 678 Ἡσαΐας
3097 609 3220 666 εἶπε
3253 614 3389 686 πρὸς
3411 615 3502 670 τὸν
3525 615 3648 671 λαόν
3677 635 3777 684 σου,

554 691 760 759 populo
821 700 940 759 tuo,
999 713 1018 746 ι
1051 695 1217 752 Pater
1259 699 1614 760 Amorrhaeus
1685 715 1793 772 est,
1844 711 1904 759 et
1957 712 2137 760 mater

2233 703 2315 758 ὅτι
2351 723 2370 755 ι
2419 704 2476 757 '0
2508 706 2696 776 Πατὴρ
2733 694 3056 777 ’Δμορῤαῖός
3108 705 3278 772 ἐστιν,
3309 708 3342 776 ὴ
3364 707 3420 761 δὲ
3455 709 3634 779 μήτηρ
3659 712 3779 766 Χετ-

553 781 799 838 Chettaca
839 785 884 818 “
913 804 932 837 ι
992 786 1115 842 ideo
1154 804 1256 858 ego
1305 795 1606 849 secundum
1640 796 1801 854 ﬁdem
1841 799 1988 855 ﬁlius
2013 813 2134 853 sum

2233 792 2396 859 ταίας
2439 811 2457 846 ι
2491 793 2582 846 Διὸ
2631 792 2866 863 ἐγὼμὲν
2915 792 3058 847 κατά
3093 793 3194 865 τὴν
3242 794 3426 849 πίστιν
3467 797 3584 868 εἰμὶ
3609 799 3779 856 τέκνον

554 873 810 941 Abrahae,
861 883 920 930 tu
959 872 1092 934 veio
1147 880 1502 940 Amorrlueus
1535 896 1586 942 et
1621 887 1895 946 Chettteus
1925 907 1984 948 es
2013 906 2136 948 mo-

2232 883 2328 936 τοῦ
2360 883 2632 957 Ἀϐραὰμ,
2653 886 2717 940 σὺ
2747 885 2806 938 δὲ
2823 885 3151 959 Ἀμορραῖος
3171 889 3266 944 καὶ
3279 889 3536 955 Χετταῖος
3553 892 3688 946 κατὰ
3700 895 3779 949 τὸν

553 964 732 1023 ribus.

2233 973 2455 1044 τρόπον.

621 1058 1001 1134 Interrogatio.
1055 1067 1108 1122 Si
1149 1069 1350 1124 dixerit
1379 1072 1474 1127 tibi
1507 1073 1768 1130 Hebraeus
1799 1093 1812 1130 :
1845 1074 2134 1142 Quomodo

2317 1063 2655 1134 Ἐρώτησις.
2675 1067 2803 1123 Ἐὰν
2821 1067 2952 1142 εἴπῃ
2968 1087 3060 1124 σοι
3094 1069 3368 1142 Ἑϐραῖος,
3391 1071 3514 1136 Πῶς
3530 1075 3780 1142 πιστεύεις

553 1151 736 1206 credis
770 1153 824 1208 in
855 1157 1222 1214 cruciﬁxum?
1274 1162 1401 1216 audi
1439 1163 1779 1234 Scripturam
1807 1166 2084 1222 dicentem
2115 1185 2130 1222 :

2233 1157 2314 1220 ei;
2343 1155 2435 1209 τὸν
2473 1157 2916 1229 ὲσταυρωμένον;
2968 1161 3199 1214 ἄκουσον
3221 1161 3323 1231 τῆς
3367 1163 3590 1233 Γραφῆς
3617 1164 3758 1233 λεγοὺ

557 1256 580 1292 t
613 1241 932 1300 Maledictus
959 1251 1139 1303 omnis
1164 1252 1257 1322 qui
1293 1253 1497 1322 pcndet
1525 1255 1580 1310 in
1607 1236 1755 1326 ligno
1787 1257 1826 1311 ¹.
1855 1277 1874 1309 ι
1903 1289 1966 1298 -
1991 1259 2087 1314 Dic
2115 1277 2129 1314 :

2235 1264 2395 1318 σης·ι
2419 1247 2854 1319 Ἐπικατάρατος
2881 1253 2988 1314 πᾶς
3013 1238 3042 1304 6
3071 1253 3424 1322 κρεμάμενος
3455 1255 3546 1307 ἐπὶ
3578 1253 3775 1319 ξύλον.»

551 1329 598 1383 Ο
629 1331 838 1395 Judaee,
885 1339 1162 1405 quomodo
1216 1343 1398 1396 credis
1435 1353 1490 1396 tu
1523 1347 1766 1415 serpenti
1799 1363 1972 1410 aeneo,
2005 1364 2130 1403 cum

2231 1367 2301 1420 ~1—
2334 1339 2490 1392 Εἰπέ·
2539 1339 2664 1402 Πῶς
2714 1342 3013 1409 πιστεύεις,
3062 1335 3108 1396 ὧ
3153 1342 3392 1410 Ἰουδαϊε,
3442 1345 3519 1415 τῷ
3557 1345 3670 1416 ὕφει
3713 1347 3780 1419 τῷ

547 1419 621 1474 sit
670 1423 998 1482 maledictus
1037 1445 1149 1498 pne
1197 1432 1456 1486 omnibus
1499 1433 1710 1500 bestiis,
1758 1437 1916 1507 cujus
1956 1438 2132 1508 imago

2232 1419 2440 1499 χαλκῷ,
2479 1429 2605 1483 ἐπεὶ
2633 1432 3024 1503 κατηραμένον
3067 1433 3233 1488 αὑτοῦ
3263 1433 3418 1498 ὄντος
3447 1435 3578 1488 ’ἀπὸ
3606 1437 3781 1500 παντὸς

544 1513 716 1568 vitam
775 1521 1069 1587 praestabat
1119 1523 1229 1579 tuis
1274 1525 1564 1595 patribus?
1621 1527 1676 1582 Si
1715 1527 1862 1582 enim
1897 1529 1988 1583 ille
2013 1545 2132 1584 ser-

2233 1520 2443 1590 θηρίου.
2479 1514 2687 1586 οὗτινος
2725 1525 2758 1592 ή
2813 1523 2996 1586 εἰκὼν,
3047 1521 3193 1595 ζωὴν
3245 1527 3476 1596 παρεῖχε
3527 1527 3638 1590 τοῖς
3685 1529 3780 1592 σοῖς

544 1620 686 1676 pens
729 1607 822 1678 qui
866 1626 976 1664 non
1028 1615 1344 1681 mordebat,
1381 1631 1483 1686 pro
1528 1615 1600 1672 iis
1661 1617 1756 1686 qui
1801 1619 2130 1674 mordebant

2232 1613 2552 1681 προγόνοιςς
2583 1615 2630 1666 εἰ
2653 1613 2764 1685 γὰρ
2787 1617 2815 1668 6
2840 1614 2962 1683 δφις
2983 1616 3012 1668 6
3037 1615 3111 1686 μή
3144 1615 3380 1678 δάκνων,
3416 1617 3559 1686 ὑπὲρ
3579 1616 3678 1670 τῶν
3704 1619 3781 1688 δη-

547 1701 904 1770 serpentibus
954 1705 1122 1760 vitam
1169 1708 1454 1774 aﬁ'crebat,
1493 1709 1569 1764 ita
1605 1718 1660 1764 et
1699 1708 1972 1776 Christus,
2004 1727 2127 1766 cum
2161 1771 2165 1780 ι

2165 1770 2198 1780 _
2232 1705 2440 1759 κόντων
2492 1706 2670 1776 ὄφεων
2715 1706 2861 1778 ζωὴν
2920 1706 3136 1779 ἔφερεν,
3180 1709 3322 1761 οὕτω
3373 1710 3472 1762 καὶ
3516 1711 3544 1763 6
3576 1709 3783 1780 Χριστὸς

545 1789 667 1846 sine
715 1804 942 1862 peccato
994 1807 1160 1862 esset,
1221 1815 1322 1869 pro
1379 1801 1770 1870 peccatoribus
1821 1773 2163 1874 suspensusj

2164 1770 2201 1825 Β
2231 1770 2620 1867 ἀναμάρτητος
2670 1770 2768 1862 ὢν,
2816 1770 2974 1870 ,ὑπὲρ
3021 1770 3373 1881 ’ἁμαρτωλῶν
3435 1770 3782 1870 κρεμασθεὶςξ

545 1880 713 1934 vitam
760 1884 964 1938 mundo
1011 1885 1240 1957 largitus
1271 1897 1378 1943 est.

2229 1883 2376 1956 ζωὴν
2396 1884 2474 1955 τῷ
2506 1887 2696 1957 κόσμῳ
2719 1886 3037 1957 ἐχαρίσατο.

614 1970 988 2045 Interrogatio.
1045 1977 1100 2032 Si
1149 1990 1370 2050 oportet
1413 1985 1734 2054 responderi
1785 1988 1993 2046 Iudaeis
2039 1989 2126 2046 di-

2311 1975 2654 2045 Ἐρώτησις.
2683 1977 2745 2030 ΕΙ
2775 1976 2882 2048 χρὴ
2911 1977 3286 2048 ἀπακριθῆναι
3314 1975 3589 2040 Ἰουδαίοις
3617 1976 3781 2045 λέγου-

542 2065 801 2121 ceutibus
823 2069 989 2124 nobis
1009 2089 1022 2125 :
1041 2070 1180 2138 Quia
1201 2075 1508 2131 secundum
1531 2087 1768 2135 vestram
1797 2083 2125 2138 sententiam

2230 2083 2314 2121 σιν
2344 2068 2498 2137 ἡμῖν,
2530 2068 2611 2122 ὃτι
2659 2067 2788 2122 Ἰδοὺ
2823 2067 2964 2122 κατὰ
2987 2067 3086 2139 τήν
3116 2067 3272 2139 ὑμῶν
3297 2067 3458 2133 δόξαν
3475 2069 3574 2122 οὐκ
3591 2064 3654 2140 ἦν
3678 2071 3704 2122 6
3730 2069 3782 2122 tit

540 2171 653 2210 non
683 2167 789 2224 est,
821 2161 914 2229 qui
943 2177 1011 2216 ex
1045 2163 1211 2220 Maria
1245 2179 1407 2224 natus
1435 2180 1518 2225 est
1539 2172 1704 2240 Deus,
1741 2174 1951 2231 dicitur
1977 2178 2126 2232 enim

2227 2158 2445 2227 Μαρίας
2481 2157 2700 2227 τεχθεὶς
2731 2159 2760 2212 6
2787 2157 2955 2225 Θεὸς,
2987 2158 3206 2227 λέγεται
3259 2159 3341 2212 ὅτι
3385 2159 3622 2228 Μωῠσῆς
3673 2147 3783 2228 περὶ

539 2245 760 2319 Moysen
795 2251 863 2307 de
911 2253 1006 2308 illo
1053 2258 1412 2326 prophetasse
1464 2262 1736 2320 dicentem
1770 2283 1785 2320 :
1827 2287 1844 2318 ι
1879 2267 2126 2338 Prophe-

2241 2247 2411 2302 αὐτοῦ
2477 2249 2892 2320 προεφήτευσεν
2945 2248 3137 2314 εἰπὼν,
3176 2249 3257 2302 ὃτι
3293 2267 3312 2300 ι
3352 2249 3642 2320 Προφήτην
3675 2249 3783 2319 ὑμῖν

541 2352 654 2394 tam
703 2344 864 2400 vobis
914 2347 1206 2402 suscitabit
1251 2351 1517 2408 Dominus
1553 2355 1696 2410 Deus
1743 2372 1813 2412 ex
1861 2357 2128 2416 fratribus

2228 2341 2528 2413 ἀναστήσει
2561 2341 2770 2411 Κύριος
2805 2342 2833 2394 6
2869 2339 3002 2405 Θεὸς
3035 2341 3100 2394 ὲκ
3130 2340 3242 2394 τῶν
3271 2339 3518 2410 ἀδελφῶν
3549 2339 3694 2416 ὑμῶν
3719 2338 3783 2402 ὡς

537 2435 742 2490 vestris
771 2436 914 2492 sicut
948 2453 1058 2503 me,
1097 2439 1277 2510 ipsum
1311 2443 1496 2498 audite
1526 2444 1569 2498 ³.
1607 2463 1625 2496 ι
1681 2446 1909 2502 Videtur
1939 2458 2124 2504 autem

2227 2431 2349 2501 ἐμὲ,
2381 2430 2542 2484 αὑτὸν
2569 2429 2864 2484 ἀκούσατε’
2907 2449 2926 2482 ι
2965 2429 3216 2501 φαίνεται
3245 2431 3302 2484 δὲ
3331 2430 3574 2499 Μωῦσῆς
3603 2429 3784 2500 ἄνθρω-

540 2523 753 2596 lloyses
782 2527 948 2584 homo
995 2530 1167 2587 fuisse
1191 2541 1247 2587 et
1275 2534 1422 2588 Deus
1448 2534 1562 2587 ?—
1589 2522 1892 2608 Responsio.
1924 2539 2124 2606 Judaei,

2226 2534 2328 2585 πος
2365 2519 2440 2574 ὣν
2471 2522 2566 2575 καὶ
2593 2521 2726 2586 Θεός
2749 2539 2764 2588 ;
2791 2552 2862 2562 -
2893 2522 3254 2591 Ἀπόκρισις.
3276 2521 3338 2574 0i
3389 2521 3648 2582 Ἰουδαῖοι,
3671 2521 3781 2573 πότε

538 2617 761 2683 quando
790 2618 949 2674 vobis
995 2621 1098 2677 hoc
1129 2623 1268 2677 dixit
1303 2625 1514 2696 Moyses
1537 2626 1562 2678 ?
1593 2636 1886 2698 antequam
1931 2646 2125 2684 ascen-

2229 2613 2360 2682 ὑμῖν
2380 2611 2540 2666 τοῦτο
2559 2608 2680 2666 εἷπε
2709 2613 2954 2683 Μωῦσῆς
2979 2631 2994 2680 ;
3030 2613 3135 2684 πρὸ
3165 2613 3260 2666 τοῦ
3293 2613 3542 2667 ἀνελθεῖν
3565 2611 3714 2666 αὑτὸν
3737 2615 3784 2665 ὲν

537 2708 698 2772 deret
758 2709 814 2764 in
867 2699 1134 2777 montem,
1188 2713 1284 2769 ubi
1347 2724 1592 2771 mutatus
1641 2727 1724 2772 est
1777 2720 1963 2776 vultus
2003 2721 2125 2791 ejus

2225 2703 2306 2775 τῷ
2355 2704 2494 2776 δρει,
2539 2705 2628 2759 ὅτε
2679 2704 2949 2775 ἐνηλλάγη
2995 2707 3028 2774 ἡ
3066 2704 3190 2775 ὄψις
3243 2703 3340 2758 τοῦ
3391 2705 3597 2775 χρωτὸς
3640 2702 3810 2786 αὑτοῦ,

540 2808 820 2868 aspectus,
865 2801 939 2855 ita
975 2811 1036 2858 ut
1081 2820 1190 2859 non
1247 2807 1544 2876 potueritis
1582 2825 1680 2864 vos
1729 2810 1881 2865 illum
1919 2813 2125 2868 intueri

2227 2793 2370 2850 ὥστε
2413 2794 2490 2866 μὴ
2519 2793 2784 2848 δύνασθαι
2820 2795 2966 2864 ὑμᾶς
2995 2794 3266 2857 ἀτενίζειν
3290 2793 3442 2865 αὐτῷ
3469 2795 3556 2848 διὰ
3597 2791 3685 2865 τὴν
3717 2792 3767 2845 δύ

538 2897 769 2959 prepter
799 2891 1148 2966 splendorem
1181 2893 1340 2951 faciei
1390 2899 1531 2968 ejus,
1571 2899 1678 2954 nisi
1729 2901 1985 2956 habuerit
2027 2919 2125 2958 ve-

2227 2885 2323 2952 ξαν
2351 2885 2447 2939 τοῦ
2481 2887 2774 2957 προσώπου
2797 2886 2983 2952 αὑτοῦ,
3019 2887 3070 2940 εἰ
3107 2887 3180 2958 μὴ
3214 2881 3328 2957 εἶχε
3365 2886 3428 2940 τὸ
3453 2885 3722 2957 κάλυμμα,
3751 2882 3781 2952 ἢ

539 2977 677 3044 lum,
713 2995 782 3034 an
811 2997 945 3036 vero
972 2991 1262 3055 postquam
1296 2987 1419 3043 talis
1449 2989 1626 3044 factus
1647 3002 1730 3046 est
1762 2995 1881 3063 ejus
1908 2994 2126 3050 vultus?

2237 2975 2377 3048 μετά
2400 2977 2462 3029 τὸ
2489 2977 2748 3044 γενέσθαι
2779 2976 3022 3031 τοιοῦτον
3051 2979 3110 3031 τὸ
3139 2978 3436 3046 πρόσωπον
3459 2977 3618 3030 αὐτοῦ
3638 2995 3655 3045 ;
3679 2975 3781 3028 σύν-

537 3071 846 3128 Convenite
891 3085 1100 3142 autem,
1137 3079 1302 3134 etiam
1345 3080 1529 3148 inviti,
1568 3083 1672 3139 hoc
1705 3085 1858 3139 illum
1892 3085 2122 3149 dixisse,
2153 3125 2155 3142 .

2161 3103 2196 3161 α
2231 3068 2390 3123 θεσθε
2429 3069 2487 3122 δὲ
2529 3069 2626 3123 καὶ
2669 3071 2744 3140 μὴ
2781 3069 3119 3142 βουλόμενοι,
3147 3070 3229 3123 ὅτι
3282 3070 3424 3142 μετά
3457 3070 3520 3123 τὺ
3549 3067 3779 3161 γενέσθαι

538 3171 832 3232 postquam
879 3163 1058 3221 factus
1087 3177 1174 3223 est
1202 3169 1388 3224 vultus
1440 3174 1560 3242 ejus
1593 3175 1766 3244 gloria
1803 3177 2121 3245 splendens.

2166 3159 2193 3161 ’⁷
2227 3159 2290 3215 τὸ
2325 3160 2616 3232 πρόσωπον
2649 3162 2816 3216 αὐτοῦ
2847 3161 3264 3232 δεδοξασμένον
3314 3161 3460 3216 οὕτω
3503 3161 3595 3215 καὶ
3619 3161 3646 3213 6
3674 3159 3779 3222 Υἱὸς

539 3251 632 3306 Sic
675 3263 732 3306 et
773 3253 944 3308 Filius
973 3256 1068 3310 Dei
1102 3257 1356 3314 habitans
1391 3261 1442 3315 in
1475 3263 1636 3318 nobis
1666 3280 1766 3334 pro
1800 3264 2126 3322 indumento

2224 3251 2321 3306 τοῦ
2364 3252 2499 3306 Θεοῦ
2543 3252 2833 3324 σκηνώσεις
2881 3255 2940 3306 ἐν
2977 3255 3110 3325 ἡμῖν
3144 3255 3266 3309 ἀντὶ
3299 3255 3642 3325 περιϐολαίου
3672 3251 3777 3320 ἔσχε

539 3341 734 3398 habuit
787 3344 1167 3403 habitaculum
1206 3352 1455 3420 corporis
1490 3354 1596 3418 sui,
1651 3356 1934 3411 occultans
1967 3372 2124 3412 suam

2227 3345 2318 3398 τὸν
2345 3345 2475 3399 ναὸν
2522 3344 2616 3398 τοῦ
2652 3343 2905 3416 σώματος
2938 3345 3126 3411 αὑτοῦ,
3173 3345 3438 3417 κρύπτων
3487 3346 3644 3400 αὖτοῦ
3696 3345 3778 3414 τὴν

490 3461 495 3466 ι
538 3432 912 3492 divinitatem.
968 3439 1444 3506 Quemadmodum
1493 3445 1714 3518 Moysen
1772 3463 1882 3502 non
1931 3458 2108 3518 potue.

2229 3433 2462 3504 θεότητα
2483 3452 2496 3465 ο
2526 3434 2586 3487 ὃν
2615 3435 2818 3506 τρόπον
2849 3434 2942 3488 τὸν
2982 3437 3223 3506 Μωῦσῆν
3257 3436 3363 3489 οὐκ
3399 3435 3656 3506 ἠδύναντο
3687 3433 3779 3487 ἀπὸ

537 3533 669 3580 runt
722 3528 794 3582 ob
834 3529 992 3586 faciei
1029 3533 1151 3604 ejus
1199 3535 1429 3606 gloriam
1469 3537 1672 3593 intueri
1707 3548 1900 3609 aperto
1944 3542 2123 3608 vultu,

2227 3525 2329 3595 τῆς
2359 3525 2518 3596 δόξης
2565 3524 2662 3579 τοῦ
2700 3527 2993 3596 προσώπου
3023 3525 3190 3580 αὑτοῦ
3249 3527 3550 3594 θεάσασθαι
3599 3523 3777 3595 γυμνὸν

539 3618 614 3674 ita
655 3619 828 3676 Filius
871 3621 968 3678 Dei
1028 3623 1372 3683 humanitate
1419 3629 1622 3684 velavit
1681 3631 2054 3688 divinitatem.

2226 3622 2294 3691 τῇ
2323 3620 2466 3690 ὄψει,
2497 3618 2640 3673 οὕτω
2672 3619 2768 3673 καὶ
2805 3619 2834 3672 6
2873 3618 3000 3684 Υἱὸς
3041 3620 3138 3674 τοῦ
3166 3619 3302 3674 Θεοῦ
3334 3623 3402 3692 τῇ
3430 3618 3775 3692 ἀνθρωπότητι

2229 3713 2434 3784 ἔκρυψε
2457 3712 2558 3783 τὴν
2586 3711 2842 3784 θεότητα.
3447 3708 3457 3715 ’

613 3807 752 3866 Deus
777 3811 1086 3882 praevidens
1111 3825 1356 3872 vestrum
1387 3835 1562 3890 genus
1596 3821 1794 3876 durum
1825 3833 1882 3880 et
1923 3823 2128 3894 impro-

2314 3805 2373 3859 Ὁ
2404 3804 2537 3869 Θεὸς
2564 3801 2829 3875 προειδὼς
2854 3801 2916 3856 τὸ
2948 3802 3106 3872 γένος
3137 3800 3293 3872 ὑμῶν
3326 3802 3411 3856 ὅτι
3437 3800 3660 3872 σκληρόν
3683 3798 3775 3851 ἔστι

537 3898 668 3954 bum
696 3917 838 3968 esse,
863 3912 920 3958 et
957 3906 1292 3976 ejiciendum
1339 3911 1455 3966 fore
1488 3913 1914 3984 primogenitum
1951 3914 2124 3971 ﬁlium

2227 3898 2325 3952 καὶ
2367 3895 2624 3967 πονηρὸν,
2665 3900 2761 3950 καὶ
2797 3897 2881 3949 ὅτι
2911 3894 3314 3964 ἐκϐληθήσεται
3361 3897 3459 3966 μὲν
3482 3899 3509 3950 6
3538 3893 3775 3984 πρωτότρσ

535 3989 740 4057 lsrael,
798 4003 856 4049 et
909 3997 1360 4053 substituendum
1417 4015 1448 4054 e
1492 3981 1758 4072 ﬁgentib‘us
1822 4005 2123 4074 populum,

2227 4007 2323 4054 κος
2369 3989 2486 4052 υἱὸς
2543 3987 2780 4060 Ἰσραὴλ,
2832 3988 3328 4059 ἀντεισαχθὴσεται
3375 3989 3433 4044 δὲ
3470 3991 3498 4042 6
3531 3985 3588 4052 ἐξ
3633 3981 3779 4074 tliva

536 4092 731 4150 operte
762 4083 854 4138 illa
886 4095 942 4140 et
975 4102 1102 4141 cum
1142 4088 1479 4145 obscuritate
1509 4108 1608 4161 per
1637 4107 1700 4148 os
1730 4073 2123 4163 prophetarum

2229 4080 2378 4148 λαὸς,
2408 4079 2638 4148 ἀσαφῶς
2679 4076 2858 4132 ταῦτα
2889 4078 3140 4159 καὶῇμετ¹
3175 4079 3528 4152 ἐπικρύψεως
3563 4076 3647 4130 διὰ
3673 4073 3770 4127 στό-

536 4171 757 4229 l‘ocutus
779 4183 882 4230 est.
917 4175 975 4231 Si
1001 4178 1146 4234 enim
1179 4180 1524 4251 cognovisset
1553 4198 1706 4236 suam
1736 4185 1950 4239 ruinam
1980 4181 2125 4240 ihvi-

2233 4188 2405 4244 ματος
2429 4171 2539 4224 τῶν
2566 4169 2862 4242 προφητῶν
2896 4165 3325 4242 προηγόρευσεν·
3350 4172 3399 4225 ει
3425 4169 3532 4240 γὰρ
3553 4169 3680 4236 ἔγνω
3696 4163 3773 4232 τήν

537 4262 626 4317 dia
659 4265 881 4333 plenum
909 4274 965 4320 et
992 4277 1218 4336 peccato
1261 4269 1523 4346 refertum
1553 4282 1795 4328 vestrum
1825 4290 2017 4344 genus,
2053 4276 2124 4330 li-o

2229 4262 2426 4318 ἑαυτοῦ
2458 4263 2734 4316 ἔκπτωσιν
2755 4260 2816 4316 τὸ
2836 4259 3034 4329 φθόνου
3063 4261 3380 4338 μεστδνεκαὶ
3401 4261 3599 4332 πλῆρες
3621 4261 3770 4328 ἀμαρ-

535 4351 668 4409 bros
695 4369 888 4410 omnes
918 4358 1295 4424 cremavisset,
1328 4361 1569 4429 eo‘quod
1611 4377 1720 4416 non
1757 4365 1993 4422 tolerare
2024 4381 2122 4434 po-

2225 4357 2352 4420 τίας
2379 4356 2534 4424 γένος
2570 4353 2744 4424 ὑμῶν,
2775 4353 3189 4426 πυρικαύστους
3225 4353 3292 4408 ἂν
3327 4353 3424 4418 τὰς
3461 4351 3662 4424 βίϐλους
3684 4347 3770 4434 πᾷ-

538 4445 736 4500 tuisset
789 4447 842 4501 in
892 4462 950 4502 se
1001 4451 1204 4520 scripta
1243 4452 1499 4522 proferri,
1534 4469 1634 4508 nec
1683 4455 1944 4510 invidiam
1996 4457 2124 4513 inde

2158 4445 2200 4498 ο
2232 4464 2330 4510 σας
2369 4446 2704 4516 πεποίηκεν,
2748 4445 2843 4498 ἆτε
2879 4444 2944 4514 δὴ
3005 4444 3081 4515 μὴ
3134 4445 3438 4516 γράμματα
3467 4445 3642 4514 φέρειν
3670 4433 3769 4491 καθ’

535 4544 733 4592 contra
767 4552 826 4592 se
854 4538 942 4593 his
971 4541 1262 4598 excitatam
1293 4544 1588 4598 sustinere.
1621 4545 1744 4600 limo
1773 4547 1938 4616 igitur
1962 4564 2128 4604 causa

2227 4536 2424 4592 ἑαυτοῦ
2469 4537 2836 4607 ἀνεχόμενον,
2884 4535 3182 4589 κάντεῦθεν
3231 4535 3437 4606 ζημίαν
3477 4536 3534 4588 οὐ
3575 4533 3663 4603 τὴν
3696 4543 3746 4616 tu

533 4634 644 4691 est,
672 4626 745 4682 ob
771 4643 936 4698 quam
961 4640 1153 4700 operte
1179 4634 1486 4702 prophetici
1517 4635 1708 4704 scripti
1741 4611 1947 4692 fuerint
1975 4641 2127 4707 libri,

2229 4629 2432 4701 χοῦσαν
2475 4631 2592 4692 τοῖς
2631 4628 2775 4698 μετά
2811 4627 2985 4680 ταῦτα
3024 4629 3367 4698 ἐπήνεγκεν·
3412 4625 3548 4696 αὕτη
3581 4623 3668 4693 μὲν
3697 4611 3770 4672 οὖν

534 4719 584 4774 si
629 4737 739 4776 non
789 4721 969 4778 credit
1021 4723 1108 4778 bis
1153 4741 1275 4795 qua:
1311 4727 1567 4788 dicimus,
1615 4727 1803 4784 credat
1847 4731 2130 4800 propheta:

2230 4723 2263 4791 ή
2303 4720 2473 4787 αἰτία,
2507 4719 2574 4772 δι’
2609 4720 2676 4789 ἣν
2707 4719 2932 4787 ἀσαφῶς
2979 4721 3034 4772 αι
3065 4718 3408 4790 προφητικαὶ
3443 4712 3767 4780 συνετέθησαν

536 4808 768 4874 dicenti,
799 4827 981 4882 neque
1023 4815 1350 4884 cognovisti,
1389 4832 1569 4886 neque
1601 4801 1837 4882 audisti,
1871 4833 2050 4889 neque
2097 4835 2129 4875 a

2233 4812 2424 4886 βίϐλοι·
2465 4811 2558 4866 καὶ
2588 4811 2638 4864 εἰ
2668 4811 2742 4882 μὴ
2769 4809 2934 4884 πείθῃ
2963 4812 3076 4874 τοῖς
3115 4809 3452 4880 λεγομένοις,
3487 4805 3563 4876 τῷ
3592 4803 3766 4868 λέγοντι

536 4903 812 4976 pzincipio
844 4905 1036 4974 aperui
1063 4922 1227 4962 aures
1254 4917 1411 4972 tuas;
1441 4910 1556 4964 seio
1589 4909 1738 4964 enim
1773 4910 1919 4980 quod
1951 4926 2118 4982 repu-

2218 4905 2410 4962 πεὶθυυ
2444 4905 2720 4976 προφήτῃ,
2767 4901 2888 4956 οὔτε
2922 4903 3114 4972 ἔγνως,
3161 4901 3289 4956 οὔτε
3337 4901 3608 4971 ἠπίστασο
3629 4935 3643 4958 ,
3669 4889 3765 4982 οὔτε

539 5009 711 5063 ςηιιηε
740 4996 1094 5067 repugnabis.
1125 4997 1193 5052 Et
1215 5013 1360 5053 nunc
1381 4999 1603 5068 quidem
1628 5015 1696 5054 eo
1717 5001 1862 5071 quod
1885 4981 2028 5058 Deus
2053 5018 2122 5060 ex

2220 5001 2316 5055 ἀπ’
2348 4997 2530 5070 ἀῬχῆς
2587 4996 2801 5068 ἀνέῳξά
2835 5013 2928 5048 σου
2962 4989 3096 5050 {cur
3131 4996 3284 5068 ᾔδειν
3312 4994 3420 5064 γὰρ
3455 4992 3534 5046 ὅτι
3561 4981 3763 5044 ἀπειθῶν

539 5085 774 5140 muliere
815 5097 978 5142 natus
1009 5089 1102 5153 sit,
1132 5090 1526 5146 scandalizaris
1557 5104 1614 5147 et
1643 5092 1869 5162 refugis.
1917 5093 1975 5148 lu
2023 5093 2122 5149 de-

2226 5091 2570 5157 ἀπειθήσεις⁹
2606 5089 2704 5142 κα)⁸
2747 5087 2846 5142 νῦν
2884 5087 2984 5159 μὲν
3020 5088 3102 5142 ὅτι
3144 5087 3276 5168 Θεὸς
3307 5089 3374 5141 ἐκ
3409 5079 3650 5153 γυναικὸς
3664 5088 3763 5168 ᾼγεν·

541 5182 714 5238 serto,
740 5178 962 5244 quando
985 5179 1082 5233 tibi
1115 5180 1468 5235 invisibiliter
1491 5190 1547 5236 et
1571 5197 1682 5236 non
1711 5182 1766 5238 in
1797 5197 1963 5238 carne
1994 5199 2126 5238 con-

2223 5185 2405 5248 νᾶται,
2437 5181 2771 5254 σκανδαλίζῃ
2819 5181 2913 5234 καὶ
2949 5166 3422 5250 ἁποπηδᾷςέκατά
3451 5175 3506 5228 δὲ
3544 5169 3632 5240 τὴν
3656 5166 3759 5254 ἒρι·

543 5267 866 5324 versabatur
897 5271 1063 5337 Deus,
1095 5279 1152 5328 et
1185 5274 1458 5328 mirabilia
1485 5275 1574 5330 illa
1604 5285 1828 5345 propter
1859 5284 1910 5331 te
1941 5286 2154 5346 patrav'

2144 5289 2154 5300 '
2236 5292 2356 5346 μον,
2376 5275 2465 5328 ὅτε
2493 5291 2576 5327 σοι
2611 5273 2863 5345 ἀοράτως
2895 5272 2988 5325 καὶ
3013 5270 3074 5324 οὐ
3104 5271 3194 5324 διὰ
3225 5267 3422 5341 σαρκὸς
3453 5251 3760 5324 συνανεστρέ·

547 5357 658 5423 bat,
683 5373 786 5414 cur
817 5361 872 5415 in
905 5361 1074 5417 Deum
1096 5365 1407 5436 cogitabas?
1441 5365 1719 5434 quomodo
1755 5375 1946 5422 contra
1979 5366 2126 5436 Moy-

2233 5383 2363 5438 φετο
2388 5368 2416 5420 ὁ
2444 5367 2595 5430 Θεὸς,
2628 5367 2722 5420 καὶ
2755 5364 2824 5421 τὰ
2847 5363 3132 5437 παράδοξα
3159 5365 3341 5417 ἐκεῖνα
3365 5359 3452 5414 διὰ
3478 5357 3536 5409 σὲ
3570 5355 3758 5445 ἑτεραξ·

543 5463 662 5505 sem
694 5449 1038 5518 irascebaris,
1076 5455 1149 5510 ita
1196 5465 1258 5510 ut
1299 5472 1491 5526 parum
1538 5457 1774 5538 abfuerit
1819 5457 1954 5528 quin
1995 5473 2122 5510 eum

2231 5457 2446 5531 ούργει,
2529 5459 2673 5524 τίνος
2729 5458 2918 5512 ἕνεκεν
2973 5457 3224 5526 ἐφρόνεις
3281 5452 3420 5508 κατὰ
3475 5445 3627 5538 θεφξ
3661 5448 3755 5538 Σ,τως

543 5537 908 5610 lapidaveris?
943 5547 1221 5615 quomodo
1247 5529 1653 5606 benefactorem
1695 5550 2032 5620 relinquens,
2068 5549 2122 5604 in

2231 5529 2518 5622 ὴγριαίνου
2561 5550 2704 5604 κατὰ
2752 5551 3035 5613 Μωῢσέως
3058 5590 3073 5614 ,
3109 5549 3184 5630 ὡς
3225 5543 3402 5618 μικρῷ
3435 5540 3522 5594 καὶ
3559 5529 3754 5588 λιθολενο

613 5725 658 5761 ’⁸
695 5723 832 5783 Gen.
869 5744 1000 5808 xvu,
1053 5731 1106 5788 5.
1208 5737 1254 5772 θ’
1297 5735 1409 5791 lmo
1433 5735 1631 5794 Ezccb.
1667 5753 1773 5804 xvi,
1824 5739 1876 5792 5.
1983 5737 1996 5770 ¹
2036 5734 2231 5792 Bruta

1989 5734 2475 5803 'Drul.xxr,23;
2539 5733 2712 5790 Galut.
2776 5748 2855 5799 ιιι,
2895 5731 2980 5787 15.
3056 5731 3077 5762 ³
3135 5729 3295 5784 Deut.
3337 5737 3482 5785 xvttt,
3540 5713 3607 5771 ιε.
