4098 6440
1738 149 1756 177 κ

545 345 683 414 1Ξ79

532 558 789 616 Christus
834 562 1112 623 hominem
1144 568 1202 625 Se
1240 588 1382 639 esse,
1419 591 1529 630 non
1567 587 1748 633 tamen
1778 582 1787 589 ’
1821 581 2016 647 Deum,
2065 574 2155 638 uti

539 661 595 707 tu
627 655 868 722 testaris,
904 658 1147 727 dicebat,
1185 679 1286 719 cur
1312 681 1438 737 eum
1465 671 1825 725 eruciiixisti?
1852 689 1962 728 non
1990 691 2121 745 pro-

534 751 658 813 pter
694 745 832 801 hoc?
871 760 926 804 et
959 766 1130 820 quare
1168 754 1616 826 igitur?—Quia
1658 762 1835 831 legem
1882 764 2122 821 violabat

533 842 591 889 et
621 835 862 893 Sabbata
886 841 1154 901 solvebat.
1179 876 1248 885 —
1270 848 1337 902 Et
1368 852 1647 919 quomodo
1681 854 1786 910 hoc
1830 855 2121 927 egit,‘dic?

532 928 680 996 quod
708 931 1066 1003 paralyticum
1100 934 1155 990 in
1185 937 1428 995 Sabbato
1457 943 1741 1001 ambulare
1775 946 1941 1004 fecit?
1968 950 2116 1019 quod

531 1016 956 1077 decumbentem
983 1023 1035 1077 in
1069 1024 1210 1080 lecto
1234 1029 1447 1084 erexit?
1473 1033 1621 1101 quod
1656 1045 1937 1091 mortuum
1981 1016 2117 1109 qua-

531 1109 851 1166 triduanum
879 1115 1202 1171 suscitavit?
1226 1129 1279 1175 et
1314 1122 1498 1191 qualis
1528 1134 1614 1180 est
1643 1125 1749 1182 hoc
1773 1127 1911 1200 legis
1942 1131 2115 1186 viola-

530 1199 645 1254 tio?
671 1202 764 1271 qui
791 1205 1102 1274 jumentum
1126 1209 1316 1266 educit
1340 1228 1371 1268 e
1393 1212 1537 1269 fossa
1566 1216 1655 1271 die
1683 1217 1907 1275 Sabbati
1940 1221 2118 1293 legem

526 1296 737 1352 violare
779 1315 888 1354 non
923 1301 1146 1371 dicitur,
1174 1315 1232 1361 et
1262 1308 1358 1378 qui
1401 1319 1682 1367 mortuum
1731 1317 2117 1375 maleolcntem

527 1387 597 1441 ad
619 1388 787 1444 vitam
811 1391 1028 1449 reducit
1049 1395 1224 1467 legem
1248 1401 1450 1456 violat?
1469 1402 1513 1458 Ο
1537 1403 1801 1476 injustum
1820 1409 2114 1480 judicium,

527 1492 561 1531 ο
594 1478 927 1537 dementiam
976 1492 1246 1544 vestram!
1295 1493 1390 1561 qui
1416 1494 1730 1563 jumentum
1781 1501 1981 1561 melius
2013 1502 2117 1558 ho-

526 1569 675 1623 mine
700 1586 798 1626 vos
834 1573 936 1643 ipsi
972 1576 1218 1647 jumenta
1243 1582 1537 1652 judicatisl
1578 1586 1685 1643 Sed
1722 1590 1857 1660 quid
1901 1602 2111 1648 tantum

527 1654 795 1714 honorem
847 1661 1070 1720 Sabbati
1124 1667 1393 1738 defendis,
1435 1690 1468 1728 ο
1517 1654 1767 1747 improbe
1811 1691 1867 1738 et
1909 1684 2116 1739 stulte?

525 1744 669 1802 Olim
695 1750 840 1808 Deus
863 1756 1199 1827 praecipiens
1216 1761 1476 1819 honorari
1505 1744 1826 1838 Sabbatum,
1850 1781 1907 1828 et
1930 1774 1987 1829 in
2007 1776 2115 1832 hoc

527 1855 691 1897 omne
733 1860 873 1913 opus
898 1848 1059 1905 vobis
1086 1852 1411 1922 prohibens,
1447 1858 1730 1929 infantem,
1763 1865 1809 1919 si
1836 1874 1962 1922 octo
1992 1869 2112 1925 die-

525 1949 648 1989 rum
699 1938 940 1997 Sabbato
988 1960 1111 2000 esse
1155 1952 1520 2023 contingeret,
1567 1958 1887 2016 circumcidi
1936 1963 2113 2020 libere

524 2027 733 2095 sinens,
772 2033 920 2089 clare
966 2039 1229 2106 ostendit,
1264 2058 1388 2099 cum
1440 2047 1659 2103 tandem
1692 2050 1963 2109 incideret
2003 2058 2113 2112 cir-

522 2122 882 2181 eumcisionis
911 2137 1141 2187 octavus
1171 2133 1309 2201 dies,
1354 2136 1503 2194 hunc
1541 2152 1794 2199 sanctum
1830 2155 1887 2202 et
1921 2148 2111 2204 Domi-

521 2211 707 2266 nicum
733 2230 859 2297 esse
873 2234 887 2284 ;
919 2235 1046 2274 nam
1073 2235 1199 2292 post
1222 2228 1517 2298 septimum
1548 2232 1651 2289 iste
1679 2245 1784 2301 est,
1810 2238 1935 2295 ideo
1962 2253 2111 2298 octa-

518 2317 623 2358 vus
658 2317 909 2375 vocatur,
956 2311 1012 2366 in
1062 2331 1174 2385 quo
1220 2317 1448 2377 Sabbati
1483 2324 1663 2381 honor
1690 2330 1954 2387 solvetur.
1985 2334 2106 2389 Cir-

517 2398 786 2453 cumcisio
814 2412 1000 2459 autem
1029 2406 1140 2462 diei
1172 2419 1355 2479 potest
1383 2416 1671 2485 aptissime
1700 2438 1716 2475 :
1745 2422 1800 2476 in
1831 2424 1925 2481 illa
1958 2427 2105 2482 enim
2134 2470 2139 2475 .

515 2502 549 2543 e
597 2493 831 2548 mortuis
873 2499 1138 2555 suscitato
1186 2502 1419 2562 Domino
1461 2520 1652 2567 nostro
1681 2514 1813 2570 Jesu
1860 2516 2102 2585 Christo,

514 2591 804 2649 peccatum
833 2587 1225 2650 circumcisum
1258 2603 1364 2661 est,
1395 2608 1452 2653 et
1485 2600 1882 2662 daemoniorum
1911 2625 2104 2680 super—

515 2673 605 2727 bia
637 2675 848 2746 deiecta
876 2691 981 2738 est.
1019 2683 1128 2740 Sed
1171 2688 1306 2757 quid
1346 2693 1519 2748 multa
1547 2695 1772 2754 dicere?
1796 2702 1928 2757 olim
1958 2673 2104 2762 Deus

514 2764 739 2823 Sabbati
770 2772 1103 2831 solutionem
1131 2779 1466 2850 significavit
1490 2802 1634 2854 esse,
1660 2793 2098 2866 translationem,

511 2865 570 2911 et
590 2874 692 2929 per
721 2865 901 2918 octavi
935 2866 1047 2923 diei
1085 2870 1590 2943 circumcisroncm,
1620 2891 1682 2936 ut
1713 2883 1825 2953 jam
1854 2890 2103 2943 ostendi-

512 2966 672 3017 mus,
723 2971 828 3011 nec
853 2960 1039 3017 minus
1084 2975 1271 3020 autem
1327 2984 1429 3038 per
1465 2971 1760 3051 Jeremiam
1800 2977 1842 3043 ⁸,
1877 2982 2100 3049 quando

511 3046 677 3100 statui
726 3047 1141 3110 Testamentum
1191 3059 1405 3117 Novum
1465 3046 1738 3134 promisit.
1798 3046 2098 3145 Ne_igitur

511 3138 739 3195 moleste
763 3141 928 3210 feras,
955 3162 1135 3219 neque
1161 3162 1353 3208 contra
1379 3171 1482 3211 nos
1509 3157 1841 3229 disputando
1865 3138 2096 3236 pugnes,
2123 3181 2168 3243 ρ

509 3230 557 3284 εἰ
597 3247 723 3286 eum
771 3236 998 3307 reliquis
1047 3240 1273 3300 Sabbati
1311 3246 1491 3303 honor
1539 3230 1895 3312 transfertur.
1941 3230 2141 3315 ίῆονοἦ

1745 373 1807 434 S.
1847 366 2245 441 ANASTASII
2284 380 2611 444 SINAIT/E

610 466 798 524 Habeo
825 480 1008 526 autem
1038 475 1135 530 tibi
1159 478 1308 535 aliud
1331 481 1400 537 dc
1420 482 1509 538 his
1528 483 1823 541 dicendum
1854 507 1867 543 :
1895 488 2127 555 Quando
2159 497 2199 551 Α

3646 406 3770 476 ίῗὲύ

2301 495 2452 565 Ἐχώ
2480 497 2537 549 δέ
2565 513 2647 550 σοι
2673 500 2766 552 καὶ
2787 498 2976 573 ἕτερον
3001 502 3094 557 ἐπὶ
3123 504 3330 570 τούτοις
3354 507 3520 566 εἰπεῖν
3542 531 3555 545 ·
3597 516 3768 595 ἔπιέ-ἱ]

2225 576 2508 655 exprme;
2535 586 2822 660 ἄνθρωπον
2852 593 3066 659 ἑαυτὸν,
3100 596 3163 648 οὐ
3208 596 3388 667 μέντοι
3427 598 3586 671 Θεὸν,
3618 607 3686 673 ὡς
3715 576 3770 666 σύ

2227 680 2551 749 μαρτυρεῖς,
2588 680 2775 751 ἔλεγεν
2798 681 2962 753 εἶναι,
3018 687 3136 752 πῶς
3183 689 3346 744 αὐτὸν
3399 694 3769 771 ὲσταύρωσαςς

2222 765 2339 819 ἀλλ’
2391 768 2452 821 οὐ
2498 768 2589 823 διὰ
2629 770 2820 855 τοῦ-τοις
2857 774 2950 828 καὶ
2986 775 3143 841 τίνος
3169 777 3392 848 ’ἐνεκεν;
3435 782 3521 848 Ὠς
3555 765 3772 859 animo;

2226 857 2430 927 μοῦντα
2461 861 2554 913 καὶ
2599 862 2669 916 τὰ
2713 850 2971 919 Σάϐϐατα
3000 866 3218 924 λύοντα.
3271 871 3376 924 Καὶ
3402 874 3515 939 πῶς
3552 850 3640 932 καί
3664 883 3772 937 τίνα

2222 947 2443 1017 τρόπον,
2484 948 2642 1020 είπέ;
2685 953 2810 1008 Ὅτι
2846 954 2939 1009 τὸν
2969 958 3283 1029 παράλυτον
3326 963 3382 1017 ὲν
3406 963 3774 1044 Σαϐϐάτιμ“βα.

2221 1038 2389 1104 δίζειν
2413 1042 2703 1114 ἐποίησεν;
2755 1047 2837 1100 ὅτι
2884 1048 2984 1119 τὴν
3041 1052 3462 1121 συγκύπτουσαν
3503 1058 3767 1131 ὤρθωσενς

2218 1124 2301 1178 ὅτι
2334 1128 2528 1198 νεκρὸν
2553 1134 2934 1206 τετραήμερον
2958 1136 3148 1209 ῆγειρε
3175 1157 3190 1208 ;
3225 1144 3317 1196 καὶ
3343 1146 3472 1199 ποία
3504 1146 3653 1204 τοῦτο
3681 1173 3773 1208 πα-

2222 1220 2490 1289 ρανομία;
2546 1224 2575 1277 ὁ
2620 1224 2682 1278 τὸ
2722 1227 2919 1297 κτῆνος
2964 1229 3184 1301 ἀνάγων
3228 1216 3307 1288 ἐκ
3341 1236 3533 1311 βόθρου
3567 1246 3774 1302 κατὰτὸ

2219 1308 2498 1366 Σάϐϐατον
2520 1320 2863 1388 παρανομεῖν
2890 1321 2953 1374 ού
2989 1322 3228 1393 λέγεται,
3261 1329 3354 1381 καὶ
3391 1331 3419 1382 ὁ
3443 1308 3631 1415 νεκρὸν
3651 1336 3768 1393 οδω.

2216 1399 2344 1455 δότα
2390 1401 2620 1469 ζωώσας
2652 1414 3000 1482 παρανομεῖ;
3040 1415 3104 1467 Ὦ
3150 1417 3251 1488 τῆς
3293 1420 3480 1475 ἀδίκου
3523 1399 3769 1495 κρίσεωςί

2216 1490 2262 1544 ὢ
2288 1494 2390 1562 τῆς
2420 1497 2808 1568 παραπληξίας
2834 1503 3023 1573 ύμῶνί
3085 1507 3168 1560 ὅτι
3208 1509 3270 1562 τὸ
3314 1512 3511 1583 κτῆνος
3544 1490 3772 1586 κρεῖσσον

2216 1583 2508 1656 ἀνθρώπου
2537 1590 2668 1661 παρ’
2699 1593 2829 1660 ὑμῖν
2852 1598 2966 1660 τοῖς
2992 1599 3216 1669 κτήνεσι
3260 1599 3508 1674 κρίνεται
3527 1625 3541 1640 ο
3572 1583 3699 1664 άλλὰ
3727 1614 3776 1665 τί

2214 1676 2470 1732 τοσοῦτον
2498 1680 2700 1754 ἀντέχῃ
2730 1685 2830 1756 τῆς
2861 1687 2955 1741 τοῦ
2990 1691 3276 1747 Σαϐϐάτου
3304 1698 3499 1770 τιμῆς,
3551 1694 3594 1754 ὦ
3635 1702 3770 1758 ἄθλιε

2218 1772 2283 1824 σὺ
2320 1771 2416 1825 καὶ
2442 1774 2676 1846 άνόητε;
2715 1779 2884 1833 πάλαι
2908 1783 2937 1835 ὁ
2968 1783 3100 1849 Θεὸς
3123 1788 3506 1860 ἐντειλάμενος
3529 1795 3771 1865 τιμᾶσθαι

2215 1861 2277 1915 τδ
2297 1863 2592 1933 Σάσδατον,
2638 1869 2734 1923 και
2767 1873 2825 1925 ὲν
2852 1872 3001 1945 αὐτῷ
3037 1877 3205 1948 μηδὲν
3236 1879 3382 1950 ὑμᾶς
3413 1861 3768 1961 ἐργάζεσθαι,

2213 1954 2425 2009 παιδίον
2453 1955 2510 2009 δὲ
2540 1960 2589 2010 εί
2614 1958 2766 2031 τύχοι
2801 1961 3147 2038 ὀκταήμερον
3171 1967 3326 2024 λύειν
3358 1972 3663 2045 Σάϐϐατον,
3689 1954 3772 2032 καὶ

2210 2047 2509 2114 ἀκωλύτως
2542 2051 2675 2107 αὐτὸ
2705 2057 3060 2127 περιτέμνειν
3082 2100 3097 2126 ,
3154 2063 3346 2133 σαφῶς
3372 2054 3637 2138 ἐδήλωσεν
3661 2112 3674 2135 ,
3706 2071 3771 2135 ὡς

2211 2138 2478 2211 ἐλθούσης
2536 2141 2635 2212 ὀψέ
2692 2160 2826 2199 ποτε
2880 2148 2980 2217 τῆς
3023 2149 3193 2216 ὅντως
3232 2154 3431 2225 ὀγδόης
3469 2164 3770 2232 περιτομῆς,

2208 2231 2331 2302 ἥτις
2365 2233 2514 2287 ἐστὶν
2551 2235 2683 2303 ἁγία
2715 2237 2996 2312 Κυριακή.
3024 2244 3182 2300 Μετὰ
3211 2246 3324 2318 γάρ
3358 2231 3591 2322 ἑϐδόμην
3613 2252 3769 2325 αὕτη,

2209 2325 2295 2392 ἐφ’
2321 2317 2365 2394 ᾧ
2389 2326 2484 2380 καὶ
2513 2327 2676 2398 ὀγδόη
2703 2332 2969 2397 καλεῖται,
3007 2335 3039 2404 ἡ
3071 2336 3163 2389 τοῦ
3193 2317 3645 2414 Σαδδάτουῄτιμὴ
3688 2317 3767 2398 καέ

2205 2413 2574 2485 ταλυθήσεται
2596 2435 2610 2450 ο
2635 2421 2907 2493 περιτομὴ
2937 2422 2995 2476 δὲ
3031 2424 3231 2495 λέγοιτ’
3257 2430 3324 2482 ἂν
3349 2431 3443 2484 καὶ
3473 2413 3620 2499 μάλα
3637 2413 3771 2487 είκό-

2204 2523 2314 2570 τως
2332 2519 2346 2535 ⁸
2372 2508 2431 2563 ὲν
2457 2510 2594 2582 αὐτῇ
2626 2513 2733 2585 γάρ
2770 2515 2835 2568 ὲκ
2864 2516 3078 2585 νεκρῶν
3120 2519 3442 2592 ὲγερθέντος
3462 2522 3555 2576 τοῦ
3585 2524 3772 2596 Κυρίου

2203 2596 2364 2667 ἡμῶν
2398 2599 2576 2670 Ἰησοῦ
2610 2602 2872 2673 Χριστοῦ,
2922 2604 3017 2660 καὶ
3051 2609 3084 2676 ἡ
3123 2609 3375 2680 ἁμαρτία
3410 2614 3771 2686 περιετμήθη,

2204 2694 2361 2765 καὶὴ
2399 2694 2510 2750 τῶν
2557 2697 2830 2768 δαιμόνων
2872 2700 3044 2771 ὀφρὺς
3091 2703 3381 2779 καθῃρέθη
3409 2724 3423 2738 ’
3450 2710 3544 2761 καὶ
3582 2710 3635 2763 τί
3680 2710 3773 2781 χρὴ

2203 2784 2376 2837 πολλὰ
2415 2785 2630 2857 λέγειν;
2661 2791 2829 2844 πάλαι
2869 2792 2899 2844 6
2933 2792 3065 2857 Θεὸς
3093 2795 3191 2866 τὴν
3234 2799 3332 2852 τοῦ
3384 2800 3661 2855 Σαϐὁάτου
3684 2819 3774 2854 καί

2202 2874 2428 2930 τάλυσιν
2460 2879 2683 2948 ᾐνίξατο
2718 2883 3043 2956 μεταϐολὴν,
3077 2886 3172 2941 καὶ
3199 2887 3289 2951 διὰ
3318 2892 3419 2962 τῆς
3447 2890 3774 2964 ὀκταημέρου

2204 2970 2531 3040 περιτομῆς,
2571 2971 2646 3036 ὡς
2680 2973 2779 3043 ἥδη
2816 2976 3126 3045 φθάσαντες
3166 2979 3402 3052 εἴπομεν
3428 2999 3442 3014 ο
3483 2985 3581 3055 οὐχ
3626 2981 3773 3057 ἦττον

2199 3058 2263 3111 δὲ.
2310 3061 2404 3113 καὶ⁵
2451 3062 2543 3116 διὰ
2587 3064 2683 3117 τοῦ
2719 3065 2987 3138 Ἰερεμίου
3033 3068 3295 3141 ὕστερον,
3342 3074 3506 3145 ἡνίκα
3533 3076 3773 3132 διαθεῖναι

2201 3150 2482 3223 Διαθήκην
2515 3155 2726 3228 Καινὴν
2767 3159 3153 3237 ἐπηγγείλατο,
3183 3165 3276 3234 Μὴ
3300 3162 3398 3221 οὖν
3429 3168 3735 3241 δυσχέραινε
3756 3211 3769 3234 ,

2206 3242 2344 3312 μηδὲ
2379 3245 2504 3298 καθ’
2543 3247 2701 3317 ἡμῶν
2751 3251 3044 3322 ἐριστικῶς
3092 3253 3391 3327 διαμάχου,
3442 3260 3498 3311 εἴ
3543 3277 3604 3329 γε
3652 3260 3773 3332 πρὸς

508 3324 658 3377 (nim
688 3324 1062 3397 Testamento,
1093 3336 1279 3391 omnia
1312 3355 1454 3395 nova
1483 3357 1607 3413 esse
1642 3346 1847 3404 debent
1889 3360 1946 3406 et
1977 3354 2101 3425 ejus

508 3416 761 3458 dnunmln
836 3422 1044 3458 Nnunm
1104 3440 1285 3458 ηιιΙΛιΛ
1354 3436 1576 3458 -.....:__..
1630 3436 1761 3458 an“;
1823 3450 1892 3458 -_.
2078 3444 2093 3458 .

2203 3336 2312 3398 τοῖς
2341 3334 2523 3401 ἄλλοις
2546 3339 2640 3391 καὶ
2685 3341 2718 3412 ἡ
2755 3341 2851 3395 τοῦ
2888 3324 3354 3421 Σαδράτουντιμὴ
3403 3324 3769 3422 μετατίθησιν

2203 3427 2408 3458 [In-“3i-
2436 3429 2544 3458 ιιι...
2578 3429 2745 3458 ΑΕ---
2794 3434 2894 3458 -3-
2937 3437 3164 3458 AUJLL,‘
3192 3457 3200 3458 ,
3279 3457 3285 3458 ,
3425 3442 3439 3458 ι
3671 3436 3693 3458 ν

508 3416 783 3487 dogmata.
832 3422 1047 3479 Novum
1102 3440 1287 3484 autem
1351 3436 1581 3492 omnino
1629 3436 1763 3493 illud
1812 3450 1899 3496 est
1947 3444 2096 3512 quod

2203 3427 2408 3498 Καινῆς
2436 3429 2546 3501 γὰρ
2577 3429 2745 3503 οὔσης
2793 3434 2894 3507 τῆς
2927 3437 3203 3509 Διαθήκης
3228 3478 3243 3503 ,
3276 3416 3447 3497 καινά
3489 3461 3609 3497 τινα
3647 3436 3773 3496 εἶναι

506 3525 659 3567 nunc
700 3514 1013 3573 institutum
1044 3530 1149 3587 est,
1181 3539 1283 3579 nec
1310 3524 1388 3581 illi
1420 3528 1600 3585 simile
1628 3532 1776 3601 quod
1808 3537 2095 3604 praeteriit,

506 3618 613 3659 nec
657 3620 744 3662 est
789 3624 892 3664 nec
923 3611 1175 3682 videtur;
1212 3627 1268 3672 et
1322 3619 1428 3675 hoc
1477 3633 1666 3692 aperte
1703 3626 1969 3684 Dominus
2000 3631 2096 3687 de-
2134 3644 2139 3657 ‘

505 3696 736 3753 claravit
785 3718 799 3753 :
851 3722 869 3752 ι
903 3704 1151 3764 Statuam
1203 3709 1614 3769 Testamentum
1674 3718 1923 3787 Novum,
1982 3739 2096 3779 non

503 3790 664 3855 quale
709 3794 877 3846 statui
928 3796 1179 3865 patribus
1226 3802 1447 3867 vestris,
1500 3820 1627 3860 eum
1675 3809 1843 3865 eduxi
1886 3827 1982 3868 eos
2025 3831 2094 3869 ex

500 3875 737 3950 Λεωνιδιο
769 3882 812 3938 ⁸.
850 3904 869 3937 ι

2197 3514 2473 3585 ὀφείλουσι
2522 3519 2617 3573 καὶ
2663 3522 2732 3577 τὰ
2782 3523 2992 3597 ταύτης
3038 3527 3392 3599 θεσπίσματα
3426 3547 3441 3564 ·
3497 3533 3674 3587 καινὸν
3721 3531 3811 3583 δὲ·

2199 3608 2419 3674 πάντως
2462 3612 2641 3666 ἐκεῖνό
2670 3614 2786 3668 ὲστι
2832 3617 2894 3670 τὸ
2939 3618 3035 3672 νῦν
3084 3620 3505 3693 προτιθέμενον,
3560 3623 3652 3678 καὶ
3704 3622 3811 3693 μὴ’

2197 3698 2396 3771 ταυτὸν
2438 3699 2518 3771 τῷ
2562 3703 3004 3774 παρεληλυθότι,
3046 3707 3143 3761 καὶ
3174 3708 3232 3763 ὃν
3269 3712 3369 3764 καὶ
3419 3710 3729 3781 φαινόμενον
3753 3725 3767 3740 ·

2197 3788 2292 3845 καὶ
2320 3789 2480 3844 τοῦτο
2508 3791 2684 3864 δηλῶν
2711 3796 2739 3849 ὁ
2770 3794 2976 3867 Κύριος
3006 3796 3182 3867 ἔλεγε·
3224 3819 3246 3859 ι
3278 3801 3622 3872 Διαθήσομαι
3655 3802 3771 3852 Δια-

2197 3877 2371 3949 θήκην
2405 3881 2617 3954 Καινὴν
2646 3925 2660 3951 ,
2721 3885 2822 3957 οὐχ
2867 3886 2986 3941 οἵαν
3034 3887 3294 3961 διεθέμην
3348 3893 3466 3956 τοῖς
3516 3890 3770 3962 πατράσιν

2120 3992 2137 4041 ῖ
2197 3970 2373 4040 ὑμῶν,
2408 3972 2620 4042 ἐξάγων
2656 3975 2855 4041 αὐτοὺς
2886 3979 2946 4046 ἐξ
2975 3979 3277 4049 Αἰγύπτου.
3319 4002 3339 4035 ι

570 4056 627 4113 Si
657 4076 787 4116 vero
818 4062 891 4118 ita
925 4062 1015 4119 illa
1042 4080 1101 4121 se
1132 4068 1359 4135 habent,
1387 4081 1445 4126 et
1488 4072 1715 4132 Sabbati
1757 4079 2087 4138 solutionem
2133 4104 2139 4110 ·

499 4145 660 4204 decet
684 4151 897 4219 videre,
922 4164 975 4211 et
1005 4157 1446 4218 circumcisionis
1472 4168 1853 4236 mutationem,
1871 4185 1929 4228 et
1951 4175 2091 4229 mul-

499 4247 680 4296 torum
730 4243 964 4303 aliorum
1016 4249 1151 4317 legis
1197 4263 1619 4323 praeceptorum.
1672 4259 1728 4314 Si
1772 4263 1920 4317 enim
1974 4265 2088 4320 Mo-

496 4332 644 4388 saiea
689 4334 779 4389 illa
828 4345 885 4392 ct
930 4350 1124 4395 caetera
1180 4345 1499 4415 praescripta
1547 4364 1765 4421 semper
1812 4354 2089 4412 debebant

496 4440 840 4494 permanere,
876 4438 932 4484 et
976 4447 1150 4502 usque
1184 4435 1251 4490 ad
1303 4436 1467 4492 finem
1510 4440 1828 4501 firmitatem
1874 4457 2082 4515 tenere,

2267 4063 2415 4140 Eloé
2436 4056 2617 4119 ταῦτα
2639 4065 2814 4133 οὕτως
2844 4067 2961 4140 ἔχει
2986 4109 3001 4135 ,
3040 4072 3136 4124 καὶ
3162 4072 3454 4128 Σαϐϐάτου
3494 4072 3771 4128 κατάλυσιν

2196 4135 2531 4220 είκόξὲστιν
2589 4159 2739 4227 ἰδεῖν,
2792 4135 2907 4215 καί
2936 4163 3243 4235 περιτομῆς
3290 4165 3631 4237 ἐναλλαγὴν,
3682 4161 3768 4217 καὶ

2194 4246 2405 4302 πολλῶν
2442 4250 2646 4322 ἐτέρων
2678 4253 2918 4323 νομικῶν
2952 4256 3256 4323 διατάξεων
3277 4274 3291 4287 ·
3324 4260 3374 4312 εί
3408 4258 3520 4329 γὰρ
3564 4258 3630 4311 τὰ
3650 4256 3766 4312 Mm-

2194 4342 2361 4395 σαῖκὰ
2397 4343 2582 4396 ἐκεῖνα
2621 4345 2716 4398 καὶ
2750 4346 2961 4402 παλαιὰ
2997 4348 3352 4421 διατάγματα
3374 4350 3461 4415 ἐἰς
3493 4351 3577 4404 ἀεὶ
3607 4363 3765 4420 παρα·

2196 4435 2379 4506 μένειν
2412 4435 2606 4507 ἔμελλε
2635 4480 2650 4502 ,
2689 4440 2785 4493 καὶ
2822 4440 2988 4513 μέχρι
3016 4442 3205 4507 τέλους
3230 4443 3293 4497 τὸ
3342 4445 3546 4513 πάγιον
3593 4442 3726 4512 ἔχειν
3748 4476 3763 4499 ν

493 4532 605 4572 non
647 4518 860 4577 diceret
887 4523 1032 4580 Deus
1059 4530 1176 4596 'per
1206 4528 1501 4587 Jercmiam
1552 4537 1815 4593 transisse
1860 4552 2082 4607 vetera,

2203 4528 2291 4582 ιῦκ
2320 4529 2387 4583 ἂν
2421 4530 2577 4599 ἔλεγε
2628 4530 2717 4584 διὰ
2771 4532 2868 4587 τοῦ
2917 4535 3180 4606 Ἰερεμίου
3219 4537 3518 4609 παρελθεῖν
3572 4536 3667 4608 μὲν
3706 4531 3766 4584 τὰ

492 4609 712 4682 aliaque
740 4629 842 4683 pro
888 4616 996 4672 illis
1039 4635 1176 4674 nova
1209 4624 1532 4681 succedere.
1577 4628 1736 4695 Quod
1783 4631 1855 4687 sit
1898 4643 2081 4690 autem

490 4700 706 4757 Novum
739 4704 889 4761 istud
919 4708 1368 4781 Testamentum,
1415 4725 1471 4771 et
1515 4718 1569 4773 in
1613 4736 1724 4790 quo
1748 4722 1911 4778 detur
1936 4726 2080 4794 loco,
2124 4784 2129 4792 λ

490 4788 660 4847 Isaias
705 4792 870 4849 docet
918 4803 972 4852 te
1007 4797 1239 4856 dicens:
1280 4822 1298 4854 ι
1340 4805 1417 4859 Ex
1465 4804 1594 4862 Sion
1630 4788 1822 4865 exibit
1865 4813 1975 4878 lex,
2026 4788 2082 4872 et

488 4882 718 4941 verbum
750 4886 968 4944 Domini
1003 4904 1036 4945 e
1066 4892 1369 4952 Jerusalem
1405 4898 1444 4952 ⁸.
1499 4919 1519 4952 ι
1543 4900 1651 4956 Sed
1686 4904 1811 4960 vide
1856 4906 1951 4962 Dei
1994 4924 2081 4964 sa-

382 4992 389 5001 ·
488 4973 755 5043 pientiam
786 4994 800 5031 :
833 4985 985 5035 tuam
1022 4983 1171 5038 enim
1218 4988 1531 5056 prwvidens
1563 4992 1992 5052 obstinationem
2026 5008 2084 5054 et

488 5064 954 5136 incredulitatem,
974 5088 1076 5143 per
1101 5092 1271 5131 unum
1290 5081 1615 5150 prophetam
1636 5083 1703 5139 de
1725 5085 1880 5141 Novo
1897 5086 2088 5144 Testa-

490 5167 677 5213 mento
702 5158 1025 5232 declaravit,
1063 5182 1163 5236 per
1194 5170 1428 5225 alterum
1461 5182 1644 5228 autem
1690 5174 1868 5246 ipsum
1900 5190 2086 5235 osten-
2124 5210 2131 5217 υ

487 5248 569 5313 dit
594 5250 801 5318 locum,
838 5255 894 5310 in
926 5273 1038 5326 quo
1069 5260 1194 5316 talis
1227 5262 1408 5319 locum
1453 5265 1681 5321 habebit
1716 5268 1854 5340 legis
1885 5272 2082 5326 condi-

488 5341 587 5403 tio.
635 5342 867 5401 Frustra
915 5347 1155 5421 denique
1205 5353 1430 5411 Sabbati
1483 5357 1751 5414 honorem
1801 5362 2074 5429 defendis,

485 5431 688 5490 frustra
720 5436 1201 5498 cireumcisionem
1221 5448 1428 5517 jactas;
1478 5450 1891 5510 Testamentum
1925 5455 2072 5510 enim

483 5523 699 5580 Novum
729 5528 870 5585 Deus
897 5530 1212 5602 instituens,
1244 5538 1362 5595 haec
1388 5543 1571 5596 omnia
1600 5543 1892 5600 destruxit.
1928 5547 2074 5601 Prae-

482 5621 656 5684 |erea,
688 5633 814 5675 eum
842 5625 997 5687 velut
1018 5626 1236 5699 signum
1261 5631 1610 5690 circumcisio
1652 5636 1777 5692 data
1822 5638 1913 5704 sit,
1935 5635 2073 5709 'quid

548 5800 568 5836 ‘
598 5803 804 5864 Jercm.
834 5826 982 5881 xxxi,
1017 5811 1105 5868 3i.
1185 5816 1204 5849 ⁸
1234 5812 1368 5871 ibid.
1410 5820 1498 5877 52.
1580 5823 1598 5851 ⁸
1630 5821 1735 5879 Isa;
1766 5840 1823 5893 η,
1865 5826 1919 5882 ’5.

2195 4620 2401 4675 παλαιὰ
2421 4663 2437 4688 ,
2471 4621 2637 4694 ’ἐτερα
2672 4622 2730 4677 δὲ
2773 4625 2895 4692 ἀντὶ
2926 4624 3131 4680 τούτων
3158 4628 3319 4682 καινὰ
3349 4629 3642 4682 εἰσελθεῖν.
3675 4624 3762 4685 Τίς

2189 4711 2245 4764 δὲ
2280 4714 2312 4783 ἡ
2348 4714 2524 4783 Καινὴ
2552 4713 2690 4785 αὕτη
2713 4714 2957 4786 Διαθήκη
2979 4757 2992 4779 ,
3021 4719 3116 4772 καὶ
3143 4721 3200 4772 ὲν
3225 4721 3363 4791 ποίῳ
3383 4722 3586 4776 δίδοται
3607 4720 3761 4789 τόπῳ.
3808 4714 3816 4723 ’

2200 4804 2429 4868 Ἡσαΐας
2453 4805 2654 4871 διδάξει
2685 4824 2743 4860 σε
2783 4807 2956 4876 λέγων
2983 4824 2998 4840 ·
3037 4827 3055 4862 ι
3107 4812 3203 4865 Ἐκ
3246 4810 3390 4865 Σιὼν
3436 4811 3763 4879 ἐξελεύσεται

2186 4896 2369 4966 νόμος,
2399 4898 2493 4949 καί
2520 4897 2674 4967 λόγος
2702 4900 2911 4970 Κυρίου
2940 4900 3000 4967 ὲξ
3037 4901 3416 4973 Ἰερουσαλήμ.
3451 4923 3470 4956 ι
3516 4901 3649 4955 Ἀλλ’
3673 4899 3763 4969 ὅρα

2188 4990 2381 5058 σοφίαν
2411 4988 2546 5063 Θεοῦ
2577 5006 2590 5020 ·
2637 4990 2737 5062 τὴν
2769 4991 2880 5064 γάρ
2927 4993 3026 5064 σὴν
3067 4992 3334 5065 προειδὼς
3376 4995 3639 5064 ἀνηκοΐαν
3679 4988 3761 5042 καὶ

2185 5082 2467 5148 ἀπιστίαν,
2504 5083 2592 5137 διὰ
2621 5085 2775 5139 τοῦδε
2805 5086 2903 5156 μὲν
2925 5085 3019 5139 τοῦ
3047 5089 3326 5159 προφήτου
3360 5089 3493 5159 περὶ
3521 5089 3618 5157 τῆς
3640 5087 3757 5138 Kak

2183 5173 2280 5242 νῆς
2312 5175 2702 5247 ὑπεσημήνατο
2726 5178 3001 5250 Διαθήκης
3021 5197 3035 5212 ο
3066 5181 3135 5233 δι’
3166 5180 3377 5234 ἐκείνου
3418 5180 3477 5233 δὲ
3498 5181 3593 5233 καὶ
3616 5174 3759 5230 αὑτὸν

2183 5268 2451 5338 ἐδῂλωσεν
2478 5271 2570 5324 τὸν
2597 5271 2784 5332 τόπον,
2820 5273 2878 5325 ἐν
2897 5266 2940 5342 ᾧ
2975 5275 3007 5343 ἡ
3035 5275 3259 5344 τοιαύτη
3303 5273 3504 5343 ἔμελλε
3554 5271 3754 5338 δοθῆναι

2186 5360 2479 5431 νομοθεσία
2502 5378 2517 5392 ο
2559 5364 2736 5436 μάτην
2767 5350 2960 5419 λοιπὸν
2981 5367 3184 5441 ἀντέχῃ
3209 5366 3310 5437 τῆς
3348 5366 3447 5419 τοῦ
3495 5363 3753 5419 Σαϐϐάτου

2182 5455 2349 5525 τιμῆς
2374 5470 2387 5483 ’
2417 5455 2593 5526 μάτην
2637 5456 2798 5531 ἐξέχῃ
2831 5458 2929 5528 τῆς
2976 5460 3280 5531 περιτομῆς
3310 5475 3324 5490 ⁸
3363 5457 3641 5525 Διαθῆκην
3670 5448 3753 5552 tat

2183 5547 2291 5621 γὰρ
2319 5551 2346 5601 ὁ
2374 5547 2506 5612 ea;
2533 5550 2739 5620 Καινὴν
2775 5550 3075 5622 πνρασχὼν
3098 5593 3114 5618 ,
3149 5553 3317 5606 ταῦτα
3354 5552 3537 5604 πάντα
3563 5559 3747 5614 κατηρ-

2184 5656 2352 5713 γησεν
2377 5658 2388 5669 ⁸
2423 5642 2598 5707 ἄλλως
2629 5661 2708 5712 τε,
2738 5644 2967 5718 σημείου
2999 5645 3183 5699 ἕνεκεν
3206 5643 3453 5715 δοθείτης
3479 5640 3577 5710 τῆἶ
3608 5646 3746 5707 περιέ
