4098 6422
387 355 3623 414 W

1659 559 1834 606 ANNO
1877 560 2079 606 DOHIN
2089 560 2111 602 ι
2153 557 2379 604 DXCIX.

1064 762 2682 979 ANASTASIUE

1386 762 2751 979 [ASTASIUS
2904 767 3004 972 Ι

923 1138 2089 1260 ANTIOCHENUS
2183 1125 3113 1257 EPISCOPUS.

1761 1536 2273 1633 NOTITIA
2366 1514 2371 1517 ⁷

1999 1734 2054 1795 Ι.

1214 1897 1296 1952 Ex
1324 1868 1605 1953 GALLAnn.
1647 1893 1765 1951 νει.
1814 1892 2047 1949 Patrum
2085 1892 2343 1949 Biblioth.
2379 1901 2418 1949 t.
2451 1848 2579 1964 XII,’
2605 1910 2660 1969 p.
2689 1911 2823 1956 xm.

445 2203 490 2260 l.
552 2201 916 2268 Anastasius,
973 2215 1179 2275 genere
1217 2201 1580 2267 Palaestinus,
1637 2202 1983 2273 professione
2019 2204 2361 2273 monachus,
2410 2221 2539 2261 cum
2575 2206 2934 2265 eruditorum
2966 2208 3256 2284 plerisque
3288 2225 3432 2285 quos
3456 2212 3650 2276 laudat

376 2298 673 2354 Fabricius
705 2294 844 2371 (1),
887 2295 1320 2367 distinguendus
1352 2296 1579 2351 omnino
1606 2296 1832 2352 videtur
1861 2297 1930 2353 ab
1955 2298 2251 2353 Anastasio
2278 2298 2491 2355 Sinaita
2522 2300 2619 2370 qui
2647 2301 2891 2373 Μωῦσῆς
2916 2301 3036 2368 νέος
3068 2318 3101 2360 a
3127 2302 3337 2363 Graecis
3366 2310 3649 2366 recentio-

374 2390 534 2446 ribus
567 2389 779 2445 dicitur
800 2428 815 2453 ,
865 2395 928 2443 ut
954 2387 1126 2442 refert
1158 2386 1448 2443 Simonius
1482 2388 1601 2459 (2).
1665 2389 2019 2461 Quapropter
2046 2391 2275 2446 minime
2304 2392 2624 2447 audiendus
2647 2399 2734 2447 est
2758 2392 3129 2463 Nicephorus,
3167 2397 3265 2466 qui
3290 2396 3649 2454 Anastasium

376 2479 448 2537 de
475 2496 587 2552 quo
619 2481 902 2551 loquimur
945 2493 1060 2533 non
1088 2479 1269 2534 solum
1311 2494 1438 2535 cum
1466 2479 1680 2535 Sinaita
1708 2481 2024 2547 confundit,
2068 2483 2165 2538 sed
2196 2490 2253 2537 et
2279 2498 2405 2537 cum
2436 2484 2612 2538 altero
2635 2482 2931 2539 Anastasio
2951 2485 3199 2556 juniore,
3232 2486 3327 2556 qui
3352 2487 3649 2544 Anastasio

376 2573 449 2629 de
491 2588 601 2642 quo
646 2572 738 2627 hic
779 2571 1064 2641 loquimur
1113 2571 1170 2625 in
1203 2571 1530 2641 episcopatu
1597 2572 1899 2638 successit,
1948 2583 2006 2627 et
2037 2588 2184 2628 anno
2218 2573 2323 2628 609
2346 2572 2557 2629 Christi
2589 2583 2800 2645 martyr
2825 2575 3096 2630 occubuit
3135 2575 3264 2647 (5).
3320 2576 3649 2635 Anastasius

373 2667 566 2736 itaque
612 2677 738 2736 post
768 2666 1045 2720 Domnum
1075 2659 1559 2719 sive'Domninum
1601 2665 1671 2719 ad
1703 2666 1891 2721 sedem
1924 2666 2385 2737 Theopolitanam
2422 2679 2518 2722 seu
2547 2667 2956 2724 Antiochenam
2992 2668 3101 2724 fuit
3127 2678 3377 2724 evectus.
3417 2670 3646 2726 Initium

369 2762 495 2831 ejus
524 2759 880 2829 pontiﬁcatus
904 2763 1062 2830 juxta
1090 2757 1391 2828 Nicephori
1420 2756 1721 2813 Clzronicon
1751 2775 1818 2814 ac
1849 2759 2209 2830 Theophanis
2239 2760 2492 2826 Tabulas,
2525 2776 2593 2817 ex
2618 2761 2771 2833 Pagii
2805 2759 2880 2833 (4)
2913 2770 2970 2817 et
2993 2760 3288 2832 Lequienii
3318 2762 3394 2834 (5)
3421 2770 3647 2817 senten-

371 2856 469 2920 tia,
509 2853 837 2925 illigandum
868 2868 1016 2908 anno
1047 2852 1176 2919 559,
1214 2868 1375 2908 secus
1405 2861 1573 2922 atque
1603 2853 1698 2907 alii
1731 2853 1830 2923 qui
1858 2861 2113 2909 statuunt
2141 2870 2353 2909 annum
2382 2854 2509 2910 561.
2565 2854 2700 2926 Ejus
2725 2855 2877 2909 enim
2905 2854 3199 2921 decessor,
3238 2855 3334 2926 qui
3364 2869 3513 2910 anno
3540 2854 3650 2912 545

364 2950 774 3007 Antiochenam
805 2948 993 3004 sedem
1026 2948 1295 3013 obtinuit,
1337 2964 1516 3004 annos
1550 2950 1615 3004 14
1649 2965 1771 3005 eam
1796 2949 2103 3005 Ecclesiam
2138 2950 2374 3018 rexisse,
2413 2949 2667 3020 adeoque
2700 2947 3055 3004 Anastasium
3082 2954 3338 3004 nostrum
3365 2961 3515 3005 anno
3538 2947 3644 3005 559

366 3059 752 3100 successorem
806 3043 1069 3098 habuisse
1122 3042 1487 3112 comperitur.
1548 3043 1660 3099 Res
1688 3044 1758 3099 ab
1787 3059 1856 3099 eo
1882 3045 2150 3114 praaclare
2178 3053 2362 3114 gestas
2393 3042 2695 3115 descripsit
2725 3043 2998 3114 Evagrius
3025 3040 3125 3116 (6).
3160 3041 3264 3099 'Vir
3293 3040 3508 3098 scilicet
3538 3041 3646 3097 fuit

365 3147 489 3194 tum
528 3137 601 3192 ob
642 3137 982 3193 eminentem
1011 3136 1141 3191 vitae
1175 3136 1534 3191 sanctitatem
1561 3176 1577 3201 ,
1632 3145 1751 3192 tum
1786 3138 1859 3192 ob
1882 3138 2142 3192 eximiam
2170 3137 2487 3191 doctrinam
2520 3136 2731 3206 ubique
2762 3135 2819 3190 in
2844 3135 3074 3192 Oriente
3100 3143 3407 3207 spectatus.
3444 3136 3641 3208 Magna

364 3232 602 3303 insuper
633 3234 949 3288 constantia
979 3239 1036 3288 et
1061 3232 1234 3287 animi
1262 3231 1600 3286 celsitudine
1631 3231 1689 3286 in
1714 3241 1883 3287 rectae
1911 3232 2037 3286 ﬁdei
2064 3232 2393 3287 defensione
2418 3232 2690 3302 praeditus
2714 3232 2886 3288 fuisse
2913 3232 3265 3302 perhibetur.
3312 3232 3644 3304 Imperatori

363 3340 608 3395 namque
636 3325 956 3381 Iustiniano
987 3326 1047 3380 in
1076 3324 1334 3380 haeresim
1359 3322 1992 3393 Aphthartodocitarum
2018 3325 2174 3394 lapso
2212 3323 2449 3379 ﬁrmiter
2475 3325 2696 3381 obstitit
2737 3341 2752 3379 :
2787 3325 2884 3396 qui
2909 3334 3207 3397 propterea
3235 3327 3416 3398 ipsum
3441 3326 3642 3383 exsilio

364 3422 619 3492 relegare
649 3422 1016 3490 decreverat;
1055 3421 1177 3488 sed,
1210 3420 1519 3490 improviso
1546 3419 1663 3476 fato
1693 3421 1990 3491 perculsus
2021 3435 2170 3475 anno
2196 3420 2322 3483 565.
2349 3421 2606 3491 iniquum
2635 3422 2934 3476 consilium
2964 3421 3237 3493 perﬁcere
3262 3422 3411 3478 haud
3433 3423 3642 3494 potuit.

365 3517 514 3574 Illud
543 3526 731 3576 tamen
763 3520 1132 3592 aliquotVost
1160 3520 1338 3577 annos
1375 3518 1680 3592 perfecisse
1706 3521 2078 3592 intelligimus
2111 3521 2292 3575 nihilo
2318 3522 2620 3590 aequiorem
2653 3521 2712 3575 in
2741 3530 2997 3578 sanctum
3028 3521 3341 3578 antistitem
3366 3519 3643 3579 Iustinia-

363 3613 428 3668 ni
479 3622 780 3683 cognatum
833 3615 1117 3673 Justinum
1168 3617 1451 3689 iuniorem
1476 3656 1493 3682 ,
1550 3615 1646 3686 qui
1682 3632 1810 3671 eum
1843 3624 2040 3671 octavo
2070 3617 2293 3688 imperii
2320 3632 2469 3671 anno
2498 3617 2849 3672 Antiochena
2875 3618 3005 3672 sede
3032 3616 3379 3682 deturbavit,
3419 3618 3644 3690 ipsique

355 3706 699 3778 Gregorium
748 3707 972 3764 suﬁ'ecit
1026 3710 1286 3764 asceterii
1335 3711 1543 3766 montis
1573 3710 1708 3765 Sina
1743 3700 2089 3781 prmfectum.
2148 3712 2225 3767 De
2258 3711 2349 3767 bis
2386 3728 2455 3767 ex
2486 3711 2724 3783 Evagrio
2755 3712 3076 3780 erudimur,
3116 3713 3212 3783 qui
3245 3712 3505 3784 pluribus
3538 3714 3643 3770 ista

365 3801 729 3873 prosequitur
760 3803 778 3869 (
796 3802 878 3871 7).
923 3801 1075 3857 Hanc
1106 3802 1386 3858 Anastasii
1419 3802 1834 3872 depositionem
1871 3819 2015 3874 aegre
2045 3803 2344 3858 admodum
2376 3804 2505 3858 tulit
2534 3803 2841 3875 Gregorius
2870 3803 3119 3876 Magnus.
3159 3805 3397 3860 Exstant
3426 3806 3646 3878 aliquot

352 3896 491 3967 ejus
517 3895 772 3966 epistolae
798 3894 900 3966 (8)
933 3894 1003 3948 ad
1036 3895 1295 3951 eumdem
1329 3895 1742 3952 Antiochenum
1770 3899 2088 3967 praesulem,
2126 3898 2183 3952 in
2210 3897 2417 3968 quibus
2447 3897 2629 3967 ipsum
2660 3897 2912 3967 impense
2935 3897 3126 3953 laudat
3171 3913 3187 3951 :
3229 3888 3466 3953 testatus
3495 3914 3643 3969 prae-

366 3994 519 4044 tcrea
574 4002 634 4043 se
686 3988 837 4058 apud
887 3984 1278 4042 serenissimos
1323 3986 1585 4041 dominos
1636 3987 1989 4058 (Mauritium
2019 3989 2252 4058 ejusque
2284 3986 2457 4042 tilium
2487 3986 2911 4057 Theodosium)
2955 3987 3193 4044 summis
3218 3988 3481 4060 precibus
3507 4005 3641 4062 sug-

353 4082 678 4155 gestionem
706 4081 934 4145 fecisse,
969 4089 1034 4136 ut
1062 4082 1187 4137 viro
1213 4081 1543 4136 beatissimo
1580 4096 1717 4137 suus
1744 4081 1926 4137 honor
1950 4082 2370 4138 restitueretur.

436 4172 503 4227 ll.
533 4173 874 4229 Pontiﬁcatu
901 4174 1073 4228 cessit
1096 4173 1426 4228 Anastasius
1456 4189 1605 4230 anno
1632 4174 1737 4231 569
1786 4184 2025 4230 exeunte
2055 4175 2145 4230 vel
2169 4184 2388 4241 exacto,
2418 4181 2711 4246 postquam
2736 4177 2920 4248 prima
2942 4176 3067 4236 vice
3091 4178 3331 4236 sedisset
3353 4195 3531 4238 annos
3549 4183 3643 4254 Η,

363 4263 461 4334 ἐτη
498 4261 594 4330 ια’,
628 4273 691 4319 ut
719 4263 963 4319 habetur
993 4265 1051 4318 in
1079 4264 1387 4333 Nicephori
1410 4263 1669 4321 Chronico
1703 4280 1769 4321 ac
1794 4265 2156 4337 Theophanis
2189 4266 2437 4334 Tabulis;
2472 4268 2634 4339 cujus
2662 4276 2964 4339 propterea
2994 4270 3253 4328 exsilium
3280 4273 3467 4329 minus
3489 4282 3641 4331 recte

361 4356 544 4412 refert
571 4356 777 4428 Pagius
804 4355 898 4427 (9)
931 4356 1002 4412 ad
1033 4372 1244 4411 annum
1275 4356 1400 4412 565.
1465 4357 1642 4412 Porro
1682 4357 2008 4430 Gregorius,
2038 4359 2222 4416 eidem
2250 4360 2520 4415 suffectus
2550 4375 2697 4416 anno
2726 4361 2862 4427 370,
2896 4362 3205 4421 Ecclesiam
3235 4367 3642 4424 Antiochenam

358 4448 580 4505 rexisse
631 4464 811 4520 usque
846 4448 915 4504 ad
949 4450 1239 4505 ineuntem
1273 4450 1480 4505 annum
1515 4451 1621 4507 595
1656 4455 2005 4523 compertum
2061 4454 2122 4509 ﬁt
2172 4469 2241 4509 ex
2281 4454 2649 4524 inscriptione
2694 4454 2977 4513 Orationis
3024 4474 3187 4529 quam
3221 4460 3421 4517 habuit
3447 4471 3643 4521 noster

359 4541 714 4606 Anastasius,
736 4556 863 4596 cum
892 4550 1021 4612 post
1044 4557 1223 4597 annos
1253 4553 1367 4597 tres
1391 4542 1687 4614 etviginti,
1705 4543 1973 4598 thronum
1999 4559 2163 4601 suum
2192 4546 2627 4616 patriarchalem
2657 4564 2859 4605 rursus
2880 4551 3116 4621 recepit.
3150 4550 3395 4624 Hujusce
3414 4553 3642 4613 Oratio-

354 4633 451 4688 nis
503 4632 933 4703 inscriptionem
989 4634 1072 4690 sic
1116 4635 1293 4690 refert
1337 4634 1675 4691 Lambecius
1716 4635 1854 4707 (10)
1896 4654 1909 4690 :
1950 4638 1972 4690 Ί

2020 4637 2059 4692 νῦ
2103 4639 2271 4692 αὐτοῦ
2308 4640 2666 4694 Ἀναστασίου
2711 4643 3058 4714 πατριάρχου
3096 4645 3434 4719 Ἀντιοχείας
3460 4648 3638 4718 Λόγος

357 4725 602 4795 ὁπηνίκα
632 4725 944 4794 ἐπανῆλθεν
975 4726 1069 4781 ἐπὶ
1098 4728 1190 4782 τὸν
1217 4728 1410 4800 Θρόνον
1442 4728 1531 4783 διὰ
1559 4728 1730 4801 τριῶν
1760 4731 1858 4783 καὶ
1883 4730 1975 4785 εἵκι

2021 4748 2061 4784 η
2085 4732 2320 4801 χρόνων,
2353 4750 2408 4789 κ,
2439 4751 2491 4786 τ.
2518 4733 2570 4788 λ.
2602 4733 2862 4804 Ejusdem
2886 4735 3165 4793 Anastasii
3186 4743 3639 4810 patriarcha-An-

350 4815 589 4869 tiocheni
638 4813 857 4889 Oratio,
905 4834 1026 4873 cum
1051 4828 1166 4889 post
1200 4836 1371 4874 annos
1402 4822 1592 4890 uiginti
1621 4830 1726 4875 (res
1781 4821 1853 4875 ad
1876 4822 2055 4877 sedem
2086 4825 2269 4878 rediit.
2330 4824 2449 4891 Qua
2499 4825 2569 4881 de
2609 4827 2978 4898 inscriptione
3017 4830 3244 4904 Pagium
3275 4833 3387 4904 (Η)
3417 4843 3474 4891 et
3498 4835 3637 4895 Bos-

350 4904 548 4961 chium
578 4906 711 4978 (12)
743 4909 1002 4965 consulas
1029 4912 1221 4967 velim.
1259 4912 1523 4968 Eamdem
1556 4927 1781 4984 quoque
1811 4916 2011 4971 recitat
2037 4916 2359 4987 Lequienus
2391 4918 2523 4990 (15.)
2565 4937 2578 4972 :
2618 4920 2713 4975 sed
2749 4921 2900 4976 aliud
2931 4924 3109 4994 egisse
3139 4925 3367 4982 videtur
3390 4929 3476 4983 vir
3500 4943 3637 4986 eru-
3680 4930 3685 4977 ῗ

351 4995 544 5066 ditus,
594 5000 728 5056 dum
757 5002 1032 5059 scriberet
1055 5005 1408 5062 Anastasium
1439 5006 1617 5069 fuisse
1649 5021 1679 5060 a
1707 5009 1966 5065 Mauritio
1994 5012 2332 5081 imperatore
2364 5011 2727 5069 Antiochena:
2755 5014 2872 5070 sedi
2904 5016 3225 5073 restitutum
3256 5019 3495 5074 vicesimo
3521 5030 3634 5075 ter-

542 5177 764 5263 Eabric.
955 5181 1123 5263 Gr._t.
1151 5182 1399 5263 I_X_,_pag.
1420 5184 1569 5263 515Ἀ
1779 5258 1844 5263 __
2047 5188 2208 5263 epist.
2231 5189 2305 5263 59
2325 5206 2358 5263 ;_
2382 5200 2440 5245 et
2464 5190 2566 5263 lib.
2590 5207 2685 5255 vn,
2711 5192 2877 5263 epist.
2899 5195 2990 5259 27,
3028 5195 3166 5253 edit.
3190 5197 3296 5252 BB.

491 5247 510 5335 ᾖ
542 5247 759 5335 ἓίμηοπξ.
791 5250 931 5335 ἔξπὶῡέ
960 5255 1122 5335 cacis.
1154 5261 1195 5308 t.
1223 5247 1442 5335 l.l;‘c‘ap.
1469 5256 1595 5321 112,
1627 5258 1865 5335 pag._2_7.
2080 5247 2098 5259 ⁸

1860 5298 1865 5311 ι
2080 5247 2098 5259 ⁸
2119 5247 2383 5335 (ῼξμΡξδέί.
2408 5261 2479 5335 ad
2504 5278 2636 5335 a_nn.
2662 5247 2787 5327 563,
2820 5247 2958 5335 {5.-
2977 5247 2990 5259 ’
3034 5247 3166 5253 ΠΨ
3190 5247 3294 5252 -Ψ
3450 5286 3478 5293 μ

450 5317 508 5389 5)
544 5319 777 5389 Nicepb.
805 5321 944 5376 Call.
975 5322 1113 5378 Hist.
1143 5317 1729 5398 eccl.’lib.'xv1n,vcap‘.'
1746 5328 1837 5383 M.

542 5388 792 5464 Pagi._ad
819 5407 951 5464 ann.
975 5392 1099 5464 56f,
1125 5393 1228 5464 βᾶ.
2043 5414 2068 5464 ι

2043 5317 2463 5464 pugnam.
2520 5317 2926 5388 commeatui;
2970 5335 3110 5391 Bibl.
3150 5335 3353 5395 οωεαν.
3396 5339 3496 5398 lib.
3533 5359 3628 5410 vn,

587 5406 695 5456 agt.
724 5406 792 5445 au
819 5407 951 5446 ann.
975 5406 1099 5456 aut,
1125 5406 1153 5456 ᾗ
1174 5406 1228 5448 2.
2043 5414 2100 5456 D.
2127 5406 2250 5454 159.

455 5386 485 5440 4
542 5386 792 5471 Pagiiad
819 5407 951 5446 ann.
975 5392 1099 5456 561,
1125 5393 1228 5464 ge.
1558 5386 1569 5394 '
1665 5386 1685 5398 ·
2043 5414 2100 5469 ρ,
2124 5386 2250 5454 159.
2670 5386 2675 5387 ~
2970 5386 3110 5391 --τη
3156 5386 3297 5394 -m—

455 5386 509 5561 Ξέ
543 5458 1165 5561 ἒῗὲἓέθθάέῖπξέτίξξῑ.
1192 5465 1420 5561 1.113
1443 5465 1651 5561 ἥρω’
2267 5470 2681 5561 ἰθείὶθᾳπθηῖξ·
2707 5473 2838 5561 5.“;
2862 5474 2922 5561 ᾗῇ
2950 5476 3183 5561 θεειψπ..
3290 5509 3297 5517 -

454 5526 507 5618 gj
543 5526 743 5618 Evagr.
771 5530 910 5618 Hist.
935 5532 1283 5618 ecclglibzrv,
1311 5526 1547 5607 capite.
2119 5526 2469 5618 (releget).
2500 5541 2675 5618 Τζίίει.
2707 5526 2771 5598 ἀὲ
2791 5526 3242 5618 ῥάξῖἶλῑιξιῖδϊιιη
3279 5550 3347 5606 ad
3378 5551 3501 5611 Act.
3528 5551 3629 5614 ss.

453 5596 509 5740 7)
543 5600 619 5653 In.
648 5596 746 5653 lib.
771 5617 825 5663 v,
856 5602 1225 5684 capp.5et_6.
1271 5596 1280 5601 ’
1379 5596 1398 5607 ·
2047 5596 2183 5667 ιοιὶι.
2209 5596 2298 5671 iv.
2327 5610 2436 5666 Jul.
2466 5596 2633 5681 p.98.
2664 5596 3065 5673 uanius.“

455 5666 486 5722 8
540 5667 703 5740 Greg.
726 5669 799 5724 Μ.
847 5670 946 5725 lib.
982 5687 1028 5737 ι,
1074 5682 1241 5740 epist.
1283 5678 1336 5740 7,
1378 5676 1470 5740 25,
1504 5677 1613 5740 26;
1662 5685 1719 5736 et
1755 5678 1858 5737 lib.
1880 5696 1938 5740 ν.
2122 5680 2233 5740 (15)
2270 5680 2542 5740 Leuuien.
2579 5682 2671 5739 0r.
2698 5683 2892 5740 Christ.
2927 5696 3061 5740 tom.

455 5666 509 5740 8)
540 5667 799 5740 Greg.M.
847 5666 1028 5737 libi-1,
1074 5675 1241 5743 epist.
1283 5678 1336 5741 7,
1378 5676 1470 5746 25,
1504 5677 1613 5747 26;
1662 5685 1719 5736 et
1755 5678 1938 5749 lib.v,

1779 5678 1858 5737 ib.
1880 5696 1938 5749 v,
2084 5666 2089 5667 ί
2122 5680 2233 5753 (ιδ)
2270 5666 3061 5754 Lequie‘n.’arietilaifibm.
3090 5689 3157 5758 ιι,
3188 5706 3244 5761 ρ.
3270 5692 3391 5748 756.

677 5765 954 5829 ΡΑΤιιοιι.
993 5769 1113 5849 Gn.
1133 5771 1462 5835 LXXXIX.

3171 5783 3246 5845 Μ
