4098 6424
2579 172 2630 190 οη

591 337 719 403 1291
1644 335 1716 396 'S.
1757 333 2230 396 ANASTASIUS
2269 332 2836 395 ANTIOCHENUS.
3704 328 3816 396 123?.

584 457 661 506 tia
695 471 840 508 anno
870 460 1056 506 eatacta
1092 466 1154 505 ex
1185 465 1286 522 quo
1313 448 1689 521 pontiﬁcatum
1720 451 1918 505 inierat
1944 449 2114 521 (l4);
2173 464 2303 506 cum
2337 450 2526 520 potius
2571 449 2819 505 scribere
2851 446 3162 513 debuisset,
3199 461 3261 501 ea:
3287 462 3388 518 quo
3417 445 3715 516 pontiﬁcatu
3738 451 3815 501 ab-

587 552 796 603 dicatus
846 548 1047 618 fuerat.
1105 546 1286 602 Aliter
1334 545 1484 600 haud
1528 545 1638 600 sibi
1682 551 1965 600 constaret
2003 545 2062 601 V.
2092 544 2155 602 Ο.
2189 561 2256 601 ex
2285 546 2465 616 posita
2497 553 2648 600 recte
2679 545 2749 600 ab
2780 560 2848 600 eo
2879 553 3190 615 temporum
3219 541 3642 613 supputatione,
3677 560 3816 613 quam

589 641 758 710 paulo
807 648 936 694 ante
989 638 1278 710 praemisit.
1339 639 1531 709 Itaque
1561 637 1693 693 anni
1724 637 1922 709 viginti
1955 647 2072 694 tres
2104 654 2218 694 non
2247 639 2317 694 ab
2347 638 2488 693 inito
2513 637 2842 709 pontiﬁcatu
2867 637 3150 693 Anastasii
3183 651 3333 692 anno
3360 635 3483 702 559,
3524 635 3616 691 sed
3646 637 3710 692 ab
3736 654 3818 692 an-

587 750 663 790 no
690 737 816 803 570,
852 752 965 810 quo
991 735 1099 792 fuit
1128 734 1402 808 dejecsus,
1441 733 1772 790 numerandi
1807 733 2038 790 omnino
2067 744 2229 800 sunt,
2265 732 2520 804 adeoque
2552 731 2622 788 de
2653 732 2906 808 ejusdem
2937 734 3262 788 reversione
3294 729 3364 786 ad
3395 745 3520 788 eam
3543 730 3718 787 sedem
3742 747 3820 787 ac-

587 827 859 897 cipiendi.
1136 901 1145 912 ί

655 946 750 1000 ΠΙ.
810 946 967 1002 Haud
998 961 1162 1003 secus
1190 945 1256 1001 ai:
1281 944 1576 1016 inscriptio
1604 935 1980 1000 LambeCiana
2009 943 2262 1014 loquitur
2284 943 2559 1014 Evagrius
2585 940 2742 1013 (l5).
2800 940 2910 997 Sed
2956 939 3096 995 illud
3143 938 3200 994 in
3231 938 3429 1010 primis
3457 937 3818 995 attendendum

589 1039 740 1108 quod
789 1040 868 1092 ait
918 1037 1067 1093 idem
1114 1037 1458 1101 historicus,
1523 1035 1859 1107 Gregorium
1903 1035 2141 1100 scilicet,
2178 1035 2236 1090 in
2265 1034 2445 1090 nostri
2472 1033 2763 1089 Athanasii
2791 1033 2973 1088 locum
3007 1031 3330 1096 suﬂ'ectum,
3369 1040 3650 1086 mortuum
3676 1032 3820 1086 fuisse

589 1145 702 1200 quo
739 1136 988 1199 tempore
1037 1126 1402 1182 Antiochense
1430 1126 1698 1181 Ecclesia:
1730 1125 2066 1197 praesidebat
2089 1125 2442 1183 Anastasius.
2472 1125 2615 1181 iii-nc
2645 1127 2774 1197 jure
2803 1126 2986 1197 arguit
3011 1125 3266 1182 Valesius
3296 1124 3648 1180 Anastasium
3682 1129 3820 1196 paulo

584 1235 716 1280 ante
767 1231 1007 1278 mortem
1057 1221 1312 1292 Gregorii
1355 1221 1529 1276 luisse
1560 1221 1616 1275 ih
1646 1220 1838 1276 sedem
1897 1221 2309 1276 Antiochenam
2346 1219 2695 1274 resritutum.
2755 1217 2874 1284 Qua
2922 1216 2990 1272 de
3027 1231 3090 1272 re
3135 1216 3306 1273 latius
3344 1218 3517 1272 verba
3552 1219 3678 1274 facit
3708 1222 3822 1279 Bos-

584 1317 753 1374 chius
781 1316 938 1388 (16).
997 1316 1389 1386 Nicephorus,
1443 1314 1502 1369 in
1545 1313 1829 1379 Chronico,
1867 1330 1961 1368 sex
1989 1330 2159 1368 annos
2194 1313 2544 1384 pontiﬁcatui
2578 1314 2702 1384 ejus
2731 1311 2982 1367 secundo
3015 1310 3237 1373 tribuit,
3274 1310 3368 1381 ἔτη
3402 1310 3488 1377 ς’;
3528 1315 3743 1378 rectius,
3775 1327 3823 1372 ut

586 1411 834 1476 videtur,
877 1409 1236 1478 Theophanis
1268 1407 1511 1476 Tabulaz,
1541 1424 1713 1462 annos
1747 1409 2002 1479 quinque,
2035 1406 2132 1474 ἔτη
2160 1412 2223 1460 ε’.
2261 1405 2501 1461 Sanctus
2537 1407 2689 1461 enim
2734 1403 3036 1474 Gregorius
3081 1403 3372 1473 epistolam
3409 1403 3477 1459 ad
3506 1404 3821 1463 Auastasium

579 1501 869 1573 juniorem
901 1501 1025 1571 ejus
1051 1516 1435 1556 successorem
1465 1501 1694 1571 scripsit
1722 1515 1870 1555 anno
1901 1500 2026 1565 599,
2064 1497 2372 1553 indictione
2398 1498 2453 1563 2,
2505 1513 2697 1552 mense
2723 1494 2991 1552 Januario
3024 1496 3154 1565 (17)
3195 1513 3209 1550 :
3256 1497 3506 1566 adeoque
3535 1512 3820 1569 supremum

587 1596 736 1650 diem
765 1594 977 1649 obierit
1002 1593 1333 1648 Anastasius
1359 1592 1549 1648 senior
1574 1607 1722 1646 anno
1745 1591 2096 1661 praecedente
2124 1589 2248 1656 598,
2276 1606 2388 1659 quo
2415 1590 2679 1646 Kalendis
2703 1585 3136 1658 Septembribus
3161 1581 3532 1642 inchoabatur
3557 1589 3763 1645 indictio
3779 1593 3821 1648 2.

588 1685 682 1743 Sic
711 1684 970 1756 pluribus
997 1683 1200 1755 Pagius
1222 1682 1358 1754 (18).
1394 1682 1456 1737 ln
1485 1680 1738 1736 eamdem
1770 1681 2105 1736 sententiam
2135 1680 2303 1750 Pagio
2328 1681 2626 1751 praeiverat
2653 1679 2929 1734 Baronius
2958 1677 3013 1731 in
3037 1679 3427 1734 notationibus
3451 1679 3516 1734 ad
3540 1679 3822 1753 Martyrolo-

587 1781 732 1851 gium
767 1777 906 1850 (l9)
957 1795 970 1832 :
1017 1776 1151 1831 licet
1184 1783 1380 1846 postea
1413 1774 1469 1830 in
1498 1774 1828 1838 Annalibus,
1862 1781 2078 1829 mutato
2104 1774 2363 1838 consilio,
2395 1789 2606 1850 annum
2634 1773 2896 1830 statuerit
2917 1769 3043 1830 599.
3080 1773 3268 1842 Atque
3303 1772 3447 1846 (20)
3483 1774 3578 1830 alii
3607 1777 3821 1846 quidem,

590 1891 734 1945 quos
763 1875 914 1930 inter
949 1869 1222 1928 Boschius
1250 1869 1410 1941 (21),
1455 1869 1784 1925 doctissimo
1810 1868 2105 1925 Annalium
2131 1869 2609 1924 ecclesiasticorum
2634 1868 2856 1937 parenti
2889 1867 3270 1923 accedendum
3296 1867 3487 1938 potius
3516 1869 3821 1928 existimant.

589 1969 826 2033 Verum,
865 1965 910 2022 si
945 1963 1228 2035 Menologii
1256 1961 1586 2026 Graecorum,
1622 1978 1842 2018 necnon
1871 1961 2199 2016 Tabularum
2226 1963 2710 2018 ecclesiasticarum
2759 1963 3086 2017 attendatur
3111 1961 3466 2038 auctoritas,
3522 1977 3643 2016 cum
3677 1964 3819 2035 Pagii,

589 2071 707 2114 tum
752 2057 909 2128 prior
936 2055 1160 2110 Baronii
1190 2053 1469 2109 sententia
1503 2052 1848 2123 praeferenda
1872 2053 2116 2108 videtur.
2178 2051 2239 2106 In
2286 2068 2356 2108 eo
2397 2054 2547 2108 enim
2569 2052 2872 2122 .Anastasii
2904 2053 3148 2122 elogium
3198 2051 3288 2106 die
3317 2051 3390 2105 20
3421 2053 3624 2110 mensis
3649 2057 3822 2125 Aprilis

589 2151 952 2222 consignatur
984 2145 1121 2220 (22)
1158 2164 1171 2200 :
1202 2145 1258 2200 in
1288 2145 1375 2200 his
1401 2154 1590 2200 autem
1622 2160 1676 2199 ιι
1699 2144 1973 2200 Kalendas
1996 2143 2168 2199 Maias
2197 2144 2582 2200 anniverSaria
2613 2145 2734 2216 ejus
2763 2146 3030 2200 memoria
3059 2145 3331 2200 recolitur
3365 2145 3516 2218 (25).
3563 2145 3689 2214 Quae
3715 2163 3824 2204 sane

589 2243 864 2315 temporis
895 2239 1241 2304 notationes,
1281 2237 1644 2311 indictionem
1667 2236 1702 2290 2
1733 2235 2114 2307 praecedentes
2142 2252 2252 2308 qua
2279 2238 2489 2310 scripta
2514 2238 2770 2311 Gregorii
2797 2239 2981 2312 Magni
3006 2239 3246 2311 epistola
3269 2252 3576 2298 memorata
3602 2245 3826 2314 perhibe-

589 2347 703 2405 tur,
740 2349 949 2391 annum
983 2331 1264 2388 Anastasii
1289 2329 1656 2386 emortualem
1685 2328 1792 2388 598
1816 2328 2174 2388 confirmant.

657 2453 748 2510 iV.
790 2450 1068 2508 Anastasii
1098 2448 1336 2506 senioris
1365 2446 1624 2518 praesulis
1649 2445 1985 2503 Antiocheni
2017 2448 2229 2518 scripta
2262 2466 2385 2520 qua:
2411 2449 2888 2506 circumferuntur
2916 2461 3047 2506 sunt
3071 2452 3372 2521 ejusmodi,
3397 2461 3565 2523 prout
3585 2469 3645 2509 ea
3667 2471 3824 2510 recen-

587 2553 675 2601 set
706 2543 1002 2600 Fabricius
1029 2541 1172 2613 (21)
1207 2559 1220 2594 :
1252 2541 1390 2610 Περὶ
1417 2539 1529 2592 τῶν
1561 2537 1684 2593 καθ’
1707 2540 1860 2611 ἡμᾶς
1890 2538 2070 2611 ὀρθῶν
2099 2539 2203 2611 τῆς

2230 2541 2494 2614 ἀληθείας
2521 2541 2814 2613 δογμάτων
2836 2541 3002 2611 Λόγοι
3025 2541 3090 2596 ε’.
3112 2541 3191 2599 De
3218 2546 3420 2601 nostris
3454 2548 3605 2603 rectis
3634 2549 3823 2622 dogma-

581 2638 725 2693 tibus
755 2633 997 2691 ueritatis
1035 2631 1318 2688 Orationes
1344 2629 1602 2701 quinque.

800 2729 842 2784 Ῑ.
882 2729 960 2783 De
987 2725 1086 2782 SS.
1114 2725 1401 2782 Trinitate.

800 2820 869 2876 ll.
909 2819 984 2874 De
1013 2818 1496 2888 incircumscripto.

801 2914 896 2969 lll.
931 2912 1011 2968 De
1041 2913 1224 2968 divina
1255 2913 1569 2978 oeconomia,
1603 2910 1662 2966 id
1685 2918 1785 2979 est,
1819 2911 1884 2966 de
1912 2912 2308 2972 incarnatione.

796 3006 890 3063 IV.
929 3005 1007 3060 De
1035 3003 1285 3076 passione
1317 3009 1366 3055 et
1396 3001 1827 3073 impassibilitate
1856 3002 2074 3060 Christi.

614 3153 632 3172 ,
797 3104 863 3159 ν.
907 3103 985 3158 De
1020 3099 1414 3156 resurrectione
1441 3098 1658 3154 Christi.

586 3196 699 3254 llas
752 3197 1004 3268 quinque
1051 3191 1345 3248 Orationes
1399 3191 1678 3246 Stevartio
1728 3191 2042 3258 debemus,
2098 3194 2196 3265 qui
2247 3209 2345 3251 eas
2392 3195 2450 3250 in
2493 3210 2596 3251 suo
2635 3196 2890 3254 Auctario
2933 3199 3221 3257 lectionum
3264 3206 3612 3278 antiquarum
3639 3200 3813 3260 Canisil

585 3305 656 3346 ex
704 3289 964 3346 versione
1017 3285 1304 3342 Francisci
1348 3283 1648 3351 Turriani,
1705 3284 1885 3340 edidit
1935 3286 2261 3358 lngolstadii
2312 3303 2461 3343 anno
2501 3289 2664 3346 1616.
2727 3291 2962 3352 Exstant
2994 3304 3264 3365 praeterea
3293 3313 3366 3352 ex
3393 3298 3582 3353 eadem
3607 3296 3822 3352 versione

587 3385 643 3440 in
675 3382 1042 3440 Bibliothecis
1073 3382 1300 3438 Patrum
1335 3378 1658 3436 Coloniensi
1689 3387 1748 3434 et
1779 3379 2162 3450 Lugdunensi.
2219 3381 2407 3439 Graece
2439 3399 2612 3456 porro
2641 3385 2924 3442 habentur
2954 3387 3012 3443 in
3041 3389 3387 3458 bibliotheca
3409 3392 3664 3448 Vaticana
3695 3386 3820 3461 (25),

587 3478 1012 3536 Vindobonensi
1056 3475 1186 3550 (26)
1237 3476 1476 3544 aliisque
1527 3474 1675 3560 haud
1723 3476 1942 3546 paucis.
2005 3476 2242 3533 Videtur
2282 3488 2512 3536 sanctus
2553 3481 2756 3551 prmsul
2799 3482 2901 3538 has
2933 3482 3229 3541 Orationes
3256 3485 3463 3542 litteris
3487 3483 3820 3554 consignasse,

586 3573 746 3640 dum,
775 3572 845 3627 ab
873 3571 1120 3627 Ecclesia
1143 3584 1244 3625 sua
1267 3568 1617 3624 Antiochena
1650 3571 1848 3639 procul
1879 3569 2106 3636 absens,
2132 3572 2306 3627 vitam
2337 3572 2396 3628 in
2423 3575 2623 3630 exsilio
2651 3585 2863 3647 ageret.
2897 3577 3154 3632 Amicum
3180 3579 3332 3634 enim
3361 3579 3669 3652 quemdam,
3693 3575 3821 3644 cujus

588 3665 816 3720 hortatu
850 3680 947 3720 eas
979 3663 1236 3736 digessit,
1259 3662 1502 3733 benigne
1531 3664 1896 3732 compellans,
1933 3674 2173 3720 testatur
2201 3665 2313 3737 (27)
2348 3683 2409 3723 se
2436 3669 2612 3724 multa
2645 3671 2838 3741 paucis
2864 3672 3162 3742 complecti
3206 3691 3220 3728 :
3261 3673 3333 3728 Et
3367 3675 3624 3747 fortassis,
3651 3667 3819 3740 inquit.

587 3756 984 3813 accommodate
1010 3757 1081 3811 ad
1108 3764 1316 3827 tempus
1341 3756 1480 3827 quod
1503 3759 1759 3828 suppetit,
1789 3765 1838 3810 et
1868 3758 1938 3810 ad
1963 3759 2202 3830 inopiam
2235 3758 2495 3816 librorum
2527 3780 2635 3834 qua
2661 3764 2992 3821 laboramus.

657 3875 727 3932 ν.
767 3874 1062 3932 Orationes
1088 3871 1365 3944 ejusmodi
1398 3870 1688 3942 excipiunt
1716 3885 2006 3927 sermones
2026 3873 2081 3939 5,
2116 3887 2356 3942 quorum
2384 3877 2626 3946 primum
2658 3887 2715 3932 et
2742 3879 2980 3934 alterum
3009 3879 3066 3934 in
3090 3879 3592 3936 Annuntiationem
3614 3878 3821 3947 Deipsraa
3875 3934 3880 3946 1

589 3967 860 4039 Virginis,
913 3964 1172 4036 Lugduni
1215 3963 1550 4019 Batavorum
1593 3978 1740 4017 anno
1780 3962 1920 4018 1619
1971 3962 2164 4018 Graece
2211 3967 2544 4035 vulgavit-in
2574 3983 2744 4037 opere
2775 3968 3057 4024 Variorum
3089 3970 3396 4024 divinorum
3421 3971 3652 4026 Joannes
3675 3966 3820 4020 Meur—
3875 3947 3877 3962 ¹

588 4061 709 4117 sius
734 4058 848 4131 (28)
878 4076 892 4113 :
925 4074 956 4114 e
983 4060 1146 4130 cujus
1175 4057 1480 4128 exemplari
1503 4057 1700 4112 Latine
1726 4056 2013 4113 redditum
2048 4066 2347 4128 utrumque
2369 4059 2800 4116 arcuere-Latina:
2829 4061 3056 4116 Patrum
3082 4061 3428 4118 Bibliotheca
3459 4077 3588 4116 novo
3608 4057 3821 4115 Auctario
3866 4065 3870 4138 ξ

589 4151 832 4209 intexuit
857 4149 1274 4216 Combelisius;
1331 4147 1426 4220 qui
1460 4156 1520 4203 et
1548 4162 1861 4203 sermonem
1894 4148 2114 4204 addidit
2148 4149 2206 4204 in
2231 4150 2802 4220 Transﬁgurationem
2835 4153 2900 4206 D.
2927 4153 2992 4208 N.
3023 4153 3075 4209 J.
3101 4153 3162 4209 C.
3192 4153 3352 4220 (29),
3384 4168 3453 4207 ex
3482 4151 3645 4221 Regio
3665 4147 3820 4203 codice

587 4245 789 4300 mutilo
818 4243 877 4298 in
905 4242 1014 4299 line
1041 4241 1413 4310 descriptum.
1452 4237 1629 4294 Porro
1659 4253 1782 4308 quae
1809 4237 2042 4293 deerant
2069 4238 2126 4292 in
2153 4239 2305 4294 edito
2331 4238 2744 4295 Combelisiauo
2773 4242 3054 4313 supplevit
3081 4258 3149 4299 ex
3175 4243 3478 4301 Lambecio
3510 4242 3630 4316 (50)
3659 4239 3820 4298 Fabri-

589 4337 714 4392 cius
737 4335 848 4407 (51)
873 4351 888 4402 ;
927 4334 1075 4389 unde
1103 4334 1197 4388 illa
1225 4331 1665 4402 desumpsimus,
1698 4339 1760 4384 ut
1785 4345 1888 4384 suo
1910 4329 2036 4384 loco
2065 4332 2409 4387 monuimus.

661 4430 764 4487 llis
791 4431 1031 4500 denique
1062 4425 1418 4484 subdidimus
1448 4422 1699 4495 ejusdem
1720 4423 2003 4480 Anastasii
2031 4425 2367 4495 patriarcha:
2392 4425 2743 4498 Theopoleos
2767 4430 3099 4500 opusculum
3127 4429 3202 4484 De
3228 4432 3402 4488 tribus
3426 4422 3817 4505 quadragesimi-ﬁ

591 4541 623 4581 a
647 4523 924 4582 Cotelerio
959 4521 1016 4578 in
1046 4523 1230 4577 lucem
1262 4519 1529 4574 emissum
1557 4515 1714 4589 ('52).
1771 4518 1849 4571 De
1880 4533 1992 4587 quo
2023 4518 2143 4572 haec
2169 4518 2365 4579 clarusL
2385 4521 2569 4577 editor
2591 4521 2721 4593 (55)
2755 4540 2769 4578 :
2810 4543 2827 4574 ι
2864 4521 3100 4588 (litatur,
3135 4522 3345 4593 inquit,
3375 4538 3677 4596 quanquam
3702 4518 3818 4574 indi-

591 4615 858 4688 ligentius
885 4631 916 4670 a
944 4613 1240 4669 Theodoro
1269 4611 1598 4667 Balsamone
1631 4609 1882 4680 Epistola
1911 4609 1981 4664 de
2003 4610 2238 4680 jejuniis
2261 4653 2278 4678 ,
2329 4629 2494 4684 quam
2552 4615 2829 4686 superiori
2868 4624 3021 4672 tomo
3066 4617 3383 4685 edidimus;
3440 4618 3560 4682 ubi,
3589 4610 3816 4686 quemad-

591 4709 820 4765 modum
869 4706 939 4762 ad
982 4703 1429 4762 Constitutiones
1473 4704 1846 4774 apostolicas,
1903 4705 2147 4761 diximus
2191 4706 2261 4762 de
2289 4706 2521 4778 jejuniis
2549 4707 2870 4763 Graecorum
2913 4719 2971 4764 et
3010 4708 3080 4764 de
3107 4725 3302 4764 eorum
3338 4710 3519 4766 tribus
3542 4706 3812 4775 Quadrage-

591 4801 782 4866 simis,
832 4799 891 4854 in
935 4797 1216 4854 Anastasii
1246 4795 1558 4866 quaestione
1583 4795 1684 4862 64,
1718 4806 1777 4852 et
1807 4797 1863 4851 in
1890 4797 2017 4852 loco
2042 4798 2276 4854 Joannis
2298 4799 2460 4854 Citrii
2488 4800 2637 4871 apud
2663 4800 2930 4856 Allatium
2963 4800 3042 4856 De
3066 4818 3335 4868 consens.,
3369 4804 3462 4867 lll,
3489 4802 3580 4867 l2,
3614 4814 3705 4855 nec
3728 4807 3814 4851 non

591 4898 649 4955 in
682 4895 872 4968 Typico
903 4891 961 4950 S.
986 4891 1140 4950 Saba:
1167 4891 1206 4946 l‘.
1233 4889 1335 4946 100
1359 4899 1414 4947 et
1435 4889 1572 4955 155,
1621 4898 1790 4962 atque
1819 4892 1877 4947 in
1909 4892 2110 4948 Morini
2141 4894 2389 4966 Antiquis
2415 4894 2872 4965 paenitentialibus
2898 4909 2956 4966 p.
2981 4895 3074 4962 89,
3104 4895 3230 4952 185.
3281 4897 3400 4954 Nec
3427 4896 3633 4952 Latinis
3657 4890 3814 4966 delue-

663 5079 776 5150 (14)
809 5077 1076 5150 Lequien.
1096 5076 1193 5150 Or.
1224 5076 1417 5133 Christ.
1443 5087 1489 5150 t,
1515 5076 1580 5143 ll,
1616 5091 1672 5146 p.
1700 5075 1825 5131 756.

2299 5075 2473 5150 __(2i)
2511 5076 2730 5150 Fabric.
2776 5076 2932 5150 Bibl.
2956 5076 3050 5150 Gr.
3089 5085 3226 5134 tom.
3250 5078 3346 5145 IX,
3394 5093 3549 5150 pagg.
3575 5072 3670 5130 522
3689 5080 3812 5137 seqq.

668 5145 782 5221 (15)
817 5145 1018 5221 Evagr.
1048 5149 1146 5221 lib.
1175 5165 1247 5212 γι,
1283 5149 1521 5221 οδιῃ24.
1621 5145 1632 5146 ί

1621 5145 1632 5146 ί
2289 5145 2571 5221 (E,d_.__no\[.
2601 5157 2641 5202 t.
2669 5148 2770 5221 _X,_
2785 5163 2852 5221 ρ.Δ
2876 5148 3025 5221 595.)

669 5213 782 5290 (⁸6)
819 5213 1020 5290 130δό11.
1054 5219 1092 5272 1.
1117 5234 1164 5273 c.
1193 5213 1498 5290 num-456.
1563 5288 1579 5290 _
2063 5287 2078 5290 _
2137 5288 2150 5290 Α

2137 5288 2150 5290 Α
2298 5213 2307 5218 ⁷
2360 5217 2473 5290 (25)
2507 5218 2698 5290 Montl‘.
2732 5213 2869 5290 Bibl.
2903 5213 3281 5275 Bibliothecar.
3312 5229 3444 5276 tom.
3477 5219 3522 5284 Ι,
3551 5233 3602 5289 p.
3627 5213 3701 5267 15.

671 5287 783 5362 (17)
806 5289 979 5362 ‘Greg.
1011 5291 1111 5344 lib.
1135 5306 1210 5356 rx,
1237 5289 1404 5359 epist.
1429 5289 1516 5345 49.
1549 5288 1690 5360 Opp.
1725 5298 1860 5344 tom.
1889 5289 1956 5353 ll,
1983 5287 2181 5358 p.962,
2361 5287 2473 5362 (26)
2507 5289 2769 5362 Lambec.
2804 5289 2903 5342 lib.
2924 5306 3027 5362 su,
3061 5306 3183 5362 pag.
3206 5291 3328 5346 167.

671 5307 719 5373 (ι
741 5307 783 5354 ι)
815 5307 979 5362 ureg.
1011 5307 1111 5344 nn.
1135 5307 1210 5356 rx,
1237 5307 1404 5359 eplSl.
1429 5307 1516 5345 ou.
1549 5307 1690 5360 Upp.
1725 5307 1860 5344 tom.
1891 5307 1956 5353 ιι,
1983 5307 2181 5358 p.902,
2361 5307 2473 5360 (zu)
2507 5307 2769 5344 LamDeC.
2804 5307 2903 5342 nn.
2933 5307 3027 5352 vn,
3054 5307 3183 5416 pag.

595 5355 862 5432 edit.BB.
939 5431 942 5432 ν
1057 5431 1067 5432 7
1260 5431 1285 5432 Η
1338 5431 1349 5432 7
1415 5429 1430 5432 _
1468 5429 1486 5432 _
2362 5359 2475 5432 (εἶ)
2511 5361 2702 5432 ᾼηξιει.
2735 5358 2890 5432 Orat.
2915 5360 2968 5432 1,
3001 5359 3027 5432 §
3095 5400 3108 5414 .
3200 5389 3205 5395 -

672 5429 784 5502 (l8)
822 5431 970 5502 Pagi.
1005 5431 1071 5485 ad
1101 5446 1229 5485 ann.
1257 5431 1382 5494 599,
1410 5429 1436 5501 ᾗ
1460 5429 1515 5502 2.
1543 5500 1591 5502 η
1627 5451 1660 5502 χ

2363 5429 2476 5502 (28)
2513 5431 2888 5502 Μθιιιζεηνρν.
2918 5429 3024 5484 diu.
3061 5447 3218 5502 pagg.
3245 5434 3329 5496 l9,
3354 5433 3441 5488 55.

670 5484 784 5574 (19)
821 5484 1122 5574 Βιλῗὸ-ηξξιά
1144 5484 1436 5574 Mairtyirolr
1455 5484 1510 5555 d.
1533 5500 1594 5554 21
1636 5500 1792 5574 Apr.,
1819 5509 1933 5556 not.
1959 5517 2004 5555 e.
2364 5484 2478 5574 (29)
2512 5484 2764 5574 Gombel‘.
2788 5500 2921 5574 Non.
2952 5484 3414 5559 Auertl‘ii'iblfpl):
3427 5484 3555 5556 tom.
3579 5498 3618 5563 l,
3644 5511 3690 5565 p.
3714 5484 3809 5544 8l9.

670 5570 784 5644 (20)
821 5573 894 5644 lo.
930 5573 998 5644 ad
1024 5587 1154 5626 ann.
1182 5570 1306 5636 599,
1339 5571 1365 5642 §
1392 5572 1443 5625 8.
1744 5570 1788 5644 ς

1744 5643 1757 5644 ί
1784 5570 1788 5574 ’
2363 5570 2476 5644 (50)
2512 5571 2910 5644 Lambec._lib.
2939 5588 3058 5644 ym,
3092 5589 3216 5644 pag.
3245 5576 3362 5628 117.

693 5644 784 5714 21)
823 5642 1023 5714 Bosch.
1058 5643 1095 5714 1.
1120 5658 1170 5698 c.
1205 5658 1327 5712 pag.
1347 5641 1445 5702 ’99.
1479 5657 1633 5714 num.
1658 5643 1786 5714 7460.
2363 5641 2476 5714 (51)
2512 5642 2727 5714 Fabric.
2748 5641 2898 5714 Bibl.
2925 5641 3018 5714 Gr.
3050 5641 3187 5714 tom:
3210 5645 3301 5703 lX.
3328 5660 3383 5714 p.
3409 5642 3527 5714 555.

695 5693 782 5779 ἐξ)
817 5693 1023 5768 man:
1047 5693 1232 5768 ᾱνᾶἐεῗ
1245 5693 1511 5781 ᾗῖνίξιὶιζ
1527 5693 1724 5782 pisti—
1745 5693 1786 5696 ”
2361 5693 2474 5782 (ἑὲ)
2511 5693 2894 5767 esuries;
2929 5693 3022 5767 (ἷνῇ
3053 5693 3558 5775 1ῑδί.“.ι·.;ῑ.ἰῑ›·.ιί.ἰη,
3581 5720 3688 5778 pag.
3711 5693 3808 5753 £25-

693 5783 783 5855 25)
821 5782 1104 5854 Hartyrol.
1133 5782 1284 5837 Rom.
1316 5784 1378 5836 2i
1415 5783 1547 5852 Apr.

2363 5784 2474 5853 (55)
2514 5783 2587 5837 In.
2621 5782 2757 5838 ibid.
2793 5799 2951 5853 pagg.
2976 5784 3081 5838 615
3111 5800 3228 5855 seq.
