4098 6418
408 297 547 365 1293
1884 296 2222 359 NOTITIA.
3550 301 3686 368 1294

409 425 541 472 runt
585 423 702 470 tres
734 413 1182 487 Quadragesimse
1217 428 1333 472 sua:
1364 430 1430 472 ex
1465 414 1710 474 concilio
1741 411 2097 469 Triburiensi
2121 452 2136 479 ,
2195 407 2644 482 Capitula'ribus,
2693 417 3005 484 Amalario,
3061 419 3296 490 aliisque
3352 421 3688 477 testimoniis

409 521 508 577 per
558 503 710 560 viros
755 505 953 562 doctos
1005 505 1352 562 coacervatis
1398 506 1727 564 notissimae.
1767 503 2014 560 Proinde
2063 504 2220 576 juxta
2272 517 2490 560 morem
2540 521 2702 562 suum
2760 511 2963 566 callide
3014 509 3387 584 Hieronymus
3417 514 3587 584 epist.
3619 516 3688 570 51

408 598 478 653 ad
501 597 853 663 Marcellam,
890 597 1159 654 adversus
1185 597 1508 654 Montanum
1563 617 1580 658 :
1641 617 1660 650 ι
1690 597 1836 665 Nos,
1868 597 2074 668 inquit,
2105 612 2272 652 unam
2299 596 2793 670 Quadragesimam
2824 603 3136 660 secundum
3163 605 3520 662 traditionem
3549 624 3688 678 apo-

409 690 702 754 stolorum,
741 697 856 745 toto
887 703 1054 752 anno,
1090 694 1343 759 tempore
1372 688 1538 744 nobis
1565 701 1836 759 congruo,
1860 687 2180 760 ieiunamus
2208 705 2221 742 :
2249 687 2332 743 illi
2368 693 2483 744 tres
2515 687 2572 743 in
2601 705 2746 746 anno
2778 690 2991 747 faciunt
3019 691 3501 765 Quadragesimas,
3530 700 3690 769 quasi

411 792 526 839 tres
547 783 694 852 passi
725 784 839 838 sint
869 782 1237 851 Salvatores,»
1264 791 1372 839 etc.
1391 783 1528 840 Vide
1557 781 1818 838 eumdem
1847 795 2108 853 magnum
2134 780 2423 840 doctorem
2452 783 2521 840 ad
2543 784 2725 859 Aggaai
2755 803 2878 858 cap.
2905 805 2943 853 ι,
2971 800 3025 847 et
3052 791 3120 847 ad
3147 791 3389 847 Matthaei
3421 809 3542 864 cap.
3578 810 3684 849 um
3728 809 3734 850 ι

412 874 696 933 Hactenus
730 877 791 934 V.
819 875 886 934 C.

2023 1197 2106 1258 II.

1080 1353 1404 1402 amsrasn
1439 1351 1823 1400 ANTIOCHENI
1862 1349 1970 1397 AN.
2010 1331 2124 1394 599
2157 1350 2466 1396 DEFUNCTI
2508 1351 2763 1398 SCRIPTA
2807 1353 3015 1399 sum.

1292 1491 1360 1540 Ex
1397 1489 1599 1539 FABltlc.
1629 1483 1862 1538 Biblioth.
1895 1487 2084 1546 Graeca,
2111 1485 2238 1536 edit.
2262 1485 2442 1548 Hum,
2481 1491 2516 1536 t.
2547 1485 2605 1546 X,
2637 1500 2686 1548 p.
2713 1486 2825 1536 595.

492 1641 548 1700 1.
586 1642 726 1715 Περὶ
754 1640 867 1695 τῶν
898 1638 1023 1694 καθ’
1055 1639 1202 1712 ἡμᾶς
1235 1637 1419 1709 ὀρθῶν
1449 1639 1546 1706 τῆς
1577 1636 1843 1706 ἀληθείας
1870 1635 2110 1706 δογμάτο

1781 1654 1843 1700 ας
1870 1635 2163 1706 δογμάτων
2194 1635 2346 1704 λόγοι
2373 1635 2436 1688 ε’.
2475 1634 2553 1688 De
2589 1636 2883 1690 orthodoxa
2912 1635 3020 1707 ﬁde
3046 1653 3316 1692 sermones
3342 1638 3399 1694 γ.

637 1742 710 1792 α’.
749 1734 890 1804 Περὶ
918 1733 1016 1802 τῆς
1046 1733 1212 1800 ἁγίας
1237 1729 1492 1802 Τριάδος.
1528 1729 1606 1784 De
1633 1738 1818 1784 sancta
1851 1728 2134 1784 Trinitate.
2193 1728 2253 1781 In

2085 1744 2134 1781 e.
2193 1727 2398 1796 Incipit
2441 1743 2455 1780 :
2500 1727 2606 1780 Τὸν
2637 1727 2898 1799 napi/sig;
2931 1729 3118 1798 ὑγιοῦς
3147 1729 3306 1799 ήμῶν
3331 1730 3574 1795 πίστεως
3605 1732 3700 1788 καὶ

809 1827 920 1881 τῶν
949 1824 1188 1895 ἀληθῶν.

640 1921 706 1992 β’.
741 1920 880 1990 Περὶ
911 1916 1359 1988 ἀπεριγράπτου.
1391 1913 1472 1968 De
1497 1912 1974 1982 incircumscripto.
2013 1910 2202 1965 Πάντα
2230 1926 2258 1963 τ

1256 1931 1359 1970 του.
1391 1913 1472 1968 De
1497 1912 1974 1982 incircumscripto.
2013 1910 2202 1965 Πάντα
2230 1909 2409 1980 τολμᾷ
2441 1907 2668 1976 γλῶσσα
2699 1907 2874 1962 δολία.

629 2018 703 2082 γ’,
742 2011 878 2081 Περὶ
915 2008 1067 2070 θείας
1095 2004 1436 2077 οἰκονομίας.
1468 2003 1550 2058 De
1577 2003 1760 2058 divina
1784 2003 2178 2057 incarnatione.
2223 2003 2247 2054 ’ξ

1651 2003 1760 2058 tina
1784 2003 2178 2057 incarnatione.
2223 2000 2456 2064 Ίκανῶς
2486 2002 2620 2070 ἡμῖν
2653 1999 2764 2052 τῶν
2795 1997 2926 2068 περὶ
2959 1998 3269 2068 θεολογίας.

631 2105 698 2160 δ’.
741 2102 882 2174 Περὶ
909 2099 1122 2163 πάθους
1152 2098 1248 2154 καὶ
1274 2095 1546 2160 ἀπαθείας
1569 2094 1836 2168 Χριστοῦ.
1897 2093 1977 2148 De
1999 2095 2244 2165 passione

2088 2095 2244 2148 tsione
2273 2101 2322 2147 et
2352 2091 2781 2164 impossibilitate
2803 2090 3016 2146 Christi.
3046 2092 3238 2158 Δείξας
3263 2095 3457 2151 ἑαυτὸν
3481 2099 3570 2153 διὰ
3595 2101 3706 2156 τῶν

829 2196 965 2268 παρ’
999 2191 1191 2248 αὐτοῦ.

641 2299 706 2349 ε’.
747 2292 888 2364 Περὶ
927 2287 1308 2350 ἀναστάσεως.
1365 2282 1444 2340 De
1485 2281 1890 2339 resurrectione.
1953 2278 2116 2335 Ἀλλὰ
2155 2278 2259 2352 γὰρ

2085 2278 2116 2334 ὰ
2155 2278 2266 2352 γὰρ
2313 2278 2375 2332 οὐ
2410 2281 2541 2349 περὶ
2569 2274 2786 2332 τούτων’
2809 2277 2971 2349 μόνον
3029 2277 3217 2352 [conti
3249 2298 3440 2354 supra,
3473 2283 3585 2340 vol.
3610 2283 3703 2350 IX,

861 2425 874 2440 .
901 2380 1028 2448 740,
1063 2397 1123 2436 ιι.
1151 2377 1246 2450 6.]

500 2484 570 2540 1ιὶ
596 2401 1380 2554 quinqugselgtbrliesoiijmce
1411 2466 1613 2525 mss.iu
1640 2467 1782 2524 bibl.
1806 2465 2063 2524 Caesarea
2095 2471 2237 2521 teste
2265 2461 2586 2528 Lambecio,
2611 2458 2726 2526 VII,
2759 2476 2814 2531 p.
2845 2460 2946 2516 16⁵1
2971 2476 3089 2533 seq.
3122 2462 3263 2534 (3t).
3301 2464 3483 2520 Etiam
3517 2467 3575 2521 in
3601 2465 3706 2521 Va-

434 2581 649 2642 ticana,
682 2574 940 2644 aliisque.
995 2568 1252 2627 Latinam
1283 2563 1569 2622 Francisci
1597 2562 1861 2620 Turriani
1897 2562 1955 2618 S.
1983 2562 2034 2619 J.
2065 2559 2316 2631 vulgavit
2346 2559 2550 2614 Petrus
2575 2557 2890 2614 Stevartius
2920 2557 2976 2613 in
3008 2573 3110 2614 suo
3138 2560 3393 2616 Auctario
3418 2561 3713 2619 lectionum

433 2672 784 2741 antiquarum
817 2665 990 2720 Henr.
1019 2658 1254 2724 Canisii,
1281 2655 1584 2729 lngolstad.
1619 2656 1779 2721 1616,
1810 2657 1866 2724 4,
1901 2671 2028 2728 pag.

2093 2653 2325 2710 60-516.
2361 2651 2458 2725 [In
2485 2653 2574 2708 ed.
2604 2650 2884 2722 Basnagii,
2920 2659 2960 2705 t.
2986 2651 3030 2716 I,
3064 2668 3119 2723 p.
3147 2653 3509 2727 436.]-Unde
3544 2671 3711 2712 recu-

432 2779 496 2820 sa
524 2769 610 2818 est
649 2761 708 2816 in
737 2769 870 2814 tom.
896 2755 970 2812 IX
1006 2743 1146 2810 Bibl.
1173 2751 1402 2807 Patrum
1437 2749 1581 2806 edit.
1610 2746 1791 2819 Lugd.
1827 2761 1954 2818 pag.
2001 2745 2127 2802 925.
2187 2743 2308 2799 Alia
2354 2743 2612 2799 Godl‘ridi
2661 2743 2938 2800 Tilmanni
2985 2745 3385 2817 interpretatio
3426 2749 3716 2820 prodierat

429 2855 610 2914 Paris.
640 2851 801 2920 l556,
827 2851 898 2918 8;
933 2857 1102 2920 atque
1132 2847 1263 2902 inde
1295 2847 1352 2902 in
1381 2842 1751 2900 Bibliothecis
1776 2842 2002 2898 Patrum
2031 2838 2468 2896 Parisiensibus.
2502 2839 2663 2894 Fssn.
2706 2839 3053 2895 Aubertinus
3073 2881 3088 2906 ,
3125 2841 3203 2896 De
3229 2854 3571 2900 sacramento
3603 2843 3716 2900 Eu-

428 2953 728 3016 charistite,
779 2965 837 3020 p.
884 2946 1023 3011 894,
1081 2951 1276 3001 censet
1327 2941 1612 2998 orationes
1647 2939 1771 2994 illas
1805 2937 2055 3009 quinque
2089 2951 2214 2992 esse
2239 2950 2382 3006 opus
2405 2934 2715 3005 genuinum
2741 2934 3020 2991 Anastasii
3047 2935 3276 2992 Sinailae
3301 2946 3358 2993 et
3379 2938 3714 2996 Antiocheni

429 3048 678 3120 episcopi
711 3043 972 3106 senioris.
1001 3059 1054 3097 a.
1082 3041 1186 3097 599
1212 3037 1454 3105 mortui;
1480 3035 1795 3107 refragatur
1816 3049 1954 3090 vero
1976 3031 2183 3090 Oudin.
2208 3031 2248 3086 ι.
2275 3046 2328 3088 c.
2357 3047 2420 3102 ρ.
2441 3031 2545 3087 509
2569 3045 2712 3100 seq.,
2747 3039 2913 3101 atque
2943 3031 3251 3086 subscribit
3269 3033 3487 3103 judicio
3513 3032 3590 3088 Du
3615 3035 3717 3090 Pin

432 3143 491 3199 in
537 3141 789 3198 Biblioth.
824 3155 960 3193 nova
991 3135 1120 3191 eccl.
1156 3148 1270 3190 sec.
1296 3149 1371 3198 v1,
1402 3147 1460 3202 p.
1485 3131 1555 3186 95
1575 3169 1590 3194 ,
1646 3129 1784 3184 istas
1809 3126 2106 3184 Orationes
2137 3125 2381 3197 plurima
2405 3124 2696 3180 continere
2725 3124 3188 3182 scholasticorum
3217 3125 3514 3181 ratiocinia
3535 3167 3550 3194 ,
3595 3142 3720 3197 qua:

434 3249 590 3297 recte
621 3238 690 3294 ad
721 3236 988 3293 saeculum
1012 3249 1066 3288 xi
1095 3247 1258 3302 posse
1285 3227 1487 3285 referri
1520 3227 1706 3293 docet,
1741 3225 1981 3296 ideoque
2011 3222 2250 3278 ascribit
2279 3221 2403 3277 illas
2427 3221 2744 3286 Anastasio,
2781 3207 3031 3276 nominis
3060 3230 3278 3292 quarto.
3328 3221 3502 3278 ΗΑιιι..

503 3331 560 3386 2.
599 3331 694 3394 Εἰς
719 3328 814 3382 τὸν
839 3321 1256 3394 Εὐαγγελισμόν
1281 3338 1296 3354 ο
1351 3319 1419 3375 In
1445 3319 1928 3375 Annuntiationem
1957 3315 2022 3370 B.
2052 3314 2121 3369 Mi

2101 3315 2241 3370 ariae
2270 3311 2504 3385 Virginis
2529 3329 2800 3367 sermones
2823 3312 2903 3368 ΙΙ.
2945 3313 3112 3369 Prior
3147 3313 3348 3384 incipit
3397 3331 3413 3370 :
3463 3315 3719 3388 Σήμερον

435 3431 590 3502 ὑμῖν,
619 3422 666 3484 ὦ
694 3426 914 3498 ἄριστοι
945 3422 1160 3485 παῖδες.
1199 3418 1482 3475 Posterior
1515 3433 1529 3471 :
1558 3416 1626 3470 Τί
1659 3415 1826 3496 πάλιν,
1853 3414 1948 3468 ἐπὶ
1976 3413 2053 3496 τῆι

2105 3412 2211 3484 γῆς
2241 3414 2269 3465 ὁ
2303 3410 2480 3481 μέγας
2509 3409 2764 3481 βούλεται
2792 3410 3036 3483 Γαϐριὴλ
3061 3412 3220 3483 ἡμῖν.
3253 3411 3443 3468 Graece
3470 3414 3719 3485 vulgavit

434 3530 679 3587 Joannes
708 3521 991 3580 Meursius
1044 3520 1102 3575 in
1149 3517 1325 3574 Variis
1367 3515 1589 3579 divinis,
1633 3528 1690 3583 p.
1727 3513 1795 3568 I9
1839 3519 1898 3567 et
1932 3510 2023 3577 55,
2056 3508 2235 3580 Lugd.
2262 3506 2382 3562 Bat.
2411 3506 2573 3563 1619.
2595 3507 2652 3562 4.
2705 3506 2887 3580 [Rec.
2920 3506 2980 3562 in
3009 3507 3237 3563 Meursii
3265 3507 3431 3581 Opp.,
3464 3509 3719 3568 Florent.

435 3621 599 3690 1746,
634 3629 678 3675 t.
709 3615 852 3684 VIII,
885 3632 943 3688 p.
968 3612 1139 3686 683.]
1194 3611 1395 3668 Latine
1438 3617 1619 3666 exstat
1657 3608 1717 3662 in
1742 3605 2071 3662 Bibliotheca
2098 3603 2352 3668 Patrum,
2387 3601 2526 3657 edit.
2555 3600 2732 3673 Lugd.
2769 3610 2810 3656 t.
2840 3600 2932 3668 IX,
2963 3619 3019 3674 p.
3045 3602 3171 3669 959,
3193 3603 3336 3668 94ος
3386 3614 3444 3661 et
3476 3604 3533 3660 in
3570 3614 3722 3661 tonio

436 3726 598 3774 sexto
627 3713 772 3772 Bibl.
801 3710 1216 3769 concionatoria:
1241 3705 1589 3764 Combeﬁsii.
1623 3703 1816 3760 Graece
1851 3710 1910 3759 et
1941 3701 2139 3757 Latine
2184 3699 2242 3755 in
2277 3708 2429 3756 tomo
2455 3699 2639 3770 primo
2660 3699 2906 3755 Auctarii
2937 3701 3059 3754 novi
3091 3700 3344 3772 ejusdem
3371 3701 3719 3770 Combetlsii,

436 3831 496 3887 ιι.
529 3813 656 3880 850,
693 3811 871 3868 Paris.
910 3809 1052 3865 1648
1075 3807 1172 3862 fol.
1209 3805 1371 3862 FABR.
1428 3799 1716 3859 Posterior
1761 3797 2002 3870 repetita
2031 3806 2118 3854 est
2150 3797 2206 3852 in
2233 3797 2320 3853 Jo.
2347 3797 2566 3852 Patusaa
2593 3793 3004 3867 Encyclopwdia
3030 3795 3374 3870 philologica,
3401 3798 3495 3856 Gr.
3524 3801 3721 3878 Venet.

440 3911 602 3980 1710,
625 3912 680 3976 8,
704 3910 820 3966 vol.
843 3909 916 3974 II,
951 3923 1008 3980 p.
1036 3905 1141 3962 558
1162 3919 1320 3975 seqq.
1363 3930 1436 3943 -ο
1469 3901 1566 3964 Εἰς
1591 3899 1684 3954 τὸν
1711 3897 2058 3969 εὐαγγελισμι

2104 3915 2118 3950 ρ
2165 3897 2267 3966 τῆς
2301 3892 2594 3961 Θεοτόκου,
2633 3894 2838 3959 Leidae,
2867 3894 2925 3949 in
2951 3895 3078 3951 cod.
3106 3895 3340 3952 Vulcan.
3366 3914 3380 3951 :
3407 3898 3490 3954 sic
3514 3899 3722 3954 citatur

441 4005 501 4061 in
528 4002 704 4059 Catal.
735 4001 879 4057 bibl.
905 3997 1065 4064 Leid,
1091 4012 1148 4068 p.
1170 3995 1299 4061 5M,
1324 4009 1384 4048 ιι.
1409 3992 1463 4048 ι.
1503 4020 1574 4032 --
1611 3989 1757 4044 Add.
1784 3981 1863 4045 de
1891 3989 2018 4044 cod.
2051 3989 2228 4045 Paris.
2262 3996 2379 4046 not.
2413 3989 2482 4044 ad
2513 3999 2653 4046 sect.
2681 3990 2735 4057 5,
2773 4005 2832 4044 ιι.
2864 3989 2953 4045 18.
2975 4021 3047 4032 -
3067 3991 3191 4047 Alia
3223 4007 3394 4062 supra
3426 3993 3483 4048 in
3514 3994 3572 4049 b.
3602 3995 3719 4051 vol.

439 4112 500 4168 p.
526 4095 628 4157 281
665 4093 770 4151 sub
799 4094 924 4158 ﬁn.,
953 4097 1088 4160 etp.
1111 4087 1211 4143 2H
1240 4103 1256 4154 ;
1314 4085 1424 4142 alia
1453 4085 1510 4138 in
1553 4083 1684 4139 Jesu
1714 4089 2024 4154 pra'sentat.
2052 4084 2108 4137 in
2141 4081 2357 4155 templo.
2387 4113 2458 4124 —
2499 4083 2647 4139 Duas
2676 4099 2902 4155 quoque
2935 4085 3060 4142 illas
3080 4093 3226 4140 orat.
3250 4085 3460 4143 Oudin.
3489 4087 3599 4143 loc.
3623 4089 3721 4144 cit.

438 4205 498 4262 p.
523 4187 631 4244 527
659 4194 718 4244 et
738 4185 865 4250 583,
898 4183 1148 4254 assignat
1176 4179 1473 4236 Anastasio
1498 4188 1714 4251 quarto.
1751 4178 1923 4237 Ηλιιι..

511 4279 568 4335 '5.
608 4277 708 4342 Είς
737 4276 839 4347 τὴν
862 4271 1317 4344 Μεταμόρφωσιν
1349 4268 1446 4323 τοῦ
1476 4269 1684 4340 Κυρίου
1717 4268 2070 4341 ἠμῶνἹησοῦ
2103 4269 2129 4325 1

2112 4269 2348 4341 Χριστοῦ
2371 4313 2383 4325 .
2425 4270 2612 4326 Sermo
2640 4271 2698 4325 in
2729 4271 3282 4343 Transﬁgurationem
3313 4274 3530 4329 Domini
3557 4280 3730 4333 nostri

447 4372 569 4430 Iesu
599 4369 816 4426 Christi.
843 4365 1046 4436 Incipit
1075 4381 1088 4419 :
1120 4364 1181 4417 Ὀ
1209 4361 1606 4434 φιλάνθρωπος
1641 4362 1874 4434 Ἰησοῦς.
1914 4361 2065 4419 Latin

2107 4387 2110 4414 ι
2143 4363 2200 4418 in
2231 4371 2369 4419 tom.
2394 4363 2468 4418 IX
2497 4363 2635 4419 Bibl.
2664 4362 2917 4430 Patrum,
2955 4364 3090 4421 edit.
3121 4365 3297 4439 Lugd.
3331 4383 3387 4438 p.
3413 4368 3544 4432 291,
3579 4377 3638 4425 et
3667 4370 3725 4423 in

439 4463 772 4527 Bibliotheca
815 4459 1213 4516 concionatoria
1256 4457 1556 4514 Combeiis.
1599 4467 1640 4514 t.
1671 4458 1788 4514 VII.
1842 4457 2030 4514 Graece
2061 4467 2119 4514 et
2146 4459 2346 4515 Latine
2392 4459 2450 4514 in
2482 4469 2632 4514 tomo
2663 4459 2850 4529 primo
2881 4460 3127 4516 Auctarii
3156 4463 3276 4517 novi
3306 4462 3726 4532 Combeﬂsiani,

442 4577 500 4634 p.
530 4557 674 4625 866;
731 4555 826 4612 sed
857 4561 1108 4608 extrema
1136 4559 1295 4621 parte
1320 4549 1548 4617 mutila,
1574 4565 1631 4620 p.
1657 4549 1782 4617 881,
1820 4566 1944 4621 quae
1973 4551 2057 4606 sic

2111 4553 2338 4623 .uppleri
2367 4552 2536 4609 debet
2584 4572 2598 4608 :
2647 4554 2988 4622 Ἀναγκαίως
3013 4551 3108 4609 οὖν
3138 4558 3450 4614 ἐνετείλατο
3481 4564 3594 4626 τοῖς
3622 4578 3729 4632 μαι

443 4653 638 4724 θηταῖς
671 4647 953 4719 σιωπῆσαι
984 4645 1054 4700 τὰ
1074 4643 1367 4716 ὁραθέντα,
1403 4643 1601 4714 μέχρις
1627 4637 1688 4697 οὗ
1725 4643 1943 4714 φθάσας
1967 4644 2135 4709 αὐτὸς
2165 4645 2578 4700 καταπαλαίσει
2605 4645 2696 4699 τὸν
2723 4645 2978 4712 θάνατον,
3015 4649 3102 4702 ἵνα
3131 4649 3206 4722 μὴ
3233 4651 3504 4720 γένωνται
3532 4655 3592 4706 ἐν
3615 4655 3731 4708 ἔθει

440 4744 539 4801 τοῦ
569 4741 829 4798 ἀπιστεῖν
858 4741 972 4803 τοῖς
1001 4737 1132 4808 παρ’
1157 4735 1341 4792 αὐτῶν
1370 4734 1695 4804 λεγομένοις
1725 4735 1775 4788 oi
1805 4733 2122 4795 ἀκούοντες.
2160 4735 2320 4789 Μετὰ
2342 4735 2452 4807 γὰρ
2480 4735 2580 4806 τὴν
2605 4737 2911 4791 ἀνάστασιν
2939 4738 3034 4792 τοῦ
3064 4741 3416 4811 πρωτοτόκου
3452 4745 3551 4798 σὺν
3583 4747 3732 4817 παῤ-

444 4839 616 4914 ρησίᾳ
667 4837 770 4910 τὴν
810 4836 1036 4890 πάντων
1075 4833 1434 4904 ὲδημοσίευον
1472 4831 1774 4885 ἀνάστασιν
1793 4873 1809 4898 ,
1861 4832 1958 4885 καὶ
1998 4833 2080 4896 εἰς
2115 4835 2219 4904 τὴν
2250 4834 2360 4888 ἀπὸ
2386 4834 2497 4887 τῶν
2524 4836 2861 4905 παχυτέρων
2893 4836 2989 4890 ἐπὶ
3017 4836 3088 4890 τά
3113 4839 3468 4909 πνευματικά
3494 4841 3727 4913 σώματα

446 4932 939 5008 μιταστοιχείωσιν
959 4971 977 4996 ,
1035 4927 1415 4999 ἐντελλόμενοι
1458 4927 1668 4982 ἅπασιν
1687 4966 1703 4993 ,
1756 4927 1841 4981 ὅτι
1862 4965 1877 4990 ,
1930 4925 2126 4998 ὥσπερ
2158 4929 2188 4982 ό
2220 4929 2467 5000 Χριστὸς
2498 4929 2738 4993 ἀναστὰς
2765 4934 2830 4985 ἐκ
2857 4932 3088 5004 νεκρῶν,
3126 4933 3230 4988 οὐκ
3259 4934 3338 4989 ἔτι
3367 4936 3726 5009 ἀποθνήσκει,

442 5032 544 5088 καὶ
575 5031 809 5095 θάνατος
839 5025 995 5099 αὑτῷ
1025 5024 1088 5080 οὐ
1112 5024 1385 5098 κυριεύει,
1419 5023 1597 5088 οὕτως
1623 5023 1721 5078 καὶ
1749 5025 1900 5096 ἡμᾶς
1928 5023 2295 5096 συμμόρφους
2323 5026 2550 5096 ποιήσει
2577 5026 2679 5097 τῆς
2704 5026 2864 5098 δόξης
2891 5026 3083 5096 αὐτοῦ,
3121 5030 3218 5085 καὶ
3248 5033 3729 5103 μετασχηματίσει

1259 5170 1263 5174 .
1571 5149 1580 5154 ³
3773 5130 3786 5166 l

517 5217 632 5288 (‘54)
665 5215 797 5274 Sive
826 5229 954 5339 Ρη.
1135 5210 1226 5267 ed.
1255 5210 1462 5268 Kollar.
1501 5239 1575 5250 —
1611 5207 1790 5265 Oxon.
1836 5209 1893 5266 in
1931 5223 2035 5266 co-

517 5303 573 5339 m
608 5287 709 5339 I39
738 5287 823 5339 col
849 5299 1127 5339 emnow.
1179 5297 1227 5338 ε.
1274 5297 1334 5336 n.
1372 5280 1531 5339 “05.
1573 5287 1707 5336 tom.
1730 5280 1777 5339 1.
1801 5289 1947 5339 part.
1972 5295 2032 5339 ιι.

2174 5225 2200 5264 [ι
2225 5209 2358 5266 cod.
2389 5225 2507 5282 reg.
2531 5207 2659 5276 200,
2688 5227 2748 5266 ιι.
2769 5210 2872 5274 24,
2911 5212 3191 5268 Anastasii
3242 5211 3500 5272 Monachi
3561 5232 3733 5287 opus—
3784 5184 3792 5193 η

2179 5281 2328 5336 ulum
2359 5279 2436 5334 De
2463 5281 2756 5337 orthodoxa
2784 5281 2910 5339 ﬁde.
2935 5293 3256 5339 excerptum
3279 5301 3347 5339 ex
3368 5287 3424 5339 S.
3445 5287 3733 5339 Scrintura

443 5279 573 5363 die:
608 5279 709 5343 159
738 5279 938 5363 collegi.
959 5281 1127 5350 novi,
1179 5297 1227 5363 ξ.
1274 5297 1334 5336 ιι.
1372 5280 1947 5363 lI0§,.tom.‘I,_part.
1972 5295 2032 5349 ιι,
2140 5281 2328 5363 culum
2355 5279 2436 5363 ρο
2462 5279 2756 5363 orthodoxa
2780 5281 2910 5363 ﬁde,
2929 5293 3347 5363 emet-ptume;
3368 5287 3424 5344 S.
3445 5279 3733 5363 Scriptura

444 5360 570 5434 gat.
615 5373 749 5415 mss.
793 5351 956 5434 Angl.
1001 5363 1114 5434 etc.
1167 5352 1374 5434 Anast.
1401 5351 2030 5434 archiep..Antipc‘biaa_,

2141 5361 2198 5434 et
2227 5351 2326 5434 SS.
2353 5351 2724 5434 Doctoribus;
2747 5351 2891 5434 _inc.
2929 5351 3239 5434 ‘Apxil'fgiv
3263 5357 3439 5434 λόγων
3457 5351 3727 5434 ἀλήθεια]

449 5431 750 5486 Sermones
772 5421 1519 5490 quidam,Gr.—Orationcs
1535 5421 1633 5488 xii,
1653 5421 1710 5476 in
1729 5421 2045 5477 cod.West-
2144 5423 2211 5478 ν.
2243 5431 2352 5478 cat.
2392 5422 2555 5479 codd.
2605 5422 2702 5478 Gr.
2747 5423 2941 5483 Taur..
2989 5421 3060 5490 p‘.‘
3075 5421 3204 5487 299.
3236 5435 3294 5481 et
3320 5421 3389 5484 de
3421 5421 3731 5485 aliis'codd.

449 5507 754 5582 monaster:
789 5491 852 5561 8,
889 5512 936 5582 s_.
976 5494 1221 5582 9.1097,
1251 5493 1371 5582 (Eat.
1398 5493 1494 5547 cit.
1519 5493 1574 5547 2.
1606 5521 1688 5582 Δ-
1738 5491 2044 5582 8ermones

2145 5492 2377 5582 Eant-in:
2414 5492 2788 5582 Mpntjfaugcon.
2827 5493 2882 5548 in
2917 5491 3326 5582 Bibl._biblioth.
3355 5516 3481 5582 mss.
3510 5517 3566 5571 ιι.
3589 5499 3735 5582 ,1594

448 5571 699 5642 quinque
728 5569 788 5623 in
820 5566 948 5622 cod.
981 5565 1234 5622 Vatican.
1265 5564 1472 5619 Romae.
1499 5594 1570 5603 —
1597 5562 1872 5620 Anastasii
1921 5578 2042 5617 mo-

440 5642 615 5696 nachi
644 5638 1001 5700 .Orationes,
1052 5634 1350 5704 Mediolani
1400 5635 1457 5688 in
1497 5633 1624 5689 cod.
1682 5633 1940 5689 Ambros.
1978 5631 2038 5704 Υ.

2145 5562 2196 5620 Ε
2235 5572 2292 5619 et
2327 5565 2394 5621 Α.
2451 5563 2595 5619 Add.
2643 5564 2810 5634 paulo
2851 5574 2974 5634 post
3017 5567 3086 5622 ad
3114 5583 3172 5623 ιι.
3195 5568 3250 5623 4.
3275 5598 3346 5609 -
3377 5570 3495 5625 Duo
3512 5562 3734 5640 priores

2145 5649 2438 5690 sermones
2481 5653 2517 5687 α
2565 5643 2623 5689 et
2663 5635 2714 5704 β,
2756 5635 2935 5700 citati,
2971 5636 3219 5695 Florent.
3247 5637 3300 5693 in
3329 5640 3734 5695 cod.Laurcn-

453 5710 754 5766 Montl'auc.
784 5707 923 5764 Bibl.
952 5703 1190 5762 biblioth.
1221 5706 1425 5775 mss.il,
1456 5704 1720 5775 ιιηιδίΑ,
1761 5714 1820 5760 et
1843 5701 2036 5775 492B.
2143 5704 2207 5775 tii
2237 5705 2337 5770 21,
2395 5721 2453 5760 ιι.
2491 5704 2525 5758 3
2554 5714 2612 5760 et
2632 5701 2860 5775 ltplut.
2887 5707 2937 5762 1.
2975 5707 3032 5763 γ.
3066 5707 3298 5766 Bandini
3329 5710 3447 5770 Cat.
3480 5710 3606 5768 cod.
3633 5710 3734 5767 Gr.

451 5783 595 5840 Add.
629 5795 798 5852 supra
847 5779 916 5836 ad
946 5785 1085 5834 sect.
1110 5776 1146 5832 2
1175 5776 1245 5832 de
1268 5774 1395 5832 cod.
1424 5773 1656 5848 Hodegi.
1692 5802 1765 5816 --
1803 5773 2035 5833 Taurini
2143 5773 2311 5831 Laur.
2345 5776 2396 5848 1,
2430 5791 2486 5848 p.
2511 5775 2634 5832 544.
2677 5773 2844 5832 Illas.
