4098 6430
439 475 452 488 ,
489 394 643 472 Ἰὲίὶθ
1679 431 1741 491 s.
1781 430 2184 494 ANASTASII
2244 431 2720 498 ANTIOCHENI
3636 442 3758 511 1300

501 521 599 586 cti,
632 521 850 620 oﬂicina
896 529 1192 620 prodiisse.
1233 532 1448 593 Monuit
1489 537 1658 593 etiam
1704 536 2095 597 liensclienius
2146 551 2284 597 tom.
2310 542 2358 599 ll
2386 542 2590 614 April.,
2623 560 2680 616 p.
2711 544 2838 609 854,
2865 543 3020 602 illius
3065 552 3323 620 tempore
3368 544 3582 606 nullum
3606 549 3762 610 fuisse

500 627 689 687 regem
722 618 1018 718 Persarum
1041 623 1349 683 Arenatum
1369 670 1383 695 ,
1411 630 1508 687 sed
1543 639 1667 702 post
1693 629 2001 700 Chosroen,
2029 635 2125 705 qui
2163 637 2326 692 annis
2360 635 2951 710 duodequinquaginta
2977 618 3224 711 praefuit,
3258 640 3611 700 Hormisdatn
3638 660 3754 718 reg-

498 722 665 766 nasse
693 713 858 771 annis
887 718 1244 790 quindecim.|

567 804 661 862 21.
695 809 992 880 Anastasii,
1031 815 1356 874 Damasceni
1388 825 1446 875 et
1475 819 1716 876 aliorum
1761 822 2067 893 ἐρωτήσεις
2100 838 2185 895 πει

2146 821 2232 895 ερὶ
2272 822 2537 890 πίστεως.
2568 823 2696 884 Mss.
2729 825 2992 884 Lambec.
3025 825 3162 896 VIII,
3192 841 3252 899 ι).
3281 826 3408 885 356.
3441 826 3678 900 Incipit:
3705 829 3763 885 Tt

497 899 802 967 πιστεύεις,
838 905 1156 976 Χριστιανὲ,
1193 909 1290 964 καὶ
1325 910 1463 974 πῶς.
1493 909 1680 984 [ϐοηΐ.
1705 922 1824 968 not.
1857 913 1927 968 ad
1963 922 2102 969 sect.

787 943 802 967 ,
838 905 1156 976 Χριστιανὲ,
1193 909 1290 964 καὶ
1325 910 1463 974 πῶς.
1493 909 1680 984 [Οοηΐ.
1705 922 1824 968 ιιοι.
1857 913 1927 968 ad
1963 922 2102 969 sect.
2133 913 2188 970 6.
2223 929 2282 970 ιι.
2318 913 2401 988 4].

568 993 659 1048 22.
691 995 982 1066 Κεφάλαια
1011 999 1128 1054 sive
1158 1002 1337 1071 capita
1383 1011 1611 1059 centum
1657 1005 1726 1060 ad
1758 1005 2014 1078 Sergium
2037 1005 2449 1064 Scholasticum
2477 1008 2727 1066 citantur
2753 1009 2810 1068 in
2835 1009 3068 1068 Joannis
3093 1009 3434 1068 Antiocheni
3457 1011 3658 1085 eclogis
3689 1027 3766 1068 as-

499 1088 694 1146 ceticis
730 1106 862 1147 mss.
895 1093 1041 1164 apud
1067 1095 1425 1152 Lambecium
1454 1100 1519 1166 γ,
1553 1116 1608 1171 p.
1647 1100 1766 1157 105.
1805 1101 1889 1174 [Ρ.
1911 1101 2019 1158 225
2045 1101 2114 1158 ed

833 1107 862 1146 ι.
895 1093 1041 1164 apud
1067 1095 1425 1152 Lambecium
1454 1100 1519 1166 γ,
1553 1116 1608 1171 p.
1647 1100 1766 1157 105.
1805 1101 1889 1174 [Ρ.
1911 1101 2019 1158 225
2045 1101 2137 1158 ed.
2187 1103 2451 1178 Kollar.].

565 1183 657 1239 25.
687 1185 1070 1255 Deﬁnitiones,
1089 1191 1384 1260 Κεφάλαια
1406 1195 1751 1266 ἐμφιλόσοφα
1777 1197 1890 1269 ρνβ¹
1908 1195 2078 1271 (162),
2106 1197 2183 1254 ἂτι

2140 1217 2268 1255 ,τινα
2289 1203 2348 1256 ὲν
2371 1203 2486 1265 τοῖς
2511 1200 2680 1267 Oeten;
2703 1201 2941 1274 δόγμασι
2968 1203 3264 1268 διαπαντὸς
3290 1202 3618 1275 ἐμφέρεται.
3643 1201 3758 1258 Mss.

495 1278 550 1334 in
577 1280 714 1335 bibl.
741 1282 1009 1338 Caesarea.
1048 1285 1289 1358 Incipit:
1327 1289 1667 1365 Ἐπειδήπερ
1706 1293 1878 1365 χωρὶς
1903 1294 2113 1366 τόρθοδόὲ

2143 1313 2222 1350 ου.
2257 1296 2396 1352 Vide
2430 1297 2764 1365 Nesselium,
2789 1307 2948 1369 parte
2965 1315 3039 1364 tv,
3075 1315 3130 1369 p.
3162 1299 3254 1363 45,
3280 1314 3337 1352 n.
3366 1297 3453 1351 M.
3490 1295 3645 1352 Fusa.
3669 1296 3761 1350 De-

496 1377 779 1436 tinitiones
817 1397 886 1436 ex
934 1381 1230 1440 Anastasio
1278 1385 1536 1458 aliisque.
1591 1390 1669 1446 De
1700 1391 1865 1446 codd.
1899 1390 2219 1448 Vindobon.
2270 1395 2507 1464 aliisque
2568 1393 2682 1449 vid.
2717 1394 2787 1450 ad
2823 1393 2850 1466 §
2881 1394 2917 1449 2
2961 1394 3054 1448 Ωιι.
3091 1393 3282 1449 adnot.
3331 1423 3403 1434 -—
3448 1392 3678 1463 Mosquzc
3716 1392 3762 1446 in

493 1470 616 1525 cod.
648 1471 736 1538 46,
763 1472 1063 1540 Anastasii,
1089 1476 1422 1546 patriarcha:
1445 1481 1706 1537 Antioch.
1733 1483 2099 1539 Deﬁnitiones

2173 1485 2393 1554 incipit.
2425 1486 2652 1551 Ἱστέον,
2676 1488 2771 1542 καὶ
2800 1487 2875 1559 μὴ
2900 1486 3223 1555 ἀγνοητέον.
3259 1484 3318 1540 V.
3347 1484 3588 1540 Matthaei
3616 1485 3760 1539 notit.

491 1563 646 1618 citat.
707 1580 764 1635 p.
823 1564 948 1631 524,
1005 1582 1060 1620 ιι.
1100 1567 1257 1622 8.-
1288 1567 1538 1627 Venetiis
1581 1573 1640 1628 in
1691 1573 1817 1628 cod.
1877 1572 2158 1630 Marciano
2216 1574 2344 1630 257.
2407 1575 2467 1631 V.
2526 1577 2599 1632 cl.
2653 1577 2870 1634 Morelli
2923 1575 3222 1632 Biblmm.
3260 1575 3355 1631 Gr.
3388 1584 3446 1631 et
3473 1574 3614 1639 Lat.,
3643 1583 3760 1628 tom.

493 1654 538 1718 l,
567 1670 622 1726 p.
660 1656 763 1712 144
792 1673 909 1730 seq.
939 1658 1109 1714 ΗΑιιι..

3819 1183 3846 1214 ρ

503 1858 2544 1892 5—_-————-—_——_—_——

1079 2027 1708 2129 ANASTASII
1789 2030 2554 2130 ANTIOCHENI
2632 1977 3228 2132 EPISCOPI.

1943 2273 2342 2412 VITA
2466 2382 2485 2391 -

1311 2512 1464 2590 (Acta
1489 2524 1820 2598 sanctorum,
1847 2515 2024 2589 April.
2068 2523 2111 2573 t.
2144 2517 2214 2586 Il,
2238 2534 2294 2590 p.
2333 2518 2432 2575 85l
2459 2535 2474 2586 ;
2506 2517 2614 2577 Jul.
2650 2525 2690 2576 t.
2715 2518 2807 2590 ιν,
2830 2518 2949 2592 97.)

1506 2835 1563 2882 8.
1605 2835 1932 2884 ANASTASII
1972 2837 2093 2882 RES
2123 2837 2335 2884 GESTE
2370 2839 2448 2884 ΕΤ
2478 2839 2741 2887 CULTUS.

1692 2982 1778 3054 (Α.
1819 2981 1919 3038 ss.
1955 2991 1994 3038 t.
2030 2983 2077 3039 ιι
2104 2985 2309 3056 April.,
2341 3001 2398 3057 p.
2431 2985 2585 3058 851.)

565 3135 781 3195 Sacqu
833 3146 991 3196 sexto
1044 3147 1103 3196 et
1155 3137 1320 3195 initio
1357 3138 1637 3211 sequenti,
1682 3139 1916 3197 luerunt
1969 3141 2083 3197 duo
2115 3148 2157 3206 Α
2188 3151 2245 3196 et
2271 3141 2556 3213 ponderis,
2595 3151 2653 3200 et
2702 3160 2827 3216 quae
2875 3145 3057 3216 ipsum
3101 3145 3276 3204 Deum
3327 3147 3648 3208 viderentur
3687 3157 3763 3206 at-

492 3230 825 3289 Antiocheni
854 3247 953 3292 seu
993 3233 1388 3305 Theopolitani
1415 3234 1767 3306 patriarchae,
1807 3235 2088 3292 Anastasii
2194 3235 2427 3307 tingere.
2462 3236 2609 3304 Quin
2632 3238 2801 3294 etiam
2829 3239 2905 3295 ita
2930 3257 3092 3298 suum
3120 3242 3454 3314 temperavit
3479 3243 3759 3316 ingenium,

493 3321 774 3392 appellati.
797 3321 1020 3412 ilorum
1057 3323 1272 3394 primus
1313 3324 1383 3380 ab
1417 3324 1721 3395 aliquibus,
1760 3324 1858 3380 sed
1893 3341 2090 3396 perpe-
2193 3341 2254 3388 ut
2296 3347 2479 3404 neque
2520 3341 2758 3404 propter
2785 3333 3071 3393 lenitatem
3118 3338 3294 3394 animi
3335 3348 3501 3412 atque
3551 3340 3760 3396 comita-

492 3423 633 3475 ram,
659 3409 869 3466 Sinaita
888 3411 1304 3480 dictus,sedem
1324 3414 1475 3470 illam
1493 3414 1670 3471 aban.
1693 3415 1791 3470 561
1815 3416 2086 3481 obtinuit,
2187 3434 2327 3494 tem,
2381 3424 2551 3482 nimis
2601 3426 2766 3483 facile
2823 3427 2914 3486 his
2971 3429 3141 3487 rebus
3178 3445 3305 3501 qua:
3346 3409 3532 3489 minus
3579 3430 3758 3487 rationi

494 3503 598 3559 sub
631 3515 886 3562 extrema
931 3507 1232 3565 Iustiniani
1273 3510 1625 3580 imperatoris
1665 3517 1958 3582 tempora;
1991 3510 2090 3566 sed
2191 3520 2612 3576 consentientes
2640 3530 2824 3586 erant,
2855 3521 3112 3590 cederet;
3151 3539 3337 3594 neque
3373 3531 3598 3596 propter
3625 3537 3762 3580 seve-

494 3613 523 3651 a
557 3597 781 3654 Justino
805 3600 1036 3658 Juniore
1067 3617 1099 3657 a
1137 3603 1271 3659 sede
1295 3603 1628 3660 deturbatus
1656 3611 1744 3659 est
1780 3619 1927 3660 anno
1959 3603 2086 3669 572,
2191 3611 2414 3667 ritatem
2441 3621 2500 3667 et
2523 3609 2963 3679 inclementiam,
2994 3628 3139 3682 aegre
3168 3612 3257 3669 his
3298 3628 3424 3685 quae
3450 3621 3596 3668 recta
3635 3608 3758 3666 ratio

495 3691 799 3748 substituto
828 3692 1090 3765 Georgio,
1122 3697 1281 3768 cujus
1317 3707 1446 3768 post
1485 3707 1750 3765 mortem,
1775 3699 2089 3770 imperante
2191 3700 2510 3772 postulabat
2569 3701 2962 3759 assentiretur.
3023 3701 3212 3758 Rebus
3270 3703 3440 3760 seriis
3493 3699 3762 3758 audiendis

493 3785 746 3844 Mauritio
767 3828 782 3853 ,
801 3787 1091 3859 pristinam
1115 3789 1446 3861 dignitatem
1463 3792 1840 3863 recuperavit,
1869 3801 1928 3848 et
1951 3792 2006 3847 in
2024 3807 2090 3848 ea
2191 3793 2314 3864 ejus
2352 3792 2619 3862 patebant
2649 3809 2836 3860 aures,
2868 3803 2926 3850 et
2968 3804 3031 3851 ut
3083 3809 3345 3852 sermone
3376 3794 3666 3868 proﬂuens,
3693 3792 3757 3847 ita

493 3879 632 3934 vixit
669 3895 845 3952 usque
878 3881 953 3937 ad
1014 3898 1146 3938 ann.
1181 3883 1308 3949 598,
1343 3893 1442 3941 aut
1471 3895 1831 3957 sequentem;
1864 3886 2090 3958 quando
2193 3885 2252 3941 in
2293 3886 2702 3957 quaestionibus
2747 3887 3120 3945 dissolvendis
3164 3899 3367 3946 acutus
3417 3897 3473 3944 et
3496 3886 3756 3960 perspicax

493 3969 571 4026 illi
603 3981 825 4028 mortuo
849 3975 1122 4031 successit
1146 3977 1287 4032 alter
1310 3977 1663 4046 Anastasius,
1697 3981 1907 4051 Martyr
1945 3996 2092 4035 nun-
2193 3977 2320 4045 fuit,
2376 3980 2547 4035 rebus
2603 3989 2792 4037 autem
2858 3981 3064 4052 ineptis
3119 3990 3178 4038 et
3235 3982 3451 4038 nullius
3517 3976 3755 4036 momenti

493 4074 750 4135 cupatus,
781 4067 1214 4137 quodaJudaeis
1235 4070 1920 4130 excarniﬁcatussitcirca
1951 4088 2108 4128 ann.-
2193 4069 2431 4126 occlusit
2488 4087 2655 4128 aures
2711 4089 2726 4127 :
2790 4072 3034 4144 linguam
3083 4089 3222 4130 vero
3273 4074 3360 4130 sic
3418 4075 3571 4146 quasi
3620 4071 3756 4127 freno

493 4156 619 4223 608,
653 4166 748 4214 aut
774 4168 1126 4231 sequentem,
1159 4162 1557 4236 Martyrologio
1604 4166 1860 4221 Romano
1889 4163 2091 4221 inscri-
2194 4161 2453 4216 cohibuit
2525 4171 2586 4218 ut
2638 4171 2696 4218 et
2750 4178 3068 4221 sermonem
3107 4165 3328 4222 ratione
3378 4165 3752 4222 moderaretur,

494 4257 625 4320 ptus
651 4250 720 4305 ad
745 4251 896 4307 diem
919 4253 991 4309 25
1025 4255 1374 4324 Decembris,
1410 4257 1494 4311 uti
1529 4257 1685 4328 prior
1713 4257 1783 4314 ad
1828 4257 1978 4315 hunc
2019 4258 2084 4313 2|
2192 4262 2252 4310 et
2298 4254 2585 4310 silentium
2629 4255 2850 4328 loquela
2887 4256 3266 4327 pmstabilius
3296 4258 3560 4314 etﬁceret.
3607 4255 3752 4310 Istum

440 4378 447 4385 -
491 4344 706 4415 Aprilis
747 4345 838 4403 his
877 4346 1070 4405 verbis
1110 4365 1124 4403 :
1164 4367 1184 4400 ι
1219 4347 1535 4404 Antiochiae
1583 4349 1763 4406 sancti
1810 4349 2090 4406 Anastasii
2195 4352 2458 4417 tanquam
2513 4355 2726 4402 turrem
2777 4349 3217 4406 munitissimam
3265 4365 3584 4424 oppugnare
3624 4344 3752 4404 omni

496 4436 726 4494 Sinaitae
757 4439 1030 4511 episcopi,
1063 4461 1081 4493 ι
1117 4449 1174 4496 et
1200 4440 1256 4496 in
1290 4443 1442 4498 notis
1485 4442 1765 4499 indicatur
1794 4444 1864 4500 de
1891 4444 2091 4500 eodem
2124 4501 2165 4514 λ
2194 4439 2583 4496 machinarum
2649 4456 2854 4512 genere
2904 4458 3199 4514 aggressus
3260 4455 3350 4502 est
3416 4444 3752 4503 Justinianus,

497 4545 659 4602 agere
685 4501 910 4587 Graecos
931 4501 1039 4589 hac
1073 4533 1164 4590 die
1199 4534 1255 4590 in
1286 4534 1602 4608 Menologio
1625 4538 1754 4608 :qui
1778 4553 1911 4594 sane
1940 4538 2091 4595 Ana-
2124 4501 2166 4557 Β
2195 4531 2334 4588 illud
2367 4532 2583 4588 scilicet
2601 4535 2980 4605 complectens
3017 4535 3226 4604 animo,
3258 4552 3320 4594 se
3359 4539 3405 4594 si
3436 4538 3595 4594 istum
3619 4548 3754 4590 ever-

498 4623 653 4678 stasii
695 4622 926 4680 Sinaitae
957 4625 1353 4694 meminerunt,
1404 4628 1502 4684 sed
1549 4630 1702 4684 nulla
1757 4630 1899 4686 facta
1933 4647 2092 4686 men-
2195 4635 2361 4695 teret,
2408 4627 2566 4682 nullo
2607 4627 2798 4683 labore
2827 4627 3109 4708 civitatem
3155 4637 3329 4686 totam
3359 4636 3750 4701 occupaturum.

499 4715 648 4772 tione
672 4714 985 4774 Antiochiae
999 4720 1492 4791 autepiscopatus.
1514 4721 1665 4778 idem
1695 4722 1844 4780 inter
1868 4732 2094 4781 sanctos
2196 4731 2351 4776 recta
2397 4718 2526 4776 ﬁdei
2570 4719 2831 4791 dogmata
2881 4721 3236 4778 redacturum
3271 4734 3527 4794 tanquam
3567 4720 3619 4774 in
3650 4731 3753 4773 sel"

495 4809 688 4864 Patres
723 4818 1050 4867 recensetur
1082 4810 1141 4866 in
1173 4811 1386 4884 synodo
1415 4812 1636 4870 Nicaena
1668 4830 1705 4870 ιι
1728 4855 1742 4880 ,
1783 4824 1842 4870 et
1888 4816 2094 4886 passim
2195 4813 2452 4877 vitutem,
2505 4821 2564 4866 et
2595 4827 2730 4868 oves
2757 4812 2965 4868 Christi
3017 4813 3263 4886 denique
3295 4815 3538 4885 captivas
3581 4809 3643 4866 ab
3668 4807 3753 4863 Ec-

494 4897 552 4956 in
601 4900 780 4957 titulis
827 4901 1070 4974 praeﬁxis
1110 4911 1240 4960 ante
1275 4905 1398 4976 ejus
1431 4920 1602 4976 opera
1636 4905 1778 4961 infra
1829 4907 2090 4964 indicata.
2195 4905 2365 4960 clesia
2399 4904 2794 4960 abducturum.
2839 4905 3045 4961 Verum
3094 4906 3422 4964 Anastasius
3473 4905 3550 4962 sic
3588 4900 3749 4957 divina

499 4992 675 5065 llujus
703 4995 972 5065 temporis
994 4997 1236 5068 scriptor
1261 4997 1365 5052 fuit
1390 4998 1661 5071 Evagrius
1689 4999 2088 5068 Scholasticus,
2195 4996 2433 5067 quadam
2471 4995 2641 5050 animi
2691 4996 3028 5053 celsitudine
3072 4998 3255 5055 elatus
3283 4997 3388 5054 fuit
3418 4997 3560 5067 (nam
3606 5001 3748 5058 5"?"

497 5087 592 5158 qui
649 5086 686 5142 l.
737 5102 791 5143 tv
819 5087 1074 5146 Historia:
1124 5088 1535 5158 Ecclesiastt'cw,
1568 5108 1689 5162 cap.
1729 5093 1818 5159 58,
1866 5087 2089 5162 asserit,
2195 5088 2410 5144 ﬁrmam
2451 5087 2580 5143 ﬁdei
2636 5096 2852 5159 petram
2890 5089 3166 5161 constitit)
3216 5100 3278 5146 ut
3330 5087 3631 5146 Iustiniano
3663 5092 3748 5150 Ρθτ

497 5193 626 5252 post
657 5183 993 5241 Domninum
1023 5187 1349 5257 episcopum
1383 5187 1863 5258 Theopolitarum,
1897 5189 1953 5244 id
2005 5196 2092 5245 est
2193 5183 2410 5238 litteras
2463 5197 2594 5238 suas
2654 5181 2832 5238 libere
2881 5191 2938 5238 et
2974 5192 3166 5254 aperte
3205 5181 3620 5241 contradiceret,
3647 5182 3745 5228 tum

497 5275 997 5342 Antiochenorum,
1041 5287 1294 5334 creatum
1346 5279 1722 5348 Anastasium,
1777 5288 1834 5335 et
1869 5296 1990 5352 cap.
2024 5281 2094 5337 39
2194 5275 2489 5348 perspicue
2505 5274 2827 5342 admodum,
2850 5283 2970 5331 tum
2993 5276 3202 5332 diserte
3218 5275 3531 5338 ostendens,
3553 5268 3745 5325 divinos

499 5362 622 5432 ejus
648 5363 834 5420 studia
869 5375 927 5422 et
967 5381 1059 5422 res
1108 5376 1293 5440 gestas
1329 5371 1561 5440 exponit
1595 5371 1683 5426 his
1711 5371 1922 5428 verbis.
2193 5367 2476 5440 apostolos
2525 5373 2584 5421 et
2617 5373 2844 5422 sanctos
2875 5364 3071 5422 Patres
3116 5365 3401 5422 confessos
3452 5377 3569 5420 esse
3599 5366 3743 5425 θιίιιιθ

453 5461 460 5485 ³
578 5474 598 5508 ι
631 5455 960 5515 Anastasius
1003 5459 1091 5514 vir
1119 5469 1240 5516 erat
1267 5475 1394 5516 cum
1429 5461 1486 5518 in
1531 5478 1817 5519 sacrarum
1848 5464 2091 5520 Littera-
2193 5461 2334 5516 adeo
2384 5457 2702 5525 tradidisse,
2751 5473 2970 5529 corpus
3009 5459 3230 5515 Domini
3279 5452 3629 5514 internecioni
3654 5447 3741 5502 ob-

424 5540 464 5623 ‘-_
499 5562 624 5602 rum
665 5547 984 5619 cognitione
1008 5551 1258 5621 apprime
1291 5553 1557 5618 disertus,
1599 5564 1718 5610 tum
1753 5555 1810 5611 in
1841 5557 2094 5613 moribus
2194 5552 2424 5608 noxium
2455 5540 2648 5618 fuisSe,
2679 5558 2737 5607 et
2762 5551 3122 5607 aﬂ'ectionum
3171 5567 3295 5623 qua:
3331 5556 3456 5606 sunt
3483 5553 3664 5603 natura
3690 5538 3735 5592 in

452 5617 565 5700 iac
599 5649 713 5698 tota
742 5617 892 5700 “vitae
954 5644 1169 5700 ratione
1220 5645 1362 5702 adeo
1411 5647 1749 5718 exquisitus,
1802 5649 2090 5704 utetiam
2193 5645 2398 5702 animis
2441 5646 2743 5717 impressae,
2801 5660 3036 5716 quaeque
3076 5643 3504 5738 reprehensione
3544 5637 3734 5738 Ξαξεῐιξς

501 5752 687 5793 rerum
716 5736 1088 5793 levicularum
1121 5754 1377 5810 magnam
1404 5755 1594 5795 curam
1621 5740 1878 5806 haberet,
1909 5757 2091 5812 neque
2194 5739 2491 5810 particeps.
2539 5737 2749 5793 Eodem
2797 5736 2964 5793 modo
3008 5735 3180 5792 etiam
3216 5733 3513 5828 monachis
3543 5727 3734 5828 Μξξῗτίξ

501 5829 557 5886 in
605 5829 716 5886 illis
748 5846 780 5886 a
831 5831 1111 5887 constanti
1151 5841 1208 5888 et
1239 5833 1424 5890 stabili
1475 5834 1644 5890 animi
1676 5834 1762 5890 sui
1805 5837 2092 5906 proposito
2121 5853 2166 5915 ρ
2197 5841 2254 5890 et
2302 5831 2531 5888 Minoris
2589 5829 2780 5903 Syriae,
2827 5834 2950 5905 ejus
2998 5834 3066 5890 de
3102 5833 3207 5890 hac
3259 5845 3316 5886 re
3363 5814 3731 5926 sciscitatlliilljf

501 5925 768 5985 decedere
799 5925 986 5992 vellet,
1018 5926 1224 5986 nedum
1265 5925 1322 5984 in
1352 5927 1521 5985 rebus
1559 5929 1784 5986 maximi
1815 5929 2080 5986 momenti
2191 5924 2551 5997 sententiam,
2577 5925 2943 5997 respondens,
2970 5927 3222 5985 omnium
3253 5920 3579 5982 conﬁrmavit
3603 5920 3734 5967 men'
