  <div class='ocr_page' id='page_1' title='image "/cluster/home/n/w/nwhite01/storage/ocr_20150623/89/coo.31924054869932/666.png"; bbox 0 0 4098 6454; ppageno 0'>
   <div class='ocr_carea' id='block_1_1' title="bbox 422 390 554 456">
    <p class='ocr_par' dir='ltr' id='par_1_1' title="bbox 422 390 554 456">
     <span class='ocr_line' id='line_1_1' title="bbox 422 390 554 456; baseline -0.015 0"><span class='ocrx_word' id='word_1_1' title='bbox 422 390 554 456; x_wconf 87' lang='grc'><strong>1301</strong></span> 
     </span>
    </p>
   </div>
   <div class='ocr_carea' id='block_1_2' title="bbox 1950 386 2152 448">
    <p class='ocr_par' dir='ltr' id='par_1_2' title="bbox 1950 386 2152 448">
     <span class='ocr_line' id='line_1_2' title="bbox 1950 386 2152 448; baseline -0.015 0"><span class='ocrx_word' id='word_1_2' title='bbox 1950 386 2152 448; x_wconf 77' lang='grc' dir='ltr'><strong>νιΤΑ.</strong></span> 
     </span>
    </p>
   </div>
   <div class='ocr_carea' id='block_1_3' title="bbox 3549 377 3694 444">
    <p class='ocr_par' dir='ltr' id='par_1_3' title="bbox 3549 377 3694 444">
     <span class='ocr_line' id='line_1_3' title="bbox 3549 377 3694 444; baseline -0.034 0"><span class='ocrx_word' id='word_1_3' title='bbox 3549 377 3694 444; x_wconf 64' lang='grc' dir='ltr'><strong>Ῑ3ΟΞ</strong></span> 
     </span>
    </p>
   </div>
   <div class='ocr_carea' id='block_1_4' title="bbox 417 496 3702 578">
    <p class='ocr_par' dir='ltr' id='par_1_4' title="bbox 417 496 3702 578">
     <span class='ocr_line' id='line_1_4' title="bbox 417 496 3702 578; baseline -0.004 -14"><span class='ocrx_word' id='word_1_4' title='bbox 417 517 522 572; x_wconf 90' lang='lat' dir='ltr'><strong>tes,</strong></span> <span class='ocrx_word' id='word_1_5' title='bbox 564 517 730 578; x_wconf 88' lang='lat' dir='ltr'><strong>atque</strong></span> <span class='ocrx_word' id='word_1_6' title='bbox 788 509 857 564; x_wconf 83' lang='lat' dir='ltr'><strong>ad</strong></span> <span class='ocrx_word' id='word_1_7' title='bbox 904 517 1188 568; x_wconf 72' lang='lat' dir='ltr'><strong>certamen</strong></span> <span class='ocrx_word' id='word_1_8' title='bbox 1258 505 1565 568; x_wconf 88' lang='lat' dir='ltr'><strong>ineundum</strong></span> <span class='ocrx_word' id='word_1_9' title='bbox 1626 500 1958 573; x_wconf 65' lang='lat' dir='ltr'><strong>praeparavit</strong></span> <span class='ocrx_word' id='word_1_10' title='bbox 1993 517 2007 554; x_wconf 87' lang='lat'>:</span> <span class='ocrx_word' id='word_1_11' title='bbox 2041 506 2084 560; x_wconf 83' lang='grc' dir='ltr'>Α</span> <span class='ocrx_word' id='word_1_12' title='bbox 2114 500 2380 573; x_wconf 79' lang='lat' dir='ltr'><strong>Gregorio</strong></span> <span class='ocrx_word' id='word_1_13' title='bbox 2416 499 2788 566; x_wconf 81' lang='lat' dir='ltr'><strong>Antiocheuo,</strong></span> <span class='ocrx_word' id='word_1_14' title='bbox 2833 498 3031 556; x_wconf 86' lang='lat' dir='ltr'><strong>Ioanni</strong></span> <span class='ocrx_word' id='word_1_15' title='bbox 3084 496 3607 569; x_wconf 78' lang='lat' dir='ltr'><strong>Hierosolymitano,</strong></span> <span class='ocrx_word' id='word_1_16' title='bbox 3643 504 3702 552; x_wconf 86' lang='lat' dir='ltr'><strong>et</strong></span> 
     </span>
    </p>
   </div>
   <div class='ocr_carea' id='block_1_5' title="bbox 418 591 2012 671">
    <p class='ocr_par' dir='ltr' id='par_1_5' title="bbox 418 591 2012 671">
     <span class='ocr_line' id='line_1_5' title="bbox 418 591 2012 671; baseline -0.004 -20"><span class='ocrx_word' id='word_1_17' title='bbox 418 598 474 654; x_wconf 92' lang='lat' dir='ltr'><strong>in</strong></span> <span class='ocrx_word' id='word_1_18' title='bbox 516 599 765 662; x_wconf 72' lang='lat' dir='ltr'><strong>Ecclesia</strong></span> <span class='ocrx_word' id='word_1_19' title='bbox 811 600 1052 671; x_wconf 91' lang='lat' dir='ltr'><strong>denique</strong></span> <span class='ocrx_word' id='word_1_20' title='bbox 1085 601 1358 656; x_wconf 69' lang='lat' dir='ltr'><strong>lectitarit</strong></span> <span class='ocrx_word' id='word_1_21' title='bbox 1385 594 1640 667; x_wconf 89' lang='lat' dir='ltr'><strong>quotidie</strong></span> <span class='ocrx_word' id='word_1_22' title='bbox 1671 594 1822 648; x_wconf 82' lang='lat' dir='ltr'><strong>illam</strong></span> <span class='ocrx_word' id='word_1_23' title='bbox 1858 591 2012 648; x_wconf 82' lang='lat' dir='ltr'><strong>Pauli</strong></span> 
     </span>
    </p>
   </div>
   <div class='ocr_carea' id='block_1_6' title="bbox 415 685 2016 760">
    <p class='ocr_par' dir='ltr' id='par_1_6' title="bbox 415 685 2016 760">
     <span class='ocr_line' id='line_1_6' title="bbox 415 685 2016 760; baseline -0.006 -15"><span class='ocrx_word' id='word_1_24' title='bbox 415 690 563 745; x_wconf 89' lang='lat' dir='ltr'><strong>vasis</strong></span> <span class='ocrx_word' id='word_1_25' title='bbox 603 691 900 747; x_wconf 77' lang='lat' dir='ltr'><strong>electionis</strong></span> <span class='ocrx_word' id='word_1_26' title='bbox 952 692 1284 746; x_wconf 90' lang='lat' dir='ltr'><strong>sententiam</strong></span> <span class='ocrx_word' id='word_1_27' title='bbox 1327 708 1340 744; x_wconf 87' lang='lat'><strong>:</strong></span> <span class='ocrx_word' id='word_1_28' title='bbox 1380 688 1435 743; x_wconf 89' lang='lat' dir='ltr'><strong>Si</strong></span> <span class='ocrx_word' id='word_1_29' title='bbox 1469 689 1586 760; x_wconf 77' lang='lat' dir='ltr'><strong>quis</strong></span> <span class='ocrx_word' id='word_1_30' title='bbox 1616 685 1757 740; x_wconf 82' lang='lat' dir='ltr'><strong>vobis</strong></span> <span class='ocrx_word' id='word_1_31' title='bbox 1791 700 2016 754; x_wconf 84' lang='lat' dir='ltr'><strong>evange-</strong></span> 
     </span>
    </p>
   </div>
   <div class='ocr_carea' id='block_1_7' title="bbox 418 773 2014 855">
    <p class='ocr_par' dir='ltr' id='par_1_7' title="bbox 418 773 2014 855">
     <span class='ocr_line' id='line_1_7' title="bbox 418 773 2014 855; baseline -0.007 -18"><span class='ocrx_word' id='word_1_32' title='bbox 418 781 659 837; x_wconf 77' lang='lat' dir='ltr'><strong>lizaoerit</strong></span> <span class='ocrx_word' id='word_1_33' title='bbox 698 792 893 855; x_wconf 69' lang='lat' dir='ltr'><strong>pra&#39;ter</strong></span> <span class='ocrx_word' id='word_1_34' title='bbox 935 783 990 844; x_wconf 81' lang='lat' dir='ltr'><strong>id</strong></span> <span class='ocrx_word' id='word_1_35' title='bbox 1024 784 1163 855; x_wconf 84' lang='lat' dir='ltr'><strong>quod</strong></span> <span class='ocrx_word' id='word_1_36' title='bbox 1197 781 1492 852; x_wconf 82' lang='lat' dir='ltr'><strong>accepistis,</strong></span> <span class='ocrx_word' id='word_1_37' title='bbox 1542 777 1752 832; x_wconf 84' lang='lat' dir='ltr'><strong>etiamsi</strong></span> <span class='ocrx_word' id='word_1_38' title='bbox 1794 773 2014 844; x_wconf 80' lang='lat' dir='ltr'><strong>angelus</strong></span> 
     </span>
    </p>
   </div>
   <div class='ocr_carea' id='block_1_8' title="bbox 416 866 2016 942">
    <p class='ocr_par' dir='ltr' id='par_1_8' title="bbox 416 866 2016 942">
     <span class='ocr_line' id='line_1_8' title="bbox 416 866 2016 942; baseline -0.006 -13"><span class='ocrx_word' id='word_1_39' title='bbox 416 877 482 930; x_wconf 82' lang='lat' dir='ltr'><strong>de</strong></span> <span class='ocrx_word' id='word_1_40' title='bbox 506 875 632 930; x_wconf 68' lang='lat' dir='ltr'><strong>caelo</strong></span> <span class='ocrx_word' id='word_1_41' title='bbox 678 877 768 942; x_wconf 84' lang='lat' dir='ltr'><strong>sit,</strong></span> <span class='ocrx_word' id='word_1_42' title='bbox 804 877 1092 930; x_wconf 78' lang='lat' dir='ltr'><strong>anathema</strong></span> <span class='ocrx_word' id='word_1_43' title='bbox 1145 883 1252 929; x_wconf 82' lang='lat' dir='ltr'><strong>esto</strong></span> <span class='ocrx_word' id='word_1_44' title='bbox 1288 873 1494 934; x_wconf 82' lang='lat' dir='ltr'><strong>(Galal.</strong></span> <span class='ocrx_word' id='word_1_45' title='bbox 1547 887 1587 934; x_wconf 80' lang='grc' dir='ltr'>ι,</span> <span class='ocrx_word' id='word_1_46' title='bbox 1645 869 1756 938; x_wconf 74' lang='grc'><strong>19).</strong></span> <span class='ocrx_word' id='word_1_47' title='bbox 1802 866 2016 934; x_wconf 84' lang='lat' dir='ltr'><strong>Quibus</strong></span> 
     </span>
    </p>
   </div>
   <div class='ocr_carea' id='block_1_9' title="bbox 417 960 2016 1039">
    <p class='ocr_par' dir='ltr' id='par_1_9' title="bbox 417 960 2016 1039">
     <span class='ocr_line' id='line_1_9' title="bbox 417 960 2016 1039; baseline -0.008 -13"><span class='ocrx_word' id='word_1_48' title='bbox 417 985 631 1033; x_wconf 89' lang='lat' dir='ltr'><strong>omnes,</strong></span> <span class='ocrx_word' id='word_1_49' title='bbox 681 968 876 1039; x_wconf 87' lang='lat' dir='ltr'><strong>paucis</strong></span> <span class='ocrx_word' id='word_1_50' title='bbox 932 968 1204 1038; x_wconf 76' lang='lat' dir='ltr'><strong>exceptis,</strong></span> <span class='ocrx_word' id='word_1_51' title='bbox 1263 965 1499 1030; x_wconf 88' lang='lat' dir='ltr'><strong>assensi,</strong></span> <span class='ocrx_word' id='word_1_52' title='bbox 1542 962 1724 1018; x_wconf 88' lang='lat' dir='ltr'><strong>simile</strong></span> <span class='ocrx_word' id='word_1_53' title='bbox 1769 960 2016 1016; x_wconf 89' lang='lat' dir='ltr'><strong>studium</strong></span> 
     </span>
    </p>
   </div>
   <div class='ocr_carea' id='block_1_10' title="bbox 419 1057 1539 1130">
    <p class='ocr_par' dir='ltr' id='par_1_10' title="bbox 419 1057 1539 1130">
     <span class='ocr_line' id='line_1_10' title="bbox 419 1057 1539 1130; baseline -0.004 -15"><span class='ocrx_word' id='word_1_54' title='bbox 419 1074 547 1130; x_wconf 85' lang='lat' dir='ltr'><strong>erga</strong></span> <span class='ocrx_word' id='word_1_55' title='bbox 583 1059 714 1114; x_wconf 89' lang='lat' dir='ltr'><strong>ﬁdei</strong></span> <span class='ocrx_word' id='word_1_56' title='bbox 747 1058 1127 1114; x_wconf 86' lang='lat' dir='ltr'><strong>defensionem</strong></span> <span class='ocrx_word' id='word_1_57' title='bbox 1147 1057 1539 1112; x_wconf 83' lang='lat' dir='ltr'><strong>declararunt.</strong></span> 
     </span>
    </p>
   </div>
   <div class='ocr_carea' id='block_1_11' title="bbox 499 1145 2016 1222">
    <p class='ocr_par' dir='ltr' id='par_1_11' title="bbox 499 1145 2016 1222">
     <span class='ocr_line' id='line_1_11' title="bbox 499 1145 2016 1222; baseline -0.003 -18"><span class='ocrx_word' id='word_1_58' title='bbox 499 1170 518 1203; x_wconf 75' lang='grc' dir='ltr'>ι</span> <span class='ocrx_word' id='word_1_59' title='bbox 543 1152 694 1206; x_wconf 90' lang='lat' dir='ltr'><strong>ldem</strong></span> <span class='ocrx_word' id='word_1_60' title='bbox 715 1167 884 1222; x_wconf 92' lang='lat' dir='ltr'><strong>porro</strong></span> <span class='ocrx_word' id='word_1_61' title='bbox 905 1151 1230 1206; x_wconf 76' lang='lat' dir='ltr'><strong>Anastasius</strong></span> <span class='ocrx_word' id='word_1_62' title='bbox 1251 1165 1376 1206; x_wconf 91' lang='lat' dir='ltr'><strong>cum</strong></span> <span class='ocrx_word' id='word_1_63' title='bbox 1396 1146 1726 1219; x_wconf 82' lang='lat' dir='ltr'><strong>accepisset,</strong></span> <span class='ocrx_word' id='word_1_64' title='bbox 1748 1145 2016 1203; x_wconf 87' lang='lat' dir='ltr'><strong>Iustinia-</strong></span> 
     </span>
    </p>
   </div>
   <div class='ocr_carea' id='block_1_12' title="bbox 417 1239 2022 1310">
    <p class='ocr_par' dir='ltr' id='par_1_12' title="bbox 417 1239 2022 1310">
     <span class='ocr_line' id='line_1_12' title="bbox 417 1239 2022 1310; baseline -0.004 -9"><span class='ocrx_word' id='word_1_65' title='bbox 417 1261 552 1301; x_wconf 91' lang='lat' dir='ltr'><strong>num</strong></span> <span class='ocrx_word' id='word_1_66' title='bbox 585 1245 725 1300; x_wconf 86' lang='lat' dir='ltr'><strong>velle</strong></span> <span class='ocrx_word' id='word_1_67' title='bbox 751 1245 931 1309; x_wconf 89' lang='lat' dir='ltr'><strong>ipsum</strong></span> <span class='ocrx_word' id='word_1_68' title='bbox 953 1243 1006 1298; x_wconf 94' lang='lat' dir='ltr'><strong>in</strong></span> <span class='ocrx_word' id='word_1_69' title='bbox 1026 1245 1285 1299; x_wconf 84' lang='lat' dir='ltr'><strong>exsilium</strong></span> <span class='ocrx_word' id='word_1_70' title='bbox 1311 1243 1555 1309; x_wconf 76' lang='lat' dir='ltr'><strong>mittere,</strong></span> <span class='ocrx_word' id='word_1_71' title='bbox 1579 1241 1801 1310; x_wconf 90' lang='lat' dir='ltr'><strong>scripsit</strong></span> <span class='ocrx_word' id='word_1_72' title='bbox 1822 1239 1889 1294; x_wconf 89' lang='lat' dir='ltr'><strong>ad</strong></span> <span class='ocrx_word' id='word_1_73' title='bbox 1908 1241 2022 1295; x_wconf 83' lang='lat' dir='ltr'><strong>An-</strong></span> 
     </span>
    </p>
   </div>
   <div class='ocr_carea' id='block_1_13' title="bbox 423 1330 2020 1403">
    <p class='ocr_par' dir='ltr' id='par_1_13' title="bbox 423 1330 2020 1403">
     <span class='ocr_line' id='line_1_13' title="bbox 423 1330 2020 1403; baseline -0.003 -15"><span class='ocrx_word' id='word_1_74' title='bbox 423 1334 716 1389; x_wconf 89' lang='lat' dir='ltr'><strong>tiochcnos</strong></span> <span class='ocrx_word' id='word_1_75' title='bbox 733 1334 1068 1395; x_wconf 85' lang='lat' dir='ltr'><strong>orationem,</strong></span> <span class='ocrx_word' id='word_1_76' title='bbox 1097 1349 1206 1403; x_wconf 89' lang='lat' dir='ltr'><strong>qua</strong></span> <span class='ocrx_word' id='word_1_77' title='bbox 1227 1349 1421 1389; x_wconf 91' lang='lat' dir='ltr'><strong>eorum</strong></span> <span class='ocrx_word' id='word_1_78' title='bbox 1439 1333 1654 1387; x_wconf 90' lang='lat' dir='ltr'><strong>animos</strong></span> <span class='ocrx_word' id='word_1_79' title='bbox 1673 1332 1728 1385; x_wconf 88' lang='lat' dir='ltr'><strong>in</strong></span> <span class='ocrx_word' id='word_1_80' title='bbox 1757 1330 1864 1385; x_wconf 91' lang='lat' dir='ltr'><strong>ﬁde</strong></span> <span class='ocrx_word' id='word_1_81' title='bbox 1886 1344 2020 1386; x_wconf 90' lang='lat' dir='ltr'><strong>con-</strong></span> 
     </span>
    </p>
   </div>
   <div class='ocr_carea' id='block_1_14' title="bbox 420 1423 2017 1495">
    <p class='ocr_par' dir='ltr' id='par_1_14' title="bbox 420 1423 2017 1495">
     <span class='ocr_line' id='line_1_14' title="bbox 420 1423 2017 1495; baseline -0.004 -13"><span class='ocrx_word' id='word_1_82' title='bbox 420 1425 718 1482; x_wconf 88' lang='lat' dir='ltr'><strong>ﬁrmaret:</strong></span> <span class='ocrx_word' id='word_1_83' title='bbox 753 1441 876 1495; x_wconf 85' lang='lat' dir='ltr'><strong>quae</strong></span> <span class='ocrx_word' id='word_1_84' title='bbox 916 1433 1032 1479; x_wconf 91' lang='lat' dir='ltr'><strong>tum</strong></span> <span class='ocrx_word' id='word_1_85' title='bbox 1073 1426 1145 1480; x_wconf 94' lang='lat' dir='ltr'><strong>ob</strong></span> <span class='ocrx_word' id='word_1_86' title='bbox 1186 1424 1463 1481; x_wconf 88' lang='lat' dir='ltr'><strong>sermonis</strong></span> <span class='ocrx_word' id='word_1_87' title='bbox 1503 1423 1856 1494; x_wconf 84' lang='lat' dir='ltr'><strong>elegantiam,</strong></span> <span class='ocrx_word' id='word_1_88' title='bbox 1900 1430 2017 1476; x_wconf 89' lang='lat' dir='ltr'><strong>tum</strong></span> 
     </span>
    </p>
   </div>
   <div class='ocr_carea' id='block_1_15' title="bbox 416 1511 2013 1579">
    <p class='ocr_par' dir='ltr' id='par_1_15' title="bbox 416 1511 2013 1579">
     <span class='ocr_line' id='line_1_15' title="bbox 416 1511 2013 1579; baseline -0.006 -7"><span class='ocrx_word' id='word_1_89' title='bbox 416 1516 491 1572; x_wconf 92' lang='lat' dir='ltr'><strong>ob</strong></span> <span class='ocrx_word' id='word_1_90' title='bbox 514 1514 872 1570; x_wconf 88' lang='lat' dir='ltr'><strong>crebritatem</strong></span> <span class='ocrx_word' id='word_1_91' title='bbox 891 1515 1314 1579; x_wconf 89' lang='lat' dir='ltr'><strong>sententiarum,</strong></span> <span class='ocrx_word' id='word_1_92' title='bbox 1339 1521 1454 1568; x_wconf 91' lang='lat' dir='ltr'><strong>tum</strong></span> <span class='ocrx_word' id='word_1_93' title='bbox 1472 1512 1544 1567; x_wconf 91' lang='lat' dir='ltr'><strong>ob</strong></span> <span class='ocrx_word' id='word_1_94' title='bbox 1562 1511 2013 1567; x_wconf 90' lang='lat' dir='ltr'><strong>testimoniorum</strong></span> 
     </span>
    </p>
   </div>
   <div class='ocr_carea' id='block_1_16' title="bbox 417 1602 2020 1676">
    <p class='ocr_par' dir='ltr' id='par_1_16' title="bbox 417 1602 2020 1676">
     <span class='ocr_line' id='line_1_16' title="bbox 417 1602 2020 1676; baseline -0.002 -16"><span class='ocrx_word' id='word_1_95' title='bbox 417 1619 450 1660; x_wconf 89' lang='lat' dir='ltr'><strong>e</strong></span> <span class='ocrx_word' id='word_1_96' title='bbox 470 1605 643 1660; x_wconf 89' lang='lat' dir='ltr'><strong>sacris</strong></span> <span class='ocrx_word' id='word_1_97' title='bbox 666 1605 890 1662; x_wconf 88' lang='lat' dir='ltr'><strong>Litteris</strong></span> <span class='ocrx_word' id='word_1_98' title='bbox 907 1606 1207 1676; x_wconf 86' lang='lat' dir='ltr'><strong>petitorum</strong></span> <span class='ocrx_word' id='word_1_99' title='bbox 1222 1605 1616 1675; x_wconf 84' lang='lat' dir='ltr'><strong>frequentiam,</strong></span> <span class='ocrx_word' id='word_1_100' title='bbox 1646 1613 1760 1659; x_wconf 91' lang='lat' dir='ltr'><strong>tum</strong></span> <span class='ocrx_word' id='word_1_101' title='bbox 1779 1602 2020 1672; x_wconf 89' lang='lat' dir='ltr'><strong>denique</strong></span> 
     </span>
    </p>
   </div>
   <div class='ocr_carea' id='block_1_17' title="bbox 418 1697 2063 1768">
    <p class='ocr_par' dir='ltr' id='par_1_17' title="bbox 418 1697 2063 1768">
     <span class='ocr_line' id='line_1_17' title="bbox 418 1697 2063 1768; baseline -0.005 -12"><span class='ocrx_word' id='word_1_102' title='bbox 418 1698 490 1756; x_wconf 88' lang='lat' dir='ltr'><strong>ob</strong></span> <span class='ocrx_word' id='word_1_103' title='bbox 516 1697 828 1762; x_wconf 88' lang='lat' dir='ltr'><strong>historiam,</strong></span> <span class='ocrx_word' id='word_1_104' title='bbox 853 1714 974 1768; x_wconf 70' lang='lat' dir='ltr'><strong>quae</strong></span> <span class='ocrx_word' id='word_1_105' title='bbox 1007 1708 1115 1754; x_wconf 91' lang='lat' dir='ltr'><strong>tam</strong></span> <span class='ocrx_word' id='word_1_106' title='bbox 1149 1697 1440 1753; x_wconf 89' lang='lat' dir='ltr'><strong>commode</strong></span> <span class='ocrx_word' id='word_1_107' title='bbox 1471 1697 1526 1751; x_wconf 91' lang='lat' dir='ltr'><strong>in</strong></span> <span class='ocrx_word' id='word_1_108' title='bbox 1556 1712 1621 1752; x_wconf 91' lang='lat' dir='ltr'><strong>ea</strong></span> <span class='ocrx_word' id='word_1_109' title='bbox 1658 1702 1882 1751; x_wconf 91' lang='lat' dir='ltr'><strong>narrata</strong></span> <span class='ocrx_word' id='word_1_110' title='bbox 1911 1701 2019 1758; x_wconf 89' lang='lat' dir='ltr'><strong>est,</strong></span> <span class='ocrx_word' id='word_1_111' title='bbox 2060 1724 2063 1726; x_wconf 95' lang='lat'><em>-</em></span> 
     </span>
    </p>
   </div>
   <div class='ocr_carea' id='block_1_18' title="bbox 419 1787 2019 1861">
    <p class='ocr_par' dir='ltr' id='par_1_18' title="bbox 419 1787 2019 1861">
     <span class='ocr_line' id='line_1_18' title="bbox 419 1787 2019 1861; baseline -0.001 -18"><span class='ocrx_word' id='word_1_112' title='bbox 419 1790 630 1858; x_wconf 90' lang='lat' dir='ltr'><strong>optimo</strong></span> <span class='ocrx_word' id='word_1_113' title='bbox 647 1790 774 1860; x_wconf 90' lang='lat' dir='ltr'><strong>jure</strong></span> <span class='ocrx_word' id='word_1_114' title='bbox 805 1805 936 1845; x_wconf 88' lang='lat' dir='ltr'><strong>sane</strong></span> <span class='ocrx_word' id='word_1_115' title='bbox 968 1789 1521 1861; x_wconf 86' lang='lat' dir='ltr'><strong>permagnifacienda</strong></span> <span class='ocrx_word' id='word_1_116' title='bbox 1545 1797 1651 1844; x_wconf 91' lang='lat' dir='ltr'><strong>est.</strong></span> <span class='ocrx_word' id='word_1_117' title='bbox 1669 1788 1871 1844; x_wconf 87' lang='lat' dir='ltr'><strong>Verum</strong></span> <span class='ocrx_word' id='word_1_118' title='bbox 1893 1787 2019 1842; x_wconf 87' lang='lat' dir='ltr'><strong>Ius-</strong></span> 
     </span>
    </p>
   </div>
   <div class='ocr_carea' id='block_1_19' title="bbox 2117 589 3698 663">
    <p class='ocr_par' dir='ltr' id='par_1_19' title="bbox 2117 589 3698 663">
     <span class='ocr_line' id='line_1_19' title="bbox 2117 589 3698 663; baseline -0.001 -16"><span class='ocrx_word' id='word_1_119' title='bbox 2117 593 2410 648; x_wconf 87' lang='lat' dir='ltr'><strong>Anastasio</strong></span> <span class='ocrx_word' id='word_1_120' title='bbox 2461 593 2790 663; x_wconf 61' lang='lat' dir='ltr'><strong>patriarchae</strong></span> <span class='ocrx_word' id='word_1_121' title='bbox 2841 591 3208 654; x_wconf 81' lang='lat' dir='ltr'><strong>Antiocheno,</strong></span> <span class='ocrx_word' id='word_1_122' title='bbox 3242 608 3260 640; x_wconf 73' lang='grc' dir='ltr'><strong><em>ι</em></strong></span> <span class='ocrx_word' id='word_1_123' title='bbox 3304 589 3485 652; x_wconf 84' lang='lat' dir='ltr'><strong>adhuc</strong></span> <span class='ocrx_word' id='word_1_124' title='bbox 3511 603 3541 643; x_wconf 90' lang='lat' dir='ltr'><strong>a</strong></span> <span class='ocrx_word' id='word_1_125' title='bbox 3567 589 3698 646; x_wconf 80' lang='lat' dir='ltr'><strong>sedc</strong></span> 
     </span>
    </p>
   </div>
   <div class='ocr_carea' id='block_1_20' title="bbox 2116 681 3698 756">
    <p class='ocr_par' dir='ltr' id='par_1_20' title="bbox 2116 681 3698 756">
     <span class='ocr_line' id='line_1_20' title="bbox 2116 681 3698 756; baseline -0.003 -16"><span class='ocrx_word' id='word_1_126' title='bbox 2116 685 2348 756; x_wconf 90' lang='lat' dir='ltr'><strong>depulso</strong></span> <span class='ocrx_word' id='word_1_127' title='bbox 2374 686 2495 741; x_wconf 89' lang='lat' dir='ltr'><strong>:cui</strong></span> <span class='ocrx_word' id='word_1_128' title='bbox 2521 685 2752 746; x_wconf 89' lang='lat' dir='ltr'><strong>seorsim</strong></span> <span class='ocrx_word' id='word_1_129' title='bbox 2776 691 3100 756; x_wconf 89' lang='lat' dir='ltr'><strong>sequentem</strong></span> <span class='ocrx_word' id='word_1_130' title='bbox 3123 682 3409 752; x_wconf 86' lang='lat' dir='ltr'><strong>epistolam</strong></span> <span class='ocrx_word' id='word_1_131' title='bbox 3434 682 3506 737; x_wconf 75' lang='grc'>25</span> <span class='ocrx_word' id='word_1_132' title='bbox 3527 681 3698 748; x_wconf 89' lang='lat' dir='ltr'><strong>misit,</strong></span> 
     </span>
    </p>
   </div>
   <div class='ocr_carea' id='block_1_21' title="bbox 2116 774 3707 854">
    <p class='ocr_par' dir='ltr' id='par_1_21' title="bbox 2116 774 3707 854">
     <span class='ocr_line' id='line_1_21' title="bbox 2116 774 3707 854; baseline -0.003 -21"><span class='ocrx_word' id='word_1_133' title='bbox 2116 785 2173 833; x_wconf 87' lang='lat' dir='ltr'><strong>et</strong></span> <span class='ocrx_word' id='word_1_134' title='bbox 2199 779 2254 832; x_wconf 93' lang='lat' dir='ltr'><strong>in</strong></span> <span class='ocrx_word' id='word_1_135' title='bbox 2284 779 2374 833; x_wconf 89' lang='lat' dir='ltr'><strong>his</strong></span> <span class='ocrx_word' id='word_1_136' title='bbox 2403 779 2517 854; x_wconf 87' lang='lat' dir='ltr'><strong>agit</strong></span> <span class='ocrx_word' id='word_1_137' title='bbox 2565 779 2634 834; x_wconf 92' lang='lat' dir='ltr'><strong>de</strong></span> <span class='ocrx_word' id='word_1_138' title='bbox 2672 793 2842 836; x_wconf 86' lang='lat' dir='ltr'><strong>onere</strong></span> <span class='ocrx_word' id='word_1_139' title='bbox 2876 776 3134 848; x_wconf 88' lang='lat' dir='ltr'><strong>pastorali</strong></span> <span class='ocrx_word' id='word_1_140' title='bbox 3164 775 3268 830; x_wconf 84' lang='lat' dir='ltr'><strong>sibi</strong></span> <span class='ocrx_word' id='word_1_141' title='bbox 3322 774 3614 843; x_wconf 84' lang='lat' dir='ltr'><strong>imposito;</strong></span> <span class='ocrx_word' id='word_1_142' title='bbox 3645 782 3707 828; x_wconf 85' lang='lat' dir='ltr'><strong>ct-</strong></span> 
     </span>
    </p>
   </div>
   <div class='ocr_carea' id='block_1_22' title="bbox 2117 863 3700 938">
    <p class='ocr_par' dir='ltr' id='par_1_22' title="bbox 2117 863 3700 938">
     <span class='ocr_line' id='line_1_22' title="bbox 2117 863 3700 938; baseline -0.004 -16"><span class='ocrx_word' id='word_1_143' title='bbox 2117 883 2241 938; x_wconf 90' lang='lat' dir='ltr'><strong>cap.</strong></span> <span class='ocrx_word' id='word_1_144' title='bbox 2299 869 2368 922; x_wconf 74' lang='lat'><strong>27</strong></span> <span class='ocrx_word' id='word_1_145' title='bbox 2411 868 2609 924; x_wconf 86' lang='lat' dir='ltr'><strong>scribit</strong></span> <span class='ocrx_word' id='word_1_146' title='bbox 2675 866 2999 923; x_wconf 88' lang='lat' dir='ltr'><strong>Sebastiano</strong></span> <span class='ocrx_word' id='word_1_147' title='bbox 3053 866 3317 936; x_wconf 87' lang='lat' dir='ltr'><strong>episcopo</strong></span> <span class='ocrx_word' id='word_1_148' title='bbox 3375 863 3700 924; x_wconf 83' lang='lat' dir='ltr'><strong>Risiniensi,</strong></span> 
     </span>
    </p>
   </div>
   <div class='ocr_carea' id='block_1_23' title="bbox 2119 956 3704 1032">
    <p class='ocr_par' dir='ltr' id='par_1_23' title="bbox 2119 956 3704 1032">
     <span class='ocr_line' id='line_1_23' title="bbox 2119 956 3704 1032; baseline -0.001 -18"><span class='ocrx_word' id='word_1_149' title='bbox 2119 960 2376 1016; x_wconf 88' lang='lat' dir='ltr'><strong>indicans</strong></span> <span class='ocrx_word' id='word_1_150' title='bbox 2426 959 2832 1032; x_wconf 74' lang='lat' dir='ltr'><strong>suggestionem</strong></span> <span class='ocrx_word' id='word_1_151' title='bbox 2869 974 2927 1014; x_wconf 91' lang='lat' dir='ltr'><strong>se</strong></span> <span class='ocrx_word' id='word_1_152' title='bbox 2959 957 3104 1028; x_wconf 90' lang='lat' dir='ltr'><strong>apud</strong></span> <span class='ocrx_word' id='word_1_153' title='bbox 3141 957 3417 1028; x_wconf 91' lang='lat' dir='ltr'><strong>piissimos</strong></span> <span class='ocrx_word' id='word_1_154' title='bbox 3447 956 3704 1012; x_wconf 82' lang='lat' dir='ltr'><strong>dominos</strong></span> 
     </span>
    </p>
   </div>
   <div class='ocr_carea' id='block_1_24' title="bbox 2118 1045 3704 1122">
    <p class='ocr_par' dir='ltr' id='par_1_24' title="bbox 2118 1045 3704 1122">
     <span class='ocr_line' id='line_1_24' title="bbox 2118 1045 3704 1122; baseline -0.004 -15"><span class='ocrx_word' id='word_1_155' title='bbox 2118 1053 2348 1107; x_wconf 88' lang='lat' dir='ltr'><strong>summis</strong></span> <span class='ocrx_word' id='word_1_156' title='bbox 2373 1053 2633 1122; x_wconf 89' lang='lat' dir='ltr'><strong>precibus</strong></span> <span class='ocrx_word' id='word_1_157' title='bbox 2680 1052 2900 1122; x_wconf 89' lang='lat' dir='ltr'><strong>plenam</strong></span> <span class='ocrx_word' id='word_1_158' title='bbox 2932 1050 3151 1114; x_wconf 83' lang='lat' dir='ltr'><strong>fecisse,</strong></span> <span class='ocrx_word' id='word_1_159' title='bbox 3198 1055 3259 1101; x_wconf 90' lang='lat' dir='ltr'><strong>ut</strong></span> <span class='ocrx_word' id='word_1_160' title='bbox 3292 1047 3472 1101; x_wconf 80' lang='lat' dir='ltr'><strong>virum</strong></span> <span class='ocrx_word' id='word_1_161' title='bbox 3500 1045 3704 1100; x_wconf 88' lang='lat' dir='ltr'><strong>beatis-</strong></span> 
     </span>
    </p>
   </div>
   <div class='ocr_carea' id='block_1_25' title="bbox 2118 1139 3703 1211">
    <p class='ocr_par' dir='ltr' id='par_1_25' title="bbox 2118 1139 3703 1211">
     <span class='ocr_line' id='line_1_25' title="bbox 2118 1139 3703 1211; baseline -0.004 -13"><span class='ocrx_word' id='word_1_162' title='bbox 2118 1143 2342 1208; x_wconf 88' lang='lat' dir='ltr'><strong>simum,</strong></span> <span class='ocrx_word' id='word_1_163' title='bbox 2389 1145 2676 1199; x_wconf 89' lang='lat' dir='ltr'><strong>dominum</strong></span> <span class='ocrx_word' id='word_1_164' title='bbox 2716 1143 3068 1198; x_wconf 87' lang='lat' dir='ltr'><strong>Anastasium</strong></span> <span class='ocrx_word' id='word_1_165' title='bbox 3121 1139 3517 1211; x_wconf 89' lang='lat' dir='ltr'><strong>patriarcham,</strong></span> <span class='ocrx_word' id='word_1_166' title='bbox 3564 1153 3703 1192; x_wconf 51' lang='lat' dir='ltr'><strong>conv</strong></span> 
     </span>
    </p>
   </div>
   <div class='ocr_carea' id='block_1_26' title="bbox 2119 1229 3674 1306">
    <p class='ocr_par' dir='ltr' id='par_1_26' title="bbox 2119 1229 3674 1306">
     <span class='ocr_line' id='line_1_26' title="bbox 2119 1229 3674 1306; baseline -0.005 -15"><span class='ocrx_word' id='word_1_167' title='bbox 2119 1250 2278 1291; x_wconf 91' lang='lat' dir='ltr'><strong>cesso</strong></span> <span class='ocrx_word' id='word_1_168' title='bbox 2327 1252 2431 1291; x_wconf 88' lang='lat' dir='ltr'><strong>usu</strong></span> <span class='ocrx_word' id='word_1_169' title='bbox 2476 1236 2652 1306; x_wconf 86' lang='lat' dir='ltr'><strong>pallii,</strong></span> <span class='ocrx_word' id='word_1_170' title='bbox 2684 1235 2750 1290; x_wconf 89' lang='lat' dir='ltr'><strong>ad</strong></span> <span class='ocrx_word' id='word_1_171' title='bbox 2782 1235 2930 1290; x_wconf 90' lang='lat' dir='ltr'><strong>beati</strong></span> <span class='ocrx_word' id='word_1_172' title='bbox 2962 1233 3113 1289; x_wconf 89' lang='lat' dir='ltr'><strong>Petri</strong></span> <span class='ocrx_word' id='word_1_173' title='bbox 3141 1231 3522 1302; x_wconf 88' lang='lat' dir='ltr'><strong>apostolorum</strong></span> <span class='ocrx_word' id='word_1_174' title='bbox 3549 1229 3674 1299; x_wconf 90' lang='lat' dir='ltr'><strong>prin</strong></span> 
     </span>
    </p>
   </div>
   <div class='ocr_carea' id='block_1_27' title="bbox 2119 1321 3709 1398">
    <p class='ocr_par' dir='ltr' id='par_1_27' title="bbox 2119 1321 3709 1398">
     <span class='ocr_line' id='line_1_27' title="bbox 2119 1321 3709 1398; baseline -0.005 -15"><span class='ocrx_word' id='word_1_175' title='bbox 2119 1328 2259 1398; x_wconf 90' lang='lat' dir='ltr'><strong>cipis</strong></span> <span class='ocrx_word' id='word_1_176' title='bbox 2290 1328 2482 1383; x_wconf 89' lang='lat' dir='ltr'><strong>limina</strong></span> <span class='ocrx_word' id='word_1_177' title='bbox 2523 1343 2710 1383; x_wconf 87' lang='lat' dir='ltr'><strong>secum</strong></span> <span class='ocrx_word' id='word_1_178' title='bbox 2743 1328 3154 1383; x_wconf 87' lang='lat' dir='ltr'><strong>celebraturum</strong></span> <span class='ocrx_word' id='word_1_179' title='bbox 3208 1323 3477 1380; x_wconf 89' lang='lat' dir='ltr'><strong>solemnia</strong></span> <span class='ocrx_word' id='word_1_180' title='bbox 3508 1321 3709 1377; x_wconf 77' lang='lat' dir='ltr'><strong>Missa-</strong></span> 
     </span>
    </p>
   </div>
   <div class='ocr_carea' id='block_1_28' title="bbox 2121 1412 3708 1487">
    <p class='ocr_par' dir='ltr' id='par_1_28' title="bbox 2121 1412 3708 1487">
     <span class='ocr_line' id='line_1_28' title="bbox 2121 1412 3708 1487; baseline -0.006 -12"><span class='ocrx_word' id='word_1_181' title='bbox 2121 1437 2266 1484; x_wconf 92' lang='lat' dir='ltr'><strong>rum,</strong></span> <span class='ocrx_word' id='word_1_182' title='bbox 2321 1419 2696 1476; x_wconf 83' lang='lat' dir='ltr'><strong>transmittere</strong></span> <span class='ocrx_word' id='word_1_183' title='bbox 2749 1419 3098 1482; x_wconf 90' lang='lat' dir='ltr'><strong>debuissent,</strong></span> <span class='ocrx_word' id='word_1_184' title='bbox 3135 1425 3410 1487; x_wconf 89' lang='lat' dir='ltr'><strong>quatenus</strong></span> <span class='ocrx_word' id='word_1_185' title='bbox 3446 1415 3489 1471; x_wconf 90' lang='lat' dir='ltr'><strong>si</strong></span> <span class='ocrx_word' id='word_1_186' title='bbox 3533 1412 3584 1468; x_wconf 90' lang='lat' dir='ltr'><strong>ei</strong></span> <span class='ocrx_word' id='word_1_187' title='bbox 3634 1412 3708 1467; x_wconf 87' lang='lat' dir='ltr'><strong>ad</strong></span> 
     </span>
    </p>
   </div>
   <div class='ocr_carea' id='block_1_29' title="bbox 2120 1508 3702 1574">
    <p class='ocr_par' dir='ltr' id='par_1_29' title="bbox 2120 1508 3702 1574">
     <span class='ocr_line' id='line_1_29' title="bbox 2120 1508 3702 1574; baseline -0.007 -5"><span class='ocrx_word' id='word_1_188' title='bbox 2120 1513 2309 1569; x_wconf 90' lang='lat' dir='ltr'><strong>sedem</strong></span> <span class='ocrx_word' id='word_1_189' title='bbox 2356 1528 2512 1568; x_wconf 91' lang='lat' dir='ltr'><strong>suam</strong></span> <span class='ocrx_word' id='word_1_190' title='bbox 2539 1512 2770 1567; x_wconf 89' lang='lat' dir='ltr'><strong>minime</strong></span> <span class='ocrx_word' id='word_1_191' title='bbox 2813 1511 3017 1567; x_wconf 87' lang='lat' dir='ltr'><strong>reverti</strong></span> <span class='ocrx_word' id='word_1_192' title='bbox 3045 1511 3256 1574; x_wconf 87' lang='lat' dir='ltr'><strong>liceret,</strong></span> <span class='ocrx_word' id='word_1_193' title='bbox 3291 1508 3484 1562; x_wconf 90' lang='lat' dir='ltr'><strong>saltem</strong></span> <span class='ocrx_word' id='word_1_194' title='bbox 3513 1521 3702 1560; x_wconf 88' lang='lat' dir='ltr'><strong>secum</strong></span> 
     </span>
    </p>
   </div>
   <div class='ocr_carea' id='block_1_30' title="bbox 2120 1595 3708 1672">
    <p class='ocr_par' dir='ltr' id='par_1_30' title="bbox 2120 1595 3708 1672">
     <span class='ocr_line' id='line_1_30' title="bbox 2120 1595 3708 1672; baseline -0.006 -12"><span class='ocrx_word' id='word_1_195' title='bbox 2120 1601 2184 1660; x_wconf 85' lang='lat' dir='ltr'><strong>in</strong></span> <span class='ocrx_word' id='word_1_196' title='bbox 2225 1605 2441 1660; x_wconf 89' lang='lat' dir='ltr'><strong>honore</strong></span> <span class='ocrx_word' id='word_1_197' title='bbox 2491 1619 2593 1659; x_wconf 91' lang='lat' dir='ltr'><strong>suo</strong></span> <span class='ocrx_word' id='word_1_198' title='bbox 2634 1604 2867 1660; x_wconf 82' lang='lat' dir='ltr'><strong>viveret.</strong></span> <span class='ocrx_word' id='word_1_199' title='bbox 2898 1601 3158 1672; x_wconf 87' lang='lat' dir='ltr'><strong>Ejusdem</strong></span> <span class='ocrx_word' id='word_1_200' title='bbox 3188 1599 3396 1655; x_wconf 92' lang='lat' dir='ltr'><strong>domini</strong></span> <span class='ocrx_word' id='word_1_201' title='bbox 3428 1595 3708 1653; x_wconf 81' lang='lat' dir='ltr'><strong>Anastasii</strong></span> 
     </span>
    </p>
   </div>
   <div class='ocr_carea' id='block_1_31' title="bbox 2122 1689 3706 1765">
    <p class='ocr_par' dir='ltr' id='par_1_31' title="bbox 2122 1689 3706 1765">
     <span class='ocr_line' id='line_1_31' title="bbox 2122 1689 3706 1765; baseline -0.005 -15"><span class='ocrx_word' id='word_1_202' title='bbox 2122 1694 2369 1750; x_wconf 89' lang='lat' dir='ltr'><strong>animum</strong></span> <span class='ocrx_word' id='word_1_203' title='bbox 2421 1693 2680 1765; x_wconf 84' lang='lat' dir='ltr'><strong>cognosci</strong></span> <span class='ocrx_word' id='word_1_204' title='bbox 2733 1701 2790 1748; x_wconf 92' lang='lat' dir='ltr'><strong>et</strong></span> <span class='ocrx_word' id='word_1_205' title='bbox 2838 1691 3110 1764; x_wconf 88' lang='lat' dir='ltr'><strong>quidquid</strong></span> <span class='ocrx_word' id='word_1_206' title='bbox 3145 1693 3196 1746; x_wconf 92' lang='lat' dir='ltr'><strong>ei</strong></span> <span class='ocrx_word' id='word_1_207' title='bbox 3235 1691 3302 1745; x_wconf 92' lang='lat' dir='ltr'><strong>de</strong></span> <span class='ocrx_word' id='word_1_208' title='bbox 3342 1690 3448 1745; x_wconf 89' lang='lat' dir='ltr'><strong>hac</strong></span> <span class='ocrx_word' id='word_1_209' title='bbox 3483 1704 3541 1744; x_wconf 92' lang='lat' dir='ltr'><strong>re</strong></span> <span class='ocrx_word' id='word_1_210' title='bbox 3587 1689 3706 1758; x_wconf 90' lang='lat' dir='ltr'><strong>pla-</strong></span> 
     </span>
    </p>
   </div>
   <div class='ocr_carea' id='block_1_32' title="bbox 2125 1781 3706 1856">
    <p class='ocr_par' dir='ltr' id='par_1_32' title="bbox 2125 1781 3706 1856">
     <span class='ocr_line' id='line_1_32' title="bbox 2125 1781 3706 1856; baseline -0.005 -15"><span class='ocrx_word' id='word_1_211' title='bbox 2125 1787 2323 1850; x_wconf 91' lang='lat' dir='ltr'><strong>cuerit,</strong></span> <span class='ocrx_word' id='word_1_212' title='bbox 2374 1785 2481 1842; x_wconf 88' lang='lat' dir='ltr'><strong>sibi</strong></span> <span class='ocrx_word' id='word_1_213' title='bbox 2532 1785 2765 1840; x_wconf 89' lang='lat' dir='ltr'><strong>indicari</strong></span> <span class='ocrx_word' id='word_1_214' title='bbox 2809 1784 2982 1856; x_wconf 89' lang='lat' dir='ltr'><strong>cupit.</strong></span> <span class='ocrx_word' id='word_1_215' title='bbox 3016 1804 3034 1837; x_wconf 78' lang='grc' dir='ltr'><strong>ι</strong></span> <span class='ocrx_word' id='word_1_216' title='bbox 3091 1785 3161 1839; x_wconf 86' lang='lat' dir='ltr'><strong>At</strong></span> <span class='ocrx_word' id='word_1_217' title='bbox 3185 1783 3330 1838; x_wconf 85' lang='lat' dir='ltr'><strong>libro</strong></span> <span class='ocrx_word' id='word_1_218' title='bbox 3373 1798 3425 1836; x_wconf 80' lang='lat' dir='ltr'><strong>IV</strong></span> <span class='ocrx_word' id='word_1_219' title='bbox 3472 1781 3706 1851; x_wconf 86' lang='lat' dir='ltr'><strong>epistola</strong></span> 
     </span>
    </p>
   </div>
   <div class='ocr_carea' id='block_1_33' title="bbox 422 1855 3705 1950">
    <p class='ocr_par' dir='ltr' id='par_1_33' title="bbox 422 1855 3705 1950">
     <span class='ocr_line' id='line_1_33' title="bbox 422 1855 3705 1950; baseline -0.003 -16"><span class='ocrx_word' id='word_1_220' title='bbox 422 1855 618 1938; x_wconf 79' lang='lat' dir='ltr'><strong>tiniani</strong></span> <span class='ocrx_word' id='word_1_221' title='bbox 648 1855 896 1936; x_wconf 75' lang='lat' dir='ltr'><strong>edictum</strong></span> <span class='ocrx_word' id='word_1_222' title='bbox 923 1855 1113 1936; x_wconf 81' lang='lat' dir='ltr'><strong>divina</strong></span> <span class='ocrx_word' id='word_1_223' title='bbox 1134 1855 1512 1947; x_wconf 60' lang='lat' dir='ltr'><strong>Providentia,</strong></span> <span class='ocrx_word' id='word_1_224' title='bbox 1535 1896 1642 1950; x_wconf 90' lang='lat' dir='ltr'><strong>qua</strong></span> <span class='ocrx_word' id='word_1_225' title='bbox 1682 1879 1882 1934; x_wconf 90' lang='lat' dir='ltr'><strong>melius</strong></span> <span class='ocrx_word' id='word_1_226' title='bbox 1911 1894 2013 1933; x_wconf 89' lang='lat' dir='ltr'><strong>no-</strong></span> <span class='ocrx_word' id='word_1_227' title='bbox 2047 1855 2090 1910; x_wconf 77' lang='grc' dir='ltr'><strong>Β</strong></span> <span class='ocrx_word' id='word_1_228' title='bbox 2117 1880 2206 1943; x_wconf 79' lang='grc'><strong>57,</strong></span> <span class='ocrx_word' id='word_1_229' title='bbox 2268 1880 2393 1935; x_wconf 87' lang='lat' dir='ltr'><strong>data</strong></span> <span class='ocrx_word' id='word_1_230' title='bbox 2447 1877 2750 1933; x_wconf 90' lang='lat' dir='ltr'><strong>indictione</strong></span> <span class='ocrx_word' id='word_1_231' title='bbox 2790 1855 3050 1942; x_wconf 16' lang='lat' dir='ltr'><strong>15,7anno</strong></span> <span class='ocrx_word' id='word_1_232' title='bbox 3101 1875 3229 1940; x_wconf 71' lang='lat' dir='ltr'><strong>5M,</strong></span> <span class='ocrx_word' id='word_1_233' title='bbox 3281 1871 3705 1942; x_wconf 85' lang='lat' dir='ltr'><strong>congratulatur</strong></span> 
     </span>
    </p>
   </div>
   <div class='ocr_carea' id='block_1_34' title="bbox 361 1971 2013 2049">
    <p class='ocr_par' dir='ltr' id='par_1_34' title="bbox 361 1971 2013 2049">
     <span class='ocr_line' id='line_1_34' title="bbox 361 1971 2013 2049; baseline -0.002 -21"><span class='ocrx_word' id='word_1_234' title='bbox 361 2037 376 2049; x_wconf 45' lang='grc' dir='ltr'><strong><em>ο</em></strong></span> <span class='ocrx_word' id='word_1_235' title='bbox 422 1974 510 2028; x_wconf 92' lang='lat' dir='ltr'><strong>bis</strong></span> <span class='ocrx_word' id='word_1_236' title='bbox 534 1980 890 2042; x_wconf 90' lang='lat' dir='ltr'><strong>prospectum</strong></span> <span class='ocrx_word' id='word_1_237' title='bbox 920 1973 1045 2039; x_wconf 91' lang='lat' dir='ltr'><strong>fuit,</strong></span> <span class='ocrx_word' id='word_1_238' title='bbox 1099 1972 1325 2028; x_wconf 90' lang='lat' dir='ltr'><strong>minime</strong></span> <span class='ocrx_word' id='word_1_239' title='bbox 1349 1973 1688 2043; x_wconf 83' lang='lat' dir='ltr'><strong>divulgatum</strong></span> <span class='ocrx_word' id='word_1_240' title='bbox 1720 1979 1823 2026; x_wconf 89' lang='lat' dir='ltr'><strong>est.</strong></span> <span class='ocrx_word' id='word_1_241' title='bbox 1876 1971 2013 2025; x_wconf 87' lang='lat' dir='ltr'><strong>Nam</strong></span> 
     </span>
    </p>
   </div>
   <div class='ocr_carea' id='block_1_35' title="bbox 421 2062 2016 2134">
    <p class='ocr_par' dir='ltr' id='par_1_35' title="bbox 421 2062 2016 2134">
     <span class='ocr_line' id='line_1_35' title="bbox 421 2062 2016 2134; baseline -0.003 -12"><span class='ocrx_word' id='word_1_242' title='bbox 421 2065 793 2128; x_wconf 89' lang='lat' dir='ltr'><strong>Iustinianus,</strong></span> <span class='ocrx_word' id='word_1_243' title='bbox 847 2065 944 2134; x_wconf 91' lang='lat' dir='ltr'><strong>qui</strong></span> <span class='ocrx_word' id='word_1_244' title='bbox 989 2065 1283 2120; x_wconf 86' lang='lat' dir='ltr'><strong>Anastasio</strong></span> <span class='ocrx_word' id='word_1_245' title='bbox 1336 2074 1392 2120; x_wconf 91' lang='lat' dir='ltr'><strong>et</strong></span> <span class='ocrx_word' id='word_1_246' title='bbox 1450 2066 1569 2120; x_wconf 84' lang='lat' dir='ltr'><strong>suis</strong></span> <span class='ocrx_word' id='word_1_247' title='bbox 1631 2062 2016 2120; x_wconf 86' lang='lat' dir='ltr'><strong>sacerdotibus</strong></span> 
     </span>
    </p>
   </div>
   <div class='ocr_carea' id='block_1_36' title="bbox 422 2156 2014 2228">
    <p class='ocr_par' dir='ltr' id='par_1_36' title="bbox 422 2156 2014 2228">
     <span class='ocr_line' id='line_1_36' title="bbox 422 2156 2014 2228; baseline -0.002 -16"><span class='ocrx_word' id='word_1_248' title='bbox 422 2157 680 2212; x_wconf 79' lang='lat' dir='ltr'><strong>exsilium</strong></span> <span class='ocrx_word' id='word_1_249' title='bbox 731 2156 1029 2223; x_wconf 78' lang='lat' dir='ltr'><strong>indixerat,</strong></span> <span class='ocrx_word' id='word_1_250' title='bbox 1075 2172 1142 2212; x_wconf 83' lang='lat' dir='ltr'><strong>ex</strong></span> <span class='ocrx_word' id='word_1_251' title='bbox 1193 2158 1498 2228; x_wconf 83' lang='lat' dir='ltr'><strong>improviso</strong></span> <span class='ocrx_word' id='word_1_252' title='bbox 1543 2157 1852 2226; x_wconf 88' lang='lat' dir='ltr'><strong>perculsus,</strong></span> <span class='ocrx_word' id='word_1_253' title='bbox 1888 2171 2014 2210; x_wconf 91' lang='lat' dir='ltr'><strong>cum</strong></span> 
     </span>
    </p>
   </div>
   <div class='ocr_carea' id='block_1_37' title="bbox 424 2249 2014 2321">
    <p class='ocr_par' dir='ltr' id='par_1_37' title="bbox 424 2249 2014 2321">
     <span class='ocr_line' id='line_1_37' title="bbox 424 2249 2014 2321; baseline -0.001 -17"><span class='ocrx_word' id='word_1_254' title='bbox 424 2249 649 2319; x_wconf 80' lang='lat' dir='ltr'><strong>triginta</strong></span> <span class='ocrx_word' id='word_1_255' title='bbox 707 2257 834 2305; x_wconf 87' lang='lat' dir='ltr'><strong>octo</strong></span> <span class='ocrx_word' id='word_1_256' title='bbox 882 2265 1060 2305; x_wconf 91' lang='lat' dir='ltr'><strong>annos</strong></span> <span class='ocrx_word' id='word_1_257' title='bbox 1107 2251 1353 2321; x_wconf 90' lang='lat' dir='ltr'><strong>integros</strong></span> <span class='ocrx_word' id='word_1_258' title='bbox 1383 2259 1438 2305; x_wconf 93' lang='lat' dir='ltr'><strong>ct</strong></span> <span class='ocrx_word' id='word_1_259' title='bbox 1486 2265 1706 2305; x_wconf 83' lang='lat' dir='ltr'><strong>menses</strong></span> <span class='ocrx_word' id='word_1_260' title='bbox 1753 2258 1879 2304; x_wconf 89' lang='lat' dir='ltr'><strong>octo</strong></span> <span class='ocrx_word' id='word_1_261' title='bbox 1923 2264 2014 2302; x_wconf 89' lang='lat' dir='ltr'><strong>re-</strong></span> 
     </span>
    </p>
   </div>
   <div class='ocr_carea' id='block_1_38' title="bbox 422 2341 2016 2414">
    <p class='ocr_par' dir='ltr' id='par_1_38' title="bbox 422 2341 2016 2414">
     <span class='ocr_line' id='line_1_38' title="bbox 422 2341 2016 2414; baseline -0.001 -17"><span class='ocrx_word' id='word_1_262' title='bbox 422 2350 668 2414; x_wconf 84' lang='lat' dir='ltr'><strong>gnasset,</strong></span> <span class='ocrx_word' id='word_1_263' title='bbox 707 2358 776 2396; x_wconf 83' lang='lat' dir='ltr'><strong>ex</strong></span> <span class='ocrx_word' id='word_1_264' title='bbox 823 2343 946 2399; x_wconf 91' lang='lat' dir='ltr'><strong>luce</strong></span> <span class='ocrx_word' id='word_1_265' title='bbox 1002 2343 1328 2413; x_wconf 67' lang='lat' dir='ltr'><strong>migravit.»</strong></span> <span class='ocrx_word' id='word_1_266' title='bbox 1376 2343 1504 2398; x_wconf 84' lang='lat' dir='ltr'><strong>Haec</strong></span> <span class='ocrx_word' id='word_1_267' title='bbox 1541 2342 1640 2396; x_wconf 89' lang='lat' dir='ltr'><strong>ibi.</strong></span> <span class='ocrx_word' id='word_1_268' title='bbox 1690 2341 2016 2397; x_wconf 87' lang='lat' dir='ltr'><strong>Eustathius</strong></span> 
     </span>
    </p>
   </div>
   <div class='ocr_carea' id='block_1_39' title="bbox 423 2432 2016 2504">
    <p class='ocr_par' dir='ltr' id='par_1_39' title="bbox 423 2432 2016 2504">
     <span class='ocr_line' id='line_1_39' title="bbox 423 2432 2016 2504; baseline 0 -17"><span class='ocrx_word' id='word_1_269' title='bbox 423 2441 618 2487; x_wconf 82' lang='lat' dir='ltr'><strong>auctor</strong></span> <span class='ocrx_word' id='word_1_270' title='bbox 649 2448 890 2499; x_wconf 70' lang='lat' dir='ltr'><strong>coaevus,</strong></span> <span class='ocrx_word' id='word_1_271' title='bbox 923 2433 981 2489; x_wconf 91' lang='lat' dir='ltr'><strong>in</strong></span> <span class='ocrx_word' id='word_1_272' title='bbox 1011 2432 1131 2487; x_wconf 86' lang='lat' dir='ltr'><strong>Vita</strong></span> <span class='ocrx_word' id='word_1_273' title='bbox 1162 2435 1335 2487; x_wconf 79' lang='lat' dir='ltr'><strong>sancti</strong></span> <span class='ocrx_word' id='word_1_274' title='bbox 1379 2433 1627 2504; x_wconf 81' lang='lat' dir='ltr'><strong>Eutychii</strong></span> <span class='ocrx_word' id='word_1_275' title='bbox 1683 2433 2016 2503; x_wconf 66' lang='lat' dir='ltr'><strong>patriarcha:</strong></span> 
     </span>
    </p>
   </div>
   <div class='ocr_carea' id='block_1_40' title="bbox 426 2520 2016 2594">
    <p class='ocr_par' dir='ltr' id='par_1_40' title="bbox 426 2520 2016 2594">
     <span class='ocr_line' id='line_1_40' title="bbox 426 2520 2016 2594; baseline -0.001 -15"><span class='ocrx_word' id='word_1_276' title='bbox 426 2520 1047 2594; x_wconf 89' lang='lat' dir='ltr'><strong>Constantinopolitani,</strong></span> <span class='ocrx_word' id='word_1_277' title='bbox 1097 2524 1290 2580; x_wconf 85' lang='lat' dir='ltr'><strong>eadem</strong></span> <span class='ocrx_word' id='word_1_278' title='bbox 1326 2525 1395 2580; x_wconf 91' lang='lat' dir='ltr'><strong>de</strong></span> <span class='ocrx_word' id='word_1_279' title='bbox 1439 2540 1606 2581; x_wconf 89' lang='lat' dir='ltr'><strong>causa</strong></span> <span class='ocrx_word' id='word_1_280' title='bbox 1637 2540 1668 2579; x_wconf 89' lang='lat' dir='ltr'><strong>a</strong></span> <span class='ocrx_word' id='word_1_281' title='bbox 1701 2523 2016 2580; x_wconf 91' lang='lat' dir='ltr'><strong>Iustiniano</strong></span> 
     </span>
    </p>
   </div>
   <div class='ocr_carea' id='block_1_41' title="bbox 430 2612 2014 2684">
    <p class='ocr_par' dir='ltr' id='par_1_41' title="bbox 430 2612 2014 2684">
     <span class='ocr_line' id='line_1_41' title="bbox 430 2612 2014 2684; baseline -0.002 -15"><span class='ocrx_word' id='word_1_282' title='bbox 430 2613 486 2669; x_wconf 87' lang='lat' dir='ltr'><strong>in</strong></span> <span class='ocrx_word' id='word_1_283' title='bbox 537 2615 791 2670; x_wconf 84' lang='lat' dir='ltr'><strong>exsilium</strong></span> <span class='ocrx_word' id='word_1_284' title='bbox 825 2614 956 2671; x_wconf 87' lang='lat' dir='ltr'><strong>acti.</strong></span> <span class='ocrx_word' id='word_1_285' title='bbox 989 2613 1098 2670; x_wconf 89' lang='lat' dir='ltr'><strong>ista</strong></span> <span class='ocrx_word' id='word_1_286' title='bbox 1124 2614 1429 2684; x_wconf 90' lang='lat' dir='ltr'><strong>interponit</strong></span> <span class='ocrx_word' id='word_1_287' title='bbox 1477 2628 1634 2668; x_wconf 91' lang='lat' dir='ltr'><strong>num.</strong></span> <span class='ocrx_word' id='word_1_288' title='bbox 1667 2613 1731 2668; x_wconf 79' lang='grc'><strong>’51</strong></span> <span class='ocrx_word' id='word_1_289' title='bbox 1776 2613 1844 2667; x_wconf 92' lang='lat' dir='ltr'><strong>ad</strong></span> <span class='ocrx_word' id='word_1_290' title='bbox 1867 2612 2014 2667; x_wconf 90' lang='lat' dir='ltr'><strong>diem</strong></span> 
     </span>
    </p>
   </div>
   <div class='ocr_carea' id='block_1_42' title="bbox 427 2707 2016 2778">
    <p class='ocr_par' dir='ltr' id='par_1_42' title="bbox 427 2707 2016 2778">
     <span class='ocr_line' id='line_1_42' title="bbox 427 2707 2016 2778; baseline 0 -16"><span class='ocrx_word' id='word_1_291' title='bbox 427 2722 483 2762; x_wconf 78' lang='lat' dir='ltr'><strong>vr</strong></span> <span class='ocrx_word' id='word_1_292' title='bbox 540 2708 766 2778; x_wconf 87' lang='lat' dir='ltr'><strong>Aprilis.</strong></span> <span class='ocrx_word' id='word_1_293' title='bbox 827 2728 845 2761; x_wconf 75' lang='grc' dir='ltr'>ι</span> <span class='ocrx_word' id='word_1_294' title='bbox 895 2709 1036 2764; x_wconf 88' lang='lat' dir='ltr'><strong>Nam</strong></span> <span class='ocrx_word' id='word_1_295' title='bbox 1097 2723 1293 2763; x_wconf 89' lang='lat' dir='ltr'><strong>omnes</strong></span> <span class='ocrx_word' id='word_1_296' title='bbox 1347 2707 1675 2778; x_wconf 71' lang='lat' dir='ltr'><strong>patriarchae</strong></span> <span class='ocrx_word' id='word_1_297' title='bbox 1744 2707 2016 2776; x_wconf 87' lang='lat' dir='ltr'><strong>multique</strong></span> 
     </span>
    </p>
   </div>
   <div class='ocr_carea' id='block_1_43' title="bbox 428 2797 2012 2871">
    <p class='ocr_par' dir='ltr' id='par_1_43' title="bbox 428 2797 2012 2871">
     <span class='ocr_line' id='line_1_43' title="bbox 428 2797 2012 2871; baseline -0.001 -16"><span class='ocrx_word' id='word_1_298' title='bbox 428 2799 676 2870; x_wconf 89' lang='lat' dir='ltr'><strong>episcopi</strong></span> <span class='ocrx_word' id='word_1_299' title='bbox 702 2800 1093 2871; x_wconf 71' lang='lat' dir='ltr'><strong>praecipueque</strong></span> <span class='ocrx_word' id='word_1_300' title='bbox 1142 2801 1448 2856; x_wconf 89' lang='lat' dir='ltr'><strong>orientales</strong></span> <span class='ocrx_word' id='word_1_301' title='bbox 1477 2808 1806 2854; x_wconf 89' lang='lat' dir='ltr'><strong>recusarunt</strong></span> <span class='ocrx_word' id='word_1_302' title='bbox 1838 2797 2012 2867; x_wconf 81' lang='lat' dir='ltr'><strong>impe-</strong></span> 
     </span>
    </p>
   </div>
   <div class='ocr_carea' id='block_1_44' title="bbox 427 2889 2016 2961">
    <p class='ocr_par' dir='ltr' id='par_1_44' title="bbox 427 2889 2016 2961">
     <span class='ocr_line' id='line_1_44' title="bbox 427 2889 2016 2961; baseline 0 -17"><span class='ocrx_word' id='word_1_303' title='bbox 427 2892 650 2946; x_wconf 70' lang='lat' dir='ltr'><strong>ratoriae</strong></span> <span class='ocrx_word' id='word_1_304' title='bbox 687 2891 935 2961; x_wconf 90' lang='lat' dir='ltr'><strong>opinioni</strong></span> <span class='ocrx_word' id='word_1_305' title='bbox 984 2891 1363 2957; x_wconf 89' lang='lat' dir='ltr'><strong>subscribere,</strong></span> <span class='ocrx_word' id='word_1_306' title='bbox 1420 2890 1583 2961; x_wconf 89' lang='lat' dir='ltr'><strong>eique</strong></span> <span class='ocrx_word' id='word_1_307' title='bbox 1639 2898 1755 2945; x_wconf 92' lang='lat' dir='ltr'><strong>tum</strong></span> <span class='ocrx_word' id='word_1_308' title='bbox 1807 2889 2016 2961; x_wconf 88' lang='lat' dir='ltr'><strong>synodo</strong></span> 
     </span>
    </p>
   </div>
   <div class='ocr_carea' id='block_1_45' title="bbox 431 2979 2019 3050">
    <p class='ocr_par' dir='ltr' id='par_1_45' title="bbox 431 2979 2019 3050">
     <span class='ocr_line' id='line_1_45' title="bbox 431 2979 2019 3050; baseline 0 -18"><span class='ocrx_word' id='word_1_309' title='bbox 431 2985 551 3032; x_wconf 90' lang='lat' dir='ltr'><strong>tum</strong></span> <span class='ocrx_word' id='word_1_310' title='bbox 591 2979 819 3050; x_wconf 91' lang='lat' dir='ltr'><strong>scriptis</strong></span> <span class='ocrx_word' id='word_1_311' title='bbox 873 2980 1226 3045; x_wconf 87' lang='lat' dir='ltr'><strong>restiterunt,</strong></span> <span class='ocrx_word' id='word_1_312' title='bbox 1277 2989 1405 3034; x_wconf 88' lang='lat' dir='ltr'><strong>ante</strong></span> <span class='ocrx_word' id='word_1_313' title='bbox 1447 2995 1643 3034; x_wconf 91' lang='lat' dir='ltr'><strong>omnes</strong></span> <span class='ocrx_word' id='word_1_314' title='bbox 1680 2987 1865 3035; x_wconf 89' lang='lat' dir='ltr'><strong>autem</strong></span> <span class='ocrx_word' id='word_1_315' title='bbox 1899 2994 2019 3036; x_wconf 84' lang='lat' dir='ltr'><strong>san-</strong></span> 
     </span>
    </p>
   </div>
   <div class='ocr_carea' id='block_1_46' title="bbox 430 3071 2016 3144">
    <p class='ocr_par' dir='ltr' id='par_1_46' title="bbox 430 3071 2016 3144">
     <span class='ocr_line' id='line_1_46' title="bbox 430 3071 2016 3144; baseline -0.001 -16"><span class='ocrx_word' id='word_1_316' title='bbox 430 3072 715 3128; x_wconf 88' lang='lat' dir='ltr'><strong>ctissimus</strong></span> <span class='ocrx_word' id='word_1_317' title='bbox 767 3072 1068 3144; x_wconf 88' lang='lat' dir='ltr'><strong>Theopolis</strong></span> <span class='ocrx_word' id='word_1_318' title='bbox 1137 3073 1453 3144; x_wconf 87' lang='lat' dir='ltr'><strong>patriarcha</strong></span> <span class='ocrx_word' id='word_1_319' title='bbox 1507 3071 1866 3136; x_wconf 71' lang='lat' dir='ltr'><strong>Anastasius;</strong></span> <span class='ocrx_word' id='word_1_320' title='bbox 1919 3071 2016 3142; x_wconf 90' lang='lat' dir='ltr'><strong>qui</strong></span> 
     </span>
    </p>
   </div>
   <div class='ocr_carea' id='block_1_47' title="bbox 2063 2061 3138 2134">
    <p class='ocr_par' dir='ltr' id='par_1_47' title="bbox 2063 2061 3138 2134">
     <span class='ocr_line' id='line_1_47' title="bbox 2063 2061 3138 2134; baseline -0.005 -15"><span class='ocrx_word' id='word_1_321' title='bbox 2063 2121 2069 2128; x_wconf 64' lang='grc'><strong>,</strong></span> <span class='ocrx_word' id='word_1_322' title='bbox 2117 2064 2172 2119; x_wconf 90' lang='lat' dir='ltr'><strong>in</strong></span> <span class='ocrx_word' id='word_1_323' title='bbox 2217 2081 2324 2134; x_wconf 91' lang='lat' dir='ltr'><strong>qua</strong></span> <span class='ocrx_word' id='word_1_324' title='bbox 2370 2065 2473 2120; x_wconf 91' lang='lat' dir='ltr'><strong>sub</strong></span> <span class='ocrx_word' id='word_1_325' title='bbox 2534 2063 2698 2120; x_wconf 88' lang='lat' dir='ltr'><strong>ﬁnem</strong></span> <span class='ocrx_word' id='word_1_326' title='bbox 2745 2064 2849 2119; x_wconf 88' lang='lat' dir='ltr'><strong>ista</strong></span> <span class='ocrx_word' id='word_1_327' title='bbox 2900 2061 3070 2116; x_wconf 88' lang='lat' dir='ltr'><strong>habet</strong></span> <span class='ocrx_word' id='word_1_328' title='bbox 3124 2078 3138 2114; x_wconf 91' lang='lat'><strong>:</strong></span> 
     </span>
    </p>
   </div>
   <div class='ocr_carea' id='block_1_48' title="bbox 2115 1963 3701 2042">
    <p class='ocr_par' dir='ltr' id='par_1_48' title="bbox 2115 1963 3701 2042">
     <span class='ocr_line' id='line_1_48' title="bbox 2115 1963 3701 2042; baseline -0.006 -15"><span class='ocrx_word' id='word_1_329' title='bbox 2115 1972 2320 2037; x_wconf 89' lang='lat' dir='ltr'><strong>eidem,</strong></span> <span class='ocrx_word' id='word_1_330' title='bbox 2361 1972 2509 2042; x_wconf 87' lang='lat' dir='ltr'><strong>quod</strong></span> <span class='ocrx_word' id='word_1_331' title='bbox 2556 1972 2671 2028; x_wconf 91' lang='lat' dir='ltr'><strong>sedi</strong></span> <span class='ocrx_word' id='word_1_332' title='bbox 2707 1987 2821 2026; x_wconf 68' lang='lat' dir='ltr'><strong>sua:</strong></span> <span class='ocrx_word' id='word_1_333' title='bbox 2874 1967 3233 2026; x_wconf 75' lang='lat' dir='ltr'><strong>Antiochense</strong></span> <span class='ocrx_word' id='word_1_334' title='bbox 3271 1967 3344 2022; x_wconf 90' lang='lat' dir='ltr'><strong>sit</strong></span> <span class='ocrx_word' id='word_1_335' title='bbox 3388 1963 3701 2028; x_wconf 90' lang='lat' dir='ltr'><strong>restitutus,</strong></span> 
     </span>
    </p>
   </div>
   <div class='ocr_carea' id='block_1_49' title="bbox 3198 2057 3700 2113">
    <p class='ocr_par' dir='ltr' id='par_1_49' title="bbox 3198 2057 3700 2113">
     <span class='ocr_line' id='line_1_49' title="bbox 3198 2057 3700 2113; baseline -0.006 -2"><span class='ocrx_word' id='word_1_336' title='bbox 3198 2079 3214 2110; x_wconf 84' lang='grc'>‹</span> <span class='ocrx_word' id='word_1_337' title='bbox 3250 2057 3700 2113; x_wconf 87' lang='lat' dir='ltr'><strong>Benedictionem</strong></span> 
     </span>
    </p>
   </div>
   <div class='ocr_carea' id='block_1_50' title="bbox 2115 2149 3704 2227">
    <p class='ocr_par' dir='ltr' id='par_1_50' title="bbox 2115 2149 3704 2227">
     <span class='ocr_line' id='line_1_50' title="bbox 2115 2149 3704 2227; baseline -0.005 -15"><span class='ocrx_word' id='word_1_338' title='bbox 2115 2168 2352 2212; x_wconf 88' lang='lat' dir='ltr'><strong>vestram</strong></span> <span class='ocrx_word' id='word_1_339' title='bbox 2388 2175 2497 2227; x_wconf 91' lang='lat' dir='ltr'><strong>qua</strong></span> <span class='ocrx_word' id='word_1_340' title='bbox 2545 2157 2862 2221; x_wconf 87' lang='lat' dir='ltr'><strong>debuimus,</strong></span> <span class='ocrx_word' id='word_1_341' title='bbox 2913 2161 3099 2210; x_wconf 88' lang='lat' dir='ltr'><strong>mente</strong></span> <span class='ocrx_word' id='word_1_342' title='bbox 3157 2151 3526 2221; x_wconf 90' lang='lat' dir='ltr'><strong>suscepimus,</strong></span> <span class='ocrx_word' id='word_1_343' title='bbox 3562 2149 3704 2204; x_wconf 88' lang='lat' dir='ltr'><strong>bene</strong></span> 
     </span>
    </p>
   </div>
   <div class='ocr_carea' id='block_1_51' title="bbox 2117 2242 3703 2320">
    <p class='ocr_par' dir='ltr' id='par_1_51' title="bbox 2117 2242 3703 2320">
     <span class='ocr_line' id='line_1_51' title="bbox 2117 2242 3703 2320; baseline -0.006 -15"><span class='ocrx_word' id='word_1_344' title='bbox 2117 2251 2482 2316; x_wconf 89' lang='lat' dir='ltr'><strong>redolentem,</strong></span> <span class='ocrx_word' id='word_1_345' title='bbox 2528 2251 2671 2306; x_wconf 91' lang='lat' dir='ltr'><strong>bene</strong></span> <span class='ocrx_word' id='word_1_346' title='bbox 2707 2249 3016 2320; x_wconf 83' lang='lat' dir='ltr'><strong>sapientem</strong></span> <span class='ocrx_word' id='word_1_347' title='bbox 3050 2265 3065 2302; x_wconf 90' lang='lat'><strong>:</strong></span> <span class='ocrx_word' id='word_1_348' title='bbox 3102 2253 3160 2301; x_wconf 88' lang='lat' dir='ltr'><strong>et</strong></span> <span class='ocrx_word' id='word_1_349' title='bbox 3191 2242 3558 2315; x_wconf 85' lang='lat' dir='ltr'><strong>omnipotenti</strong></span> <span class='ocrx_word' id='word_1_350' title='bbox 3590 2242 3703 2297; x_wconf 89' lang='lat' dir='ltr'><strong>Deo</strong></span> 
     </span>
    </p>
   </div>
   <div class='ocr_carea' id='block_1_52' title="bbox 2116 2342 3703 2414">
    <p class='ocr_par' dir='ltr' id='par_1_52' title="bbox 2116 2342 3703 2414">
     <span class='ocr_line' id='line_1_52' title="bbox 2116 2342 3703 2414; baseline -0.004 -18"><span class='ocrx_word' id='word_1_351' title='bbox 2116 2343 2324 2414; x_wconf 81' lang='lat' dir='ltr'><strong>gratias</strong></span> <span class='ocrx_word' id='word_1_352' title='bbox 2365 2343 2601 2414; x_wconf 83' lang='lat' dir='ltr'><strong>agimus,</strong></span> <span class='ocrx_word' id='word_1_353' title='bbox 2631 2343 2763 2413; x_wconf 85' lang='lat' dir='ltr'><strong>quia</strong></span> <span class='ocrx_word' id='word_1_354' title='bbox 2795 2351 2852 2398; x_wconf 90' lang='lat' dir='ltr'><strong>et</strong></span> <span class='ocrx_word' id='word_1_355' title='bbox 2875 2342 3050 2397; x_wconf 88' lang='lat' dir='ltr'><strong>odora</strong></span> <span class='ocrx_word' id='word_1_356' title='bbox 3084 2347 3216 2394; x_wconf 89' lang='lat' dir='ltr'><strong>sunt</strong></span> <span class='ocrx_word' id='word_1_357' title='bbox 3244 2346 3299 2394; x_wconf 90' lang='lat' dir='ltr'><strong>et</strong></span> <span class='ocrx_word' id='word_1_358' title='bbox 3332 2351 3548 2406; x_wconf 88' lang='lat' dir='ltr'><strong>sapora,</strong></span> <span class='ocrx_word' id='word_1_359' title='bbox 3581 2351 3703 2404; x_wconf 71' lang='lat' dir='ltr'><strong>quae</strong></span> 
     </span>
    </p>
   </div>
   <div class='ocr_carea' id='block_1_53' title="bbox 2116 2429 3702 2505">
    <p class='ocr_par' dir='ltr' id='par_1_53' title="bbox 2116 2429 3702 2505">
     <span class='ocr_line' id='line_1_53' title="bbox 2116 2429 3702 2505; baseline -0.006 -18"><span class='ocrx_word' id='word_1_360' title='bbox 2116 2434 2297 2505; x_wconf 86' lang='lat' dir='ltr'><strong>agitis,</strong></span> <span class='ocrx_word' id='word_1_361' title='bbox 2330 2450 2452 2504; x_wconf 65' lang='lat' dir='ltr'><strong>quae</strong></span> <span class='ocrx_word' id='word_1_362' title='bbox 2488 2434 2698 2498; x_wconf 91' lang='lat' dir='ltr'><strong>dicitis,</strong></span> <span class='ocrx_word' id='word_1_363' title='bbox 2727 2449 2849 2504; x_wconf 72' lang='lat' dir='ltr'><strong>quae</strong></span> <span class='ocrx_word' id='word_1_364' title='bbox 2871 2433 3035 2488; x_wconf 89' lang='lat' dir='ltr'><strong>datis.</strong></span> <span class='ocrx_word' id='word_1_365' title='bbox 3067 2432 3144 2486; x_wconf 90' lang='lat' dir='ltr'><strong>De</strong></span> <span class='ocrx_word' id='word_1_366' title='bbox 3174 2430 3286 2484; x_wconf 89' lang='lat' dir='ltr'><strong>vita</strong></span> <span class='ocrx_word' id='word_1_367' title='bbox 3321 2429 3489 2498; x_wconf 79' lang='lat' dir='ltr'><strong>igitur</strong></span> <span class='ocrx_word' id='word_1_368' title='bbox 3520 2433 3702 2480; x_wconf 89' lang='lat' dir='ltr'><strong>vestra</strong></span> 
     </span>
    </p>
   </div>
   <div class='ocr_carea' id='block_1_54' title="bbox 2117 2516 3702 2596">
    <p class='ocr_par' dir='ltr' id='par_1_54' title="bbox 2117 2516 3702 2596">
     <span class='ocr_line' id='line_1_54' title="bbox 2117 2516 3702 2596; baseline -0.007 -15"><span class='ocrx_word' id='word_1_369' title='bbox 2117 2527 2368 2582; x_wconf 87' lang='lat' dir='ltr'><strong>dicamus</strong></span> <span class='ocrx_word' id='word_1_370' title='bbox 2391 2525 2618 2596; x_wconf 84' lang='lat' dir='ltr'><strong>pariter,</strong></span> <span class='ocrx_word' id='word_1_371' title='bbox 2642 2526 2894 2580; x_wconf 81' lang='lat' dir='ltr'><strong>dicamus</strong></span> <span class='ocrx_word' id='word_1_372' title='bbox 2916 2539 3111 2580; x_wconf 91' lang='lat' dir='ltr'><strong>omnes</strong></span> <span class='ocrx_word' id='word_1_373' title='bbox 3141 2541 3154 2576; x_wconf 91' lang='lat'><strong>:</strong></span> <span class='ocrx_word' id='word_1_374' title='bbox 3188 2521 3372 2579; x_wconf 78' lang='lat' dir='ltr'><strong>Gloria</strong></span> <span class='ocrx_word' id='word_1_375' title='bbox 3399 2521 3454 2574; x_wconf 84' lang='lat' dir='ltr'><strong>in</strong></span> <span class='ocrx_word' id='word_1_376' title='bbox 3485 2516 3702 2572; x_wconf 79' lang='lat' dir='ltr'><strong>excelsis</strong></span> 
     </span>
    </p>
   </div>
   <div class='ocr_carea' id='block_1_55' title="bbox 2121 2613 3696 2690">
    <p class='ocr_par' dir='ltr' id='par_1_55' title="bbox 2121 2613 3696 2690">
     <span class='ocr_line' id='line_1_55' title="bbox 2121 2613 3696 2690; baseline -0.006 -18"><span class='ocrx_word' id='word_1_377' title='bbox 2121 2618 2247 2683; x_wconf 89' lang='lat' dir='ltr'><strong>Deo,</strong></span> <span class='ocrx_word' id='word_1_378' title='bbox 2279 2627 2328 2672; x_wconf 85' lang='lat' dir='ltr'><strong>et</strong></span> <span class='ocrx_word' id='word_1_379' title='bbox 2359 2620 2410 2672; x_wconf 83' lang='lat' dir='ltr'><strong>in</strong></span> <span class='ocrx_word' id='word_1_380' title='bbox 2447 2627 2592 2672; x_wconf 86' lang='lat' dir='ltr'><strong>terra</strong></span> <span class='ocrx_word' id='word_1_381' title='bbox 2634 2633 2740 2690; x_wconf 74' lang='lat' dir='ltr'><strong>pax</strong></span> <span class='ocrx_word' id='word_1_382' title='bbox 2787 2617 3085 2672; x_wconf 84' lang='lat' dir='ltr'><strong>hominibus</strong></span> <span class='ocrx_word' id='word_1_383' title='bbox 3119 2615 3269 2670; x_wconf 67' lang='lat' dir='ltr'><strong>bona:</strong></span> <span class='ocrx_word' id='word_1_384' title='bbox 3319 2613 3626 2668; x_wconf 85' lang='lat' dir='ltr'><strong>voluntatis.</strong></span> <span class='ocrx_word' id='word_1_385' title='bbox 3678 2628 3696 2660; x_wconf 76' lang='grc' dir='ltr'><strong><em>ι</em></strong></span> 
     </span>
    </p>
   </div>
   <div class='ocr_carea' id='block_1_56' title="bbox 2116 2703 3704 2774">
    <p class='ocr_par' dir='ltr' id='par_1_56' title="bbox 2116 2703 3704 2774">
     <span class='ocr_line' id='line_1_56' title="bbox 2116 2703 3704 2774; baseline -0.006 -10"><span class='ocrx_word' id='word_1_386' title='bbox 2116 2709 2310 2764; x_wconf 88' lang='lat' dir='ltr'><strong>Eidem</strong></span> <span class='ocrx_word' id='word_1_387' title='bbox 2349 2708 2480 2763; x_wconf 90' lang='lat' dir='ltr'><strong>dein</strong></span> <span class='ocrx_word' id='word_1_388' title='bbox 2529 2707 2703 2763; x_wconf 90' lang='lat' dir='ltr'><strong>variis</strong></span> <span class='ocrx_word' id='word_1_389' title='bbox 2739 2707 3132 2764; x_wconf 89' lang='lat' dir='ltr'><strong>occasionibus</strong></span> <span class='ocrx_word' id='word_1_390' title='bbox 3209 2703 3436 2774; x_wconf 87' lang='lat' dir='ltr'><strong>scripsit</strong></span> <span class='ocrx_word' id='word_1_391' title='bbox 3480 2711 3704 2757; x_wconf 87' lang='lat' dir='ltr'><strong>sanctus</strong></span> 
     </span>
    </p>
   </div>
   <div class='ocr_carea' id='block_1_57' title="bbox 2116 2794 3704 2870">
    <p class='ocr_par' dir='ltr' id='par_1_57' title="bbox 2116 2794 3704 2870">
     <span class='ocr_line' id='line_1_57' title="bbox 2116 2794 3704 2870; baseline -0.005 -14"><span class='ocrx_word' id='word_1_392' title='bbox 2116 2799 2442 2870; x_wconf 86' lang='lat' dir='ltr'><strong>Gregorius,</strong></span> <span class='ocrx_word' id='word_1_393' title='bbox 2489 2815 2555 2854; x_wconf 83' lang='lat' dir='ltr'><strong>ex</strong></span> <span class='ocrx_word' id='word_1_394' title='bbox 2601 2799 2805 2868; x_wconf 89' lang='lat' dir='ltr'><strong>quibus</strong></span> <span class='ocrx_word' id='word_1_395' title='bbox 2854 2799 3101 2868; x_wconf 66' lang='lat' dir='ltr'><strong>epistolae</strong></span> <span class='ocrx_word' id='word_1_396' title='bbox 3130 2797 3200 2851; x_wconf 66' lang='lat'><strong>25</strong></span> <span class='ocrx_word' id='word_1_397' title='bbox 3252 2805 3309 2852; x_wconf 91' lang='lat' dir='ltr'><strong>et</strong></span> <span class='ocrx_word' id='word_1_398' title='bbox 3341 2797 3405 2851; x_wconf 78' lang='grc'><strong>51</strong></span> <span class='ocrx_word' id='word_1_399' title='bbox 3464 2794 3595 2849; x_wconf 89' lang='lat' dir='ltr'><strong>libri</strong></span> <span class='ocrx_word' id='word_1_400' title='bbox 3650 2810 3704 2848; x_wconf 79' lang='lat' dir='ltr'><strong>vi</strong></span> 
     </span>
    </p>
   </div>
   <div class='ocr_carea' id='block_1_58' title="bbox 2118 2885 3704 2956">
    <p class='ocr_par' dir='ltr' id='par_1_58' title="bbox 2118 2885 3704 2956">
     <span class='ocr_line' id='line_1_58' title="bbox 2118 2885 3704 2956; baseline -0.004 -12"><span class='ocrx_word' id='word_1_401' title='bbox 2118 2890 2261 2945; x_wconf 67' lang='lat' dir='ltr'><strong>datae</strong></span> <span class='ocrx_word' id='word_1_402' title='bbox 2301 2899 2432 2946; x_wconf 91' lang='lat' dir='ltr'><strong>sunt</strong></span> <span class='ocrx_word' id='word_1_403' title='bbox 2475 2905 2622 2945; x_wconf 90' lang='lat' dir='ltr'><strong>anno</strong></span> <span class='ocrx_word' id='word_1_404' title='bbox 2667 2890 2794 2956; x_wconf 77' lang='grc'>597,</span> <span class='ocrx_word' id='word_1_405' title='bbox 2819 2889 3012 2945; x_wconf 92' lang='lat' dir='ltr'><strong>indict.</strong></span> <span class='ocrx_word' id='word_1_406' title='bbox 3048 2889 3209 2952; x_wconf 76' lang='lat' dir='ltr'><strong>15,et</strong></span> <span class='ocrx_word' id='word_1_407' title='bbox 3251 2887 3285 2942; x_wconf 79' lang='lat'><strong>&#39;5</strong></span> <span class='ocrx_word' id='word_1_408' title='bbox 3319 2887 3448 2942; x_wconf 91' lang='lat' dir='ltr'><strong>libri</strong></span> <span class='ocrx_word' id='word_1_409' title='bbox 3476 2903 3547 2940; x_wconf 88' lang='lat' dir='ltr'><strong>vn</strong></span> <span class='ocrx_word' id='word_1_410' title='bbox 3579 2885 3704 2939; x_wconf 88' lang='lat' dir='ltr'><strong>dala</strong></span> 
     </span>
    </p>
   </div>
   <div class='ocr_carea' id='block_1_59' title="bbox 2118 2978 3705 3054">
    <p class='ocr_par' dir='ltr' id='par_1_59' title="bbox 2118 2978 3705 3054">
     <span class='ocr_line' id='line_1_59' title="bbox 2118 2978 3705 3054; baseline -0.004 -17"><span class='ocrx_word' id='word_1_411' title='bbox 2118 2997 2265 3038; x_wconf 90' lang='lat' dir='ltr'><strong>anno</strong></span> <span class='ocrx_word' id='word_1_412' title='bbox 2297 2983 2422 3049; x_wconf 83' lang='lat'><strong>598,</strong></span> <span class='ocrx_word' id='word_1_413' title='bbox 2456 2983 2653 3038; x_wconf 91' lang='lat' dir='ltr'><strong>indict.</strong></span> <span class='ocrx_word' id='word_1_414' title='bbox 2678 2983 2729 3048; x_wconf 83' lang='lat' dir='ltr'><strong>l,</strong></span> <span class='ocrx_word' id='word_1_415' title='bbox 2769 2999 2878 3054; x_wconf 90' lang='lat' dir='ltr'><strong>qua</strong></span> <span class='ocrx_word' id='word_1_416' title='bbox 2911 2982 3231 3038; x_wconf 89' lang='lat' dir='ltr'><strong>consolatur</strong></span> <span class='ocrx_word' id='word_1_417' title='bbox 3263 2995 3391 3036; x_wconf 91' lang='lat' dir='ltr'><strong>eum</strong></span> <span class='ocrx_word' id='word_1_418' title='bbox 3430 2981 3573 3034; x_wconf 89' lang='lat' dir='ltr'><strong>inter</strong></span> <span class='ocrx_word' id='word_1_419' title='bbox 3608 2978 3705 3032; x_wconf 78' lang='lat' dir='ltr'><strong>ad-</strong></span> 
     </span>
    </p>
   </div>
   <div class='ocr_carea' id='block_1_60' title="bbox 2119 3071 3706 3148">
    <p class='ocr_par' dir='ltr' id='par_1_60' title="bbox 2119 3071 3706 3148">
     <span class='ocr_line' id='line_1_60' title="bbox 2119 3071 3706 3148; baseline -0.003 -19"><span class='ocrx_word' id='word_1_420' title='bbox 2119 3075 2417 3143; x_wconf 80' lang='lat' dir='ltr'><strong>versitates</strong></span> <span class='ocrx_word' id='word_1_421' title='bbox 2447 3076 2616 3148; x_wconf 89' lang='lat' dir='ltr'><strong>hujus</strong></span> <span class='ocrx_word' id='word_1_422' title='bbox 2637 3075 2855 3130; x_wconf 87' lang='lat' dir='ltr'><strong>mundi.</strong></span> <span class='ocrx_word' id='word_1_423' title='bbox 2882 3093 2900 3127; x_wconf 77' lang='lat' dir='ltr'><strong>t</strong></span> <span class='ocrx_word' id='word_1_424' title='bbox 2923 3075 3086 3139; x_wconf 88' lang='lat' dir='ltr'><strong>Ecce,</strong></span> <span class='ocrx_word' id='word_1_425' title='bbox 3112 3073 3314 3144; x_wconf 88' lang='lat' dir='ltr'><strong>inquit,</strong></span> <span class='ocrx_word' id='word_1_426' title='bbox 3339 3071 3396 3126; x_wconf 90' lang='lat' dir='ltr'><strong>in</strong></span> <span class='ocrx_word' id='word_1_427' title='bbox 3419 3078 3706 3126; x_wconf 85' lang='lat' dir='ltr'><strong>senectute</strong></span> 
     </span>
    </p>
   </div>
   <div class='ocr_carea' id='block_1_61' title="bbox 431 3160 3709 3244">
    <p class='ocr_par' dir='ltr' id='par_1_61' title="bbox 431 3160 3709 3244">
     <span class='ocr_line' id='line_1_61' title="bbox 431 3160 3709 3244; baseline -0.001 -25"><span class='ocrx_word' id='word_1_428' title='bbox 431 3163 656 3220; x_wconf 86' lang='lat' dir='ltr'><strong>easdem</strong></span> <span class='ocrx_word' id='word_1_429' title='bbox 685 3180 824 3234; x_wconf 91' lang='lat' dir='ltr'><strong>quas</strong></span> <span class='ocrx_word' id='word_1_430' title='bbox 845 3181 1078 3236; x_wconf 88' lang='lat' dir='ltr'><strong>magnus</strong></span> <span class='ocrx_word' id='word_1_431' title='bbox 1103 3165 1429 3237; x_wconf 85' lang='lat' dir='ltr'><strong>Eutyehius,</strong></span> <span class='ocrx_word' id='word_1_432' title='bbox 1459 3180 1807 3221; x_wconf 67' lang='lat' dir='ltr'><strong>aerumnasne</strong></span> <span class='ocrx_word' id='word_1_433' title='bbox 1836 3165 2014 3220; x_wconf 88' lang='lat' dir='ltr'><strong>dicam</strong></span> <span class='ocrx_word' id='word_1_434' title='bbox 2047 3185 2090 3244; x_wconf 73' lang='grc' dir='ltr'>α</span> <span class='ocrx_word' id='word_1_435' title='bbox 2127 3177 2319 3225; x_wconf 83' lang='lat' dir='ltr'><strong>sancta</strong></span> <span class='ocrx_word' id='word_1_436' title='bbox 2386 3176 2572 3225; x_wconf 90' lang='lat' dir='ltr'><strong>vestra</strong></span> <span class='ocrx_word' id='word_1_437' title='bbox 2653 3167 2941 3224; x_wconf 87' lang='lat' dir='ltr'><strong>beatitudo</strong></span> <span class='ocrx_word' id='word_1_438' title='bbox 2998 3167 3192 3222; x_wconf 90' lang='lat' dir='ltr'><strong>multis</strong></span> <span class='ocrx_word' id='word_1_439' title='bbox 3252 3160 3709 3219; x_wconf 84' lang='lat' dir='ltr'><strong>tribulationibus</strong></span> 
     </span>
    </p>
   </div>
   <div class='ocr_carea' id='block_1_62' title="bbox 431 3257 2016 3327">
    <p class='ocr_par' dir='ltr' id='par_1_62' title="bbox 431 3257 2016 3327">
     <span class='ocr_line' id='line_1_62' title="bbox 431 3257 2016 3327; baseline 0.002 -18"><span class='ocrx_word' id='word_1_440' title='bbox 431 3268 502 3309; x_wconf 85' lang='lat' dir='ltr'><strong>an</strong></span> <span class='ocrx_word' id='word_1_441' title='bbox 531 3257 826 3312; x_wconf 70' lang='lat' dir='ltr'><strong>coronas?&quot;</strong></span> <span class='ocrx_word' id='word_1_442' title='bbox 848 3257 1113 3327; x_wconf 88' lang='lat' dir='ltr'><strong>.pertulit.</strong></span> <span class='ocrx_word' id='word_1_443' title='bbox 1145 3275 1162 3308; x_wconf 72' lang='grc' dir='ltr'><strong><em>ι</em></strong></span> <span class='ocrx_word' id='word_1_444' title='bbox 1222 3257 1349 3312; x_wconf 56' lang='lat' dir='ltr'><strong>Haec</strong></span> <span class='ocrx_word' id='word_1_445' title='bbox 1383 3257 1727 3312; x_wconf 87' lang='lat' dir='ltr'><strong>Eustathius.</strong></span> <span class='ocrx_word' id='word_1_446' title='bbox 1769 3257 2016 3312; x_wconf 79' lang='lat' dir='ltr'><strong>Mortuus</strong></span> 
     </span>
    </p>
   </div>
   <div class='ocr_carea' id='block_1_63' title="bbox 432 3343 2018 3416">
    <p class='ocr_par' dir='ltr' id='par_1_63' title="bbox 432 3343 2018 3416">
     <span class='ocr_line' id='line_1_63' title="bbox 432 3343 2018 3416; baseline 0 -16"><span class='ocrx_word' id='word_1_447' title='bbox 432 3352 519 3400; x_wconf 91' lang='lat' dir='ltr'><strong>est</strong></span> <span class='ocrx_word' id='word_1_448' title='bbox 538 3343 883 3402; x_wconf 91' lang='lat' dir='ltr'><strong>Iustinianus</strong></span> <span class='ocrx_word' id='word_1_449' title='bbox 919 3347 985 3402; x_wconf 78' lang='grc'><strong>14</strong></span> <span class='ocrx_word' id='word_1_450' title='bbox 1007 3347 1237 3402; x_wconf 84' lang='lat' dir='ltr'><strong>Novem.</strong></span> <span class='ocrx_word' id='word_1_451' title='bbox 1261 3363 1392 3401; x_wconf 89' lang='lat' dir='ltr'><strong>ann.</strong></span> <span class='ocrx_word' id='word_1_452' title='bbox 1423 3348 1548 3411; x_wconf 80' lang='lat'><strong>576,</strong></span> <span class='ocrx_word' id='word_1_453' title='bbox 1581 3363 1705 3402; x_wconf 92' lang='lat' dir='ltr'><strong>cum</strong></span> <span class='ocrx_word' id='word_1_454' title='bbox 1737 3353 2018 3416; x_wconf 83' lang='lat' dir='ltr'><strong>regnasset</strong></span> 
     </span>
    </p>
   </div>
   <div class='ocr_carea' id='block_1_64' title="bbox 433 3439 2018 3506">
    <p class='ocr_par' dir='ltr' id='par_1_64' title="bbox 433 3439 2018 3506">
     <span class='ocr_line' id='line_1_64' title="bbox 433 3439 2018 3506; baseline 0.001 -12"><span class='ocrx_word' id='word_1_455' title='bbox 433 3456 610 3496; x_wconf 89' lang='lat' dir='ltr'><strong>annos</strong></span> <span class='ocrx_word' id='word_1_456' title='bbox 650 3441 741 3505; x_wconf 82' lang='lat'><strong>&#39;59,</strong></span> <span class='ocrx_word' id='word_1_457' title='bbox 776 3457 999 3497; x_wconf 90' lang='lat' dir='ltr'><strong>menses</strong></span> <span class='ocrx_word' id='word_1_458' title='bbox 1036 3442 1093 3506; x_wconf 94' lang='lat'><strong>7,</strong></span> <span class='ocrx_word' id='word_1_459' title='bbox 1130 3440 1252 3496; x_wconf 88' lang='lat' dir='ltr'><strong>dies</strong></span> <span class='ocrx_word' id='word_1_460' title='bbox 1296 3441 1386 3496; x_wconf 74' lang='lat'><strong>2‘5.</strong></span> <span class='ocrx_word' id='word_1_461' title='bbox 1439 3440 1720 3496; x_wconf 89' lang='lat' dir='ltr'><strong>Successit</strong></span> <span class='ocrx_word' id='word_1_462' title='bbox 1766 3439 2018 3496; x_wconf 81' lang='lat' dir='ltr'><strong>Justinus</strong></span> 
     </span>
    </p>
   </div>
   <div class='ocr_carea' id='block_1_65' title="bbox 433 3530 2019 3604">
    <p class='ocr_par' dir='ltr' id='par_1_65' title="bbox 433 3530 2019 3604">
     <span class='ocr_line' id='line_1_65' title="bbox 433 3530 2019 3604; baseline -0.001 -17"><span class='ocrx_word' id='word_1_463' title='bbox 433 3530 651 3598; x_wconf 88' lang='lat' dir='ltr'><strong>Iunior,</strong></span> <span class='ocrx_word' id='word_1_464' title='bbox 687 3533 839 3588; x_wconf 91' lang='lat' dir='ltr'><strong>illius</strong></span> <span class='ocrx_word' id='word_1_465' title='bbox 887 3550 955 3589; x_wconf 80' lang='lat' dir='ltr'><strong>ex</strong></span> <span class='ocrx_word' id='word_1_466' title='bbox 1011 3549 1206 3590; x_wconf 89' lang='lat' dir='ltr'><strong>sorore</strong></span> <span class='ocrx_word' id='word_1_467' title='bbox 1258 3534 1551 3604; x_wconf 82' lang='lat' dir='ltr'><strong>Vigilantia</strong></span> <span class='ocrx_word' id='word_1_468' title='bbox 1583 3548 1775 3602; x_wconf 88' lang='lat' dir='ltr'><strong>nepos.</strong></span> <span class='ocrx_word' id='word_1_469' title='bbox 1833 3533 1910 3587; x_wconf 89' lang='lat' dir='ltr'><strong>De</strong></span> <span class='ocrx_word' id='word_1_470' title='bbox 1951 3547 2019 3586; x_wconf 88' lang='lat' dir='ltr'><strong>eo</strong></span> 
     </span>
    </p>
   </div>
   <div class='ocr_carea' id='block_1_66' title="bbox 433 3625 2018 3699">
    <p class='ocr_par' dir='ltr' id='par_1_66' title="bbox 433 3625 2018 3699">
     <span class='ocr_line' id='line_1_66' title="bbox 433 3625 2018 3699; baseline -0.001 -18"><span class='ocrx_word' id='word_1_471' title='bbox 433 3633 496 3682; x_wconf 87' lang='lat' dir='ltr'><strong>et</strong></span> <span class='ocrx_word' id='word_1_472' title='bbox 540 3625 834 3682; x_wconf 85' lang='lat' dir='ltr'><strong>Anastasio</strong></span> <span class='ocrx_word' id='word_1_473' title='bbox 886 3627 1034 3682; x_wconf 88' lang='lat' dir='ltr'><strong>idem</strong></span> <span class='ocrx_word' id='word_1_474' title='bbox 1091 3628 1361 3699; x_wconf 87' lang='lat' dir='ltr'><strong>Evagrius</strong></span> <span class='ocrx_word' id='word_1_475' title='bbox 1415 3627 1514 3681; x_wconf 89' lang='lat' dir='ltr'><strong>lib.</strong></span> <span class='ocrx_word' id='word_1_476' title='bbox 1559 3644 1614 3692; x_wconf 89' lang='lat' dir='ltr'><strong>v,</strong></span> <span class='ocrx_word' id='word_1_477' title='bbox 1661 3641 1784 3696; x_wconf 91' lang='lat' dir='ltr'><strong>cap.</strong></span> <span class='ocrx_word' id='word_1_478' title='bbox 1815 3626 1869 3690; x_wconf 87' lang='lat'><strong>5,</strong></span> <span class='ocrx_word' id='word_1_479' title='bbox 1913 3625 2018 3680; x_wconf 89' lang='lat' dir='ltr'><strong>ista</strong></span> 
     </span>
    </p>
   </div>
   <div class='ocr_carea' id='block_1_67' title="bbox 435 3715 2023 3787">
    <p class='ocr_par' dir='ltr' id='par_1_67' title="bbox 435 3715 2023 3787">
     <span class='ocr_line' id='line_1_67' title="bbox 435 3715 2023 3787; baseline 0.001 -17"><span class='ocrx_word' id='word_1_480' title='bbox 435 3715 608 3770; x_wconf 85' lang='lat' dir='ltr'><strong>tradit</strong></span> <span class='ocrx_word' id='word_1_481' title='bbox 650 3733 665 3771; x_wconf 89' lang='lat'><strong>:</strong></span> <span class='ocrx_word' id='word_1_482' title='bbox 703 3734 722 3768; x_wconf 71' lang='grc' dir='ltr'>ι</span> <span class='ocrx_word' id='word_1_483' title='bbox 749 3716 1003 3772; x_wconf 84' lang='lat' dir='ltr'><strong>Justinus</strong></span> <span class='ocrx_word' id='word_1_484' title='bbox 1037 3732 1206 3787; x_wconf 92' lang='lat' dir='ltr'><strong>porro</strong></span> <span class='ocrx_word' id='word_1_485' title='bbox 1253 3717 1626 3777; x_wconf 88' lang='lat' dir='ltr'><strong>Anastasium.</strong></span> <span class='ocrx_word' id='word_1_486' title='bbox 1663 3715 1750 3771; x_wconf 91' lang='lat' dir='ltr'><strong>his</strong></span> <span class='ocrx_word' id='word_1_487' title='bbox 1796 3716 1874 3770; x_wconf 91' lang='lat' dir='ltr'><strong>illi</strong></span> <span class='ocrx_word' id='word_1_488' title='bbox 1922 3716 2023 3771; x_wconf 87' lang='lat' dir='ltr'><strong>ob-</strong></span> 
     </span>
    </p>
   </div>
   <div class='ocr_carea' id='block_1_68' title="bbox 431 3806 2021 3879">
    <p class='ocr_par' dir='ltr' id='par_1_68' title="bbox 431 3806 2021 3879">
     <span class='ocr_line' id='line_1_68' title="bbox 431 3806 2021 3879; baseline -0.001 -16"><span class='ocrx_word' id='word_1_489' title='bbox 431 3806 596 3879; x_wconf 84' lang='lat' dir='ltr'><strong>jectis</strong></span> <span class='ocrx_word' id='word_1_490' title='bbox 647 3807 999 3872; x_wconf 90' lang='lat' dir='ltr'><strong>criminibus,</strong></span> <span class='ocrx_word' id='word_1_491' title='bbox 1035 3807 1276 3877; x_wconf 89' lang='lat' dir='ltr'><strong>primum</strong></span> <span class='ocrx_word' id='word_1_492' title='bbox 1330 3807 1478 3877; x_wconf 92' lang='lat' dir='ltr'><strong>quod</strong></span> <span class='ocrx_word' id='word_1_493' title='bbox 1535 3822 1752 3862; x_wconf 85' lang='lat' dir='ltr'><strong>sacrum</strong></span> <span class='ocrx_word' id='word_1_494' title='bbox 1795 3807 2021 3862; x_wconf 84' lang='lat' dir='ltr'><strong>thesau-</strong></span> 
     </span>
    </p>
   </div>
   <div class='ocr_carea' id='block_1_69' title="bbox 435 3899 2018 3956">
    <p class='ocr_par' dir='ltr' id='par_1_69' title="bbox 435 3899 2018 3956">
     <span class='ocr_line' id='line_1_69' title="bbox 435 3899 2018 3956; baseline -0.001 -2"><span class='ocrx_word' id='word_1_495' title='bbox 435 3914 559 3954; x_wconf 87' lang='lat' dir='ltr'><strong>rum</strong></span> <span class='ocrx_word' id='word_1_496' title='bbox 600 3906 756 3955; x_wconf 84' lang='lat' dir='ltr'><strong>extra</strong></span> <span class='ocrx_word' id='word_1_497' title='bbox 781 3899 1008 3954; x_wconf 90' lang='lat' dir='ltr'><strong>modum</strong></span> <span class='ocrx_word' id='word_1_498' title='bbox 1041 3908 1099 3954; x_wconf 90' lang='lat' dir='ltr'><strong>et</strong></span> <span class='ocrx_word' id='word_1_499' title='bbox 1128 3899 1183 3956; x_wconf 87' lang='lat' dir='ltr'><strong>in</strong></span> <span class='ocrx_word' id='word_1_500' title='bbox 1211 3899 1424 3954; x_wconf 90' lang='lat' dir='ltr'><strong>nullum</strong></span> <span class='ocrx_word' id='word_1_501' title='bbox 1456 3915 1617 3954; x_wconf 87' lang='lat' dir='ltr'><strong>usum</strong></span> <span class='ocrx_word' id='word_1_502' title='bbox 1645 3899 2018 3954; x_wconf 87' lang='lat' dir='ltr'><strong>necessarium</strong></span> 
     </span>
    </p>
   </div>
   <div class='ocr_carea' id='block_1_70' title="bbox 437 3989 2020 4065">
    <p class='ocr_par' dir='ltr' id='par_1_70' title="bbox 437 3989 2020 4065">
     <span class='ocr_line' id='line_1_70' title="bbox 437 3989 2020 4065; baseline 0.003 -21"><span class='ocrx_word' id='word_1_503' title='bbox 437 3989 783 4061; x_wconf 84' lang='lat' dir='ltr'><strong>profuderat,</strong></span> <span class='ocrx_word' id='word_1_504' title='bbox 810 3992 1013 4048; x_wconf 92' lang='lat' dir='ltr'><strong>deinde</strong></span> <span class='ocrx_word' id='word_1_505' title='bbox 1041 3991 1189 4062; x_wconf 93' lang='lat' dir='ltr'><strong>quod</strong></span> <span class='ocrx_word' id='word_1_506' title='bbox 1214 3994 1467 4048; x_wconf 90' lang='lat' dir='ltr'><strong>convicia</strong></span> <span class='ocrx_word' id='word_1_507' title='bbox 1508 3993 1563 4047; x_wconf 91' lang='lat' dir='ltr'><strong>in</strong></span> <span class='ocrx_word' id='word_1_508' title='bbox 1595 3993 1779 4063; x_wconf 91' lang='lat' dir='ltr'><strong>ipsum</strong></span> <span class='ocrx_word' id='word_1_509' title='bbox 1807 3995 2020 4065; x_wconf 90' lang='lat' dir='ltr'><strong>jecerat</strong></span> 
     </span>
    </p>
   </div>
   <div class='ocr_carea' id='block_1_71' title="bbox 439 4082 2024 4156">
    <p class='ocr_par' dir='ltr' id='par_1_71' title="bbox 439 4082 2024 4156">
     <span class='ocr_line' id='line_1_71' title="bbox 439 4082 2024 4156; baseline 0.003 -20"><span class='ocrx_word' id='word_1_510' title='bbox 439 4082 811 4156; x_wconf 80' lang='lat' dir='ltr'><strong>(Anastasium</strong></span> <span class='ocrx_word' id='word_1_511' title='bbox 841 4084 1013 4143; x_wconf 87' lang='lat' dir='ltr'><strong>enim,</strong></span> <span class='ocrx_word' id='word_1_512' title='bbox 1046 4099 1172 4138; x_wconf 89' lang='lat' dir='ltr'><strong>cum</strong></span> <span class='ocrx_word' id='word_1_513' title='bbox 1210 4093 1497 4155; x_wconf 87' lang='lat' dir='ltr'><strong>rogaretur</strong></span> <span class='ocrx_word' id='word_1_514' title='bbox 1517 4084 1650 4154; x_wconf 89' lang='lat' dir='ltr'><strong>quid</strong></span> <span class='ocrx_word' id='word_1_515' title='bbox 1676 4099 1854 4139; x_wconf 74' lang='lat' dir='ltr'><strong>causae</strong></span> <span class='ocrx_word' id='word_1_516' title='bbox 1877 4093 2024 4140; x_wconf 85' lang='lat' dir='ltr'><strong>esset</strong></span> 
     </span>
    </p>
   </div>
   <div class='ocr_carea' id='block_1_72' title="bbox 441 4175 2020 4247">
    <p class='ocr_par' dir='ltr' id='par_1_72' title="bbox 441 4175 2020 4247">
     <span class='ocr_line' id='line_1_72' title="bbox 441 4175 2020 4247; baseline 0 -15"><span class='ocrx_word' id='word_1_517' title='bbox 441 4191 542 4232; x_wconf 77' lang='lat' dir='ltr'><strong>:ur</strong></span> <span class='ocrx_word' id='word_1_518' title='bbox 577 4175 902 4232; x_wconf 88' lang='lat' dir='ltr'><strong>thesaurum</strong></span> <span class='ocrx_word' id='word_1_519' title='bbox 955 4192 1178 4232; x_wconf 89' lang='lat' dir='ltr'><strong>sacrum</strong></span> <span class='ocrx_word' id='word_1_520' title='bbox 1224 4185 1335 4231; x_wconf 90' lang='lat' dir='ltr'><strong>tam</strong></span> <span class='ocrx_word' id='word_1_521' title='bbox 1379 4177 1555 4233; x_wconf 83' lang='lat' dir='ltr'><strong>effuse</strong></span> <span class='ocrx_word' id='word_1_522' title='bbox 1602 4177 2020 4247; x_wconf 88' lang='lat' dir='ltr'><strong>absumpsisset,</strong></span> 
     </span>
    </p>
   </div>
   <div class='ocr_carea' id='block_1_73' title="bbox 438 4268 2020 4340">
    <p class='ocr_par' dir='ltr' id='par_1_73' title="bbox 438 4268 2020 4340">
     <span class='ocr_line' id='line_1_73' title="bbox 438 4268 2020 4340; baseline 0 -17"><span class='ocrx_word' id='word_1_523' title='bbox 438 4282 680 4340; x_wconf 84' lang='lat' dir='ltr'><strong>tngenue</strong></span> <span class='ocrx_word' id='word_1_524' title='bbox 715 4270 1073 4340; x_wconf 88' lang='lat' dir='ltr'><strong>respondisse</strong></span> <span class='ocrx_word' id='word_1_525' title='bbox 1105 4270 1293 4325; x_wconf 87' lang='lat' dir='ltr'><strong>ferunt</strong></span> <span class='ocrx_word' id='word_1_526' title='bbox 1334 4287 1347 4323; x_wconf 88' lang='lat'><strong>:</strong></span> <span class='ocrx_word' id='word_1_527' title='bbox 1377 4271 1469 4325; x_wconf 71' lang='lat' dir='ltr'><strong>&#39;Ne</strong></span> <span class='ocrx_word' id='word_1_528' title='bbox 1498 4283 1529 4324; x_wconf 88' lang='lat' dir='ltr'><strong>a</strong></span> <span class='ocrx_word' id='word_1_529' title='bbox 1579 4268 1820 4334; x_wconf 86' lang='lat' dir='ltr'><strong>Iustino,</strong></span> <span class='ocrx_word' id='word_1_530' title='bbox 1870 4285 2020 4326; x_wconf 89' lang='lat' dir='ltr'><strong>com-</strong></span> 
     </span>
    </p>
   </div>
   <div class='ocr_carea' id='block_1_74' title="bbox 441 4361 2026 4432">
    <p class='ocr_par' dir='ltr' id='par_1_74' title="bbox 441 4361 2026 4432">
     <span class='ocr_line' id='line_1_74' title="bbox 441 4361 2026 4432; baseline 0.002 -19"><span class='ocrx_word' id='word_1_531' title='bbox 441 4361 596 4415; x_wconf 86' lang='lat' dir='ltr'><strong>muni</strong></span> <span class='ocrx_word' id='word_1_532' title='bbox 629 4361 804 4416; x_wconf 90' lang='lat' dir='ltr'><strong>totius</strong></span> <span class='ocrx_word' id='word_1_533' title='bbox 848 4363 1001 4418; x_wconf 89' lang='lat' dir='ltr'><strong>orbis</strong></span> <span class='ocrx_word' id='word_1_534' title='bbox 1030 4363 1293 4432; x_wconf 89' lang='lat' dir='ltr'><strong>pernicie,</strong></span> <span class='ocrx_word' id='word_1_535' title='bbox 1326 4362 1711 4432; x_wconf 88' lang='lat' dir='ltr'><strong>diriperetur),</strong></span> <span class='ocrx_word' id='word_1_536' title='bbox 1749 4363 1880 4418; x_wconf 89' lang='lat' dir='ltr'><strong>sede</strong></span> <span class='ocrx_word' id='word_1_537' title='bbox 1910 4363 2026 4417; x_wconf 90' lang='lat' dir='ltr'><strong>An-</strong></span> 
     </span>
    </p>
   </div>
   <div class='ocr_carea' id='block_1_75' title="bbox 443 4455 2025 4524">
    <p class='ocr_par' dir='ltr' id='par_1_75' title="bbox 443 4455 2025 4524">
     <span class='ocr_line' id='line_1_75' title="bbox 443 4455 2025 4524; baseline 0.003 -16"><span class='ocrx_word' id='word_1_538' title='bbox 443 4455 700 4512; x_wconf 89' lang='lat' dir='ltr'><strong>tiochena</strong></span> <span class='ocrx_word' id='word_1_539' title='bbox 732 4458 1068 4513; x_wconf 84' lang='lat' dir='ltr'><strong>exturbavit.</strong></span> <span class='ocrx_word' id='word_1_540' title='bbox 1121 4457 1263 4524; x_wconf 84' lang='lat' dir='ltr'><strong>Quin</strong></span> <span class='ocrx_word' id='word_1_541' title='bbox 1298 4458 1466 4513; x_wconf 84' lang='lat' dir='ltr'><strong>etiam</strong></span> <span class='ocrx_word' id='word_1_542' title='bbox 1511 4458 1720 4512; x_wconf 90' lang='lat' dir='ltr'><strong>dicitur</strong></span> <span class='ocrx_word' id='word_1_543' title='bbox 1745 4457 2025 4514; x_wconf 89' lang='lat' dir='ltr'><strong>Iustinum</strong></span> 
     </span>
    </p>
   </div>
   <div class='ocr_carea' id='block_1_76' title="bbox 2121 3255 3708 3331">
    <p class='ocr_par' dir='ltr' id='par_1_76' title="bbox 2121 3255 3708 3331">
     <span class='ocr_line' id='line_1_76' title="bbox 2121 3255 3708 3331; baseline -0.004 -15"><span class='ocrx_word' id='word_1_544' title='bbox 2121 3261 2359 3316; x_wconf 89' lang='lat' dir='ltr'><strong>laborat.</strong></span> <span class='ocrx_word' id='word_1_545' title='bbox 2401 3279 2420 3312; x_wconf 73' lang='grc' dir='ltr'><strong><em>ι</em></strong></span> <span class='ocrx_word' id='word_1_546' title='bbox 2481 3261 2552 3316; x_wconf 83' lang='grc' dir='ltr'><strong>Ει</strong></span> <span class='ocrx_word' id='word_1_547' title='bbox 2586 3267 2778 3331; x_wconf 90' lang='lat' dir='ltr'><strong>postea</strong></span> <span class='ocrx_word' id='word_1_548' title='bbox 2832 3277 2849 3314; x_wconf 89' lang='lat'>:</span> <span class='ocrx_word' id='word_1_549' title='bbox 2889 3259 3151 3314; x_wconf 71' lang='lat' dir='ltr'><strong>«lndicat</strong></span> <span class='ocrx_word' id='word_1_550' title='bbox 3198 3257 3332 3312; x_wconf 91' lang='lat' dir='ltr'><strong>mihi</strong></span> <span class='ocrx_word' id='word_1_551' title='bbox 3381 3255 3708 3318; x_wconf 86' lang='lat' dir='ltr'><strong>suavissima</strong></span> 
     </span>
    </p>
   </div>
   <div class='ocr_carea' id='block_1_77' title="bbox 2124 3347 3705 3423">
    <p class='ocr_par' dir='ltr' id='par_1_77' title="bbox 2124 3347 3705 3423">
     <span class='ocr_line' id='line_1_77' title="bbox 2124 3347 3705 3423; baseline -0.004 -15"><span class='ocrx_word' id='word_1_552' title='bbox 2124 3354 2390 3410; x_wconf 85' lang='lat' dir='ltr'><strong>sanctitas</strong></span> <span class='ocrx_word' id='word_1_553' title='bbox 2437 3363 2646 3418; x_wconf 85' lang='lat' dir='ltr'><strong>vestra,</strong></span> <span class='ocrx_word' id='word_1_554' title='bbox 2697 3351 2846 3423; x_wconf 91' lang='lat' dir='ltr'><strong>quod</strong></span> <span class='ocrx_word' id='word_1_555' title='bbox 2901 3366 3141 3416; x_wconf 90' lang='lat' dir='ltr'><strong>mecum,</strong></span> <span class='ocrx_word' id='word_1_556' title='bbox 3173 3349 3219 3406; x_wconf 90' lang='lat' dir='ltr'><strong>si</strong></span> <span class='ocrx_word' id='word_1_557' title='bbox 3257 3349 3532 3421; x_wconf 90' lang='lat' dir='ltr'><strong>potuisset</strong></span> <span class='ocrx_word' id='word_1_558' title='bbox 3565 3347 3705 3410; x_wconf 90' lang='lat' dir='ltr'><strong>ﬁeri,</strong></span> 
     </span>
    </p>
   </div>
   <div class='ocr_carea' id='block_1_78' title="bbox 2124 3440 3709 3514">
    <p class='ocr_par' dir='ltr' id='par_1_78' title="bbox 2124 3440 3709 3514">
     <span class='ocr_line' id='line_1_78' title="bbox 2124 3440 3709 3514; baseline -0.006 -12"><span class='ocrx_word' id='word_1_559' title='bbox 2124 3449 2247 3502; x_wconf 90' lang='lat' dir='ltr'><strong>sine</strong></span> <span class='ocrx_word' id='word_1_560' title='bbox 2299 3446 2494 3500; x_wconf 89' lang='lat' dir='ltr'><strong>charta</strong></span> <span class='ocrx_word' id='word_1_561' title='bbox 2541 3453 2600 3501; x_wconf 91' lang='lat' dir='ltr'><strong>et</strong></span> <span class='ocrx_word' id='word_1_562' title='bbox 2644 3445 2858 3500; x_wconf 91' lang='lat' dir='ltr'><strong>calamo</strong></span> <span class='ocrx_word' id='word_1_563' title='bbox 2908 3444 3058 3514; x_wconf 92' lang='lat' dir='ltr'><strong>loqui</strong></span> <span class='ocrx_word' id='word_1_564' title='bbox 3098 3443 3392 3503; x_wconf 86' lang='lat' dir='ltr'><strong>voluisset,</strong></span> <span class='ocrx_word' id='word_1_565' title='bbox 3445 3451 3503 3495; x_wconf 88' lang='lat' dir='ltr'><strong>et</strong></span> <span class='ocrx_word' id='word_1_566' title='bbox 3557 3440 3709 3494; x_wconf 86' lang='lat' dir='ltr'><strong>dolet</strong></span> 
     </span>
    </p>
   </div>
   <div class='ocr_carea' id='block_1_79' title="bbox 2125 3533 3705 3611">
    <p class='ocr_par' dir='ltr' id='par_1_79' title="bbox 2125 3533 3705 3611">
     <span class='ocr_line' id='line_1_79' title="bbox 2125 3533 3705 3611; baseline -0.004 -19"><span class='ocrx_word' id='word_1_567' title='bbox 2125 3539 2274 3611; x_wconf 89' lang='lat' dir='ltr'><strong>quod</strong></span> <span class='ocrx_word' id='word_1_568' title='bbox 2320 3538 2484 3594; x_wconf 88' lang='lat' dir='ltr'><strong>nobis</strong></span> <span class='ocrx_word' id='word_1_569' title='bbox 2535 3536 2784 3593; x_wconf 85' lang='lat' dir='ltr'><strong>Orientis</strong></span> <span class='ocrx_word' id='word_1_570' title='bbox 2827 3552 2970 3608; x_wconf 89' lang='lat' dir='ltr'><strong>pene</strong></span> <span class='ocrx_word' id='word_1_571' title='bbox 3006 3545 3064 3591; x_wconf 90' lang='lat' dir='ltr'><strong>el</strong></span> <span class='ocrx_word' id='word_1_572' title='bbox 3103 3533 3425 3592; x_wconf 90' lang='lat' dir='ltr'><strong>Occidentis</strong></span> <span class='ocrx_word' id='word_1_573' title='bbox 3470 3533 3705 3601; x_wconf 88' lang='lat' dir='ltr'><strong>spatium</strong></span> 
     </span>
    </p>
   </div>
   <div class='ocr_carea' id='block_1_80' title="bbox 2126 3624 3710 3702">
    <p class='ocr_par' dir='ltr' id='par_1_80' title="bbox 2126 3624 3710 3702">
     <span class='ocr_line' id='line_1_80' title="bbox 2126 3624 3710 3702; baseline -0.006 -16"><span class='ocrx_word' id='word_1_574' title='bbox 2126 3631 2438 3702; x_wconf 86' lang='lat' dir='ltr'><strong>interjacet.</strong></span> <span class='ocrx_word' id='word_1_575' title='bbox 2487 3629 2597 3685; x_wconf 89' lang='lat' dir='ltr'><strong>Sed</strong></span> <span class='ocrx_word' id='word_1_576' title='bbox 2646 3630 2752 3684; x_wconf 93' lang='lat' dir='ltr'><strong>hoc</strong></span> <span class='ocrx_word' id='word_1_577' title='bbox 2805 3627 2953 3698; x_wconf 90' lang='lat' dir='ltr'><strong>quod</strong></span> <span class='ocrx_word' id='word_1_578' title='bbox 2989 3627 3172 3682; x_wconf 89' lang='lat' dir='ltr'><strong>sentio</strong></span> <span class='ocrx_word' id='word_1_579' title='bbox 3221 3641 3415 3681; x_wconf 90' lang='lat' dir='ltr'><strong>verum</strong></span> <span class='ocrx_word' id='word_1_580' title='bbox 3447 3624 3571 3678; x_wconf 91' lang='lat' dir='ltr'><strong>dico</strong></span> <span class='ocrx_word' id='word_1_581' title='bbox 3606 3641 3619 3677; x_wconf 94' lang='lat'>:</span> <span class='ocrx_word' id='word_1_582' title='bbox 3654 3629 3710 3680; x_wconf 90' lang='lat' dir='ltr'><strong>et</strong></span> 
     </span>
    </p>
   </div>
   <div class='ocr_carea' id='block_1_81' title="bbox 2127 3717 3706 3786">
    <p class='ocr_par' dir='ltr' id='par_1_81' title="bbox 2127 3717 3706 3786">
     <span class='ocr_line' id='line_1_81' title="bbox 2127 3717 3706 3786; baseline -0.007 -7"><span class='ocrx_word' id='word_1_583' title='bbox 2127 3723 2185 3779; x_wconf 84' lang='lat' dir='ltr'><strong>in</strong></span> <span class='ocrx_word' id='word_1_584' title='bbox 2236 3723 2428 3778; x_wconf 90' lang='lat' dir='ltr'><strong>charta</strong></span> <span class='ocrx_word' id='word_1_585' title='bbox 2458 3722 2597 3777; x_wconf 89' lang='lat' dir='ltr'><strong>mihi</strong></span> <span class='ocrx_word' id='word_1_586' title='bbox 2629 3735 2787 3777; x_wconf 90' lang='lat' dir='ltr'><strong>mens</strong></span> <span class='ocrx_word' id='word_1_587' title='bbox 2821 3727 3005 3775; x_wconf 89' lang='lat' dir='ltr'><strong>vestra</strong></span> <span class='ocrx_word' id='word_1_588' title='bbox 3030 3719 3150 3774; x_wconf 90' lang='lat' dir='ltr'><strong>sine</strong></span> <span class='ocrx_word' id='word_1_589' title='bbox 3185 3718 3372 3773; x_wconf 89' lang='lat' dir='ltr'><strong>charta</strong></span> <span class='ocrx_word' id='word_1_590' title='bbox 3411 3717 3659 3786; x_wconf 86' lang='lat' dir='ltr'><strong>loquitur</strong></span> <span class='ocrx_word' id='word_1_591' title='bbox 3691 3733 3706 3769; x_wconf 87' lang='lat'><strong>:</strong></span> 
     </span>
    </p>
   </div>
   <div class='ocr_carea' id='block_1_82' title="bbox 2127 3809 3705 3886">
    <p class='ocr_par' dir='ltr' id='par_1_82' title="bbox 2127 3809 3705 3886">
     <span class='ocr_line' id='line_1_82' title="bbox 2127 3809 3705 3886; baseline -0.006 -16"><span class='ocrx_word' id='word_1_592' title='bbox 2127 3813 2259 3886; x_wconf 88' lang='lat' dir='ltr'><strong>quia</strong></span> <span class='ocrx_word' id='word_1_593' title='bbox 2286 3815 2342 3869; x_wconf 89' lang='lat' dir='ltr'><strong>in</strong></span> <span class='ocrx_word' id='word_1_594' title='bbox 2364 3813 2532 3869; x_wconf 88' lang='lat' dir='ltr'><strong>verba</strong></span> <span class='ocrx_word' id='word_1_595' title='bbox 2558 3820 2755 3869; x_wconf 65' lang='lat' dir='ltr'><strong>vestrm</strong></span> <span class='ocrx_word' id='word_1_596' title='bbox 2777 3812 3086 3867; x_wconf 87' lang='lat' dir='ltr'><strong>sanctitatis</strong></span> <span class='ocrx_word' id='word_1_597' title='bbox 3109 3812 3226 3865; x_wconf 91' lang='lat' dir='ltr'><strong>sola</strong></span> <span class='ocrx_word' id='word_1_598' title='bbox 3252 3809 3492 3866; x_wconf 87' lang='lat' dir='ltr'><strong>charitas</strong></span> <span class='ocrx_word' id='word_1_599' title='bbox 3515 3817 3705 3873; x_wconf 88' lang='lat' dir='ltr'><strong>sonat;</strong></span> 
     </span>
    </p>
   </div>
   <div class='ocr_carea' id='block_1_83' title="bbox 2129 3901 3708 3976">
    <p class='ocr_par' dir='ltr' id='par_1_83' title="bbox 2129 3901 3708 3976">
     <span class='ocr_line' id='line_1_83' title="bbox 2129 3901 3708 3976; baseline -0.008 -12"><span class='ocrx_word' id='word_1_600' title='bbox 2129 3915 2186 3964; x_wconf 88' lang='lat' dir='ltr'><strong>et</strong></span> <span class='ocrx_word' id='word_1_601' title='bbox 2232 3907 2398 3963; x_wconf 91' lang='lat' dir='ltr'><strong>divisi</strong></span> <span class='ocrx_word' id='word_1_602' title='bbox 2431 3907 2572 3962; x_wconf 91' lang='lat' dir='ltr'><strong>locis</strong></span> <span class='ocrx_word' id='word_1_603' title='bbox 2615 3921 2726 3961; x_wconf 91' lang='lat' dir='ltr'><strong>non</strong></span> <span class='ocrx_word' id='word_1_604' title='bbox 2761 3921 2977 3969; x_wconf 91' lang='lat' dir='ltr'><strong>sumus,</strong></span> <span class='ocrx_word' id='word_1_605' title='bbox 3011 3904 3105 3976; x_wconf 92' lang='lat' dir='ltr'><strong>qui</strong></span> <span class='ocrx_word' id='word_1_606' title='bbox 3161 3920 3229 3959; x_wconf 81' lang='lat' dir='ltr'><strong>ex</strong></span> <span class='ocrx_word' id='word_1_607' title='bbox 3271 3903 3419 3957; x_wconf 90' lang='lat' dir='ltr'><strong>dono</strong></span> <span class='ocrx_word' id='word_1_608' title='bbox 3451 3901 3708 3970; x_wconf 86' lang='lat' dir='ltr'><strong>omnipo-</strong></span> 
     </span>
    </p>
   </div>
   <div class='ocr_carea' id='block_1_84' title="bbox 2129 3993 3712 4055">
    <p class='ocr_par' dir='ltr' id='par_1_84' title="bbox 2129 3993 3712 4055">
     <span class='ocr_line' id='line_1_84' title="bbox 2129 3993 3712 4055; baseline -0.006 0"><span class='ocrx_word' id='word_1_609' title='bbox 2129 4000 2302 4055; x_wconf 90' lang='lat' dir='ltr'><strong>tentis</strong></span> <span class='ocrx_word' id='word_1_610' title='bbox 2328 3999 2551 4055; x_wconf 92' lang='lat' dir='ltr'><strong>Domini</strong></span> <span class='ocrx_word' id='word_1_611' title='bbox 2583 3998 2903 4054; x_wconf 91' lang='lat' dir='ltr'><strong>dilectionis</strong></span> <span class='ocrx_word' id='word_1_612' title='bbox 2930 3997 3154 4052; x_wconf 89' lang='lat' dir='ltr'><strong>vinculo</strong></span> <span class='ocrx_word' id='word_1_613' title='bbox 3185 3995 3326 4051; x_wconf 90' lang='lat' dir='ltr'><strong>uniti</strong></span> <span class='ocrx_word' id='word_1_614' title='bbox 3359 4009 3573 4050; x_wconf 91' lang='lat' dir='ltr'><strong>sumus.</strong></span> <span class='ocrx_word' id='word_1_615' title='bbox 3598 3993 3712 4049; x_wconf 88' lang='lat' dir='ltr'><strong>Cur</strong></span> 
     </span>
    </p>
   </div>
   <div class='ocr_carea' id='block_1_85' title="bbox 2131 4090 3711 4166">
    <p class='ocr_par' dir='ltr' id='par_1_85' title="bbox 2131 4090 3711 4166">
     <span class='ocr_line' id='line_1_85' title="bbox 2131 4090 3711 4166; baseline -0.004 -16"><span class='ocrx_word' id='word_1_616' title='bbox 2131 4097 2300 4166; x_wconf 86' lang='lat' dir='ltr'><strong>igitur</strong></span> <span class='ocrx_word' id='word_1_617' title='bbox 2328 4094 2584 4164; x_wconf 91' lang='lat' dir='ltr'><strong>accipere</strong></span> <span class='ocrx_word' id='word_1_618' title='bbox 2618 4107 2830 4164; x_wconf 91' lang='lat' dir='ltr'><strong>pennas</strong></span> <span class='ocrx_word' id='word_1_619' title='bbox 2855 4090 3126 4148; x_wconf 72' lang='lat' dir='ltr'><strong>columbae.</strong></span> <span class='ocrx_word' id='word_1_620' title='bbox 3155 4090 3525 4160; x_wconf 76' lang='lat' dir='ltr'><strong>deargentatae</strong></span> <span class='ocrx_word' id='word_1_621' title='bbox 3558 4104 3711 4160; x_wconf 82' lang='lat' dir='ltr'><strong>quae-</strong></span> 
     </span>
    </p>
   </div>
   <div class='ocr_carea' id='block_1_86' title="bbox 2131 4165 3712 4252">
    <p class='ocr_par' dir='ltr' id='par_1_86' title="bbox 2131 4165 3712 4252">
     <span class='ocr_line' id='line_1_86' title="bbox 2131 4165 3712 4252; baseline -0.003 -14"><span class='ocrx_word' id='word_1_622' title='bbox 2131 4165 2447 4252; x_wconf 18' lang='lat' dir='ltr'><strong>ritis,lquas</strong></span> <span class='ocrx_word' id='word_1_623' title='bbox 2483 4182 2595 4252; x_wconf 89' lang='lat' dir='ltr'><strong>jam</strong></span> <span class='ocrx_word' id='word_1_624' title='bbox 2633 4181 2886 4236; x_wconf 86' lang='lat' dir='ltr'><strong>habetis?</strong></span> <span class='ocrx_word' id='word_1_625' title='bbox 2916 4181 3116 4236; x_wconf 60' lang='lat' dir='ltr'><strong>Pennas</strong></span> <span class='ocrx_word' id='word_1_626' title='bbox 3164 4180 3368 4250; x_wconf 91' lang='lat' dir='ltr'><strong>quippe</strong></span> <span class='ocrx_word' id='word_1_627' title='bbox 3416 4180 3537 4250; x_wconf 91' lang='lat' dir='ltr'><strong>ejus</strong></span> <span class='ocrx_word' id='word_1_628' title='bbox 3582 4187 3712 4233; x_wconf 90' lang='lat' dir='ltr'><strong>sunt</strong></span> 
     </span>
    </p>
   </div>
   <div class='ocr_carea' id='block_1_87' title="bbox 2133 4271 3712 4344">
    <p class='ocr_par' dir='ltr' id='par_1_87' title="bbox 2133 4271 3712 4344">
     <span class='ocr_line' id='line_1_87' title="bbox 2133 4271 3712 4344; baseline -0.004 -13"><span class='ocrx_word' id='word_1_629' title='bbox 2133 4275 2378 4331; x_wconf 89' lang='lat' dir='ltr'><strong>charitas</strong></span> <span class='ocrx_word' id='word_1_630' title='bbox 2423 4274 2522 4328; x_wconf 91' lang='lat' dir='ltr'><strong>Dei</strong></span> <span class='ocrx_word' id='word_1_631' title='bbox 2569 4281 2626 4328; x_wconf 90' lang='lat' dir='ltr'><strong>et</strong></span> <span class='ocrx_word' id='word_1_632' title='bbox 2669 4272 2930 4344; x_wconf 85' lang='lat' dir='ltr'><strong>proximi.</strong></span> <span class='ocrx_word' id='word_1_633' title='bbox 2967 4273 3073 4327; x_wconf 90' lang='lat' dir='ltr'><strong>Per</strong></span> <span class='ocrx_word' id='word_1_634' title='bbox 3124 4271 3270 4343; x_wconf 87' lang='lat' dir='ltr'><strong>ipsas</strong></span> <span class='ocrx_word' id='word_1_635' title='bbox 3315 4271 3465 4328; x_wconf 89' lang='lat' dir='ltr'><strong>enim</strong></span> <span class='ocrx_word' id='word_1_636' title='bbox 3521 4281 3712 4325; x_wconf 88' lang='lat' dir='ltr'><strong>sancta</strong></span> 
     </span>
    </p>
   </div>
   <div class='ocr_carea' id='block_1_88' title="bbox 2132 4364 3714 4436">
    <p class='ocr_par' dir='ltr' id='par_1_88' title="bbox 2132 4364 3714 4436">
     <span class='ocr_line' id='line_1_88' title="bbox 2132 4364 3714 4436; baseline -0.003 -14"><span class='ocrx_word' id='word_1_637' title='bbox 2132 4367 2381 4422; x_wconf 87' lang='lat' dir='ltr'><strong>Ecclesia</strong></span> <span class='ocrx_word' id='word_1_638' title='bbox 2414 4365 2619 4431; x_wconf 89' lang='lat' dir='ltr'><strong>evolat,</strong></span> <span class='ocrx_word' id='word_1_639' title='bbox 2651 4380 2751 4435; x_wconf 91' lang='lat' dir='ltr'><strong>per</strong></span> <span class='ocrx_word' id='word_1_640' title='bbox 2778 4364 2926 4436; x_wconf 87' lang='lat' dir='ltr'><strong>ipsas</strong></span> <span class='ocrx_word' id='word_1_641' title='bbox 2955 4374 3176 4422; x_wconf 89' lang='lat' dir='ltr'><strong>terrena</strong></span> <span class='ocrx_word' id='word_1_642' title='bbox 3211 4366 3394 4420; x_wconf 92' lang='lat' dir='ltr'><strong>omnia</strong></span> <span class='ocrx_word' id='word_1_643' title='bbox 3429 4374 3714 4421; x_wconf 80' lang='lat' dir='ltr'><strong>transcen-</strong></span> 
     </span>
    </p>
   </div>
   <div class='ocr_carea' id='block_1_89' title="bbox 2134 4457 3715 4530">
    <p class='ocr_par' dir='ltr' id='par_1_89' title="bbox 2134 4457 3715 4530">
     <span class='ocr_line' id='line_1_89' title="bbox 2134 4457 3715 4530; baseline -0.003 -15"><span class='ocrx_word' id='word_1_644' title='bbox 2134 4460 2255 4515; x_wconf 90' lang='lat' dir='ltr'><strong>dit:</strong></span> <span class='ocrx_word' id='word_1_645' title='bbox 2288 4475 2428 4530; x_wconf 90' lang='lat' dir='ltr'><strong>quas</strong></span> <span class='ocrx_word' id='word_1_646' title='bbox 2469 4459 2514 4515; x_wconf 90' lang='lat' dir='ltr'><strong>si</strong></span> <span class='ocrx_word' id='word_1_647' title='bbox 2547 4468 2731 4515; x_wconf 90' lang='lat' dir='ltr'><strong>vestra</strong></span> <span class='ocrx_word' id='word_1_648' title='bbox 2779 4459 3048 4514; x_wconf 76' lang='lat' dir='ltr'><strong>san&#39;ctitas</strong></span> <span class='ocrx_word' id='word_1_649' title='bbox 3086 4474 3200 4513; x_wconf 90' lang='lat' dir='ltr'><strong>non</strong></span> <span class='ocrx_word' id='word_1_650' title='bbox 3236 4457 3489 4522; x_wconf 90' lang='lat' dir='ltr'><strong>haberet,</strong></span> <span class='ocrx_word' id='word_1_651' title='bbox 3526 4457 3594 4512; x_wconf 91' lang='lat' dir='ltr'><strong>ad</strong></span> <span class='ocrx_word' id='word_1_652' title='bbox 3626 4473 3715 4512; x_wconf 91' lang='lat' dir='ltr'><strong>me</strong></span> 
     </span>
    </p>
   </div>
   <div class='ocr_carea' id='block_1_90' title="bbox 439 4544 3714 4622">
    <p class='ocr_par' dir='ltr' id='par_1_90' title="bbox 439 4544 3714 4622">
     <span class='ocr_line' id='line_1_90' title="bbox 439 4544 3714 4622; baseline 0.001 -20"><span class='ocrx_word' id='word_1_653' title='bbox 439 4545 736 4602; x_wconf 83' lang='lat' dir='ltr'><strong>Anastasio</strong></span> <span class='ocrx_word' id='word_1_654' title='bbox 781 4549 1187 4614; x_wconf 91' lang='lat' dir='ltr'><strong>succensuisse,</strong></span> <span class='ocrx_word' id='word_1_655' title='bbox 1237 4549 1384 4619; x_wconf 90' lang='lat' dir='ltr'><strong>quod</strong></span> <span class='ocrx_word' id='word_1_656' title='bbox 1435 4551 1739 4618; x_wconf 89' lang='lat' dir='ltr'><strong>postulanti</strong></span> <span class='ocrx_word' id='word_1_657' title='bbox 1775 4550 1826 4604; x_wconf 90' lang='lat' dir='ltr'><strong>ei</strong></span> <span class='ocrx_word' id='word_1_658' title='bbox 1857 4564 2025 4616; x_wconf 90' lang='lat' dir='ltr'><strong>pecu-</strong></span> <span class='ocrx_word' id='word_1_659' title='bbox 2059 4544 2258 4608; x_wconf 82' lang='lat' dir='ltr'><strong>Deum</strong></span> <span class='ocrx_word' id='word_1_660' title='bbox 2319 4561 2468 4608; x_wconf 88' lang='lat' dir='ltr'><strong>tanta</strong></span> <span class='ocrx_word' id='word_1_661' title='bbox 2529 4553 2798 4608; x_wconf 88' lang='lat' dir='ltr'><strong>charitate</strong></span> <span class='ocrx_word' id='word_1_662' title='bbox 2853 4568 2954 4622; x_wconf 92' lang='lat' dir='ltr'><strong>per</strong></span> <span class='ocrx_word' id='word_1_663' title='bbox 3015 4551 3232 4607; x_wconf 87' lang='lat' dir='ltr'><strong>litteras</strong></span> <span class='ocrx_word' id='word_1_664' title='bbox 3282 4566 3396 4606; x_wconf 90' lang='lat' dir='ltr'><strong>non</strong></span> <span class='ocrx_word' id='word_1_665' title='bbox 3445 4550 3714 4605; x_wconf 88' lang='lat' dir='ltr'><strong>venisset.</strong></span> 
     </span>
    </p>
   </div>
   <div class='ocr_carea' id='block_1_91' title="bbox 441 4638 2028 4710">
    <p class='ocr_par' dir='ltr' id='par_1_91' title="bbox 441 4638 2028 4710">
     <span class='ocr_line' id='line_1_91' title="bbox 441 4638 2028 4710; baseline 0.003 -18"><span class='ocrx_word' id='word_1_666' title='bbox 441 4638 612 4704; x_wconf 88' lang='lat' dir='ltr'><strong>niam,</strong></span> <span class='ocrx_word' id='word_1_667' title='bbox 645 4654 772 4694; x_wconf 94' lang='lat' dir='ltr'><strong>cum</strong></span> <span class='ocrx_word' id='word_1_668' title='bbox 801 4641 1098 4710; x_wconf 87' lang='lat' dir='ltr'><strong>episcopus</strong></span> <span class='ocrx_word' id='word_1_669' title='bbox 1137 4649 1284 4694; x_wconf 80' lang='lat' dir='ltr'><strong>esset</strong></span> <span class='ocrx_word' id='word_1_670' title='bbox 1319 4640 1663 4710; x_wconf 90' lang='lat' dir='ltr'><strong>designatus,</strong></span> <span class='ocrx_word' id='word_1_671' title='bbox 1702 4640 2028 4696; x_wconf 81' lang='lat' dir='ltr'><strong>Anastasius</strong></span> 
     </span>
    </p>
   </div>
   <div class='ocr_carea' id='block_1_92' title="bbox 443 4728 2028 4802">
    <p class='ocr_par' dir='ltr' id='par_1_92' title="bbox 443 4728 2028 4802">
     <span class='ocr_line' id='line_1_92' title="bbox 443 4728 2028 4802; baseline 0.001 -18"><span class='ocrx_word' id='word_1_672' title='bbox 443 4728 576 4784; x_wconf 88' lang='lat' dir='ltr'><strong>dare</strong></span> <span class='ocrx_word' id='word_1_673' title='bbox 619 4731 883 4785; x_wconf 90' lang='lat' dir='ltr'><strong>noluerit.</strong></span> <span class='ocrx_word' id='word_1_674' title='bbox 920 4730 1040 4786; x_wconf 88' lang='lat' dir='ltr'><strong>Alia</strong></span> <span class='ocrx_word' id='word_1_675' title='bbox 1096 4740 1363 4802; x_wconf 64' lang='lat' dir='ltr'><strong>praetereo</strong></span> <span class='ocrx_word' id='word_1_676' title='bbox 1413 4732 1666 4796; x_wconf 89' lang='lat' dir='ltr'><strong>crimina,</strong></span> <span class='ocrx_word' id='word_1_677' title='bbox 1725 4731 1940 4802; x_wconf 83' lang='lat' dir='ltr'><strong>objecta</strong></span> <span class='ocrx_word' id='word_1_678' title='bbox 1997 4747 2028 4786; x_wconf 90' lang='lat' dir='ltr'><strong>a</strong></span> 
     </span>
    </p>
   </div>
   <div class='ocr_carea' id='block_1_93' title="bbox 443 4820 2026 4893">
    <p class='ocr_par' dir='ltr' id='par_1_93' title="bbox 443 4820 2026 4893">
     <span class='ocr_line' id='line_1_93' title="bbox 443 4820 2026 4893; baseline 0.001 -18"><span class='ocrx_word' id='word_1_679' title='bbox 443 4820 803 4891; x_wconf 86' lang='lat' dir='ltr'><strong>quibusdam,</strong></span> <span class='ocrx_word' id='word_1_680' title='bbox 843 4823 938 4892; x_wconf 89' lang='lat' dir='ltr'><strong>qui</strong></span> <span class='ocrx_word' id='word_1_681' title='bbox 988 4823 1340 4893; x_wconf 88' lang='lat' dir='ltr'><strong>imperatoris</strong></span> <span class='ocrx_word' id='word_1_682' title='bbox 1384 4824 1665 4886; x_wconf 90' lang='lat' dir='ltr'><strong>instituto,</strong></span> <span class='ocrx_word' id='word_1_683' title='bbox 1712 4823 1902 4884; x_wconf 89' lang='lat' dir='ltr'><strong>credo,</strong></span> <span class='ocrx_word' id='word_1_684' title='bbox 1940 4824 2026 4877; x_wconf 87' lang='lat' dir='ltr'><strong>in-</strong></span> 
     </span>
    </p>
   </div>
   <div class='ocr_carea' id='block_1_94' title="bbox 445 4913 2054 4986">
    <p class='ocr_par' dir='ltr' id='par_1_94' title="bbox 445 4913 2054 4986">
     <span class='ocr_line' id='line_1_94' title="bbox 445 4913 2054 4986; baseline 0.001 -19"><span class='ocrx_word' id='word_1_685' title='bbox 445 4913 656 4969; x_wconf 84' lang='lat' dir='ltr'><strong>servire</strong></span> <span class='ocrx_word' id='word_1_686' title='bbox 687 4915 1006 4970; x_wconf 85' lang='lat' dir='ltr'><strong>studebant.</strong></span> <span class='ocrx_word' id='word_1_687' title='bbox 1039 4917 1169 4970; x_wconf 88' lang='lat' dir='ltr'><strong>Post</strong></span> <span class='ocrx_word' id='word_1_688' title='bbox 1204 4916 1357 4969; x_wconf 91' lang='lat' dir='ltr'><strong>illum</strong></span> <span class='ocrx_word' id='word_1_689' title='bbox 1391 4915 1690 4986; x_wconf 82' lang='lat' dir='ltr'><strong>Gregorius</strong></span> <span class='ocrx_word' id='word_1_690' title='bbox 1715 4917 1781 4970; x_wconf 88' lang='lat' dir='ltr'><strong>ad</strong></span> <span class='ocrx_word' id='word_1_691' title='bbox 1810 4930 2054 4971; x_wconf 84' lang='lat' dir='ltr'><strong>sacrum-</strong></span> 
     </span>
    </p>
   </div>
   <div class='ocr_carea' id='block_1_95' title="bbox 444 5004 2028 5075">
    <p class='ocr_par' dir='ltr' id='par_1_95' title="bbox 444 5004 2028 5075">
     <span class='ocr_line' id='line_1_95' title="bbox 444 5004 2028 5075; baseline 0.001 -17"><span class='ocrx_word' id='word_1_692' title='bbox 444 5004 798 5074; x_wconf 74' lang='lat' dir='ltr'><strong>episcOpatus</strong></span> <span class='ocrx_word' id='word_1_693' title='bbox 827 5005 1058 5075; x_wconf 82' lang='lat' dir='ltr'><strong>gradum</strong></span> <span class='ocrx_word' id='word_1_694' title='bbox 1082 5005 1262 5059; x_wconf 91' lang='lat' dir='ltr'><strong>elatus</strong></span> <span class='ocrx_word' id='word_1_695' title='bbox 1287 5012 1392 5060; x_wconf 87' lang='lat' dir='ltr'><strong>est.</strong></span> <span class='ocrx_word' id='word_1_696' title='bbox 1418 5004 1538 5071; x_wconf 85' lang='lat' dir='ltr'><strong>Quo</strong></span> <span class='ocrx_word' id='word_1_697' title='bbox 1567 5014 1808 5069; x_wconf 88' lang='lat' dir='ltr'><strong>mortuo,</strong></span> <span class='ocrx_word' id='word_1_698' title='bbox 1851 5005 2028 5074; x_wconf 91' lang='lat' dir='ltr'><strong>inquit</strong></span> 
     </span>
    </p>
   </div>
   <div class='ocr_carea' id='block_1_96' title="bbox 446 5095 2030 5169">
    <p class='ocr_par' dir='ltr' id='par_1_96' title="bbox 446 5095 2030 5169">
     <span class='ocr_line' id='line_1_96' title="bbox 446 5095 2030 5169; baseline 0 -18"><span class='ocrx_word' id='word_1_699' title='bbox 446 5097 595 5152; x_wconf 91' lang='lat' dir='ltr'><strong>idem</strong></span> <span class='ocrx_word' id='word_1_700' title='bbox 631 5098 902 5169; x_wconf 86' lang='lat' dir='ltr'><strong>Evagrius</strong></span> <span class='ocrx_word' id='word_1_701' title='bbox 936 5113 1058 5167; x_wconf 88' lang='lat' dir='ltr'><strong>cap.</strong></span> <span class='ocrx_word' id='word_1_702' title='bbox 1117 5097 1210 5161; x_wconf 75' lang='lat'><strong>25,</strong></span> <span class='ocrx_word' id='word_1_703' title='bbox 1260 5113 1328 5152; x_wconf 90' lang='lat' dir='ltr'><strong>eo</strong></span> <span class='ocrx_word' id='word_1_704' title='bbox 1383 5106 1632 5166; x_wconf 85' lang='lat' dir='ltr'><strong>tempore</strong></span> <span class='ocrx_word' id='word_1_705' title='bbox 1687 5113 1798 5166; x_wconf 88' lang='lat' dir='ltr'><strong>quo</strong></span> <span class='ocrx_word' id='word_1_706' title='bbox 1821 5095 2030 5168; x_wconf 87' lang='lat' dir='ltr'><strong>Grego—</strong></span> 
     </span>
    </p>
   </div>
   <div class='ocr_carea' id='block_1_97' title="bbox 448 5187 2053 5264">
    <p class='ocr_par' dir='ltr' id='par_1_97' title="bbox 448 5187 2053 5264">
     <span class='ocr_line' id='line_1_97' title="bbox 448 5187 2053 5264; baseline 0 -22"><span class='ocrx_word' id='word_1_707' title='bbox 448 5188 570 5242; x_wconf 90' lang='lat' dir='ltr'><strong>rius</strong></span> <span class='ocrx_word' id='word_1_708' title='bbox 614 5188 842 5258; x_wconf 86' lang='lat' dir='ltr'><strong>Magnus</strong></span> <span class='ocrx_word' id='word_1_709' title='bbox 885 5189 1268 5258; x_wconf 89' lang='lat' dir='ltr'><strong>episcopatum</strong></span> <span class='ocrx_word' id='word_1_710' title='bbox 1317 5187 1559 5258; x_wconf 84' lang='lat' dir='ltr'><strong>antiquae</strong></span> <span class='ocrx_word' id='word_1_711' title='bbox 1617 5187 1808 5242; x_wconf 55' lang='lat' dir='ltr'><strong>Romae</strong></span> <span class='ocrx_word' id='word_1_712' title='bbox 1839 5187 2053 5264; x_wconf 68' lang='lat' dir='ltr'><strong>gessit,</strong></span> 
     </span>
    </p>
   </div>
   <div class='ocr_carea' id='block_1_98' title="bbox 446 5278 2032 5351">
    <p class='ocr_par' dir='ltr' id='par_1_98' title="bbox 446 5278 2032 5351">
     <span class='ocr_line' id='line_1_98' title="bbox 446 5278 2032 5351; baseline -0.003 -15"><span class='ocrx_word' id='word_1_713' title='bbox 446 5279 774 5336; x_wconf 83' lang='lat' dir='ltr'><strong>Anastasius</strong></span> <span class='ocrx_word' id='word_1_714' title='bbox 802 5289 928 5349; x_wconf 93' lang='lat' dir='ltr'><strong>post</strong></span> <span class='ocrx_word' id='word_1_715' title='bbox 973 5280 1166 5351; x_wconf 84' lang='lat' dir='ltr'><strong>viginti</strong></span> <span class='ocrx_word' id='word_1_716' title='bbox 1199 5290 1314 5335; x_wconf 91' lang='lat' dir='ltr'><strong>tres</strong></span> <span class='ocrx_word' id='word_1_717' title='bbox 1359 5294 1535 5334; x_wconf 89' lang='lat' dir='ltr'><strong>annos</strong></span> <span class='ocrx_word' id='word_1_718' title='bbox 1579 5278 1696 5334; x_wconf 91' lang='lat' dir='ltr'><strong>sedi</strong></span> <span class='ocrx_word' id='word_1_719' title='bbox 1776 5294 1890 5333; x_wconf 65' lang='lat' dir='ltr'><strong>suae</strong></span> <span class='ocrx_word' id='word_1_720' title='bbox 1917 5278 2032 5332; x_wconf 89' lang='lat' dir='ltr'><strong>An-</strong></span> 
     </span>
    </p>
   </div>
   <div class='ocr_carea' id='block_1_99' title="bbox 449 5371 2033 5444">
    <p class='ocr_par' dir='ltr' id='par_1_99' title="bbox 449 5371 2033 5444">
     <span class='ocr_line' id='line_1_99' title="bbox 449 5371 2033 5444; baseline 0.001 -18"><span class='ocrx_word' id='word_1_721' title='bbox 449 5371 727 5428; x_wconf 66' lang='lat' dir='ltr'><strong>tiochense</strong></span> <span class='ocrx_word' id='word_1_722' title='bbox 767 5373 1064 5428; x_wconf 90' lang='lat' dir='ltr'><strong>restitutus</strong></span> <span class='ocrx_word' id='word_1_723' title='bbox 1108 5381 1214 5429; x_wconf 91' lang='lat' dir='ltr'><strong>est.</strong></span> <span class='ocrx_word' id='word_1_724' title='bbox 1252 5393 1270 5425; x_wconf 72' lang='grc' dir='ltr'><strong>ι</strong></span> <span class='ocrx_word' id='word_1_725' title='bbox 1312 5372 1389 5428; x_wconf 93' lang='lat' dir='ltr'><strong>Ac</strong></span> <span class='ocrx_word' id='word_1_726' title='bbox 1438 5382 1556 5426; x_wconf 87' lang='lat' dir='ltr'><strong>tum</strong></span> <span class='ocrx_word' id='word_1_727' title='bbox 1615 5373 1883 5444; x_wconf 83' lang='lat' dir='ltr'><strong>Evagrius</strong></span> <span class='ocrx_word' id='word_1_728' title='bbox 1913 5373 2033 5428; x_wconf 91' lang='lat' dir='ltr'><strong>ﬁnit</strong></span> 
     </span>
    </p>
   </div>
   <div class='ocr_carea' id='block_1_100' title="bbox 451 5463 2036 5540">
    <p class='ocr_par' dir='ltr' id='par_1_100' title="bbox 451 5463 2036 5540">
     <span class='ocr_line' id='line_1_100' title="bbox 451 5463 2036 5540; baseline 0.001 -24"><span class='ocrx_word' id='word_1_729' title='bbox 451 5479 606 5518; x_wconf 89' lang='lat' dir='ltr'><strong>suam</strong></span> <span class='ocrx_word' id='word_1_730' title='bbox 663 5464 960 5520; x_wconf 82' lang='lat' dir='ltr'><strong>Historiam</strong></span> <span class='ocrx_word' id='word_1_731' title='bbox 1015 5479 1162 5519; x_wconf 90' lang='lat' dir='ltr'><strong>anno</strong></span> <span class='ocrx_word' id='word_1_732' title='bbox 1214 5465 1280 5519; x_wconf 77' lang='lat' dir='ltr'><strong>l2</strong></span> <span class='ocrx_word' id='word_1_733' title='bbox 1318 5464 1474 5540; x_wconf 86' lang='lat' dir='ltr'><strong>regni</strong></span> <span class='ocrx_word' id='word_1_734' title='bbox 1527 5463 1766 5518; x_wconf 86' lang='lat' dir='ltr'><strong>Mauritii</strong></span> <span class='ocrx_word' id='word_1_735' title='bbox 1799 5464 2036 5535; x_wconf 89' lang='lat' dir='ltr'><strong>impera-</strong></span> 
     </span>
    </p>
   </div>
   <div class='ocr_carea' id='block_1_101' title="bbox 452 5555 1785 5628">
    <p class='ocr_par' dir='ltr' id='par_1_101' title="bbox 452 5555 1785 5628">
     <span class='ocr_line' id='line_1_101' title="bbox 452 5555 1785 5628; baseline 0.002 -20"><span class='ocrx_word' id='word_1_736' title='bbox 452 5557 610 5621; x_wconf 86' lang='lat' dir='ltr'><strong>toris,</strong></span> <span class='ocrx_word' id='word_1_737' title='bbox 661 5557 755 5626; x_wconf 88' lang='lat' dir='ltr'><strong>qui</strong></span> <span class='ocrx_word' id='word_1_738' title='bbox 802 5557 1009 5628; x_wconf 85' lang='lat' dir='ltr'><strong>incepit</strong></span> <span class='ocrx_word' id='word_1_739' title='bbox 1041 5557 1110 5612; x_wconf 77' lang='grc'><strong>15</strong></span> <span class='ocrx_word' id='word_1_740' title='bbox 1159 5555 1412 5628; x_wconf 88' lang='lat' dir='ltr'><strong>Augusti,</strong></span> <span class='ocrx_word' id='word_1_741' title='bbox 1467 5571 1612 5611; x_wconf 90' lang='lat' dir='ltr'><strong>anno</strong></span> <span class='ocrx_word' id='word_1_742' title='bbox 1661 5557 1785 5613; x_wconf 77' lang='lat'><strong>595.</strong></span> 
     </span>
    </p>
   </div>
   <div class='ocr_carea' id='block_1_102' title="bbox 526 5646 2032 5719">
    <p class='ocr_par' dir='ltr' id='par_1_102' title="bbox 526 5646 2032 5719">
     <span class='ocr_line' id='line_1_102' title="bbox 526 5646 2032 5719; baseline -0.001 -17"><span class='ocrx_word' id='word_1_743' title='bbox 526 5646 762 5702; x_wconf 88' lang='lat' dir='ltr'><strong>Sanctus</strong></span> <span class='ocrx_word' id='word_1_744' title='bbox 802 5647 1100 5719; x_wconf 86' lang='lat' dir='ltr'><strong>Gregorius</strong></span> <span class='ocrx_word' id='word_1_745' title='bbox 1133 5647 1360 5718; x_wconf 83' lang='lat' dir='ltr'><strong>Magnus</strong></span> <span class='ocrx_word' id='word_1_746' title='bbox 1387 5647 1533 5702; x_wconf 90' lang='lat' dir='ltr'><strong>inter</strong></span> <span class='ocrx_word' id='word_1_747' title='bbox 1579 5648 1843 5717; x_wconf 89' lang='lat' dir='ltr'><strong>epistolas</strong></span> <span class='ocrx_word' id='word_1_748' title='bbox 1882 5663 2032 5713; x_wconf 89' lang='lat' dir='ltr'><strong>suas,</strong></span> 
     </span>
    </p>
   </div>
   <div class='ocr_carea' id='block_1_103' title="bbox 453 5740 2033 5813">
    <p class='ocr_par' dir='ltr' id='par_1_103' title="bbox 453 5740 2033 5813">
     <span class='ocr_line' id='line_1_103' title="bbox 453 5740 2033 5813; baseline 0 -18"><span class='ocrx_word' id='word_1_749' title='bbox 453 5740 676 5810; x_wconf 80' lang='lat' dir='ltr'><strong>scripsit</strong></span> <span class='ocrx_word' id='word_1_750' title='bbox 718 5741 984 5812; x_wconf 88' lang='lat' dir='ltr'><strong>aliquam,</strong></span> <span class='ocrx_word' id='word_1_751' title='bbox 1028 5743 1255 5798; x_wconf 87' lang='lat' dir='ltr'><strong>relatam</strong></span> <span class='ocrx_word' id='word_1_752' title='bbox 1315 5743 1412 5797; x_wconf 93' lang='lat' dir='ltr'><strong>lib.</strong></span> <span class='ocrx_word' id='word_1_753' title='bbox 1450 5759 1466 5797; x_wconf 89' lang='grc' dir='ltr'><strong>ι</strong></span> <span class='ocrx_word' id='word_1_754' title='bbox 1512 5741 1742 5813; x_wconf 83' lang='lat' dir='ltr'><strong>Registri</strong></span> <span class='ocrx_word' id='word_1_755' title='bbox 1769 5758 1890 5812; x_wconf 88' lang='lat' dir='ltr'><strong>cap.</strong></span> <span class='ocrx_word' id='word_1_756' title='bbox 1942 5742 2033 5807; x_wconf 67' lang='grc'><strong>24,</strong></span> 
     </span>
    </p>
   </div>
   <div class='ocr_carea' id='block_1_104' title="bbox 461 5832 2033 5904">
    <p class='ocr_par' dir='ltr' id='par_1_104' title="bbox 461 5832 2033 5904">
     <span class='ocr_line' id='line_1_104' title="bbox 461 5832 2033 5904; baseline 0.002 -21"><span class='ocrx_word' id='word_1_757' title='bbox 461 5850 481 5883; x_wconf 75' lang='grc' dir='ltr'>ι</span> <span class='ocrx_word' id='word_1_758' title='bbox 535 5832 731 5888; x_wconf 91' lang='lat' dir='ltr'><strong>Ioanni</strong></span> <span class='ocrx_word' id='word_1_759' title='bbox 800 5834 1088 5904; x_wconf 51' lang='lat' dir='ltr'><strong>episcopo,</strong></span> <span class='ocrx_word' id='word_1_760' title='bbox 1127 5833 1270 5901; x_wconf 88' lang='lat' dir='ltr'><strong>CP.,</strong></span> <span class='ocrx_word' id='word_1_761' title='bbox 1328 5833 1558 5901; x_wconf 82' lang='lat' dir='ltr'><strong>Eulogio</strong></span> <span class='ocrx_word' id='word_1_762' title='bbox 1625 5833 2033 5898; x_wconf 80' lang='lat' dir='ltr'><strong>Alexandrino,</strong></span> 
     </span>
    </p>
   </div>
   <div class='ocr_carea' id='block_1_105' title="bbox 2129 4643 3716 4713">
    <p class='ocr_par' dir='ltr' id='par_1_105' title="bbox 2129 4643 3716 4713">
     <span class='ocr_line' id='line_1_105' title="bbox 2129 4643 3716 4713; baseline -0.001 -14"><span class='ocrx_word' id='word_1_763' title='bbox 2129 4644 2285 4713; x_wconf 83' lang='lat' dir='ltr'><strong>Rogo</strong></span> <span class='ocrx_word' id='word_1_764' title='bbox 2320 4652 2526 4708; x_wconf 91' lang='lat' dir='ltr'><strong>autem,</strong></span> <span class='ocrx_word' id='word_1_765' title='bbox 2557 4651 2616 4697; x_wconf 90' lang='lat' dir='ltr'><strong>ut</strong></span> <span class='ocrx_word' id='word_1_766' title='bbox 2661 4658 2761 4713; x_wconf 90' lang='lat' dir='ltr'><strong>pro</strong></span> <span class='ocrx_word' id='word_1_767' title='bbox 2791 4643 2902 4697; x_wconf 89' lang='lat' dir='ltr'><strong>mei</strong></span> <span class='ocrx_word' id='word_1_768' title='bbox 2939 4643 3125 4698; x_wconf 90' lang='lat' dir='ltr'><strong>cordis</strong></span> <span class='ocrx_word' id='word_1_769' title='bbox 3146 4643 3470 4698; x_wconf 88' lang='lat' dir='ltr'><strong>inﬁrmitate</strong></span> <span class='ocrx_word' id='word_1_770' title='bbox 3494 4643 3716 4698; x_wconf 76' lang='lat' dir='ltr'><strong>enixius</strong></span> 
     </span>
    </p>
   </div>
   <div class='ocr_carea' id='block_1_106' title="bbox 2130 4735 3710 4807">
    <p class='ocr_par' dir='ltr' id='par_1_106' title="bbox 2130 4735 3710 4807">
     <span class='ocr_line' id='line_1_106' title="bbox 2130 4735 3710 4807; baseline 0 -19"><span class='ocrx_word' id='word_1_771' title='bbox 2130 4737 2360 4807; x_wconf 88' lang='lat' dir='ltr'><strong>rogetis,</strong></span> <span class='ocrx_word' id='word_1_772' title='bbox 2395 4743 2673 4804; x_wconf 89' lang='lat' dir='ltr'><strong>quatenus</strong></span> <span class='ocrx_word' id='word_1_773' title='bbox 2699 4735 3051 4804; x_wconf 90' lang='lat' dir='ltr'><strong>omnipotens</strong></span> <span class='ocrx_word' id='word_1_774' title='bbox 3082 4735 3229 4790; x_wconf 90' lang='lat' dir='ltr'><strong>Deus</strong></span> <span class='ocrx_word' id='word_1_775' title='bbox 3256 4743 3496 4790; x_wconf 90' lang='lat' dir='ltr'><strong>mentem</strong></span> <span class='ocrx_word' id='word_1_776' title='bbox 3533 4750 3710 4789; x_wconf 88' lang='lat' dir='ltr'><strong>meam</strong></span> 
     </span>
    </p>
   </div>
   <div class='ocr_carea' id='block_1_107' title="bbox 2128 4825 3716 4897">
    <p class='ocr_par' dir='ltr' id='par_1_107' title="bbox 2128 4825 3716 4897">
     <span class='ocr_line' id='line_1_107' title="bbox 2128 4825 3716 4897; baseline 0 -17"><span class='ocrx_word' id='word_1_777' title='bbox 2128 4842 2232 4897; x_wconf 92' lang='lat' dir='ltr'><strong>pro</strong></span> <span class='ocrx_word' id='word_1_778' title='bbox 2269 4836 2453 4881; x_wconf 87' lang='lat' dir='ltr'><strong>vestra</strong></span> <span class='ocrx_word' id='word_1_779' title='bbox 2503 4826 2905 4881; x_wconf 90' lang='lat' dir='ltr'><strong>intercessione</strong></span> <span class='ocrx_word' id='word_1_780' title='bbox 2945 4831 3196 4891; x_wconf 90' lang='lat' dir='ltr'><strong>tueatur,</strong></span> <span class='ocrx_word' id='word_1_781' title='bbox 3227 4833 3281 4881; x_wconf 87' lang='lat' dir='ltr'><strong>et</strong></span> <span class='ocrx_word' id='word_1_782' title='bbox 3311 4826 3480 4880; x_wconf 89' lang='lat' dir='ltr'><strong>citius</strong></span> <span class='ocrx_word' id='word_1_783' title='bbox 3520 4839 3608 4879; x_wconf 92' lang='lat' dir='ltr'><strong>me</strong></span> <span class='ocrx_word' id='word_1_784' title='bbox 3642 4825 3716 4880; x_wconf 84' lang='lat' dir='ltr'><strong>de</strong></span> 
     </span>
    </p>
   </div>
   <div class='ocr_carea' id='block_1_108' title="bbox 2132 4913 3712 4987">
    <p class='ocr_par' dir='ltr' id='par_1_108' title="bbox 2132 4913 3712 4987">
     <span class='ocr_line' id='line_1_108' title="bbox 2132 4913 3712 4987; baseline -0.003 -15"><span class='ocrx_word' id='word_1_785' title='bbox 2132 4927 2215 4972; x_wconf 90' lang='lat' dir='ltr'><strong>tot</strong></span> <span class='ocrx_word' id='word_1_786' title='bbox 2249 4915 2515 4987; x_wconf 90' lang='lat' dir='ltr'><strong>procellis</strong></span> <span class='ocrx_word' id='word_1_787' title='bbox 2568 4916 2736 4987; x_wconf 90' lang='lat' dir='ltr'><strong>hujus</strong></span> <span class='ocrx_word' id='word_1_788' title='bbox 2785 4914 3136 4984; x_wconf 86' lang='lat' dir='ltr'><strong>tempestatis</strong></span> <span class='ocrx_word' id='word_1_789' title='bbox 3169 4913 3392 4984; x_wconf 88' lang='lat' dir='ltr'><strong>eripiat,</strong></span> <span class='ocrx_word' id='word_1_790' title='bbox 3436 4923 3603 4983; x_wconf 90' lang='lat' dir='ltr'><strong>atque</strong></span> <span class='ocrx_word' id='word_1_791' title='bbox 3652 4913 3712 4968; x_wconf 92' lang='lat' dir='ltr'><strong>in</strong></span> 
     </span>
    </p>
   </div>
   <div class='ocr_carea' id='block_1_109' title="bbox 2130 5002 3716 5076">
    <p class='ocr_par' dir='ltr' id='par_1_109' title="bbox 2130 5002 3716 5076">
     <span class='ocr_line' id='line_1_109' title="bbox 2130 5002 3716 5076; baseline -0.004 -14"><span class='ocrx_word' id='word_1_792' title='bbox 2130 5015 2336 5062; x_wconf 83' lang='lat' dir='ltr'><strong>aeterna</strong></span> <span class='ocrx_word' id='word_1_793' title='bbox 2365 5005 2575 5076; x_wconf 90' lang='lat' dir='ltr'><strong>quietis</strong></span> <span class='ocrx_word' id='word_1_794' title='bbox 2596 5007 2785 5060; x_wconf 83' lang='lat' dir='ltr'><strong>littora</strong></span> <span class='ocrx_word' id='word_1_795' title='bbox 2811 5004 3102 5076; x_wconf 88' lang='lat' dir='ltr'><strong>perducat.</strong></span> <span class='ocrx_word' id='word_1_796' title='bbox 3132 5002 3558 5059; x_wconf 90' lang='lat' dir='ltr'><strong>Benedictiones</strong></span> <span class='ocrx_word' id='word_1_797' title='bbox 3578 5017 3716 5057; x_wconf 86' lang='lat' dir='ltr'><strong>vero</strong></span> 
     </span>
    </p>
   </div>
   <div class='ocr_carea' id='block_1_110' title="bbox 2133 5093 3711 5168">
    <p class='ocr_par' dir='ltr' id='par_1_110' title="bbox 2133 5093 3711 5168">
     <span class='ocr_line' id='line_1_110' title="bbox 2133 5093 3711 5168; baseline -0.004 -16"><span class='ocrx_word' id='word_1_798' title='bbox 2133 5096 2602 5168; x_wconf 90' lang='lat' dir='ltr'><strong>locupletissimas</strong></span> <span class='ocrx_word' id='word_1_799' title='bbox 2661 5111 2857 5152; x_wconf 90' lang='lat' dir='ltr'><strong>omnes</strong></span> <span class='ocrx_word' id='word_1_800' title='bbox 2886 5110 3010 5166; x_wconf 66' lang='lat' dir='ltr'><strong>qua:</strong></span> <span class='ocrx_word' id='word_1_801' title='bbox 3047 5093 3277 5150; x_wconf 71' lang='lat' dir='ltr'><strong>directa:</strong></span> <span class='ocrx_word' id='word_1_802' title='bbox 3306 5105 3436 5150; x_wconf 91' lang='lat' dir='ltr'><strong>sunt</strong></span> <span class='ocrx_word' id='word_1_803' title='bbox 3469 5093 3711 5163; x_wconf 90' lang='lat' dir='ltr'><strong>suscepi,</strong></span> 
     </span>
    </p>
   </div>
   <div class='ocr_carea' id='block_1_111' title="bbox 2133 5185 3715 5260">
    <p class='ocr_par' dir='ltr' id='par_1_111' title="bbox 2133 5185 3715 5260">
     <span class='ocr_line' id='line_1_111' title="bbox 2133 5185 3715 5260; baseline -0.003 -16"><span class='ocrx_word' id='word_1_804' title='bbox 2133 5205 2256 5260; x_wconf 63' lang='lat' dir='ltr'><strong>quas</strong></span> <span class='ocrx_word' id='word_1_805' title='bbox 2302 5189 2437 5243; x_wconf 91' lang='lat' dir='ltr'><strong>mihi</strong></span> <span class='ocrx_word' id='word_1_806' title='bbox 2489 5188 2576 5244; x_wconf 86' lang='lat' dir='ltr'><strong>vir</strong></span> <span class='ocrx_word' id='word_1_807' title='bbox 2621 5189 2718 5244; x_wconf 90' lang='lat' dir='ltr'><strong>Dei</strong></span> <span class='ocrx_word' id='word_1_808' title='bbox 2755 5203 2970 5258; x_wconf 92' lang='lat' dir='ltr'><strong>pauper</strong></span> <span class='ocrx_word' id='word_1_809' title='bbox 3003 5188 3204 5258; x_wconf 82' lang='lat' dir='ltr'><strong>Spiritu</strong></span> <span class='ocrx_word' id='word_1_810' title='bbox 3235 5185 3614 5251; x_wconf 90' lang='lat' dir='ltr'><strong>transmisisti,</strong></span> <span class='ocrx_word' id='word_1_811' title='bbox 3642 5186 3715 5252; x_wconf 87' lang='lat' dir='ltr'><strong>de</strong></span> 
     </span>
    </p>
   </div>
   <div class='ocr_carea' id='block_1_112' title="bbox 2133 5276 3714 5350">
    <p class='ocr_par' dir='ltr' id='par_1_112' title="bbox 2133 5276 3714 5350">
     <span class='ocr_line' id='line_1_112' title="bbox 2133 5276 3714 5350; baseline -0.001 -17"><span class='ocrx_word' id='word_1_812' title='bbox 2133 5279 2336 5349; x_wconf 89' lang='lat' dir='ltr'><strong>quibus</strong></span> <span class='ocrx_word' id='word_1_813' title='bbox 2368 5279 2588 5333; x_wconf 91' lang='lat' dir='ltr'><strong>dicitis:</strong></span> <span class='ocrx_word' id='word_1_814' title='bbox 2615 5278 2760 5345; x_wconf 84' lang='lat' dir='ltr'><strong>Quid</strong></span> <span class='ocrx_word' id='word_1_815' title='bbox 2791 5279 2939 5332; x_wconf 91' lang='lat' dir='ltr'><strong>enim</strong></span> <span class='ocrx_word' id='word_1_816' title='bbox 2967 5277 3064 5333; x_wconf 90' lang='lat' dir='ltr'><strong>det</strong></span> <span class='ocrx_word' id='word_1_817' title='bbox 3098 5292 3332 5350; x_wconf 88' lang='lat' dir='ltr'><strong>pauper,</strong></span> <span class='ocrx_word' id='word_1_818' title='bbox 3360 5276 3464 5332; x_wconf 92' lang='lat' dir='ltr'><strong>nisi</strong></span> <span class='ocrx_word' id='word_1_819' title='bbox 3500 5292 3564 5332; x_wconf 89' lang='lat' dir='ltr'><strong>ea</strong></span> <span class='ocrx_word' id='word_1_820' title='bbox 3593 5294 3714 5347; x_wconf 72' lang='lat' dir='ltr'><strong>qua:</strong></span> 
     </span>
    </p>
   </div>
   <div class='ocr_carea' id='block_1_113' title="bbox 2134 5366 3713 5442">
    <p class='ocr_par' dir='ltr' id='par_1_113' title="bbox 2134 5366 3713 5442">
     <span class='ocr_line' id='line_1_113' title="bbox 2134 5366 3713 5442; baseline -0.003 -17"><span class='ocrx_word' id='word_1_821' title='bbox 2134 5371 2398 5442; x_wconf 90' lang='lat' dir='ltr'><strong>pauperis</strong></span> <span class='ocrx_word' id='word_1_822' title='bbox 2425 5371 2597 5424; x_wconf 89' lang='lat' dir='ltr'><strong>sunt?</strong></span> <span class='ocrx_word' id='word_1_823' title='bbox 2629 5370 2735 5426; x_wconf 91' lang='lat' dir='ltr'><strong>Sed</strong></span> <span class='ocrx_word' id='word_1_824' title='bbox 2773 5371 2882 5425; x_wconf 90' lang='lat' dir='ltr'><strong>nisi</strong></span> <span class='ocrx_word' id='word_1_825' title='bbox 2928 5385 3028 5424; x_wconf 90' lang='lat' dir='ltr'><strong>vos</strong></span> <span class='ocrx_word' id='word_1_826' title='bbox 3056 5386 3158 5440; x_wconf 92' lang='lat' dir='ltr'><strong>per</strong></span> <span class='ocrx_word' id='word_1_827' title='bbox 3187 5368 3518 5424; x_wconf 87' lang='lat' dir='ltr'><strong>humilitatis</strong></span> <span class='ocrx_word' id='word_1_828' title='bbox 3545 5366 3713 5436; x_wconf 80' lang='lat' dir='ltr'><strong>spiri-</strong></span> 
     </span>
    </p>
   </div>
   <div class='ocr_carea' id='block_1_114' title="bbox 2136 5461 3715 5534">
    <p class='ocr_par' dir='ltr' id='par_1_114' title="bbox 2136 5461 3715 5534">
     <span class='ocr_line' id='line_1_114' title="bbox 2136 5461 3715 5534; baseline -0.003 -15"><span class='ocrx_word' id='word_1_829' title='bbox 2136 5473 2251 5519; x_wconf 89' lang='lat' dir='ltr'><strong>tum</strong></span> <span class='ocrx_word' id='word_1_830' title='bbox 2303 5480 2580 5534; x_wconf 90' lang='lat' dir='ltr'><strong>pauperes</strong></span> <span class='ocrx_word' id='word_1_831' title='bbox 2626 5464 2849 5530; x_wconf 89' lang='lat' dir='ltr'><strong>essetis,</strong></span> <span class='ocrx_word' id='word_1_832' title='bbox 2877 5463 3300 5520; x_wconf 84' lang='lat' dir='ltr'><strong>benedictiones</strong></span> <span class='ocrx_word' id='word_1_833' title='bbox 3328 5471 3526 5517; x_wconf 65' lang='lat' dir='ltr'><strong>vestrm</strong></span> <span class='ocrx_word' id='word_1_834' title='bbox 3557 5461 3715 5515; x_wconf 89' lang='lat' dir='ltr'><strong>locu-</strong></span> 
     </span>
    </p>
   </div>
   <div class='ocr_carea' id='block_1_115' title="bbox 2136 5556 3715 5627">
    <p class='ocr_par' dir='ltr' id='par_1_115' title="bbox 2136 5556 3715 5627">
     <span class='ocr_line' id='line_1_115' title="bbox 2136 5556 3715 5627; baseline -0.001 -17"><span class='ocrx_word' id='word_1_835' title='bbox 2136 5557 2310 5627; x_wconf 85' lang='lat' dir='ltr'><strong>pletes</strong></span> <span class='ocrx_word' id='word_1_836' title='bbox 2357 5571 2468 5610; x_wconf 89' lang='lat' dir='ltr'><strong>non</strong></span> <span class='ocrx_word' id='word_1_837' title='bbox 2515 5556 2776 5611; x_wconf 87' lang='lat' dir='ltr'><strong>fuissent.</strong></span> <span class='ocrx_word' id='word_1_838' title='bbox 2810 5556 3174 5627; x_wconf 82' lang='lat' dir='ltr'><strong>Omnipotens</strong></span> <span class='ocrx_word' id='word_1_839' title='bbox 3217 5557 3362 5611; x_wconf 87' lang='lat' dir='ltr'><strong>Deus</strong></span> <span class='ocrx_word' id='word_1_840' title='bbox 3396 5570 3494 5609; x_wconf 88' lang='lat' dir='ltr'><strong>sua</strong></span> <span class='ocrx_word' id='word_1_841' title='bbox 3539 5569 3637 5608; x_wconf 87' lang='lat' dir='ltr'><strong>vos</strong></span> <span class='ocrx_word' id='word_1_842' title='bbox 3683 5569 3715 5607; x_wconf 67' lang='grc' dir='ltr'><strong>ει</strong></span> 
     </span>
    </p>
   </div>
   <div class='ocr_carea' id='block_1_116' title="bbox 2139 5645 3714 5718">
    <p class='ocr_par' dir='ltr' id='par_1_116' title="bbox 2139 5645 3714 5718">
     <span class='ocr_line' id='line_1_116' title="bbox 2139 5645 3714 5718; baseline -0.003 -16"><span class='ocrx_word' id='word_1_843' title='bbox 2139 5648 2298 5702; x_wconf 90' lang='lat' dir='ltr'><strong>malis</strong></span> <span class='ocrx_word' id='word_1_844' title='bbox 2339 5647 2601 5703; x_wconf 90' lang='lat' dir='ltr'><strong>omnibus</strong></span> <span class='ocrx_word' id='word_1_845' title='bbox 2652 5649 3001 5718; x_wconf 89' lang='lat' dir='ltr'><strong>protectione</strong></span> <span class='ocrx_word' id='word_1_846' title='bbox 3030 5647 3294 5704; x_wconf 86' lang='lat' dir='ltr'><strong>defendat</strong></span> <span class='ocrx_word' id='word_1_847' title='bbox 3320 5665 3334 5701; x_wconf 89' lang='lat'><strong>:</strong></span> <span class='ocrx_word' id='word_1_848' title='bbox 3366 5655 3423 5702; x_wconf 90' lang='lat' dir='ltr'><strong>et</strong></span> <span class='ocrx_word' id='word_1_849' title='bbox 3451 5645 3714 5716; x_wconf 83' lang='lat' dir='ltr'><strong>quoniam</strong></span> 
     </span>
    </p>
   </div>
   <div class='ocr_carea' id='block_1_117' title="bbox 2137 5738 3712 5797">
    <p class='ocr_par' dir='ltr' id='par_1_117' title="bbox 2137 5738 3712 5797">
     <span class='ocr_line' id='line_1_117' title="bbox 2137 5738 3712 5797; baseline -0.002 -4"><span class='ocrx_word' id='word_1_850' title='bbox 2137 5742 2250 5795; x_wconf 88' lang='lat' dir='ltr'><strong>vita</strong></span> <span class='ocrx_word' id='word_1_851' title='bbox 2295 5750 2476 5796; x_wconf 86' lang='lat' dir='ltr'><strong>vestra</strong></span> <span class='ocrx_word' id='word_1_852' title='bbox 2529 5739 2692 5796; x_wconf 90' lang='lat' dir='ltr'><strong>bonis</strong></span> <span class='ocrx_word' id='word_1_853' title='bbox 2742 5740 3004 5797; x_wconf 88' lang='lat' dir='ltr'><strong>omnibus</strong></span> <span class='ocrx_word' id='word_1_854' title='bbox 3049 5740 3210 5796; x_wconf 84' lang='lat' dir='ltr'><strong>valde</strong></span> <span class='ocrx_word' id='word_1_855' title='bbox 3259 5749 3343 5796; x_wconf 90' lang='lat' dir='ltr'><strong>est</strong></span> <span class='ocrx_word' id='word_1_856' title='bbox 3375 5738 3712 5797; x_wconf 84' lang='lat' dir='ltr'><strong>necessaria,</strong></span> 
     </span>
    </p>
   </div>
   <div class='ocr_carea' id='block_1_118' title="bbox 2140 5829 3716 5902">
    <p class='ocr_par' dir='ltr' id='par_1_118' title="bbox 2140 5829 3716 5902">
     <span class='ocr_line' id='line_1_118' title="bbox 2140 5829 3716 5902; baseline -0.001 -18"><span class='ocrx_word' id='word_1_857' title='bbox 2140 5843 2264 5901; x_wconf 86' lang='lat' dir='ltr'><strong>post</strong></span> <span class='ocrx_word' id='word_1_858' title='bbox 2311 5834 2472 5902; x_wconf 78' lang='lat' dir='ltr'><strong>longa</strong></span> <span class='ocrx_word' id='word_1_859' title='bbox 2507 5833 2689 5889; x_wconf 88' lang='lat' dir='ltr'><strong>adhuc</strong></span> <span class='ocrx_word' id='word_1_860' title='bbox 2727 5841 2975 5902; x_wconf 87' lang='lat' dir='ltr'><strong>tempora</strong></span> <span class='ocrx_word' id='word_1_861' title='bbox 3012 5847 3109 5888; x_wconf 80' lang='lat' dir='ltr'><strong>vos</strong></span> <span class='ocrx_word' id='word_1_862' title='bbox 3143 5832 3209 5887; x_wconf 87' lang='lat' dir='ltr'><strong>al</strong></span> <span class='ocrx_word' id='word_1_863' title='bbox 3249 5829 3491 5887; x_wconf 82' lang='lat' dir='ltr'><strong>caelestis</strong></span> <span class='ocrx_word' id='word_1_864' title='bbox 3525 5830 3716 5897; x_wconf 68' lang='lat' dir='ltr'><strong>patrita</strong></span> 
     </span>
    </p>
   </div>
  </div>
