  <div class='ocr_page' id='page_1' title='image "/cluster/home/n/w/nwhite01/storage/ocr_20150623/89/coo.31924054869932/667.png"; bbox 0 0 4098 6486; ppageno 0'>
   <div class='ocr_carea' id='block_1_1' title="bbox 446 427 3760 509">
    <p class='ocr_par' dir='ltr' id='par_1_1' title="bbox 446 427 3760 509">
     <span class='ocr_line' id='line_1_1' title="bbox 446 427 3760 509; baseline 0.002 -10"><span class='ocrx_word' id='word_1_1' title='bbox 446 433 583 500; x_wconf 83' lang='lat'><strong>1303</strong></span> <span class='ocrx_word' id='word_1_2' title='bbox 1595 439 1658 504; x_wconf 90' lang='lat' dir='ltr'><strong>s.</strong></span> <span class='ocrx_word' id='word_1_3' title='bbox 1701 439 2105 504; x_wconf 87' lang='lat' dir='ltr'><strong>ANASTASII</strong></span> <span class='ocrx_word' id='word_1_4' title='bbox 2151 443 2630 509; x_wconf 82' lang='lat' dir='ltr'><strong>ANTIOCHENI</strong></span> <span class='ocrx_word' id='word_1_5' title='bbox 3617 427 3760 495; x_wconf 70' lang='lat' dir='ltr'><strong>13M</strong></span> 
     </span>
    </p>
   </div>
   <div class='ocr_carea' id='block_1_2' title="bbox 441 546 3766 627">
    <p class='ocr_par' dir='ltr' id='par_1_2' title="bbox 441 546 3766 627">
     <span class='ocr_line' id='line_1_2' title="bbox 441 546 3766 627; baseline -0.002 -25"><span class='ocrx_word' id='word_1_6' title='bbox 441 546 642 620; x_wconf 81' lang='lat' dir='ltr'><strong>gaudia</strong></span> <span class='ocrx_word' id='word_1_7' title='bbox 675 547 966 618; x_wconf 74' lang='lat' dir='ltr'><strong>perducat.</strong></span> <span class='ocrx_word' id='word_1_8' title='bbox 1001 569 1020 604; x_wconf 77' lang='grc' dir='ltr'><strong>ι</strong></span> <span class='ocrx_word' id='word_1_9' title='bbox 1053 549 1184 609; x_wconf 64' lang='lat' dir='ltr'><strong>Haec</strong></span> <span class='ocrx_word' id='word_1_10' title='bbox 1214 549 1292 608; x_wconf 93' lang='lat' dir='ltr'><strong>ibi</strong></span> <span class='ocrx_word' id='word_1_11' title='bbox 1316 549 1385 608; x_wconf 90' lang='lat' dir='ltr'><strong>ad</strong></span> <span class='ocrx_word' id='word_1_12' title='bbox 1413 550 1767 609; x_wconf 87' lang='lat' dir='ltr'><strong>Anastasium</strong></span> <span class='ocrx_word' id='word_1_13' title='bbox 1795 552 2020 623; x_wconf 85' lang='lat' dir='ltr'><strong>episco-</strong></span> <span class='ocrx_word' id='word_1_14' title='bbox 2046 559 2092 618; x_wconf 77' lang='grc' dir='ltr'><strong>Α</strong></span> <span class='ocrx_word' id='word_1_15' title='bbox 2120 555 2438 627; x_wconf 83' lang='lat' dir='ltr'><strong>patriarcha</strong></span> <span class='ocrx_word' id='word_1_16' title='bbox 2471 554 2678 623; x_wconf 85' lang='lat' dir='ltr'><strong>occiso,</strong></span> <span class='ocrx_word' id='word_1_17' title='bbox 2703 551 2889 610; x_wconf 80' lang='lat' dir='ltr'><strong>virilia</strong></span> <span class='ocrx_word' id='word_1_18' title='bbox 2913 551 2973 608; x_wconf 91' lang='lat' dir='ltr'><strong>in</strong></span> <span class='ocrx_word' id='word_1_19' title='bbox 3003 549 3123 624; x_wconf 89' lang='lat' dir='ltr'><strong>ejus</strong></span> <span class='ocrx_word' id='word_1_20' title='bbox 3149 563 3213 608; x_wconf 89' lang='lat' dir='ltr'><strong>os</strong></span> <span class='ocrx_word' id='word_1_21' title='bbox 3240 547 3674 608; x_wconf 69' lang='lat' dir='ltr'><strong>inseruerunt,</strong></span> <span class='ocrx_word' id='word_1_22' title='bbox 3707 550 3766 599; x_wconf 84' lang='lat' dir='ltr'><strong>et</strong></span> 
     </span>
    </p>
   </div>
   <div class='ocr_carea' id='block_1_3' title="bbox 441 639 2059 720">
    <p class='ocr_par' dir='ltr' id='par_1_3' title="bbox 441 640 2022 717">
     <span class='ocr_line' id='line_1_3' title="bbox 441 640 2022 717; baseline 0.003 -23"><span class='ocrx_word' id='word_1_23' title='bbox 441 640 575 711; x_wconf 87' lang='lat' dir='ltr'><strong>pum</strong></span> <span class='ocrx_word' id='word_1_24' title='bbox 597 641 1164 714; x_wconf 66' lang='lat' dir='ltr'><strong>scripta;qua2videri</strong></span> <span class='ocrx_word' id='word_1_25' title='bbox 1192 654 1426 717; x_wconf 88' lang='lat' dir='ltr'><strong>possunt</strong></span> <span class='ocrx_word' id='word_1_26' title='bbox 1444 643 1546 701; x_wconf 89' lang='lat' dir='ltr'><strong>lib.</strong></span> <span class='ocrx_word' id='word_1_27' title='bbox 1571 661 1610 712; x_wconf 94' lang='grc' dir='ltr'><strong>ι,</strong></span> <span class='ocrx_word' id='word_1_28' title='bbox 1635 661 1694 700; x_wconf 91' lang='lat' dir='ltr'><strong>n.</strong></span> <span class='ocrx_word' id='word_1_29' title='bbox 1722 643 1822 713; x_wconf 71' lang='lat'><strong>49;</strong></span> <span class='ocrx_word' id='word_1_30' title='bbox 1845 643 1946 700; x_wconf 87' lang='lat' dir='ltr'><strong>lib.</strong></span> <span class='ocrx_word' id='word_1_31' title='bbox 1963 661 2022 710; x_wconf 86' lang='grc' dir='ltr'><strong>ιι,</strong></span> 
     </span>
    </p>
   </div>
   <div class='ocr_carea' id='block_1_4' title="bbox 2136 639 3754 720">
    <p class='ocr_par' dir='ltr' id='par_1_4' title="bbox 2136 639 3754 720">
     <span class='ocr_line' id='line_1_4' title="bbox 2136 639 3754 720; baseline -0.009 -16"><span class='ocrx_word' id='word_1_32' title='bbox 2136 663 2228 720; x_wconf 88' lang='lat' dir='ltr'><strong>per</strong></span> <span class='ocrx_word' id='word_1_33' title='bbox 2278 649 2492 705; x_wconf 90' lang='lat' dir='ltr'><strong>medias</strong></span> <span class='ocrx_word' id='word_1_34' title='bbox 2524 648 2680 704; x_wconf 82' lang='lat' dir='ltr'><strong>urbis</strong></span> <span class='ocrx_word' id='word_1_35' title='bbox 2732 647 2854 704; x_wconf 84' lang='lat' dir='ltr'><strong>vias</strong></span> <span class='ocrx_word' id='word_1_36' title='bbox 2908 652 3190 718; x_wconf 83' lang='lat' dir='ltr'><strong>raptatum</strong></span> <span class='ocrx_word' id='word_1_37' title='bbox 3234 639 3754 698; x_wconf 65' lang='lat' dir='ltr'><strong>interfecerunt.)</strong></span> 
     </span>
    </p>
   </div>
   <div class='ocr_carea' id='block_1_5' title="bbox 439 729 3768 804">
    <p class='ocr_par' dir='ltr' id='par_1_5' title="bbox 439 729 3768 804">
     <span class='ocr_line' id='line_1_5' title="bbox 439 729 3768 804; baseline 0 -17"><span class='ocrx_word' id='word_1_38' title='bbox 439 748 501 789; x_wconf 85' lang='grc' dir='ltr'><strong>ιι.</strong></span> <span class='ocrx_word' id='word_1_39' title='bbox 559 734 623 790; x_wconf 82' lang='lat' dir='ltr'><strong>l5</strong></span> <span class='ocrx_word' id='word_1_40' title='bbox 669 741 725 790; x_wconf 93' lang='lat' dir='ltr'><strong>et</strong></span> <span class='ocrx_word' id='word_1_41' title='bbox 771 735 876 802; x_wconf 67' lang='lat' dir='ltr'><strong>d9;</strong></span> <span class='ocrx_word' id='word_1_42' title='bbox 923 744 979 791; x_wconf 91' lang='lat' dir='ltr'><strong>et</strong></span> <span class='ocrx_word' id='word_1_43' title='bbox 1013 736 1119 792; x_wconf 89' lang='lat' dir='ltr'><strong>lib.</strong></span> <span class='ocrx_word' id='word_1_44' title='bbox 1170 753 1246 804; x_wconf 75' lang='grc' dir='ltr'><strong>ιγ,</strong></span> <span class='ocrx_word' id='word_1_45' title='bbox 1297 754 1356 794; x_wconf 92' lang='lat' dir='ltr'><strong>n.</strong></span> <span class='ocrx_word' id='word_1_46' title='bbox 1403 739 1430 793; x_wconf 85' lang='grc'><strong>1</strong></span> <span class='ocrx_word' id='word_1_47' title='bbox 1472 749 1529 794; x_wconf 89' lang='lat' dir='ltr'><strong>et</strong></span> <span class='ocrx_word' id='word_1_48' title='bbox 1577 737 1668 794; x_wconf 76' lang='lat'><strong>25.</strong></span> <span class='ocrx_word' id='word_1_49' title='bbox 2127 741 2420 799; x_wconf 86' lang='lat' dir='ltr'><strong>Secundus</strong></span> <span class='ocrx_word' id='word_1_50' title='bbox 2479 743 2586 798; x_wconf 89' lang='lat' dir='ltr'><strong>iste</strong></span> <span class='ocrx_word' id='word_1_51' title='bbox 2639 741 2968 798; x_wconf 68' lang='lat' dir='ltr'><strong>Anastasius</strong></span> <span class='ocrx_word' id='word_1_52' title='bbox 3002 739 3061 794; x_wconf 91' lang='lat' dir='ltr'><strong>in</strong></span> <span class='ocrx_word' id='word_1_53' title='bbox 3093 735 3300 794; x_wconf 85' lang='lat' dir='ltr'><strong>tabulis</strong></span> <span class='ocrx_word' id='word_1_54' title='bbox 3359 729 3768 802; x_wconf 75' lang='lat' dir='ltr'><strong>Theophanis</strong></span> 
     </span>
    </p>
   </div>
   <div class='ocr_carea' id='block_1_6' title="bbox 510 823 3761 910">
    <p class='ocr_par' dir='ltr' id='par_1_6' title="bbox 510 823 3761 910">
     <span class='ocr_line' id='line_1_6' title="bbox 510 823 3761 910; baseline -0.001 -27"><span class='ocrx_word' id='word_1_55' title='bbox 510 827 628 883; x_wconf 91' lang='lat' dir='ltr'><strong>Nec</strong></span> <span class='ocrx_word' id='word_1_56' title='bbox 661 827 761 884; x_wconf 91' lang='lat' dir='ltr'><strong>diu</strong></span> <span class='ocrx_word' id='word_1_57' title='bbox 792 829 1303 901; x_wconf 82' lang='lat' dir='ltr'><strong>vixitpostmodum</strong></span> <span class='ocrx_word' id='word_1_58' title='bbox 1332 829 1659 888; x_wconf 74' lang='lat' dir='ltr'><strong>Anastasius</strong></span> <span class='ocrx_word' id='word_1_59' title='bbox 1687 830 2023 904; x_wconf 78' lang='lat' dir='ltr'><strong>patriarcha,</strong></span> <span class='ocrx_word' id='word_1_60' title='bbox 2127 836 2489 910; x_wconf 78' lang='lat' dir='ltr'><strong>substituitur</strong></span> <span class='ocrx_word' id='word_1_61' title='bbox 2521 835 2698 908; x_wconf 81' lang='lat' dir='ltr'><strong>priori</strong></span> <span class='ocrx_word' id='word_1_62' title='bbox 2753 835 2822 891; x_wconf 91' lang='lat' dir='ltr'><strong>ad</strong></span> <span class='ocrx_word' id='word_1_63' title='bbox 2857 849 2990 890; x_wconf 91' lang='lat' dir='ltr'><strong>ann.</strong></span> <span class='ocrx_word' id='word_1_64' title='bbox 3055 832 3124 888; x_wconf 82' lang='lat' dir='ltr'><strong>l9</strong></span> <span class='ocrx_word' id='word_1_65' title='bbox 3172 827 3411 901; x_wconf 87' lang='lat' dir='ltr'><strong>imperii</strong></span> <span class='ocrx_word' id='word_1_66' title='bbox 3450 823 3761 882; x_wconf 78' lang='lat' dir='ltr'><strong>Mauritii:</strong></span> 
     </span>
    </p>
   </div>
   <div class='ocr_carea' id='block_1_7' title="bbox 439 919 3766 999">
    <p class='ocr_par' dir='ltr' id='par_1_7' title="bbox 439 919 3766 999">
     <span class='ocr_line' id='line_1_7' title="bbox 439 919 3766 999; baseline -0.002 -24"><span class='ocrx_word' id='word_1_67' title='bbox 439 921 539 990; x_wconf 86' lang='lat' dir='ltr'><strong>qui</strong></span> <span class='ocrx_word' id='word_1_68' title='bbox 571 919 678 976; x_wconf 91' lang='lat' dir='ltr'><strong>hoc</strong></span> <span class='ocrx_word' id='word_1_69' title='bbox 705 919 893 978; x_wconf 83' lang='lat' dir='ltr'><strong>forsan</strong></span> <span class='ocrx_word' id='word_1_70' title='bbox 917 923 1099 987; x_wconf 87' lang='lat' dir='ltr'><strong>adhuc</strong></span> <span class='ocrx_word' id='word_1_71' title='bbox 1121 939 1268 980; x_wconf 89' lang='lat' dir='ltr'><strong>anno</strong></span> <span class='ocrx_word' id='word_1_72' title='bbox 1295 923 1400 980; x_wconf 86' lang='lat'><strong>598</strong></span> <span class='ocrx_word' id='word_1_73' title='bbox 1427 931 1524 979; x_wconf 88' lang='lat' dir='ltr'><strong>aut</strong></span> <span class='ocrx_word' id='word_1_74' title='bbox 1547 923 1710 981; x_wconf 92' lang='lat' dir='ltr'><strong>initio</strong></span> <span class='ocrx_word' id='word_1_75' title='bbox 1741 926 2028 996; x_wconf 77' lang='lat' dir='ltr'><strong>sequentis</strong></span> <span class='ocrx_word' id='word_1_76' title='bbox 2126 927 2402 986; x_wconf 67' lang='lat' dir='ltr'><strong>Caeterum</strong></span> <span class='ocrx_word' id='word_1_77' title='bbox 2429 929 2523 986; x_wconf 89' lang='lat' dir='ltr'><strong>hic</strong></span> <span class='ocrx_word' id='word_1_78' title='bbox 2551 943 2730 994; x_wconf 81' lang='lat' dir='ltr'><strong>error,</strong></span> <span class='ocrx_word' id='word_1_79' title='bbox 2773 942 2884 999; x_wconf 92' lang='lat' dir='ltr'><strong>quo</strong></span> <span class='ocrx_word' id='word_1_80' title='bbox 2921 926 3064 982; x_wconf 89' lang='lat' dir='ltr'><strong>duos</strong></span> <span class='ocrx_word' id='word_1_81' title='bbox 3091 920 3441 980; x_wconf 85' lang='lat' dir='ltr'><strong>Anastasios</strong></span> <span class='ocrx_word' id='word_1_82' title='bbox 3479 919 3548 974; x_wconf 91' lang='lat' dir='ltr'><strong>in</strong></span> <span class='ocrx_word' id='word_1_83' title='bbox 3581 932 3766 972; x_wconf 87' lang='lat' dir='ltr'><strong>unum</strong></span> 
     </span>
    </p>
   </div>
   <div class='ocr_carea' id='block_1_8' title="bbox 439 1011 3763 1106">
    <p class='ocr_par' dir='ltr' id='par_1_8' title="bbox 439 1011 3763 1106">
     <span class='ocr_line' id='line_1_8' title="bbox 439 1011 3763 1106; baseline -0.003 -33"><span class='ocrx_word' id='word_1_84' title='bbox 439 1016 555 1094; x_wconf 74' lang='lat' dir='ltr'><strong>vita</strong></span> <span class='ocrx_word' id='word_1_85' title='bbox 603 1015 851 1106; x_wconf 57' lang='lat' dir='ltr'><strong>functus,</strong></span> <span class='ocrx_word' id='word_1_86' title='bbox 901 1031 1063 1073; x_wconf 90' lang='lat' dir='ltr'><strong>suum</strong></span> <span class='ocrx_word' id='word_1_87' title='bbox 1125 1017 1564 1088; x_wconf 88' lang='lat' dir='ltr'><strong>patriarchatum</strong></span> <span class='ocrx_word' id='word_1_88' title='bbox 1631 1019 1799 1075; x_wconf 83' lang='lat' dir='ltr'><strong>cessit</strong></span> <span class='ocrx_word' id='word_1_89' title='bbox 1864 1019 2026 1074; x_wconf 88' lang='lat' dir='ltr'><strong>alteri</strong></span> <span class='ocrx_word' id='word_1_90' title='bbox 2127 1021 2392 1079; x_wconf 85' lang='lat' dir='ltr'><strong>conﬂavit</strong></span> <span class='ocrx_word' id='word_1_91' title='bbox 2436 1021 2806 1091; x_wconf 87' lang='lat' dir='ltr'><strong>Nicephorus,</strong></span> <span class='ocrx_word' id='word_1_92' title='bbox 2840 1018 3024 1090; x_wconf 89' lang='lat' dir='ltr'><strong>potuit</strong></span> <span class='ocrx_word' id='word_1_93' title='bbox 3067 1033 3100 1073; x_wconf 92' lang='lat' dir='ltr'><strong>a</strong></span> <span class='ocrx_word' id='word_1_94' title='bbox 3131 1015 3330 1070; x_wconf 90' lang='lat' dir='ltr'><strong>multis</strong></span> <span class='ocrx_word' id='word_1_95' title='bbox 3358 1011 3618 1068; x_wconf 83' lang='lat' dir='ltr'><strong>facilius</strong></span> <span class='ocrx_word' id='word_1_96' title='bbox 3655 1024 3763 1065; x_wconf 83' lang='lat' dir='ltr'><strong>no-</strong></span> 
     </span>
    </p>
   </div>
   <div class='ocr_carea' id='block_1_9' title="bbox 439 1096 3764 1186">
    <p class='ocr_par' dir='ltr' id='par_1_9' title="bbox 439 1096 3764 1186">
     <span class='ocr_line' id='line_1_9' title="bbox 439 1096 3764 1186; baseline -0.002 -22"><span class='ocrx_word' id='word_1_97' title='bbox 439 1096 754 1178; x_wconf 49' lang='lat' dir='ltr'><strong>Anastasio,</strong></span> <span class='ocrx_word' id='word_1_98' title='bbox 795 1127 826 1166; x_wconf 86' lang='lat' dir='ltr'><strong>a</strong></span> <span class='ocrx_word' id='word_1_99' title='bbox 875 1127 988 1182; x_wconf 92' lang='lat' dir='ltr'><strong>quo</strong></span> <span class='ocrx_word' id='word_1_100' title='bbox 1021 1127 1146 1168; x_wconf 90' lang='lat' dir='ltr'><strong>cum</strong></span> <span class='ocrx_word' id='word_1_101' title='bbox 1179 1121 1406 1167; x_wconf 89' lang='lat' dir='ltr'><strong>sanctus</strong></span> <span class='ocrx_word' id='word_1_102' title='bbox 1437 1110 1737 1184; x_wconf 82' lang='lat' dir='ltr'><strong>Gregorius</strong></span> <span class='ocrx_word' id='word_1_103' title='bbox 1785 1129 1928 1184; x_wconf 91' lang='lat' dir='ltr'><strong>papa</strong></span> <span class='ocrx_word' id='word_1_104' title='bbox 1956 1129 2026 1170; x_wconf 89' lang='lat' dir='ltr'><strong>ex</strong></span> <span class='ocrx_word' id='word_1_105' title='bbox 2130 1115 2257 1182; x_wconf 91' lang='lat' dir='ltr'><strong>tari,</strong></span> <span class='ocrx_word' id='word_1_106' title='bbox 2308 1131 2474 1186; x_wconf 91' lang='lat' dir='ltr'><strong>quam</strong></span> <span class='ocrx_word' id='word_1_107' title='bbox 2507 1115 2650 1170; x_wconf 89' lang='lat' dir='ltr'><strong>alius</strong></span> <span class='ocrx_word' id='word_1_108' title='bbox 2687 1114 2755 1169; x_wconf 91' lang='lat' dir='ltr'><strong>ab</strong></span> <span class='ocrx_word' id='word_1_109' title='bbox 2802 1113 2998 1168; x_wconf 90' lang='lat' dir='ltr'><strong>eodem</strong></span> <span class='ocrx_word' id='word_1_110' title='bbox 3051 1109 3403 1165; x_wconf 86' lang='lat' dir='ltr'><strong>commissus</strong></span> <span class='ocrx_word' id='word_1_111' title='bbox 3448 1105 3516 1160; x_wconf 91' lang='lat' dir='ltr'><strong>in</strong></span> <span class='ocrx_word' id='word_1_112' title='bbox 3567 1103 3764 1174; x_wconf 77' lang='lat' dir='ltr'><strong>priore</strong></span> 
     </span>
    </p>
   </div>
   <div class='ocr_carea' id='block_1_10' title="bbox 441 1193 3761 1278">
    <p class='ocr_par' dir='ltr' id='par_1_10' title="bbox 441 1193 3761 1278">
     <span class='ocr_line' id='line_1_10' title="bbox 441 1193 3761 1278; baseline -0.003 -21"><span class='ocrx_word' id='word_1_113' title='bbox 441 1218 600 1259; x_wconf 88' lang='lat' dir='ltr'><strong>more</strong></span> <span class='ocrx_word' id='word_1_114' title='bbox 645 1203 1046 1274; x_wconf 79' lang='lat' dir='ltr'><strong>professionem</strong></span> <span class='ocrx_word' id='word_1_115' title='bbox 1109 1203 1237 1259; x_wconf 81' lang='lat' dir='ltr'><strong>fidei</strong></span> <span class='ocrx_word' id='word_1_116' title='bbox 1283 1205 1612 1274; x_wconf 88' lang='lat' dir='ltr'><strong>accepisset,</strong></span> <span class='ocrx_word' id='word_1_117' title='bbox 1665 1207 1892 1276; x_wconf 88' lang='lat' dir='ltr'><strong>scripsit</strong></span> <span class='ocrx_word' id='word_1_118' title='bbox 1943 1207 2024 1262; x_wconf 88' lang='lat' dir='ltr'><strong>illi</strong></span> <span class='ocrx_word' id='word_1_119' title='bbox 2129 1209 2442 1274; x_wconf 84' lang='lat' dir='ltr'><strong>Anastasio,</strong></span> <span class='ocrx_word' id='word_1_120' title='bbox 2498 1207 2723 1278; x_wconf 84' lang='lat' dir='ltr'><strong>quando</strong></span> <span class='ocrx_word' id='word_1_121' title='bbox 2765 1221 2894 1260; x_wconf 90' lang='lat' dir='ltr'><strong>eum</strong></span> <span class='ocrx_word' id='word_1_122' title='bbox 2939 1211 2998 1258; x_wconf 89' lang='lat' dir='ltr'><strong>et</strong></span> <span class='ocrx_word' id='word_1_123' title='bbox 3052 1207 3308 1256; x_wconf 89' lang='lat' dir='ltr'><strong>sanetum</strong></span> <span class='ocrx_word' id='word_1_124' title='bbox 3371 1193 3761 1252; x_wconf 83' lang='lat' dir='ltr'><strong>Anastasium</strong></span> 
     </span>
    </p>
   </div>
   <div class='ocr_carea' id='block_1_11' title="bbox 441 1283 3765 1381">
    <p class='ocr_par' dir='ltr' id='par_1_11' title="bbox 441 1283 3765 1381">
     <span class='ocr_line' id='line_1_11' title="bbox 441 1283 3765 1381; baseline -0.003 -32"><span class='ocrx_word' id='word_1_125' title='bbox 441 1295 733 1365; x_wconf 87' lang='lat' dir='ltr'><strong>epistolam</strong></span> <span class='ocrx_word' id='word_1_126' title='bbox 783 1295 1090 1352; x_wconf 86' lang='lat' dir='ltr'><strong>indictione</strong></span> <span class='ocrx_word' id='word_1_127' title='bbox 1125 1297 1180 1363; x_wconf 75' lang='lat'><strong>2,</strong></span> <span class='ocrx_word' id='word_1_128' title='bbox 1209 1313 1356 1353; x_wconf 89' lang='lat' dir='ltr'><strong>anno</strong></span> <span class='ocrx_word' id='word_1_129' title='bbox 1381 1299 1506 1364; x_wconf 89' lang='lat'><strong>599,</strong></span> <span class='ocrx_word' id='word_1_130' title='bbox 1533 1315 1655 1370; x_wconf 74' lang='lat' dir='ltr'><strong>qua:</strong></span> <span class='ocrx_word' id='word_1_131' title='bbox 1698 1306 1786 1356; x_wconf 89' lang='lat' dir='ltr'><strong>est</strong></span> <span class='ocrx_word' id='word_1_132' title='bbox 1815 1299 1913 1354; x_wconf 90' lang='lat' dir='ltr'><strong>lib.</strong></span> <span class='ocrx_word' id='word_1_133' title='bbox 1952 1315 2027 1355; x_wconf 83' lang='lat' dir='ltr'><strong>vn</strong></span> <span class='ocrx_word' id='word_1_134' title='bbox 2125 1300 2466 1381; x_wconf 60' lang='lat' dir='ltr'><strong>monachum</strong></span> <span class='ocrx_word' id='word_1_135' title='bbox 2522 1297 2791 1354; x_wconf 89' lang='lat' dir='ltr'><strong>Sinaitam</strong></span> <span class='ocrx_word' id='word_1_136' title='bbox 2839 1311 3011 1351; x_wconf 91' lang='lat' dir='ltr'><strong>unum</strong></span> <span class='ocrx_word' id='word_1_137' title='bbox 3059 1291 3459 1361; x_wconf 88' lang='lat' dir='ltr'><strong>eumdemque</strong></span> <span class='ocrx_word' id='word_1_138' title='bbox 3499 1285 3672 1342; x_wconf 79' lang='lat' dir='ltr'><strong>fecit.</strong></span> <span class='ocrx_word' id='word_1_139' title='bbox 3703 1283 3765 1339; x_wconf 70' lang='grc' dir='ltr'><strong>ιιι</strong></span> 
     </span>
    </p>
   </div>
   <div class='ocr_carea' id='block_1_12' title="bbox 439 1378 3764 1463">
    <p class='ocr_par' dir='ltr' id='par_1_12' title="bbox 439 1378 3764 1463">
     <span class='ocr_line' id='line_1_12' title="bbox 439 1378 3764 1463; baseline -0.003 -21"><span class='ocrx_word' id='word_1_140' title='bbox 439 1387 670 1460; x_wconf 76' lang='lat' dir='ltr'><strong>Registri</strong></span> <span class='ocrx_word' id='word_1_141' title='bbox 713 1405 834 1460; x_wconf 89' lang='lat' dir='ltr'><strong>cap.</strong></span> <span class='ocrx_word' id='word_1_142' title='bbox 887 1391 978 1445; x_wconf 73' lang='grc'><strong>47.</strong></span> <span class='ocrx_word' id='word_1_143' title='bbox 1027 1390 1329 1463; x_wconf 85' lang='lat' dir='ltr'><strong>Utriusque</strong></span> <span class='ocrx_word' id='word_1_144' title='bbox 1384 1392 1665 1448; x_wconf 80' lang='lat' dir='ltr'><strong>Anastasii</strong></span> <span class='ocrx_word' id='word_1_145' title='bbox 1697 1395 1908 1450; x_wconf 85' lang='lat' dir='ltr'><strong>mentio</strong></span> <span class='ocrx_word' id='word_1_146' title='bbox 1941 1401 2028 1450; x_wconf 90' lang='lat' dir='ltr'><strong>est</strong></span> <span class='ocrx_word' id='word_1_147' title='bbox 2125 1378 2314 1449; x_wconf 69' lang='lat' dir='ltr'><strong>autem</strong></span> <span class='ocrx_word' id='word_1_148' title='bbox 2347 1391 2497 1456; x_wconf 84' lang='lat' dir='ltr'><strong>fecit,</strong></span> <span class='ocrx_word' id='word_1_149' title='bbox 2552 1400 2614 1446; x_wconf 88' lang='lat' dir='ltr'><strong>ut</strong></span> <span class='ocrx_word' id='word_1_150' title='bbox 2659 1391 2772 1462; x_wconf 91' lang='lat' dir='ltr'><strong>jam</strong></span> <span class='ocrx_word' id='word_1_151' title='bbox 2814 1387 3157 1452; x_wconf 91' lang='lat' dir='ltr'><strong>monuimus,</strong></span> <span class='ocrx_word' id='word_1_152' title='bbox 3189 1384 3328 1440; x_wconf 89' lang='lat' dir='ltr'><strong>dum</strong></span> <span class='ocrx_word' id='word_1_153' title='bbox 3365 1378 3672 1438; x_wconf 82' lang='lat' dir='ltr'><strong>describit</strong></span> <span class='ocrx_word' id='word_1_154' title='bbox 3695 1393 3764 1433; x_wconf 83' lang='lat' dir='ltr'><strong>ex</strong></span> 
     </span>
    </p>
   </div>
   <div class='ocr_carea' id='block_1_13' title="bbox 440 1469 3764 1557">
    <p class='ocr_par' dir='ltr' id='par_1_13' title="bbox 440 1469 3764 1557">
     <span class='ocr_line' id='line_1_13' title="bbox 440 1469 3764 1557; baseline -0.003 -23"><span class='ocrx_word' id='word_1_155' title='bbox 440 1479 498 1534; x_wconf 90' lang='lat' dir='ltr'><strong>in</strong></span> <span class='ocrx_word' id='word_1_156' title='bbox 547 1479 753 1537; x_wconf 88' lang='lat' dir='ltr'><strong>tabulis</strong></span> <span class='ocrx_word' id='word_1_157' title='bbox 785 1481 1008 1539; x_wconf 87' lang='lat' dir='ltr'><strong>insertis</strong></span> <span class='ocrx_word' id='word_1_158' title='bbox 1055 1484 1518 1556; x_wconf 71' lang='lat' dir='ltr'><strong>ehronographize</strong></span> <span class='ocrx_word' id='word_1_159' title='bbox 1564 1485 1942 1557; x_wconf 87' lang='lat' dir='ltr'><strong>Theophanis,</strong></span> <span class='ocrx_word' id='word_1_160' title='bbox 1970 1497 2028 1543; x_wconf 86' lang='lat' dir='ltr'><strong>et</strong></span> <span class='ocrx_word' id='word_1_161' title='bbox 2129 1483 2351 1556; x_wconf 79' lang='lat' dir='ltr'><strong>Evagrii</strong></span> <span class='ocrx_word' id='word_1_162' title='bbox 2399 1483 2638 1538; x_wconf 74' lang='lat' dir='ltr'><strong>Historia</strong></span> <span class='ocrx_word' id='word_1_163' title='bbox 2695 1487 2862 1552; x_wconf 88' lang='lat' dir='ltr'><strong>caput</strong></span> <span class='ocrx_word' id='word_1_164' title='bbox 2906 1479 2976 1536; x_wconf 85' lang='grc'>’59</span> <span class='ocrx_word' id='word_1_165' title='bbox 3033 1476 3164 1533; x_wconf 90' lang='lat' dir='ltr'><strong>libri</strong></span> <span class='ocrx_word' id='word_1_166' title='bbox 3209 1491 3306 1541; x_wconf 77' lang='grc' dir='ltr'><strong>ιν,</strong></span> <span class='ocrx_word' id='word_1_167' title='bbox 3379 1469 3764 1528; x_wconf 84' lang='lat' dir='ltr'><strong>immutando</strong></span> 
     </span>
    </p>
   </div>
   <div class='ocr_carea' id='block_1_14' title="bbox 439 1560 3760 1650">
    <p class='ocr_par' dir='ltr' id='par_1_14' title="bbox 439 1560 3760 1650">
     <span class='ocr_line' id='line_1_14' title="bbox 439 1560 3760 1650; baseline -0.004 -24"><span class='ocrx_word' id='word_1_168' title='bbox 439 1572 686 1644; x_wconf 88' lang='lat' dir='ltr'><strong>catalogo</strong></span> <span class='ocrx_word' id='word_1_169' title='bbox 708 1573 1590 1644; x_wconf 87' lang='lat' dir='ltr'><strong>cpiscoporumAntiochenorum</strong></span> <span class='ocrx_word' id='word_1_170' title='bbox 1612 1579 1756 1650; x_wconf 91' lang='lat' dir='ltr'><strong>apud</strong></span> <span class='ocrx_word' id='word_1_171' title='bbox 1775 1588 2025 1641; x_wconf 83' lang='lat' dir='ltr'><strong>sanctum</strong></span> <span class='ocrx_word' id='word_1_172' title='bbox 2131 1575 2383 1640; x_wconf 88' lang='lat' dir='ltr'><strong>titulum;</strong></span> <span class='ocrx_word' id='word_1_173' title='bbox 2431 1582 2486 1629; x_wconf 92' lang='lat' dir='ltr'><strong>et</strong></span> <span class='ocrx_word' id='word_1_174' title='bbox 2519 1587 2646 1628; x_wconf 91' lang='lat' dir='ltr'><strong>cum</strong></span> <span class='ocrx_word' id='word_1_175' title='bbox 2698 1570 2972 1641; x_wconf 82' lang='lat' dir='ltr'><strong>Evagrius</strong></span> <span class='ocrx_word' id='word_1_176' title='bbox 3003 1569 3154 1623; x_wconf 90' lang='lat' dir='ltr'><strong>hunc</strong></span> <span class='ocrx_word' id='word_1_177' title='bbox 3181 1571 3596 1637; x_wconf 81' lang='lat' dir='ltr'><strong>praeponeret,</strong></span> <span class='ocrx_word' id='word_1_178' title='bbox 3623 1560 3760 1632; x_wconf 79' lang='grc' dir='ltr'><strong>Περὶ</strong></span> 
     </span>
    </p>
   </div>
   <div class='ocr_carea' id='block_1_15' title="bbox 438 1653 2056 1740">
    <p class='ocr_par' dir='ltr' id='par_1_15' title="bbox 438 1663 2023 1740">
     <span class='ocr_line' id='line_1_15' title="bbox 438 1663 2023 1740; baseline 0.004 -20"><span class='ocrx_word' id='word_1_179' title='bbox 438 1663 819 1736; x_wconf 88' lang='lat' dir='ltr'><strong>Nicephorum</strong></span> <span class='ocrx_word' id='word_1_180' title='bbox 885 1666 1258 1737; x_wconf 90' lang='lat' dir='ltr'><strong>patriarcham</strong></span> <span class='ocrx_word' id='word_1_181' title='bbox 1317 1667 2023 1740; x_wconf 87' lang='lat' dir='ltr'><strong>Constantinopolitanum,</strong></span> 
     </span>
    </p>
   </div>
   <div class='ocr_carea' id='block_1_16' title="bbox 2141 1653 3759 1740">
    <p class='ocr_par' dir='ltr' id='par_1_16' title="bbox 2141 1653 3759 1736">
     <span class='ocr_line' id='line_1_16' title="bbox 2141 1653 3759 1736; baseline -0.009 -15"><span class='ocrx_word' id='word_1_182' title='bbox 2141 1667 2498 1721; x_wconf 81' lang='grc' dir='ltr'><strong>Ἀναστασῑου</strong></span> <span class='ocrx_word' id='word_1_183' title='bbox 2537 1663 2976 1736; x_wconf 83' lang='grc' dir='ltr'><strong>ἀρχιεπισκὸπου</strong></span> <span class='ocrx_word' id='word_1_184' title='bbox 3025 1658 3397 1730; x_wconf 75' lang='grc' dir='ltr'><strong>Ἀντιοχείας,</strong></span> <span class='ocrx_word' id='word_1_185' title='bbox 3422 1655 3560 1726; x_wconf 85' lang='lat' dir='ltr'><strong>ipse</strong></span> <span class='ocrx_word' id='word_1_186' title='bbox 3589 1653 3759 1709; x_wconf 86' lang='lat' dir='ltr'><strong>istum</strong></span> 
     </span>
    </p>
   </div>
   <div class='ocr_carea' id='block_1_17' title="bbox 438 1745 2056 1831">
    <p class='ocr_par' dir='ltr' id='par_1_17' title="bbox 438 1754 2024 1831">
     <span class='ocr_line' id='line_1_17' title="bbox 438 1754 2024 1831; baseline 0.007 -24"><span class='ocrx_word' id='word_1_187' title='bbox 438 1759 608 1824; x_wconf 84' lang='lat' dir='ltr'><strong>atque</strong></span> <span class='ocrx_word' id='word_1_188' title='bbox 648 1754 708 1809; x_wconf 93' lang='lat' dir='ltr'><strong>in</strong></span> <span class='ocrx_word' id='word_1_189' title='bbox 743 1755 980 1810; x_wconf 82' lang='lat' dir='ltr'><strong>Historia</strong></span> <span class='ocrx_word' id='word_1_190' title='bbox 1025 1756 1382 1814; x_wconf 80' lang='lat' dir='ltr'><strong>ecclesiastica</strong></span> <span class='ocrx_word' id='word_1_191' title='bbox 1429 1759 1732 1831; x_wconf 86' lang='lat' dir='ltr'><strong>Nicephori</strong></span> <span class='ocrx_word' id='word_1_192' title='bbox 1783 1761 2024 1828; x_wconf 86' lang='lat' dir='ltr'><strong>Callisti,</strong></span> 
     </span>
    </p>
   </div>
   <div class='ocr_carea' id='block_1_18' title="bbox 2139 1745 3757 1831">
    <p class='ocr_par' dir='ltr' id='par_1_18' title="bbox 2139 1745 3757 1828">
     <span class='ocr_line' id='line_1_18' title="bbox 2139 1745 3757 1828; baseline -0.01 -15"><span class='ocrx_word' id='word_1_193' title='bbox 2139 1758 2228 1814; x_wconf 91' lang='lat' dir='ltr'><strong>lib.</strong></span> <span class='ocrx_word' id='word_1_194' title='bbox 2280 1774 2390 1813; x_wconf 85' lang='lat' dir='ltr'><strong>xvn</strong></span> <span class='ocrx_word' id='word_1_195' title='bbox 2427 1773 2554 1828; x_wconf 82' lang='lat' dir='ltr'><strong>cap.</strong></span> <span class='ocrx_word' id='word_1_196' title='bbox 2603 1757 2674 1813; x_wconf 71' lang='grc'>29</span> <span class='ocrx_word' id='word_1_197' title='bbox 2707 1757 2944 1812; x_wconf 91' lang='lat' dir='ltr'><strong>collocat</strong></span> <span class='ocrx_word' id='word_1_198' title='bbox 2987 1772 3004 1812; x_wconf 75' lang='grc' dir='ltr'><strong>ι</strong></span> <span class='ocrx_word' id='word_1_199' title='bbox 3038 1753 3178 1825; x_wconf 73' lang='grc' dir='ltr'><strong>Περὶ</strong></span> <span class='ocrx_word' id='word_1_200' title='bbox 3222 1747 3627 1820; x_wconf 74' lang='grc' dir='ltr'><strong>Ἀναστᾳσίου</strong></span> <span class='ocrx_word' id='word_1_201' title='bbox 3664 1745 3757 1798; x_wconf 81' lang='grc' dir='ltr'><strong>τοῦ</strong></span> 
     </span>
    </p>
   </div>
   <div class='ocr_carea' id='block_1_19' title="bbox 439 1837 2057 1918">
    <p class='ocr_par' dir='ltr' id='par_1_19' title="bbox 439 1841 2028 1918">
     <span class='ocr_line' id='line_1_19' title="bbox 439 1841 2028 1918; baseline 0.006 -19"><span class='ocrx_word' id='word_1_202' title='bbox 439 1841 540 1916; x_wconf 88' lang='lat' dir='ltr'><strong>qui</strong></span> <span class='ocrx_word' id='word_1_203' title='bbox 587 1857 658 1900; x_wconf 89' lang='lat' dir='ltr'><strong>ex</strong></span> <span class='ocrx_word' id='word_1_204' title='bbox 705 1845 962 1916; x_wconf 78' lang='lat' dir='ltr'><strong>Evagrio,</strong></span> <span class='ocrx_word' id='word_1_205' title='bbox 1008 1861 1134 1916; x_wconf 75' lang='lat' dir='ltr'><strong>qua:</strong></span> <span class='ocrx_word' id='word_1_206' title='bbox 1183 1862 1354 1918; x_wconf 88' lang='lat' dir='ltr'><strong>supra</strong></span> <span class='ocrx_word' id='word_1_207' title='bbox 1413 1847 1706 1915; x_wconf 90' lang='lat' dir='ltr'><strong>dedimus,</strong></span> <span class='ocrx_word' id='word_1_208' title='bbox 1761 1849 2028 1908; x_wconf 86' lang='lat' dir='ltr'><strong>describit</strong></span> 
     </span>
    </p>
   </div>
   <div class='ocr_carea' id='block_1_20' title="bbox 2139 1837 3757 1918">
    <p class='ocr_par' dir='ltr' id='par_1_20' title="bbox 2139 1837 3757 1914">
     <span class='ocr_line' id='line_1_20' title="bbox 2139 1837 3757 1914; baseline -0.01 -10"><span class='ocrx_word' id='word_1_209' title='bbox 2139 1851 2484 1914; x_wconf 75' lang='grc' dir='ltr'><strong>Βεουπόλεως</strong></span> <span class='ocrx_word' id='word_1_210' title='bbox 2513 1849 2608 1904; x_wconf 80' lang='grc' dir='ltr'><strong>τοῦ</strong></span> <span class='ocrx_word' id='word_1_211' title='bbox 2633 1849 2904 1903; x_wconf 77' lang='grc' dir='ltr'><strong>Σιναῒτου.</strong></span> <span class='ocrx_word' id='word_1_212' title='bbox 2955 1845 3163 1901; x_wconf 89' lang='lat' dir='ltr'><strong>Eodem</strong></span> <span class='ocrx_word' id='word_1_213' title='bbox 3198 1839 3378 1896; x_wconf 91' lang='lat' dir='ltr'><strong>modo</strong></span> <span class='ocrx_word' id='word_1_214' title='bbox 3405 1837 3575 1892; x_wconf 87' lang='lat' dir='ltr'><strong>libro</strong></span> <span class='ocrx_word' id='word_1_215' title='bbox 3604 1849 3757 1898; x_wconf 85' lang='lat' dir='ltr'><strong>xvm,</strong></span> 
     </span>
    </p>
   </div>
   <div class='ocr_carea' id='block_1_21' title="bbox 438 1911 3758 2016">
    <p class='ocr_par' dir='ltr' id='par_1_21' title="bbox 438 1911 3758 2016">
     <span class='ocr_line' id='line_1_21' title="bbox 438 1911 3758 2016; baseline -0.003 -27"><span class='ocrx_word' id='word_1_216' title='bbox 438 1911 480 1989; x_wconf 68' lang='lat'><strong>1.</strong></span> <span class='ocrx_word' id='word_1_217' title='bbox 513 1948 648 2000; x_wconf 84' lang='lat' dir='ltr'><strong>xvu,</strong></span> <span class='ocrx_word' id='word_1_218' title='bbox 682 1911 896 2006; x_wconf 60' lang='lat' dir='ltr'><strong>cap.§9</strong></span> <span class='ocrx_word' id='word_1_219' title='bbox 927 1911 1403 2009; x_wconf 26' lang='lat' dir='ltr'><strong>subﬁnemicap.</strong></span> <span class='ocrx_word' id='word_1_220' title='bbox 1429 1939 1498 1996; x_wconf 76' lang='lat'><strong>39</strong></span> <span class='ocrx_word' id='word_1_221' title='bbox 1529 1911 1769 2012; x_wconf 84' lang='lat' dir='ltr'><strong>integro,</strong></span> <span class='ocrx_word' id='word_1_222' title='bbox 1803 1943 1873 1998; x_wconf 90' lang='lat' dir='ltr'><strong>de</strong></span> <span class='ocrx_word' id='word_1_223' title='bbox 1905 1943 2027 2016; x_wconf 89' lang='lat' dir='ltr'><strong>ejus</strong></span> <span class='ocrx_word' id='word_1_224' title='bbox 2060 1911 2100 1965; x_wconf 75' lang='grc' dir='ltr'><strong>Β</strong></span> <span class='ocrx_word' id='word_1_225' title='bbox 2129 1957 2254 2012; x_wconf 89' lang='lat' dir='ltr'><strong>cap.</strong></span> <span class='ocrx_word' id='word_1_226' title='bbox 2301 1941 2370 1996; x_wconf 80' lang='grc'><strong>16</strong></span> <span class='ocrx_word' id='word_1_227' title='bbox 2399 1911 2564 1996; x_wconf 81' lang='lat' dir='ltr'><strong>hunc</strong></span> <span class='ocrx_word' id='word_1_228' title='bbox 2597 1939 2824 1994; x_wconf 89' lang='lat' dir='ltr'><strong>titulum</strong></span> <span class='ocrx_word' id='word_1_229' title='bbox 2871 1937 3042 1992; x_wconf 90' lang='lat' dir='ltr'><strong>habet</strong></span> <span class='ocrx_word' id='word_1_230' title='bbox 3071 1953 3085 1990; x_wconf 76' lang='grc' dir='ltr'>ε</span> <span class='ocrx_word' id='word_1_231' title='bbox 3120 1931 3410 2000; x_wconf 85' lang='lat' dir='ltr'><strong>Quomodo</strong></span> <span class='ocrx_word' id='word_1_232' title='bbox 3445 1935 3578 2000; x_wconf 76' lang='lat' dir='ltr'><strong>post</strong></span> <span class='ocrx_word' id='word_1_233' title='bbox 3627 1925 3758 1984; x_wconf 81' lang='lat' dir='ltr'><strong>Gre-</strong></span> 
     </span>
    </p>
   </div>
   <div class='ocr_carea' id='block_1_22' title="bbox 440 2017 3757 2104">
    <p class='ocr_par' dir='ltr' id='par_1_22' title="bbox 440 2017 3757 2104">
     <span class='ocr_line' id='line_1_22' title="bbox 440 2017 3757 2104; baseline -0.003 -24"><span class='ocrx_word' id='word_1_234' title='bbox 440 2023 790 2097; x_wconf 85' lang='lat' dir='ltr'><strong>depositione</strong></span> <span class='ocrx_word' id='word_1_235' title='bbox 841 2043 965 2100; x_wconf 87' lang='lat' dir='ltr'><strong>cap.</strong></span> <span class='ocrx_word' id='word_1_236' title='bbox 1023 2029 1113 2096; x_wconf 80' lang='lat'><strong>56,</strong></span> <span class='ocrx_word' id='word_1_237' title='bbox 1157 2038 1213 2085; x_wconf 87' lang='lat' dir='ltr'><strong>et</strong></span> <span class='ocrx_word' id='word_1_238' title='bbox 1258 2031 1327 2086; x_wconf 91' lang='lat' dir='ltr'><strong>de</strong></span> <span class='ocrx_word' id='word_1_239' title='bbox 1355 2032 1702 2091; x_wconf 85' lang='lat' dir='ltr'><strong>restitutione</strong></span> <span class='ocrx_word' id='word_1_240' title='bbox 1741 2035 1842 2091; x_wconf 87' lang='lat' dir='ltr'><strong>lib.</strong></span> <span class='ocrx_word' id='word_1_241' title='bbox 1875 2053 2024 2103; x_wconf 86' lang='lat' dir='ltr'><strong>xvm,</strong></span> <span class='ocrx_word' id='word_1_242' title='bbox 2129 2034 2340 2104; x_wconf 83' lang='lat' dir='ltr'><strong>gorium</strong></span> <span class='ocrx_word' id='word_1_243' title='bbox 2369 2032 2688 2087; x_wconf 77' lang='lat' dir='ltr'><strong>Anastasius</strong></span> <span class='ocrx_word' id='word_1_244' title='bbox 2729 2028 2962 2085; x_wconf 76' lang='lat' dir='ltr'><strong>Sinaites</strong></span> <span class='ocrx_word' id='word_1_245' title='bbox 3005 2025 3180 2080; x_wconf 81' lang='lat' dir='ltr'><strong>sedem</strong></span> <span class='ocrx_word' id='word_1_246' title='bbox 3232 2037 3406 2078; x_wconf 82' lang='lat' dir='ltr'><strong>suam</strong></span> <span class='ocrx_word' id='word_1_247' title='bbox 3467 2017 3757 2089; x_wconf 77' lang='lat' dir='ltr'><strong>receperit.</strong></span> 
     </span>
    </p>
   </div>
   <div class='ocr_carea' id='block_1_23' title="bbox 441 2109 3753 2201">
    <p class='ocr_par' dir='ltr' id='par_1_23' title="bbox 441 2109 3753 2201">
     <span class='ocr_line' id='line_1_23' title="bbox 441 2109 3753 2201; baseline -0.001 -36"><span class='ocrx_word' id='word_1_248' title='bbox 441 2133 566 2191; x_wconf 80' lang='lat' dir='ltr'><strong>cap.</strong></span> <span class='ocrx_word' id='word_1_249' title='bbox 612 2119 704 2176; x_wconf 73' lang='lat'><strong>26,</strong></span> <span class='ocrx_word' id='word_1_250' title='bbox 734 2120 942 2178; x_wconf 76' lang='lat' dir='ltr'><strong>verum</strong></span> <span class='ocrx_word' id='word_1_251' title='bbox 987 2121 1294 2180; x_wconf 69' lang='lat' dir='ltr'><strong>destitutus</strong></span> <span class='ocrx_word' id='word_1_252' title='bbox 1361 2124 1514 2182; x_wconf 69' lang='lat' dir='ltr'><strong>dicto</strong></span> <span class='ocrx_word' id='word_1_253' title='bbox 1561 2127 1704 2184; x_wconf 83' lang='lat' dir='ltr'><strong>duce</strong></span> <span class='ocrx_word' id='word_1_254' title='bbox 1763 2129 2023 2201; x_wconf 78' lang='lat' dir='ltr'><strong>Evagrio,</strong></span> <span class='ocrx_word' id='word_1_255' title='bbox 2130 2123 2240 2180; x_wconf 90' lang='lat' dir='ltr'><strong>Sed</strong></span> <span class='ocrx_word' id='word_1_256' title='bbox 2257 2123 2344 2178; x_wconf 85' lang='lat' dir='ltr'><strong>vel</strong></span> <span class='ocrx_word' id='word_1_257' title='bbox 2371 2122 2609 2177; x_wconf 81' lang='lat' dir='ltr'><strong>maxime</strong></span> <span class='ocrx_word' id='word_1_258' title='bbox 2629 2111 2735 2176; x_wconf 83' lang='lat' dir='ltr'><strong>hoc</strong></span> <span class='ocrx_word' id='word_1_259' title='bbox 2759 2119 2890 2175; x_wconf 81' lang='lat' dir='ltr'><strong>fecit</strong></span> <span class='ocrx_word' id='word_1_260' title='bbox 2912 2133 3034 2188; x_wconf 91' lang='lat' dir='ltr'><strong>cap.</strong></span> <span class='ocrx_word' id='word_1_261' title='bbox 3057 2117 3126 2171; x_wconf 70' lang='grc'><strong>44</strong></span> <span class='ocrx_word' id='word_1_262' title='bbox 3169 2109 3573 2186; x_wconf 87' lang='lat' dir='ltr'><strong>ejusdemlib.</strong></span> <span class='ocrx_word' id='word_1_263' title='bbox 3603 2119 3753 2201; x_wconf 61' lang='lat' dir='ltr'><strong>xvm,</strong></span> 
     </span>
    </p>
   </div>
   <div class='ocr_carea' id='block_1_24' title="bbox 441 2199 3753 2286">
    <p class='ocr_par' dir='ltr' id='par_1_24' title="bbox 441 2199 3753 2286">
     <span class='ocr_line' id='line_1_24' title="bbox 441 2199 3753 2286; baseline -0.004 -21"><span class='ocrx_word' id='word_1_264' title='bbox 441 2208 607 2280; x_wconf 87' lang='lat' dir='ltr'><strong>plane</strong></span> <span class='ocrx_word' id='word_1_265' title='bbox 635 2209 876 2276; x_wconf 90' lang='lat' dir='ltr'><strong>aberrat,</strong></span> <span class='ocrx_word' id='word_1_266' title='bbox 910 2211 1042 2266; x_wconf 91' lang='lat' dir='ltr'><strong>dum</strong></span> <span class='ocrx_word' id='word_1_267' title='bbox 1071 2228 1192 2284; x_wconf 89' lang='lat' dir='ltr'><strong>cap.</strong></span> <span class='ocrx_word' id='word_1_268' title='bbox 1222 2214 1292 2268; x_wconf 71' lang='grc'><strong>44</strong></span> <span class='ocrx_word' id='word_1_269' title='bbox 1324 2214 1457 2270; x_wconf 89' lang='lat' dir='ltr'><strong>dicti</strong></span> <span class='ocrx_word' id='word_1_270' title='bbox 1491 2215 1622 2272; x_wconf 90' lang='lat' dir='ltr'><strong>libri</strong></span> <span class='ocrx_word' id='word_1_271' title='bbox 1648 2233 1779 2274; x_wconf 87' lang='lat' dir='ltr'><strong>xvm</strong></span> <span class='ocrx_word' id='word_1_272' title='bbox 1809 2199 2024 2286; x_wconf 79' lang='lat' dir='ltr'><strong>scribit,</strong></span> <span class='ocrx_word' id='word_1_273' title='bbox 2128 2215 2227 2272; x_wconf 93' lang='lat' dir='ltr'><strong>ubi</strong></span> <span class='ocrx_word' id='word_1_274' title='bbox 2283 2224 2586 2286; x_wconf 89' lang='lat' dir='ltr'><strong>u—trumque</strong></span> <span class='ocrx_word' id='word_1_275' title='bbox 2635 2227 2887 2268; x_wconf 88' lang='lat' dir='ltr'><strong>errorem</strong></span> <span class='ocrx_word' id='word_1_276' title='bbox 2949 2225 3112 2266; x_wconf 91' lang='lat' dir='ltr'><strong>suum</strong></span> <span class='ocrx_word' id='word_1_277' title='bbox 3169 2202 3580 2263; x_wconf 90' lang='lat' dir='ltr'><strong>combinando</strong></span> <span class='ocrx_word' id='word_1_278' title='bbox 3638 2199 3753 2254; x_wconf 89' lang='lat' dir='ltr'><strong>ait:</strong></span> 
     </span>
    </p>
   </div>
   <div class='ocr_carea' id='block_1_25' title="bbox 329 2296 3755 2376">
    <p class='ocr_par' dir='ltr' id='par_1_25' title="bbox 329 2296 3755 2376">
     <span class='ocr_line' id='line_1_25' title="bbox 329 2296 3755 2376; baseline -0.003 -22"><span class='ocrx_word' id='word_1_279' title='bbox 329 2321 339 2331; x_wconf 89' lang='lat'><strong>-</strong></span> <span class='ocrx_word' id='word_1_280' title='bbox 441 2297 800 2355; x_wconf 86' lang='lat' dir='ltr'><strong>Anastasium</strong></span> <span class='ocrx_word' id='word_1_281' title='bbox 829 2299 1033 2356; x_wconf 76' lang='lat' dir='ltr'><strong>vixisse</strong></span> <span class='ocrx_word' id='word_1_282' title='bbox 1067 2301 1136 2356; x_wconf 93' lang='lat' dir='ltr'><strong>ad</strong></span> <span class='ocrx_word' id='word_1_283' title='bbox 1187 2309 1438 2372; x_wconf 90' lang='lat' dir='ltr'><strong>tempora</strong></span> <span class='ocrx_word' id='word_1_284' title='bbox 1469 2319 1644 2374; x_wconf 90' lang='lat' dir='ltr'><strong>usque</strong></span> <span class='ocrx_word' id='word_1_285' title='bbox 1695 2303 1892 2360; x_wconf 87' lang='lat' dir='ltr'><strong>Pbocae</strong></span> <span class='ocrx_word' id='word_1_286' title='bbox 1921 2305 2028 2359; x_wconf 67' lang='lat' dir='ltr'><strong>imo</strong></span> <span class='ocrx_word' id='word_1_287' title='bbox 2136 2328 2156 2361; x_wconf 83' lang='grc'><strong><em>‹</em></strong></span> <span class='ocrx_word' id='word_1_288' title='bbox 2183 2308 2325 2364; x_wconf 88' lang='lat' dir='ltr'><strong>Huic</strong></span> <span class='ocrx_word' id='word_1_289' title='bbox 2364 2306 2677 2370; x_wconf 79' lang='lat' dir='ltr'><strong>Anastasio,</strong></span> <span class='ocrx_word' id='word_1_290' title='bbox 2711 2315 3010 2376; x_wconf 85' lang='lat' dir='ltr'><strong>prepterea</strong></span> <span class='ocrx_word' id='word_1_291' title='bbox 3049 2299 3198 2372; x_wconf 92' lang='lat' dir='ltr'><strong>quod</strong></span> <span class='ocrx_word' id='word_1_292' title='bbox 3227 2299 3284 2353; x_wconf 92' lang='lat' dir='ltr'><strong>in</strong></span> <span class='ocrx_word' id='word_1_293' title='bbox 3318 2296 3530 2351; x_wconf 69' lang='lat' dir='ltr'><strong>Sinzeo</strong></span> <span class='ocrx_word' id='word_1_294' title='bbox 3562 2297 3755 2347; x_wconf 84' lang='lat' dir='ltr'><strong>monte</strong></span> 
     </span>
    </p>
   </div>
   <div class='ocr_carea' id='block_1_26' title="bbox 443 2385 3751 2470">
    <p class='ocr_par' dir='ltr' id='par_1_26' title="bbox 443 2385 3751 2470">
     <span class='ocr_line' id='line_1_26' title="bbox 443 2385 3751 2470; baseline -0.001 -25"><span class='ocrx_word' id='word_1_295' title='bbox 443 2390 750 2461; x_wconf 89' lang='lat' dir='ltr'><strong>peratoris;</strong></span> <span class='ocrx_word' id='word_1_296' title='bbox 775 2406 1012 2463; x_wconf 88' lang='lat' dir='ltr'><strong>eumque</strong></span> <span class='ocrx_word' id='word_1_297' title='bbox 1041 2392 1393 2448; x_wconf 80' lang='lat' dir='ltr'><strong>interfectum</strong></span> <span class='ocrx_word' id='word_1_298' title='bbox 1423 2409 1454 2449; x_wconf 91' lang='lat' dir='ltr'><strong>a</strong></span> <span class='ocrx_word' id='word_1_299' title='bbox 1477 2394 1686 2450; x_wconf 73' lang='lat' dir='ltr'><strong>Iudaeis</strong></span> <span class='ocrx_word' id='word_1_300' title='bbox 1712 2412 1725 2448; x_wconf 89' lang='lat'>:</span> <span class='ocrx_word' id='word_1_301' title='bbox 1751 2394 1858 2452; x_wconf 90' lang='lat' dir='ltr'><strong>hoc</strong></span> <span class='ocrx_word' id='word_1_302' title='bbox 1879 2396 2027 2452; x_wconf 88' lang='lat' dir='ltr'><strong>enim</strong></span> <span class='ocrx_word' id='word_1_303' title='bbox 2131 2400 2556 2470; x_wconf 87' lang='lat' dir='ltr'><strong>philosophatus</strong></span> <span class='ocrx_word' id='word_1_304' title='bbox 2591 2399 2684 2464; x_wconf 88' lang='lat' dir='ltr'><strong>sit,</strong></span> <span class='ocrx_word' id='word_1_305' title='bbox 2719 2407 2778 2454; x_wconf 90' lang='lat' dir='ltr'><strong>et</strong></span> <span class='ocrx_word' id='word_1_306' title='bbox 2809 2411 3037 2452; x_wconf 90' lang='lat' dir='ltr'><strong>sensum</strong></span> <span class='ocrx_word' id='word_1_307' title='bbox 3073 2395 3150 2450; x_wconf 92' lang='lat' dir='ltr'><strong>ibi</strong></span> <span class='ocrx_word' id='word_1_308' title='bbox 3197 2392 3398 2449; x_wconf 89' lang='lat' dir='ltr'><strong>carnis</strong></span> <span class='ocrx_word' id='word_1_309' title='bbox 3431 2385 3751 2447; x_wconf 90' lang='lat' dir='ltr'><strong>domuerit,</strong></span> 
     </span>
    </p>
   </div>
   <div class='ocr_carea' id='block_1_27' title="bbox 448 2476 3752 2562">
    <p class='ocr_par' dir='ltr' id='par_1_27' title="bbox 448 2476 3752 2562">
     <span class='ocr_line' id='line_1_27' title="bbox 448 2476 3752 2562; baseline -0.001 -24"><span class='ocrx_word' id='word_1_310' title='bbox 448 2481 571 2554; x_wconf 83' lang='lat' dir='ltr'><strong>ejus</strong></span> <span class='ocrx_word' id='word_1_311' title='bbox 619 2484 953 2549; x_wconf 86' lang='lat' dir='ltr'><strong>successori,</strong></span> <span class='ocrx_word' id='word_1_312' title='bbox 1005 2485 1173 2540; x_wconf 88' lang='lat' dir='ltr'><strong>etiam</strong></span> <span class='ocrx_word' id='word_1_313' title='bbox 1215 2485 1510 2541; x_wconf 84' lang='lat' dir='ltr'><strong>Anastasio</strong></span> <span class='ocrx_word' id='word_1_314' title='bbox 1560 2487 1733 2554; x_wconf 86' lang='lat' dir='ltr'><strong>dicto,</strong></span> <span class='ocrx_word' id='word_1_315' title='bbox 1797 2489 2032 2560; x_wconf 78' lang='lat' dir='ltr'><strong>contigit</strong></span> <span class='ocrx_word' id='word_1_316' title='bbox 2134 2491 2361 2547; x_wconf 80' lang='lat' dir='ltr'><strong>Sinaitae</strong></span> <span class='ocrx_word' id='word_1_317' title='bbox 2403 2505 2712 2562; x_wconf 84' lang='lat' dir='ltr'><strong>cognomen</strong></span> <span class='ocrx_word' id='word_1_318' title='bbox 2768 2488 3003 2543; x_wconf 88' lang='lat' dir='ltr'><strong>inditum</strong></span> <span class='ocrx_word' id='word_1_319' title='bbox 3031 2494 3134 2542; x_wconf 91' lang='lat' dir='ltr'><strong>est.</strong></span> <span class='ocrx_word' id='word_1_320' title='bbox 3167 2487 3356 2554; x_wconf 85' lang='lat' dir='ltr'><strong>Atque</strong></span> <span class='ocrx_word' id='word_1_321' title='bbox 3390 2481 3496 2537; x_wconf 89' lang='lat' dir='ltr'><strong>ille</strong></span> <span class='ocrx_word' id='word_1_322' title='bbox 3521 2476 3752 2551; x_wconf 85' lang='lat' dir='ltr'><strong>quidem</strong></span> 
     </span>
    </p>
   </div>
   <div class='ocr_carea' id='block_1_28' title="bbox 446 2569 3752 2654">
    <p class='ocr_par' dir='ltr' id='par_1_28' title="bbox 446 2569 3752 2654">
     <span class='ocr_line' id='line_1_28' title="bbox 446 2569 3752 2654; baseline -0.002 -24"><span class='ocrx_word' id='word_1_323' title='bbox 446 2589 541 2630; x_wconf 84' lang='lat' dir='ltr'><strong>an.</strong></span> <span class='ocrx_word' id='word_1_324' title='bbox 591 2575 624 2631; x_wconf 90' lang='lat'><strong>7</strong></span> <span class='ocrx_word' id='word_1_325' title='bbox 660 2575 880 2646; x_wconf 89' lang='lat' dir='ltr'><strong>imperii</strong></span> <span class='ocrx_word' id='word_1_326' title='bbox 926 2577 1146 2642; x_wconf 85' lang='lat' dir='ltr'><strong>Phocae,</strong></span> <span class='ocrx_word' id='word_1_327' title='bbox 1204 2579 1274 2633; x_wconf 90' lang='lat' dir='ltr'><strong>ad</strong></span> <span class='ocrx_word' id='word_1_328' title='bbox 1326 2595 1495 2650; x_wconf 87' lang='lat' dir='ltr'><strong>quem</strong></span> <span class='ocrx_word' id='word_1_329' title='bbox 1541 2580 1908 2651; x_wconf 79' lang='lat' dir='ltr'><strong>TheOphanes</strong></span> <span class='ocrx_word' id='word_1_330' title='bbox 1954 2582 2032 2639; x_wconf 90' lang='lat' dir='ltr'><strong>ita</strong></span> <span class='ocrx_word' id='word_1_331' title='bbox 2135 2583 2193 2638; x_wconf 89' lang='lat' dir='ltr'><strong>in</strong></span> <span class='ocrx_word' id='word_1_332' title='bbox 2244 2584 2436 2654; x_wconf 92' lang='lat' dir='ltr'><strong>populi</strong></span> <span class='ocrx_word' id='word_1_333' title='bbox 2483 2584 2731 2638; x_wconf 88' lang='lat' dir='ltr'><strong>tumultu</strong></span> <span class='ocrx_word' id='word_1_334' title='bbox 2771 2589 3102 2653; x_wconf 85' lang='lat' dir='ltr'><strong>peremptus</strong></span> <span class='ocrx_word' id='word_1_335' title='bbox 3133 2580 3308 2634; x_wconf 87' lang='lat' dir='ltr'><strong>vitam</strong></span> <span class='ocrx_word' id='word_1_336' title='bbox 3345 2575 3532 2630; x_wconf 85' lang='lat' dir='ltr'><strong>ﬁniit.</strong></span> <span class='ocrx_word' id='word_1_337' title='bbox 3562 2591 3583 2624; x_wconf 72' lang='grc' dir='ltr'><strong>ι</strong></span> <span class='ocrx_word' id='word_1_338' title='bbox 3619 2569 3752 2637; x_wconf 66' lang='lat' dir='ltr'><strong>Quae</strong></span> 
     </span>
    </p>
   </div>
   <div class='ocr_carea' id='block_1_29' title="bbox 447 2659 3748 2750">
    <p class='ocr_par' dir='ltr' id='par_1_29' title="bbox 447 2659 3748 2750">
     <span class='ocr_line' id='line_1_29' title="bbox 447 2659 3748 2750; baseline 0.001 -30"><span class='ocrx_word' id='word_1_339' title='bbox 447 2663 686 2722; x_wconf 83' lang='lat' dir='ltr'><strong>scribit:</strong></span> <span class='ocrx_word' id='word_1_340' title='bbox 713 2686 732 2720; x_wconf 69' lang='grc' dir='ltr'><strong>ι</strong></span> <span class='ocrx_word' id='word_1_341' title='bbox 753 2667 872 2724; x_wconf 89' lang='lat' dir='ltr'><strong>Hoc</strong></span> <span class='ocrx_word' id='word_1_342' title='bbox 891 2684 1058 2750; x_wconf 72' lang='lat' dir='ltr'><strong>anno,</strong></span> <span class='ocrx_word' id='word_1_343' title='bbox 1081 2667 1358 2724; x_wconf 89' lang='lat' dir='ltr'><strong>seditione</strong></span> <span class='ocrx_word' id='word_1_344' title='bbox 1385 2679 1553 2736; x_wconf 87' lang='lat' dir='ltr'><strong>mota,</strong></span> <span class='ocrx_word' id='word_1_345' title='bbox 1586 2669 1802 2726; x_wconf 82' lang='lat' dir='ltr'><strong>Hebraei</strong></span> <span class='ocrx_word' id='word_1_346' title='bbox 1833 2671 2032 2728; x_wconf 88' lang='lat' dir='ltr'><strong>Antio-</strong></span> <span class='ocrx_word' id='word_1_347' title='bbox 2137 2675 2334 2732; x_wconf 88' lang='lat' dir='ltr'><strong>ultima</strong></span> <span class='ocrx_word' id='word_1_348' title='bbox 2368 2683 2500 2731; x_wconf 89' lang='lat' dir='ltr'><strong>sunt</strong></span> <span class='ocrx_word' id='word_1_349' title='bbox 2526 2674 2835 2732; x_wconf 86' lang='lat' dir='ltr'><strong>successori</strong></span> <span class='ocrx_word' id='word_1_350' title='bbox 2865 2675 2988 2745; x_wconf 85' lang='lat' dir='ltr'><strong>ejus</strong></span> <span class='ocrx_word' id='word_1_351' title='bbox 3013 2671 3311 2728; x_wconf 84' lang='lat' dir='ltr'><strong>Anastasio</strong></span> <span class='ocrx_word' id='word_1_352' title='bbox 3342 2659 3748 2724; x_wconf 70' lang='lat' dir='ltr'><strong>attribuenda.</strong></span> 
     </span>
    </p>
   </div>
   <div class='ocr_carea' id='block_1_30' title="bbox 449 2754 3722 2838">
    <p class='ocr_par' dir='ltr' id='par_1_30' title="bbox 449 2754 3722 2838">
     <span class='ocr_line' id='line_1_30' title="bbox 449 2754 3722 2838; baseline -0.002 -22"><span class='ocrx_word' id='word_1_353' title='bbox 449 2758 952 2818; x_wconf 72' lang='lat' dir='ltr'><strong>cbeni‘tumultuati</strong></span> <span class='ocrx_word' id='word_1_354' title='bbox 968 2769 1116 2828; x_wconf 91' lang='lat' dir='ltr'><strong>sunt,</strong></span> <span class='ocrx_word' id='word_1_355' title='bbox 1133 2770 1188 2818; x_wconf 89' lang='lat' dir='ltr'><strong>et</strong></span> <span class='ocrx_word' id='word_1_356' title='bbox 1207 2760 1498 2818; x_wconf 88' lang='lat' dir='ltr'><strong>Anastasio</strong></span> <span class='ocrx_word' id='word_1_357' title='bbox 1520 2763 1713 2834; x_wconf 78' lang='lat' dir='ltr'><strong>Magno</strong></span> <span class='ocrx_word' id='word_1_358' title='bbox 1730 2763 2036 2820; x_wconf 63' lang='lat' dir='ltr'><strong>Antiochia:</strong></span> <span class='ocrx_word' id='word_1_359' title='bbox 2137 2779 2196 2824; x_wconf 87' lang='lat' dir='ltr'><strong>et</strong></span> <span class='ocrx_word' id='word_1_360' title='bbox 2225 2768 2410 2838; x_wconf 89' lang='lat' dir='ltr'><strong>priora</strong></span> <span class='ocrx_word' id='word_1_361' title='bbox 2440 2778 2634 2824; x_wconf 89' lang='lat' dir='ltr'><strong>saneto</strong></span> <span class='ocrx_word' id='word_1_362' title='bbox 2665 2767 2960 2824; x_wconf 89' lang='lat' dir='ltr'><strong>Anastasio</strong></span> <span class='ocrx_word' id='word_1_363' title='bbox 2990 2762 3264 2820; x_wconf 89' lang='lat' dir='ltr'><strong>monacho</strong></span> <span class='ocrx_word' id='word_1_364' title='bbox 3307 2757 3536 2816; x_wconf 89' lang='lat' dir='ltr'><strong>montis</strong></span> <span class='ocrx_word' id='word_1_365' title='bbox 3567 2754 3722 2811; x_wconf 86' lang='lat' dir='ltr'><strong>Sina.</strong></span> 
     </span>
    </p>
   </div>
   <div class='ocr_carea' id='block_1_31' title="bbox 1653 2879 2590 2980">
    <p class='ocr_par' dir='ltr' id='par_1_31' title="bbox 1653 2879 2590 2980">
     <span class='ocr_line' id='line_1_31' title="bbox 1653 2879 2590 2980; baseline 0.009 -25"><span class='ocrx_word' id='word_1_366' title='bbox 1653 2901 1807 2974; x_wconf 82' lang='lat' dir='ltr'><strong>(Acta</strong></span> <span class='ocrx_word' id='word_1_367' title='bbox 1839 2900 1938 2958; x_wconf 87' lang='lat' dir='ltr'><strong>ss.</strong></span> <span class='ocrx_word' id='word_1_368' title='bbox 1973 2903 2082 2960; x_wconf 87' lang='lat' dir='ltr'><strong>Jul.</strong></span> <span class='ocrx_word' id='word_1_369' title='bbox 2117 2913 2157 2960; x_wconf 85' lang='grc' dir='ltr'><strong>ι.</strong></span> <span class='ocrx_word' id='word_1_370' title='bbox 2193 2906 2283 2974; x_wconf 83' lang='lat' dir='ltr'><strong>1v,</strong></span> <span class='ocrx_word' id='word_1_371' title='bbox 2317 2908 2522 2980; x_wconf 87' lang='lat' dir='ltr'><strong>p.97.)</strong></span> <span class='ocrx_word' id='word_1_372' title='bbox 2582 2879 2590 2896; x_wconf 76' lang='grc'><em>“</em></span> 
     </span>
    </p>
   </div>
   <div class='ocr_carea' id='block_1_32' title="bbox 521 3029 3748 3118">
    <p class='ocr_par' dir='ltr' id='par_1_32' title="bbox 521 3029 3748 3118">
     <span class='ocr_line' id='line_1_32' title="bbox 521 3029 3748 3118; baseline -0.007 -13"><span class='ocrx_word' id='word_1_373' title='bbox 521 3036 760 3094; x_wconf 69' lang='lat' dir='ltr'><strong>Sanetus</strong></span> <span class='ocrx_word' id='word_1_374' title='bbox 783 3037 1132 3104; x_wconf 70' lang='lat' dir='ltr'><strong>AnaSlaSillS.</strong></span> <span class='ocrx_word' id='word_1_375' title='bbox 1157 3051 1323 3110; x_wconf 90' lang='lat' dir='ltr'><strong>quem</strong></span> <span class='ocrx_word' id='word_1_376' title='bbox 1364 3037 1636 3100; x_wconf 80' lang='lat' dir='ltr'><strong>Baronius</strong></span> <span class='ocrx_word' id='word_1_377' title='bbox 1671 3036 1876 3108; x_wconf 75' lang='lat' dir='ltr'><strong>aliique</strong></span> <span class='ocrx_word' id='word_1_378' title='bbox 1905 3037 2034 3109; x_wconf 81' lang='lat' dir='ltr'><strong>plu-</strong></span> <span class='ocrx_word' id='word_1_379' title='bbox 2140 3046 2354 3118; x_wconf 90' lang='lat' dir='ltr'><strong>phanes</strong></span> <span class='ocrx_word' id='word_1_380' title='bbox 2389 3045 2459 3102; x_wconf 91' lang='lat' dir='ltr'><strong>ad</strong></span> <span class='ocrx_word' id='word_1_381' title='bbox 2489 3059 2698 3101; x_wconf 91' lang='lat' dir='ltr'><strong>annum</strong></span> <span class='ocrx_word' id='word_1_382' title='bbox 2727 3043 2934 3101; x_wconf 66' lang='lat' dir='ltr'><strong>divinae</strong></span> <span class='ocrx_word' id='word_1_383' title='bbox 2970 3036 3397 3100; x_wconf 89' lang='lat' dir='ltr'><strong>Inearnationis</strong></span> <span class='ocrx_word' id='word_1_384' title='bbox 3429 3029 3748 3092; x_wconf 84' lang='lat' dir='ltr'><strong>secundum</strong></span> 
     </span>
    </p>
   </div>
   <div class='ocr_carea' id='block_1_33' title="bbox 448 3121 3746 3208">
    <p class='ocr_par' dir='ltr' id='par_1_33' title="bbox 448 3121 3746 3208">
     <span class='ocr_line' id='line_1_33' title="bbox 448 3121 3746 3208; baseline -0.001 -22"><span class='ocrx_word' id='word_1_385' title='bbox 448 3130 578 3186; x_wconf 88' lang='lat' dir='ltr'><strong>rimi</strong></span> <span class='ocrx_word' id='word_1_386' title='bbox 610 3145 737 3186; x_wconf 90' lang='lat' dir='ltr'><strong>cum</strong></span> <span class='ocrx_word' id='word_1_387' title='bbox 767 3137 960 3186; x_wconf 89' lang='lat' dir='ltr'><strong>sancto</strong></span> <span class='ocrx_word' id='word_1_388' title='bbox 988 3129 1283 3186; x_wconf 88' lang='lat' dir='ltr'><strong>Anastasio</strong></span> <span class='ocrx_word' id='word_1_389' title='bbox 1308 3129 1520 3185; x_wconf 87' lang='lat' dir='ltr'><strong>Sinaita</strong></span> <span class='ocrx_word' id='word_1_390' title='bbox 1566 3143 1680 3184; x_wconf 91' lang='lat' dir='ltr'><strong>non</strong></span> <span class='ocrx_word' id='word_1_391' title='bbox 1728 3137 1876 3184; x_wconf 88' lang='lat' dir='ltr'><strong>recte</strong></span> <span class='ocrx_word' id='word_1_392' title='bbox 1900 3145 2035 3185; x_wconf 88' lang='lat' dir='ltr'><strong>con-</strong></span> <span class='ocrx_word' id='word_1_393' title='bbox 2137 3139 2547 3196; x_wconf 66' lang='lat' dir='ltr'><strong>Alexandrinos</strong></span> <span class='ocrx_word' id='word_1_394' title='bbox 2570 3137 2696 3204; x_wconf 70' lang='lat'><strong>562,</strong></span> <span class='ocrx_word' id='word_1_395' title='bbox 2733 3139 2830 3208; x_wconf 77' lang='lat' dir='ltr'><strong>qui</strong></span> <span class='ocrx_word' id='word_1_396' title='bbox 2861 3151 3040 3208; x_wconf 81' lang='lat' dir='ltr'><strong>usque</strong></span> <span class='ocrx_word' id='word_1_397' title='bbox 3078 3135 3150 3190; x_wconf 81' lang='lat' dir='ltr'><strong>ad</strong></span> <span class='ocrx_word' id='word_1_398' title='bbox 3184 3128 3601 3202; x_wconf 83' lang='lat' dir='ltr'><strong>Septembrem</strong></span> <span class='ocrx_word' id='word_1_399' title='bbox 3629 3121 3746 3178; x_wconf 74' lang='lat' dir='ltr'><strong>fere</strong></span> 
     </span>
    </p>
   </div>
   <div class='ocr_carea' id='block_1_34' title="bbox 450 3221 3116 3318">
    <p class='ocr_par' dir='ltr' id='par_1_34' title="bbox 450 3221 3116 3318">
     <span class='ocr_line' id='line_1_34' title="bbox 450 3221 3116 3318; baseline -0.001 -40"><span class='ocrx_word' id='word_1_400' title='bbox 450 3222 714 3288; x_wconf 78' lang='lat' dir='ltr'><strong>fundunt,</strong></span> <span class='ocrx_word' id='word_1_401' title='bbox 754 3223 1102 3295; x_wconf 80' lang='lat' dir='ltr'><strong>professione</strong></span> <span class='ocrx_word' id='word_1_402' title='bbox 1123 3223 1432 3279; x_wconf 89' lang='lat' dir='ltr'><strong>monachus</strong></span> <span class='ocrx_word' id='word_1_403' title='bbox 1458 3221 1584 3304; x_wconf 80' lang='lat' dir='ltr'><strong>fuit,</strong></span> <span class='ocrx_word' id='word_1_404' title='bbox 1619 3236 1821 3294; x_wconf 81' lang='lat' dir='ltr'><strong>genere</strong></span> <span class='ocrx_word' id='word_1_405' title='bbox 1852 3221 2031 3278; x_wconf 77' lang='lat' dir='ltr'><strong>Palae-</strong></span> <span class='ocrx_word' id='word_1_406' title='bbox 2062 3255 2108 3318; x_wconf 62' lang='grc' dir='ltr'>ο</span> <span class='ocrx_word' id='word_1_407' title='bbox 2137 3249 2264 3290; x_wconf 77' lang='lat' dir='ltr'><strong>cum</strong></span> <span class='ocrx_word' id='word_1_408' title='bbox 2295 3249 2444 3290; x_wconf 75' lang='lat' dir='ltr'><strong>anno</strong></span> <span class='ocrx_word' id='word_1_409' title='bbox 2477 3231 2684 3288; x_wconf 62' lang='lat' dir='ltr'><strong>Chi-isti</strong></span> <span class='ocrx_word' id='word_1_410' title='bbox 2715 3231 2818 3288; x_wconf 82' lang='lat'><strong>570</strong></span> <span class='ocrx_word' id='word_1_411' title='bbox 2847 3229 3116 3286; x_wconf 74' lang='lat' dir='ltr'><strong>decurrit.</strong></span> 
     </span>
    </p>
   </div>
   <div class='ocr_carea' id='block_1_35' title="bbox 453 3309 3744 3395">
    <p class='ocr_par' dir='ltr' id='par_1_35' title="bbox 453 3309 3744 3395">
     <span class='ocr_line' id='line_1_35' title="bbox 453 3309 3744 3395; baseline -0.002 -23"><span class='ocrx_word' id='word_1_412' title='bbox 453 3316 654 3382; x_wconf 80' lang='lat' dir='ltr'><strong>stinus,</strong></span> <span class='ocrx_word' id='word_1_413' title='bbox 688 3324 826 3373; x_wconf 90' lang='lat' dir='ltr'><strong>teste</strong></span> <span class='ocrx_word' id='word_1_414' title='bbox 871 3325 1065 3372; x_wconf 89' lang='lat' dir='ltr'><strong>saneto</strong></span> <span class='ocrx_word' id='word_1_415' title='bbox 1117 3315 1388 3388; x_wconf 89' lang='lat' dir='ltr'><strong>Symeone</strong></span> <span class='ocrx_word' id='word_1_416' title='bbox 1419 3315 1641 3388; x_wconf 88' lang='lat' dir='ltr'><strong>juniore</strong></span> <span class='ocrx_word' id='word_1_417' title='bbox 1688 3313 1906 3387; x_wconf 78' lang='lat' dir='ltr'><strong>Stylita,</strong></span> <span class='ocrx_word' id='word_1_418' title='bbox 1939 3313 2036 3386; x_wconf 86' lang='lat' dir='ltr'><strong>qui</strong></span> <span class='ocrx_word' id='word_1_419' title='bbox 2070 3309 2108 3318; x_wconf 82' lang='grc'><em>“”</em></span> <span class='ocrx_word' id='word_1_420' title='bbox 2206 3326 2356 3383; x_wconf 72' lang='lat' dir='ltr'><strong>[dem</strong></span> <span class='ocrx_word' id='word_1_421' title='bbox 2382 3333 2574 3382; x_wconf 60' lang='lat' dir='ltr'><strong>narra;</strong></span> <span class='ocrx_word' id='word_1_422' title='bbox 2613 3323 2884 3395; x_wconf 63' lang='lat' dir='ltr'><strong>magi-ius</strong></span> <span class='ocrx_word' id='word_1_423' title='bbox 2915 3322 3017 3377; x_wconf 79' lang='grc' dir='ltr'><strong>ιίι),</strong></span> <span class='ocrx_word' id='word_1_424' title='bbox 3061 3337 3118 3384; x_wconf 76' lang='grc' dir='ltr'>ν,</span> <span class='ocrx_word' id='word_1_425' title='bbox 3160 3333 3283 3389; x_wconf 84' lang='lat' dir='ltr'><strong>cap.</strong></span> <span class='ocrx_word' id='word_1_426' title='bbox 3310 3318 3392 3373; x_wconf 81' lang='lat'><strong>5:</strong></span> <span class='ocrx_word' id='word_1_427' title='bbox 3437 3323 3500 3371; x_wconf 82' lang='lat' dir='ltr'><strong>et</strong></span> <span class='ocrx_word' id='word_1_428' title='bbox 3530 3311 3605 3368; x_wconf 90' lang='lat' dir='ltr'><strong>ab</strong></span> <span class='ocrx_word' id='word_1_429' title='bbox 3642 3309 3744 3362; x_wconf 85' lang='lat' dir='ltr'><strong>hac</strong></span> 
     </span>
    </p>
   </div>
   <div class='ocr_carea' id='block_1_36' title="bbox 455 3397 3744 3496">
    <p class='ocr_par' dir='ltr' id='par_1_36' title="bbox 455 3397 3744 3496">
     <span class='ocr_line' id='line_1_36' title="bbox 455 3397 3744 3496; baseline -0.008 -15"><span class='ocrx_word' id='word_1_430' title='bbox 455 3407 612 3464; x_wconf 68' lang='lat' dir='ltr'><strong>illum</strong></span> <span class='ocrx_word' id='word_1_431' title='bbox 645 3408 924 3464; x_wconf 72' lang='grc' dir='ltr'><strong>Ποιηηίηο</strong></span> <span class='ocrx_word' id='word_1_432' title='bbox 970 3425 1362 3465; x_wconf 67' lang='lat' dir='ltr'><strong>successurum</strong></span> <span class='ocrx_word' id='word_1_433' title='bbox 1415 3407 1747 3479; x_wconf 50' lang='lat' dir='ltr'><strong>Praedixerat</strong></span> <span class='ocrx_word' id='word_1_434' title='bbox 1775 3407 1834 3462; x_wconf 73' lang='lat' dir='ltr'><strong>in</strong></span> <span class='ocrx_word' id='word_1_435' title='bbox 1884 3405 2039 3463; x_wconf 72' lang='grc' dir='ltr'><strong>Αοῑίε</strong></span> <span class='ocrx_word' id='word_1_436' title='bbox 2138 3419 2468 3491; x_wconf 89' lang='lat' dir='ltr'><strong>depulsione</strong></span> <span class='ocrx_word' id='word_1_437' title='bbox 2489 3433 2668 3489; x_wconf 87' lang='lat' dir='ltr'><strong>usque</strong></span> <span class='ocrx_word' id='word_1_438' title='bbox 2687 3418 2755 3474; x_wconf 91' lang='lat' dir='ltr'><strong>ad</strong></span> <span class='ocrx_word' id='word_1_439' title='bbox 2787 3419 2912 3490; x_wconf 88' lang='lat' dir='ltr'><strong>ejus</strong></span> <span class='ocrx_word' id='word_1_440' title='bbox 2937 3397 3354 3496; x_wconf 66' lang='lat' dir='ltr'><strong>revocationem</strong></span> <span class='ocrx_word' id='word_1_441' title='bbox 3382 3416 3547 3464; x_wconf 89' lang='lat' dir='ltr'><strong>recte</strong></span> <span class='ocrx_word' id='word_1_442' title='bbox 3572 3415 3744 3460; x_wconf 83' lang='lat' dir='ltr'><strong>annos</strong></span> 
     </span>
    </p>
   </div>
   <div class='ocr_carea' id='block_1_37' title="bbox 453 3497 3736 3585">
    <p class='ocr_par' dir='ltr' id='par_1_37' title="bbox 453 3497 3736 3585">
     <span class='ocr_line' id='line_1_37' title="bbox 453 3497 3736 3585; baseline -0.005 -10"><span class='ocrx_word' id='word_1_443' title='bbox 453 3507 786 3559; x_wconf 64' lang='grc' dir='ltr'><strong>εθηθίοτυω</strong></span> <span class='ocrx_word' id='word_1_444' title='bbox 817 3501 908 3558; x_wconf 71' lang='lat' dir='ltr'><strong>die</strong></span> <span class='ocrx_word' id='word_1_445' title='bbox 936 3501 1006 3558; x_wconf 62' lang='lat'><strong>25</strong></span> <span class='ocrx_word' id='word_1_446' title='bbox 1028 3502 1176 3568; x_wconf 67' lang='lat' dir='ltr'><strong>Maii»</strong></span> <span class='ocrx_word' id='word_1_447' title='bbox 1203 3501 1486 3574; x_wconf 59' lang='lat' dir='ltr'><strong>[mg-.579:</strong></span> <span class='ocrx_word' id='word_1_448' title='bbox 1513 3516 1670 3556; x_wconf 74' lang='lat' dir='ltr'><strong>“um-</strong></span> <span class='ocrx_word' id='word_1_449' title='bbox 1716 3499 1840 3556; x_wconf 55' lang='lat'><strong>592°</strong></span> <span class='ocrx_word' id='word_1_450' title='bbox 1866 3500 2040 3572; x_wconf 66' lang='grc' dir='ltr'><strong>Εῧτθ·</strong></span> <span class='ocrx_word' id='word_1_451' title='bbox 2138 3513 2500 3570; x_wconf 48' lang='lat' dir='ltr'><strong>numerati?»</strong></span> <span class='ocrx_word' id='word_1_452' title='bbox 2523 3513 2835 3585; x_wconf 81' lang='lat' dir='ltr'><strong>Eutyehius</strong></span> <span class='ocrx_word' id='word_1_453' title='bbox 2850 3519 2990 3566; x_wconf 89' lang='lat' dir='ltr'><strong>tom.</strong></span> <span class='ocrx_word' id='word_1_454' title='bbox 3015 3508 3083 3576; x_wconf 89' lang='lat' dir='ltr'><strong>ll,</strong></span> <span class='ocrx_word' id='word_1_455' title='bbox 3104 3523 3230 3580; x_wconf 85' lang='lat' dir='ltr'><strong>pag.</strong></span> <span class='ocrx_word' id='word_1_456' title='bbox 3256 3504 3364 3560; x_wconf 76' lang='grc'><strong>185</strong></span> <span class='ocrx_word' id='word_1_457' title='bbox 3379 3497 3736 3571; x_wconf 73' lang='lat' dir='ltr'><strong>aitqnidem.</strong></span> 
     </span>
    </p>
   </div>
   <div class='ocr_carea' id='block_1_38' title="bbox 453 3593 3738 3680">
    <p class='ocr_par' dir='ltr' id='par_1_38' title="bbox 453 3593 3738 3680">
     <span class='ocr_line' id='line_1_38' title="bbox 453 3593 3738 3680; baseline -0.001 -30"><span class='ocrx_word' id='word_1_458' title='bbox 453 3595 586 3680; x_wconf 32' lang='lat' dir='ltr'><strong>gias’</strong></span> <span class='ocrx_word' id='word_1_459' title='bbox 613 3595 734 3668; x_wconf 85' lang='lat' dir='ltr'><strong>ejus</strong></span> <span class='ocrx_word' id='word_1_460' title='bbox 766 3595 1027 3661; x_wconf 71' lang='lat' dir='ltr'><strong>virtutes,</strong></span> <span class='ocrx_word' id='word_1_461' title='bbox 1053 3593 1388 3660; x_wconf 59' lang='lat' dir='ltr'><strong>doctrinam,</strong></span> <span class='ocrx_word' id='word_1_462' title='bbox 1414 3594 1643 3665; x_wconf 69' lang='grc' dir='ltr'><strong>εοτῖριει,</strong></span> <span class='ocrx_word' id='word_1_463' title='bbox 1675 3608 1876 3664; x_wconf 70' lang='lat' dir='ltr'><strong>resque</strong></span> <span class='ocrx_word' id='word_1_464' title='bbox 1901 3608 2042 3665; x_wconf 64' lang='grc' dir='ltr'><strong>Ρτω·</strong></span> <span class='ocrx_word' id='word_1_465' title='bbox 2139 3621 2270 3662; x_wconf 91' lang='lat' dir='ltr'><strong>eum</strong></span> <span class='ocrx_word' id='word_1_466' title='bbox 2318 3611 2447 3662; x_wconf 88' lang='lat' dir='ltr'><strong>ante</strong></span> <span class='ocrx_word' id='word_1_467' title='bbox 2487 3605 2748 3661; x_wconf 82' lang='lat' dir='ltr'><strong>exsilium</strong></span> <span class='ocrx_word' id='word_1_468' title='bbox 2791 3618 2886 3660; x_wconf 87' lang='lat' dir='ltr'><strong>sex</strong></span> <span class='ocrx_word' id='word_1_469' title='bbox 2933 3609 3152 3657; x_wconf 88' lang='lat' dir='ltr'><strong>tantum</strong></span> <span class='ocrx_word' id='word_1_470' title='bbox 3203 3599 3372 3654; x_wconf 89' lang='lat' dir='ltr'><strong>annis</strong></span> <span class='ocrx_word' id='word_1_471' title='bbox 3411 3593 3738 3666; x_wconf 86' lang='lat' dir='ltr'><strong>episcopum</strong></span> 
     </span>
    </p>
   </div>
   <div class='ocr_carea' id='block_1_39' title="bbox 452 3685 2070 3765">
    <p class='ocr_par' dir='ltr' id='par_1_39' title="bbox 452 3685 2042 3759">
     <span class='ocr_line' id='line_1_39' title="bbox 452 3685 2042 3759; baseline -0.001 -15"><span class='ocrx_word' id='word_1_472' title='bbox 452 3686 609 3745; x_wconf 89' lang='lat' dir='ltr'><strong>clare</strong></span> <span class='ocrx_word' id='word_1_473' title='bbox 675 3695 860 3759; x_wconf 87' lang='lat' dir='ltr'><strong>gestas</strong></span> <span class='ocrx_word' id='word_1_474' title='bbox 907 3695 966 3743; x_wconf 91' lang='lat' dir='ltr'><strong>et</strong></span> <span class='ocrx_word' id='word_1_475' title='bbox 1021 3687 1232 3743; x_wconf 90' lang='lat' dir='ltr'><strong>cultum</strong></span> <span class='ocrx_word' id='word_1_476' title='bbox 1285 3702 1450 3758; x_wconf 88' lang='lat' dir='ltr'><strong>supra</strong></span> <span class='ocrx_word' id='word_1_477' title='bbox 1497 3686 1757 3742; x_wconf 90' lang='lat' dir='ltr'><strong>dedimus</strong></span> <span class='ocrx_word' id='word_1_478' title='bbox 1785 3685 1840 3740; x_wconf 92' lang='lat' dir='ltr'><strong>in</strong></span> <span class='ocrx_word' id='word_1_479' title='bbox 1889 3685 2042 3742; x_wconf 88' lang='lat' dir='ltr'><strong>Actis</strong></span> 
     </span>
    </p>
   </div>
   <div class='ocr_carea' id='block_1_40' title="bbox 2117 3685 3735 3765">
    <p class='ocr_par' dir='ltr' id='par_1_40' title="bbox 2141 3692 3735 3765">
     <span class='ocr_line' id='line_1_40' title="bbox 2141 3692 3735 3765; baseline -0.013 -10"><span class='ocrx_word' id='word_1_480' title='bbox 2141 3699 2354 3765; x_wconf 74' lang='lat' dir='ltr'><strong>fuisse;</strong></span> <span class='ocrx_word' id='word_1_481' title='bbox 2381 3698 2479 3754; x_wconf 89' lang='lat' dir='ltr'><strong>sed</strong></span> <span class='ocrx_word' id='word_1_482' title='bbox 2511 3714 2764 3754; x_wconf 88' lang='lat' dir='ltr'><strong>errorem</strong></span> <span class='ocrx_word' id='word_1_483' title='bbox 2792 3697 2947 3752; x_wconf 85' lang='lat' dir='ltr'><strong>hunc</strong></span> <span class='ocrx_word' id='word_1_484' title='bbox 2981 3698 3242 3765; x_wconf 83' lang='lat' dir='ltr'><strong>arguent,</strong></span> <span class='ocrx_word' id='word_1_485' title='bbox 3270 3705 3403 3761; x_wconf 70' lang='lat' dir='ltr'><strong>qua:</strong></span> <span class='ocrx_word' id='word_1_486' title='bbox 3433 3699 3597 3742; x_wconf 85' lang='lat' dir='ltr'><strong>num.</strong></span> <span class='ocrx_word' id='word_1_487' title='bbox 3625 3692 3735 3748; x_wconf 84' lang='lat' dir='ltr'><strong>seq.</strong></span> 
     </span>
    </p>
   </div>
   <div class='ocr_carea' id='block_1_41' title="bbox 455 3773 3740 3849">
    <p class='ocr_par' dir='ltr' id='par_1_41' title="bbox 455 3773 3740 3849">
     <span class='ocr_line' id='line_1_41' title="bbox 455 3773 3740 3849; baseline -0.005 1"><span class='ocrx_word' id='word_1_488' title='bbox 455 3785 778 3835; x_wconf 66' lang='lat' dir='ltr'><strong>sancmmm</strong></span> <span class='ocrx_word' id='word_1_489' title='bbox 801 3776 892 3833; x_wconf 75' lang='grc' dir='ltr'><strong>(Ῐίθ</strong></span> <span class='ocrx_word' id='word_1_490' title='bbox 919 3776 991 3833; x_wconf 62' lang='grc'><strong>26</strong></span> <span class='ocrx_word' id='word_1_491' title='bbox 1015 3777 1245 3849; x_wconf 74' lang='grc' dir='ltr'><strong>Αιπῑιῖε-</strong></span> <span class='ocrx_word' id='word_1_492' title='bbox 1277 3776 1412 3848; x_wconf 64' lang='lat' dir='ltr'><strong>Legi</strong></span> <span class='ocrx_word' id='word_1_493' title='bbox 1467 3777 1638 3834; x_wconf 55' lang='lat' dir='ltr'><strong>etiam</strong></span> <span class='ocrx_word' id='word_1_494' title='bbox 1664 3785 1901 3847; x_wconf 66' lang='lat'><strong>13055111“</strong></span> <span class='ocrx_word' id='word_1_495' title='bbox 1925 3776 2044 3848; x_wconf 70' lang='lat' dir='ltr'><strong>ePi‘</strong></span> <span class='ocrx_word' id='word_1_496' title='bbox 2145 3791 2214 3847; x_wconf 87' lang='lat' dir='ltr'><strong>de</strong></span> <span class='ocrx_word' id='word_1_497' title='bbox 2236 3789 2529 3846; x_wconf 72' lang='lat' dir='ltr'><strong>Anastasii</strong></span> <span class='ocrx_word' id='word_1_498' title='bbox 2559 3789 2917 3846; x_wconf 88' lang='lat' dir='ltr'><strong>restitutione</strong></span> <span class='ocrx_word' id='word_1_499' title='bbox 2947 3784 3186 3842; x_wconf 90' lang='lat' dir='ltr'><strong>dicenda</strong></span> <span class='ocrx_word' id='word_1_500' title='bbox 3231 3789 3393 3844; x_wconf 89' lang='lat' dir='ltr'><strong>sunt,</strong></span> <span class='ocrx_word' id='word_1_501' title='bbox 3431 3794 3504 3835; x_wconf 85' lang='lat' dir='ltr'><strong>ex</strong></span> <span class='ocrx_word' id='word_1_502' title='bbox 3545 3773 3740 3846; x_wconf 61' lang='lat' dir='ltr'><strong>quibus</strong></span> 
     </span>
    </p>
   </div>
   <div class='ocr_carea' id='block_1_42' title="bbox 458 3869 2076 3942">
    <p class='ocr_par' dir='ltr' id='par_1_42' title="bbox 458 3869 2044 3942">
     <span class='ocr_line' id='line_1_42' title="bbox 458 3869 2044 3942; baseline -0.003 -14"><span class='ocrx_word' id='word_1_503' title='bbox 458 3871 615 3928; x_wconf 65' lang='lat' dir='ltr'><strong>stolae</strong></span> <span class='ocrx_word' id='word_1_504' title='bbox 641 3873 819 3927; x_wconf 90' lang='lat' dir='ltr'><strong>sancti</strong></span> <span class='ocrx_word' id='word_1_505' title='bbox 844 3869 1098 3942; x_wconf 83' lang='lat' dir='ltr'><strong>Gregorii</strong></span> <span class='ocrx_word' id='word_1_506' title='bbox 1142 3869 1323 3942; x_wconf 85' lang='lat' dir='ltr'><strong>Magni</strong></span> <span class='ocrx_word' id='word_1_507' title='bbox 1365 3869 1491 3926; x_wconf 89' lang='lat' dir='ltr'><strong>istic</strong></span> <span class='ocrx_word' id='word_1_508' title='bbox 1519 3873 1702 3926; x_wconf 76' lang='lat' dir='ltr'><strong>citatas</strong></span> <span class='ocrx_word' id='word_1_509' title='bbox 1732 3885 1798 3925; x_wconf 84' lang='lat' dir='ltr'><strong>ex</strong></span> <span class='ocrx_word' id='word_1_510' title='bbox 1836 3869 2044 3940; x_wconf 90' lang='lat' dir='ltr'><strong>quibus</strong></span> 
     </span>
    </p>
   </div>
   <div class='ocr_carea' id='block_1_43' title="bbox 2114 3869 3732 3942">
    <p class='ocr_par' dir='ltr' id='par_1_43' title="bbox 2144 3869 3732 3938">
     <span class='ocr_line' id='line_1_43' title="bbox 2144 3869 3732 3938; baseline -0.013 -1"><span class='ocrx_word' id='word_1_511' title='bbox 2144 3882 2310 3937; x_wconf 90' lang='lat' dir='ltr'><strong>etiam</strong></span> <span class='ocrx_word' id='word_1_512' title='bbox 2342 3879 2706 3938; x_wconf 89' lang='lat' dir='ltr'><strong>ehronotaxis</strong></span> <span class='ocrx_word' id='word_1_513' title='bbox 2726 3879 3042 3936; x_wconf 89' lang='lat' dir='ltr'><strong>Baroniana</strong></span> <span class='ocrx_word' id='word_1_514' title='bbox 3073 3871 3504 3934; x_wconf 89' lang='lat' dir='ltr'><strong>emendabitur,</strong></span> <span class='ocrx_word' id='word_1_515' title='bbox 3535 3879 3600 3922; x_wconf 92' lang='lat' dir='ltr'><strong>ac</strong></span> <span class='ocrx_word' id='word_1_516' title='bbox 3627 3869 3732 3918; x_wconf 81' lang='lat' dir='ltr'><strong>sta-</strong></span> 
     </span>
    </p>
   </div>
   <div class='ocr_carea' id='block_1_44' title="bbox 459 3955 2077 4034">
    <p class='ocr_par' dir='ltr' id='par_1_44' title="bbox 459 3961 2044 4034">
     <span class='ocr_line' id='line_1_44' title="bbox 459 3961 2044 4034; baseline -0.003 -15"><span class='ocrx_word' id='word_1_517' title='bbox 459 3962 626 4020; x_wconf 86' lang='lat' dir='ltr'><strong>datur</strong></span> <span class='ocrx_word' id='word_1_518' title='bbox 650 3961 910 4034; x_wconf 86' lang='lat' dir='ltr'><strong>intelligi,</strong></span> <span class='ocrx_word' id='word_1_519' title='bbox 947 3969 1005 4018; x_wconf 88' lang='lat' dir='ltr'><strong>et</strong></span> <span class='ocrx_word' id='word_1_520' title='bbox 1063 3969 1273 4033; x_wconf 91' lang='lat' dir='ltr'><strong>quanto</strong></span> <span class='ocrx_word' id='word_1_521' title='bbox 1297 3961 1592 4033; x_wconf 58' lang='lat' dir='ltr'><strong>praesulem</strong></span> <span class='ocrx_word' id='word_1_522' title='bbox 1646 3961 1798 4018; x_wconf 92' lang='lat' dir='ltr'><strong>hunc</strong></span> <span class='ocrx_word' id='word_1_523' title='bbox 1851 3975 2044 4016; x_wconf 89' lang='lat' dir='ltr'><strong>amore</strong></span> 
     </span>
    </p>
   </div>
   <div class='ocr_carea' id='block_1_45' title="bbox 2117 3955 3735 4034">
    <p class='ocr_par' dir='ltr' id='par_1_45' title="bbox 2145 3955 3735 4034">
     <span class='ocr_line' id='line_1_45' title="bbox 2145 3955 3735 4034; baseline -0.016 -2"><span class='ocrx_word' id='word_1_524' title='bbox 2145 3975 2377 4032; x_wconf 86' lang='lat' dir='ltr'><strong>bilietur</strong></span> <span class='ocrx_word' id='word_1_525' title='bbox 2411 3981 2621 4029; x_wconf 88' lang='lat' dir='ltr'><strong>nostra.</strong></span> <span class='ocrx_word' id='word_1_526' title='bbox 2647 3971 2932 4028; x_wconf 88' lang='lat' dir='ltr'><strong>Credibile</strong></span> <span class='ocrx_word' id='word_1_527' title='bbox 2961 3985 3099 4026; x_wconf 90' lang='lat' dir='ltr'><strong>vero</strong></span> <span class='ocrx_word' id='word_1_528' title='bbox 3137 3983 3249 4023; x_wconf 85' lang='lat' dir='ltr'><strong>non</strong></span> <span class='ocrx_word' id='word_1_529' title='bbox 3280 3972 3395 4030; x_wconf 88' lang='lat' dir='ltr'><strong>est,</strong></span> <span class='ocrx_word' id='word_1_530' title='bbox 3429 3957 3584 4034; x_wconf 91' lang='lat' dir='ltr'><strong>quod</strong></span> <span class='ocrx_word' id='word_1_531' title='bbox 3622 3955 3735 4010; x_wconf 92' lang='lat' dir='ltr'><strong>loco</strong></span> 
     </span>
    </p>
   </div>
   <div class='ocr_carea' id='block_1_46' title="bbox 457 4047 2075 4137">
    <p class='ocr_par' dir='ltr' id='par_1_46' title="bbox 457 4053 2044 4127">
     <span class='ocr_line' id='line_1_46' title="bbox 457 4053 2044 4127; baseline -0.003 -15"><span class='ocrx_word' id='word_1_532' title='bbox 457 4055 709 4127; x_wconf 78' lang='lat' dir='ltr'><strong>pontifex</strong></span> <span class='ocrx_word' id='word_1_533' title='bbox 736 4055 830 4112; x_wconf 89' lang='lat' dir='ltr'><strong>ille</strong></span> <span class='ocrx_word' id='word_1_534' title='bbox 851 4054 1222 4127; x_wconf 92' lang='lat' dir='ltr'><strong>undequaque</strong></span> <span class='ocrx_word' id='word_1_535' title='bbox 1246 4055 1518 4111; x_wconf 88' lang='lat' dir='ltr'><strong>maximus</strong></span> <span class='ocrx_word' id='word_1_536' title='bbox 1551 4063 1884 4125; x_wconf 89' lang='lat' dir='ltr'><strong>prosecutus</strong></span> <span class='ocrx_word' id='word_1_537' title='bbox 1911 4053 2044 4109; x_wconf 91' lang='lat' dir='ltr'><strong>olim</strong></span> 
     </span>
    </p>
   </div>
   <div class='ocr_carea' id='block_1_47' title="bbox 2113 4047 3731 4137">
    <p class='ocr_par' dir='ltr' id='par_1_47' title="bbox 2149 4047 3731 4137">
     <span class='ocr_line' id='line_1_47' title="bbox 2149 4047 3731 4137; baseline -0.011 -13"><span class='ocrx_word' id='word_1_538' title='bbox 2149 4067 2320 4126; x_wconf 84' lang='lat' dir='ltr'><strong>citato</strong></span> <span class='ocrx_word' id='word_1_539' title='bbox 2340 4072 2535 4122; x_wconf 89' lang='lat' dir='ltr'><strong>narrat</strong></span> <span class='ocrx_word' id='word_1_540' title='bbox 2552 4064 2878 4137; x_wconf 82' lang='lat' dir='ltr'><strong>Eutychius,</strong></span> <span class='ocrx_word' id='word_1_541' title='bbox 2905 4066 3334 4117; x_wconf 81' lang='lat' dir='ltr'><strong>exauctoratum</strong></span> <span class='ocrx_word' id='word_1_542' title='bbox 3359 4047 3731 4112; x_wconf 71' lang='lat' dir='ltr'><strong>Anastasium.</strong></span> 
     </span>
    </p>
   </div>
   <div class='ocr_carea' id='block_1_48' title="bbox 459 4145 3731 4224">
    <p class='ocr_par' dir='ltr' id='par_1_48' title="bbox 459 4145 3731 4224">
     <span class='ocr_line' id='line_1_48' title="bbox 459 4145 3731 4224; baseline -0.006 -6"><span class='ocrx_word' id='word_1_543' title='bbox 459 4145 650 4214; x_wconf 53' lang='lat' dir='ltr'><strong>fuerit.</strong></span> <span class='ocrx_word' id='word_1_544' title='bbox 679 4154 738 4202; x_wconf 72' lang='grc' dir='ltr'>ει</span> <span class='ocrx_word' id='word_1_545' title='bbox 765 4161 933 4218; x_wconf 71' lang='lat' dir='ltr'><strong>quam</strong></span> <span class='ocrx_word' id='word_1_546' title='bbox 961 4146 1261 4204; x_wconf 64' lang='lat' dir='ltr'><strong>Sublimem</strong></span> <span class='ocrx_word' id='word_1_547' title='bbox 1285 4145 1354 4202; x_wconf 77' lang='grc' dir='ltr'><strong>(Ῑθ</strong></span> <span class='ocrx_word' id='word_1_548' title='bbox 1387 4146 1590 4203; x_wconf 63' lang='grc' dir='ltr'><strong>θιῖῐηίδ</strong></span> <span class='ocrx_word' id='word_1_549' title='bbox 1611 4147 1732 4219; x_wconf 70' lang='lat' dir='ltr'><strong>eius</strong></span> <span class='ocrx_word' id='word_1_550' title='bbox 1766 4161 1894 4204; x_wconf 68' lang='lat' dir='ltr'><strong>cum</strong></span> <span class='ocrx_word' id='word_1_551' title='bbox 1943 4145 2048 4202; x_wconf 67' lang='grc' dir='ltr'><strong>δυ’</strong></span> <span class='ocrx_word' id='word_1_552' title='bbox 2157 4180 2174 4214; x_wconf 73' lang='lat' dir='ltr'><strong>c</strong></span> <span class='ocrx_word' id='word_1_553' title='bbox 2205 4158 2561 4216; x_wconf 87' lang='lat' dir='ltr'><strong>dissimulato</strong></span> <span class='ocrx_word' id='word_1_554' title='bbox 2601 4156 2822 4220; x_wconf 86' lang='lat' dir='ltr'><strong>habitu,</strong></span> <span class='ocrx_word' id='word_1_555' title='bbox 2851 4152 3234 4224; x_wconf 85' lang='lat' dir='ltr'><strong>Hierosolyma</strong></span> <span class='ocrx_word' id='word_1_556' title='bbox 3253 4147 3576 4220; x_wconf 82' lang='lat' dir='ltr'><strong>profectum</strong></span> <span class='ocrx_word' id='word_1_557' title='bbox 3596 4147 3731 4197; x_wconf 69' lang='lat' dir='ltr'><strong>esse.</strong></span> 
     </span>
    </p>
   </div>
   <div class='ocr_carea' id='block_1_49' title="bbox 463 4232 3728 4320">
    <p class='ocr_par' dir='ltr' id='par_1_49' title="bbox 463 4232 3728 4320">
     <span class='ocr_line' id='line_1_49' title="bbox 463 4232 3728 4320; baseline -0.005 -24"><span class='ocrx_word' id='word_1_558' title='bbox 463 4241 643 4296; x_wconf 89' lang='lat' dir='ltr'><strong>ctrina</strong></span> <span class='ocrx_word' id='word_1_559' title='bbox 695 4247 814 4296; x_wconf 88' lang='lat' dir='ltr'><strong>tum</strong></span> <span class='ocrx_word' id='word_1_560' title='bbox 851 4241 1148 4297; x_wconf 90' lang='lat' dir='ltr'><strong>sanctitate</strong></span> <span class='ocrx_word' id='word_1_561' title='bbox 1197 4250 1526 4314; x_wconf 89' lang='lat' dir='ltr'><strong>conceptam</strong></span> <span class='ocrx_word' id='word_1_562' title='bbox 1563 4242 1752 4299; x_wconf 91' lang='lat' dir='ltr'><strong>animo</strong></span> <span class='ocrx_word' id='word_1_563' title='bbox 1814 4243 2050 4316; x_wconf 82' lang='lat' dir='ltr'><strong>gesserit</strong></span> <span class='ocrx_word' id='word_1_564' title='bbox 2151 4253 2250 4308; x_wconf 84' lang='lat' dir='ltr'><strong>ubi</strong></span> <span class='ocrx_word' id='word_1_565' title='bbox 2281 4253 2342 4307; x_wconf 85' lang='lat' dir='ltr'><strong>in</strong></span> <span class='ocrx_word' id='word_1_566' title='bbox 2401 4249 2610 4320; x_wconf 86' lang='lat' dir='ltr'><strong>templo</strong></span> <span class='ocrx_word' id='word_1_567' title='bbox 2664 4245 3120 4304; x_wconf 82' lang='lat' dir='ltr'><strong>Resurreetionis</strong></span> <span class='ocrx_word' id='word_1_568' title='bbox 3169 4240 3506 4310; x_wconf 87' lang='lat' dir='ltr'><strong>candelapta</strong></span> <span class='ocrx_word' id='word_1_569' title='bbox 3539 4232 3728 4320; x_wconf 80' lang='lat' dir='ltr'><strong>factus,</strong></span> 
     </span>
    </p>
   </div>
   <div class='ocr_carea' id='block_1_50' title="bbox 463 4318 3730 4408">
    <p class='ocr_par' dir='ltr' id='par_1_50' title="bbox 463 4318 3730 4408">
     <span class='ocr_line' id='line_1_50' title="bbox 463 4318 3730 4408; baseline -0.006 -19"><span class='ocrx_word' id='word_1_570' title='bbox 463 4333 806 4406; x_wconf 90' lang='lat' dir='ltr'><strong>opinionem.</strong></span> <span class='ocrx_word' id='word_1_571' title='bbox 845 4332 1034 4389; x_wconf 90' lang='lat' dir='ltr'><strong>Solam</strong></span> <span class='ocrx_word' id='word_1_572' title='bbox 1059 4334 1152 4389; x_wconf 91' lang='lat' dir='ltr'><strong>hic</strong></span> <span class='ocrx_word' id='word_1_573' title='bbox 1183 4348 1315 4404; x_wconf 88' lang='lat' dir='ltr'><strong>ergo</strong></span> <span class='ocrx_word' id='word_1_574' title='bbox 1353 4334 1775 4406; x_wconf 90' lang='lat' dir='ltr'><strong>ehronologiam</strong></span> <span class='ocrx_word' id='word_1_575' title='bbox 1817 4336 1940 4408; x_wconf 89' lang='lat' dir='ltr'><strong>ejus</strong></span> <span class='ocrx_word' id='word_1_576' title='bbox 1963 4343 2051 4390; x_wconf 92' lang='lat' dir='ltr'><strong>at-</strong></span> <span class='ocrx_word' id='word_1_577' title='bbox 2151 4343 2412 4400; x_wconf 72' lang='lat' dir='ltr'><strong>lucernas</strong></span> <span class='ocrx_word' id='word_1_578' title='bbox 2440 4318 2782 4406; x_wconf 74' lang='lat' dir='ltr'><strong>accenderit,</strong></span> <span class='ocrx_word' id='word_1_579' title='bbox 2810 4350 2992 4406; x_wconf 75' lang='lat' dir='ltr'><strong>eaque</strong></span> <span class='ocrx_word' id='word_1_580' title='bbox 3017 4347 3250 4389; x_wconf 89' lang='lat' dir='ltr'><strong>munere</strong></span> <span class='ocrx_word' id='word_1_581' title='bbox 3287 4331 3360 4387; x_wconf 70' lang='grc'><strong>24</strong></span> <span class='ocrx_word' id='word_1_582' title='bbox 3390 4325 3560 4384; x_wconf 90' lang='lat' dir='ltr'><strong>annis</strong></span> <span class='ocrx_word' id='word_1_583' title='bbox 3612 4318 3730 4374; x_wconf 78' lang='lat' dir='ltr'><strong>fun-</strong></span> 
     </span>
    </p>
   </div>
   <div class='ocr_carea' id='block_1_51' title="bbox 462 4408 3728 4500">
    <p class='ocr_par' dir='ltr' id='par_1_51' title="bbox 462 4408 3728 4500">
     <span class='ocr_line' id='line_1_51' title="bbox 462 4408 3728 4500; baseline -0.006 -19"><span class='ocrx_word' id='word_1_584' title='bbox 462 4425 1038 4498; x_wconf 35' lang='lat' dir='ltr'><strong>tingam.‘Ecclesiam</strong></span> <span class='ocrx_word' id='word_1_585' title='bbox 1063 4425 1252 4496; x_wconf 88' lang='lat' dir='ltr'><strong>itaque</strong></span> <span class='ocrx_word' id='word_1_586' title='bbox 1275 4424 1716 4484; x_wconf 83' lang='lat' dir='ltr'><strong>Antiochensem</strong></span> <span class='ocrx_word' id='word_1_587' title='bbox 1737 4428 2054 4500; x_wconf 84' lang='lat' dir='ltr'><strong>gubernan-</strong></span> <span class='ocrx_word' id='word_1_588' title='bbox 2153 4441 2278 4490; x_wconf 67' lang='lat' dir='ltr'><strong>eius</strong></span> <span class='ocrx_word' id='word_1_589' title='bbox 2301 4432 2444 4490; x_wconf 79' lang='lat' dir='ltr'><strong>sit...</strong></span> <span class='ocrx_word' id='word_1_590' title='bbox 2468 4429 2691 4486; x_wconf 81' lang='lat' dir='ltr'><strong>nemine</strong></span> <span class='ocrx_word' id='word_1_591' title='bbox 2721 4427 2946 4486; x_wconf 85' lang='lat' dir='ltr'><strong>interim</strong></span> <span class='ocrx_word' id='word_1_592' title='bbox 2977 4427 3161 4496; x_wconf 85' lang='lat' dir='ltr'><strong>ipsum</strong></span> <span class='ocrx_word' id='word_1_593' title='bbox 3201 4417 3584 4493; x_wconf 83' lang='lat' dir='ltr'><strong>patriarchatu</strong></span> <span class='ocrx_word' id='word_1_594' title='bbox 3611 4408 3728 4464; x_wconf 81' lang='lat' dir='ltr'><strong>fun-</strong></span> 
     </span>
    </p>
   </div>
   <div class='ocr_carea' id='block_1_52' title="bbox 465 4501 3730 4593">
    <p class='ocr_par' dir='ltr' id='par_1_52' title="bbox 465 4501 3730 4593">
     <span class='ocr_line' id='line_1_52' title="bbox 465 4501 3730 4593; baseline -0.007 -18"><span class='ocrx_word' id='word_1_595' title='bbox 465 4518 596 4575; x_wconf 90' lang='lat' dir='ltr'><strong>dam</strong></span> <span class='ocrx_word' id='word_1_596' title='bbox 648 4518 921 4590; x_wconf 90' lang='lat' dir='ltr'><strong>susccpit,</strong></span> <span class='ocrx_word' id='word_1_597' title='bbox 973 4534 1122 4575; x_wconf 90' lang='lat' dir='ltr'><strong>anno</strong></span> <span class='ocrx_word' id='word_1_598' title='bbox 1176 4518 1386 4576; x_wconf 86' lang='lat' dir='ltr'><strong>Christi</strong></span> <span class='ocrx_word' id='word_1_599' title='bbox 1421 4520 1546 4586; x_wconf 85' lang='lat'><strong>559,</strong></span> <span class='ocrx_word' id='word_1_600' title='bbox 1583 4536 1776 4577; x_wconf 89' lang='lat' dir='ltr'><strong>mense</strong></span> <span class='ocrx_word' id='word_1_601' title='bbox 1827 4520 2054 4578; x_wconf 84' lang='lat' dir='ltr'><strong>circiter</strong></span> <span class='ocrx_word' id='word_1_602' title='bbox 2155 4532 2306 4580; x_wconf 88' lang='lat' dir='ltr'><strong>ctum</strong></span> <span class='ocrx_word' id='word_1_603' title='bbox 2334 4537 2458 4580; x_wconf 84' lang='lat' dir='ltr'><strong>esse</strong></span> <span class='ocrx_word' id='word_1_604' title='bbox 2480 4503 2892 4593; x_wconf 36' lang='lat' dir='ltr'><strong>dignoscente&#39;:</strong></span> <span class='ocrx_word' id='word_1_605' title='bbox 2925 4535 2946 4571; x_wconf 73' lang='grc' dir='ltr'><strong>ι</strong></span> <span class='ocrx_word' id='word_1_606' title='bbox 2983 4517 3106 4572; x_wconf 76' lang='lat' dir='ltr'><strong>haec</strong></span> <span class='ocrx_word' id='word_1_607' title='bbox 3124 4513 3274 4569; x_wconf 90' lang='lat' dir='ltr'><strong>enim</strong></span> <span class='ocrx_word' id='word_1_608' title='bbox 3302 4521 3420 4566; x_wconf 88' lang='lat' dir='ltr'><strong>non</strong></span> <span class='ocrx_word' id='word_1_609' title='bbox 3457 4501 3730 4593; x_wconf 56' lang='lat' dir='ltr'><strong>eohmrent</strong></span> 
     </span>
    </p>
   </div>
   <div class='ocr_carea' id='block_1_53' title="bbox 466 4591 3726 4685">
    <p class='ocr_par' dir='ltr' id='par_1_53' title="bbox 466 4591 3726 4685">
     <span class='ocr_line' id='line_1_53' title="bbox 466 4591 3726 4685; baseline -0.006 -17"><span class='ocrx_word' id='word_1_610' title='bbox 466 4610 720 4685; x_wconf 75' lang='lat' dir='ltr'><strong>Augusto</strong></span> <span class='ocrx_word' id='word_1_611' title='bbox 739 4620 836 4666; x_wconf 90' lang='lat' dir='ltr'><strong>aut</strong></span> <span class='ocrx_word' id='word_1_612' title='bbox 852 4609 1166 4683; x_wconf 87' lang='lat' dir='ltr'><strong>Septembri</strong></span> <span class='ocrx_word' id='word_1_613' title='bbox 1189 4611 1606 4684; x_wconf 85' lang='lat' dir='ltr'><strong>;obtinuitque,</strong></span> <span class='ocrx_word' id='word_1_614' title='bbox 1623 4612 1780 4684; x_wconf 83' lang='lat' dir='ltr'><strong>juxta</strong></span> <span class='ocrx_word' id='word_1_615' title='bbox 1797 4619 2050 4668; x_wconf 87' lang='lat' dir='ltr'><strong>sanctum</strong></span> <span class='ocrx_word' id='word_1_616' title='bbox 2084 4603 2130 4661; x_wconf 89' lang='lat' dir='ltr'><strong>D</strong></span> <span class='ocrx_word' id='word_1_617' title='bbox 2159 4629 2286 4673; x_wconf 89' lang='lat' dir='ltr'><strong>eum</strong></span> <span class='ocrx_word' id='word_1_618' title='bbox 2315 4591 2570 4684; x_wconf 78' lang='lat' dir='ltr'><strong>epistolis</strong></span> <span class='ocrx_word' id='word_1_619' title='bbox 2609 4609 2789 4666; x_wconf 83' lang='lat' dir='ltr'><strong>sancti</strong></span> <span class='ocrx_word' id='word_1_620' title='bbox 2816 4605 3074 4679; x_wconf 84' lang='lat' dir='ltr'><strong>Gregorii</strong></span> <span class='ocrx_word' id='word_1_621' title='bbox 3119 4601 3302 4676; x_wconf 81' lang='lat' dir='ltr'><strong>Magni</strong></span> <span class='ocrx_word' id='word_1_622' title='bbox 3329 4610 3456 4656; x_wconf 87' lang='lat' dir='ltr'><strong>tum</strong></span> <span class='ocrx_word' id='word_1_623' title='bbox 3486 4594 3558 4650; x_wconf 88' lang='lat' dir='ltr'><strong>de</strong></span> <span class='ocrx_word' id='word_1_624' title='bbox 3593 4591 3726 4660; x_wconf 68' lang='lat' dir='ltr'><strong>ipso.</strong></span> 
     </span>
    </p>
   </div>
   <div class='ocr_carea' id='block_1_54' title="bbox 466 4688 3728 4780">
    <p class='ocr_par' dir='ltr' id='par_1_54' title="bbox 466 4688 3728 4780">
     <span class='ocr_line' id='line_1_54' title="bbox 466 4688 3728 4780; baseline -0.006 -18"><span class='ocrx_word' id='word_1_625' title='bbox 466 4705 846 4778; x_wconf 89' lang='lat' dir='ltr'><strong>Nicephorum</strong></span> <span class='ocrx_word' id='word_1_626' title='bbox 873 4721 940 4762; x_wconf 91' lang='lat' dir='ltr'><strong>ac</strong></span> <span class='ocrx_word' id='word_1_627' title='bbox 965 4705 1388 4776; x_wconf 86' lang='lat' dir='ltr'><strong>Theophanem,</strong></span> <span class='ocrx_word' id='word_1_628' title='bbox 1419 4721 1520 4776; x_wconf 90' lang='lat' dir='ltr'><strong>per</strong></span> <span class='ocrx_word' id='word_1_629' title='bbox 1542 4721 1720 4762; x_wconf 89' lang='lat' dir='ltr'><strong>annos</strong></span> <span class='ocrx_word' id='word_1_630' title='bbox 1749 4705 2052 4772; x_wconf 81' lang='lat' dir='ltr'><strong>undecim;</strong></span> <span class='ocrx_word' id='word_1_631' title='bbox 2156 4717 2274 4766; x_wconf 84' lang='lat' dir='ltr'><strong>tum</strong></span> <span class='ocrx_word' id='word_1_632' title='bbox 2301 4704 2372 4761; x_wconf 91' lang='lat' dir='ltr'><strong>ad</strong></span> <span class='ocrx_word' id='word_1_633' title='bbox 2427 4705 2609 4774; x_wconf 91' lang='lat' dir='ltr'><strong>ipsum</strong></span> <span class='ocrx_word' id='word_1_634' title='bbox 2657 4699 2910 4758; x_wconf 89' lang='lat' dir='ltr'><strong>nondum</strong></span> <span class='ocrx_word' id='word_1_635' title='bbox 2943 4705 3270 4756; x_wconf 87' lang='lat' dir='ltr'><strong>revocatum</strong></span> <span class='ocrx_word' id='word_1_636' title='bbox 3325 4688 3571 4762; x_wconf 90' lang='lat' dir='ltr'><strong>scriptis,</strong></span> <span class='ocrx_word' id='word_1_637' title='bbox 3617 4690 3728 4780; x_wconf 56' lang='lat' dir='ltr'><strong>qua?</strong></span> 
     </span>
    </p>
   </div>
   <div class='ocr_carea' id='block_1_55' title="bbox 467 4779 3727 4871">
    <p class='ocr_par' dir='ltr' id='par_1_55' title="bbox 467 4779 3727 4871">
     <span class='ocr_line' id='line_1_55' title="bbox 467 4779 3727 4871; baseline -0.01 -15"><span class='ocrx_word' id='word_1_638' title='bbox 467 4807 638 4871; x_wconf 89' lang='lat' dir='ltr'><strong>atque</strong></span> <span class='ocrx_word' id='word_1_639' title='bbox 669 4797 812 4856; x_wconf 88' lang='lat' dir='ltr'><strong>adeo</strong></span> <span class='ocrx_word' id='word_1_640' title='bbox 852 4814 1032 4870; x_wconf 91' lang='lat' dir='ltr'><strong>usque</strong></span> <span class='ocrx_word' id='word_1_641' title='bbox 1065 4799 1135 4855; x_wconf 92' lang='lat' dir='ltr'><strong>ad</strong></span> <span class='ocrx_word' id='word_1_642' title='bbox 1173 4815 1380 4855; x_wconf 90' lang='lat' dir='ltr'><strong>annum</strong></span> <span class='ocrx_word' id='word_1_643' title='bbox 1409 4797 1619 4856; x_wconf 86' lang='lat' dir='ltr'><strong>Christi</strong></span> <span class='ocrx_word' id='word_1_644' title='bbox 1675 4798 1800 4864; x_wconf 83' lang='lat'><strong>570,</strong></span> <span class='ocrx_word' id='word_1_645' title='bbox 1833 4799 2058 4868; x_wconf 89' lang='lat' dir='ltr'><strong>quando</strong></span> <span class='ocrx_word' id='word_1_646' title='bbox 2154 4813 2287 4854; x_wconf 89' lang='lat' dir='ltr'><strong>sane</strong></span> <span class='ocrx_word' id='word_1_647' title='bbox 2321 4803 2432 4850; x_wconf 87' lang='lat' dir='ltr'><strong>tam</strong></span> <span class='ocrx_word' id='word_1_648' title='bbox 2459 4793 2712 4866; x_wconf 84' lang='lat' dir='ltr'><strong>ignotum</strong></span> <span class='ocrx_word' id='word_1_649' title='bbox 2743 4789 3007 4861; x_wconf 83' lang='lat' dir='ltr'><strong>ﬁngi-per</strong></span> <span class='ocrx_word' id='word_1_650' title='bbox 3052 4787 3109 4844; x_wconf 89' lang='lat' dir='ltr'><strong>id</strong></span> <span class='ocrx_word' id='word_1_651' title='bbox 3144 4794 3365 4857; x_wconf 88' lang='lat' dir='ltr'><strong>tempus</strong></span> <span class='ocrx_word' id='word_1_652' title='bbox 3389 4779 3727 4836; x_wconf 82' lang='lat' dir='ltr'><strong>Anastasium</strong></span> 
     </span>
    </p>
   </div>
   <div class='ocr_carea' id='block_1_56' title="bbox 477 4885 2826 4972">
    <p class='ocr_par' dir='ltr' id='par_1_56' title="bbox 477 4885 2826 4972">
     <span class='ocr_line' id='line_1_56' title="bbox 477 4885 2826 4972; baseline -0.003 -28"><span class='ocrx_word' id='word_1_653' title='bbox 477 4908 498 4944; x_wconf 84' lang='grc'>‹</span> <span class='ocrx_word' id='word_1_654' title='bbox 535 4905 771 4964; x_wconf 82' lang='lat' dir='ltr'><strong>magnus</strong></span> <span class='ocrx_word' id='word_1_655' title='bbox 806 4891 901 4972; x_wconf 83' lang='lat' dir='ltr'><strong>ille</strong></span> <span class='ocrx_word' id='word_1_656' title='bbox 927 4891 1259 4948; x_wconf 89' lang='lat' dir='ltr'><strong>Anastasius</strong></span> <span class='ocrx_word' id='word_1_657' title='bbox 1285 4890 1601 4946; x_wconf 80' lang='lat' dir='ltr'><strong>Antiochiae</strong></span> <span class='ocrx_word' id='word_1_658' title='bbox 1633 4890 2054 4961; x_wconf 88' lang='lat' dir='ltr'><strong>episcopus.....</strong></span> <span class='ocrx_word' id='word_1_659' title='bbox 2156 4888 2486 4959; x_wconf 84' lang='lat' dir='ltr'><strong>neutiquam</strong></span> <span class='ocrx_word' id='word_1_660' title='bbox 2511 4885 2826 4956; x_wconf 91' lang='lat' dir='ltr'><strong>patiuntur.</strong></span> 
     </span>
    </p>
   </div>
   <div class='ocr_carea' id='block_1_57' title="bbox 470 4981 2057 5058">
    <p class='ocr_par' dir='ltr' id='par_1_57' title="bbox 470 4981 2057 5058">
     <span class='ocr_line' id='line_1_57' title="bbox 470 4981 2057 5058; baseline -0.003 -15"><span class='ocrx_word' id='word_1_661' title='bbox 470 4981 674 5043; x_wconf 78' lang='lat' dir='ltr'><strong>Justini</strong></span> <span class='ocrx_word' id='word_1_662' title='bbox 710 4984 974 5042; x_wconf 89' lang='lat' dir='ltr'><strong>mandato</strong></span> <span class='ocrx_word' id='word_1_663' title='bbox 1007 4985 1138 5041; x_wconf 90' lang='lat' dir='ltr'><strong>sede</strong></span> <span class='ocrx_word' id='word_1_664' title='bbox 1173 4984 1446 5058; x_wconf 88' lang='lat' dir='ltr'><strong>depulsus</strong></span> <span class='ocrx_word' id='word_1_665' title='bbox 1469 4992 1574 5050; x_wconf 91' lang='lat' dir='ltr'><strong>est,</strong></span> <span class='ocrx_word' id='word_1_666' title='bbox 1596 5003 1615 5035; x_wconf 73' lang='grc' dir='ltr'><strong>ι</strong></span> <span class='ocrx_word' id='word_1_667' title='bbox 1654 4983 1841 5054; x_wconf 88' lang='lat' dir='ltr'><strong>inquit</strong></span> <span class='ocrx_word' id='word_1_668' title='bbox 1871 4983 2057 5040; x_wconf 81' lang='lat' dir='ltr'><strong>Theo-</strong></span> 
     </span>
    </p>
   </div>
   <div class='ocr_carea' id='block_1_58' title="bbox 1716 5109 2510 5178">
    <p class='ocr_par' dir='ltr' id='par_1_58' title="bbox 1716 5109 2510 5178">
     <span class='ocr_line' id='line_1_58' title="bbox 1716 5109 2510 5178; baseline -0.013 -4"><span class='ocrx_word' id='word_1_669' title='bbox 1716 5116 1870 5174; x_wconf 73' lang='lat' dir='ltr'><strong>(Acta</strong></span> <span class='ocrx_word' id='word_1_670' title='bbox 1909 5115 2006 5172; x_wconf 90' lang='lat' dir='ltr'><strong>SS.</strong></span> <span class='ocrx_word' id='word_1_671' title='bbox 2041 5115 2146 5170; x_wconf 87' lang='lat' dir='ltr'><strong>loc.</strong></span> <span class='ocrx_word' id='word_1_672' title='bbox 2175 5111 2270 5168; x_wconf 83' lang='lat' dir='ltr'><strong>cit.</strong></span> <span class='ocrx_word' id='word_1_673' title='bbox 2301 5125 2358 5172; x_wconf 77' lang='grc' dir='ltr'><strong>υ.</strong></span> <span class='ocrx_word' id='word_1_674' title='bbox 2389 5109 2510 5178; x_wconf 85' lang='grc'>99.)</span> 
     </span>
    </p>
   </div>
   <div class='ocr_carea' id='block_1_59' title="bbox 543 5222 3719 5334">
    <p class='ocr_par' dir='ltr' id='par_1_59' title="bbox 543 5222 3719 5334">
     <span class='ocr_line' id='line_1_59' title="bbox 543 5222 3719 5334; baseline -0.012 -12"><span class='ocrx_word' id='word_1_675' title='bbox 543 5267 855 5328; x_wconf 73' lang='lat' dir='ltr'><strong>Reversum</strong></span> <span class='ocrx_word' id='word_1_676' title='bbox 878 5264 948 5322; x_wconf 91' lang='lat' dir='ltr'><strong>ad</strong></span> <span class='ocrx_word' id='word_1_677' title='bbox 969 5262 1262 5334; x_wconf 87' lang='lat' dir='ltr'><strong>pristinam</strong></span> <span class='ocrx_word' id='word_1_678' title='bbox 1287 5259 1614 5331; x_wconf 83' lang='lat' dir='ltr'><strong>dignitatem</strong></span> <span class='ocrx_word' id='word_1_679' title='bbox 1637 5231 2058 5314; x_wconf 79' lang='lat' dir='ltr'><strong>sanctumAna-</strong></span> <span class='ocrx_word' id='word_1_680' title='bbox 2163 5257 2402 5306; x_wconf 87' lang='lat' dir='ltr'><strong>exeunte</strong></span> <span class='ocrx_word' id='word_1_681' title='bbox 2426 5261 2574 5302; x_wconf 90' lang='lat' dir='ltr'><strong>anno</strong></span> <span class='ocrx_word' id='word_1_682' title='bbox 2603 5243 2819 5301; x_wconf 84' lang='lat' dir='ltr'><strong>Christi</strong></span> <span class='ocrx_word' id='word_1_683' title='bbox 2843 5242 2944 5298; x_wconf 86' lang='lat'><strong>597</strong></span> <span class='ocrx_word' id='word_1_684' title='bbox 2989 5239 3312 5296; x_wconf 87' lang='lat' dir='ltr'><strong>consolatus</strong></span> <span class='ocrx_word' id='word_1_685' title='bbox 3347 5242 3467 5334; x_wconf 82' lang='lat' dir='ltr'><strong>est:</strong></span> <span class='ocrx_word' id='word_1_686' title='bbox 3499 5241 3599 5286; x_wconf 87' lang='lat' dir='ltr'><strong>nec</strong></span> <span class='ocrx_word' id='word_1_687' title='bbox 3635 5222 3719 5334; x_wconf 66' lang='lat' dir='ltr'><strong>diu</strong></span> 
     </span>
    </p>
   </div>
   <div class='ocr_carea' id='block_1_60' title="bbox 476 5318 3716 5418">
    <p class='ocr_par' dir='ltr' id='par_1_60' title="bbox 476 5318 3716 5418">
     <span class='ocr_line' id='line_1_60' title="bbox 476 5318 3716 5418; baseline -0.015 -1"><span class='ocrx_word' id='word_1_688' title='bbox 732 5318 867 5414; x_wconf 68' lang='lat' dir='ltr'><strong>esse</strong></span> <span class='ocrx_word' id='word_1_689' title='bbox 883 5318 1046 5414; x_wconf 46' lang='lat' dir='ltr'><strong>Inito</strong></span> <span class='ocrx_word' id='word_1_690' title='bbox 1077 5353 1285 5411; x_wconf 87' lang='lat' dir='ltr'><strong>Christi</strong></span> <span class='ocrx_word' id='word_1_691' title='bbox 1313 5318 1436 5416; x_wconf 73' lang='lat'><strong>593,</strong></span> <span class='ocrx_word' id='word_1_692' title='bbox 1477 5365 1672 5406; x_wconf 89' lang='lat' dir='ltr'><strong>mense</strong></span> <span class='ocrx_word' id='word_1_693' title='bbox 1704 5348 1920 5412; x_wconf 85' lang='lat' dir='ltr'><strong>Martio,</strong></span> <span class='ocrx_word' id='word_1_694' title='bbox 1945 5347 2063 5418; x_wconf 92' lang='lat' dir='ltr'><strong>jam</strong></span> <span class='ocrx_word' id='word_1_695' title='bbox 2165 5336 2708 5398; x_wconf 86' lang='lat' dir='ltr'><strong>admodumobiisse</strong></span> <span class='ocrx_word' id='word_1_696' title='bbox 2727 5342 2969 5408; x_wconf 89' lang='lat' dir='ltr'><strong>poterat,</strong></span> <span class='ocrx_word' id='word_1_697' title='bbox 3000 5351 3127 5391; x_wconf 88' lang='lat' dir='ltr'><strong>cum</strong></span> <span class='ocrx_word' id='word_1_698' title='bbox 3150 5330 3444 5388; x_wconf 86' lang='lat' dir='ltr'><strong>Anastasio</strong></span> <span class='ocrx_word' id='word_1_699' title='bbox 3471 5318 3716 5418; x_wconf 78' lang='lat' dir='ltr'><strong>secundo.</strong></span> 
     </span>
    </p>
   </div>
   <div class='ocr_carea' id='block_1_61' title="bbox 477 5411 3717 5518">
    <p class='ocr_par' dir='ltr' id='par_1_61' title="bbox 477 5411 3717 5518">
     <span class='ocr_line' id='line_1_61' title="bbox 477 5411 3717 5518; baseline -0.008 -9"><span class='ocrx_word' id='word_1_700' title='bbox 477 5451 848 5509; x_wconf 88' lang='lat' dir='ltr'><strong>ostendimus.</strong></span> <span class='ocrx_word' id='word_1_701' title='bbox 885 5448 1092 5518; x_wconf 85' lang='lat' dir='ltr'><strong>Quare,</strong></span> <span class='ocrx_word' id='word_1_702' title='bbox 1124 5462 1251 5504; x_wconf 88' lang='lat' dir='ltr'><strong>eum</strong></span> <span class='ocrx_word' id='word_1_703' title='bbox 1277 5446 1435 5501; x_wconf 89' lang='lat' dir='ltr'><strong>illum</strong></span> <span class='ocrx_word' id='word_1_704' title='bbox 1455 5443 1660 5500; x_wconf 88' lang='lat' dir='ltr'><strong>deinde</strong></span> <span class='ocrx_word' id='word_1_705' title='bbox 1680 5411 2066 5498; x_wconf 65' lang='lat' dir='ltr'><strong>EcclesiaeAn-</strong></span> <span class='ocrx_word' id='word_1_706' title='bbox 2167 5433 2265 5506; x_wconf 90' lang='lat' dir='ltr'><strong>qui</strong></span> <span class='ocrx_word' id='word_1_707' title='bbox 2296 5430 2590 5486; x_wconf 88' lang='lat' dir='ltr'><strong>Anastasio</strong></span> <span class='ocrx_word' id='word_1_708' title='bbox 2624 5429 2806 5499; x_wconf 90' lang='lat' dir='ltr'><strong>primo</strong></span> <span class='ocrx_word' id='word_1_709' title='bbox 2831 5441 3028 5482; x_wconf 90' lang='lat' dir='ltr'><strong>recens</strong></span> <span class='ocrx_word' id='word_1_710' title='bbox 3047 5427 3415 5518; x_wconf 64' lang='lat' dir='ltr'><strong>successerat,</strong></span> <span class='ocrx_word' id='word_1_711' title='bbox 3443 5411 3717 5518; x_wconf 49' lang='grc' dir='ltr'><strong>ειδιξωίιῗξ</strong></span> 
     </span>
    </p>
   </div>
   <div class='ocr_carea' id='block_1_62' title="bbox 479 5493 3713 5612">
    <p class='ocr_par' dir='ltr' id='par_1_62' title="bbox 479 5493 3713 5612">
     <span class='ocr_line' id='line_1_62' title="bbox 479 5493 2643 5516; baseline -0.01 -7"><span class='ocrx_word' id='word_1_712' title='bbox 479 5493 848 5509; x_wconf 68' lang='grc' dir='ltr'><strong>νσ.υ...........,.</strong></span> <span class='ocrx_word' id='word_1_713' title='bbox 937 5493 1092 5516; x_wconf 80' lang='lat'><strong>......,,</strong></span> <span class='ocrx_word' id='word_1_714' title='bbox 1125 5493 1251 5504; x_wconf 65' lang='grc' dir='ltr'><strong>η.--</strong></span> <span class='ocrx_word' id='word_1_715' title='bbox 1459 5493 1658 5500; x_wconf 72' lang='lat'><strong>_-_--_-</strong></span> <span class='ocrx_word' id='word_1_716' title='bbox 2184 5493 2203 5506; x_wconf 64' lang='grc'><strong>,</strong></span> <span class='ocrx_word' id='word_1_717' title='bbox 2626 5493 2643 5499; x_wconf 98' lang='lat'>_</span> 
     </span>
     <span class='ocr_line' id='line_1_63' title="bbox 479 5493 3713 5612; baseline -0.014 -7"><span class='ocrx_word' id='word_1_718' title='bbox 479 5542 760 5604; x_wconf 76' lang='lat' dir='ltr'><strong>tiochenae</strong></span> <span class='ocrx_word' id='word_1_719' title='bbox 799 5493 1134 5612; x_wconf 42' lang='lat' dir='ltr'><strong>prgedisse</strong></span> <span class='ocrx_word' id='word_1_720' title='bbox 1178 5554 1275 5595; x_wconf 89' lang='lat' dir='ltr'><strong>sex</strong></span> <span class='ocrx_word' id='word_1_721' title='bbox 1316 5537 1478 5593; x_wconf 89' lang='lat' dir='ltr'><strong>annis</strong></span> <span class='ocrx_word' id='word_1_722' title='bbox 1530 5541 1786 5600; x_wconf 83' lang='lat' dir='ltr'><strong>asseram</strong></span> <span class='ocrx_word' id='word_1_723' title='bbox 1839 5530 2068 5586; x_wconf 81' lang='lat' dir='ltr'><strong>sanctus</strong></span> <span class='ocrx_word' id='word_1_724' title='bbox 2169 5522 2576 5596; x_wconf 79' lang='lat' dir='ltr'><strong>professionem</strong></span> <span class='ocrx_word' id='word_1_725' title='bbox 2607 5519 2736 5575; x_wconf 84' lang='lat' dir='ltr'><strong>ﬁdei</strong></span> <span class='ocrx_word' id='word_1_726' title='bbox 2759 5519 2864 5574; x_wconf 89' lang='lat' dir='ltr'><strong>sub</strong></span> <span class='ocrx_word' id='word_1_727' title='bbox 2920 5517 3236 5589; x_wconf 88' lang='lat' dir='ltr'><strong>ingressum</strong></span> <span class='ocrx_word' id='word_1_728' title='bbox 3287 5493 3713 5612; x_wconf 37' lang='lat' dir='ltr'><strong>episeopat‘lls‘j:i</strong></span> 
     </span>
    </p>
   </div>
   <div class='ocr_carea' id='block_1_63' title="bbox 479 5590 3713 5704">
    <p class='ocr_par' dir='ltr' id='par_1_63' title="bbox 479 5590 3713 5704">
     <span class='ocr_line' id='line_1_64' title="bbox 479 5590 3713 5704; baseline -0.013 -15"><span class='ocrx_word' id='word_1_729' title='bbox 479 5590 832 5704; x_wconf 63' lang='lat' dir='ltr'><strong>Nicephorus</strong></span> <span class='ocrx_word' id='word_1_730' title='bbox 864 5631 921 5686; x_wconf 92' lang='lat' dir='ltr'><strong>in</strong></span> <span class='ocrx_word' id='word_1_731' title='bbox 951 5630 1148 5694; x_wconf 87' lang='lat' dir='ltr'><strong>chron.</strong></span> <span class='ocrx_word' id='word_1_732' title='bbox 1177 5639 1235 5686; x_wconf 88' lang='lat' dir='ltr'><strong>et</strong></span> <span class='ocrx_word' id='word_1_733' title='bbox 1283 5629 1342 5684; x_wconf 93' lang='lat' dir='ltr'><strong>in</strong></span> <span class='ocrx_word' id='word_1_734' title='bbox 1386 5627 1624 5684; x_wconf 89' lang='lat' dir='ltr'><strong>lamellis</strong></span> <span class='ocrx_word' id='word_1_735' title='bbox 1671 5623 2064 5695; x_wconf 86' lang='lat' dir='ltr'><strong>Theophanes,</strong></span> <span class='ocrx_word' id='word_1_736' title='bbox 2167 5624 2422 5672; x_wconf 90' lang='lat' dir='ltr'><strong>sanetum</strong></span> <span class='ocrx_word' id='word_1_737' title='bbox 2471 5611 2801 5684; x_wconf 80' lang='lat' dir='ltr'><strong>Gregorium</strong></span> <span class='ocrx_word' id='word_1_738' title='bbox 2858 5611 3256 5675; x_wconf 87' lang='lat' dir='ltr'><strong>destinaverat,</strong></span> <span class='ocrx_word' id='word_1_739' title='bbox 3309 5621 3408 5678; x_wconf 90' lang='lat' dir='ltr'><strong>per</strong></span> <span class='ocrx_word' id='word_1_740' title='bbox 3444 5590 3713 5704; x_wconf 49' lang='lat' dir='ltr'><strong>epistolf:</strong></span> 
     </span>
    </p>
   </div>
   <div class='ocr_carea' id='block_1_64' title="bbox 483 5689 3711 5790">
    <p class='ocr_par' dir='ltr' id='par_1_64' title="bbox 483 5689 3711 5790">
     <span class='ocr_line' id='line_1_65' title="bbox 483 5689 3711 5790; baseline -0.008 -9"><span class='ocrx_word' id='word_1_741' title='bbox 483 5689 556 5781; x_wconf 77' lang='lat' dir='ltr'><strong>ad</strong></span> <span class='ocrx_word' id='word_1_742' title='bbox 599 5689 809 5780; x_wconf 70' lang='lat' dir='ltr'><strong>annum</strong></span> <span class='ocrx_word' id='word_1_743' title='bbox 837 5691 1046 5780; x_wconf 85' lang='lat' dir='ltr'><strong>Christi</strong></span> <span class='ocrx_word' id='word_1_744' title='bbox 1073 5721 1176 5778; x_wconf 87' lang='lat'><strong>599</strong></span> <span class='ocrx_word' id='word_1_745' title='bbox 1213 5719 1440 5778; x_wconf 89' lang='lat' dir='ltr'><strong>circiter</strong></span> <span class='ocrx_word' id='word_1_746' title='bbox 1499 5716 1793 5790; x_wconf 86' lang='lat' dir='ltr'><strong>pertigisse</strong></span> <span class='ocrx_word' id='word_1_747' title='bbox 1829 5689 2069 5771; x_wconf 68' lang='lat' dir='ltr'><strong>necesse</strong></span> <span class='ocrx_word' id='word_1_748' title='bbox 2169 5713 2260 5777; x_wconf 66' lang='lat' dir='ltr'><strong>d7,</strong></span> <span class='ocrx_word' id='word_1_749' title='bbox 2302 5711 2442 5766; x_wconf 90' lang='lat' dir='ltr'><strong>alias</strong></span> <span class='ocrx_word' id='word_1_750' title='bbox 2497 5709 2586 5774; x_wconf 68' lang='lat'><strong>48,</strong></span> <span class='ocrx_word' id='word_1_751' title='bbox 2614 5708 2717 5764; x_wconf 90' lang='lat' dir='ltr'><strong>lib.</strong></span> <span class='ocrx_word' id='word_1_752' title='bbox 2771 5723 2868 5772; x_wconf 85' lang='lat' dir='ltr'><strong>vn,</strong></span> <span class='ocrx_word' id='word_1_753' title='bbox 2904 5703 3235 5776; x_wconf 88' lang='lat' dir='ltr'><strong>respondit;</strong></span> <span class='ocrx_word' id='word_1_754' title='bbox 3288 5711 3450 5772; x_wconf 88' lang='lat' dir='ltr'><strong>quam</strong></span> 
     </span>
    </p>
   </div>
   <div class='ocr_carea' id='block_1_65' title="bbox 486 5774 3708 5880">
    <p class='ocr_par' dir='ltr' id='par_1_65' title="bbox 486 5774 3708 5880">
     <span class='ocr_line' id='line_1_66' title="bbox 486 5774 3708 5880; baseline -0.012 -3"><span class='ocrx_word' id='word_1_755' title='bbox 486 5774 1410 5878; x_wconf 36' lang='lat' dir='ltr'><strong>esti-ivga(certe—adhue,dum</strong></span> <span class='ocrx_word' id='word_1_756' title='bbox 1435 5774 1564 5865; x_wconf 50' lang='lat' dir='ltr'><strong>eu.m</strong></span> <span class='ocrx_word' id='word_1_757' title='bbox 1593 5774 1694 5880; x_wconf 51' lang='lat' dir='ltr'><strong>peur</strong></span> <span class='ocrx_word' id='word_1_758' title='bbox 1713 5806 2011 5878; x_wconf 85' lang='lat' dir='ltr'><strong>epistolam</strong></span> <span class='ocrx_word' id='word_1_759' title='bbox 2035 5804 2070 5858; x_wconf 81' lang='lat'><strong>‘5</strong></span> <span class='ocrx_word' id='word_1_760' title='bbox 2170 5774 2464 5874; x_wconf 88' lang='lat' dir='ltr'><strong>epistolam</strong></span> <span class='ocrx_word' id='word_1_761' title='bbox 2493 5801 2697 5872; x_wconf 83' lang='lat' dir='ltr'><strong>Pagius</strong></span> <span class='ocrx_word' id='word_1_762' title='bbox 2725 5799 2783 5855; x_wconf 92' lang='lat' dir='ltr'><strong>in</strong></span> <span class='ocrx_word' id='word_1_763' title='bbox 2812 5798 2952 5856; x_wconf 90' lang='lat' dir='ltr'><strong>Crit.</strong></span> <span class='ocrx_word' id='word_1_764' title='bbox 2993 5774 3198 5852; x_wconf 58' lang='lat' dir='ltr'><strong>Baron.</strong></span> <span class='ocrx_word' id='word_1_765' title='bbox 3226 5794 3298 5851; x_wconf 89' lang='lat' dir='ltr'><strong>ad</strong></span> <span class='ocrx_word' id='word_1_766' title='bbox 3320 5799 3514 5850; x_wconf 90' lang='lat' dir='ltr'><strong>annum</strong></span> <span class='ocrx_word' id='word_1_767' title='bbox 3531 5774 3708 5880; x_wconf 60' lang='lat' dir='ltr'><strong>Cliti:u</strong></span> 
     </span>
    </p>
   </div>
   <div class='ocr_carea' id='block_1_66' title="bbox 487 5860 3712 5976">
    <p class='ocr_par' dir='ltr' id='par_1_66' title="bbox 487 5860 3712 5976">
     <span class='ocr_line' id='line_1_67' title="bbox 487 5860 3712 5976; baseline -0.012 -11"><span class='ocrx_word' id='word_1_768' title='bbox 487 5907 621 5965; x_wconf 86' lang='lat' dir='ltr'><strong>libri</strong></span> <span class='ocrx_word' id='word_1_769' title='bbox 676 5923 785 5976; x_wconf 86' lang='lat' dir='ltr'><strong>vn,</strong></span> <span class='ocrx_word' id='word_1_770' title='bbox 831 5912 1060 5964; x_wconf 88' lang='lat' dir='ltr'><strong>sanctus</strong></span> <span class='ocrx_word' id='word_1_771' title='bbox 1121 5860 1430 5976; x_wconf 61' lang='lat' dir='ltr'><strong>Gregorius</strong></span> <span class='ocrx_word' id='word_1_772' title='bbox 1477 5860 2070 5975; x_wconf 54' lang='lat' dir='ltr'><strong>pontifexrmaximus</strong></span> <span class='ocrx_word' id='word_1_773' title='bbox 2172 5895 2298 5962; x_wconf 83' lang='lat'><strong>599,</strong></span> <span class='ocrx_word' id='word_1_774' title='bbox 2333 5910 2492 5949; x_wconf 88' lang='lat' dir='ltr'><strong>num.</strong></span> <span class='ocrx_word' id='word_1_775' title='bbox 2525 5893 2579 5960; x_wconf 71' lang='lat'><strong>2,</strong></span> <span class='ocrx_word' id='word_1_776' title='bbox 2609 5892 2792 5948; x_wconf 89' lang='lat' dir='ltr'><strong>datam</strong></span> <span class='ocrx_word' id='word_1_777' title='bbox 2823 5890 2903 5948; x_wconf 90' lang='lat' dir='ltr'><strong>ait</strong></span> <span class='ocrx_word' id='word_1_778' title='bbox 2941 5909 2958 5944; x_wconf 76' lang='grc' dir='ltr'>σ</span> <span class='ocrx_word' id='word_1_779' title='bbox 3003 5887 3314 5946; x_wconf 87' lang='lat' dir='ltr'><strong>lndietione</strong></span> <span class='ocrx_word' id='word_1_780' title='bbox 3342 5899 3400 5955; x_wconf 88' lang='grc' dir='ltr'><strong>ιι,</strong></span> <span class='ocrx_word' id='word_1_781' title='bbox 3427 5883 3601 5937; x_wconf 86' lang='lat' dir='ltr'><strong>mense</strong></span> <span class='ocrx_word' id='word_1_782' title='bbox 3634 5860 3712 5918; x_wconf 70' lang='grc'><strong>1³⁸</strong></span> 
     </span>
    </p>
   </div>
  </div>
