4098 6488
476 450 612 518 1305

470 563 706 632 nuario;
782 566 1027 640 indeque
1092 580 1289 631 contra
1351 573 1658 632 Barouium
1731 578 2055 647 concludit,

467 657 746 715 Anastasii
794 661 962 732 primi
1015 663 1236 721 obitum
1266 666 1337 723 ad
1371 683 1581 725 annum
1640 671 2056 742 praecedentem

465 750 771 820 pertinere.

535 839 708 896 Recte
751 841 808 896 id
860 844 1110 914 quidem,
1160 845 1207 902 si
1258 849 1502 920 epistola
1553 850 1650 906 illa
1707 853 1917 922 scripta
1981 853 2055 911 sit

463 947 659 989 mense
683 933 983 1006 Januario;
1051 957 1247 996 verum
1310 943 1459 1000 unde
1491 943 1548 999 id
1605 947 1861 1000 constat?
1909 945 2052 1004 Sane

463 1025 744 1083 editiones
795 1045 899 1101 ego
951 1048 1181 1102 operum
1231 1036 1413 1091 sancti
1478 1016 1735 1108 Gregorii
1791 1039 2050 1094 consului

463 1129 728 1189 quatuor,
765 1125 1156 1192 quarumduae
1185 1125 1453 1197 epistolas
1479 1143 1697 1194 omnes,
1750 1145 1872 1200 quae
1903 1129 2050 1184 reci-

463 1218 656 1266 tantur
683 1227 716 1268 a
750 1228 942 1270 mense
961 1216 1228 1273 Januario
1262 1233 1439 1289 usque
1477 1219 1547 1274 ad
1583 1219 1751 1276 finem
1785 1220 2050 1276 indictio-

458 1303 549 1360 nis
575 1319 636 1370 ιι,
659 1305 816 1360 nullo
833 1307 1072 1377 amplius
1098 1309 1428 1380 interposito
1446 1325 1638 1366 mense
1663 1311 2041 1382 distinguunt;

456 1395 583 1452 alia;
615 1397 760 1463 duae,
795 1415 996 1470 nempe
1025 1401 1282 1457 Duacena
1314 1402 1449 1458 anni
1476 1401 1634 1470 1615,
1664 1413 1722 1460 et
1748 1404 2046 1461 Labbeana

457 1494 593 1542 tom.
631 1485 675 1542 V
699 1487 937 1558 Concil.,
968 1507 999 1546 a
1025 1493 1290 1550 Januario
1320 1509 1498 1564 usque
1550 1495 1619 1550 ad
1668 1511 1918 1550 mensem
1941 1496 2042 1552 Ju-

451 1577 612 1645 lium,
643 1581 860 1638 nullum
901 1585 1155 1654 epistolis
1185 1601 1434 1642 mensem
1465 1587 1832 1660 interjiciunt.
1891 1589 2042 1644 lnter

449 1671 718 1740 epistolas
741 1689 878 1730 vero
911 1675 1035 1732 illas
1058 1677 1304 1732 medium
1332 1677 1453 1734 fere
1486 1677 1674 1734 locum
1703 1679 1919 1735 obtinet
1948 1695 2036 1744 ea,

448 1760 520 1817 de
544 1777 652 1832 qua
674 1764 840 1822 nobis
866 1765 960 1822 hic
977 1781 1160 1823 sermo
1187 1775 1292 1824 est.
1326 1767 1440 1825 Cur
1487 1770 1657 1840 igitur
1683 1771 1918 1841 propius
1965 1771 2038 1826 ad

1993 474 2195 538 VITA.

3586 475 3722 540 1306

2157 581 2482 638 Januarium
2537 581 2830 655 redigitur,
2860 599 3028 654 quam
3082 583 3153 639 ad
3197 599 3447 640 mensem
3472 583 3746 646 Junium?

2161 667 2434 744 Equidem
2463 675 2572 732 hoc
2594 691 2768 731 unum
2805 676 3053 731 arbitror
3097 675 3297 732 conﬁci
3329 691 3398 730 ex
3455 677 3562 733 hoc
3597 679 3740 743 loco,

2158 767 2348 835 posse,
2377 765 2666 836 epistolam
2689 767 2840 822 illam
2897 782 3080 839 neque
3125 776 3252 824 ante
3294 768 3620 825 Januarium
3649 771 3737 826 in-

2157 857 2420 915 dictionis
2475 875 2510 914 ιι
2543 859 2768 914 missam
2797 875 2943 926 esse,
2986 875 3169 930 neque
3223 871 3348 930 post
3377 861 3626 916 Junium.
3666 863 3739 919 At

2155 930 2286 1005 in‘de
2315 965 2660 1020 consequens
2684 952 2840 1005 nullo
2865 951 3032 1006 modo
3058 961 3144 1007 est
3198 960 3262 1006 ut
3308 967 3422 1007 non
3461 953 3592 1008 totis
3614 953 3736 1009 fere

2161 1056 2256 1096 sex
2287 1042 2446 1097 annis
2472 1042 2798 1098 Anastasius
2833 1042 3075 1112 primum
3101 1043 3375 1104 redditam
3408 1043 3598 1098 sedem
3635 1059 3734 1099 oc-

2153 1133 2400 1202 cuparit;
2435 1134 2748 1204 vixeritque
2780 1133 3040 1204 proinde,
3093 1141 3156 1188 ut
3189 1134 3409 1204 putavit
3436 1135 3730 1199 Baronius.

2151 1240 2327 1295 usque
2359 1225 2427 1280 ad
2455 1241 2662 1280 annum
2693 1225 2902 1282 Christi
2927 1225 3052 1291 599,
3114 1241 3476 1298 mensemque
3504 1229 3734 1284 circiter

2148 1316 2426 1372 Martium.
2453 1319 2638 1373 ‘Porro
2663 1334 2732 1373 ex
2765 1317 2856 1372 his
2883 1317 3060 1387 liquet
3113 1314 3375 1388 Eutychii
3421 1320 3727 1390 prolapsio,

2145 1406 2239 1477 qui
2299 1415 2491 1462 sancto
2513 1407 2806 1464 Anastasio
2846 1409 2958 1479 jam
2983 1409 3242 1476 restituto
3291 1415 3472 1464 annos
3526 1423 3728 1468 novom

2145 1499 2388 1568 assignat
2425 1507 2564 1553 tom.
2591 1497 2657 1564 ll,
2695 1514 2820 1570 pag.
2863 1499 2985 1555 192.
3014 1485 3258 1568 Turpius
3285 1499 3508 1554 aberrat
3558 1499 3728 1554 Nice-

2144 1588 2358 1658 phorus
2379 1588 2664 1654 Callistus,
2701 1589 2822 1659 qui,
2855 1589 3042 1643 omnia
3066 1589 3435 1658 permiscens,
3488 1589 3724 1644 Anasta-

2142 1679 2290 1735 sium
2323 1680 2568 1750 primum
2607 1695 2782 1752 usque
2833 1680 2902 1736 ad
2931 1680 3128 1736 Phocaa
3155 1688 3405 1751 tempora
3459 1681 3726 1752 relinquit

2141 1789 2196 1828 ιιι
2231 1787 2393 1829 γινιε.
2458 1796 2468 1808 ‘

1595 1908 1751 1982 (Acta
1783 1907 1882 1965 SS.
1916 1909 2096 1981 April.
2131 1919 2170 1966 t.
2205 1911 2274 1978 ll,
2305 1928 2361 1982 p.
2398 1911 2550 1983 853.)

517 2043 640 2100 Non
695 2045 896 2101 minori
955 2046 1206 2103 doctrina
1231 2049 1304 2104 ob
1331 2049 1506 2106 libros
1541 2049 1780 2122 scriptos
1827 2053 2023 2109 claruit

2131 2052 2425 2124 praeposito
2466 2051 2631 2107 titulo
2661 2050 2806 2106 εΤοῦ
2833 2051 2890 2106 ὲν
2921 2051 3096 2120 ἁγίοις
3125 2051 3339 2120 Πατρδς
3363 2049 3520 2122 ἡμῶν
3563 2049 3720 2106 Ἀνα-

442 2145 671 2194 sanctus
691 2138 1020 2196 Anastasius
1066 2143 1386 2213 patriarcha
1423 2143 1832 2211 Antiochenus,
1869 2147 2031 2218 cujus

442 2231 661 2287 utinam
711 2231 978 2302 epistolas
1006 2233 1076 2287 ad
1118 2243 1372 2288 sanctum
1407 2233 1734 2306 Gregorium
1773 2236 2028 2307 Magnum

437 2328 500 2377 et
549 2321 690 2378 alios
743 2322 895 2377 viros
961 2323 1210 2378 illustres
1263 2325 1612 2394 conscriptas
1669 2326 2023 2383 haberemus.

436 2412 716 2470 Nonnulla
761 2429 831 2470 ex
860 2416 1038 2471 sancti
1071 2415 1327 2488 Gregorii
1365 2418 1646 2488 responsis
1672 2427 1729 2474 et
1775 2419 2028 2490 epistolis

441 2504 514 2559 ad
555 2505 716 2560 illum
771 2522 940 2578 supra
977 2507 1326 2579 collegimus.
1373 2509 1517 2575 Quin
1569 2510 1624 2564 in
1667 2511 1902 2580 epistola
1931 2513 2024 2576 22,

443 2595 576 2652 libri
605 2613 639 2652 ι
659 2641 673 2666 ,
703 2598 773 2654 ad
798 2599 1070 2656 Joannem
1096 2600 1502 2656 subdiaconum
1539 2601 1847 2658 Romanum
1871 2645 1884 2670 ,
1920 2605 2025 2660 ista

439 2687 611 2746 habet
656 2689 960 2763 Gregorius
999 2711 1014 2747 :
1067 2693 1498 2750 «Dilectissimae
1546 2695 1829 2750 memoriae
1881 2696 2026 2752 Ana-

438 2783 610 2841 tolius
673 2785 985 2853 diaconus,
1037 2789 1309 2858 quaerenti
1379 2805 1444 2845 ac
1489 2789 1710 2861 jubenti
1775 2791 2024 2848 Romano

433 2872 764 2946 imperatori
793 2877 999 2933 librum
1028 2879 1252 2950 Regula:
1280 2881 1595 2950 pastoralis,
1635 2880 1822 2949 dedit;
1858 2895 2023 2952 quem

433 2968 828 3024 sanctissimus
871 2969 1042 3026 frater
1093 2981 1150 3029 et
1198 2973 1568 3042 coepiscopus
1595 2989 1754 3030 meus
1783 2973 2021 3030 Anasta-

431 3059 554 3116 sius
591 3061 974 3120 Antiochenus
1006 3065 1062 3120 in
1114 3065 1364 3121 Graecum
1411 3067 1717 3132 transtulit,
1747 3086 1766 3118 ι
1807 3067 2024 3124 scilicet

430 3151 640 3226 lingua:
683 3155 854 3212 etiam
895 3156 1108 3213 Latinae
1155 3174 1382 3228 gnarus.
1435 3158 1811 3214 Meminerant
1855 3160 2022 3231 hujus

433 3245 826 3302 translationis
861 3246 1104 3302 Joannes
1134 3249 1418 3304 Diaconus
1447 3249 1545 3304 lib.
1600 3265 1654 3304 IV
1699 3249 1828 3304 Vitae
1847 3251 2021 3304 sancti

430 3335 696 3407 Gregorii,
741 3336 1064 3409 Sigebertus
1085 3348 1142 3395 et
1179 3341 1385 3410 passim
1423 3341 1781 3396 recentiores.
1837 3343 1896 3397 In
1919 3343 2017 3398 Ni-

429 3443 586 3486 caena
610 3447 646 3484 ιι
671 3433 883 3502 synodo
911 3434 1278 3499 meumenica,
1305 3449 1453 3488 anno
1478 3433 1586 3490 787
1630 3435 1838 3499 habita,
1871 3439 2018 3490 inter

427 3521 574 3578 alios
608 3531 830 3581 sanctos
875 3525 1068 3581 Patres
1103 3541 1205 3596 pro
1241 3528 1398 3582 cultu
1440 3533 1496 3581 et
1540 3527 1897 3583 veneratione
1929 3542 2018 3582 sa-

426 3626 655 3668 crarum
705 3613 1008 3685 imaginum
1053 3616 1324 3686 prolatos,
1378 3616 1619 3672 Joannes
1645 3617 1934 3688 presbyter
1960 3626 2016 3673 et

429 3701 678 3758 vicarius
719 3705 1012 3774 apostolici
1063 3706 1247 3762 throni
1269 3706 1515 3763 Orientis
1543 3707 1747 3764 obtulit
1788 3709 2012 3774 librum,

427 3792 492 3850 in
528 3809 640 3866 quo
673 3795 872 3853 beatus
913 3799 1240 3854 Anastasius
1279 3798 1443 3854 docet
1473 3799 1542 3856 de
1570 3799 1786 3855 diversa
1816 3800 2014 3856 adora-

427 3883 607 3950 tionc,
635 3900 704 3940 ex
732 3901 844 3956 quo
860 3887 1018 3957 jussu
1049 3898 1253 3944 sanctae
1269 3889 1463 3961 synodi
1483 3889 1798 3960 Stephanus
1825 3906 2016 3946 mona-

425 3973 569 4030 chus
585 3976 686 4031 ista
711 3975 909 4050 legisse
927 3977 1134 4034 ibidem
1155 3977 1392 4034 traditur
1411 3997 1426 4033 :
1445 3978 1552 4032 Τοῦ
1565 3979 1724 4049 ἁγίου
1753 3980 2014 4034 Ἀναστα-

424 4065 547 4121 σίου
595 4068 896 4122 ἐπισκόπου
929 4068 1282 4134 Θεουπόλεως
1353 4069 1638 4142 ἐπιστολή,
1667 4079 1776 4126 etc.
1829 4069 2012 4126 Sancti

424 4160 704 4218 Anastasii
731 4164 959 4234 episcopi
1012 4161 1330 4234 Theopoleos
1364 4161 1590 4234 epistola
1619 4162 1690 4217 ad
1727 4165 2012 4234 quemdam

421 4255 821 4312 scholasticam.
874 4255 1280 4313 Constantinus
1327 4255 1521 4322 etiam,
1548 4254 1848 4326 episcopus
1868 4255 2013 4311 Con-

422 4347 650 4404 stantia
692 4346 884 4420 Cypri,
951 4346 1156 4402 librum
1217 4343 1452 4400 tradidit
1499 4343 1679 4400 sancti
1731 4345 2009 4400 Anastasii

422 4439 675 4510 episcopi
727 4437 1096 4508 Theopoleos,
1151 4453 1220 4492 ex
1248 4451 1360 4506 quo
1403 4434 1716 4504 Stephanus
1743 4434 2011 4492 diaconus

421 4540 486 4589 et
517 4531 772 4587 notarius
811 4530 918 4586 ista
942 4529 1077 4600 legit
1111 4546 1124 4582 :
1167 4547 1185 4581 ι
1217 4527 1406 4583 Sancti
1439 4527 1618 4582 Patris
1649 4524 1825 4581 nostri
1860 4527 2008 4581 Ana-

423 4621 582 4680 stasii
633 4621 702 4678 ad
756 4621 1073 4678 Simeonem
1103 4619 1430 4690 episcopum
1460 4617 1670 4672 Bostrae
1719 4631 1904 4671 sermo
1939 4615 2008 4672 de

2133 2145 2354 2198 στασίου
2397 2145 2830 2214 ἀρχιεπισκόπου
2883 2143 3213 2214 Ἀντιοχείας
3257 2145 3339 2207 εἰς
3369 2143 3459 2196 τὸν
3487 2143 3718 2212 εὐαγγε-

2129 2232 2322 2305 λισμὸν
2341 2233 2442 2305 τῆς
2459 2233 2836 2306 παναχράντου
2855 2234 2948 2286 καὶ
2959 2233 3223 2287 Θεοτόκου
3241 2232 3460 2300 Μαρίας
3477 2233 3628 2302 λόγοι
3646 2233 3714 2304 β’.

2128 2326 2431 2396 Utramque
2459 2341 2491 2380 a
2523 2325 2673 2380 dicto
2696 2325 2938 2380 Meursio
2971 2325 3200 2390 editam,
3245 2324 3442 2380 Latine
3473 2324 3718 2382 reddidit

2128 2417 2462 2474 Franciscus
2498 2417 2804 2483 Combeﬁs,
2837 2417 3186 2486 inseruitque
3214 2415 3469 2470 Auctario
3501 2413 3714 2471 Graeco-

2127 2511 2322 2567 Latino
2359 2512 2680 2566 bibliotheca:
2707 2509 2934 2564 Patrum
2956 2516 3014 2563 et
3059 2517 3210 2562 tomo
3248 2506 3317 2562 Vl
3373 2505 3712 2560 Bibliotheca

2124 2604 2354 2660 Patrum
2381 2603 2792 2658 concionatorim
2839 2601 2909 2656 ad
2943 2600 3014 2655 25
3047 2599 3248 2662 Martii,
3281 2597 3608 2668 addiditque
3643 2611 3711 2651 ex

2125 2696 2319 2750 codice
2367 2694 2544 2766 Regio
2577 2694 2739 2748 aliam
2771 2693 2875 2747 sub
2904 2692 3012 2746 hoc
3053 2689 3214 2745 titulo
3253 2706 3271 2744 :
3307 2685 3494 2744 Sancti
3524 2688 3710 2746 Patris

2125 2789 2296 2843 nostri
2345 2787 2638 2848 Anastasii.
2675 2775 3053 2855 archiepiscopi
3084 2783 3418 2848 Antiocheni,
3451 2798 3623 2836 sermo
3655 2783 3712 2836 in
3777 2838 3788 2857 κ

2125 2879 2677 2951 Transﬁgurationem
2702 2878 2912 2937 Domini
2932 2879 3101 2932 nostri
3125 2877 3250 2930 Jesu
3277 2875 3472 2931 Christi
3501 2892 3516 2928 :
3543 2890 3710 2945 quam

2123 2973 2288 3028 etiam
2319 2972 2576 3028 eamdem
2607 2970 2784 3026 edidit
2819 2964 3013 3025 Latine
3047 2979 3196 3024 tomo
3243 2968 3333 3024 VII
3370 2966 3710 3021 Bibliotheca

2123 3065 2350 3121 Patrum
2380 3065 2792 3120 concionatorice
2842 3061 2909 3118 ad
2955 3061 3102 3117 diem
3147 3061 3181 3117 6
3216 3060 3470 3131 Augusti.
3501 3059 3710 3129 Estque

2121 3173 2184 3212 ea
2224 3158 2388 3228 plane
2417 3156 2638 3212 diversa
2685 3155 2762 3210 ab
2801 3170 2866 3210 ea
2909 3171 3073 3224 quam
3105 3170 3135 3208 a
3181 3160 3373 3207 sancto
3417 3152 3710 3206 Anastasio

2123 3250 2334 3306 Sinaita
2395 3248 2770 3318 conscriptam
2817 3247 2991 3301 fuisse
3046 3259 3211 3314 supra
3269 3243 3531 3309 diximus.
3573 3241 3710 3297 Alite

2123 3349 2235 3404 tres
2265 3341 2550 3396 orationes
2578 3341 2698 3410 cjus
2725 3346 2945 3394 exstant
2976 3353 3005 3392 a
3045 3335 3339 3392 Francisco
3363 3334 3638 3389 Turriano
3675 3350 3709 3388 e

2119 3417 2311 3490 Graeco
2348 3433 2630 3486 translata:
2672 3429 3019 3501 lngolstadii,
3077 3437 3134 3482 et
3165 3443 3196 3480 a
3238 3426 3402 3480 Petro
3431 3424 3744 3480 Stevartio~

2119 3534 2269 3580 tomo
2315 3522 2583 3593 singulari
2643 3521 2940 3592 insignium
2999 3529 3291 3572 auctorum
3347 3517 3586 3581 insertae,
3643 3530 3745 3570 ac'

2116 3623 2308 3684 postea
2341 3627 2554 3668 recusas
2573 3610 2818 3666 Coloniae
2839 3619 2988 3664 tomo
3015 3608 3081 3665 Vl
3105 3607 3443 3662 Bibliotheca:
3465 3613 3706 3660 veterum

2115 3704 2365 3768 Patrum,
2413 3718 2538 3774 quae
2593 3709 2724 3757 ante
2771 3717 2837 3756 ex
2893 3698 3362 3768 interpretatione
3416 3695 3705 3752 Godefridi

2116 3792 2395 3848 Tilmanni
2447 3791 2740 3847 exstabant
2770 3791 2826 3844 in
2860 3787 3187 3843 Bibliotheca
3222 3785 3449 3840 Patrum
3474 3785 3729 3840 Parisiis-

2114 3901 2350 3941 excusa:
2371 3883 2620 3938 omnium
2647 3889 2834 3937 autem
2854 3880 3050 3935 titulus
3076 3876 3350 3950 generalis
3381 3883 3489 3942 est,
3517 3873 3704 3930 Sancti

2112 3969 2388 4033 Anastasii
2431 3975 2752 4046 patriarcha:
2785 3971 3116 4035 Antiocheni,
3163 3970 3226 4025 de
3259 3968 3414 4022 rectis
3441 3965 3704 4037 dogmati-

2113 4069 2207 4124 bus
2240 4068 2524 4124 veristimaz
2557 4065 2680 4134 ﬁdei
2716 4073 2954 4130 nostrae;
2994 4073 3051 4118 et
3084 4062 3242 4126 dein,
3269 4058 3462 4116 Oratio
3500 4057 3699 4128 prima,

2111 4159 2192 4214 De
2230 4167 2421 4214 sancta
2467 4157 2768 4222 Trinitate;
2822 4139 3090 4217 se'cunda.
3124 4153 3202 4208 De
3242 4150 3742 4217 incircumscripta-r

2115 4250 2209 4323 Dei
2243 4250 2506 4316 essentia;
2547 4248 2730 4314 tertia,
2787 4246 2864 4300 De
2917 4245 3099 4299 divina
3143 4242 3456 4306 mconomia,
3501 4237 3559 4294 id
3592 4245 3744 4302 est,.

2113 4343 2518 4398 incarnatione.
2563 4341 2704 4396 Ante
2740 4347 3084 4396 memoratus
3117 4337 3232 4392 Leo
3267 4333 3504 4392 Allatius
3534 4332 3702 4388 aliam

2111 4435 2390 4492 Anastasii
2430 4432 2841 4504 archiepiscopi
2868 4429 3257 4502 Theopolitani
3283 4427 3592 4483 orationem
3617 4423 3739 4480 inm

2111 4527 2278 4592 dicat,
2319 4541 2444 4598 pag.
2482 4524 2602 4591 104,
2633 4525 2710 4579 Dc
2743 4523 3065 4596 Hypapante
3088 4519 3206 4576 sive
3228 4517 3460 4575 Occursu
3486 4515 3732 4571 Domini"

2111 4620 2219 4676 hoc
2265 4619 2534 4676 exordio:
2569 4617 2748 4672 Πάλαι
2777 4614 3008 4686 Συμεὼν
3033 4615 3090 4667 ὲν
3128 4611 3402 4680 ἀγκάλαις
3435 4607 3726 4680 βαστάζει-

421 4715 694 4780 Sabbato,
729 4723 837 4770 etc.
869 4731 889 4765 ι
933 4711 1066 4778 Quae
1095 4710 1311 4773 eadem,
1355 4708 1524 4764 citato
1564 4706 1854 4763 Anastasio
1890 4707 2009 4777 epi-
2041 4729 2086 4784 ι)
2109 4713 2201 4765 τὸν
2225 4709 2528 4782 Δεσπότην.
2558 4707 2912 4778 Nicephorus
2954 4703 3221 4761 Callistus
3257 4704 3428 4758 citato
3477 4717 3600 4770 cap.
3629 4699 3702 4754 Η

423 4819 598 4876 scopo
645 4802 957 4859 Antiochiae
981 4801 1050 4856 ad
1094 4800 1414 4856 Simeonem
1449 4797 1772 4852 Bostrorum
1793 4796 2010 4867 episco-

423 4913 582 4970 pum,
599 4897 863 4968 leguntur
878 4893 1023 4964 apud
1047 4899 1300 4948 sanctum
1321 4891 1587 4948 Joannem
1607 4889 2008 4944 Damascenum

424 4991 486 5046 in
508 4989 756 5046 oratione
783 4987 942 5044 tertia
971 4985 1046 5040 De
1081 4983 1434 5056 imaginibus,
1468 4981 1772 5038 clarissime
1809 4981 2012 5038 distin-

421 5091 602 5155 guunt
647 5097 676 5137 a
723 5081 1064 5136 Damasceno
1103 5076 1428 5134 Anastasios
1473 5075 1634 5146 duos.

497 5173 612 5229 Leo
649 5173 906 5234 Allatius,
970 5171 1024 5226 in
1082 5185 1251 5240 supra
1301 5175 1603 5224 memorata
1657 5167 1897 5222 Diatriba
1945 5167 2010 5222 de

423 5264 732 5320 Simeonum
765 5261 996 5333 scriptis,
1024 5259 1163 5315 duas
1183 5257 1476 5314 Orationes
1500 5257 1666 5312 habet
1693 5259 1750 5312 in
1775 5249 2032 5314 Annua?

425 5358 718 5414 tiatiouem
768 5355 1018 5424 Deiparae
1043 5351 1286 5424 Virginis
1323 5369 1336 5405 :
1371 5351 1574 5421 prioris
1612 5351 1834 5406 initium
1869 5352 2011 5407 indi-

424 5457 588 5507 catur
609 5462 733 5520 pag.
763 5446 884 5510 109,
910 5436 1205 5500 hisverbis
1229 5461 1244 5498 :
1269 5444 1519 5516 Σήμερον
1547 5443 1697 5514 ὑμῖν,
1724 5438 1768 5497 ὦ
1797 5446 2008 5514 ἄριστοι

425 5541 644 5607 παῖδες,
669 5539 830 5606 λόγον
877 5538 1006 5608 ἐρῶ.
1027 5536 1270 5593 Alterius
1289 5536 1397 5590 hoc
1444 5536 1704 5603 traditur,
1732 5554 1858 5609 pag.
1882 5538 1939 5592 H
1957 5540 2006 5604 l,

427 5631 719 5689 exordium
754 5648 769 5685 :
811 5628 875 5682 Ti
907 5629 1069 5682 πάλιν
1097 5629 1192 5681 ἐπὶ
1227 5627 1328 5698 γῆς
1350 5629 1378 5680 ὁ
1416 5629 1590 5700 μέγας
1616 5629 1865 5698 βούλεται
1898 5630 2008 5683 Γα-

428 5724 592 5796 ὅριὴλ
617 5725 770 5794 ἡμῖν.
799 5715 1102 5792 Utramque
1136 5721 1442 5776 orationem
1473 5723 2009 5792 typis,Elzcvirianis

425 5813 605 5870 edidit
624 5812 813 5869 Graece
834 5812 1085 5882 Lugduni
1117 5812 1447 5867 Batavorum
1475 5812 1715 5868 Joannes
1736 5812 2010 5867 Meursius

428 5907 488 5964 in
521 5907 668 5964 libro
705 5907 982 5963 Variorum
1031 5907 1350 5971 divinorum,
1402 5920 1527 5960 cum
1579 5905 1684 5960 hoc
1734 5921 1763 5960 a
1805 5903 2009 5960 Graecis

2107 4796 2237 4858 libri
2285 4818 2440 4868 xvur,
2486 4799 2686 4856 asserit
2740 4817 2759 4851 ι
2801 4813 2859 4854 se
2887 4797 3198 4854 orationem
3227 4793 3522 4865 quamdam
3547 4793 3710 4848 Anaa

2109 4896 2265 4953 stasii
2298 4895 2500 4968 legisse
2535 4892 2607 4950 ad
2655 4891 3034 4948 Antiochenos
3070 4889 3130 4944 in
3163 4887 3400 4943 introitu
3427 4901 3530 4940 suo
3559 4885 3700 4940 scri-

2109 4997 2282 5060 ptam,
2299 4995 2357 5042 et
2377 4985 2809 5058 paciﬁcatoriam
2843 4983 3030 5046 aliam,
3051 4999 3215 5048 quam
3235 4983 3504 5038 vicesimo
3529 4981 3706 5038 tertio

2109 5095 2255 5136 anno
2281 5079 2338 5133 in
2381 5079 2642 5133 thronum
2676 5091 2840 5132 suum
2870 5074 3212 5146 postliminio
3254 5090 3515 5130 reversus
3541 5088 3698 5130 com-

2112 5170 2318 5241 posuit,
2359 5168 2618 5225 Mauritio
2664 5167 2957 5238 imperium
2989 5167 3304 5234 obtinente,
3333 5184 3498 5238 quem
3528 5169 3713 5224 etiam

2115 5263 2174 5318 in
2195 5279 2262 5318 eo
2295 5262 2526 5332 scripto,
2551 5261 2703 5332 quod
2735 5261 2804 5315 ah
2829 5259 3024 5315 exsilio
3054 5268 3349 5316 revocatus
3391 5261 3484 5324 sit,
3517 5261 3702 5316 laudi-

2115 5357 2221 5412 bus
2235 5355 2417 5410 eﬂ'ert.
2437 5375 2455 5407 ›
2481 5354 2614 5422 Quae
2630 5353 2748 5408 sine
2769 5352 2961 5416 dubio,
2983 5351 3028 5406 si
3047 5351 3360 5407 exstiterint
3379 5350 3704 5421 aliquando,

2115 5448 2343 5502 fuerunt
2383 5446 2558 5502 sancti
2614 5444 2888 5500 Anastasii
2939 5443 3272 5506 Antiocheni
3311 5457 3523 5513 :quem
3573 5458 3706 5496 cum

2117 5537 2328 5609 synodo
2381 5553 2419 5591 ιι
2475 5535 2822 5591 (ecumenica
2874 5513 3097 5589 Nicaeus
3158 5541 3215 5588 et
3273 5533 3398 5587 aliis
3453 5531 3720 5600 antiquis-

2061 5631 2071 5639 ’
2116 5629 2484 5700 scriptoribus
2505 5636 2750 5682 sanctum
2779 5626 3195 5695 compellamus.
3236 5626 3504 5696 Evagrius
3535 5640 3704 5694 supra

2113 5722 2303 5778 laudat
2322 5721 2631 5776 orationem
2662 5721 2784 5791 ejus
2810 5719 3098 5788 scriptam,
3123 5735 3249 5774 cum
3271 5717 3716 5774 subJustiuiauo'

2115 5815 2449 5883 imperatore
2483 5821 2602 5866 erat
2639 5812 2690 5866 ei
2722 5810 2976 5866 exsilium
3022 5805 3436 5865 demandatum.

2183 5905 2331 5960 luter
2362 5905 2498 5960 alias
2539 5903 2708 5976 hujus
2746 5903 3017 5957 Anastasii
3067 5902 3486 5986 lucubrationes
3510 5907 3710 5956 censet
