4098 6464
444 417 583 486 1307
1587 403 1650 463 s.
1690 394 2100 461 ANASTASll
2140 389 2618 454 ANTIOCHENI
3605 385 3738 452 1303

441 537 558 593 Leo
602 529 844 588 Allatius
869 569 886 595 ,
935 540 1063 599 pag.
1119 521 1221 588 83,
1268 515 1596 576 relationem
1644 511 1715 566 de
1766 508 1942 563 rebus
1977 504 2032 558 iu
2061 503 2110 561 A
2138 502 2295 599 stasii
2328 511 2562 599 mortem
2604 520 2617 556 :
2664 497 2868 599 citatur
2901 501 3066 599 etiam
3115 508 3342 556 sanctus
3383 498 3745 569 Nicephorus

441 591 673 684 pars“,
718 591 888 694 εεειίέ
938 591 1078 676 ἐυῖιι
1127 615 1237 670 hoc
1298 608 1526 666 exordio
1573 622 1588 660 :
1640 599 2038 694 Baatkebovro;
2142 591 3743 694 patriarchaMConstantinopoliEanum-quem.mortuuru

455 684 759 790 unum;
781 712 881 780 τῆς
908 707 1187 778 Περσικῆς
1217 702 1424 774 χώρας,
1476 697 1667 790 γέγογε
1698 690 2038 790 φιλονειγία.

2179 702 2265 742 sse
2289 701 2437 741 anno
2460 684 2563 741 828
2587 684 2934 741 ostendimus
2960 684 3028 740 ad
3052 685 3172 755 ejus
3199 685 3384 740 Vitam
3418 684 3491 739 15
3526 684 3746 740 Martii:

378 845 386 854 -
444 784 662 869 Asserit
711 807 1011 864 Gretserus
1074 801 1132 855 in
1185 795 1513 854 Prafatione
1560 789 1631 846 ad
1681 784 2042 844 Anastasium

445 899 722 956 Sinaitam
756 893 825 951 de
873 893 982 949 Via:
1018 891 1166 954 duce,
1198 902 1259 942 se
1298 900 1425 940 eam
1470 880 1574 938 sub
1602 877 1884 934 Anastasii
1920 875 2044 948 epi—

449 990 608 1060 scopi
656 982 1052 1057 Theopolitani
1118 978 1348 1036 nomine
1404 974 1680 1046 reperisse
1732 971 1788 1024 in
1852 970 2046 1026 codice

455 1099 560 1139 ms.
596 1083 944 1152 Augustano,
1001 1075 1059 1128 in
1113 1087 1291 1142 eaque
1332 1069 1419 1140 agi
1477 1067 1590 1121 «de
1638 1064 2048 1136 disceptatione

448 1173 903 1234 Christianorum
940 1166 1242 1240 praesulum
1276 1177 1404 1219 cum
1434 1157 1706 1220 Ethnicis,
1755 1156 1969 1212 Graecis
1994 1163 2051 1208 et

449 1267 684 1330 Judaeis,
729 1262 918 1334 judice
965 1249 1379 1328 A-phrodisiano
1433 1251 1579 1322 regis
1610 1251 1911 1307 Persarum
1961 1264 2052 1303 ar-

459 1353 786 1424 chimagiro,
808 1350 900 1406 cui
924 1348 1093 1403 etiam
1120 1361 1178 1401 se
1200 1342 1524 1400 Anastasius
1543 1339 1874 1395 interfuisse
1893 1338 2050 1404 dicit,

460 1457 518 1506 et
546 1445 774 1516 quidem
803 1442 983 1497 solum
1010 1455 1079 1494 ex
1109 1435 1343 1494 Romani
1370 1434 1588 1506 imperii
1609 1433 1912 1503 episcopis.
1945 1430 2053 1486 Sed

457 1537 644 1597 oratio
669 1535 762 1590 illa
807 1533 913 1606 (uti
957 1529 1157 1601 addit),
1186 1529 1302 1585 olet
1328 1527 1517 1583 nescio
1549 1525 1682 1595 quid
1714 1524 2054 1589 fabularum,

464 1639 528 1688 ut
558 1625 782 1684 difﬁcile
838 1625 1057 1682 creditu
1112 1623 1185 1678 sit
1237 1636 1306 1676 ex
1336 1617 1613 1676 Anastasii
1662 1617 1884 1672 olIicina
1925 1631 2059 1687 pro-

455 1721 660 1776 diisse.
696 1737 715 1772 ι
749 1716 1008 1787 Coeperat
1060 1715 1177 1784 ipse
1223 1727 1348 1768 eam
1398 1711 1456 1765 in
1509 1709 1764 1781 linguam
1807 1708 2058 1763 Latinam

465 1816 692 1864 vertere
733 1823 749 1860 :
801 1804 897 1860 sed
953 1823 971 1856 ‹
1003 1800 1364 1857 multitudine
1398 1799 1732 1854 mendorum
1761 1809 1817 1854 et
1847 1798 2061 1853 fabula-

469 1915 594 1954 rum
625 1897 825 1969 pedem
873 1895 1147 1951 retraxit:
1181 1908 1362 1963 neque
1407 1891 1504 1947 ulli
1573 1902 1738 1960 putat
1782 1894 1926 1948 hanc
1976 1891 2058 1945 δι-

471 1991 674 2061 ήγησιν
700 1987 818 2042 fore
836 1985 1108 2056 perviam,
1132 1983 1239 2038 nisi
1269 1982 1716 2038 emendatiorem
1746 1991 1842 2037 aut
1871 1982 2061 2052 plures

473 2077 886 2146 manuscriptos
924 2074 1148 2130 codices
1177 2072 1446 2144 acquirat.
1481 2091 1499 2123 ›
1526 2073 1702 2140 Quale
1726 2084 1921 2129 nactus
1943 2072 2063 2128 fue-

472 2169 551 2225 rit
587 2167 970 2238 apographum
1025 2163 1262 2220 Allatius
1305 2162 1611 2219 nescimus.
1661 2163 1864 2219 Saltem
1932 2164 2062 2218 vivo

475 2259 767 2316 Anastasio
809 2257 1163 2312 Antiocheno
1210 2255 1401 2310 nullus
1450 2255 1559 2312 fuit
1613 2272 1710 2312 rex
1770 2257 2061 2312 Persarum

471 2364 646 2420 supra
699 2348 981 2404 indicatus
1034 2347 1330 2412 Arenatus,
1363 2345 1464 2401 sed
1503 2349 1667 2404 annis
1719 2364 1877 2402 vam
1920 2347 2064 2403 Cho-

473 2455 655 2504 sroes,
683 2446 742 2494 et
776 2439 909 2494 dein
937 2437 1263 2494 Hormisdas
1293 2438 1458 2495 annis
1485 2455 1576 2506 xv,
1602 2439 1684 2494 uti
1709 2455 1810 2496 eos
1837 2439 2068 2496 exhibet

477 2530 872 2600 Theophanes.

549 2621 742 2677 Exstat
776 2620 1063 2692 Responsio
1093 2621 1366 2676 Anastasii
1397 2623 1621 2692 episcopi
1657 2623 1726 2676 ad
1756 2623 2070 2678 orthodoxa-

477 2727 602 2766 rum
660 2711 968 2784 aliquorum
1023 2711 1458 2768 Christianorum
1516 2715 1958 2788 interrogationes
2005 2716 2071 2770 de

475 2804 702 2859 diuersis
771 2803 1030 2874 capitibus
1077 2803 1480 2871 ecclesiasticis;
1547 2820 1712 2876 quam
1766 2805 2072 2863 Gentianus

484 2894 759 2950 llervetus
784 2894 1033 2948 Latinam
1050 2893 1203 2958 fecit,
1229 2894 1538 2964 tribuitque
1563 2895 1784 2950 cuidam
1810 2895 2072 2966 episcopo

483 2985 707 3041 Nicaeno
737 2984 1032 3041 Anastasio
1068 2984 1237 3050 dicto,
1283 2984 1339 3039 in
1372 2984 1694 3040 Bibliotheca
1728 2985 1956 3040 Patrum
1983 3001 2073 3041 se-

477 3074 672 3130 cundo
705 3076 970 3131 editionis
1018 3076 1353 3132 Parisiensis
1387 3085 1538 3132 tomo
1581 3077 1762 3146 primo
1789 3093 2069 3134 excusam.

2144 778 2392 834 citantur
2421 777 2663 848 denique
2713 776 3171 849 Olympiodorus,
3205 776 3300 847 qui
3347 775 3424 831 ad
3463 775 3748 832 decimum

2148 873 2412 930 saeculum
2449 880 2698 941 spectat;
2745 880 2969 925 sanctus
3009 868 3278 924 Maximus
3335 870 3660 927 monachus
3697 879 3752 927 et

2148 974 2380 1036 martyr,
2412 963 2670 1018 Moschus
2703 969 2760 1018 et
2801 961 2919 1028 alii,
2960 960 3211 1033 juniores
3241 975 3465 1016 omnes.
3516 961 3749 1018 Domum

2149 1057 2216 1113 ad
2251 1057 2613 1127 quaestionem
2650 1054 2749 1109 117
2796 1053 3168 1125 respondetur
3214 1053 3318 1108 sub
3365 1052 3572 1118 finem,
3622 1064 3752 1111 tunc

2152 1147 2706 1219 septingentesimum
2780 1161 2986 1200 annum
3034 1145 3145 1216 agi,
3193 1144 3342 1216 quod
3397 1145 3604 1200 Ariani
3644 1146 3751 1201 sint

2151 1240 2367 1310 expulsi
2416 1256 2484 1294 ex
2531 1239 2669 1293 locis
2723 1237 2952 1302 sanctis,
3004 1252 3181 1306 eaque
3229 1253 3260 1292 a
3308 1236 3583 1292 Barbaris
3634 1253 3752 1294 esse

2154 1342 2443 1403 occupata,
2473 1343 2534 1387 ut
2572 1333 2775 1386 mirum
2818 1347 2930 1386 non
2963 1329 3034 1386 sit
3075 1331 3122 1386 si
3169 1338 3248 1386 tot
3289 1347 3526 1398 errores
3573 1341 3754 1402 poste-

2157 1441 2345 1480 rorum
2380 1423 2694 1480 Graecorum
2731 1423 2845 1480 sint
2874 1419 3066 1479 infarsi
3112 1421 3202 1478 his
3248 1422 3653 1488 Quaestionibus
3706 1434 3752 1478 et

2155 1515 2620 1586 Responsionibus,
2661 1530 2800 1585 quas
2841 1513 3211 1570 eliminandas
3245 1514 3486 1569 omnino
3545 1514 3756 1583 judica-

2157 1622 2282 1662 mus
2316 1621 2346 1662 e
2375 1607 2622 1677 catalogo
2667 1605 3051 1670 Tractatuum,
3080 1614 3188 1661 tam
3213 1621 3414 1661 eorum
3449 1620 3601 1675 quos
3636 1621 3758 1659 san-

2159 1709 2284 1756 ctus
2319 1699 2645 1754 Anastasius
2705 1698 2937 1764 Sinaita,
2995 1714 3162 1769 quam
3219 1713 3365 1769 quos
3430 1698 3758 1753 Anastasius

2163 1791 2545 1848 Antiochenus
2589 1791 2922 1860 composuit.

2237 1883 2514 1940 Anastasii
2541 1883 2868 1954 patriarchae
2900 1882 3292 1952 Theopolitani
3325 1889 3384 1938 et
3412 1881 3614 1952 Cyrilli
3643 1880 3760 1935 Ale-

2166 1979 2425 2035 xandrini
2468 1979 2883 2048 compendiaria
2917 1977 3046 2033 fidei
3076 1977 3406 2032 orthodoxa:
3454 1973 3760 2046 Explicatio

2167 2079 2349 2127 exstat
2404 2079 2554 2125 tomo
2597 2070 2666 2124 lV
2713 2068 3049 2124 Bibliotheca:
3080 2067 3311 2122 Patrum
3349 2068 3408 2122 in
3461 2067 3762 2123 editioneﬁ

2168 2162 2493 2225 Parisiensi,
2541 2177 2664 2231 quae
2710 2161 2767 2216 in
2815 2160 3062 2216 editione
3109 2158 3438 2215 Coloniensi
3496 2167 3655 2228 parte
3705 2173 3760 2218 ιι,

2171 2255 2307 2312 tomi
2353 2253 2421 2310 Vl
2468 2253 2735 2308 tribuitur
2777 2252 2989 2324 juniori
3066 2243 3374 2306 Anastasio
3437 2249 3765 2320 patriarcha:

2172 2345 2547 2408 Antiocheno,
2601 2359 2630 2398 a
2654 2341 2858 2398 Iudaeis
2885 2341 3183 2398 interfecto
3221 2359 3234 2396 :
3269 2339 3426 2413 quod
3464 2341 3615 2395 idem
3643 2338 3766 2394 fecit

2169 2424 2478 2496 Autbertus
2521 2436 2741 2495 Mirans
2808 2434 2889 2490 De
2941 2435 3285 2507 scriptoribus
3357 2433 3762 2495 ecclesiasticis,

2174 2549 2300 2605 pag.
2344 2531 2468 2587 215.
2503 2528 2608 2586 Sed
2644 2545 2753 2598 qua
2797 2528 2867 2584 de
2895 2543 3064 2585 causa
3107 2528 3185 2583 ita
3227 2526 3580 2591 censuerint,
3616 2541 3766 2596 pror-

2175 2644 2272 2686 sus
2323 2635 2530 2683 tacent.
2582 2625 2819 2680 Videtur
2860 2623 2952 2677 illa
2985 2621 3400 2693 compendiaria
3430 2620 3564 2675 ﬁdei
3598 2617 3766 2688 espli-

2175 2720 2325 2777 catio
2363 2719 2552 2790 potius
2589 2732 2658 2772 ex
2706 2715 2870 2770 libris
2915 2713 3016 2769 SS.
3065 2713 3260 2785 Cyrilli
3292 2708 3666 2768 et'Anastasii
3703 2707 3766 2766 ab

2176 2809 2367 2880 aliquo
2401 2806 2568 2862 tertio
2593 2811 2863 2861 extracta.
2890 2801 3233 2873 Margarinus
3278 2801 3352 2857 de
3383 2800 3438 2856 la
3469 2799 3645 2870 Bigne
3672 2797 3766 2852 ali-

2177 2917 2286 2971 qua
2319 2898 2682 2955 Anastasiana
2719 2910 2890 2968 opera
2913 2893 3126 2949 inedita
3162 2901 3598 2958 commemorat,
3624 2889 3768 2943 vide-

2178 2996 2310 3050 licet
2329 3013 2341 3047 :
2357 2993 2437 3048 Ad
2453 2994 2780 3064 interrogata
2798 2989 3239 3043 monasteriorum
3258 2986 3452 3056 prima:
3469 2991 3522 3038 et
3536 2981 3768 3038 secunda

2182 3085 2351 3158 Syria:
2391 3081 2804 3151 Responsiones;
2833 3077 2930 3134 sed
2966 3077 3052 3131 hat
3077 3076 3263 3132 forsan
3291 3083 3430 3131 sunt
3459 3075 3530 3130 de
3575 3071 3766 3143 quibus

487 3168 693 3224 Contra
721 3169 876 3224 hunc
908 3177 1230 3232 tractatum.
1277 3170 1511 3240 ejusque
1553 3178 1760 3224 textum
1808 3169 2075 3238 plurimas
2101 3198 2145 3258 ε
2175 3180 2291 3250 jam
2318 3185 2444 3232 ante
2461 3174 2695 3244 egimus.
2721 3171 2804 3226 Ad
2827 3170 3176 3225 Antiochenos
3219 3169 3623 3239 συντακτήριον
3659 3165 3766 3219 sive

489 3260 780 3316 cautiones
809 3260 1151 3331 praascripsit
1195 3261 1437 3317 Joannes
1467 3260 1634 3315 Maria
1668 3261 2075 3316 Brasichcllen-
2178 3272 2254 3326 De
2289 3268 2684 3324 coordinatione
2725 3273 2818 3319 aut
2873 3261 3360 3334 disciplina.—-—De
3395 3259 3766 3317 constructione

492 3354 590 3416 sis,
628 3352 770 3408 sacri
808 3351 1000 3422 palatii
1050 3351 1343 3423 apostolici
1394 3352 1658 3423 magister
1713 3361 1863 3407 tomo
1896 3351 2078 3421 primo

494 3443 696 3500 lndicis
744 3444 1016 3498 librorum
1077 3443 1517 3514 prohibitorum;
1546 3443 1762 3514 aliquas
1784 3444 1952 3498 etiam
1985 3445 2082 3499 ad-

491 3534 626 3604 jecit
667 3534 926 3589 Nicolaus
957 3535 1319 3600 Alamannus,
1348 3535 1484 3591 olim
1517 3536 1876 3591 bibliothecae
1925 3534 2080 3589 Vati-

496 3640 648 3680 cana:
689 3625 1020 3696 praefectus:
1053 3642 1191 3698 quas
1222 3643 1418 3683 omnes
1443 3629 1608 3683 simul
1635 3627 1811 3683 edidit
1843 3627 2083 3684 Jacohus

498 3717 798 3773 Gretserus
829 3735 843 3772 :
880 3719 978 3790 qui
1020 3719 1198 3776 dictas
1249 3718 1576 3793 Quwstiones
1620 3729 1671 3774 et
1701 3719 2084 3792 Responsiones

499 3809 674 3863 multo
714 3810 996 3868 auctiores
1025 3809 1202 3865 edidit
1257 3809 1736 3877 Graeco-Latinas;
1777 3810 1874 3866 sed
1907 3809 2087 3867 fallaci

502 3898 666 3953 titulo
713 3899 991 3968 suﬂ‘ultas,
1039 3899 1129 3956 his
1182 3899 1414 3955 verbis:
1451 3919 1470 3951 ι
1507 3899 1678 3954 Liber
1723 3898 1821 3969 qui
1857 3906 2090 3954 vocatur

518 3990 782 4060 Ὀδητὸς,
825 3991 931 4047 hoc
971 3999 1090 4059 est,
1132 3990 1255 4057 Dux
1283 3992 1402 4045 vite.
1456 3989 1642 4046 Sancti
1683 3990 1862 4058 Patris
1912 3989 2092 4045 nostri

501 4083 778 4137 Anastasii
827 4082 1074 4149 Sinaitaa,
1115 4083 1360 4153 episcopi
1397 4081 1753 4148 Antiocheni,
1779 4081 2092 4154 Interroga-

507 4177 671 4230 tiones
704 4185 754 4228 et
791 4174 1171 4246 Responsiones
1231 4175 1302 4230 de
1346 4174 1586 4230 diversis
1615 4175 1896 4246 capitibus
1931 4193 1963 4230 a
2004 4175 2093 4229 di-

502 4267 685 4322 versis
722 4267 1040 4337 pr0posita3.
1088 4266 1409 4323 Solutiones
1458 4282 1572 4322 non
1623 4283 1692 4322 ex
1741 4267 1949 4338 seipso,
1997 4267 2095 4322 sed

503 4358 574 4412 ab
607 4359 952 4428 experientia
997 4366 1054 4413 et
1091 4374 1160 4413 ex
1197 4360 1373 4414 sacris
1430 4359 1659 4416 Litteris
1703 4359 2035 4430 desumpsit.
2069 4379 2087 4411 ι

507 4449 587 4504 lta
615 4450 816 4520 aliquis
837 4449 1083 4516 Grmcus,
1111 4449 1300 4505 forsan
1322 4451 1674 4522 Nicephorus
1694 4452 1974 4517 Callistus,
2002 4462 2097 4508 aut

503 4538 651 4594 alius
683 4555 813 4594 eum
837 4548 1085 4606 secutus,
1111 4540 1218 4595 nisi
1249 4540 1543 4596 aberrandi
1577 4542 1928 4597 occasionem
1954 4558 2094 4612 pra:-

508 4631 700 4686 buerit
721 4632 1011 4702 aliquanto
1043 4633 1250 4698 senior,
1273 4631 1587 4703 Graecorum
1614 4650 1833 4689 errores
1853 4634 2089 4690 infarsit.

507 4723 720 4794 Nempe
755 4724 887 4795 quia
923 4724 1252 4781 Anastasius
1299 4726 1512 4781 Sinaita
1559 4726 1832 4780 illustrem
1890 4734 2093 4780 tracta-

506 4821 630 4867 tum
677 4822 1091 4883 composuerat,
1136 4815 1230 4885 qui
1285 4816 1532 4886 Ὀδηγδς,
1569 4815 1675 4869 hoc
1707 4823 1792 4870 est
1836 4814 1957 4869 Dux
1997 4818 2094 4870 viae

503 4915 737 4960 vocatus
781 4904 909 4969 fuit,
950 4907 1208 4962 eumdem
1241 4907 1460 4962 titulum
1491 4908 1647 4977 operi
1678 4907 1811 4961 huic
1845 4907 2094 4963 furfureo

500 5007 703 5053 auctor
743 4997 1024 5068 adaptavit
1061 5015 1074 5052 :
1124 5000 1220 5070 qui
1268 4999 1397 5071 quia
1446 5001 1795 5070 Nicephorus
1835 5000 2095 5057 Callistus

499 5091 766 5147 eumdem
814 5091 1164 5148 Anastasium
1211 5092 1479 5148 Sinaitam
1527 5108 1818 5163 perperam
1874 5102 2098 5148 vocarat

507 5185 832 5253 episcopum
872 5185 1302 5249 Antiochenum,
1337 5199 1484 5239 unus
1511 5183 1770 5254 idemque
1800 5192 1857 5240 et
1885 5184 2098 5240 Sinaita

505 5283 567 5330 et
602 5273 985 5332 Antiochenus
1025 5276 1204 5331 videri
1245 5276 1443 5339 voluit,
1491 5292 1558 5331 ex
1592 5276 2098 5333 Constitutionibus

511 5366 912 5434 apostolorum,
949 5383 1071 5437 quae
1113 5367 1216 5422 sub
1251 5369 1478 5424 nomine
1527 5367 1830 5424 Clementis
1861 5369 2097 5426 Romani

394 5463 414 5499 '.
511 5472 542 5510 a
575 5456 814 5525 posteris
858 5465 1134 5527 protrusa:
1166 5468 1316 5524 sunt,
1356 5459 1531 5514 multa
1572 5473 1895 5529 excerpens,
1929 5475 2100 5530 seque

400 5555 411 5622 ξ
513 5549 622 5603 hoe
663 5549 784 5618 ipso
825 5549 1219 5607 demonstrans
1264 5566 1387 5607 esse
1439 5552 1823 5622 impostorem.
1874 5552 1935 5608 In
1991 5554 2100 5607 illis

403 5625 410 5637 ’
485 5643 680 5720 ἀἰτιηὶ
715 5642 1127 5709 Quaestionibus
1161 5646 1406 5699 citantur
1445 5645 1700 5700 Canones
1731 5645 1928 5717 synodi
1960 5645 2100 5712 Qui-

390 5752 400 5760 ·
516 5733 748 5790 nisexttn
795 5734 910 5789 sive
938 5735 1236 5801 Trullanaa,
1277 5735 1756 5806 Constantinopoli
1806 5751 1952 5790 anno
1998 5736 2100 5791 707

517 5825 747 5892 conditi,
775 5825 990 5898 integro
1014 5825 1226 5882 scilicet
1253 5828 1452 5884 sacculo
1484 5835 1610 5898 post
1636 5827 1927 5899 utriusque
1956 5828 2103 5883 Ana-

2178 3363 2403 3419 hominis
2420 3360 2549 3415 libri
2568 3359 2700 3413 duo.
2719 3388 2791 3398 -—
2806 3355 3200 3426 Contemplatio
3221 3355 3448 3425 mystica
3475 3351 3766 3424 passionum

2180 3451 2808 3512 Christi.——Encomium
2876 3445 3468 3520 zEgypti.—Quazstio
3528 3445 3764 3498 adversus

2181 3562 2289 3612 eos,
2338 3543 2427 3614 qui
2462 3542 2642 3596 dicunt
2685 3549 2790 3593 tres
2830 3539 3081 3592 essentias
3117 3538 3173 3591 in
3207 3537 3424 3598 diuinis,
3459 3541 3647 3591 contra
3682 3530 3766 3585 Ju-

2185 3636 2353 3700 daeos,
2402 3633 2530 3688 libri
2583 3633 2717 3687 duo.
2754 3631 2820 3686 Hi
2852 3629 3034 3685 ultimi
3083 3627 3278 3684 Latine
3311 3626 3523 3683 redditi
3555 3641 3584 3679 a
3611 3621 3764 3677 Fran-

2186 3728 2336 3782 cisco
2361 3724 2659 3786 Turriano,
2680 3721 2816 3778 editi
2841 3727 2975 3775 sunt
3000 3730 3150 3774 tomo
3175 3718 3244 3773 Ill
3273 3717 3527 3797 Antiqui?
3549 3711 3763 3768 lectionis

2186 3817 2413 3874 Henrici
2461 3814 2692 3878 Canisii,
2765 3811 2862 3869 sed
2913 3820 3110 3867 auctor
3168 3810 3400 3876 citatur,
3454 3803 3763 3864 Anastasius

2190 3911 2361 3965 abbas
2401 3915 2595 3962 contra
2640 3904 2883 3968 Judzeos,
2912 3904 3008 3973 qui
3037 3910 3256 3957 aetatem
3301 3915 3463 3957 suam
3498 3894 3760 3967 exprimit,

2191 4001 2325 4056 dum
2353 3998 2453 4063 ait,
2501 4016 2518 4049 ι
2538 3998 2650 4068 jam
2675 3993 3197 4061 octingentesimum
3226 4007 3440 4047 annum
3471 4000 3527 4045 et
3550 3985 3762 4057 amplius

2193 4091 2301 4160 agi,
2327 4105 2395 4144 ex
2422 4103 2533 4158 quo
2555 4086 2775 4144 Judzeos
2798 4087 2944 4141 Deus
2986 4084 3274 4154 dispersit,
3303 4091 3363 4138 et
3406 4082 3588 4137 Titum
3617 4086 3762 4146 atque

2198 4176 2594 4248 Vespasianum
2636 4175 2703 4229 ad
2728 4173 3054 4229 vastandam
3085 4173 3284 4229 urbem
3320 4171 3566 4228 vocavit.
3598 4189 3616 4222 ι
3650 4167 3760 4222 Flo-
3804 4184 3808 4188 ·

2195 4272 2309 4326 ruit
2348 4285 2480 4340 ergo
2519 4269 2611 4324 hic
2663 4269 2836 4324 abbas
2879 4268 3206 4323 Anastasius
3237 4266 3341 4322 sub
3389 4266 3553 4321 finem
3593 4256 3759 4318 saeculi

2196 4379 2270 4419 1x.
2306 4361 2438 4428 Quae
2469 4361 2635 4416 citata
2673 4369 2758 4416 est
2785 4359 3178 4430 Contemplatio
3214 4360 3439 4430 mystica
3479 4355 3759 4426 passionum

2199 4449 2393 4506 Christi
2423 4449 2647 4503 videtur
2690 4462 2815 4502 esse
2865 4445 3141 4502 Anastasii
3180 4445 3407 4501 Sinaita;
3445 4443 3517 4498 De
3543 4440 3760 4513 passione

2122 4543 2166 4598 D
2201 4551 2249 4596 et
2281 4539 2706 4612 impossibilitate
2735 4537 2966 4606 Christi;
2997 4549 3054 4594 et
3102 4537 3183 4594 sic
3218 4537 3314 4592 alii
3353 4535 3487 4590 libri
3528 4531 3628 4588 sub
3656 4525 3762 4584 aliis

2200 4635 2386 4691 forsan
2439 4633 2618 4688 titulis
2665 4632 2860 4687 latent.

2269 4727 2576 4784 Occasione
2610 4727 2792 4782 oblata
2829 4724 2956 4778 misi
2991 4722 3268 4796 Synopsin
3300 4725 3470 4797 hujus
3487 4722 3760 4779 Commen-
3805 4713 3809 4717 ’

2200 4820 2326 4876 tarii
2361 4819 2590 4874 Romam
2620 4815 2687 4870 ad
2713 4816 2830 4871 R...
2857 4816 3080 4870 Petrum
3108 4815 3424 4880 Possinum,
3459 4813 3550 4884 qui
3581 4803 3758 4880 postri-

2202 4913 2292 4968 die
2339 4910 2621 4965 Kalendas
2669 4908 2794 4963 Maii
2830 4908 2962 4962 anni
2990 4907 3118 4961 1671
3157 4907 3232 4962 ita
3276 4905 3558 4977 respondit
3596 4918 3609 4954 :
3641 4917 3657 4949 ‹
3688 4889 3756 4950 Ad

2201 5023 2266 5062 ea
2298 5020 2420 5075 quae
2459 5003 2527 5057 dc
2567 5001 2876 5058 Anastasiis
2909 5007 2964 5055 et
3005 5015 3198 5054 eorum
3241 5000 3467 5070 scriptis
3520 4986 3755 5061 disquirit

2201 5101 2541 5164 annotatque
2595 5092 2816 5147 erudite
2853 5091 2919 5145 Β.
2968 5090 3034 5146 V.
3081 5098 3143 5144 ut
3168 5091 3376 5161 aliquid
3430 5091 3752 5157 reponerem.

2168 5187 2454 5259 _consului
2495 5186 2790 5242 Vaticanus
2822 5183 3039 5238 Indices
3078 5193 3137 5238 et
3177 5183 3337 5253 plura
3388 5183 3565 5250 longe,
3609 5182 3751 5243 quam

2201 5282 2361 5336 vobis
2405 5287 2539 5334 nota
2568 5286 2697 5333 sunt
2746 5277 2801 5330 in
2851 5276 2920 5330 iis
2950 5275 3154 5347 reperi.
3195 5274 3377 5330 Solius
3423 5268 3636 5327 Sinaitae
3661 5260 3751 5315 Ca-

2207 5375 2420 5443 talogus
2468 5369 2596 5425 istic
2644 5375 2994 5422 servatorum
3043 5381 3275 5438 operum
3321 5371 3554 5434 quatuor
3584 5348 3750 5420 implet

2205 5478 2432 5534 magnas
2496 5459 2744 5532 paginas.
2792 5455 3030 5512 Omnino
3093 5464 3282 5527 posset
3335 5445 3748 5536 lucubrationutn

2206 5558 2326 5628 ejus
2359 5553 2542 5610 Patris
2573 5551 2654 5608 uti
2709 5558 2767 5606 et
2817 5550 3056 5605 aliorum
3089 5547 3333 5627 plurium
3379 5541 3630 5628 praeclara
3653 5535 3745 5628 ull:

2207 5620 2334 5706 liter
2362 5645 2536 5702 editio
2583 5642 2797 5715 vulgari
2829 5659 2844 5696 :
2878 5640 2975 5696 sed
3008 5639 3102 5694 ubi
3143 5620 3447 5710 reperietur
3482 5627 3569 5700 qui
3598 5620 3747 5693 p055“

2208 5747 2264 5793 et
2300 5737 2431 5792 velit
2468 5751 2590 5791 eam
2629 5749 2857 5806 operam
2910 5731 3209 5802 pnestare?
3246 5729 3338 5784 ubi
3367 5725 3457 5797 qui
3497 5716 3740 5806 summ"!1

2211 5830 2266 5884 in
2311 5828 2616 5886 editionem
2667 5803 2960 5882 conferat?
2993 5842 3010 5875 ›
3065 5822 3191 5878 ηερε
3251 5819 3524 5876 Pessinus.
3566 5803 3738 5857 Verum
