4098 6504
449 566 580 636 quia
618 582 686 623 ex
705 567 891 627 dubiis
915 572 1182 644 operibus
1209 577 1381 632 multa
1410 593 1521 633 non
1551 582 1812 649 vidimus,
1843 593 1900 640 et
1923 602 2034 642 non

448 654 555 710 fuit
584 657 761 714 otium
792 661 939 718 inter
971 679 1094 720 sese
1133 667 1457 724 conferendi
1500 671 1631 737 alia,
1665 674 1710 727 si
1743 674 1873 730 hinc
1909 676 2036 734 inde

444 763 478 801 a
520 764 655 806 vero
684 751 1033 822 deﬁeximus,
1085 761 1408 817 meminerit
1446 763 1678 821 criticus
1726 767 1927 836 lector,
1977 772 2032 827 id

441 840 631 896 solum
682 858 787 899 nos
838 861 1003 918 agere
1051 850 1317 918 voluisse,
1365 869 1477 924 quo
1518 855 2035 920 demonstraremus

447 930 846 1024 distinguenda
884 954 1012 996 esse
1059 942 1288 999 Sinaitae
1331 955 1389 1000 et
1431 947 1768 1006 Antiocheni
1820 968 2031 1024 opera:

1468 471 1754 534 ORATIO
1792 474 1845 538 Ι.
1879 501 1951 515 -
1980 478 2078 541 DE
2115 482 2221 545 SS.
2262 486 2703 559 TRINITATE.

2065 609 2109 666 Α
2140 594 2272 696 olim
2322 597 2380 652 in
2424 600 2574 696 bunc
2622 605 2870 662 laborem
2917 608 3097 670 Lucas
3125 614 3446 677 Holstenius
3478 639 3719 696 propen-

2137 685 2313 784 dere:
2348 690 2445 746 sed
2477 694 2610 750 dum
2644 697 2805 755 libris
2836 705 3097 772 parandis
3147 685 3492 784 edendisque
3532 685 3720 774 moro-

2136 780 2252 876 sius
2278 782 2570 853 incumbit,
2591 805 2622 845 e
2637 790 2753 846 vita
2772 794 3021 852 sublatus
3047 807 3133 854 est
3150 815 3298 857 anno
3323 780 3477 871 1661,
3497 811 3721 876 quando

2137 871 2319 968 eidem
2356 878 2689 937 moribundo
2732 894 3034 942 extremam
3080 903 3200 944 eam
3233 907 3458 963 operam
3505 871 3721 968 impen-

2138 962 2343 1032 dimus,
2364 985 2532 1039 quam
2568 974 2623 1028 in
2644 975 2917 1046 ejusmodi
2944 981 3181 1037 articulo
3208 962 3444 1055 possunt
3462 998 3519 1045 et
3536 962 3722 1048 solent

449 1023 654 1115 quibus
700 1031 1085 1089 examinandis
1134 1035 1591 1109 illustrandisque
1648 1043 1793 1098 alius
1846 1023 2034 1115 quivis

685 1058 1591 1142 :f:“""'iff‘j':‘-'lfj‘liluf‘fﬂltilsque
1648 1058 2034 1142 flllu's-qutvis
2134 1058 2334 1115 amicis
2364 1060 2691 1135 impendere
2723 1069 2969 1142 religiosi
3018 1076 3356 1134 sacerdotes.

450 1112 576 1182 plus
619 1116 722 1173 otii
752 1130 952 1177 nactus
978 1122 1199 1179 laudem
1243 1134 1433 1195 posset
1462 1130 1686 1186 mereri.
1727 1112 2035 1191 Videbatur

464 1325 3712 1410 Ἥ

1122 1539 1811 1705 SANCTI
1927 1551 3018 1773 ANASTASII,

1543 1838 2084 1906 PATRIARCHE
2124 1824 2654 1933 ANTIOCHENI,

580 2040 733 2138 DE
836 2046 1373 2155 NOSTBIS.
1453 1990 1871 2153 sacris
1970 2059 2746 2164 DOGMATIBUS
2843 2072 3559 2209 VERITATIS,

1028 2292 2082 2495 ORATIONES
2197 2307 3059 2463 QUINQUE.

1604 2559 1904 2635 Interprete
1932 2563 2216 2627 Francisco
2247 2569 2534 2630 Turriano.

2055 2922 2113 2985 Ῑ.

1694 3079 1806 3143 DE
1842 3079 1949 3145 SS.
1999 3081 2470 3149 TBINITATE.

501 3387 544 3444 1.
588 3386 729 3443 Cum
775 3384 887 3457 iam
917 3382 1137 3454 pridem
1177 3381 1248 3439 de
1278 3380 1387 3439 ﬁde
1424 3389 1616 3439 nostra
1646 3397 1781 3439 sana
1803 3423 1819 3450 ,
1855 3391 1915 3440 et
1949 3383 2019 3440 de
2050 3390 2092 3446 Β
2121 3383 2462 3451 studuimus,
2487 3385 2658 3441 nullis
2692 3384 2932 3441 aliorum
2953 3385 3204 3458 vestigiis
3231 3387 3576 3457 insistentes,
3608 3394 3707 3449 sed

427 3481 583 3538 veris
628 3476 895 3535 Ecclesia:
935 3473 1296 3547 dagmatibus
1334 3474 1658 3545 incorrupte
1696 3481 1755 3530 et
1789 3474 2024 3546 probate
2124 3477 2379 3533 illorum"
2410 3486 2629 3533 tantum
2665 3477 2760 3548 qui
2806 3493 2837 3533 a
2892 3477 3105 3548 Spiritu
3153 3489 3349 3535 sancto
3401 3481 3705 3540 illuminati

426 3569 819 3628 tractavissem
849 3567 1022 3623 variis
1042 3564 1407 3622 Orationibus
1426 3565 1483 3619 in
1514 3563 1764 3620 Ecclesia
1785 3563 2020 3631 habitis,
2123 3575 2294 3634 sunt;
2329 3569 2571 3639 primum
2596 3569 2823 3638 quidem
2853 3571 3114 3640 apostoli,
3140 3570 3369 3626 secundi
3394 3575 3705 3644 prophetae,

429 3672 488 3719 et
509 3661 760 3718 recitatis
790 3669 925 3716 tunc
951 3673 1079 3714 cum
1097 3656 1349 3714 scribere
1371 3664 1431 3713 et
1447 3656 1688 3713 ﬁdenter
1706 3656 1861 3728 loqui
1882 3657 2021 3714 lice-
2122 3659 2277 3714 tertii
2312 3659 2592 3715 doctores.
2646 3660 2978 3732 Quicunque
3028 3662 3200 3733 igitur
3232 3664 3555 3735 incorrupte
3578 3706 3593 3730 ,
3645 3676 3708 3722 ut

430 3757 547 3817 bat.
570 3770 699 3811 cum
721 3768 887 3811 nemo
915 3751 1276 3824 impudenter
1306 3750 1555 3806 audebat
1588 3750 1781 3807 dicere
1818 3767 1832 3805 :
1863 3749 2017 3818 Tace,

430 3858 482 3904 et
505 3863 566 3902 ne
589 3846 832 3920 loquaris
856 3848 911 3913 ¹;
940 3843 1330 3902 existimabam
1362 3858 1486 3915 quae
1506 3851 1641 3898 tunc
1659 3844 2017 3913 scripseram,

376 3955 381 3957 ‘
428 3942 567 3997 satis
602 3954 727 3996 esse
765 3946 822 3994 et
865 3937 935 3993 ad
987 3934 1410 4007 coarguendum
1446 3934 1825 4000 mendacium,
1863 3942 1920 3989 et
1949 3934 2018 3990 ad

427 4031 874 4107 patefaciendam
901 4030 1199 4087 veritatem
1224 4046 1236 4083 :
1262 4043 1366 4084 nec
1388 4026 1704 4084 arbitrabar
1733 4041 1874 4097 opus
1895 4041 2018 4081 esse

427 4126 671 4197 amplius
696 4125 981 4190 laborare,
1010 4137 1122 4177 non
1151 4120 1333 4177 solum
1368 4118 1498 4189 quia
1530 4118 1732 4173 vitium
1763 4117 2018 4187 loquaci-

429 4219 562 4273 tatis
593 4213 1049 4280 metuebam,sed
1064 4214 1195 4285 quia
1212 4211 1502 4283 putabam,
1539 4219 1602 4265 ut
1629 4208 1765 4274 dixi,
1794 4208 2017 4263 abunde

426 4300 685 4367 suﬁicere
719 4307 983 4365 omnibus
1014 4306 1222 4378 quibus
1255 4303 1505 4367 studium
1524 4300 1775 4358 discendi
1808 4314 2017 4370 propo-

396 4414 401 4417 '
426 4403 599 4459 situm
624 4410 793 4467 esset,
824 4415 947 4470 quae
973 4398 1181 4455 litteris
1210 4396 1563 4452 mandassem
1593 4401 1650 4450 et
1681 4392 2012 4448 edidissem:

424 4510 551 4566 quae
593 4494 690 4564 qui
737 4493 956 4549 vellent
985 4493 1171 4563 legere
1200 4530 1215 4556 ,
1256 4488 1631 4561 cognitionem
1692 4485 2015 4558 dogmatum

422 4586 729 4658 perfectam
755 4585 963 4641 habere
983 4590 1251 4655 possent;
1284 4590 1343 4637 et
1366 4580 1462 4651 qui
1482 4581 1593 4651 jam
1612 4594 1712 4650 per
1724 4591 1783 4634 se
1808 4593 2019 4649 cogno-

424 4686 683 4743 scerent,
712 4677 803 4733 vel
838 4676 1153 4738 discerent,
1180 4674 1271 4730 vel
1301 4674 1498 4729 saltem
1524 4671 1748 4726 labores
1790 4679 2015 4725 nostros

2120 3750 2388 3817 diximus,
2412 3752 2634 3822 legerit,
2664 3766 2778 3807 non
2800 3761 2888 3808 est
2902 3768 3189 3824 arrogans,
3216 3755 3261 3811 si
3284 3755 3486 3822 dicam,
3514 3773 3703 3827 reper-

2119 3850 2307 3898 turum
2332 3843 2574 3899 lucidam
2603 3840 3034 3899 declarationem
3061 3845 3313 3900 veritatis
3358 3854 3416 3901 et
3447 3847 3705 3903 falsitatis

2117 3935 2556 3993 confutationem
2593 3953 2605 3989 :
2645 3934 2783 3990 ﬁdes
2810 3935 2961 3991 enim
2983 3943 3071 3991 est
3093 3976 3108 4003 ,
3156 3952 3281 4006 quae
3322 3937 3610 4007 praedicat,
3646 3948 3705 3994 et

2116 4044 2248 4085 vera
2279 4036 2455 4097 est,et
2484 4044 2596 4084 non
2621 4038 2706 4085 est
2736 4029 2792 4083 in
2819 4029 2904 4084 eis
2937 4028 3314 4083 mendacium.
3344 4029 3497 4085 Hanc
3516 4040 3702 4086 autem

2117 4120 2245 4177 dico
2274 4136 2461 4177 veram
2481 4164 2495 4187 ,
2526 4137 2640 4176 non
2669 4122 2799 4193 quia
2845 4136 2877 4175 a
2917 4135 3006 4175 me
3035 4120 3244 4191 scripta
3272 4128 3359 4176 est
3394 4140 3407 4175 :
3442 4137 3556 4176 non
3597 4123 3711 4179 hoc

2118 4213 2267 4278 dico,
2298 4228 2372 4268 ne
2394 4214 2522 4284 quis
2549 4214 2659 4269 hoc
2691 4221 2870 4284 putet,
2895 4228 3002 4268 nec
3046 4213 3334 4270 existimet
3384 4230 3473 4269 me
3509 4215 3578 4269 de
3617 4231 3711 4271 me

2117 4302 2350 4369 sentire,
2419 4314 2784 4376 praeterquam
2829 4304 3037 4361 sentire
3081 4314 3319 4375 oportet.
3372 4305 3496 4361 Scio
3527 4306 3711 4373 enim,

2117 4412 2243 4453 cum
2277 4397 2381 4453 sim
2420 4404 2567 4452 terra
2598 4405 2655 4453 et
2687 4396 2849 4462 cinis,
2870 4412 3054 4467 neque
3083 4412 3267 4453 sermo
3297 4397 3371 4452 sit
3400 4398 3558 4463 mihi,
3592 4415 3717 4469 quo-

2117 4488 2285 4560 digna
2315 4495 2402 4544 est
2433 4488 2793 4559 praedicatio;
2831 4488 2929 4544 sed
2957 4487 3090 4558 quia
3118 4488 3377 4544 doctrina
3415 4497 3501 4545 est
3540 4491 3705 4546 theo-

2116 4580 2369 4650 logorum
2394 4579 2670 4643 virorum,
2700 4587 2759 4635 et
2780 4578 3006 4635 traditio
3027 4579 3279 4651 perfecta
3300 4620 3315 4644 ,
3341 4596 3466 4650 quae
3498 4581 3567 4637 ad
3602 4598 3729 4638 nos

2117 4680 2383 4740 tanquam
2405 4681 2639 4742 paterna
2671 4672 2970 4728 haereditas
3003 4672 3251 4743 legitime
3276 4672 3431 4729 venit
3463 4673 3531 4728 ad
3561 4674 3717 4730 ﬁlios

423 4741 693 4839 suffragio
726 4782 829 4823 suo
854 4765 1324 4835 comprobarent,
1357 4764 1406 4819 si
1439 4763 1578 4818 tales
1601 4775 1724 4816 esse
1750 4760 2015 4815 videren-
2043 4741 2086 4801 C
2119 4741 2421 4835 legitimos,
2448 4780 2479 4820 a
2518 4763 2777 4834 patribus
2814 4741 3238 4833 spiritualibus;
3275 4779 3417 4833 quos
3453 4774 3709 4830 secutus,

425 4869 553 4927 tur;
600 4859 856 4917 fortassis
909 4858 1058 4914 enim
1103 4856 1197 4912 alii
1245 4854 1628 4927 improbarent
1659 4870 1673 4908 :
1703 4867 1817 4907 non
1862 4851 2015 4907 enim

423 4958 612 5021 potest
637 4961 759 5006 esse
784 4964 896 5005 una
926 4947 1179 5003 omnium
1202 4945 1508 5011 sententia,
1552 4942 1684 5014 quia
1714 4949 1845 4997 sunt
1873 4940 2015 4997 alie-

423 5043 642 5098 ctiones
666 5050 876 5097 nostrai
906 5039 1267 5106 differentes;
1293 5046 1351 5093 et
1370 5052 1485 5093 non
1507 5049 1702 5092 omnes
1723 5033 1793 5090 de
1816 5033 2012 5089 eadem

424 5150 488 5191 re
512 5151 626 5190 uno
653 5135 822 5190 modo
842 5132 1137 5190 sentimus.

494 5224 563 5281 ll.
595 5224 871 5282 Caeterum
908 5232 1195 5294 utcunque
1222 5219 1483 5292 judicent
1513 5219 1610 5291 qui
1639 5219 1759 5275 haec
1780 5217 2009 5289 scripta,

423 5326 487 5375 ut
510 5318 802 5390 probabile
825 5326 946 5383 est,
976 5315 1182 5372 lecturi
1208 5322 1369 5380 sunt,
1402 5312 1448 5369 si
1481 5312 1627 5370 forte
1661 5313 1875 5385 integra
1905 5328 1969 5368 ea
1989 5353 2004 5377 ,

422 5418 620 5465 etnon
673 5408 744 5467 ab
795 5407 1042 5464 inimicis
1070 5405 1370 5476 depravata
1417 5404 1571 5460 nacti
1617 5403 1834 5459 fuerint
1864 5420 1879 5458 :
1909 5418 2013 5475 ego

425 5510 609 5557 tamen
654 5502 749 5557 illa
802 5513 1143 5572 magnopere
1177 5497 1383 5554 conﬁdi
1427 5498 1579 5553 nulla
1635 5514 1705 5554 ex
1765 5506 1923 5570 parte
1980 5514 2012 5553 a

423 5592 661 5649 veritate
677 5593 1023 5663 discrepare,
1061 5590 1160 5645 sed
1183 5590 1370 5660 potius
1394 5605 1520 5646 cum
1546 5590 1883 5661 incorruptis
1911 5590 2012 5646 do-

423 5687 627 5742 ctrinis
673 5686 900 5741 Patrum
947 5683 1263 5739 consentire
1313 5697 1378 5737 ac
1416 5696 1745 5754 consonare,
1802 5698 1941 5752 quas
1979 5697 2009 5736 a

424 5778 689 5848 pueritia,
714 5786 771 5833 et
802 5785 864 5833 ut
892 5776 1095 5833 dicitur
1115 5815 1130 5841 ,
1176 5790 1209 5829 a
1243 5774 1455 5830 teneris
1485 5774 1801 5846 unguiculis
1846 5774 2001 5845 sequi

497 5940 512 5970 ¹
542 5939 728 5996 Amos.
756 5954 832 5998 vr,
874 5939 955 5993 ll.

2120 4865 2177 4912 et
2204 4856 2288 4913 eis
2312 4858 2625 4912 assentiens
2660 4857 2728 4912 ad
2754 4857 2880 4912 haec
2906 4857 3264 4912 scribendum
3298 4856 3509 4913 accessi
3534 4898 3548 4923 ,
3576 4859 3729 4929 jura-ﬁ

2119 4955 2340 5016 patrum
2399 4962 2653 5016 meorum
2706 4946 2846 5001 mihi
2892 4945 3185 5001 vindicans
3242 4944 3383 5015 (haec
3420 4945 3571 4999 enim
3617 4954 3715 5001 est

2117 5039 2207 5095 lex
2225 5040 2436 5110 optime
2456 5038 2807 5110 constituta),
2838 5046 2896 5094 et
2919 5052 3113 5092 eorum
3137 5036 3424 5092 laboribus
3440 5046 3709 5108 tanquam
3728 5068 3729 5073 η

2118 5132 2362 5204 propriis
2384 5132 2549 5188 bonis
2586 5131 2832 5203 glorians
2865 5147 2879 5185 :
2909 5138 2967 5186 et
2997 5129 3051 5205 id
3080 5128 3308 5199 quidem
3349 5144 3462 5183 non
3499 5129 3711 5200 injuria

2118 5235 2177 5282 et
2202 5225 2502 5281 immerito.
2538 5225 2717 5280 Nemo
2762 5223 2933 5294 igitur
2961 5221 3372 5279 contumeliose
3406 5220 3544 5276 vitio
3570 5236 3700 5275 vcr-

2120 5328 2200 5375 tat
2231 5336 2244 5373 :
2276 5318 2534 5373 Parentes
2560 5316 2711 5372 enim
2737 5316 3100 5371 thesaurizant
3131 5314 3260 5383 ﬁliis
3289 5315 3349 5381 ';
3379 5314 3460 5370 sic
3483 5313 3656 5369 Paulo
3679 5315 3705 5346 ³

2114 5413 2171 5469 in
2206 5427 2318 5483 quo
2346 5410 2609 5467 Christus
2633 5410 2992 5481 loquebatur,
3010 5409 3192 5464 visum
3211 5416 3318 5464 est.
3343 5408 3413 5463 Et
3441 5407 3703 5463 Salomon

2115 5504 2193 5559 ait
2218 5522 2231 5558 :
2262 5502 2528 5561 Glariatio
2564 5501 2803 5572 ﬁliorum
2828 5508 3011 5572 patres
3032 5516 3217 5554 eorum
3243 5499 3287 5553 ⁸.

2184 5597 2276 5651 Ill.
2309 5595 2582 5663 Quoniam
2629 5595 2799 5666 igitur
2823 5600 3047 5665 oportet
3085 5609 3215 5649 eum
3253 5593 3347 5664 qui
3389 5591 3572 5646 factus
3612 5598 3709 5645 est

2110 5687 2396 5757 particeps
2460 5687 2755 5751 sermonis,
2792 5686 3098 5759 praesertim
3138 5686 3210 5742 de
3264 5685 3370 5740 ﬁde
3424 5685 3565 5753 (haec
3610 5692 3707 5738 est

2111 5774 2315 5845 reliqui
2373 5773 2595 5830 zediﬁcii
2656 5774 3110 5847 ﬁrmamentum),
3146 5773 3423 5845 impartiri
3490 5771 3698 5827 libera-

1035 5940 1055 5969 ’
1082 5938 1124 5993 ll
1153 5935 1277 5993 Cor.
1314 5953 1408 6004 ιιι,
1440 5938 1526 5992 Η.
1606 5938 1624 5970 ³
1656 5937 1698 5992 ll
1730 5937 1855 5994 Cor.
1883 5954 1999 6004 xm,
2026 5937 2079 5992 3.
2160 5938 2177 5969 δ
2209 5938 2371 5993 Prov.
2401 5954 2533 6005 ml,
2558 5938 2612 5993 6.
