4098 6492
481 421 615 490 1311
864 425 884 442 ⁸
1609 421 1670 482 S.
1695 412 2085 480 ANASTASII

2186 408 2596 474 NTIOCHENI
3651 399 3782 470 1312

449 535 608 592 —liter
627 533 699 590 iis
729 531 826 604 qul
851 530 1105 603 indigent
1125 529 1214 587 vel
1243 531 1410 588 etiam
1445 537 1664 601 petunt,
1694 538 1752 584 et
1783 525 1925 582 nihil
1963 540 2058 580 oc-
2089 533 2130 584 Α
2163 523 2220 577 in
2250 521 2484 576 humilia
2511 517 2880 574 humanitatis
2918 524 3140 581 nostrae,
3171 525 3230 572 et
3267 523 3524 587 propter
3559 530 3670 571 nos
3701 530 3786 573 as-

477 627 690 684 cultare
719 639 788 679 ex
828 623 899 679 iis
942 639 1064 694 qua:
1093 623 1328 687 didicit,
1362 629 1697 677 metuentem
1739 617 2058 688 exemplum
2164 622 2419 684 sumptae.
2449 611 2521 668 Ut
2557 618 2742 665 autem
2776 609 2835 663 in
2864 609 2954 663 bis
2988 607 3424 678 progrediamur
3452 649 3470 673 ,
3501 607 3787 677 supplice-

477 721 602 791 ejus
621 717 717 788 qui
745 717 1012 771 talentum
1039 713 1286 782 defodit;
1313 714 1524 769 idcirco
1557 726 1838 781 nunquam
1868 707 2061 765 destiti
2165 723 2290 764 mus
2315 708 2473 778 prius
2499 705 2612 760 Deo
2637 743 2650 768 ,
2689 703 2771 758 sic
2810 717 2939 756 eum
2987 708 3276 770 precantes
3306 717 3320 754 :
3355 697 3574 755 Revela
3609 699 3787 756 oculos

482 811 637 882 loqui
663 820 718 866 et
741 809 988 865 scribere
1019 823 1143 862 cum
1185 815 1402 876 tempus
1422 813 1563 870 erat,
1596 820 1722 860 cum
1747 801 1958 872 alioqui
1992 801 2062 856 ad
2165 817 2308 858 meos
2335 839 2350 866 ,
2382 807 2433 854 et
2461 795 2805 852 considerabo
2837 792 3108 848 mirabilia
3143 794 3208 847 de
3241 792 3358 864 lege
3393 801 3498 846 tua
3523 791 3582 857 ⁶;
3622 793 3786 848 intel-

484 903 631 958 nihil
687 899 840 955 aliud
892 899 1115 970 penitus
1165 898 1404 952 idoneus
1463 912 1682 958 essem,
1726 895 1931 965 quippe
1969 893 2065 964 qui
2165 894 2402 962 ligentes
2428 889 2655 944 nomine
2681 887 2809 958 legis
2858 900 3079 941 omnem
3111 892 3366 939 sanctam
3413 893 3477 938 et
3512 883 3789 938 divinitus

485 1009 685 1064 expers
716 1007 896 1048 essem
927 990 1269 1059 disciplinae,
1303 998 1359 1043 et
1397 989 1610 1043 nullum
1640 987 1963 1057 magistrum
1997 1001 2065 1039 ex

486 1081 734 1139 externis
758 1079 1103 1155 sapientibus
1120 1077 1255 1131 mihi
1282 1077 1584 1146 professus.
1617 1075 1734 1130 Hoc
1759 1084 1943 1129 autem
1971 1089 2068 1126 au-

489 1173 596 1231 deo
615 1173 822 1236 dicere,
859 1186 946 1225 me
977 1186 1010 1224 a
1039 1169 1273 1224 veritate
1293 1183 1578 1236 nunquam
1599 1167 1911 1229 aberrasse,
1935 1165 2071 1220 licet

491 1261 559 1317 ad
583 1275 704 1316 eam
744 1256 1227 1312 demonstrandam
1248 1270 1431 1310 sermo
1461 1254 1716 1308 infirmus
1739 1252 1943 1318 fuerit;
1968 1267 2071 1307 nec

493 1353 551 1408 in
588 1349 942 1420 dogmatibus
995 1347 1163 1402 verba
1211 1345 1310 1401 Dei
1341 1346 1523 1400 libens
1557 1343 1810 1400 recusavi
1839 1384 1854 1408 ,
1889 1358 2072 1412 neque

493 1445 646 1494 retro
675 1435 1080 1491 confessionem
1109 1433 1340 1504 reliqui;
1372 1433 1468 1488 sed
1491 1432 1678 1502 potius
1705 1440 1982 1502 quantum
2016 1430 2073 1484 in

493 1545 582 1586 me
619 1528 748 1594 fuit,
776 1527 1006 1583 semitas
1039 1527 1264 1582 Patrum
1292 1532 1899 1596 meorum'persecutus
1925 1539 2072 1589 sum,

493 1623 588 1693 qui
625 1621 872 1685 aiebant,
899 1633 1100 1688 meque
1126 1619 1400 1674 docebant
1431 1635 1444 1672 :
1474 1638 1494 1670 ι
1527 1618 1746 1674 Nitatur
1768 1631 1952 1672 sermo
1973 1631 2077 1671 no-

495 1720 611 1768 ster
646 1711 704 1766 in
727 1717 912 1765 mente
947 1716 1071 1773 tua;
1103 1724 1258 1764 serva
1288 1709 1544 1763 mandata
1571 1723 1694 1763 mea
1717 1748 1732 1773 ,
1760 1722 1832 1761 ne
1872 1707 2076 1763 oblivi-

495 1802 692 1870 scaris,
731 1817 838 1858 nec
880 1802 1130 1872 negligas
1171 1801 1286 1856 oris
1311 1801 1491 1856 nostri
1549 1801 1741 1856 verba.
1777 1818 1798 1852 ι
1830 1801 2076 1872 Vestigia

2170 987 2408 1040 atilatam
2438 982 2804 1050 Scripturam,
2831 994 2899 1032 ex
2929 993 3036 1048 qua
3078 985 3346 1046 tanquam
3393 992 3471 1030 ex
3519 977 3788 1030 thesauro

2172 1073 2412 1138 Domini,
2435 1079 2757 1142 prementes
2775 1084 2917 1124 nova
2943 1078 3000 1123 et
3019 1076 3228 1130 vetera,
3255 1066 3641 1122 studebimus
3661 1081 3788 1120 con-

2173 1165 2352 1221 servis
2387 1161 2766 1218 distribuere:
2816 1160 2933 1214 hsec
2977 1167 3162 1213 autem
3205 1156 3558 1210 distributio
3602 1155 3785 1211 divina

2174 1255 2350 1324 gratia
2373 1261 2431 1309 et
2455 1251 2750 1322 sapientia,
2775 1266 2840 1305 ac
2865 1249 3165 1320 prudentia
3188 1249 3432 1318 indiget.
3454 1246 3599 1312 Quis
3616 1249 3782 1310 enim,

2177 1347 2378 1416 inquit,
2409 1345 2710 1413 estsapiens
2733 1342 3070 1411 dispensator
3090 1349 3140 1393 et
3161 1339 3435 1410 prudens,
3474 1354 3643 1409 quem
3669 1355 3787 1392 con-

2175 1439 2346 1492 stituit
2375 1436 2618 1490 dominus
2643 1450 2803 1504 super
2834 1432 3099 1503 familiam
3116 1449 3274 1486 suam
3301 1440 3364 1484 ut
3401 1431 3497 1483 det
3533 1431 3708 1483 cibum
3733 1431 3786 1484 in

2181 1537 2416 1599 tempore
2449 1529 2512 1582 7?
2535 1527 2728 1582 Divina
2755 1527 2924 1597 igitur
2951 1524 3376 1580 illuminatione
3410 1538 3570 1592 opus
3597 1533 3684 1577 est
3711 1524 3774 1576 int

2181 1619 2374 1690 quenti
2393 1619 2461 1674 de
2481 1619 2595 1673 Deo
2621 1636 2633 1672 :
2661 1618 2874 1686 absque
2909 1616 3061 1670 enim
3087 1631 3154 1672 ea
3179 1613 3403 1685 aliquid
3434 1614 3512 1669 de
3536 1629 3609 1669 eo
3637 1615 3784 1684 loqui

2180 1711 2339 1766 valde
2367 1710 2745 1780 periculosum
2775 1719 2880 1765 est.

2255 1803 2322 1858 V.
2354 1803 2594 1872 Purgato
2625 1801 2796 1872 igitur
2841 1799 2993 1855 omni
3025 1813 3192 1854 sensu
3217 1839 3232 1864 ,
3267 1797 3362 1853 vel
3409 1796 3614 1868 potius
3638 1796 3783 1850 omni

495 1891 702 1962 pedum
735 1905 929 1944 eorum
959 1891 1016 1944 in
1046 1889 1253 1945 divinis
1287 1888 1639 1960 dogmatibus
1675 1898 1902 1945 secutus
1933 1904 2078 1956 sum,
2111 1889 2154 1945 Β
2183 1908 2349 1949 sensu
2375 1892 2593 1958 relicto,
2621 1899 2678 1952 et
2707 1907 2873 1961 supra
2901 1898 3107 1946 terram
3141 1891 3198 1944 in
3231 1889 3420 1944 altum
3452 1887 3696 1953 sublati,
3725 1903 3786 1942 ac

495 1997 604 2038 nec
634 1981 706 2037 ad
729 1981 980 2052 dextram
1009 1996 1116 2036 nec
1149 1981 1215 2037 ad
1253 1981 1536 2036 sinistram
1573 1997 1818 2052 unquam
1851 1981 2072 2037 deﬂexi.

496 2071 894 2140 Quamobrem,
923 2073 1042 2128 Non
1092 2073 1342 2129 abscondi
1391 2074 1815 2129 misericordiam
1854 2073 1976 2140 Dei,
2027 2082 2078 2128 et

497 2165 776 2220 ceritatem
802 2165 916 2235 ejus
958 2182 990 2218 a
1024 2181 1296 2236 synagoga
1338 2166 1630 2220 multorum
1652 2166 1696 2230 ⁸,
1733 2176 1795 2221 ut
1819 2167 2078 2238 loquerer

498 2254 558 2310 in
587 2255 820 2311 ecclesia
841 2257 1171 2326 populorum
1203 2258 1508 2312 multorum
1532 2259 1951 2329 iustiﬁcationes
1970 2260 2080 2314 Do-

498 2345 678 2412 mini,
706 2361 846 2417 quas
880 2362 914 2402 a
958 2348 1218 2403 Patribus
1277 2347 1472 2404 didici.
1523 2349 1717 2419 Itaque
1769 2351 2078 2420 comperies

497 2447 687 2510 patres
733 2445 835 2507 per
865 2453 952 2493 me
993 2438 1249 2496 docuisse
1295 2438 1426 2511 (nisi
1469 2439 1694 2495 audacis
1723 2448 1810 2496 est
1847 2441 1956 2496 hoc
1989 2441 2078 2496 di-

501 2527 652 2599 cere)
678 2529 827 2599 quod
861 2529 917 2584 in
937 2531 1010 2586 iis
1033 2547 1156 2602 quae
1178 2531 1310 2587 olim
1343 2547 1375 2588 a
1418 2547 1506 2588 me
1539 2533 1744 2602 scripta
1773 2541 1944 2600 sunt,
1986 2533 2079 2588 in-

499 2630 764 2692 corrupte
799 2621 977 2693 legis:
1009 2638 1077 2678 ex
1114 2623 1340 2694 copioso
1365 2624 1514 2680 enim
1552 2624 1708 2681 fonte
1737 2625 1990 2680 laborum
2016 2626 2082 2681 il-

501 2711 685 2768 lorum
744 2721 832 2769 est
873 2713 992 2769 haec
1043 2717 1292 2786 guttula,
1341 2726 1401 2772 et
1442 2732 1513 2772 ex
1567 2717 1802 2788 perenni
1852 2717 2080 2774 ﬂumine

502 2800 737 2872 exiguus
777 2809 1037 2859 torrens:
1069 2804 1246 2860 instar
1284 2820 1523 2876 namque
1573 2807 1916 2877 aspersionis
1954 2823 2080 2864 cum

505 2907 670 2948 amne
693 2903 1008 2963 comparata
1037 2905 1167 2950 sunt
1195 2912 1316 2951 mea
1340 2913 1468 2952 cum
1491 2898 1601 2953 illis
1621 2899 1842 2964 collata,
1859 2900 2090 2954 tametsi
2115 2891 2120 2900 ’

504 2991 740 3052 cognata
775 2983 886 3038 illis
912 2992 1074 3051 sunt;
1104 2984 1312 3054 quibus
1347 2985 1458 3058 jam
1488 2986 1657 3043 editis
1706 2987 1776 3042 iis
1817 2989 1912 3058 qui
1953 2997 2084 3044 tunc

506 3087 573 3130 ea
600 3074 920 3141 voluerunt,
958 3091 1406 3147 supervacaneus
1425 3087 1543 3134 erat
1567 3079 1661 3136 hic
1681 3095 1838 3136 meus
1856 3080 1921 3136 ‘in
1945 3097 2084 3152 prte-

508 3163 654 3219 senti
683 3164 860 3237 labor,
894 3167 942 3222 si
970 3167 1060 3220 illa
1085 3166 1361 3221 adessent.
1393 3167 1626 3224 Possent
1660 3171 1808 3225 enim
1837 3170 1952 3242 ipsa
1982 3187 2083 3242 pro

2183 2001 2382 2041 rursus
2409 2000 2596 2042 aerem
2621 1986 2803 2056 ipsum
2829 1999 3056 2042 sursum
3081 1990 3556 2044 transeuntes,et
3581 1982 3652 2034 ad
3675 1995 3780 2036 cte-

2183 2079 2298 2134 lum
2331 2077 2554 2144 elevati,
2583 2087 2640 2132 et
2662 2077 2708 2132 si
2758 2075 2882 2132 ﬂeri
2926 2083 3114 2146 potest
3141 2115 3156 2140 ,
3194 2088 3370 2144 supra
3429 2073 3623 2142 ipsum
3667 2085 3787 2140 pro-

2184 2171 2357 2234 vecti,
2384 2178 2441 2224 et
2473 2177 2659 2224 mente
2690 2167 2761 2222 ab
2795 2165 3307 2237 omnieogitatione
3347 2180 3564 2220 sensus
3590 2179 3783 2232 corpo-

2186 2263 2268 2317 rei
2297 2259 2662 2327 libera,nuda
2681 2256 3048 2330 intelligentia
3073 2256 3432 2326 ineorporeis
3460 2271 3571 2309 nos
3597 2253 3787 2322 adjun-

2186 2365 2402 2422 gamus,
2435 2366 2464 2404 a
2498 2348 2706 2419 quibus
2742 2347 2900 2418 quasi
2931 2361 3096 2402 manu
3120 2345 3276 2400 ducti
3300 2355 3363 2399 et
3392 2343 3590 2399 edocti
3623 2351 3781 2397 natu-

2187 2457 2306 2497 ram
2352 2455 2476 2511 quae
2522 2449 2734 2495 naturae
2781 2438 3090 2506 antecellit,
3139 2445 3198 2492 et
3237 2435 3629 2492 substantiam
3667 2449 3781 2504 quze

2187 2529 2536 2595 substantiae,
2591 2529 3058 2598 contemplemur,
3105 2527 3397 2598 cognitam
3439 2526 3673 2596 quidem
3716 2539 3778 2578 ex

2188 2622 2574 2688 afﬁrmatione,
2607 2636 2721 2676 non
2751 2620 2888 2692 quid
2915 2628 3023 2686 est,
3059 2621 3154 2676 sed
3182 2621 3335 2691 quod
3363 2629 3490 2684 est;
3521 2635 3593 2674 ex
3624 2633 3778 2688 nega-

2189 2715 2342 2770 tione
2371 2730 2504 2769 vero
2537 2714 2742 2768 dictam
2774 2713 2909 2783 quid
2934 2729 3050 2768 non
3075 2720 3182 2768 est.
3214 2713 3342 2768 Non
3369 2713 3527 2768 enim
3553 2726 3682 2766 vera
3699 2717 3775 2765 est

2188 2804 2414 2876 positio,
2429 2820 2551 2874 quae
2565 2802 2634 2859 de
2656 2803 2967 2859 substantia
2981 2818 3104 2872 qua:
3129 2803 3352 2858 ratione
3383 2799 3775 2872 comprehendi

2189 2913 2302 2953 non
2334 2903 2540 2966 potest,
2579 2895 2948 2966 praedicatur;
2978 2895 3188 2950 ablatio
3212 2905 3408 2950 autem
3444 2895 3624 2965 magis
3652 2907 3770 2948 vera

2190 2999 2278 3046 est
2298 3030 2312 3055 ,
2345 3004 2468 3060 qua:
2502 2995 2668 3058 negat
2701 3005 2714 3041 :
2747 2987 2794 3043 si
2823 2987 3048 3056 quando
3089 3003 3223 3042 vero
3253 3003 3398 3042 vera
3427 2987 3540 3042 erit
3582 2984 3774 3056 positio

2190 3095 2313 3152 qua:
2341 3079 2460 3150 ipsa
2490 3079 2719 3144 dicitur,
2759 3093 2870 3132 non
2899 3077 3206 3133 declarabit
3243 3077 3620 3132 audientibus
3647 3075 3770 3145 quid

2190 3181 2296 3238 est,
2327 3188 2435 3228 nec
2466 3171 2680 3242 aperiet
2705 3183 2963 3226 naturam
3003 3171 3278 3242 ignotam;
3316 3171 3419 3226 sed
3461 3167 3769 3240 patefaciet,

510 3268 572 3336 se
596 3254 956 3324 respondere,
977 3266 1034 3310 et
1058 3256 1328 3312 studiosis
1351 3259 1565 3324 nostri,
1599 3269 1656 3314 et
1687 3237 1900 3316 sciendi
1926 3237 2083 3331 cupi-
2113 3237 2154 3293 δ
2187 3265 2466 3336 quomodo
2493 3237 2549 3320 se
2570 3264 2772 3319 habeat
2791 3264 2858 3319 ad
2889 3279 2956 3318 ea
2986 3237 3109 3334 quae
3132 3279 3200 3318 ex
3228 3263 3354 3332 ipsa
3388 3237 3670 3332 pendent:
3699 3257 3772 3312 id-

504 3331 598 3396 dis
621 3341 872 3398 debitum
897 3344 1113 3398 solvere
1147 3361 1161 3398 :
1190 3345 1321 3414 quia
1350 3360 1484 3400 vero
1514 3362 1668 3402 nunc
1710 3347 1803 3402 illa
1849 3365 1959 3403 non
1990 3366 2086 3406 su-

509 3445 742 3505 persunt
794 3445 1024 3507 prepter
1076 3437 1322 3493 divinam
1383 3439 1760 3496 visitationem
1812 3452 1924 3512 qua
1982 3458 2088 3498 nos

509 3536 763 3582 amanter
787 3535 843 3582 et
870 3527 1108 3601 benigne
1146 3529 1393 3597 instruit,
1425 3540 1481 3586 et
1501 3532 1570 3586 ad
1595 3541 1970 3604 contemptum
2003 3551 2090 3590 re-

511 3633 637 3673 rum
661 3627 1007 3676 terrenarum
1040 3639 1162 3692 qua:
1187 3623 1346 3680 fluxae
1382 3632 1441 3680 et
1468 3626 1692 3682 caducae
1725 3636 1876 3692 sunt,
1926 3645 2088 3684 exer-

507 3717 625 3776 cet,
649 3719 710 3766 ut
737 3711 832 3766 illa
850 3713 1014 3784 digna
1036 3730 1156 3772 esse
1179 3701 1526 3786 possessione
1541 3718 1942 3786 existimemus,
1969 3737 2092 3792 quae

511 3801 680 3874 dirigi
703 3819 815 3858 non
832 3815 1085 3875 possunt.
1118 3808 1198 3862 Tu
1243 3825 1376 3864 vero
1421 3811 1726 3866 amicorum
1757 3812 2000 3882 optime,
2036 3821 2092 3868 et

513 3892 762 3951 virorum
794 3895 1220 3955 honoratissime
1245 3940 1260 3966 ,
1310 3900 1630 3972 frequenter
1661 3919 1694 3958 a
1728 3919 1817 3960 me
1855 3904 1999 3975 petis
2035 3913 2094 3961 et

515 4001 701 4055 rogas,
730 3997 787 4043 et
805 3989 1060 4060 plerique
1089 3991 1187 4046 alii
1219 4000 1402 4048 tecum
1427 4033 1443 4060 ,
1478 4004 1540 4050 ut
1562 3995 1762 4052 scribis
1785 4039 1800 4064 ,
1839 4004 1900 4052 ut
1926 4013 2091 4069 quam

513 4074 630 4129 vim
667 4075 760 4131 illa
795 4077 1086 4144 haberent,
1122 4080 1222 4136 tibi
1247 4097 1542 4153 exponam.

585 4168 678 4228 IV.
715 4167 1085 4236 Quamobrem
1118 4185 1377 4244 Oportere
1401 4178 1713 4234 existimavi
1735 4219 1749 4240 ,
1777 4187 1842 4234 ut
1869 4189 2094 4237 senten-

512 4261 652 4315 tiam
674 4261 898 4317 illorum
930 4263 987 4318 in
1021 4280 1196 4334 pauca
1225 4269 1594 4334 contrahens,
1627 4271 1850 4326 brevem
1889 4273 2092 4344 repeti-

511 4352 728 4408 tionem
753 4357 1075 4412 summatim
1101 4357 1390 4426 facerem,
1419 4363 1592 4416 multa
1623 4364 1812 4433 paucis
1846 4366 2095 4436 comple-

509 4452 710 4512 ctens;
747 4453 804 4501 et
834 4446 1084 4504 fortassis
1127 4452 1542 4508 accommodate
1580 4455 1648 4510 ad
1685 4462 1900 4526 tempus
1944 4457 2094 4528 quod

2188 3373 2298 3428 que
2327 3358 2486 3413 valde
2518 3357 2764 3412 tenuiter
2807 3364 2862 3413 et
2905 3356 3157 3421 minute;
3189 3364 3249 3409 ut
3273 3355 3321 3409 si
3349 3355 3484 3424 quis
3517 3353 3687 3408 solem
3717 3350 3766 3404 in

2191 3466 2332 3520 aqua
2362 3458 2419 3505 et
2446 3449 2504 3504 in
2544 3448 2771 3518 speculo
2796 3447 3062 3502 ostendit.
3111 3445 3416 3514 Quomodo
3445 3445 3618 3516 igitur
3657 3441 3764 3496 ﬁeri

2191 3549 2393 3612 potest,
2420 3549 2482 3594 ut
2512 3555 2768 3596 sermone
2791 3539 3074 3602 laudetur,
3099 3539 3196 3608 qui
3226 3539 3510 3594 rationem
3537 3546 3591 3593 et
3614 3535 3765 3591 intel-

2175 3633 2478 3704 ligentiam
2505 3631 2770 3701 superat?
2795 3629 3043 3700 autquid
3073 3630 3184 3686 dici
3223 3637 3436 3700 potest,
3475 3639 3536 3684 ut
3569 3645 3598 3682 a
3637 3641 3762 3696 quo-

2177 3725 2338 3796 piam
2360 3740 2464 3795 pro
2492 3724 2764 3794 dignitate
2783 3723 3200 3778 demonstretur
3218 3723 3480 3786 notione,
3498 3721 3593 3790 qui
3611 3732 3762 3788 supra

2193 3818 2474 3876 notionem
2533 3817 2660 3872 est?
2715 3817 2817 3871 llic
2869 3822 2956 3870 est
3002 3816 3252 3871 omnium
3321 3815 3758 3872 firmamentum,

2194 3910 2446 3966 omnium
2471 3909 2666 3976 robur,
2697 3907 2947 3964 omnium
2978 3906 3318 3978 principium
3347 3947 3362 3970 ,
3395 3899 3546 3961 unde
3591 3901 3760 3973 omnia

2195 4007 2444 4067 manant,
2467 4010 2524 4056 et
2543 4015 2652 4071 quo
2668 3998 2856 4054 omnia
2881 4007 3156 4068 spectant,
3181 3998 3528 4069 principium
3553 3991 3756 4053 ettinis,

2097 4090 2106 4097 “
2195 4103 2252 4150 et
2265 4092 2438 4164 Alpha
2458 4091 2682 4162 (inquit)
2701 4097 2750 4145 et
2771 4090 2990 4160 Omega,
3013 4090 3160 4144 sicut
3173 4088 3322 4144 dixit
3341 4089 3662 4158 theologans
3675 4079 3758 4152 qui

2197 4186 2516 4256 theologum
2540 4182 2810 4248 docuit“;
2845 4182 2943 4252 qui
2981 4180 3136 4245 facit,
3171 4189 3236 4236 ut
3257 4194 3386 4251 quae
3419 4187 3571 4240 sunt,
3601 4174 3755 4234 sint’:

2195 4287 2251 4333 et
2278 4292 2401 4347 qua:
2423 4273 2670 4330 nondum
2699 4281 2832 4330 sunt
2855 4315 2870 4334 .
2919 4283 2982 4328 ut
3025 4273 3248 4347 capiant
3273 4280 3464 4328 ortum
3494 4311 3509 4336 ,
3558 4267 3647 4339 qui
3683 4271 3758 4318 est

2193 4371 2334 4426 ordo
2364 4385 2559 4425 eorum
2585 4385 2710 4440 quae
2739 4385 2808 4424 ex
2835 4368 3012 4424 nihilo
3041 4368 3182 4424 facta
3214 4377 3367 4433 sunt,
3393 4373 3454 4423 et
3473 4362 3684 4420 duratio
3701 4370 3756 4412 ac

2198 4461 2570 4526 conservatio,
2595 4468 2796 4515 natura
2828 4461 3066 4516 creatrix
3089 4501 3103 4525 ,
3147 4461 3334 4515 virtus
3378 4457 3650 4516 efﬁciens.
3685 4451 3756 4504 in‘

497 4535 683 4592 -Ιιοδίε
704 4539 969 4637 suimet“,
1000 4549 1057 4596 et
1088 4541 1160 4637 ad
1207 4541 1452 4613 inopiam
1481 4543 1752 4601 librorum
1785 4562 1894 4617 qua
1935 4549 2094 4604 labo-
2127 4581 2172 4637 ι)
2200 4565 2366 4611 tuens
2395 4562 2452 4609 et
2480 4553 2802 4624 providens,
2825 4551 2940 4608 vita
2957 4551 3173 4615 vivens,
3203 4559 3260 4606 et
3279 4535 3500 4605 viviﬁca
3521 4545 3754 4602 substan-

511 4643 730 4684 a-amus.
761 4629 834 4684 Et
861 4631 994 4699 quia
1036 4631 1152 4688 scio
1183 4635 1478 4706 plerosque
1507 4639 1926 4694 multitudinem
1953 4641 2096 4696 scri-

515 4731 746 4792 ptorum
762 4721 1015 4780 fastidire
1039 4726 1216 4780 veluti
1239 4739 1588 4795 nauseantes,
1605 4730 1750 4786 sicut
1764 4731 1861 4802 qui
1877 4740 2095 4787 vastum

509 4828 673 4869 mare
709 4814 1066 4886 navigarunt,
1093 4827 1153 4874 et
1173 4820 1239 4874 ad
1267 4821 1445 4876 solum
1467 4832 1751 4892 aspectum
1785 4825 1965 4896 magni
1997 4841 2098 4881 vo-

509 4903 748 4962 luminis
772 4906 1156 4978 desperantes;
1186 4921 1413 4982 propter
1445 4913 1553 4970 hos.
1583 4917 1785 4972 melius
1803 4933 1924 4973 esse
1946 4917 2100 4972 arbi-

515 5005 700 5054 tratus
723 5014 869 5066 sum,
897 5001 1144 5058 breviter
1169 5005 1417 5060 scribere
1433 5046 1448 5072 ,
1478 5015 1535 5062 et
1555 5007 1866 5063 satietatem
1890 5009 2099 5066 oratio-

509 5089 609 5144 nis
639 5091 865 5162 lugere,
894 5104 951 5149 et
975 5109 1074 5164 per
1111 5103 1163 5150 te
1203 5077 1468 5153 omnibus
1498 5114 1810 5168 proponere
1844 5101 2095 5157 limatam

515 5181 835 5252 dogmatum
858 5187 1280 5256 expositionem,
1303 5206 1425 5260 qua:
1449 5191 1582 5246 satis
1601 5193 1674 5248 sit
1696 5193 1764 5248 ad
1781 5193 2095 5250 docendum

509 5287 618 5326 eos
644 5275 740 5342 qui
771 5290 836 5330 ea
868 5285 1118 5345 utantur,
1149 5296 1274 5350 quae
1298 5282 1507 5338 sentire
1539 5284 1605 5339 de
1638 5285 1704 5340 iis
1732 5301 1856 5354 quae
1894 5285 2094 5342 dicun-

515 5371 636 5429 ων,
659 5373 718 5421 et
747 5383 870 5436 qua:
899 5385 1096 5426 cavere
1121 5382 1376 5442 oporteat
1401 5391 1416 5428 2
1447 5376 1712 5444 procedet
1739 5386 1926 5431 autem
1968 5393 2096 5432 ora-

518 5455 602 5510 tio
626 5459 771 5513 serie
798 5469 856 5516 et
878 5460 1076 5518 ordine
1098 5506 1112 5532 ,
1143 5475 1414 5534 quantum
1453 5469 1718 5538 consequi
1761 5477 1978 5538 potero,
2025 5469 2104 5524 ab

511 5550 816 5608 altioribus
831 5568 888 5609 et
915 5571 1038 5625 quae
1063 5573 1230 5630 supra
1251 5576 1354 5616 nos
1367 5571 1497 5617 sunt
1515 5577 1731 5629 exorsa,
1755 5571 1812 5619 et
1839 5562 2099 5618 desinens

592 5671 615 5704 "
662 5672 809 5730 Psal.
850 5689 1030 5740 xxxix,
1086 5679 1170 5733 Η.

591 5874 626 5902 ἰ
667 5862 802 5929 Quia
840 5863 1020 5928 Ftrrlt‘,
1057 5867 1191 5933 quis.

2201 4643 2297 4698 tia.
2328 4641 2456 4702 Sola
2485 4651 2684 4696 natura
2719 4641 3044 4712 μεθεκτικὴ,
3086 4641 3144 4696 id
3171 4651 3260 4696 est
3281 4681 3298 4706 ,
3331 4635 3750 4696 communicaris.

2197 4750 2298 4804 per
2329 4733 2518 4790 omnia
2549 4748 2742 4788 means
2769 4774 2786 4799 ,
2831 4731 3039 4788 nullius
3065 4733 3360 4802 complexu
3392 4736 3643 4788 contenta
3670 4727 3752 4775 :et

2197 4824 2336 4896 quid
2363 4825 2512 4880 ullus
2541 4830 2725 4894 potest
2745 4823 2936 4880 dicere
2963 4823 3032 4878 de
3061 4823 3331 4878 inetiabili
3355 4821 3564 4878 inﬁnita
3583 4815 3746 4870 dicere

2199 4915 2468 4972 molitus?
2499 4914 2658 4982 Quod
2687 4915 2837 4970 enim
2865 4911 3118 4984 expromi
3158 4929 3268 4968 non
3313 4910 3643 4984 potest,'non
3664 4917 3756 4958 ex-

2199 5007 2534 5078 plicabitur;
2567 5013 2626 5061 et
2678 5005 2828 5075 quod
2877 5012 2964 5060 est
3009 5020 3182 5075 supra
3235 5017 3456 5059 omnem
3507 5005 3740 5054 mentem.

2198 5099 2351 5154 nulla
2370 5113 2527 5153 mens
2557 5097 3016 5168 comprehendet,
3045 5097 3300 5166 quamvis
3325 5095 3399 5150 sit
3417 5084 3742 5148 subtilissima

2197 5189 2268 5244 ad
2291 5188 2718 5258 penetrandum,
2747 5195 2806 5242 et
2829 5187 3148 5243 acutissima
3167 5187 3234 5242 ad
3259 5177 3739 5252 contemplandum:

2201 5296 2367 5336 nemo
2399 5281 2568 5352 igitur
2599 5288 2762 5350 putet
2785 5295 2846 5336 se
2875 5280 3411 5350 comprehensurum
3441 5271 3580 5344 quod
3610 5279 3740 5324 com-

2201 5375 2474 5446 prehendi
2512 5390 2622 5430 non
2653 5383 2856 5444 potest,
2890 5389 2996 5429 nec
3031 5381 3384 5444 reperturum
3431 5363 3573 5438 quod
3605 5370 3738 5446 ΓεΡθῖ

2201 5442 2302 5524 riri
2338 5483 2451 5522 non
2480 5442 2689 5538 potest.
2747 5467 2974 5520 Frustra
3021 5442 3149 5534 quia
3196 5467 3570 5534 persequetur,
3613 5442 3736 5518 quod

2205 5562 2426 5632 assequi
2455 5577 2566 5616 non
2591 5560 2823 5631 poterit.
2853 5559 2987 5614 Post
3025 5558 3269 5614 inﬁnitas
3286 5570 3414 5627 ergo
3437 5544 3735 5616 excoSiiam

1247 5680 1431 5736 “Psal.
1473 5679 1756 5748 cxwu,18.
1826 5683 1847 5714 ’¹
1869 5680 2003 5736 Luc.
2037 5697 2085 5736 xl

2186 5681 2238 5736 Ξ.
2316 5681 2338 5712 ⁸
2365 5681 2535 5750 Apoc.
2555 5695 2594 5746 ι,
2625 5677 2676 5733 8.
2755 5678 2776 5710 ⁸
2804 5677 2964 5732 Rom.
2994 5691 3069 5744 ιν,
3105 5674 3189 5729 17.

1832 5797 2080 5855 "Alibi?
2103 5797 2504 5854 LECTIONES.
