4098 6502
436 312 571 377 1313

1434 318 1720 379 ORATIO
1760 317 1906 378 1.-
1934 314 2034 377 DE
2076 315 2181 376 ss.
2223 276 2666 381 TRINITATE.

3573 332 3709 399 1314

428 440 486 485 et
533 431 860 486 adinventas
892 430 1142 487 rationes
1167 470 1181 495 ,
1231 431 1411 486 solum
1443 431 1764 487 videbimur
1796 440 2015 492 ventos,
2046 430 2090 488 Δ
2121 429 2193 483 Et
2219 436 2339 484 erat
2365 431 2419 485 in
2444 432 2608 487 Patre
2629 438 2686 487 et
2709 432 2855 504 apud
2890 433 3109 492 Patrem
3132 479 3146 504 ,
3168 454 3280 495 non
3303 440 3490 500 ferens
3509 461 3712 505 secun-

430 533 492 577 ut
518 523 574 577 in
603 523 909 579 Proverbio
934 524 1160 591 dicitur,
1186 524 1243 577 in
1267 523 1394 579 sinu
1423 518 1712 596 colligere,
1737 532 1794 579 et
1815 538 2020 594 aquam

431 611 486 666 in
519 610 685 681 pallio
720 627 919 683 cogere
950 620 1009 667 et
1040 612 1393 683 conglobare.
1423 612 1479 668 Si
1512 614 1662 668 enim
1694 623 1941 669 extrema
1963 614 2019 668 in

425 711 617 760 creatu
627 704 703 760 ris
713 706 879 761 nobis
893 705 1226 763 mortalibus
1250 705 1530 775 incognita
1551 714 1680 761 sunt
1705 707 1854 777 (quis
1867 706 2017 761 enim

422 796 783 852 altitudinem
811 799 936 853 θα)ιὶ
971 813 1198 853 mensus
1225 797 1354 852 est?
1391 805 1487 852 aut
1513 799 1640 868 quis
1678 797 2017 868 profundum

418 889 595 944 maris
617 889 1242 959 comprehendit?aeris
1270 888 1500 956 ﬂuxum,
1526 900 1819 945 ventorum
1841 890 2019 960 impe-

420 991 537 1046 tus,
573 989 734 1036 terra:
758 982 1114 1052 gravitatem,
1146 989 1203 1035 et
1224 980 1437 1050 reliqua
1467 980 2020 1052 substantiae-corpo-

421 1076 578 1144 reae),
607 1075 654 1130 si
682 1075 820 1140 haec,
854 1074 1106 1146 inquam,
1140 1074 1405 1144 cognosci
1444 1088 1559 1128 non
1592 1084 1850 1143 possunt,
1879 1089 2019 1143 quo-

418 1167 589 1222 modo
634 1168 808 1237 ipsam
865 1177 1127 1223 naturam
1154 1183 1276 1239 quae
1317 1165 1506 1220 omnia
1545 1164 1774 1230 creavit,
1813 1165 2017 1221 intelli-

416 1258 608 1330 gentia
641 1258 1039 1328 comprehendi
1071 1274 1236 1330 posse
1264 1255 1618 1321 existimare,
1654 1271 1766 1311 non
1797 1271 2015 1313 summa

414 1347 705 1405 dementia
726 1347 857 1403 est?
1420 1334 1425 1337 ’

492 1440 579 1496 Vl.
610 1439 922 1495 Taceamus
951 1439 1121 1510 igitur
1148 1455 1272 1506 nos,
1300 1448 1362 1496 ut
1386 1455 1619 1497 necesse
1644 1449 1770 1508 est,
1806 1438 2013 1509 quibus

412 1542 606 1584 sermo
632 1543 744 1583 non
776 1528 1043 1598 suppetit,
1083 1537 1140 1583 et
1167 1537 1325 1584 tonet
1348 1545 1544 1585 rursus
1590 1544 1832 1600 superne
1864 1527 2013 1584 ﬁlius

412 1619 679 1685 tonitrui,
709 1634 740 1674 e
771 1619 992 1690 superis
1022 1619 1171 1673 unde
1196 1619 1455 1676 eruditus
1490 1621 1618 1686 fuit,
1663 1620 1880 1676 caelesti
1917 1635 2008 1675 sa-

412 1713 631 1783 pientia
656 1712 895 1781 loquens
924 1728 937 1764 :
968 1711 1065 1765 det
1091 1711 1388 1767 exordium
1419 1713 1712 1783 proposito
1738 1711 2006 1777 sermoni,

2121 520 2241 587 das,
2273 522 2391 577 sive
2423 526 2715 594 temporis,
2749 527 2867 582 sive
2896 530 3119 597 smeuli;
3155 540 3218 588 ut
3251 550 3364 590 non
3398 536 3587 608 aliquo
3622 543 3712 598 in-

2121 615 2427 683 terposito,
2465 632 2496 671 a
2536 616 2813 688 principio
2848 620 2907 674 in
2944 635 3057 690 quo
3091 629 3248 688 erat,
3287 636 3607 696 separetur,
3655 642 3714 691 et

2118 714 2220 769 per
2266 701 2563 757 absurdam
2609 705 2919 774 posituram
2961 707 3305 778 principium
3333 712 3518 782 capiat
3559 715 3712 774 istud

2119 809 2225 847 non
2257 803 2394 848 erat.
2424 794 2582 862 Quod
2602 796 2672 851 ab
2693 796 2804 852 alio
2832 799 3194 870 anticipatur,
3218 816 3329 857 non
3355 815 3539 874 potest
3561 823 3711 862 sem-

2117 886 2341 956 piterne
2375 887 2436 942 in
2491 888 2773 961 principio
2822 891 3008 960 cerni;
3068 909 3253 966 neque
3306 896 3510 967 recipit
3568 899 3709 956 illud

2118 987 2236 1033 erat
2241 1021 2254 1035 .

2186 1069 2301 1126 Vll.
2339 1068 2437 1125 Sin
2466 1081 2653 1127 autem
2678 1081 2800 1129 erat
2827 1073 2884 1129 in
2919 1075 3202 1147 principio
3227 1078 3472 1133 Verbum
3493 1120 3509 1146 ,
3558 1088 3617 1136 et
3656 1081 3706 1138 si

2115 1160 2258 1230 apud
2283 1161 2455 1216 Deum
2483 1173 2570 1219 est
2589 1163 2859 1230 Verbum,
2892 1167 3106 1223 scilicet
3129 1168 3277 1238 apud
3305 1170 3526 1225 Patrem
3551 1189 3566 1239 ;
3592 1187 3706 1228 non

2114 1266 2415 1322 possumus
2447 1256 2817 1326 contemplari
2850 1258 3025 1313 Deum
3049 1301 3063 1325 ,
3093 1259 3204 1315 nisi
3233 1261 3402 1316 simul
3449 1271 3705 1319 contem-

2112 1345 2333 1415 plemur
2360 1346 2607 1402 Verbum
2636 1348 2783 1418 apud
2809 1365 2953 1404 eum.
2994 1350 3065 1405 Et
3112 1351 3160 1405 si
3190 1354 3373 1407 omnia
3403 1371 3497 1425 per
3527 1356 3706 1426 ipsum

2112 1437 2258 1509 facta
2282 1444 2429 1503 sunt,
2457 1447 2515 1494 et
2540 1439 2723 1509 ipsum
2765 1442 2979 1512 quando
3022 1456 3123 1512 per
3169 1458 3297 1498 eum
3330 1444 3536 1502 factum
3567 1455 3655 1503 est
3684 1464 3701 1515 ;

2111 1543 2243 1600 pars
2290 1530 2442 1585 enim
2490 1531 2761 1601 temporis
2804 1540 2894 1614 est
2936 1535 3171 1604 quando.
3205 1536 3275 1591 Et
3301 1538 3499 1593 saecula
3530 1539 3703 1610 igitur

2111 1633 2214 1688 per
2261 1634 2390 1673 eum
2447 1619 2592 1675 facta
2622 1629 2795 1677 sunt:
2842 1624 3124 1692 quomodo
3180 1625 3353 1696 igitur
3400 1628 3536 1683 illud
3593 1629 3701 1684 ali-

2111 1710 2346 1779 quando,
2381 1711 2668 1781 antiQuius
2699 1720 2925 1769 auctore
2955 1715 3288 1771 saeculorum
3317 1733 3442 1773 esse
3471 1721 3702 1789 potest?

411 1813 474 1861 et
498 1806 572 1862 sit
603 1805 717 1859 dux
744 1803 910 1859 nobis
940 1804 997 1858 in
1024 1804 1130 1860 hac
1163 1805 1253 1860 via
1279 1819 1406 1859 cum
1455 1804 1667 1875 Spiritu
1709 1803 2004 1874 principali
2040 1793 2079 1847 Β
2107 1803 2328 1858 Vanum
2358 1803 2530 1873 igitur
2555 1812 2640 1858 est
2662 1803 2850 1860 dicere
2871 1845 2885 1870 ,
2914 1805 3214 1876 aliquando
3254 1823 3367 1863 non
3398 1824 3520 1863 esse
3540 1850 3555 1874 ,
3601 1809 3700 1879 qui

411 1912 585 1967 quem
615 1894 1002 1965 participavit,
1039 1902 1149 1949 eta
1179 1910 1291 1964 quo
1319 1894 1510 1950 didicit
1546 1895 1601 1950 id
1637 1896 1704 1950 ad
1737 1895 1888 1965 quod
1923 1894 2006 1950 fe-

414 1989 712 2053 stinamus,
751 1994 807 2040 et
842 1985 990 2040 dicat
1031 2003 1045 2039 :
1087 1984 1153 2039 In
1184 1987 1448 2057 principio
1484 1997 1601 2041 erat
1657 1987 1879 2041 Verbum
1904 2027 1918 2052 ,
1955 1993 2005 2040 et

416 2077 644 2133 Verbum
677 2085 794 2131 erat
824 2076 968 2147 apud
998 2075 1204 2143 Deum;
1235 2087 1284 2131 et
1309 2077 1450 2132 Deus
1479 2086 1595 2133 erat
1631 2078 1875 2132 Verbum.
1896 2078 2006 2133 Hoc

417 2179 533 2225 erat
561 2172 617 2224 in
655 2170 917 2240 principio
956 2168 1099 2239 apud
1121 2168 1312 2223 Deum.
1336 2168 1527 2224 Omnia
1541 2187 1634 2241 per
1656 2172 1832 2241 ipsum
1859 2170 2004 2240 facta

410 2270 537 2314 sunt
551 2261 613 2315 ⁸ο.
636 2259 736 2315 His
757 2258 907 2314 enim
930 2260 1123 2330 paucis
1143 2261 1643 2330 propositionibus,
1661 2264 1802 2332 quod
1819 2270 2004 2318 natum

413 2363 494 2409 est
519 2349 860 2419 Dei“.diguis
875 2353 990 2408 Deo
1023 2353 1382 2408 manifestum
1417 2354 1579 2422 fecit;
1621 2365 1816 2410 notum
1867 2371 2003 2411 vero

416 2443 564 2505 dico,
593 2441 742 2512 quod
769 2448 826 2496 et
848 2456 915 2495 ex
936 2441 1108 2497 Paulo
1140 2442 1336 2510 didici,
1362 2444 1459 2514 qui
1489 2459 1559 2499 ex
1582 2452 1718 2500 noto
1748 2446 1866 2511 Dei,
1897 2445 2002 2501 ali-

419 2533 555 2602 quid
584 2534 832 2603 ignotum
854 2532 951 2587 Dei
978 2546 1103 2586 esse
1129 2532 1484 2603 signiﬁcavit.
1518 2534 1692 2605 Igitur
1720 2535 1868 2605 quod
1897 2552 2002 2591 no-

421 2635 537 2679 tum
558 2632 640 2679 est
672 2625 811 2695 ejus,
846 2632 909 2679 ut
946 2622 1084 2688 dixi,
1113 2623 1201 2678 his
1234 2625 2003 2695 propositionibushJoannes

412 2718 596 2788 ampla
626 2718 880 2773 oratione
913 2716 1159 2772 declarat
1187 2734 1200 2771 :
1237 2717 1565 2774 Illuminans
1594 2736 1679 2773 eos
1719 2722 1809 2790 qui
1832 2721 1889 2774 in
1921 2729 2002 2774 te-

410 2808 587 2862 nebris
611 2811 653 2839 ¹²
679 2807 1013 2877 ignorantiae
1041 2814 1194 2870 sunt,
1222 2821 1291 2861 eo
1311 2807 1524 2863 lumine
1550 2808 1701 2878 quod
1725 2807 2002 2865 illuminat

408 2915 625 2954 omnem
659 2900 928 2953 hominem
963 2899 1262 2952 venientem
1291 2900 1349 2952 in
1387 2900 1525 2953 hunc
1565 2900 1824 2954 mundum
1847 2900 1918 2968 ¹⁹,
1942 2909 1999 2956 ct

406 2993 750 3049 necessitate
791 3007 857 3046 ac
888 2992 943 3046 vi
992 2991 1267 3047 orationis
1315 2992 1620 3048 obstruens
1676 3009 1842 3049 omne
1892 3009 1996 3058 os,

405 3085 558 3157 quod
591 3092 785 3141 contra
818 3085 994 3140 Deum
1038 3084 1290 3154 loquitur
1328 3085 1659 3156 injustitiam
1702 3093 1760 3140 et
1794 3087 1999 3157 sempi-

2109 1906 2231 1962 est;
2261 1902 2383 1950 erat
2406 1896 2556 1950 enim
2584 1911 2807 1966 semper
2829 1898 2925 1967 qui
2951 1906 3036 1953 est
3056 1915 3070 1965 ;
3089 1898 3287 1968 quiest
3310 1907 3437 1955 ante
3460 1901 3695 1970 saecula;

2107 1986 2205 2056 qui
2240 1987 2360 2041 sine
2390 1986 2597 2053 medio,
2630 2003 2699 2042 ex
2727 1988 2887 2044 Patre
2912 1991 3444 2061 pergenerationem
3463 2007 3698 2061 proces-

2107 2075 2199 2131 sit.
2227 2076 2378 2130 Nihil
2405 2076 2555 2131 enim
2580 2076 2980 2132 intermedium
3005 2070 3209 2134 divinae
3235 2088 3292 2134 et
3319 2079 3584 2136 ineffabili
3606 2096 3698 2152 ge-

2105 2167 2383 2223 nerationi
2412 2169 2661 2234 exstitit;
2698 2184 2882 2240 neque
2909 2171 3135 2240 penitus
3162 2172 3466 2243 quidquam
3495 2173 3697 2229 divina:

2106 2270 2320 2315 natura:
2352 2260 2553 2327 adfuit,
2594 2268 2657 2315 ut
2682 2261 3075 2331 interpositum
3107 2274 3291 2329 esset,
3318 2280 3429 2319 non
3460 2267 3694 2321 materia

2105 2348 2340 2404 rationis
2391 2357 2450 2404 et
2500 2349 2717 2405 ordinis
2744 2365 2968 2420 expers,
3000 2357 3067 2405 ut
3102 2351 3395 2407 dementes
3427 2354 3606 2417 aiunt,
3636 2361 3696 2409 et

2104 2442 2319 2496 ratione
2351 2455 2584 2511 prorsus
2609 2448 2663 2496 et
2684 2441 2883 2495 ordine
2912 2452 3194 2509 carentes;
3225 2458 3336 2498 non
3366 2442 3536 2498 chaos
3564 2444 3693 2499 inﬁ-

2103 2533 2304 2600 nitum,
2341 2541 2399 2589 et
2437 2533 2846 2603 inseparabile;
2872 2549 2985 2587 non
3010 2534 3288 2601 tenebrae;
3318 2550 3430 2589 non
3457 2537 3693 2604 profun-

2105 2624 2236 2679 dum
2261 2642 2275 2691 ;
2303 2620 2429 2680 non’
2446 2625 2767 2691 silentium;
2810 2639 2924 2680 non
2951 2641 3299 2696 quaecunque
3340 2626 3497 2697 ﬁngit
3533 2642 3693 2683 mens

2084 2732 2227 2787 qua:
2249 2724 2532 2771 auctorem
2561 2731 2723 2770 suum
2756 2716 2993 2787 ignorat,
3031 2727 3088 2772 et
3115 2718 3326 2772 ﬁctioni
3360 2735 3475 2774 suae
3498 2735 3693 2776 errans

2102 2807 2304 2871 credit,
2330 2805 2560 2860 minime
2584 2807 2650 2860 ad
2662 2813 2882 2869 vertens
2914 2808 3220 2863 absurdum
3242 2849 3257 2875 ,
3288 2811 3403 2865 imo
3422 2811 3688 2877 absurda,

2102 2915 2226 2970 quae
2253 2914 2322 2954 ex
2354 2898 2482 2953 ﬁcta
2510 2904 2568 2953 et
2611 2899 2993 2955 commentitia
3039 2900 3303 2969 opinione
3354 2912 3689 2972 sequuntur.

2101 2991 2320 3046 Etenim
2352 2989 2399 3045 si
2432 2990 2568 3060 quid
2591 2990 2880 3061 generanti
2904 2999 2962 3046 et
2986 2992 3178 3062 genito
3209 2993 3565 3066 interjectum
3589 3011 3689 3065 po-

2099 3083 2284 3149 nitur,
2322 3082 2417 3152 qui
2445 3082 2552 3137 hoc
2580 3081 2766 3138 facere
2797 3082 2989 3150 audet,
3026 3084 3396 3140 substantiam
3421 3085 3690 3143 indecen-

406 3188 625 3233 ternam
653 3176 934 3247 Unigeniti
961 3175 1316 3238 divinitatem
1340 3184 1527 3247 negat,
1555 3194 1625 3233 ex
1657 3193 1771 3248 quo
1802 3157 2066 3249 cogni--c
2098 3178 2187 3226 ter
2219 3170 2456 3237 soindit;
2499 3179 2555 3225 et
2586 3186 2707 3226 eam
2758 3187 2789 3226 a
2841 3188 2901 3229 se
2936 3174 3053 3243 ipsa
3110 3175 3355 3247 sejungit
3384 3217 3398 3238 ,
3438 3178 3688 3235 sectione

405 3269 491 3326 tio
536 3269 632 3325 Dei
692 3268 873 3324 Patris
919 3267 988 3323 ad
1042 3283 1147 3322 nos
1198 3269 1462 3324 manavit.
1523 3268 1578 3325 Si
1608 3269 1760 3325 enim
1788 3279 1908 3326 erat
1936 3270 1994 3326 in

404 3363 685 3433 principio
702 3361 845 3432 apud
867 3362 1041 3416 Deum
1066 3362 1213 3417 Deus
1231 3361 1473 3417 Verbum
1496 3378 1511 3429 ;
1531 3362 1795 3418 omnibus
1809 3371 1995 3420 mente

403 3454 660 3525 praeditis
689 3453 1044 3508 manifestum
1074 3460 1181 3519 est,
1218 3452 1369 3523 quod
1394 3461 1517 3508 erat
1544 3453 1823 3523 quoddam
1842 3455 1995 3526 prin-

404 3547 617 3616 cipium
642 3545 698 3597 in
712 3558 822 3613 quo
837 3551 957 3598 erat
972 3543 1252 3609 Verbum;
1279 3543 1426 3613 quod
1440 3543 1992 3614 principiumneces-
2040 3594 2045 3601 .

402 3633 556 3690 sario
590 3639 712 3687 erat
747 3631 895 3686 Deus
941 3628 1089 3701 apud
1134 3646 1301 3700 quem
1341 3638 1465 3686 erat
1514 3631 1780 3687 Verbum.
1837 3632 1995 3688 Sicut

399 3726 579 3797 igitur
605 3740 719 3779 non
748 3732 934 3794 potest
967 3723 1450 3794 comprehendere
1470 3725 1808 3795 principium
1837 3740 1994 3782 mens

402 3833 631 3875 sursum
667 3816 902 3873 tendens
927 3858 942 3883 ,
984 3830 1207 3886 semper
1240 3816 1393 3872 enim
1434 3817 1682 3887 reperiet
1730 3816 1992 3873 altiusse

399 3909 781 3983 principium;
809 3908 892 3963 sic
913 3922 1028 3963 non
1051 3914 1237 3978 potest
1272 3910 1532 3977 superari
1579 3915 1636 3963 et
1673 3907 1991 3962 transcendi

398 4003 542 4059 illud
573 4011 689 4057 erat
718 4019 738 4068 ;
769 4017 992 4073 semper
1022 4001 1172 4057 enim
1206 4001 1454 4057 occurrit
1475 4001 1648 4056 altius
1676 4008 1816 4067 erat,
1840 4000 1990 4056 omni

397 4094 742 4167 cogitatione
773 4104 831 4151 et
857 4109 1096 4150 ascensu
1112 4102 1170 4150 et
1190 4093 1249 4149 in
1283 4093 1584 4149 sublimius
1607 4093 1794 4149 volatu
1820 4093 1991 4149 altius

400 4188 672 4259 positum.
699 4186 1037 4243 Licet~enim
1076 4200 1137 4240 se
1168 4184 1353 4255 ipsum
1384 4185 1514 4255 quis
1547 4192 1733 4241 mente
1762 4192 1820 4239 et
1842 4185 1992 4257 cogi-

399 4279 614 4335 tatione
661 4294 884 4349 semper
931 4279 1160 4333 elevet:
1212 4276 1450 4332 ulterius
1502 4276 1868 4347 progrediens
1925 4292 1991 4333 ac

399 4385 760 4441 promovens,
780 4384 1067 4440 nunquam
1094 4366 1355 4424 transibit
1371 4376 1507 4421 erat.
1525 4367 1807 4438 Anticipat
1822 4367 1988 4423 ﬁnem

397 4462 764 4534 principium,
800 4461 953 4532 quod
985 4476 1098 4517 non
1121 4461 1336 4532 patitur
1364 4460 1568 4530 prazire
1608 4475 1943 4531 quemquam
1969 4479 1983 4516 :

398 4554 450 4610 si
473 4554 627 4609 enim
654 4553 996 4625 principium
1043 4565 1160 4619 est,
1210 4568 1327 4608 non
1370 4552 1482 4607 erit
1526 4552 1626 4606 ulli
1653 4552 1983 4608 secundum.

399 4646 721 4703 Secundum
755 4646 904 4703 enim
934 4661 1048 4702 non
1075 4654 1161 4702 est
1195 4645 1569 4716 principium;
1615 4652 1672 4700 et
1713 4645 1862 4715 quod
1901 4654 1990 4702 est

393 4743 454 4795 in
487 4741 771 4812 principio,
802 4754 916 4795 non
950 4747 1039 4795 est
1067 4746 1195 4809 post
1227 4738 1587 4809 principium.
1608 4737 1752 4809 Ergo
1778 4738 1823 4793 si
1848 4739 1988 4794 Ver—

396 4834 533 4890 bum
571 4843 694 4889 erat
729 4833 786 4888 in
833 4832 1113 4903 principio
1137 4871 1152 4897 ,
1191 4831 1421 4886 omnino
1458 4845 1687 4886 necesse
1726 4838 1813 4886 est
1849 4846 1987 4886 con-

395 4925 656 4995 templari
688 4924 853 4980 simul
884 4923 1127 4979 Verbum
1177 4923 1327 4993 quod
1361 4932 1477 4977 erat
1508 4925 1563 4976 in
1597 4923 1855 4993 principio
1876 4963 1891 4987 ,
1927 4932 1986 4978 et

396 5016 735 5086 principium
764 5016 821 5068 in
854 5029 964 5083 quo
985 5021 1107 5068 erat
1133 5013 1411 5079 Verbum;
1433 5022 1573 5068 etex
1606 5029 1717 5082 quo
1742 5013 1983 5069 dicimus

396 5123 523 5163 esse
557 5106 919 5177 principium,
967 5120 1036 5160 ex
1083 5120 1150 5159 eo
1200 5121 1307 5160 una
1360 5103 1613 5159 confiteri
1644 5105 1885 5160 Verbum
1924 5106 1979 5159 in

398 5199 698 5270 principio.
738 5198 911 5269 Igitur
937 5212 1051 5252 non
1084 5197 1255 5251 habet
1286 5197 1468 5251 locum
1496 5236 1510 5260 ,
1540 5213 1645 5253 non
1672 5205 1821 5259 erat,
1853 5197 1985 5267 quia

399 5307 506 5347 non
531 5300 649 5345 erat
681 5291 1030 5345 contrarium
1055 5296 1141 5343 est
1170 5289 1249 5343 illi
1281 5299 1419 5342 erat.
1452 5289 1522 5342 Et
1565 5287 1611 5342 si
1658 5298 1819 5351 erat,
1848 5304 1989 5357 quo—

399 5381 565 5437 modo
595 5398 706 5437 non
733 5381 893 5437 erat?
921 5379 1064 5447 Quid
1094 5380 1267 5451 igitur
1296 5379 1596 5434 dicendum
1624 5380 1987 5450 relinquitur,

399 5474 507 5530 nisi
554 5473 705 5544 quod
736 5490 844 5527 non
867 5478 987 5527 erat
1030 5481 1326 5538 non-erat;
1353 5488 1466 5526 non
1499 5472 1649 5526 enim
1678 5487 1788 5525 non
1826 5480 1986 5538 erat;

399 5565 498 5621 sed
530 5581 751 5635 semper
779 5572 902 5620 erat
952 5563 1267 5620 subsistens
1294 5602 1308 5628 ,
1351 5563 1420 5618 de
1465 5578 1577 5633 quo
1603 5562 1811 5620 dicitur
1845 5573 1985 5617 erat.

475 5757 518 5788 "
555 5756 713 5813 Joau.
746 5772 785 5822 ι,
827 5757 956 5810 1-5.
1037 5758 1078 5788 ¹¹
1131 5756 1356 5822 80:11.1,
1394 5755 1478 5811 19.
1556 5754 1599 5786 ¹²
1638 5753 1772 5809 Luc.
1820 5772 1860 5822 ι,
1918 5751 2004 5806 19.

2100 3272 2359 3333 tanquam
2385 3263 2570 3321 medio
2603 3266 2838 3335 pariete,
2863 3274 2922 3322 et
2951 3267 3049 3323 illo
3074 3269 3335 3339 quopiam
3354 3270 3687 3342 interposito

2095 3353 2488 3422 interceptam.
2519 3352 2589 3408 Et
2629 3351 2781 3408 illius
2821 3369 3018 3410 rursus
3067 3357 3235 3427 primi
3271 3358 3480 3428 magis,
3514 3376 3685 3430 quam

2095 3443 2195 3499 ﬁlii
2215 3444 2534 3514 reperietur
2554 3459 2721 3500 causa
2751 3461 2875 3501 esse
2895 3447 3080 3503 Pater.
3130 3450 3202 3503 At
3223 3450 3504 3520 quomodo
3527 3452 3684 3507 dice-

2096 3547 2190 3595 tur
2212 3536 2455 3608 amplius
2483 3524 2872 3608 primogenitus
2903 3543 3077 3595 omnis
3101 3552 3364 3598 creatura:
3388 3544 3455 3609 “,
3477 3545 3522 3599 si
3539 3545 3683 3601 alius

2093 3632 2254 3703 prius
2278 3629 2550 3699 occupet?
2584 3629 2990 3701 primogenitus
3016 3633 3165 3688 enim
3193 3618 3408 3704 primus
3436 3646 3526 3693 est
3557 3652 3701 3691 om-~

2092 3725 2291 3790 nium;
2323 3723 2517 3792 etipse
2562 3729 2639 3776 est
2659 3725 2895 3778 omnium
2915 3725 2981 3791 ⁸⁸,
3036 3726 3183 3781 sicut
3225 3726 3526 3798 Apostolus
3579 3730 3677 3793 ait,

2094 3826 2360 3886 tanquam
2389 3822 2702 3870 comtcrnus
2722 3826 2935 3871 aeterno
2963 3817 3113 3872 Patri
3133 3819 3331 3874 aeterni
3368 3820 3494 3875 Filii
3523 3838 3537 3873 :
3566 3835 3679 3875 non

2092 3908 2243 3964 enim
2276 3906 2457 3963 solum
2485 3907 2634 3963 Deus
2664 3915 2770 3974 est,
2800 3908 2897 3963 sed
2929 3908 3096 3964 etiam
3125 3908 3321 3978 Pater;
3378 3921 3433 3983 et
3461 3928 3530 3967 ex
3565 3929 3678 3983 quo

2091 3999 2261 4063 Deus,
2294 4012 2360 4053 ex
2390 4012 2460 4053 eo
2494 3999 2679 4053 Pater.
2703 3998 2868 4052 Pater
2903 4012 3039 4053 vero
3074 3999 3199 4053 Filii
3228 4000 3413 4067 Pater,
3443 4002 3539 4072 qui
3564 4019 3677 4059 non

2091 4098 2277 4161 potest
2310 4090 2477 4145 aliter
2504 4104 2628 4146 esse
2660 4091 2825 4145 Pater
2843 4130 2857 4155 ,
2885 4090 2997 4146 nisi
3019 4093 3337 4148 necessario
3365 4094 3677 4150 subsisten-

2094 4185 2165 4239 tis
2194 4182 2322 4238 Filii
2351 4200 2365 4237 :
2393 4183 2514 4238 sine
2564 4182 2729 4238 Patre
2774 4182 2927 4238 enim
2985 4199 3098 4238 non
3144 4193 3230 4239 est
3284 4186 3478 4242 Filius.
3534 4187 3693 4244 Ante-

2090 4277 2280 4332 omnia
2305 4276 2477 4348 igitur
2507 4284 2594 4331 est
2618 4275 2793 4331 Filius
2816 4318 2830 4342 ,
2875 4274 2970 4346 qui
2996 4277 3356 4333 iueﬂ‘abiliter
3401 4296 3469 4335 ex
3516 4281 3679 4338 Patre

2089 4368 2189 4441 qui
2244 4384 2373 4424 cum
2431 4369 2626 4441 genuit
2650 4409 2665 4434 ,
2716 4360 2990 4440 processi!
3029 4387 3044 4424 :
3075 4386 3179 4425 nec
3214 4371 3362 4426 enim
3397 4388 3463 4427 ex
3501 4373 3680 4428 nihilo

2090 4460 2359 4534 produxit
2391 4476 2545 4525 eum,
2596 4468 2656 4515 ut
2692 4468 2985 4518 creaturas
3014 4472 3072 4516 ct
3100 4477 3295 4516 earum
3324 4474 3540 4533 partes;
3582 4464 3681 4519 sed

2091 4571 2161 4609 ex
2202 4568 2261 4609 se
2306 4553 2528 4607 vivente
2580 4553 2776 4607 vivens
2822 4562 2878 4609 et
2931 4554 3246 4610 subsistens
3290 4554 3573 4621 Verbum,
3624 4564 3682 4612 ct

2091 4648 2289 4711 Deum,
2323 4654 2381 4700 et
2405 4645 2635 4701 Filium.
2669 4645 2852 4711 Quare
2901 4646 2996 4715 qui
3044 4646 3184 4700 dicit
3227 4662 3294 4700 ex
3348 4647 3524 4701 nihilo
3556 4663 3681 4704 esse

2094 4752 2246 4801 eum,
2283 4737 2378 4807 qui
2420 4752 2488 4791 ex
2518 4752 2586 4792 eo
2617 4735 2711 4806 qui
2745 4744 2872 4800 est,
2907 4737 3192 4807 prodit-it;
3227 4739 3401 4808 magis
3431 4740 3485 4793 in
3524 4741 3681 4810 geni-

2093 4840 2292 4895 torem,
2329 4844 2494 4898 quam
2543 4828 2599 4881 in
2658 4827 2904 4898 genitum
2962 4829 3365 4897 blasphemiam
3411 4830 3676 4900 profert:

2092 4921 2229 4992 quid
2258 4921 2407 4976 enim
2439 4922 2619 4990 magis
2656 4919 2884 4989 impium
2923 4930 3038 4983 est,
3075 4937 3240 4989 quam
3273 4937 3399 4974 eum
3427 4912 3537 4991 qui
3559 4933 3673 4986 est,

2092 5014 2281 5068 dicere
2317 5029 2429 5067 non
2459 5014 2616 5067 esse?
2645 5028 2772 5066 nam
2819 5013 2863 5068 si
2907 5030 2974 5069 ex
3006 5014 3165 5067 Patre
3194 5013 3419 5083 quidem
3455 5015 3674 5084 genitus

2088 5113 2196 5169 est,
2220 5106 2315 5174 qui
2347 5120 2474 5160 vere
2503 5114 2608 5170 est,
2632 5106 2798 5159 Pater
2824 5114 2929 5159 est.

2158 5196 2297 5252 Vlll.
2332 5194 2593 5249 Nonnulli
2663 5211 2796 5250 vero
2849 5197 3006 5251 aiunt
3063 5212 3183 5251 esse
3212 5213 3338 5252 eum
3379 5213 3446 5252 ex
3495 5199 3676 5255 nihilo

2089 5287 2361 5356 genitum.
2396 5286 2571 5353 Quam
2625 5287 2697 5341 sit
2727 5287 2831 5342 hoc
2862 5289 3187 5354 absurdum,
3245 5290 3509 5345 omnibus
3545 5293 3675 5346 licet

2091 5379 2450 5450 perspicere;
2477 5394 2705 5434 necesse
2734 5396 2976 5450 namque
3009 5389 3115 5445 est,
3153 5390 3213 5436 ut
3239 5382 3386 5451 quod
3421 5397 3531 5436 non
3561 5392 3670 5449 est,

2088 5470 2421 5525 honoratius
2445 5469 2517 5525 sit
2557 5486 2626 5525 eo
2659 5471 2806 5539 quod
2835 5488 2903 5527 ex
2930 5473 3055 5542 ipso
3083 5474 3391 5543 processit:
3429 5483 3487 5529 et
3509 5489 3671 5545 repe-

2089 5564 2267 5618 rietur
2294 5562 2446 5633 quod
2509 5562 2822 5619 substantia
2858 5574 3036 5632 caret,
3089 5567 3337 5623 nobilius
3376 5582 3500 5622 csse
3538 5568 3674 5623 sub-

2082 5754 2328 5835 ?Jcan.
2378 5771 2415 5823 ι,
2444 5755 2497 5811 9.
2577 5756 2621 5786 ”
2661 5754 2874 5811 Coloss.
2919 5771 2974 5825 ι,
3020 5756 3104 5811 15.
3195 5756 3240 5790 ¹⁸
3277 5754 3493 5811 Coloss.
3524 5753 3672 5823 1,17.
