4098 6462
510 269 650 336 1315

1654 267 1716 327 S.
1740 265 2142 327 ANAS‘TASII
2184 265 2659 327 ANTIOCHENI

3681 259 3812 323 1316

510 383 753 448 stantia;
805 389 863 436 et
890 379 1130 452 privatio
1163 375 1410 434 nobilior
1442 376 1673 443 habitu;
1725 387 1823 432 aut
1873 377 2097 432 dicetur
2127 385 2168 440 Α
2200 393 2423 449 semper
2448 379 2775 450 procedere.
2816 375 2910 432 Sic
2939 373 3090 430 enim
3137 374 3219 430 ait
3251 372 3586 429 Dominus:
3633 371 3706 430 de
3759 391 3813 432 se

511 491 624 530 non
646 489 772 530 esse
803 474 986 538 Pater,
1020 473 1115 542 qui
1151 473 1346 543 genuit
1376 471 1576 525 Filium
1599 479 1656 525 et
1678 486 1747 525 ex
1783 487 1894 540 quo
1923 471 2098 525 Filius

509 567 735 637 genitus
761 574 868 630 εει,
899 580 1064 635 quem
1097 564 1388 629 aiuntisti,
1418 563 1538 618 vice
1562 563 1766 628 Patris,
1822 578 1891 631 ex
1920 564 2099 618 nihilo

512 671 656 712 esse.
681 655 890 712 Deinde
912 654 1194 725 quomodo
1226 653 1341 709 ﬁeri
1378 661 1583 724 potest,
1616 661 1676 708 ut
1697 668 1768 710 ex
1824 669 1893 709 eo
1948 654 2098 725 quod

515 747 822 804 substantia
855 758 1025 809 caret.
1044 757 1102 804 et
1130 763 1242 802 non
1271 754 1376 812 εει,
1401 761 1584 816 neque
1610 745 1887 816 principio
1914 762 2015 816 per
2040 761 2101 803 se

515 839 750 903 exstitit,
781 840 906 895 talis
929 839 1110 894 virtus
1133 837 1513 894 substantialis
1533 837 1848 908 prodierit?
1875 837 1931 894 Si
1950 840 2103 894 enim

515 949 630 989 non
661 941 767 997 est,
801 947 913 988 non
949 940 1036 986 est
1055 931 1399 987 subsistens:
1427 929 1710 1001 quomodo
1734 946 1868 1002 ergo
1892 947 1962 987 ex
1988 947 2102 988 non

515 1025 822 1081 exsistente
842 1023 950 1078 erit
970 1023 1242 1080 exsistens
1261 1058 1278 1086 ,
1306 1029 1362 1077 et
1382 1037 1450 1076 ex
1487 1037 1555 1076 eo
1577 1021 1723 1091 quod
1750 1036 2101 1092 nequaquam

517 1125 623 1179 est,
655 1117 1024 1172 substantiam
1040 1115 1224 1185 capiet
1247 1114 1393 1183 quod
1423 1115 1546 1168 est?
1569 1113 1706 1168 Nam
1731 1113 1777 1169 si
1802 1122 1907 1178 est,
1930 1128 2102 1167 unum

519 1207 770 1262 omnium
787 1215 900 1274 est;
936 1214 993 1262 et
1029 1206 1076 1263 si
1119 1206 1372 1261 omnium
1396 1221 1568 1260 unum
1602 1213 1711 1268 est,
1762 1220 1863 1276 per
1898 1205 2104 1261 Filium

516 1301 770 1371 profecto
805 1301 1015 1355 factum
1043 1307 1158 1356 est:
1204 1297 1482 1369 siquidem
1545 1300 1728 1353 omnia
1789 1315 1884 1367 per
1928 1300 2104 1370 ipsum

515 1393 662 1463 facta
692 1400 836 1448 sunt.
895 1391 953 1448 Si
985 1403 1174 1448 autem
1195 1390 1345 1461 quod
1367 1406 1481 1445 non
1511 1401 1619 1456 est,
1655 1399 1762 1458 est,
1806 1400 1866 1447 et
1909 1391 2106 1446 dicunt

516 1485 718 1540 Filium
748 1499 871 1540 esse
892 1499 962 1541 ex
1008 1484 1220 1550 nihilo;
1258 1483 1420 1554 prius
1447 1483 1630 1553 ipsum
1669 1483 1820 1553 quod
1851 1498 1966 1538 non
1991 1490 2100 1549 εει,

513 1576 722 1631 faciant
751 1565 1122 1632 substantiam
1157 1592 1301 1642 esse,
1341 1585 1400 1632 et
1448 1585 1582 1632 tunc
1633 1575 1883 1632 tribuant
1904 1575 1958 1632 ei
1988 1575 2105 1630 vim

513 1666 860 1738 producendi
895 1667 1025 1722 talia
1050 1668 1323 1738 germina.

2199 468 2459 538 quidem;
2485 472 2622 524 Ante
2647 484 2828 523 omnes
2847 466 3005 522 colles
3034 472 3254 536 generat
3277 481 3369 518 me
3396 465 3470 529 ¹⁶,
3505 464 3581 520 de
3603 464 3811 536 Spiritu

2200 572 2387 620 autem
2414 571 2629 625 sancto,
2655 561 2779 628 Qui
2818 577 2884 616 ea:
2912 560 3076 616 Patre
3102 559 3337 631 procedit
3388 559 3462 612 ".
3513 558 3812 615 Diversitas

2201 666 2392 713 autem
2413 655 2795 729 generationis
2815 663 2874 710 et
2896 651 3268 725 processionis
3287 667 3416 706 non
3465 649 3815 706 demonstrat

2201 751 2529 806 substantia:
2567 749 2978 805 differentiam:
3012 761 3126 802 non
3147 745 3296 801 enim
3313 741 3662 798 differentia
3680 744 3815 798 exsi-

2203 842 2424 898 stentia:
2451 840 2731 913 signiﬁcat
2752 855 2898 906 esse,
2931 839 3030 896 sed
3059 837 3347 909 quomodo
3385 851 3526 892 esse
3547 835 3814 901 declarat,

2203 943 2467 991 manente
2492 934 2688 992 eadem
2721 933 3034 989 substantia
3068 933 3192 1003 ejus
3228 946 3297 986 ex
3330 944 3484 1000 quo,
3531 935 3593 983 et
3629 942 3814 982 eorum

2203 1028 2299 1098 qui
2327 1042 2398 1083 ex
2425 1028 2548 1099 ipso
2574 1037 2727 1091 sunt,
2751 1025 3065 1083 secundum
3086 1023 3466 1079 diﬁ‘erentem
3518 1021 3740 1075 modum
3764 1022 3812 1087 δ,

2199 1118 2262 1174 id
2294 1128 2402 1185 est,
2425 1119 2774 1174 intellectum.
2797 1117 2992 1174 Modus
3016 1132 3171 1188 ergo,
3200 1123 3262 1170 ut
3285 1115 3524 1170 dictum
3552 1111 3802 1177 est,exsi

2205 1211 2423 1269 stentia:
2451 1212 2720 1270 diﬁ'erens
2742 1221 2856 1279 est;
2891 1212 3032 1267 ratio
3054 1226 3191 1266 vero
3221 1207 3578 1265 substantia:
3597 1205 3809 1272 eadem;

2204 1318 2272 1359 ex
2301 1306 2495 1361 codem
2529 1306 2703 1371 enim,
2727 1307 2861 1361 licet
2881 1321 2991 1361 non
3016 1302 3298 1359 similiter.

2275 1397 2369 1452 Xl.
2400 1399 2480 1454 Ne
2508 1399 2778 1455 miremur
2826 1399 2996 1470 igitur
3049 1396 3376 1458 Dominum,
3412 1407 3555 1450 cum
3613 1389 3811 1448 utrius-

2205 1506 2315 1562 que
2340 1491 2574 1556 exitum,
2605 1492 2816 1548 exitum
2841 1508 2911 1547 εχ
2939 1491 3103 1546 Patre
3137 1496 3337 1554 vocat;
3375 1487 3504 1558 Ego
3551 1487 3716 1548 enim,
3745 1485 3814 1540 in.

2205 1583 2348 1652 quit,
2380 1598 2445 1636 ea:
2475 1582 2642 1638 Patre
2683 1582 2842 1646 exivi,
2893 1588 2941 1635 et
2967 1580 3121 1635 venio
3151 1579 3218 1632 '°.
3243 1578 3314 1633 Et
3363 1591 3616 1632 rursus:
3649 1572 3808 1646 Spiri-

2207 1683 2312 1742 tus,
2353 1677 2502 1747 quia
2557 1675 2724 1730 Patre
2746 1675 2983 1746 procedit
3030 1673 3101 1726 “.
3151 1671 3270 1728 Etsi
3325 1669 3495 1726 enim
3543 1667 3721 1732 exire,
3761 1677 3810 1724 et

588 1757 682 1812 lx.
733 1757 875 1812 lllud
905 1726 1098 1813 autem
1129 1773 1243 1814 non
1300 1768 1389 1814 est
1415 1726 1918 1824 dissimulandum,
1950 1757 2106 1830 quod

2209 1726 2517 1840 procedere
2746 1726 3238 1838 signiﬁcant,
3287 1762 3593 1834 praecipue
3639 1726 3808 1816 tamen

514 1847 583 1902 ad
609 1849 947 1918 propositam
984 1849 1374 1905 tractationem
1404 1848 1564 1906 valde
1591 1851 1968 1905 necessarium
1997 1857 2104 1918 est,

515 1955 682 1996 omne
739 1939 888 2010 quod
942 1955 1012 1996 ex
1056 1940 1237 1996 nihilo
1283 1939 1491 1996 factum
1520 1950 1628 2006 est,
1661 1941 1772 1996 vim
1794 1941 2005 1998 habere
2045 1949 2110 1998 ut

514 2033 584 2088 ad
635 2033 874 2088 nihilum
935 2048 1135 2088 rursus
1164 2032 1380 2101 redeat,
1409 2033 1666 2104 quamvis
1708 2035 2107 2105 proprietatem

515 2125 640 2196 ejus
664 2125 980 2180 naturalem
1013 2127 1191 2198 major
1222 2135 1470 2196 potestas
1524 2126 1752 2181 vincat:
1787 2134 1844 2181 at
1894 2125 2108 2182 sentire

516 2217 625 2272 hoc
652 2216 721 2272 de
753 2217 916 2283 Filio,
978 2225 1267 2273 extremus
1313 2218 1513 2273 animae
1574 2216 1842 2273 interitus
1871 2223 1978 2273 est.
2026 2218 2109 2274 Ex

513 2308 680 2365 Patre
711 2309 882 2380 igitur
909 2319 996 2364 est
1028 2308 1340 2364 secundum
1391 2317 1672 2373 naturam,
1709 2317 1766 2363 et
1792 2324 1903 2363 non
1933 2324 2002 2364 ex
2025 2309 2112 2364 ni-

516 2400 636 2456 hilo
656 2401 830 2456 Filius
851 2418 865 2456 :
897 2400 1046 2471 quod
1068 2399 1114 2456 si
1137 2409 1226 2456 est
1247 2414 1314 2455 ex
1335 2400 1498 2456 Patre
1515 2399 1824 2456 secundum
1850 2409 2109 2456 naturam

516 2493 716 2558 Filius,
779 2500 868 2547 est
903 2492 1072 2563 igitur
1105 2491 1456 2555 homousios,
1489 2489 1546 2545 id
1596 2499 1703 2555 est,
1738 2490 2110 2547 consubstan-

518 2584 672 2639 tialis
707 2583 861 2638 Patri
899 2583 996 2652 qui
1029 2582 1254 2654 genuit:
1291 2598 1457 2639 omne
1482 2582 1634 2638 enim
1667 2582 1918 2655 genitum
1976 2598 2112 2639 con-

515 2677 887 2734 substantiale
913 2685 1000 2732 est
1040 2677 1184 2748 patri
1239 2677 1560 2748 generanti;
1606 2685 1665 2732 et
1710 2675 1861 2746 quod
1918 2685 2111 2746 aptum

517 2777 711 2825 natum
742 2777 830 2824 est
857 2769 927 2823 ad
961 2767 1365 2840 generandum,
1396 2767 1650 2838 ejusdem
1683 2766 2012 2822 substantiae
2025 2775 2114 2822 est

519 2877 646 2918 cum
673 2876 743 2916 eo
789 2861 880 2916 cui
927 2869 1126 2915 natura
1172 2859 1403 2914 insitum
1440 2868 1528 2916 est
1557 2873 1848 2931 generare.
1880 2857 1994 2914 Hac
2024 2874 2114 2914 ra-

519 2955 672 3010 tione
710 2954 905 3009 dicunt
966 2953 1159 3008 Patres
1209 2951 1266 3005 in
1294 2951 1518 3006 Nicaeno
1544 2951 1803 3018 concilio,
1851 2949 2022 3005 Deum
2048 2965 2113 3004 ea:

522 3047 629 3102 Deo
649 3065 668 3114 ,-
690 3055 749 3102 et
774 3061 972 3101 rursus
1013 3045 1193 3100 lumen
1220 3060 1285 3099 ea:
1306 3043 1536 3099 lumine:
1565 3042 1752 3114 qualis
1769 3041 1919 3097 enim
1947 3043 2114 3098 Pater

517 3149 624 3206 est,
663 3139 792 3194 talis
838 3138 1012 3194 Filius
1063 3137 1372 3194 secundum
1423 3133 1816 3191 substantiam.
1863 3135 2117 3190 Deelarat

521 3235 628 3288 hoc
647 3233 811 3304 plane
838 3231 1088 3303 energia,
1121 3230 1176 3285 id
1211 3239 1300 3286 est
1326 3229 1617 3300 operatio:
1654 3227 1932 3298 siquidem
1977 3242 2118 3297 quo-

519 3343 644 3381 rum
671 3333 759 3381 est
791 3340 903 3380 una
942 3323 1194 3396 energia,
1228 3337 1340 3377 una
1368 3329 1456 3378 εει
1495 3320 1806 3378 substantia
1835 3337 1850 3388 ;
1908 3329 1966 3376 et
1994 3320 2116 3375 vice

517 3438 702 3487 versa,
723 3436 964 3493 quorum
995 3430 1081 3476 est
1109 3419 1422 3476 substantia
1455 3433 1589 3483 una,
1625 3431 1737 3472 una
1761 3416 1924 3486 plane
1955 3431 2117 3472 ener-

512 3516 610 3588 gia
641 3515 757 3570 sive
782 3511 1036 3584 operatio
1056 3521 1162 3568 est.
1178 3512 1248 3567 Et
1270 3511 1541 3566 Dominus
1568 3508 1636 3563 ad
1660 3506 2114 3579 redarguendum

509 3607 765 3672 Judazos,
790 3622 919 3662 cum
947 3605 1338 3663 obtrectabant
1362 3604 1438 3668 ci,
1470 3602 1618 3673 quod
1654 3601 1918 3657 dixisset:
1949 3599 2116 3656 Filius

521 3699 620 3753 Dei
653 3713 772 3752 sum
803 3697 866 3762 ",
892 3695 1086 3750 docuit
1115 3695 1498 3764 operationem
1520 3707 1643 3748 esse
1669 3687 1847 3746 instar
1867 3690 2116 3745 omnium

511 3790 761 3845 aliorum
788 3787 856 3843 ad
883 3787 1256 3842 attestandam
1297 3784 1626 3848 veritatem,
1665 3797 1794 3838 cum
1831 3781 2012 3836 dixit:
2057 3779 2117 3836 Si

510 3883 802 3954 ,θωπείαιςίο
833 3897 998 3952 opera
1039 3879 1218 3934 Patris
1255 3879 1381 3942 mei,
1441 3893 1508 3931 ne
1567 3875 1766 3930 credite
1821 3875 1991 3930 mihi:
2031 3875 2117 3929 sin

525 3983 710 4030 null
755 3972 892 4044 facio
916 4011 934 4038 ,
977 3972 1078 4026 etsi
1121 3970 1254 4024 mihi
1286 3985 1393 4023 non
1447 3967 1683 4034 creditis,
1718 3966 1960 4040 operibus
1986 3966 2116 4020 meis

507 4069 739 4133 .credite,
762 4073 821 4121 ut
842 4066 1026 4121 sciatis
1052 4073 1104 4119 et
1159 4062 1518 4134 cognoscatis,
1540 4060 1682 4132 quod
1705 4061 1874 4132 again
1932 4058 2114 4126 Patre,

510 4176 574 4220 τι
599 4164 766 4219 Pater
789 4164 843 4218 in
877 4178 963 4216 me
988 4169 1066 4215 est
1107 4160 1172 4213 ¹“¹.
1198 4159 1382 4226 Quare
1414 4157 1668 4212 absoluta
1712 4154 2122 4211 demonstratio

523 4265 634 4324 est,
660 4265 717 4313 et
751 4271 872 4327 qua:
905 4253 1113 4310 sullicit
1141 4262 1198 4309 et
1239 4251 1418 4306 refelli
1453 4264 1566 4304 non
1617 4255 1822 4318 potest,
1875 4246 2118 4302 consub-

525 4346 910 4404 stantialitatis
952 4346 1148 4402 eadem
1205 4331 1388 4398 Patris
1434 4351 1493 4397 et
1524 4339 2116 4411 Filiioperatiozqua:

2207 1859 2624 1930 processionem
2659 1857 2899 1929 Spiritui
2923 1865 3118 1912 sancto
3142 1852 3633 1916 accommodavit,
3681 1852 3811 1907 sicut

2207 1951 2314 2008 sibi
2344 1950 2785 2023 generationem.
2822 1949 2982 2006 Sicut
3002 1948 3153 2003 enim
3176 1947 3349 2002 Pater
3377 1953 3626 2002 vocatur
3649 1943 3808 2014 Spiri-

2210 2053 2322 2109 tns,
2348 2053 2406 2099 et
2425 2043 2602 2098 Filius
2632 2043 2766 2098 item
2796 2041 3064 2113 Spiritus,
3089 2039 3410 2096 secundum
3471 2037 3618 2093 illud
3652 2055 3668 2091 :
3698 2034 3810 2106 Spi-

2210 2138 2344 2191 ritus
2377 2143 2454 2191 est
2486 2136 2568 2199 ";
2602 2146 2660 2192 et
2692 2135 2852 2200 illud,
2886 2133 3121 2206 Spiritus
3147 2133 3303 2204 faciei
3348 2138 3561 2186 nostra:
3583 2128 3806 2186 Christus

2211 2226 2466 2282 Dominus
2502 2229 2579 2284 ":
2611 2227 2836 2300 proprie
2857 2233 3042 2282 tamen
3056 2224 3151 2281 hic
3167 2232 3256 2280 est
3284 2223 3544 2294 Spiritus
3574 2229 3808 2285 sanctus,

2209 2321 2306 2392 qui
2352 2329 2601 2377 sanctam
2634 2320 2966 2376 Trinitatem
3018 2317 3288 2388 complet.
3343 2315 3465 2382 Sic,
3501 2315 3613 2370 etsi
3649 2313 3808 2370 Filius

2209 2423 2269 2469 et
2299 2413 2546 2484 Spiritus
2572 2420 2801 2468 sanctus
2849 2411 3116 2467 dicuntur
3150 2410 3312 2465 exire
3341 2424 3417 2464 ex
3454 2409 3625 2464 Patre
3645 2447 3660 2472 ,
3693 2421 3807 2478 pro-

2210 2505 2392 2561 cessio
2423 2514 2608 2560 tamen
2652 2503 2934 2574 praecipue
2994 2501 3236 2573 Spiritus
3268 2499 3462 2556 sancti
3520 2507 3630 2562 est,
3675 2497 3804 2555 sicut

2210 2597 2499 2669 generatip
2531 2604 2618 2652 est
2644 2595 2793 2652 Filii.
2817 2594 2999 2662 Quare
3024 2604 3048 2634 ο
3081 2593 3401 2664 ingenitum
3452 2600 3515 2648 et
3569 2590 3803 2662 genitum

2210 2699 2270 2745 et
2321 2688 2656 2760 procedens,
2699 2704 2848 2758 quae:~
2877 2686 3106 2758 quidem
3159 2693 3418 2742 sanctam
3481 2683 3799 2740 Trinitatem

2211 2779 2588 2841 constituunt,
2609 2778 2777 2833 unius
2805 2785 2863 2832 et
2895 2775 3148 2848 ejusdem
3187 2783 3414 2831 naturae
3452 2783 3627 2831 sunt:
3659 2773 3799 2844 inge-

2211 2870 2391 2926 nitum
2424 2880 2608 2925 autem
2633 2883 2779 2933 esse,
2822 2875 2881 2923 et
2923 2867 3171 2938 genitum
3199 2880 3349 2930 esse,
3397 2874 3458 2922 et
3509 2864 3798 2938 procedam

2213 2977 2326 3017 non
2356 2969 2484 3016 sunt
2506 2961 2652 3016 inter
2681 2975 2741 3016 se
2771 2958 3010 3016 similia:
3035 2957 3224 3013 diﬂ'ert
3248 2958 3408 3014 enim
3441 2957 3724 3029 generatio
3739 2955 3799 3010 ab

2141 3088 2184 3146 ο
2218 3051 2663 3124 ingeneratione,
2695 3059 2754 3108 et
2785 3050 3079 3122 processio
3111 3066 3142 3106 a
3169 3050 3543 3122 generatione
3581 3058 3638 3105 et
3661 3049 3796 3120 inge-

2218 3147 2538 3212 neratione;
2591 3145 2649 3200 in
2707 3144 2912 3216 quibus
2947 3151 3134 3200 autem
3176 3144 3296 3200 bazc
3356 3151 3515 3208 sunt,
3567 3142 3796 3216 ejusdem

2216 3239 2542 3296 substantiae
2560 3247 2617 3294 et
2639 3247 2854 3294 natura:
2881 3249 3033 3294 sunt.
3065 3237 3332 3294 Eamdem
3368 3239 3548 3310 igitur
3561 3236 3796 3292 substan-

2218 3331 2350 3386 tiam
2391 3325 2631 3385 dicimus
2684 3336 2889 3384 sanctae
2915 3327 3245 3393 Trinitatis;
3301 3327 3640 3383 Trinitatem
3667 3323 3792 3380 dici-

2216 3441 2342 3481 mus
2366 3441 2478 3481 non
2524 3423 2993 3489 substantiarum,
3051 3423 3148 3480 sed
3199 3439 3602 3495 personarum:
3641 3435 3790 3477 unum

2158 3563 2165 3569 .
2215 3519 2365 3574 enim
2391 3521 2564 3574 Deum
2588 3518 2919 3587 proﬁtemur
2957 3533 3071 3574 non
3102 3532 3364 3583 numero,
3427 3517 3526 3574 sed
3569 3525 3788 3572 natura:

2216 3625 2328 3665 non
2350 3610 2499 3666 enim
2531 3609 2681 3680 quod
2698 3619 2787 3666 est
2813 3610 3045 3666 omnino
3075 3624 3248 3665 unum
3272 3599 3538 3676 numero,
3589 3608 3790 3664 omnino

2215 3703 2385 3758 etiam
2407 3711 2494 3758 est
2519 3717 2688 3758 unum
2735 3709 2958 3757 natura.
2995 3701 3067 3757 Et
3123 3716 3299 3757 unum
3336 3701 3668 3768 substantia,
3694 3713 3787 3754 non

2216 3803 2303 3852 est
2330 3796 2559 3850 omnino
2596 3811 2770 3851 unum
2796 3807 3058 3850 numero.
3103 3794 3362 3864 Exempli
3413 3811 3579 3852 causa
3641 3808 3786 3849 mun-

2217 3885 2348 3941 dum
2366 3900 2686 3941 sumemus:
2720 3884 2814 3940 hic
2841 3893 2928 3940 est
2947 3899 3185 3941 numero
3216 3886 3452 3957 quidem
3488 3901 3660 3950 unus;
3691 3897 3784 3938 non

2217 3986 2406 4034 autem
2440 3986 2528 4034 est
2561 3993 2707 4034 unus
2735 3985 2958 4044 natura,
2977 3977 3076 4034 sed
3094 3979 3270 4035 multa
3309 3995 3384 4036 ex
3421 3980 3624 4051 quibus
3658 3991 3785 4032 com-

2219 4069 2442 4142 positus
2466 4080 2586 4127 est:
2625 4085 2692 4126 ac
2725 4085 2922 4126 rursus
2959 4070 3151 4137 homo,
3181 4087 3330 4128 unus
3356 4071 3582 4143 quidem
3613 4076 3690 4125 est
3705 4081 3784 4122 na-

2220 4171 2382 4229 tura;
2437 4161 2695 4220 inﬁnitus
2731 4169 2922 4218 autem
2967 4177 3226 4219 numero.
3281 4163 3584 4222 Et-sancta
3639 4161 3782 4232 igitur

2218 4255 2470 4313 Trinitas
2500 4270 2648 4312 us
2667 4255 2816 4312 Deus
2842 4263 2932 4312 est
2973 4255 3312 4323 substantia,
3361 4271 3592 4313 numero
3621 4259 3776 4310 autem

2216 4349 2462 4405 Trinitas
2492 4349 2549 4404 in
2572 4349 2758 4416 Patre,
2788 4356 2852 4406 et
2880 4349 3046 4417 Filio,
3084 4358 3144 4406 et
3167 4349 3382 4421 Spiritu
3405 4359 3595 4406 sancto
3610 4347 3779 4404 adora-

524 4441 678 4497 enim
731 4438 887 4493 videt
935 4438 1156 4493 Patrem
1203 4435 1528 4500 facientem,
1572 4432 1707 4488 facit
1755 4432 1960 4501 Filius;
2002 4448 2110 4488 non

2221 4449 2296 4509 ta,
2321 4448 2379 4498 et
2418 4440 2753 4514 ὁριζομένηι
2786 4457 3082 4512 nunquam
3105 4452 3301 4500 autem
3327 4449 3609 4500 contracta
3652 4439 3773 4493 iatn

515 4531 710 4603 qualia
733 4529 884 4593 facit,
911 4527 1011 4583 sed
1052 4543 1176 4598 qua:
1208 4527 1361 4583 facit.

587 4623 666 4681 Χ.
703 4623 856 4678 Idem
885 4622 955 4677 de
983 4621 1196 4692 Spiritu
1230 4629 1426 4676 sancto
1450 4628 1508 4676 et
1545 4619 1830 4675 credimus
1851 4627 1909 4675 et
1936 4618 2114 4675 conﬁ-

515 4727 730 4781 temur,
757 4731 882 4772 esse
914 4715 1128 4772 scilicet
1150 4714 1687 4770 consubstantialem
1714 4713 1864 4768 Patri
1886 4721 1943 4768 et
1971 4713 2114 4768 Filio

513 4817 962 4874 etcoaetcrnum,
995 4816 1188 4879 utpote
1215 4822 1438 4878 semper
1472 4808 1898 4863 coexsistentem
1921 4823 1936 4861 :
1961 4805 2112 4877 quod

511 4904 673 4960 enim
704 4912 792 4958 est
834 4901 1142 4957 secundum
1168 4901 1542 4956 substantiam
1571 4900 1734 4955 Pater
1764 4898 1861 4970 qui
1895 4900 2109 4970 genuit,

517 5006 582 5050 et
605 4995 782 5052 Filius
809 4993 906 5064 qui
954 4992 1179 5064 genitus
1205 4999 1316 5056 est,
1362 4990 1471 5046 hoc
1506 4990 1688 5060 ipsum
1738 4997 1825 5044 est
1870 4988 2114 5059 Spiritus

521 5097 788 5154 sanctus;
820 5095 877 5141 et
900 5086 1066 5148 sicut,
1099 5083 1278 5140 Filius
1300 5098 1370 5138 ex
1415 5083 1602 5150 Patre,
1638 5081 1720 5136 sic
1759 5088 1817 5136 et
1870 5079 2117 5150 Spiritus

523 5191 757 5237 sanctus
775 5195 846 5234 ex
871 5179 1018 5234 Deo:
1045 5177 1136 5232 ille
1153 5175 1378 5246 quidem
1397 5175 1644 5247 genitus,
1675 5183 1728 5229 et
1758 5173 1885 5228 ideo
1909 5173 2113 5242 Filius;

525 5270 620 5326 hic
643 5278 828 5326 autem
882 5268 1212 5341 procedens,
1260 5277 1317 5322 et
1345 5275 1432 5322 est
1476 5265 1748 5340 Spiritus:
1787 5266 1874 5321 vel
1929 5267 2116 5336 potius

523 5358 828 5417 dicendum
853 5365 960 5424 est,
994 5359 1150 5415 illum
1169 5356 1396 5428 quidem
1425 5341 1716 5428 generari,
1744 5356 1897 5411 hunc
1925 5365 2114 5412 autem

603 5477 646 5508 ’°
666 5476 828 5532 Joan.
853 5491 909 5539 x,
939 5475 1029 5531 '56.
1110 5475 1152 5507 "
1170 5473 1308 5530 ibid.
1344 5472 1531 5529 57-38.
1645 5473 1688 5504 ¹¹¹
1714 5473 1877 5528 Prov.
1902 5490 2014 5540 vm,
2040 5474 2131 5528 2‘3.

526 5546 620 5603 26.
699 5545 927 5601 “Joan.
980 5562 1055 5612 IV,
1102 5545 1195 5601 24.
1272 5547 1317 5579 ³⁸
1347 5545 1660 5610 Thremsv,
1707 5544 1796 5598 20.

2221 4534 2581 4600 Trinitatem,
2629 4550 2735 4591 nec
2783 4534 2904 4591 fusa
2943 4543 3099 4591 extra
3156 4536 3394 4593 hanesd
3419 4536 3584 4592 alium
3612 4544 3776 4588 nume-

2219 4640 2382 4693 rum;
2415 4639 2530 4680 non
2567 4625 2719 4680 enim
2743 4625 2827 4680 las
2859 4633 2945 4681 est
2983 4633 3082 4680 aut
3110 4625 3435 4684 dualitatem
3478 4623 3770 4693 intelligere.

2219 4722 2316 4769 aut
2335 4712 2772 4784 quaternitatem
2824 4712 3207 4780 introducere,
3262 4723 3362 4769 aut
3394 4729 3519 4769 cum
3554 4712 3652 4767 hoc
3671 4721 3771 4777 my-

2217 4799 2360 4862 stico
2405 4813 2613 4861 sanctae
2673 4805 2962 4860 Trinitatis
3011 4821 3250 4862 numero
3297 4808 3643 4878 conjungere,
3690 4803 3767 4854 aut

2217 4897 2431 4968 aliquid
2477 4914 2546 4953 ex
2583 4912 2652 4953 eo
2671 4897 2916 4953 demere.
2958 4897 3206 4954 Trinitas
3245 4899 3396 4955 enim
3425 4907 3510 4954 est
3562 4905 3765 4962 semper.

2222 4997 2337 5046 tota
2363 4989 2628 5056 creatrix,
2682 4997 2796 5045 tota
2842 4991 3149 5057 adoranda,
3204 5003 3476 5049 coaeterna
3517 4988 3634 5053 sibi,
3669 4981 3764 5040 sola

2224 5083 2506 5137 increata:
2539 5090 2693 5138 creat
2737 5082 2910 5148 enim,
2948 5097 3063 5138 non
3121 5094 3372 5140 creatur:
3399 5081 3534 5139 nihil
3560 5094 3619 5136 ea
3649 5071 3766 5130 anti-

2222 5173 2412 5243 quius,
2438 5180 2534 5228 aut
2563 5172 2841 5244 posterius
2869 5189 2883 5228 :
2913 5173 3049 5229 illud
3072 5173 3221 5229 enim
3246 5183 3371 5230 ante
3390 5183 3444 5230 et
3464 5173 3762 5244 pompa?!“

2224 5265 2496 5345 temporis
2515 5275 2680 5332 sunt;
2706 5265 2855 5321 Deus
2886 5274 3072 5321 antem
3096 5274 3407 5337 temporum
3431 5271 3638 5321 auctor:
3670 5266 3761 5345 non

2223 5343 2378 5413 enim
2404 5357 2508 5412 sub
2539 5364 2791 5428 tempore
2819 5369 2936 5414 est:
2985 5359 3330 5430 impossibile
3369 5364 3548 5414 autem
3567 5357 3642 5407 est
3673 5343 3756 5400 ali-

2244 5473 2289 5508 ”
2321 5474 2484 5530 Joan.
2512 5491 2605 5542 xv,
2633 5473 2725 5531 26.
2841 5475 2888 5508 “
2915 5475 3075 5533 Joan.
3103 5493 3216 5547 xvi,
3249 5478 3338 5534 27.
3442 5475 3483 5508 “
3511 5473 3653 5530 Joau.
3683 5473 3752 5524 ιν,

1816 5659 2054 5715 νΑιιιΑῑ
2097 5659 2506 5718 LECTIONES.

631 5757 660 5800 δ
687 5755 902 5814 Modum
932 5755 1183 5829 ἔκληψιν.

1287 5767 1308 5796 ε
1346 5755 1536 5827 Ingrn.
1573 5754 1732 5828 genit.
1769 5763 1818 5809 et
1854 5756 2064 5825 proced.
2102 5755 2420 5828 ὰγεννησια,
2466 5757 2741 5828 γέννησις,
2787 5755 3133 5828 Ξκπόρευσις.
