4098 6456
446 313 578 381 131⁸7

1476 318 1766 381 ORATIO
1805 315 1854 380 1.
1891 341 1953 355 —
1984 313 2083 376 DE
2124 313 2227 374 ss.
2267 312 2715 397 TBINITATE.

3589 313 3724 381 1318

437 431 575 502 quid
605 428 747 484 infra
767 428 1099 486 Trinitatem
1131 428 1486 501 intelligere;
1525 429 1802 499 siquidem
1883 423 2030 496 quod
2063 430 2106 483 A
2137 423 2352 488 nitatis,
2389 439 2499 478 una
2539 423 2691 478 enim
2719 430 2835 490 est;
2889 433 2953 478 at-
2971 438 3081 479 non
3119 424 3198 480 sic
3241 434 3328 481 est
3375 438 3630 499 angusta.
3665 440 3728 484 ut

438 523 526 578 inl‘
527 537 584 577 ra
610 520 980 576 substantiam
1003 521 1330 585 collocatur,
1357 535 1544 576 secum
1567 520 1737 575 infert
1759 534 1882 589 quae
1903 526 2032 572 sunt

437 615 691 687 ejusdem
767 615 1117 670 substantiae.
1193 614 1407 669 Idcirco
1465 613 1610 668 nihil
1685 612 1901 667 humile
1964 611 2032 666 de

437 720 552 761 uno
591 705 920 771 sentiamus,
967 718 1038 760 ne
1091 703 1256 758 simul
1311 703 1524 758 humile
1561 701 1864 757 reddamus
1911 701 2036 755 uni-

439 813 698 854 versum:
724 811 837 851 non
864 797 1014 851 enim
1050 795 1265 868 patitur
1301 796 1452 850 Deus
1487 811 1518 851 a
1566 792 2031 852 consubstantiali

437 889 935 960 separari;neque
982 889 1217 960 gloriam
1268 887 1427 943 ducit
1453 886 1701 944 dedecus
1750 888 1894 958 ejus,
1935 886 2032 956 qui

437 998 566 1037 cum
599 982 750 1052 ipso:
783 991 870 1037 est
895 989 1083 1037 autem
1124 980 1371 1037 dedecus
1398 980 1536 1036 illud
1573 979 1811 1052 quando,
1841 988 1898 1034 et
1926 996 2032 1033 non

433 1078 575 1137 erat,
597 1081 655 1126 et
688 1080 950 1137 creatum,
982 1080 1040 1129 et
1073 1088 1139 1126 ea:
1167 1088 1272 1126 non
1307 1072 1714 1128 exsistentibus:
1749 1086 1873 1141 qua:
1901 1079 2032 1126 sunt

436 1163 624 1219 omnia
645 1179 675 1218 a
694 1163 870 1234 gloria
891 1164 988 1220 Dei
1015 1165 1221 1220 aliena.

510 1255 626 1310 XII.
655 1255 762 1322 Qui
811 1255 985 1326 igitur
1033 1268 1283 1312 sanctam
1317 1257 1650 1313 Trinitatem
1699 1258 1874 1313 Deum
1906 1255 2032 1313 esse

437 1349 793 1426 proﬁtemur,
821 1365 1169 1420 quaecunque
1197 1350 1267 1404 de
1305 1351 1420 1406 Deo
1448 1349 1618 1416 dicta,
1645 1351 1854 1405 absona
1877 1357 2028 1416 sunt,

437 1442 583 1496 nihil
637 1457 833 1497 eorum
863 1458 933 1497 ne
955 1442 1268 1513 cogitemus
1304 1443 1554 1513 quidem,
1598 1443 1806 1499 nedum
1841 1443 2031 1513 lingua

437 1536 760 1591 eﬂ‘eramus.
784 1534 924 1590 Cum
955 1545 1194 1592 testatur
1216 1537 1364 1592 Deus
1386 1537 1456 1593 de
1486 1537 1626 1592 Filio
1651 1553 1682 1591 a
1711 1552 1771 1592 se
1819 1537 2029 1607 genito,

435 1624 591 1695 quod
624 1640 688 1678 ea:
712 1633 860 1679 utero
889 1634 1012 1679 ante
1042 1625 1344 1696 Luciferum
1363 1627 1554 1697 genuit
1575 1642 1705 1681 eum
1723 1627 1793 1690 “,
1815 1635 2031 1680 uterum

437 1717 770 1788 intelligein
805 1717 1028 1773 occulto
1052 1718 1396 1774 reconditam
1436 1727 1494 1773 et
1532 1718 1870 1774 ineﬂ‘ahilem
1894 1719 2030 1774 sub-

437 1786 704 1860 stantiam
727 1823 740 1858 :
767 1814 825 1862 et
847 1821 1043 1862 rursus
1076 1822 1203 1861 cum
1225 1807 1363 1862 dicit
1414 1807 1484 1864 de
1528 1808 1745 1879 Spiritu
1807 1818 2027 1875 sancto,
2060 1786 2104 1841 Β

435 1891 672 1964 Spiritus
700 1911 732 1946 α
755 1909 838 1947 me
860 1895 1016 1951 exibit
1047 1895 1122 1961 ’5;
1150 1894 1406 1951 Salvator
1453 1911 1586 1952 vero
1631 1905 1824 1952 noster
1871 1898 2032 1954 Jesus

435 1984 513 2040 de
537 1984 999 2041 consubstantiali
1030 2001 1132 2041 suo
1156 1984 1447 2042 Paracleto
1475 1987 1575 2054 ait,
1608 1989 1756 2060 quod
1781 2007 1846 2044 ex
1867 1990 2033 2045 Patre

434 2077 671 2148 quidem
698 2079 934 2148 procedit
959 2079 1043 2147 ";
1075 2080 1282 2150 accipit
1310 2089 1497 2136 autem
1537 2097 1601 2136 ex
1627 2082 1794 2147 Filio,
1844 2084 2032 2139 omnia

437 2185 566 2238 quae
595 2169 776 2225 Patris
816 2178 947 2226 sunt
982 2172 1048 2235 ⁸⁷,
1086 2172 1191 2227 sibi
1245 2174 1470 2244 propria
1528 2173 1768 2232 faciente
1825 2185 1882 2232 et
1929 2177 2032 2231 ha-

437 2257 608 2315 bente
644 2278 657 2314 :
686 2276 795 2315 una
828 2277 1069 2331 namque
1095 2262 1408 2318 substantia
1450 2273 1556 2329 est,
1590 2274 1647 2320 et
1699 2267 1868 2322 unius
1897 2269 2033 2324 sub-

436 2351 660 2407 stantia:
689 2351 1007 2405 communia
1037 2353 1258 2419 omnia;
1307 2357 1620 2410 communis
1674 2373 1810 2412 vero
1863 2359 2030 2413 etiam

438 2443 750 2497 substantia
778 2460 791 2496 :
823 2443 1097 2498 naturalis
1117 2444 1265 2498 enim
1289 2454 1374 2501 εει
1398 2445 1710 2502 habitudo:
1737 2458 1932 2519 etquae
1961 2450 2030 2505 ad

439 2530 655 2603 aliquid
710 2533 901 2603 aliquo
959 2535 1123 2590 modo
1154 2551 1214 2591 se
1243 2537 1495 2604 habent,
1533 2555 1724 2594 secum
1779 2541 2032 2601 inferunt

441 2627 552 2680 alia
580 2626 646 2680 ad
676 2641 798 2696 quae
819 2629 1144 2683 naturaliter
1175 2629 1386 2684 habent
1411 2631 1829 2689 habitudinem:
1862 2635 2033 2692 infert

438 2734 576 2790 ergo
627 2735 818 2776 secum
853 2721 1017 2776 Pater
1062 2721 1298 2789 Filium,
1353 2733 1412 2780 et
1461 2724 1634 2780 Filius
1672 2727 1914 2794 Patrem,
1975 2736 2032 2785 et

437 2813 584 2866 alter
640 2812 764 2868 sine
798 2813 976 2868 altero
1015 2812 1255 2886 intelligi
1308 2831 1420 2870 non
1475 2825 1690 2886 potest:
1742 2818 1848 2872 nisi
1880 2819 2030 2874 enim

438 2905 617 2962 Filius
658 2905 752 2972 sit,
788 2906 1014 2976 penitus
1042 2907 1208 2961 Pater
1243 2921 1357 2962 non
1388 2909 1517 2963 erit.
1559 2909 1696 2976 Quis
1739 2911 1888 2966 enim
1925 2912 2034 2968 erit

436 2999 624 3065 Pater,
639 2999 684 3054 si
713 3015 826 3054 non
850 2998 924 3053 sit
950 2997 1161 3053 Filius?
1185 3007 1242 3054 et
1270 3015 1470 3054 rursus
1499 3000 1783 3071 quomodo
1833 3002 2027 3068 Filius,

2137 529 2247 569 una
2304 514 2621 587 hypostasis
2649 514 2964 570 divinitatis
3016 516 3550 575 circumscribatur:
3603 537 3728 592 qua:

2135 622 2246 661 una
2277 607 2504 677 quidem
2539 614 2646 672 est,
2674 615 2737 662 ut
2763 607 3066 675 divinitas;
3098 615 3158 663 ut
3210 618 3395 665 autem
3431 623 3559 666 sunt
3593 628 3726 682 pro-

2135 700 2403 770 prietates
2419 700 2888 756 characteristica:
2900 716 3288 771 personarum,
3309 702 3364 756 id
3382 713 3486 769 est,
3509 704 3730 775 signan-

2137 803 2223 848 tes
2245 808 2535 863 personas,
2563 802 2677 848 tres
2699 801 2859 847 sunt:
2891 801 2979 848 est
3008 793 3156 848 enim
3192 794 3380 859 Pater,
3411 795 3595 859 Pater,
3629 796 3725 866 qui

2135 900 2250 940 non
2283 885 2510 955 quidem
2565 885 2742 941 Filius
2771 894 2879 950 est,
2940 885 3092 941 Deus
3119 902 3253 941 vero
3283 896 3402 942 est:
3455 896 3512 942 et
3554 887 3730 943 Filius

2136 978 2400 1033 similiter
2433 978 2635 1043 Filius,
2665 978 2762 1047 qui
2791 992 2909 1032 non
2941 977 3168 1048 quidem
3204 978 3372 1034 Pater
3431 987 3540 1043 est,
3579 979 3732 1034 Deus

2136 1077 2320 1123 tamen
2347 1076 2433 1123 est
2466 1085 2478 1122 :
2509 1076 2565 1122 et
2597 1067 2840 1137 Spiritus
2863 1076 3090 1123 sanctus
3120 1084 3303 1137 neque
3330 1069 3517 1135 Pater,
3541 1085 3726 1140 neque

2136 1161 2313 1216 Filius
2338 1168 2445 1225 est,
2473 1159 2567 1215 sed
2592 1160 2660 1226 is,
2691 1160 2787 1230 qui
2817 1160 3024 1214 dicitur
3045 1159 3288 1230 Spiritus
3315 1169 3561 1226 sanctus,
3582 1161 3731 1216 Deus

2131 1267 2301 1308 verus
2330 1260 2454 1308 est:
2482 1251 2632 1322 quod
2667 1251 2818 1307 enim
2850 1260 2936 1307 est
2979 1251 3295 1307 substantia
3332 1253 3733 1324 unusquisque

2133 1361 2327 1401 eorum
2353 1346 2448 1416 qui
2506 1345 2642 1401 dicti
2678 1355 2831 1410 sunt,
2870 1347 2976 1400 hoc
3029 1355 3161 1401 sunt
3189 1346 3283 1415 qui
3318 1345 3482 1401 simul
3541 1347 3728 1401 nomi-

2135 1447 2362 1502 nantur,
2388 1447 2444 1494 et
2473 1437 2638 1492 simul
2674 1447 2830 1492 sunt:
2861 1437 3013 1493 circa
3038 1453 3307 1508 personas
3331 1438 3482 1493 enim
3506 1447 3594 1493 est
3611 1438 3722 1493 diro

2134 1529 2390 1595 ferentia,
2413 1545 2525 1583 non
2559 1529 2708 1583 circa
2741 1529 3132 1585 substantiam.

2206 1622 2350 1679 Xlll.
2383 1623 2542 1689 Quod
2599 1637 2733 1692 ergo
2778 1631 2867 1678 est
2901 1622 3064 1678 Pater
3103 1623 3198 1693 qui
3231 1623 3446 1694 genuit,
3483 1622 3594 1678 hoc
3639 1630 3733 1679 est

2136 1715 2313 1770 Filius
2339 1714 2586 1786 genitus,
2628 1713 2885 1783 quamvis
2933 1729 3046 1768 non
3097 1715 3322 1785 genuit:
3360 1712 3639 1784 siquidem
3670 1723 3728 1770 et

2135 1810 2227 1866 ille
2243 1825 2357 1865 non
2382 1808 2625 1880 genitus,
2656 1807 2753 1879 qui
2781 1808 3011 1879 genuit:
3053 1807 3200 1877 quod
3231 1815 3319 1862 est
3350 1809 3590 1886 genitus,
3619 1807 3732 1864 hoc

2133 1911 2218 1957 est
2243 1902 2360 1972 ipse
2379 1901 2623 1971 genitor,
2652 1898 2964 1955 secundum
2993 1898 3386 1954 substantiam.
3443 1898 3720 1954 Similiter

2134 1994 2381 2065 Spiritus
2403 2002 2652 2058 sanctus,
2683 1992 2780 2063 qui
2824 2007 3020 2062 neque.
3037 1991 3256 2062 genuit,
3289 2007 3472 2061 neque
3499 1991 3734 2062 genitus.

2132 2095 2240 2154 est,
2267 2086 2578 2142 secundum
2615 2093 2873 2140 naturam
2926 2084 3035 2138 hoc
3086 2083 3267 2154 ipsum
3307 2093 3416 2150 est,
3447 2083 3594 2154 quod
3628 2082 3731 2152 qui.

2132 2180 2348 2250 genuit,
2385 2185 2443 2233 et
2477 2177 2570 2248 qui
2603 2178 2826 2248 genitus
2845 2184 2967 2232 est:
3007 2176 3396 2246 unusquisque
3422 2175 3571 2230 enim
3596 2189 3724 2228 cum

2132 2269 2408 2343 ejusdem,
2443 2279 2502 2324 et
2525 2269 2712 2330 unius,
2739 2283 2805 2322 ac
2840 2267 3037 2332 solius,
3071 2268 3337 2321 iacreataa
3377 2275 3591 2319 naturae
3617 2264 3731 2328 sit;

2133 2362 2345 2435 proprii
2373 2361 2546 2426 modi,
2571 2371 2633 2415 ut
2658 2361 2733 2415 ita
2760 2359 2940 2415 dicam
2958 2405 2975 2434 ,
2995 2358 3394 2429 proprietatem
3429 2357 3732 2412 characte-

2135 2457 2382 2512 risticam
2418 2443 2732 2525 personalis
2769 2451 3090 2524 hypostasis
3123 2451 3359 2506 sertitus
3385 2459 3490 2505 est.
3535 2449 3733 2528 Pater,

2132 2547 2468 2617 ingenitum;
2491 2542 2688 2605 Filius,
2730 2543 2998 2612 genitum;
3030 2539 3278 2611 Spiritus
3318 2549 3563 2605 sanctus,
3594 2555 3723 2609 pro-

2133 2639 2458 2702 cessionem;
2493 2642 2550 2689 ει
2579 2649 2693 2688 non
2717 2632 2859 2686 ﬁunt
2895 2632 3014 2686 hazc
3042 2630 3381 2692 communia,
3404 2630 3549 2684 sicut
3575 2644 3728 2683 com-

2134 2744 2360 2785 munem
2391 2727 2762 2784 substantiam
2779 2725 3047 2781 dicimus:
3097 2741 3209 2779 non
3242 2723 3392 2778 enim
3432 2723 3733 2793 proprium.

2134 2823 2193 2878 in
2221 2835 2521 2877 commune
2571 2819 2801 2886 transit;
2862 2817 3072 2888 alioqui
3104 2817 3387 2888 quomodo
3428 2815 3722 2886 preprium

2135 2914 2320 2970 esset?
2345 2921 2402 2969 et
2453 2911 2606 2982 quod
2647 2925 2947 2967 commune
2977 2909 3229 2964 omnium
3272 2917 3380 2973 est,
3439 2907 3736 2978 quomodo

2136 3007 2430 3077 pr0prium
2467 3005 2706 3075 alicujus
2736 3018 2982 3074 unquam
3013 3003 3166 3059 erit?
3203 3002 3352 3058 sicut
3394 3002 3546 3057 enim
3601 3002 3730 3056 risi-

435 3093 486 3149 si
521 3109 630 3149 non
660 3093 735 3149 sit
763 3093 965 3150 Pater?
1007 3093 1320 3149 sicutenim
1343 3094 1468 3161 hoc,
1500 3096 1581 3150 sic
1604 3095 1766 3154 illud.
1785 3097 2028 3153 Verbum
2059 3127 2104 3188 ο
2139 3101 2260 3164 bile,
2291 3100 2454 3156 verbi
2485 3099 2690 3171 gratia,
2736 3113 2848 3152 non
2909 3105 2995 3152 est
3044 3097 3335 3167 proprium
3389 3094 3730 3168 cujuspiam,

435 3194 630 3244 autem
679 3203 807 3243 cum
842 3187 914 3242 sit
957 3186 1170 3254 Filius,
1223 3202 1417 3243 secum
1467 3187 1634 3243 simul
1685 3188 2032 3246 demonstrat

440 3280 751 3350 Spiritum;
787 3279 1030 3335 Verbum
1063 3280 1211 3334 enim
1242 3294 1356 3335 non
1400 3289 1487 3336 est
1513 3281 1726 3353 absque
1781 3281 2029 3354 Spiritu;

437 3385 626 3439 neque
653 3384 813 3425 mens
835 3368 1046 3438 absque
1092 3367 1320 3424 Verbo:
1381 3379 1623 3425 mentem
1661 3380 1846 3426 autem
1889 3373 2033 3428 dici-

439 3479 569 3518 mus
594 3463 813 3518 Patrem
836 3460 1039 3528 Verbi;
1068 3468 1314 3516 mentem
1345 3459 1497 3524 dico,
1531 3461 1586 3516 in
1618 3477 1727 3531 qua
1758 3462 2032 3529 Verbum,

442 3571 575 3613 cum
614 3571 725 3626 quo
751 3554 998 3626 Spiritus
1017 3561 1265 3620 sanctus,
1295 3552 1393 3623 qui
1415 3554 1638 3623 spiritus
1665 3556 1772 3609 oris
1803 3553 1903 3609 Dei
1931 3571 2033 3610 vo-

441 3658 606 3704 catur
637 3649 718 3714 ";
753 3663 818 3703 os
843 3662 1084 3716 namque
1108 3645 1292 3701 Patris
1315 3644 1489 3700 Filius
1533 3655 1640 3702 est.
1699 3646 1880 3714 Quare
1927 3663 2032 3702 ne—

443 3739 695 3797 cessario
727 3753 999 3794 numerus
1047 3737 1343 3792 Trinitatis
1376 3736 1432 3792 in
1481 3733 1671 3792 divina
1709 3747 1911 3794 natura
1939 3753 2034 3795 ac-

442 3832 656 3903 cipitur
683 3831 751 3887 ad
787 3829 1329 3885 demonstrationem
1353 3844 1744 3899 personarum,
1781 3831 1878 3900 qui
1932 3847 2056 3903 nu-j

445 3938 641 3978 merus
669 3919 1058 3976 habitudinem
1084 3935 1276 3974 earum
1322 3920 1743 3975 substantialem
1803 3930 1860 3977 et
1899 3921 2034 3977 sub-

445 4015 669 4071 slantiaa
702 4023 1039 4070 comternam
1072 4012 1341 4068 ostendit.
1376 4012 1706 4068 Trinitatem
1739 4029 1874 4070 vero
1896 4015 2036 4070 dici-

445 4123 576 4164 mus
611 4123 720 4162 non
755 4104 1060 4161 secundum
1085 4105 1544 4174 compositionem
1580 4106 1855 4162 unitatum
1886 4123 2036 4162 com-

445 4199 710 4271 positam,
723 4207 781 4252 et
794 4196 1242 4268 progredientem
1259 4196 1328 4250 ab
1343 4197 1556 4251 unitate
1578 4196 1646 4251 ad
1665 4197 1994 4253 Trinitatem
2017 4215 2031 4252 :

446 4290 731 4348 antecedit
793 4289 945 4345 enim
992 4287 1314 4358 hujusmodi
1354 4288 1684 4343 Trinitatem
1742 4289 1947 4356 unitas,
1979 4298 2037 4345 et

447 4382 484 4436 d
497 4383 721 4448 ualitas;
739 4389 796 4436 et
811 4395 1010 4436 rursus
1031 4381 1284 4450 sequitur
1295 4381 1662 4450 quaternitas,
1679 4381 2031 4452 etdeinceps.

2136 3203 2224 3250 est
2258 3194 2408 3250 enim
2440 3193 2691 3248 omnium
2716 3209 2729 3245 :
2752 3191 2836 3247 sic
2864 3206 2976 3246 non
2995 3199 3081 3245 est
3109 3189 3359 3244 omnium
3397 3191 3613 3253 simum,
3633 3196 3732 3244 aut

2139 3287 2430 3349 aduncum,
2459 3283 2557 3338 sed
2592 3281 2761 3337 unius
2783 3288 2914 3336 sunt
2941 3279 3108 3334 talia:
3151 3287 3210 3334 at
3243 3279 3500 3348 exempla
3531 3275 3731 3349 imagi-

2135 3375 2226 3430 nis
2257 3373 2482 3444 indigna
2513 3380 2664 3439 sunt,
2715 3371 2928 3437 fateor;
2974 3371 3228 3440 exempla
3267 3378 3450 3424 tamen
3501 3377 3632 3423 sunt
3658 3367 3734 3425 ad

2135 3465 2555 3528 declarandum,
2585 3463 2740 3518 nullo
2777 3461 2945 3516 modo
2981 3461 3102 3516 ﬁeri
3140 3475 3328 3531 posse,
3357 3467 3419 3514 ut
3441 3474 3565 3528 quae
3596 3474 3737 3528 pro.

2135 3559 2259 3632 prie
2298 3556 2471 3613 alicui
2495 3557 2708 3620 insunt,
2772 3563 2987 3610 natura
3046 3553 3416 3608 mutationem
3461 3551 3732 3606 cﬂieiant.

2133 3649 2274 3706 Cum
2315 3646 2466 3702 enim
2511 3644 2846 3710 communis,
2909 3652 2972 3699 ut
3015 3643 3152 3708 dixi,
3197 3642 3270 3698 sit
3297 3643 3614 3699 substantia
3668 3643 3729 3697 in

2136 3749 2324 3814 sancta
2381 3736 2679 3803 Trinitate,
2725 3735 3016 3806 proprium
3067 3734 3212 3814 quod
3271 3733 3418 3790 inest
3451 3735 3731 3804 personis,

2137 3811 2470 3906 hypostases
2506 3829 2842 3898 distinguit:
2907 3811 3113 3898 estque.
3141 3827 3318 3882 solius
3363 3827 3543 3881 Patris
3597 3841 3731 3896 pro-

2137 3927 2349 3998 prium,
2377 3921 2720 3994 ingenitum;
2749 3918 2898 3985 Filii,
2932 3921 3208 3992 genitum;
3244 3919 3487 3990 Spiritus
3548 3919 3728 3975 sancti

2137 4019 2460 4091 procedens:
2496 4029 2602 4070 nec
2636 4020 2864 4084 oportet
2895 4013 2951 4067 in
3007 4013 3232 4082 propria
3277 4012 3386 4067 ista
3420 4013 3728 4077 intuentes,

2118 4109 2510 4167 'diﬂ'erentiam
2542 4121 2765 4176 quoque
2792 4103 3120 4160 substantiae
3145 4118 3398 4174 quaerere
3422 4121 3437 4158 :
3492 4104 3732 4173 impium

2137 4204 2287 4261 enim
2324 4208 2410 4256 est
2435 4199 2602 4255 simul
2625 4207 2682 4254 et
2715 4198 2947 4253 stultum
2972 4197 3092 4252 haec
3113 4196 3420 4267 suspicari:
3450 4196 3545 4266 qui
3575 4195 3728 4250 enim

2111 4285 2246 4349 ~hoc
2274 4299 2434 4363 putat
2459 4305 2658 4346 verum
2691 4305 2836 4354 esse,
2876 4297 2936 4344 et
2988 4288 3154 4344 simul
3184 4303 3310 4343 cum
3361 4286 3730 4357 proprietati-

2137 4382 2246 4438 bus
2269 4378 2652 4451 singularibus
2673 4389 2697 4417 ε
2714 4378 3084 4434 substantiam
3116 4385 3327 4443 mutat;
3352 4384 3512 4446 putet
3537 4377 3727 4439 etiam,

449 4475 710 4531 Sanctam
764 4488 902 4530 vero
929 4473 1256 4527 Trinitatem
1289 4489 1402 4528 non
1449 4473 1787 4528 antecedunt
1833 4474 2038 4540 unitas,
2071 4479 2119 4538 Ι)
2148 4485 2210 4529 ιιι
2241 4485 2591 4541 consequens
2629 4478 2733 4535 est,
2768 4469 2944 4525 Adam
2989 4480 3045 4525 et
3106 4469 3278 4524 Evam
3322 4477 3380 4523 et
3425 4466 3562 4522 Abel
3615 4483 3730 4523 non

447 4565 540 4621 vel
574 4565 836 4630 dualitas,
867 4578 1053 4635 neque
1091 4562 1348 4632 sequitur
1382 4563 1747 4633 quaternitas,
1789 4571 1846 4618 et
1873 4564 2034 4619 dein-

449 4670 614 4725 ceps;
650 4661 849 4709 natura
877 4654 1026 4709 enim
1044 4661 1131 4708 est
1153 4652 1399 4708 Trinitas
1412 4652 1633 4724 Semper
1645 4654 1844 4709 eodem
1868 4656 2038 4711 modo

450 4761 514 4801 se
547 4745 783 4810 habens,
821 4760 1005 4816 neque
1031 4744 1319 4813 deﬁciens,
1366 4761 1471 4800 nec
1509 4746 1826 4802 abundans:
1864 4747 2040 4819 siqui-

450 4838 581 4893 dem
610 4837 668 4893 in
697 4838 913 4892 unitate
955 4835 1286 4892 Trinitatem
1329 4837 1805 4908 contemplamur;
1868 4847 1927 4894 et
1980 4839 2036 4895 in

452 4928 730 4984 Trinitate
757 4929 1060 4983 unitatem:
1113 4942 1240 4982 cum
1288 4927 1440 4981 enim
1471 4925 1838 4982 substantiam
1871 4926 2036 4983 intel-

452 5020 703 5091 ligimus,
732 5020 1042 5090 simplicem
1071 5020 1350 5074 unitatem
1393 5019 1875 5089 contemplamur;
1909 5034 2034 5074 cum

454 5126 593 5166 vero
646 5111 997 5182 hypostascs,
1046 5109 1377 5165 Trinitatem
1431 5109 1799 5180 proﬁtemur:
1862 5126 2039 5181 usque

456 5202 527 5259 ad
563 5203 738 5259 solam
801 5203 952 5259 enim
984 5203 1315 5257 Trinitatem
1363 5219 1729 5273 personarum
1776 5203 2042 5259 dilatatur

453 5297 645 5354 unitas
669 5294 1029 5351 substantiae:
1065 5297 1172 5350 etsi
1214 5295 1364 5350 enim
1395 5305 1481 5352 est
1509 5312 1618 5351 una
1663 5305 1859 5351 natura
1892 5298 2042 5353 divi-

2135 4581 2262 4624 esse
2323 4563 2573 4636 ejusdem
2616 4561 2984 4616 substantiae:
3025 4561 3157 4630 quia
3204 4559 3378 4614 Adam
3414 4566 3498 4613 est
3529 4559 3734 4612 forma-

2138 4668 2232 4715 tus
2258 4657 2278 4697 ί
2302 4675 2316 4725 ;
2340 4657 2452 4712 Eva
2481 4653 2724 4708 abscissa
2745 4669 2760 4718 ;
2781 4651 2918 4706 Abel
2947 4652 3197 4722 genitus:
3224 4659 3282 4704 et
3305 4649 3478 4704 Adam
3503 4647 3729 4718 quidem

2137 4760 2320 4822 pater,
2344 4749 2459 4804 Eva
2483 4761 2617 4802 vero
2673 4752 2874 4809 mater,
2923 4742 3061 4797 Abel
3088 4752 3276 4797 autem
3315 4741 3494 4795 lilius:
3535 4755 3733 4797 omnes

2139 4851 2321 4898 tamen
2343 4839 2602 4896 homines
2638 4835 2947 4892 secundum
2977 4834 3350 4890 substantiam
3397 4832 3538 4886 nihil
3582 4831 3736 4887 inter

2138 4949 2199 4990 se
2239 4931 2584 4995 differentes,
2611 4926 2829 4982 tametsi
2864 4925 3036 4981 Adam
3067 4939 3175 4979 non
3199 4931 3285 4979 est
3313 4922 3643 4976 naturaliter
3659 4938 3728 4978 ex

2135 5021 2488 5095 parentibus,
2544 5018 2642 5074 sed
2676 5018 2948 5072 formatus
2995 5023 3081 5071 est
3126 5013 3225 5070 Dei
3288 5012 3582 5078 manibus;
3613 5012 3728 5067 Eva

2136 5131 2266 5186 pars
2297 5121 2384 5168 est
2415 5109 2660 5174 formati,
2698 5124 2766 5164 ex
2795 5109 2918 5163 viro
2950 5107 3223 5173 abscissa;
3258 5104 3395 5160 Abel
3425 5111 3609 5160 autem
3658 5118 3727 5159 ex

2139 5207 2384 5263 formato
2413 5214 2470 5259 ει
2520 5201 2771 5258 abscissa
2809 5201 3147 5256 naturaliter
3192 5207 3377 5254 ortum
3434 5197 3602 5268 cepit,
3659 5213 3727 5252 ex

2139 5298 2470 5371 parentibus
2500 5295 2754 5367 genitus:
2790 5310 2902 5349 non
2934 5293 3081 5349 enim
3104 5290 3396 5362 multiplex
3433 5289 3728 5361 productio

529 5442 578 5478 “
612 5445 755 5502 Psal.
796 5462 904 5514 cui,
933 5447 986 5502 5.
1068 5447 1113 5478 ’⁵
1145 5445 1231 5502 Isa
1264 5461 1391 5512 Lvu,
1423 5445 1510 5502 l6.
1585 5447 1632 5477 “
1663 5447 1822 5505 Joan.
1864 5463 1956 5513 xv,
1977 5447 2069 5502 26.
2149 5449 2193 5478 ’⁷
2214 5447 2372 5504 Joan.
2401 5462 2512 5513 xw,
2559 5446 2642 5500 ﬂ.
2714 5443 2758 5475 ⁸⁸
2788 5443 2936 5500 Psal.
2963 5459 3129 5509 xxx",
3169 5441 3223 5498 6.

1759 5601 1995 5657 VARUE
2035 5601 2442 5658 LECTIONES.

455 5717 485 5756 ά
520 5713 825 5782 Signiﬁcat.
853 5731 963 5770 non
988 5731 1109 5772 esse
1128 5712 1457 5770 Trinitatem
1483 5712 1539 5768 in
1570 5728 1770 5785 genere
1801 5712 2146 5785 substantias,
2173 5710 2267 5765 sed
2304 5699 2472 5785 supra
2498 5707 2888 5785 substantiam,
2918 5725 3042 5779 quae
3067 5720 3152 5766 est
3183 5708 3236 5766 in
3272 5709 3722 5782 przedicamento.

464 5779 682 5858 "Prop.
715 5789 852 5857 sing.
893 5787 1245 5859 μονοτρόποις
1283 5779 1596 5856 ἰδιώμασιδ
1652 5786 1672 5826 ι
1706 5783 1884 5837 Form.
1921 5783 2061 5838 abst.
2099 5799 2218 5852 gen.
2259 5782 2506 5850 πλάσμα,
2546 5779 2762 5849 τμῆμα,
2816 5781 3082 5852 γέννημα.
