4098 6468
457 233 593 298 1319
1590 231 1651 291 S.
1692 228 2050 292 ANASTASI

2161 226 2634 289 ANTIOCIIENI
3631 228 3766 296 1320

451 357 508 401 et
531 343 766 398 variatio
784 358 892 412 qua
914 341 1268 405 exstiterunt,
1291 348 1550 394 naturam
1567 339 2048 406 variavit.Quare,
2080 342 2122 397 Α
2153 337 2321 391 simul
2351 353 2541 393 secum
2584 337 2784 404 inl‘ert;
2826 345 2884 392 et
2925 337 3228 404 sublatum,
3286 337 3554 394 alterum
3604 341 3769 395 simul

451 447 516 491 ut
543 449 688 506 sape
719 434 985 496 diximus,
1022 432 1339 504 preprietas
1359 431 1508 486 circa
1539 431 1910 486 substantiam
1935 445 2045 484 non

451 527 618 583 simul
671 535 852 589 mutat
889 515 1285 591 substantiam,
1343 538 1528 594 neque
1588 523 1824 587 scindit;
1857 531 2048 576 manet

449 619 601 674 enim
625 616 845 687 integra
881 617 906 656 3
931 615 990 670 in
1021 614 1236 670 sortitis
1261 613 1645 668 exsistentiam
1671 611 2046 677 dill'erentem,

450 717 508 764 et
535 717 650 764 tota
686 717 775 768 est
823 708 945 763 sine
983 707 1235 762 sectione
1271 713 1329 760 et
1361 704 1641 760 divisione
1695 703 1752 758 in
1786 697 2045 774 singulis,

451 816 567 855 non
605 799 755 855 facta
774 797 1000 868 propria
1043 797 1356 854 secundum
1408 795 1836 865 proprietatem.
1877 793 2052 849 «Om-

452 893 542 948 nis
570 893 723 948 enim
749 891 918 945 homo
981 891 1150 945 homo
1190 896 1298 954 est,
1349 896 1522 943 totam
1571 885 1938 942 substantiam
1991 885 2051 940 in

453 985 660 1054 seipse
689 983 910 1038 habens
936 981 1352 1051 impartibilem.
1383 999 1400 1032 ι
1437 980 1499 1034 In
1539 979 1831 1034 divinitate
1856 978 2048 1049 igitur,

455 1075 604 1145 quod
637 1075 847 1129 dicitur
867 1088 989 1127 esse
1014 1071 1324 1128 secundum
1348 1068 1718 1126 substantiam
1749 1068 1797 1124 is
1827 1083 1898 1124 ex
1914 1083 2049 1138 quo,

455 1165 513 1220 id
545 1173 654 1227 est,
696 1166 844 1219 Deus
867 1165 1066 1228 Pater;
1107 1163 1214 1218 hoc
1245 1161 1511 1216 dicuntur
1545 1175 1670 1216 esse
1705 1160 1821 1230 qui'
1853 1175 1922 1215 ex
1959 1173 2048 1226 eo,

457 1257 513 1312 id
540 1265 646 1323 est,
679 1257 856 1311 Filius
877 1262 935 1310 et
960 1255 1205 1324 Spiritus
1229 1261 1492 1309 sanctus:
1531 1252 1628 1308 ubi
1666 1251 1816 1308 enim
1833 1267 1945 1306 non
1964 1258 2052 1307 est

457 1350 718 1420 qualitas,
755 1349 842 1403 vel
866 1347 1174 1417 quantitas,
1207 1346 1296 1400 vel
1325 1354 1564 1415 tempus,
1609 1343 1698 1399 vel
1751 1343 1937 1410 locus;
1961 1343 2050 1398 vel

457 1443 630 1508 situs,
655 1439 804 1494 unde
837 1439 946 1494 erit
975 1438 1295 1493 differentia
1326 1425 1658 1492 substantia
1685 1434 2050 1506 impartibilis

458 1531 766 1588 secundum
836 1538 1134 1594 naturam,
1193 1528 1343 1584 unde
1391 1528 1662 1583 exsistent
1718 1525 2050 1582 substantia

457 1622 868 1694 particulares?
893 1631 949 1676 et
978 1621 1027 1676 si
1066 1635 1194 1691 pars
1233 1619 1560 1675 substantia
1615 1626 1721 1681 est,
1769 1617 2048 1688 quomodo

2151 441 2342 481 secum
2375 425 2581 481 aufert.
2642 424 2701 480 Si
2755 424 2908 480 enim
2980 425 3324 496 cogitatione
3373 440 3562 496 neges
3610 425 3766 491 Abel.

2149 520 2316 576 simul
2334 519 2546 591 negasti
2565 529 2779 590 patrem
2801 519 2924 588 ejus
2942 533 3063 573 esse
3085 518 3278 572 Adam.
3302 517 3437 573 Hoc
3461 518 3620 573 enim
3643 519 3770 574 sub-

2149 612 2354 668 stantia
2375 612 2496 683 ejus
2527 612 2774 667 nominis
2789 617 2846 666 et
2871 626 2982 666 non
3002 611 3275 666 habitudo
3290 610 3376 667 ‘ad
3411 609 3601 666 aliud.
3621 611 3769 668 Idem

2149 703 2324 776 igitur
2356 710 2676 774 repetentes
2706 701 2958 758 dicemus
2987 718 3156 757 unum
3183 718 3310 758 esse
3359 703 3580 767 Deum,
3607 719 3772 772 quem

2151 796 2211 851 in
2243 795 2426 851 tribus
2445 795 2702 866 personis
2729 795 3176 864 contemplamur
3195 812 3210 848 :
3231 794 3419 864 idque
3447 809 3584 850 cum
3612 795 3772 864 plane

2149 889 2320 944 sciret
2341 887 2558 960 Moyses
2585 887 2838 942 omnium
2868 887 3269 957 prophetarum
3289 885 3769 956 antiquissimus:

2149 981 2312 1046 Audi,
2343 980 2548 1052 inquit,
2577 977 2792 1035 Israel:
2817 977 3078 1033 Dominus
3099 977 3264 1046 Deus,
3313 977 3603 1033 Dominus
3640 995 3772 1035 unus

2151 1080 2232 1127 est
2269 1059 2338 1127 ³⁸.

2221 1161 2364 1220 XVI.
2392 1160 2472 1218 Ac
2496 1177 2609 1218 non
2645 1162 2829 1218 solum
2859 1163 3096 1234 Moyses,
3137 1162 3236 1218 sed
3293 1177 3515 1219 omnes
3572 1179 3770 1222 conse-

2150 1252 2266 1309 cuti
2292 1253 2558 1324 theologi,
2619 1252 2852 1322 spiritus
2877 1252 3177 1323 theologici
3205 1251 3572 1322 _participes
3619 1253 3769 1322 facti,

2149 1345 2504 1401 divinitatem
2533 1343 2702 1398 trium
2721 1357 3086 1415 personarum
3113 1343 3371 1414 perfecte
3396 1345 3769 1416 contemplati

2150 1447 2304 1502 sunt,
2342 1436 2770 1506 doctrinamque
2801 1452 2998 1508 puram
3033 1445 3093 1492 et
3121 1437 3414 1492 sinceram
3461 1439 3636 1494 nobis
3665 1447 3773 1494 tra-

2150 1529 2418 1586 diderunt
2447 1528 2746 1598 proﬂtendi
2777 1536 2835 1584 et
2859 1528 3184 1586 celebrandi
3213 1529 3518 1586 unitatem
3573 1531 3631 1587 in
3653 1531 3772 1588 Tri-

2150 1621 2348 1686 nitate,
2380 1629 2437 1676 et
2472 1620 2809 1678 Trinitatem
2839 1622 2898 1676 in
2957 1621 3196 1688 unitate,
3243 1637 3380 1677 cum
3448 1623 3770 1680 admirabili

458 1717 634 1771 Filius
660 1715 718 1769 in
767 1729 828 1770 se
861 1715 986 1784 ipso
1021 1714 1243 1767 Patrem
1298 1711 1678 1776 demonstrat,
1711 1708 2048 1780 quandoque
2077 1702 2124 1766 Β
2152 1715 2358 1769 unione
2386 1720 2447 1768 et
2471 1712 2868 1769 distinctione:
2891 1728 2998 1769 nec
3026 1713 3176 1769 enim
3202 1712 3536 1780 distinctio,
3565 1715 3772 1772 aliena-

459 1806 751 1876 inquiens:
783 1805 898 1875 Ego
932 1805 988 1858 in
1007 1803 1193 1868 Patre,
1217 1811 1266 1856 et
1289 1802 1451 1856 Pater
1477 1803 1534 1854 in
1555 1817 1638 1855 me
1661 1809 1739 1855 est
1760 1803 1808 1833 "
1833 1817 1848 1866 ;
1873 1815 2050 1870 quan-

460 1897 645 1967 doque
676 1897 744 1951 ad
775 1895 1134 1964 Philippum:
1173 1891 1278 1958 Qui
1301 1893 1429 1946 vidit
1449 1908 1551 1956 me,
1595 1891 1722 1946 vidit
1751 1901 1799 1946 et
1831 1890 2052 1946 Patrem

459 2004 636 2042 meum
660 1987 736 2054 '°;
769 1987 839 2040 Et
862 1999 1058 2039 rursus
1081 2000 1094 2037 :
1129 1983 1244 2054 Ego
1271 1990 1321 2036 et
1350 1982 1514 2036 Pater
1539 1997 1704 2036 unum
1755 1997 1940 2052 sumus
1964 1981 2005 2012 "
2029 1981 2054 2035 ?

459 2079 560 2134 Est
589 2094 722 2146 ergo
757 2077 933 2133 Filius
959 2091 1028 2131 ex
1051 2075 1236 2138 Patre,
1261 2082 1320 2129 et
1342 2089 1454 2128 non
1476 2087 1606 2142 pars
1654 2073 1810 2143 ejus;
1861 2071 2052 2126 lumen

461 2186 529 2225 ex
552 2169 781 2235 lumine,
803 2177 860 2224 et
885 2183 996 2222 non
1023 2165 1361 2237 particulare
1392 2165 1614 2230 lumen;
1642 2165 1792 2218 Deus
1817 2163 2050 2228 ex-Deo,

462 2273 665 2318 etnon
716 2278 846 2333 pars
879 2259 1192 2316 divinitatis
1239 2259 1326 2312 vel
1380 2255 1730 2313 substantia.
1783 2253 2054 2312 Similiter

463 2353 703 2425 Spiritus
734 2364 980 2408 sanctus.
1017 2351 1085 2406 Et
1115 2358 1200 2406 est
1227 2351 1390 2404 Pater
1414 2365 1579 2405 verus
1596 2349 1772 2415 Deus;
1807 2348 1888 2403 sic
1903 2349 2052 2404 enim

461 2456 622 2499 vocat
649 2444 844 2508 Filius,
879 2449 1011 2497 cum’
1031 2443 1111 2496 ait
1136 2460 1148 2495 :
1183 2442 1249 2496 Ut
1279 2450 1597 2513 cognoscant
1617 2450 1666 2495 te
1683 2440 1855 2495 solum
1871 2455 2053 2495 verum

459 2536 634 2592 Deum
664 2537 744 2602 ³²;
771 2551 830 2591 se
859 2544 1043 2590 autem
1079 2536 1355 2588 ueritatem
1391 2543 1554 2588 vocat
1609 2533 1870 2602 inquiens
1899 2550 1912 2586 :
1943 2533 2054 2604 Ego

461 2647 582 2684 sum
607 2629 802 2683 veritas
831 2629 912 2694 ³⁸;
949 2635 1007 2682 et
1038 2627 1286 2698 Spiritus
1315 2633 1565 2691 sanctus,
1599 2623 1831 2696 Spiritus
1859 2625 2054 2678 uerita-

463 2723 532 2775 tis
565 2720 772 2776 dicitur
807 2721 872 2774 ³⁵.
898 2719 1001 2774 Hic
1033 2727 1220 2773 autem
1248 2733 1317 2772 ex
1359 2718 1521 2771 Patre
1553 2715 1810 2786 procedit
1911 2733 1926 2772 :
1959 2729 2054 2770 ac-

464 2813 600 2884 cipit
633 2821 819 2868 autem
851 2812 1037 2868 omnia
1074 2809 1224 2876 Filii,
1253 2808 1510 2864 habentis
1546 2807 1732 2862 omnia
1767 2807 1950 2863 Patris
1983 2806 2052 2873 ³⁸,

463 2905 532 2961 ad
559 2904 1054 2961 demonstrandum
1071 2901 1498 2958 et'manifestum
1517 2899 1860 2964 faciendum,
1885 2914 2054 2954 unam

465 2997 834 3053 substantiam
861 3012 983 3052 esse
1025 3005 1083 3050 et
1116 2995 1470 3066 accipientis,
1519 3001 1578 3064 et
1605 2994 1726 3064 ejus
1755 3008 1785 3047 a
1815 3007 1927 3062 quo
1953 3006 2048 3047 ac-

466 3087 624 3157 cipit,
688 3097 746 3143 et
775 3087 898 3158 ejus
949 3103 1019 3141 ex
1061 3102 1173 3156 quo
1221 3085 1552 3140 naturaliter
1609 3083 1893 3154 procedit:
1944 3098 2049 3140 nec

464 3181 616 3238 enim
647 3181 922 3252 processit
948 3196 1017 3236 ex
1046 3181 1234 3251 aliquo
1276 3177 1515 3236 diversa
1555 3179 1915 3245 substantia;
1950 3192 2056 3232 nec

466 3277 684 3346 accepit
741 3274 1046 3346 quidquam
1103 3287 1174 3328 ex
1235 3287 1349 3327 non
1411 3269 1902 3326 consubstantiali.
1955 3268 2055 3324 Sin

466 3375 651 3423 autem
709 3366 960 3437 ejusdem
995 3365 1320 3421 substantia
1364 3377 1491 3418 cum
1539 3378 1608 3418 eo
1659 3369 1812 3426 sunt,
1843 3375 1912 3416 ex
1943 3376 2055 3430 quo

466 3461 760 3533 processit,
783 3469 840 3515 et
877 3475 905 3514 a
930 3474 1042 3529 quo
1082 3457 1318 3526 accipit;
1364 3463 1422 3511 et
1455 3454 1535 3510 illi
1571 3453 1888 3510 necessario
1908 3453 2057 3508 inter

467 3568 528 3608 se
551 3561 718 3607 erunt
738 3550 986 3623 ejusdem
1022 3547 1388 3604 substantia:
1425 3547 1520 3616 qui
1539 3545 1690 3601 enim
1713 3545 1898 3600 eidem
1923 3553 2056 3600 sunt

469 3643 996 3710 consubstantiales,
1023 3649 1081 3696 et
1128 3641 1276 3696 inter
1305 3655 1365 3695 se
1395 3649 1586 3705 erunt,
1627 3646 1687 3694 et
1739 3647 1870 3694 sunt
1921 3652 2053 3693 vere

467 3736 716 3808 ejusdem
741 3734 1092 3790 substantia.
1901 3751 1908 3755 ν

534 3826 673 3882 XIV.
705 3825 1080 3894 Quamobrem
1114 3822 1439 3880 necessario
1477 3821 1968 3894 conglorilicantur
1995 3829 2054 3877 et

466 3920 860 3984 coadorantur,
899 3931 1026 3974 cum
1043 3917 1290 3973 Trinitas
1315 3915 1812 3973 consubstantialis
1844 3915 1895 3982 1³;
1927 3929 2052 3984 qua

465 4014 630 4069 simul
663 4012 854 4084 utique
877 4012 1223 4076 nominatur,
1259 4019 1318 4066 et
1339 4010 1412 4065 ad
1437 4007 1918 4080 regenerationem
1948 4006 2050 4062 ba-

465 4107 800 4177 ptizatorum
835 4103 894 4158 in
933 4117 1231 4158 commune
1261 4101 1598 4156 adhibetur:
1663 4097 1871 4154 etenim
1919 4097 2090 4168 quia'

463 4215 529 4254 ex
561 4199 680 4270 ipsa
709 4203 893 4251 ortum
924 4194 1194 4264 cepimus,
1229 4199 1504 4248 vetustate
1536 4190 1721 4246 aﬂecti
1748 4204 1848 4260 per
1875 4188 2049 4259 ipsam

465 4306 828 4346 renovamur:
868 4303 978 4342 non
1029 4286 1182 4342 enim
1239 4283 1310 4339 ad
1372 4283 1549 4338 ullum
1588 4283 1761 4337 alium
1805 4279 2048 4351 pertinet

2153 1806 2232 1860 tio
2251 1812 2310 1862 et
2335 1805 2615 1876 separatio
2627 1812 2743 1871 est;
2781 1820 2887 1860 nec
2909 1805 3068 1872 unio,
3095 1805 3522 1878 conglutinatio
3556 1816 3616 1863 et
3635 1824 3767 1864 con-

2152 1897 2300 1952 fusio
2335 1908 2455 1951 est:
2483 1896 2582 1951 sed
2616 1895 2807 1967 potius
2841 1896 2976 1952 unio
3010 1905 3097 1952 est
3129 1896 3525 1968 simplicitas;
3565 1908 3624 1956 et
3654 1899 3764 1956 dis-

2151 1990 2350 2046 tinctio
2377 1989 2709 2044 admiranda
2737 2004 2754 2044 :
2787 1996 3090 2060 utrumque
3117 1999 3308 2046 autem
3345 1983 3762 2049 Deuquecet.

2151 2081 2294 2148 Quia
2318 2097 2454 2136 vero
2491 2081 2836 2153 hypostasim
2889 2082 3118 2152 quidam
3165 2083 3437 2138 arbitrati
3469 2097 3609 2140 sunt
3646 2101 3764 2142 esse

2152 2183 2408 2229 naturam
2427 2173 2852 2243 particularem,
2899 2183 2956 2230 et
3001 2174 3118 2230 hac
3154 2167 3504 2232 fuit'eorum
3535 2179 3759 2248 opinio;

2153 2265 2462 2322 cavendum
2489 2275 2598 2330 est,
2629 2281 2701 2322 ne
2723 2267 2806 2323 sic
2837 2267 3177 2324 sentiamus:
3215 2285 3334 2326 non
3365 2271 3528 2325 enim
3561 2279 3764 2328 esteo-

2153 2375 2277 2414 rum
2293 2358 2484 2428 0pinio
2513 2359 2756 2423 sincera,
2783 2367 2840 2414 et
2873 2375 2998 2414 cum
3027 2359 3305 2432 theologis
3360 2363 3756 2431 consentiens;

2153 2459 2352 2505 natura
2405 2450 2556 2504 enim
2620 2450 2976 2521 particularis
3029 2453 3408 2523 partitionem
3462 2454 3758 2515 declarat:

2153 2543 2297 2597 nihil
2345 2550 2529 2601 autem
2559 2541 2824 2612 partibile
2860 2543 3026 2598 Deus.
3057 2544 3240 2611 Quare
3256 2559 3373 2600 non
3407 2556 3499 2603 est
3524 2548 3759 2604 dicenda

2155 2648 2395 2702 persona
2421 2640 2624 2688 natura
2648 2633 2943 2704 specialis:
2973 2649 3085 2689 non
3115 2636 3264 2690 enim
3306 2637 3638 2708 hypostasis
3660 2653 3758 2694 na-

2155 2732 2280 2779 tura
2305 2732 2424 2790 est;
2454 2725 2599 2780 sicut
2630 2739 2812 2794 neque
2839 2735 3062 2790 natura,
3113 2727 3440 2799 bypostasis
3470 2729 3592 2786 sive
3631 2747 3756 2802 per-

2155 2828 2324 2870 sona:
2357 2824 2555 2872 natura
2577 2832 2819 2888 namque
2850 2817 3018 2873 unius
3047 2818 3239 2875 forma
3265 2821 3284 2860 ί
3325 2829 3441 2888 est,
3471 2831 3531 2877 et
3554 2822 3754 2894 impar-

2155 2907 2370 2963 tibilis:
2409 2917 2466 2964 et
2489 2909 2722 2964 stultum
2765 2917 2852 2964 est
2891 2918 3081 2980 partes
3115 2927 3375 2982 quarere
3413 2913 3474 2968 in
3509 2891 3776 2985 imparti:

2155 2999 2288 3055 bili:
2319 3001 2756 3072 compositorum
2775 3002 2926 3056 enim
2961 3010 3046 3058 est
3083 3003 3262 3058 scindi
3299 3011 3362 3059 et
3395 3005 3750 3075 partitionem

2157 3107 2378 3163 capere.
2409 3093 2682 3162 Quocirca
2709 3096 2804 3166 qui
2831 3095 2912 3152 sic
2952 3095 3279 3166 opinantur,
3333 3115 3454 3154 non
3494 3099 3748 3154 solumin

2157 3183 2275 3238 hac
2303 3184 2547 3240 absurda
2579 3184 2854 3252 incidunt,
2887 3185 2984 3241 sed
3038 3193 3150 3242 tres
3204 3188 3591 3257 particulares
3621 3188 3748 3243 deos

2156 3275 2480 3331 necessario
2509 3284 2814 3346 reponunt,
2853 3277 3204 3334 sortitionem
3234 3277 3448 3335 divina
3498 3280 3746 3336 substan-

2155 3368 2267 3435 tia,
2324 3369 2437 3424 imo
2494 3369 2938 3425 substantiarum
2969 3369 3025 3425 in
3074 3385 3134 3426 se
3183 3371 3323 3440 ipsis
3371 3372 3664 3429 facientes.
3689 3370 3742 3426 Si

2155 3459 2302 3514 enim
2325 3465 2441 3515 tres
2469 3468 2634 3528 sunt;
2682 3475 2794 3516 non
2817 3467 2903 3516 est
2953 3477 3066 3517 una
3126 3468 3182 3517 et
3227 3462 3496 3533 simplex,
3531 3471 3590 3518 et
3636 3477 3740 3518 non

2155 3551 2482 3622 composita.
2507 3551 2890 3624 Nequaquam,
2925 3553 3182 3624 quamvis
3204 3553 3637 3611 similitudinem
3665 3553 3739 3610 eis

2112 3673 2120 3682 -
2155 3639 2426 3707 tribuant,
2457 3639 2554 3710 qui
2578 3641 2682 3695 ista
2709 3641 2940 3698 audent.
2988 3641 3046 3698 Si
3097 3643 3248 3698 enim
3295 3644 3734 3717 uniuscujusque

2153 3740 2240 3788 est
2273 3741 2473 3787 natura
2493 3733 2741 3802 propria,
2771 3741 2829 3788 et
2865 3749 2976 3788 non
3005 3742 3188 3804 potest
3226 3735 3468 3792 alterius
3497 3737 3736 3808 proprie-

2138 3837 2326 3893 .tatem
2355 3827 2584 3895 subire;
2615 3827 2896 3898 quomodo
2927 3836 3114 3892 erunt,
3145 3831 3434 3900 quomodo
3459 3829 3731 3886 habebunt

2153 3919 2288 3974 illud
2337 3919 2866 3975 consubstantiale:
2928 3919 3390 3992 quandoquidem
3453 3922 3634 3978 simile
3677 3921 3729 3974 in

2153 4007 2428 4064 Trinitate
2466 4008 2677 4075 dicere,
2729 4001 3091 4064 temerarium
3143 4018 3202 4065 et
3253 4007 3725 4068 inconsideratum

2150 4108 2270 4164 est;
2300 4099 2569 4170 quoniam
2616 4098 2801 4154 simile
2827 4099 2916 4154 vel
2949 4101 3240 4170 qualitate,
3279 4103 3372 4162 vel
3426 4103 3725 4174 quantitate

2151 4190 2338 4246 simile
2369 4190 2610 4257 dicitur;
2640 4190 2736 4246 ubi
2761 4198 2950 4246 autem
2971 4191 3113 4246 nihil
3155 4191 3360 4248 horum
3415 4201 3504 4250 est
3567 4192 3721 4264 (Deus

2149 4283 2299 4338 enim
2333 4297 2535 4352 expers
2555 4281 2838 4352 qualitatis
2853 4289 2910 4336 et
2933 4282 3259 4354 quantitatis
3287 4282 3422 4356 est),
3455 4281 3720 4354 quomodo

464 4395 756 4444 renovare,
789 4393 955 4448 quam
989 4376 1056 4432 ad
1093 4391 1221 4430 eum
1249 4373 1346 4445 qui
1382 4375 1442 4428 in
1487 4373 1764 4444 principio
1797 4371 2043 4426 creavit:
2077 4392 2124 4448 υ
2151 4373 2332 4431 simile
2365 4373 2552 4428 locum
2584 4373 2850 4429 habebit?

461 4481 520 4527 et
552 4485 833 4542 nunquam
855 4467 1066 4550 aliquid
1089 4467 1158 4521 ad
1177 4465 1591 4521 renovationcm
1609 4462 1921 4530 vocabitur,
1940 4461 2048 4518 nisi

463 4561 634 4617 fuerit
653 4577 682 4616 a
718 4560 998 4632 principio
1021 4558 1360 4630 productum
1400 4565 1457 4611 et
1485 4555 1794 4612 conditum.

534 4653 648 4710 XV.
712 4655 928 4709 Rursus
973 4666 1106 4722 ergo
1144 4649 1416 4712 dicemus,
1458 4664 1632 4704 unum
1689 4648 1863 4703 Deum
1919 4659 2044 4700 esse

464 4745 814 4809 Trinitatem,
847 4742 1100 4814 quamvis
1132 4739 1524 4796 differentibus
1568 4739 1892 4794 nominibus
1941 4753 2066 4807 ap-v

463 4841 734 4912 pelletur;
771 4852 894 4908 qua
919 4835 1146 4906 quidem
1177 4833 1403 4888 nomina
1429 4848 1542 4888 non
1561 4831 1874 4904 signiﬁcant
1896 4849 2041 4902 esse,

464 4933 560 4988 sed
581 4929 864 5002 quomodo
907 4943 1054 4984 esse.
1100 4926 1217 4982 Nec
1263 4925 1414 4980 enim
1463 4925 1562 4994 qui
1610 4924 1833 4980 Patrem
1879 4925 2042 4994 dixit,

463 5023 831 5078 substantiam
875 5017 1229 5090 signiﬁcavit,
1255 5016 1354 5072 sed
1412 5017 1573 5086 plane
1631 5015 2040 5073 habitudinem.

464 5112 522 5168 Si
553 5122 737 5168 autem
771 5113 932 5166 Pater
953 5109 1224 5164 habitudo
1246 5117 1333 5164 est
1346 5107 1750 5177 signiﬁcando,
1779 5122 2042 5164 necessa-

465 5204 550 5259 rio
576 5205 742 5258 etiam
761 5202 969 5267 Filius;
994 5209 1295 5270 utrumque
1332 5198 1480 5254 enim
1505 5197 1771 5267 positum,
1803 5199 2041 5255 alterum

540 5337 766 5392 “Joan.
821 5336 1054 5402 xiv,10.
1135 5335 1178 5367 ³ο
1217 5333 1355 5389 Ibid.
1411 5333 1464 5388 9.

467 5406 684 5462 “Joan.
711 5409 936 5473 “1,14,
970 5407 1056 5462 l5.
1129 5406 1176 5438 ⁸⁸
1210 5405 1371 5460 Deut.
1424 5420 1500 5470 vi,
1536 5403 1602 5471 4;
1631 5404 1804 5460 Marc.
1827 5406 2029 5470 111,29.

1580 5333 1621 5366 ⁸¹
1659 5335 1821 5389 Joan.
1863 5351 1920 5396 ι,
1985 5334 2078 5390 50.

2219 4465 2383 4521 XVII.
2411 4465 2522 4520 Nos
2543 4480 2676 4536 ergo
2692 4479 2876 4535 neque
2903 4465 3161 4535 similem,
3197 4482 3384 4538 neque
3403 4463 3713 4524 dissimilem

2148 4558 2483 4630 proﬁtemur
2505 4558 2836 4612 Trinitatem
2881 4557 3156 4627 qualitate
3196 4567 3255 4613 et
3283 4558 3596 4629 quantitate
3631 4568 3713 4608 ca-

2147 4659 2402 4716 rentem;
2453 4649 2552 4706 sed
2579 4649 3110 4706 consubstantialem
3140 4659 3198 4707 et
3221 4650 3588 4707 individuam.
3615 4645 3709 4713 Qui

2145 4758 2278 4800 vero
2305 4741 2584 4808 dividunt,
2632 4750 2690 4796 et
2729 4741 2942 4798 faciunt
2969 4757 3136 4797 unam
3173 4751 3310 4810 tres,
3358 4741 3515 4812 impii
3568 4743 3704 4800 sunt.

2144 4841 2202 4889 et
2225 4831 2637 4887 multitudinem
2699 4831 2931 4886 deorum
2971 4831 3356 4896 introducunt,
3403 4840 3462 4888 et
3504 4840 3706 4884 monar-

2145 4925 2330 4980 chiam
2385 4929 2679 4994 respuunt,
2737 4921 2878 4976 nihil
2933 4921 3249 4992 periculum
3297 4919 3582 4978 divisionis
3615 4931 3704 4970 ve.

2146 5015 2280 5070 riti:
2311 5015 2540 5085 partitio
2569 5013 2720 5070 enim
2751 5012 3189 5069 substantiamm
3219 5021 3278 5070 et
3308 5009 3624 5084 adaquatio,
3651 5011 3702 5060 et

2146 5107 2381 5162 variatio
2405 5107 2573 5178 hujus
2605 5105 2936 5161 substantia
2973 5105 3044 5160 ab
3097 5105 3213 5172 illa,
3251 5107 3425 5164 sectio
3486 5111 3568 5160 est
3613 5113 3700 5156 eo-

2147 5207 2295 5254 rum‘
2318 5198 2416 5268 qui
2475 5206 2606 5254 sunt
2653 5197 2818 5252 unius
2862 5206 3097 5252 natura.
3134 5198 3415 5270 Siquidem
3457 5195 3547 5267 qui
3577 5189 3698 5248 dicit

2191 5335 2237 5368 ⁸³
2276 5334 2434 5390 Joan.
2492 5349 2600 5390 xvn
2627 5372 2644 5400 ,
2691 5317 2744 5389 3.
2861 5333 3064 5388 “Joan.
3099 5351 3207 5402 xiv,
3241 5335 3293 5391 ϐ.
3405 5327 3690 5389 “ibid.l7.

1708 5517 1941 5572 VARle
1973 5517 2380 5574 LECTIONES.

539 5617 566 5656 ι
586 5677 604 5682 _
617 5608 844 5682 integra.
889 5609 1166 5682 ἀκέραιος.

467 5677 696 5750 νοειδής.

1266 5610 1296 5657 11
1333 5610 1482 5691 Trin.
1531 5608 1748 5666 consub.
1787 5609 2105 5682 Legendum
2150 5609 2395 5679 videtur,
2449 5608 2594 5666 Trin.
2653 5623 2734 5666 st'r
2763 5610 2980 5667 consub.

3084 5611 3100 5654 ί
3143 5609 3304 5669 Unius
3362 5611 3552 5684 forms.
3599 5617 3690 5681 μο-
