4098 6420
402 287 533 357 1321

1408 275 1694 339 ORATIO
1730 273 1787 336 Ι.
1816 299 1884 310 --
1906 273 2005 337 DE
2047 270 2153 333 SS.
2192 263 2634 329 TRINITATE.

3526 250 3544 314 l
3557 250 3660 316 39.2

400 396 763 461 substantiam
805 393 985 451 Patris
1041 388 1460 462 particularem,
1491 403 1613 458 qua:
1641 400 1752 440 non
1805 383 1983 455 possit
2011 393 2056 447 Α
2086 377 2269 461 inquit
2312 374 2614 435 Dominus,
2683 368 2917 441 proderit
2968 366 3198 433 homini,
3266 365 3308 419 si
3356 366 3662 420 universum

400 511 524 554 esse
550 499 750 548 natura
788 488 936 552 Filii,
979 500 1207 557 prorsus
1266 480 1633 537 substantiam
1686 477 1975 540 variatam,

401 589 515 644 imo
538 579 877 640 substantias
905 576 1076 631 dicit:
1107 572 1386 647 quomodo
1412 565 1840 633 homousion,id
1871 573 1977 630 est,

401 673 878 739 consubstantiale
909 671 967 725 in
1017 665 1407 724 diﬂerentibus
1443 659 1775 718 substantiis
1816 672 1989 728 repe-a

401 768 612 828 rietur?
653 762 862 821 frustra
883 777 1015 834 ergo
1063 757 1389 831 praedicant,
1434 752 1768 809 homousion
1806 749 1982 807 simu-

399 862 582 919 lantes
602 854 878 935 proﬁteri,
912 851 1210 925 quodnon
1255 846 1587 921 proﬁtentur
1629 859 1782 909 vere,
1843 839 1984 895 divi-

400 932 613 1011 dentes
625 948 993 1007 substantiam
1010 941 1221 1003 individ
1231 955 1378 997 uam.
1402 939 1474 996 Et
1493 937 1721 1001 mirum,
1742 933 1853 989 nisi
1879 932 1993 1013 ipsi.

404 1047 597 1111 etiam,
627 1050 690 1113 ut
729 1039 901 1097 verbo
941 1033 1228 1105 Evangelii
1280 1038 1406 1097 utar
1445 1029 1513 1095 ³⁷,
1556 1027 1877 1085 dividantur
1929 1032 1988 1078 et

405 1146 625 1211 partem
654 1149 781 1190 cum
806 1116 1119 1203 hypocritis
1173 1123 1473 1195 accipiant,
1504 1119 1610 1203 qui.
1631 1117 1862 1201 minime
1899 1114 1986 1170 di-

407 1238 612 1285 cuntur
643 1224 904 1298 credere;
961 1220 1093 1292 quin
1130 1217 1317 1289 potius
1346 1222 1540 1271 contra
1596 1226 1710 1265 non
1754 1214 1990 1280 possunt

406 1320 661 1385 credere,
692 1325 958 1391 tanquam
981 1310 1357 1382 caupOnantes
1381 1304 1638 1370 ﬁdem,et
1658 1316 1780 1359 eam
1809 1298 1992 1371 pretio

407 1412 593 1468 inanis
646 1417 702 1464 et
750 1404 1138 1478 praetereuntis
1176 1396 1365 1474 gloriae
1405 1395 1735 1459 vendentes,
1786 1392 1993 1462 quibus

405 1503 680 1560 Dominus
701 1499 855 1571 prius
886 1497 1064 1553 dixit:
1123 1491 1397 1569 Quomodo
1466 1488 1683 1561 potestis
1746 1483 1991 1547 credere,

409 1596 507 1667 qui
522 1590 755 1665 gloriam
793 1590 858 1645 ab
882 1588 1105 1643 invicem
1134 1585 1391 1656 accipitis,
1423 1589 1471 1635 et
1503 1577 1731 1660 gloriam
1754 1627 1763 1631 ,
1784 1588 1902 1644 qua:
1933 1588 1995 1627 ea:

410 1665 524 1741 Deo
553 1684 664 1739 solo
693 1690 791 1749 est,
816 1698 923 1735 non
951 1674 1186 1750 quaeritis
1219 1672 1397 1756 ³³⁸2Ηί,
1414 1671 1647 1753 gloriam
1704 1665 1994 1726 hominum

2082 455 2340 537 mundum
2377 465 2634 527 lucretur,
2659 462 2854 515 animo:
2878 474 3001 514 vero
3030 472 3141 511 suae
3163 455 3539 510 detrimentum
3568 473 3664 526 pa-

2083 561 2288 617 tiatur?
2319 569 2411 615 aut
2466 573 2629 629 quam
2678 554 2827 609 dabit
2885 553 3038 606 homo
3071 550 3538 604 commutationem
3570 566 3666 619 pro

2085 653 2270 706 anima
2298 647 2438 703 sua?
2465 645 2640 702 Veniet
2671 644 2810 699 enim
2839 638 3006 695 Filius
3024 638 3250 693 hominis
3281 638 3337 690 in
3358 636 3530 707 gloria
3554 635 3669 692 Pa-

2085 745 2181 797 tris
2212 743 2316 805 sui,
2367 748 2415 813 et
2471 745 2595 792 tunc
2640 734 2820 788 reddet
2854 730 3137 801 unicuique
3174 728 3464 783 secundum
3505 743 3668 799 opera

2086 852 2185 890 sua
2222 834 2288 890 ".
2351 833 2413 888 In
2475 826 2614 885 illud
2662 841 2795 897 ergo
2840 822 3111 897 judicium
3161 820 3340 876 aciem
3380 819 3669 875 oculorum

2089 925 2287 980 anima:
2314 920 2671 977 intendentes
2704 927 2965 986 tanquam
3009 914 3067 968 in
3114 911 3409 984 quamdam
3469 910 3673 975 facem,

2089 1032 2254 1088 quam
2293 1014 2578 1071 occultare
2623 1010 2769 1066 soliti
2809 1014 2941 1064 sunt
2986 1004 3085 1079 qui
3120 1005 3177 1061 in
3210 1004 3351 1060 mari
3390 1005 3673 1076 navigant,

2091 1111 2245 1164 r‘ecta
2297 1105 2365 1161 ad
2418 1110 2644 1175 portum
2696 1100 2893 1156 salutis
2948 1111 3277 1169 pergemus:
3331 1095 3675 1167 ﬁgemusque

2092 1199 2368 1255 anchoras
2395 1197 2452 1250 in
2503 1193 2631 1249 ﬁdei
2676 1202 2837 1267 petra
2866 1189 3164 1256 immobili,
3213 1188 3357 1244 nihil
3406 1187 3677 1243 facientes

2093 1280 2506 1352 aut‘dicentes,
2564 1287 2633 1342 ad
2666 1286 2893 1359 oculum
2928 1282 3240 1338 servientes
3294 1279 3361 1346 “,
3414 1287 3675 1350 tanquam

2094 1379 2417 1437 hominibus
2443 1381 2665 1451 placere
2709 1377 2969 1441 velimus,
3017 1374 3115 1430 sed
3167 1373 3354 1445 potius
3413 1379 3677 1443 tanquam

2096 1476 2241 1533 servi
2268 1456 2548 1532 Dei‘onini
2572 1466 2856 1544 hypocrisi
2885 1477 2941 1524 ct
2976 1466 3332 1523 simulatione
3353 1464 3547 1536 ejecta,
3580 1464 3680 1519 Pa-

2099 1575 2481 1651 trempatrem
2512 1548 2917 1637 gloriﬁcemus;
2976 1559 3177 1615 Filium
3246 1556 3423 1612 ﬁlium
3479 1556 3681 1611 adore-

2098 1648 2563 1730 mus;‘Spiritum
2602 1663 2858 1711 sanctum
2893 1653 3282 1718 conﬁteantur,
3345 1665 3512 1704 unam
3545 1648 3682 1704 sub-

406 1775 589 1846 magis
617 1788 782 1844 quam
813 1771 910 1826 Dei
931 1745 1201 1835 amantes,
1234 1745 1459 1822 sensum
1486 1748 1776 1834 proprium
1800 1755 1993 1830 gratiae
2022 1768 2065 1824 Β
2094 1756 2351 1812 stantiam
2374 1761 2431 1809 et
2461 1751 2711 1808 diversas
2739 1764 3008 1820 personas
3038 1745 3255 1803 sincere
3289 1752 3678 1818 agnoscentes,

402 1884 581 1925 causa
607 1865 942 1937 largiuntur,
970 1860 1310 1916 redimentcs
1333 1864 1604 1927 tempora,
1649 1861 1706 1908 et
1760 1848 1867 1906 ﬁde
1898 1864 1997 1905 vo-

403 1961 577 2017 latica
602 1940 778 2043 veluti
799 1955 925 2013 talis
956 1954 1216 2019 ludentes
1250 1993 1264 2020 ,
1295 1950 1428 2007 dum
1457 1963 1578 2004 eam
1610 1946 1998 2013 transmutant

408 2053 484 2109 ad
506 2033 849 2108 voluntatem
883 2045 1171 2111 ductoris;
1207 2041 1413 2114 quibus
1451 2040 1652 2096 melius
1689 2046 1812 2095 erat
1851 2033 1999 2119 ferre

410 2141 730 2219 mercedem
756 2154 936 2202 suam,
989 2136 1135 2192 sicut
1166 2135 1237 2190 iis
1265 2134 1361 2205 qui
1395 2140 1525 2188 sunt
1577 2127 1902 2203 bypocritaa,
1938 2133 2002 2180 ut

412 2236 714 2291 videantur
732 2230 1055 2286 hominibus
1072 2226 1328 2300 jejunare
1348 2236 1405 2282 et
1438 2221 1830 2280 misericordes
1852 2233 1998 2297 esse,

412 2337 479 2384 et
529 2342 639 2382 non
706 2337 994 2379 reservare
1053 2318 1159 2377 sibi
1218 2319 1551 2390 supplicium
1601 2323 1659 2372 et
1713 2313 1999 2387 materiam

416 2421 567 2492 ignis
580 2398 1063 2487 inexstinguibilis.
1079 2413 1253 2468 Nemo
1270 2412 1440 2482 igitur
1455 2419 1551 2465 aut
1564 2398 1737 2480 gratia
1752 2405 2000 2469 alterius,

426 2521 530 2568 aut
561 2507 831 2565 voluntati
874 2522 988 2562 suae
1017 2514 1229 2559 morem
1263 2516 1463 2573 gerens
1506 2502 1536 2554 a
1567 2513 1699 2555 sana
1731 2494 2007 2553 sententia

428 2602 699 2667 discedat,
718 2613 904 2669 neque
932 2596 1062 2652 ﬁdei
1082 2594 1444 2652 constitutum
1473 2591 1757 2663 depravet,
1774 2587 1863 2643 vel
1882 2601 2008 2657 pro-

421 2704 552 2767 pter
583 2701 791 2749 motum
826 2687 1110 2761 supplicii,
1141 2674 1231 2747 vel
1254 2693 1483 2756 propter
1522 2682 1704 2737 minas
1738 2677 2006 2749 direptio-

420 2786 516 2841 nis
540 2785 835 2848 bonorum.
861 2768 1004 2853 Quid
1030 2778 1177 2836 enim
1227 2776 1521 2847 diripietur
1547 2790 1648 2846 par
1685 2781 1741 2828 et
1796 2771 2009 2842 aequale

421 2875 591 2933 ﬁdei?
646 2876 759 2931 imo
782 2888 963 2945 neque
1022 2880 1249 2943 propter
1283 2880 1438 2940 Spem
1471 2867 1649 2922 lucri:
1697 2863 1830 2935 quid
1860 2863 2010 2919 enim

419 2966 757 3023 lucrifacere
804 2971 1010 3035 potest,
1042 2962 1138 3033 qui
1168 2965 1441 3034 jacturam
1471 2958 1568 3013 Dei
1623 2955 1794 3012 facit?
1821 2953 2009 3025 Siqui-

421 3060 555 3116 dem
579 3057 877 3114 universus
902 3053 1146 3110 mundus
1169 3048 1374 3125 parvus
1405 3058 1509 3117 est,
1549 3050 1593 3104 si
1618 3064 1744 3128 cum
1774 3047 2012 3102 fabrica-

2097 1857 2154 1905 et
2179 1840 2608 1919 unamquamque
2640 1859 2922 1918 personam
2946 1839 3142 1903 Deum,
3175 1855 3287 1894 non
3340 1844 3523 1894 tamen
3554 1838 3685 1894 sub-

2103 1942 2358 1999 stantiam
2387 1934 3122 2015 particularem‘habentem,
3156 1948 3267 1987 non
3305 1946 3680 1994 communem,

2101 2029 2321 2088 tametsi
2346 2046 2447 2103 per
2479 2044 2538 2085 se
2561 2028 2710 2099 Deus
2748 2025 3074 2082 nominetur
3100 2040 3113 2077 :
3170 2021 3506 2094 particulare
3529 2020 3682 2076 enim

2101 2136 2213 2177 non
2248 2127 2334 2176 est
2348 2119 2682 2184 substantia,
2710 2114 2987 2186 siquidem
3025 2112 3337 2170 substantia
3368 2129 3542 2186 genus
3563 2120 3683 2180 est;

2102 2222 2159 2268 et
2179 2211 2434 2284 generale
2460 2227 2577 2267 non
2600 2216 2687 2265 est
2716 2207 3079 2279 particulare,
3126 2205 3275 2261 sicut
3305 2220 3483 2277 neque
3513 2207 3689 2276 parti-

2106 2305 2293 2360 culare
2322 2302 2580 2373 generale
2601 2304 2686 2359 est
2707 2320 2721 2355 :
2746 2309 2803 2357 et
2833 2300 3089 2372 quamvis
3110 2297 3687 2370 dicaturunaquaaque

2104 2411 2342 2466 persona
2377 2394 2559 2459 Deus;
2591 2410 2702 2449 non
2738 2399 2924 2448 tamen
2953 2382 3217 2447 divinitas
3266 2389 3464 2459 divisa,
3492 2399 3576 2446 est
3606 2390 3694 2445 di-

2080 2488 2330 2552 .vinitas,
2361 2503 2544 2558 neque
2579 2485 2820 2543 ellicitur
2844 2485 3071 2556 propria
3102 2493 3158 2539 et
3189 2484 3546 2555 particularis
3590 2499 3690 2538 na-

2098 2581 2362 2636 turaliter
2419 2580 2725 2636 secundum
2776 2578 3157 2634 diversitatem
3205 2575 3553 2644 substantiae,
3590 2576 3690 2631 sed

2107 2672 2410 2745 perfectam
2445 2679 2500 2726 et
2525 2678 2695 2725 totam
2727 2669 2897 2724 habet
2930 2683 3280 2724 communem
3300 2668 3691 2726 substantiam.

2108 2763 2484 2833 Quamobrem
2529 2771 2644 2818 tres
2694 2761 2960 2817 dicuntur
3019 2773 3076 2816 et
3112 2768 3243 2815 sunt
3295 2775 3460 2827 unus,
3491 2766 3692 2830 utpote

2111 2856 2281 2911 unius
2303 2853 2625 2911 substantiae
2638 2869 2752 2908 non
2766 2851 2959 2908 divisa:
2985 2851 3042 2906 in
3078 2860 3212 2919 tres,
3247 2852 3502 2922 quamvis
3519 2865 3696 2906 unus-

2112 2949 2348 3020 quisque
2377 2933 2477 3018 μέν
2509 2961 2569 3002 se
2626 2946 2981 3017 nominetur;
3012 2958 3116 3000 nec
3150 2951 3394 3000 extensae
3426 2942 3485 2997 in
3508 2943 3697 2998 multi-

2116 3040 2390 3105 tudinem,
2412 3049 2680 3121 cumtres
2701 3040 2847 3094 inter
2871 3053 2932 3094 se
2959 3022 3338 3092 nominanttIr;

424 3161 550 3208 tore
583 3152 704 3223 ejus
733 3147 1087 3243 conferatur:
1120 3161 1225 3201 nec
1270 3145 1449 3229 ipsum
1484 3142 1687 3198 malum
1734 3140 2010 3243 magnitu:
2038 3133 2080 3190 C
2184 3175 2327 3236 XIX.
2363 3134 2545 3242 Quaré
2564 3174 2854 3230 vernam“!
2877 3171 3165 3243 depravat,
3193 3170 3286 3242 qui
3312 3179 3425 3227 "es
3453 3184 3556 3241 pro
3584 3185 3698 3225 uno

424 3244 618 3299 dinem
641 3241 884 3298 auctoris
903 3240 989 3296 sui
1022 3245 1418 3309 repraesentare
1462 3242 1681 3305 potest;
1713 3231 1864 3304 quod
1882 3300 1895 3315 κ
1915 3230 2012 3303 qui

423 3334 699 3399 amiserit,
753 3316 885 3404 quid
918 3330 1157 3402 amplius
1178 3326 1442 3383 habebit?
1472 3325 1606 3396 quid
1648 3323 1754 3379 erit
1808 3323 2012 3379 amisso

424 3443 534 3500 par
557 3434 615 3483 et
640 3424 895 3497 aequale?
916 3423 1108 3494 Neque
1136 3420 1301 3476 ﬁdem
1335 3417 1668 3490 supprimat,
1703 3415 1801 3486 qui
1822 3414 2014 3491 volue-

425 3520 509 3576 rit
534 3535 657 3575 esse
683 3510 815 3583 vere
838 3516 1048 3572 ﬁdelis:
1086 3510 1409 3585 suppressio
1433 3510 1583 3567 enim
1605 3504 2015 3581 quodammodo

428 3620 525 3675 est
546 3611 802 3683 negatio:
846 3606 1101 3665 conﬁteri
1144 3614 1331 3661 autem
1389 3602 1647 3670 ﬁdenter,
1694 3599 2013 3656 ﬁrmitatem

430 3704 564 3760 ﬁdei
595 3700 870 3758 ostendit:
915 3696 1084 3771 igitur
1122 3692 1256 3752 licet
1296 3696 1485 3767 justus
1532 3691 1861 3764 supprimat,
1902 3691 2016 3762 jam

429 3811 546 3851 non
569 3802 655 3850 est
677 3778 895 3864 iustus:
927 3791 1047 3849 Non
1077 3772 1273 3861 placet,
1324 3786 1530 3858 inquit,
1567 3786 1765 3841 animos
1810 3799 1941 3839 meae
1959 3783 2015 3837 in

429 3889 547 3958 ipso
570 3886 641 3940 ⁸⁸.

505 4023 693 4081 XVIII.
722 4024 943 4079 Rursus
976 4032 1112 4076 vero
1134 4018 1205 4074 ab
1240 4017 1364 4087 ipso
1385 4015 1623 4072 Domino
1662 4010 2012 4069 audivimus:

430 4113 619 4170 Omnis
653 4115 745 4185 qui
772 4111 1105 4181 conﬁtebitur
1129 4125 1214 4164 me
1258 4124 1442 4163 coram
1489 4104 1808 4171 hominibus,
1849 4101 2017 4171 conﬁ-

432 4204 582 4265 tebor
618 4212 668 4257 et
700 4220 792 4275 ego
820 4219 942 4257 eum
965 4216 1148 4257 coram
1168 4199 1332 4254 Patre
1352 4214 1467 4252 meo
1486 4198 1576 4267 qui
1602 4197 1661 4250 in
1676 4194 1821 4250 caelis
1850 4202 1926 4249 est
1947 4193 2017 4248 ιθ.

435 4296 501 4350 In
533 4307 871 4363 unoquoque
927 4290 1081 4347 enim
1124 4287 1306 4344 simile
1361 4284 1619 4341 redditur
1660 4288 2016 4353 antegresso;

434 4384 714 4441 confessio
741 4379 1107 4445 confessioni,
1132 4377 1355 4450 negatio
1386 4375 1691 4446 negationi,
1754 4373 1852 4429 sed
1904 4387 2018 4428 non

2112 3268 2248 3323 deos
2278 3281 2406 3322 esse
2439 3266 2740 3337 opinatur:
2768 3265 3030 3335 opinatur
3073 3274 3261 3320 autem
3297 3263 3454 3329 deos,
3478 3264 3574 3334 qui
3599 3264 3701 3335 hy-

2113 3369 2385 3429 postases,
2406 3367 2634 3413 naturas
2669 3358 2941 3429 speciales
2965 3356 3083 3413 Sive
3110 3357 3484 3429 particulares
3513 3365 3697 3412 vocat.

2115 3451 2206 3506 Sic
2235 3449 2388 3505 enim
2436 3456 2653 3509 naturae
2705 3449 2975 3523 speciales
3023 3458 3251 3516 essent;
3315 3449 3464 3505 Deus
3510 3457 3699 3505 autem

2114 3553 2312 3597 natura
2341 3549 2448 3604 est,
2487 3555 2615 3596 cum
2672 3539 2810 3596 dicit
2859 3540 3174 3611 Propheta:
3241 3539 3383 3595 Deus
3434 3548 3614 3595 noster
3642 3540 3699 3594 in

2104 3632 2264 3702 .cwlo,
2282 3643 2342 3688 'et
2371 3634 2427 3688 in
2451 3640 2597 3688 terra
2627 3631 2707 3699 “;
2741 3639 2792 3686 et
2812 3640 3154 3703 cognoscant,
3189 3633 3331 3704 quod
3364 3641 3421 3688 tu
3439 3633 3698 3688 Dominus

2116 3725 2258 3782 Deus
2287 3724 2429 3779 solus
2461 3724 2528 3779 “.
2561 3725 2638 3780 De
2665 3739 2777 3794 quo
2820 3739 2956 3796 ergo
2992 3725 3162 3778 trium
3190 3723 3367 3780 dicit?
3397 3740 3510 3780 non
3546 3724 3699 3780 enim

2117 3818 2305 3889 posuit
2331 3817 2705 3872 multitudinis
2728 3816 3195 3887 signiﬁcationem
3215 3835 3231 3884 ;
3250 3826 3477 3873 naturae
3509 3826 3697 3873 autem

2118 3912 2389 3983 speciales
2432 3911 2851 3967 multitudinem
2909 3910 3238 3966 ostendunt.
3297 3910 3394 3967 Sin
3447 3927 3583 3967 vero
3630 3911 3700 3967 de

2118 4006 2307 4061 divina
2345 4004 2678 4069 substantia,
2698 4004 2864 4060 unica
2888 4011 2945 4060 et
2964 4003 3203 4074 simplici
3226 4006 3409 4059 sermo
3446 4003 3539 4070 sit,
3556 3990 3701 4060 hanc

2110 4102 2306 4154 autem
2341 4114 2513 4158 unum
2539 4098 2714 4153 Deum
2740 4098 2943 4153 divinae
2988 4097 3295 4168 Scriptum
3341 4105 3566 4165 vocant,
3593 4098 3700 4154 etsi

2123 4198 2233 4245 tres
2261 4189 2429 4255 habet
2450 4189 2858 4261 proprietates:
2896 4205 3008 4245 una
3037 4176 3228 4260 utique
3254 4196 3455 4244 natura
3472 4197 3537 4245 et
3564 4190 3702 4245 sul)-

2100 4281 2323 4353 stantia
2349 4281 2655 4335 divinitatis
2682 4288 2787 4335 est.
2820 4280 2878 4336 Si
2903 4288 3226 4336 autem'una
3247 4289 3354 4345 est,
3380 4295 3546 4335 nemo
3569 4281 3702 4343 sub,-

2121 4372 2356 4429 stantias
2377 4373 2741 4444 particulares
2773 4372 2941 4437 dicat,
2969 4373 3016 4429 si
3043 4368 3246 4445 refugit
3292 4373 3526 4429 deorum
3556 4374 3702 4428 mul-

433 4474 738 4534 similiter:
761 4473 1039 4544 siquidem
1070 4469 1350 4526 confessio
1372 4476 1430 4523 et
1443 4466 1666 4538 negatio
1685 4474 2019 4550 antegressae
2050 4485 2093 4541 υ
2124 4464 2425 4520 titudinem
2496 4465 2810 4520 nominare.
2890 4465 3342 4521 Demonstratum
3390 4465 3555 4521 enim’
3592 4476 3700 4532 est,

432 4570 498 4624 in
528 4566 850 4622 hominibus
864 4572 1025 4631 sunt;
1063 4568 1363 4633 sequentes
1391 4574 1526 4615 vero
1555 4559 1614 4624 in
1652 4557 1939 4614 Salvatore
1961 4562 2019 4610 et

432 4661 650 4732 angelis
692 4659 920 4716 sanctis.
954 4655 1326 4725 Quamobrem
1382 4652 1619 4723 quisque
1672 4665 1732 4706 se
1777 4648 2016 4714 muniat,

434 4760 697 4807 metuens
722 4749 1034 4821 periculum
1058 4744 1423 4816 impendens;
1454 4750 1513 4798 et
1544 4754 1765 4797 omnem
1807 4749 2018 4795 metum

434 4843 764 4905 humanum,
791 4848 849 4896 et
878 4853 1099 4895 omnem
1131 4837 1362 4908 gratiam
1387 4830 1653 4900 hominis,
1684 4832 1863 4888 instar
1890 4830 2018 4901 pul-

434 4933 609 5001 veris,
649 4932 896 4991 excutiat
922 4945 1003 4987 ex
1031 4929 1149 4986 suis
1204 4926 1666 4999 cogitationibus:
1697 4924 1858 4979 illum
1899 4931 2017 4978 tan-

439 5036 561 5082 tum
588 5031 819 5090 metuat,
850 5024 941 5094 qui
960 5030 1127 5094 potest
1161 5020 1402 5077 animam
1425 5026 1475 5071 et
1504 5032 1692 5088 corpus
1721 5014 1939 5086 perdere
1964 5014 2021 5068 in

438 5117 680 5189 gehenna
703 5115 771 5181 “,
799 5114 1113 5183 habeatque
1138 5122 1489 5182 persuasum,
1542 5105 1694 5176 quod
1736 5104 2018 5176 dispersit,

428 5216 500 5283 et
525 5206 788 5277 disperget
808 5203 1064 5258 Dominus
1082 5217 1203 5257 ossa
1230 5216 1435 5265 eorum,
1471 5199 1561 5270 qui
1590 5196 1883 5252 hominibus
1903 5195 2021 5265 pla-

439 5308 559 5354 cent
587 5299 654 5353 ⁶’.
676 5296 892 5353 Idcirco
915 5295 974 5349 in
999 5294 1171 5349 solam
1199 5290 1429 5364 gloriam
1451 5290 1551 5346 Dei
1598 5288 1917 5353 intuemur;
1966 5294 2024 5342 et

449 5396 623 5452 solum
653 5384 898 5449 Verbum
950 5386 1195 5459 iudicem
1226 5392 1632 5455 exspectamus.
1682 5379 1823 5448 Quid
1855 5381 2022 5447 enim,

516 5572 562 5605 ³⁷
598 5572 790 5629 Matth.
818 5587 964 5637 xxiv,
997 5568 1083 5626 51.
1131 5568 1177 5602 ³³
1218 5567 1379 5624 Joan.
1420 5581 1472 5629 v,
1515 5564 1605 5618 44.
1685 5561 1730 5593 δ’
1757 5560 1870 5616 Jer.
1903 5576 1992 5624 xv,
2020 5559 2309 5626 l;Ezccb.
2348 5577 2493 5625 xxiii,
2545 5560 2645 5624 l8;
2720 5560 2885 5615 Zach.
2940 5576 3014 5623 χι,
3055 5561 3108 5618 8.

523 5643 658 5690 inid.
693 5643 784 5690 28-
866 5641 911 5673 δ’
955 5641 1095 5690 Psal.
1129 5654 1222 5690 ui.
1263 5638 1317 5690 6.
1376 5655 1387 5661 ·
1425 5638 1470 5669 ⁸³
1496 5634 1689 5690 Matth.
1718 5648 1832 5690 xvr.
1860 5633 1953 5690 26.
1983 5631 2073 5686 27.
2185 5628 2230 5663 “
2268 5631 2470 5690 thes.
2534 5649 2606 5690 vi,
2647 5632 2702 5687 6.
2818 5632 2862 5663 “
2894 5630 3038 5685 Psal.
3091 5647 3108 5689 (

1677 5673 1689 5686 ο
1722 5671 1832 5701 “Vl,
1865 5671 1953 5700 αν,
1988 5671 2073 5686 -.Δ

438 5642 488 5677 ⁸³
523 5643 658 5699 ibid.
693 5643 784 5698 28.

441 5729 558 5780 vni,
596 5714 674 5768 l9.

640 5807 915 5868 I‘nnos.
954 5803 1074 5867 (in.
1106 5802 1461 5866 LXXXIX.

866 5641 911 5673 ’⁵⁸
954 5641 1095 5696 Psal.
1129 5654 1222 5704 ιιι,
1263 5638 1317 5693 6.

2122 4557 2462 4629 principium
2504 4572 2628 4613 esse
2651 4557 3028 4613 multitudinis
3047 4558 3305 4625 deorum,
3335 4559 3704 4627 particulares

2112 4656 2346 4703 naturas
2360 4647 2679 4704 nominare:
2711 4655 2769 4704 et
2789 4648 3049 4704 existimo
3071 4649 3287 4703 nullum
3307 4665 3530 4720 quoque
3560 4649 3703 4705 adeo

2118 4738 2357 4795 nudasse
2383 4747 2569 4811 caput,
2602 4739 2659 4794 id
2682 4748 2789 4805 est,
2821 4755 2887 4795 eo
2942 4740 3298 4811 impudentiae
3343 4741 3702 4810 processisse.

2120 4839 2180 4893 ut
2204 4830 2340 4885 deos
2359 4842 2593 4886 numero
2628 4830 3003 4886 multitudinis
3017 4831 3301 4897 nominet;
3328 4830 3435 4885 etsi
3457 4846 3527 4886 ex
3555 4845 3706 4887 sum-

2118 4922 2406 4993 ptionibus
2421 4938 2614 4979 eorum
2630 4925 2947 4981 necessario
2957 4923 3472 4989 concluditur,deos
3492 4924 3704 4985 dicere,

2126 5015 2173 5070 si
2201 5024 2450 5071 sanctam
2479 5016 2809 5073 Trinitatem
2839 5027 3067 5077 naturas
3094 5016 3363 5087 speciales
3394 5015 3704 5071 nominant:

2125 5106 2180 5161 id
2203 5106 2349 5177 quod
2386 5123 2418 5162 a
2452 5107 2616 5163 nobis
2650 5110 2811 5178 plane
2841 5111 3283 5165 demonstratum
3302 5117 3408 5175 cst,
3430 5125 3554 5164 cum
3580 5125 3706 5181 pro-

2124 5197 2246 5267 prio
2280 5196 2401 5251 loco
2441 5207 2636 5252 contra
2668 5213 2764 5254 eos
2819 5198 2914 5269 qui
2942 5208 3057 5255 tres
3098 5199 3441 5255 substantias
3492 5199 3708 5262 dicunt,

2124 5287 2468 5360 scripsimus,
2491 5304 2616 5345 cum
2643 5306 2822 5361 nuper
2847 5291 2915 5346 dc
2935 5290 3040 5347 hac
3062 5291 3367 5364 quaestione
3402 5292 3579 5362 posita
3596 5291 3713 5348 dis-

2126 5388 2444 5451 ceptaretur
2484 5396 2499 5434 :
2536 5389 2593 5436 et
2620 5380 2858 5438 fortasse
2895 5382 2991 5453 qui
3020 5382 3118 5438 illa
3156 5389 3388 5456 quaeret,
3431 5383 3708 5454 reperiet:

3209 5559 3256 5593 ιο
3301 5560 3492 5616 Matth.
3518 5576 3575 5629 x,
3621 5559 3713 5614 se.

2185 5628 2230 5663 δ”
2268 5631 2470 5704 Ephes.
2534 5649 2606 5698 vi,
2647 5632 2702 5687 6.
2818 5632 2862 5693 εδ
2894 5630 3038 5685 Psal.
3091 5647 3219 5698 exn,
3256 5632 3310 5698 5,
3351 5632 3404 5687 6.
3480 5632 3526 5664 “
3571 5630 3712 5687 Tob.

3189 5796 3264 5855 ἀεὶ

3229 5833 3267 5855 ὅ
