4098 6436
519 296 653 359 1323

1641 285 1700 346 Β.
1744 279 2148 345 ANASTASII
2185 277 2666 341 ANTIOCHENI

3662 277 3788 348 1321

515 419 569 464 et
597 406 1047 477 cum/repererit,
1103 405 1313 460 certius
1347 411 1668 477 cognoscet,
1723 398 2006 471 quomodo
2049 395 2106 474 in
2136 401 2181 457 Α
2211 392 2416 450 rum".
2470 392 2716 467 Digitum
2775 400 2961 450 autem
3000 393 3099 450 Dei
3146 395 3333 451 vocari
3359 394 3639 467 Spiritum
3668 415 3790 457 sau-

517 499 627 555 illis
682 504 875 553 contra
911 497 1061 551 illam
1128 505 1259 551 tunc
1312 493 1567 551 haeresim
1617 500 1796 548 ortam
1843 488 2098 560 disputa-

518 593 717 649 vimus.

587 683 704 739 XX.
744 682 991 740 Dicimus
1032 692 1302 754 praeterea
1353 679 1542 735 omnia
1572 693 1673 749 per
1716 675 1903 748 ipsum
1954 674 2101 730 facta

517 792 660 841 esse,
689 774 823 832 etin
861 773 981 845 ipso
1010 773 1196 829 omnia
1219 772 1526 843 consistere
1558 772 1820 839 tanquam
1848 767 1905 822 in
1941 780 2101 821 crea-

523 880 638 925 tore
666 875 724 924 et
755 865 1147 922 concreatorei
1180 882 1194 919 :
1228 862 1419 919 Omnia
1471 863 1611 917 enim
1636 875 1958 935 quiscunque
2010 875 2103 914 oo-

520 956 636 1021 luit,
664 957 785 1028 fecit
814 956 883 1008 ⁵⁷.
912 955 969 1010 Si
998 954 1146 1009 enim
1180 965 1237 1009 et
1277 954 1384 1011 hoc
1417 952 1671 1009 nonnulli
1702 952 2001 1025 opinantur
2034 948 2103 1017 de

515 1049 679 1105 Patre
717 1047 930 1103 dictum
987 1063 1153 1103 esse:
1204 1045 1326 1118 Ipse
1355 1046 1508 1112 dixit,
1538 1053 1587 1099 et
1625 1048 1769 1117 facta
1813 1054 1968 1111 sunt;
1993 1046 2105 1117 ipse

517 1145 812 1207 mandauit,
843 1152 891 1198 et
912 1152 1095 1197 creata
1122 1148 1249 1194 sunt
1272 1141 1356 1207 ⁵⁸ς
1392 1147 1449 1194 at
1479 1136 1694 1205 Omnia,
1716 1130 1926 1209 inquit,
1954 1152 2104 1208 qure-

514 1253 721 1309 t‘unque
749 1235 890 1290 uidet
920 1232 1087 1288 Filius
1111 1231 1335 1287 Patrem
1364 1228 1561 1303 facere,
1610 1232 1720 1286 haec
1740 1237 1810 1315 Vel
1836 1228 2002 1285 Filius
2018 1229 2139 1315 ,δί-ν

515 1328 715 1383 militer
748 1327 876 1398 facit
906 1326 974 1392 δ’,
1013 1334 1228 1393 etnon,
1264 1323 1395 1401 talia
1421 1324 1481 1391 ll;
1512 1323 1620 1379 hoc
1651 1308 1799 1379 enim
1836 1331 1922 1379 est
1959 1308 2106 1393 ejus-

513 1419 637 1475 dem
662 1417 991 1475 substantiae
1024 1417 1301 1488 operatio.
1332 1415 1425 1472 Ait
1452 1415 1623 1487 igitur
1648 1414 1953 1470 Dominus:
1984 1413 2108 1485 Ipse

512 1515 660 1580 mihi,
693 1511 910 1568 scilicet
934 1511 1120 1575 Pater,
1173 1509 1489 1564 mandatum
1540 1508 1684 1563 dedit
1713 1507 1784 1574 '°,
1833 1523 1942 1562 non
1978 1516 2107 1579 tan-

511 1623 679 1681 quam
708 1620 870 1661 servo
896 1603 1171 1676 subjecto,
1200 1598 1311 1658 sed'
1353 1592 1616 1672 tanquam
1662 1599 1911 1672 ejusdem
1948 1608 2109 1654 natu-

511 1717 608 1764 ras,
639 1709 696 1756 et
723 1699 889 1756 simul
921 1695 1055 1753 Deo.
1090 1696 1242 1752 idem
1262 1694 1330 1750 de
1354 1693 1566 1765 Spiritu
1588 1703 1784 1749 sancto
1811 1693 2104 1748 sentimus:

510 1796 653 1851 nihil
673 1793 823 1849 enim
850 1800 1077 1850 servum
1103 1797 1188 1844 est
1232 1789 1289 1843 in
1339 1797 1529 1844 sancta
1575 1787 1885 1855 Trinitate;
1937 1788 2108 1860 igitur

509 1902 693 1959 neque
729 1895 1023 1943 creatum:
1080 1882 1263 1938 omnis
1311 1881 1461 1937 enim
1509 1890 1770 1936 creatura
1827 1896 1985 1935 serva
2023 1887 2108 1935 est

512 1978 780 2036 creatoris
808 1976 929 2044 sui;
974 1989 1079 2030 nec
1100 1973 1382 2038 alienum;
1409 1971 1654 2026 alienum
1684 1971 1837 2027 enim
1876 1986 1989 2025 non
2024 1976 2109 2026 est

512 2084 845 2134 concreans,
874 2082 985 2121 non
1020 2064 1365 2121 adorandum
1394 2103 1408 2129 ,
1437 2078 1548 2117 non
1577 2058 1787 2128 lumen,
1820 2079 1931 2121 non
1962 2062 2104 2128 vita;

510 2173 568 2221 et
590 2161 808 2234 ieliqna
849 2161 919 2216 de
947 2160 1088 2224 Deo,
1121 2165 1328 2214 uteum
1378 2157 1599 2219 decent,
1630 2157 1917 2230 dicuntur.
1951 2142 2108 2211 Sicut

511 2256 662 2312 enim
694 2256 858 2311 Pater
880 2261 969 2309 est
995 2253 1185 2308 lumen
1207 2257 1264 2305 et
1293 2250 1430 2315 vita,
1462 2236 1620 2306 sicet
1661 2250 1858 2315 Filius,
1889 2259 1959 2329 et.
1984 2249 2108 2322 Spi-

517 2350 656 2406 ritus
690 2357 949 2403 sanctus:
974 2355 1033 2402 et
1048 2346 1165 2402 haec
1192 2345 1417 2400 nomina
1444 2360 1545 2415 per
1573 2353 1741 2400 totam
1761 2343 2106 2415 Scripturam

514 2450 761 2499 sanctam
815 2440 1159 2511 reperimus,
1218 2434 1519 2508 aliquando
1570 2437 1798 2507 quidem
1855 2447 2106 2509 sanctam

516 2532 845 2588 Trinitatem
870 2530 1244 2587 communiter
1276 2527 1595 2594 declarare;
1630 2528 1930 2600 aliquando
1972 2525 2140 2585 vero'

517 2643 683 2681 unam
722 2640 1023 2697 personam
1049 2621 1392 2694 specialiter.
1968 2685 1978 2695 ⁸

586 2714 730 2770 XXI.
762 2714 933 2770 Multa
953 2713 1128 2785 igitur
1150 2711 1521 2782 intelligentia
1552 2725 1693 2781 opus
1717 2719 1803 2766 est
1846 2711 2008 2768 nobis
2037 2709 2104 2766 ad

517 2807 962 2880 cognoscendam
997 2803 1396 2868 diﬁ‘erentiam,
1444 2819 1514 2859 ne
1555 2803 1890 2859 frustremur
1919 2802 2106 2865 dubiis

519 2886 948 2973 cogitationibus
978 2904 1216 2952 utentes.
1249 2894 1389 2951 Cum
1425 2895 1573 2950 enim
1609 2895 1759 2950 canit
1802 2886 1975 2950 itavid
2020 2896 2108 2950 in-

519 2994 754 3063 quiens:
777 2989 843 3045 In
867 2988 1066 3043 lumine
1090 2995 1180 3041 tuo
1211 2987 1497 3042 vibebimus
1532 2986 1709 3041 lumen
1743 2987 1811 3051 ⁸⁸,
1857 2996 2105 3041 sanctam

2202 497 2342 555 tum,
2398 496 2513 544 ets
2542 487 2727 561 Moyse
2772 496 2828 544 et
2874 496 2945 545 an
3005 490 3128 559 ipso
3172 488 3408 547 Christo
3456 490 3786 549 didicimus:

2200 576 2416 652 Moyses
2470 582 2626 637 enim
2684 581 2848 649 dixit,
2898 579 3140 653 Scriptus
3190 599 3302 638 esse
3371 582 3597 638 tabulas
3641 584 3791 657 digito

2200 673 2300 728 Dei
2331 675 2399 730 ⁵⁹.
2435 673 2694 730 Christus
2724 684 2911 730 autem
2935 670 3079 731 dixit
3102 676 3333 743 Judaeis,
3386 677 3492 747 qui
3524 681 3794 748 expulsio-

2202 781 2329 821 ncm
2356 766 2757 822 daemoniorum
2787 767 3097 823 Beelzebub
3144 768 3545 825 attribnebant
3578 769 3681 827 :Si
3707 788 3794 843 ego

2203 860 2259 914 in
2294 860 2459 932 digito
2486 859 2584 915 Dei
2613 861 2879 916 dwmonia
2911 862 3065 933 ejicio
3093 862 3173 930 “;
3205 863 3353 933 quod
3385 862 3689 919 Mattheus
3711 864 3794 918 di-

2203 952 2285 1007 xit
2308 971 2320 1007 :
2368 950 2427 1008 Si
2442 953 2497 1007 in
2524 951 2847 1025 Spiritu'Dei
2872 954 2940 1009 ⁶¹.
2966 954 3138 1010 Recte
3153 954 3328 1026 igitur
3349 955 3795 1025 interpretamur

2200 1056 2396 1102 ‘manus
2424 1046 2523 1102 Dei
2558 1056 2617 1103 et
2646 1048 2837 1119 digitos
2863 1046 2881 1087 ι
2917 1049 3032 1114 eius
3063 1047 3265 1103 Filium
3290 1048 3416 1120 ejus
3446 1059 3509 1104 et
3534 1047 3794 1119 Spiritum

2206 1145 2485 1205 sanctum,
2513 1140 2611 1209 qui
2638 1140 2694 1195 in
2724 1140 3094 1197 fabricatione
3117 1140 3310 1196 mundi
3341 1143 3663 1213 cooperarii
3687 1143 3797 1215 ejus

2205 1228 2454 1286 fuerunt.
2491 1231 2560 1287 Et
2586 1232 2785 1289 beatus
2826 1232 2932 1289 Job
2957 1233 3106 1289 idem
3167 1233 3434 1290 similiter
3486 1233 3793 1292 conﬁtens:

2205 1321 2400 1381 Manus
2422 1331 2545 1389 tuas,
2566 1322 2769 1395 inquit,
2786 1326 3019 1396 fecerunt
3040 1343 3124 1382 me
3143 1335 3192 1381 et
3209 1306 3622 1399 pldsmauerunt
3645 1346 3722 1409 me
3735 1331 3795 1386 ".

2209 1415 2278 1471 Et
2318 1417 2525 1472 iterum
2589 1417 2766 1473 David
2830 1419 3246 1489 providentiam
3307 1420 3412 1476 Dei
3476 1436 3793 1492 exponens:

2206 1508 2427 1575 Anima,
2453 1492 2656 1581 inquit,
2708 1512 2906 1565 mea'in
2950 1513 3197 1567 manibus
3249 1513 3355 1568 tuis
3402 1525 3446 1553 ω
3502 1529 3711 1585 semper
3735 1514 3793 1571 “.

2209 1603 2371 1671 Quod
2401 1610 2533 1661 vero
2562 1604 2738 1675 magis
2768 1605 2876 1660 hoc
2899 1604 3219 1671 conﬁrmat,
3248 1606 3368 1676 ipse
3406 1620 3516 1676 per
3568 1606 3794 1676 prophe-

2210 1704 2322 1751 tam
2353 1697 2589 1752 clamat:
2624 1696 2818 1752 Manus
2869 1713 2989 1752 mea
3034 1697 3278 1768 fundavit
3330 1706 3583 1753 terram:
3608 1707 3660 1751 et
3683 1698 3797 1752 dex-

2209 1796 2327 1840 tera
2346 1796 2464 1840 mea
2486 1785 2725 1854 ﬁrmauit
2748 1782 2938 1848 cretum
2961 1785 3028 1841 “.
3048 1786 3117 1841 Et
3146 1802 3342 1843 rursus
3363 1787 3681 1859 ostendens
3697 1802 3754 1842 ea
3776 1802 3792 1841 :

2206 1876 2351 1944 Btec,
2382 1877 2584 1950 inquit,
2634 1880 2815 1933 omnia
2852 1878 2974 1949 fecit
3027 1874 3220 1933 manus
3245 1895 3401 1940 mea;
3446 1886 3500 1931 et
3537 1886 3665 1933 sunt
3688 1894 3792 1945 mea

2206 1971 2318 2025 haec
2340 1972 2522 2026 omnia
2550 1971 2615 2026 “.
2654 1971 2711 2027 Si
2745 1979 2934 2027 autem
2965 1972 3155 2027 omnia
3178 1972 3328 2027 'fecit
3354 1986 3464 2042 per
3498 1971 3723 2037 Filium,
3743 1970 3792 2025 id

2206 2066 2314 2125 est,
2341 2075 2444 2130 per
2480 2054 2731 2116 Verbum
2755 2061 2907 2131 quod
2932 2056 3055 2124 erat
3079 2062 3137 2116 in
3158 2061 3481 2133 principio,
3517 2062 3575 2117 id
3610 2070 3714 2125 est,
3741 2062 3792 2116 in

2206 2149 2402 2219 Patre;
2436 2162 2493 2208 et
2517 2153 2664 2224 apud
2693 2152 2868 2209 Deum
2896 2153 3164 2225 Spiritus,
3190 2164 3248 2210 et
3278 2160 3490 2211 manus
3519 2155 3643 2226 ejus
3671 2155 3794 2210 fecit

2208 2246 2420 2310 omnia,
2446 2252 2505 2300 et
2533 2246 2695 2317 digiti
2729 2247 2851 2319 ejus
2878 2248 3120 2315 coelum;
3176 2248 3454 2313 arbit‘ror,
3515 2247 3659 2302 nihil
3712 2260 3794 2302 re-

2208 2338 2363 2394 ferre
2394 2353 2600 2394 vocare
2630 2339 2857 2406 Filium,
2888 2337 2976 2395 vel
3006 2340 3305 2411 Spiritum,
3338 2356 3413 2395 an
3448 2340 3642 2408 dicere
3678 2353 3790 2394 ma-

2206 2446 2337 2497 nus,
2375 2432 2678 2502 et’digitos,
2704 2422 2760 2487 et
2782 2431 3037 2497 brachia,
3067 2442 3128 2487 et
3159 2449 3545 2504 quaecunque,
3588 2433 3633 2487 si
3663 2420 3787 2487 con-

2205 2508 2738 2580 substa'ntialitatem
2773 2532 2829 2580 et
2858 2516 3238 2595 operatoriam
3278 2527 3396 2581 vim
3430 2535 3491 2583 et
3520 2527 3790 2598 energiam

2205 2632 2308 2689 per
2372 2617 2825 2697 coniunctionem
2858 2616 3262 2682 membrorum,
3315 2614 3444 2690 quae
3499 2619 3791 2692 symbolice

2205 2710 2592 2775 nominantur,
2617 2710 2940 2765 declarant:
2974 2710 3255 2780 siquidem
3310 2711 3691 2783 incorporeus
3711 2716 3789 2765 est

2205 2801 2373 2867 Deus,
2395 2809 2454 2857 et
2479 2801 2639 2857 nefas
2666 2807 2753 2857 est
2781 2809 2983 2872 putare
3010 2817 3139 2858 eum
3168 2794 3448 2861 membris
3503 2804 3610 2872 nti,
3647 2818 3792 2860 more

2166 2933 2173 2939 ι
2205 2906 2423 2952 ηοειτο.

2485 2986 2646 3055 Quod
2693 2986 2741 3043 si
2772 2987 3422 3047 consubstantialitatem
3456 2946 3579 3048 haec
3625 2988 3793 3045 deciso

522 3082 850 3139 Trinitatem
877 3080 1134 3151 profecto
1152 3076 1453 3159 signiﬁcat:
1490 3079 1600 3134 tria
1632 3068 2107 3157 namqnelumina
2133 3102 2178 3162 ρ
2211 3089 2360 3144 rant,
2416 3081 2565 3136 sicut
2605 3096 2807 3137 manus
2842 3090 2900 3137 et
2950 3081 3108 3153 digiti
3140 3083 3639 3154 ejusdem‘naturae
3661 3085 3791 3139 inter

523 3175 799 3249 significat
825 3174 1131 3244 Propheta;
1174 3187 1347 3227 unum
1376 3171 1468 3228 cui
1523 3186 1718 3242 preces
1771 3172 2101 3239 adhibebat,

523 3265 616 3321 hic
643 3273 729 3321 est
750 3263 944 3327 Pater;
982 3271 1039 3316 et
1065 3261 1255 3316 lumen
1276 3262 1406 3332 ejus
1438 3259 1677 3327 Filium;
1700 3267 1769 3316 et—
1809 3260 1866 3316 in
1896 3262 2111 3318 lumine

525 3361 711 3412 lumen
772 3354 1043 3426 Spiritum
1100 3362 1388 3409 sanctum:
1440 3356 1569 3415 eum
1602 3368 1737 3408 vero
1784 3354 2108 3426 subjungit:

528 3448 764 3505 Extende
816 3446 1241 3502 misericordiam
1302 3453 1453 3500 tuam
1495 3446 1926 3516 cognoscentibus
1958 3454 2008 3501 te
2033 3448 2109 3515 “;

524 3543 727 3598 Filium
758 3551 922 3597 vocat
947 3538 1410 3603 misericordiam,
1436 3537 1713 3608 siquidem
1733 3540 1853 3609 ipse
1874 3547 1961 3595 est
1980 3554 2115 3611 pro.

527 3634 774 3706 pitiatio:
807 3648 1005 3690 rursus
1022 3632 1230 3688 dicitur
1258 3631 1505 3703 Spiritus
1528 3641 1755 3687 sanctus
1776 3633 2109 3699 ἰδιαζόντως,

527 3728 582 3784 id
608 3736 718 3794 est,
737 3737 801 3783 ut
829 3727 905 3782 ita
930 3725 1112 3782 dicam
1133 3724 1491 3796 appropriate
1512 3724 1734 3790 lumen,
1764 3732 1827 3781 nt
1855 3740 1983 3780 cum
2001 3724 2109 3779 ait:

528 3821 770 3886 Domine,
791 3822 849 3876 in
882 3817 1091 3875 lumine
1115 3818 1294 3874 uultus
1318 3806 1399 3872 tui
1431 3817 1780 3881 ambulabunt
1805 3819 1875 3884 ⁶³;
1925 3818 2114 3872 lumen

525 3914 675 3969 enim
703 3921 833 3969 ante
860 3912 1060 3968 faciem
1102 3910 1202 3967 Dei
1234 3909 1480 3980 Spiritus
1515 3918 1745 3965 sanctus
1780 3916 1905 3976 est;
1940 3908 2114 3979 siqui-

526 4009 651 4066 dem
700 4007 871 4064 facies
919 4006 1017 4062 Dei
1068 4012 1155 4061 est
1192 4003 1551 4075 Unigenitns,
1576 4005 1742 4074 cujus
1802 4004 1995 4059 lumen
2026 4010 2114 4059 est

527 4098 770 4169 Spiritus
797 4104 1043 4159 sanctus,
1079 4093 1176 4164 qui
1209 4105 1295 4149 est
1330 4092 1547 4148 sanctis
1586 4091 1708 4147 dux
1750 4094 1873 4159 viae,
1906 4093 1962 4147 in
1997 4108 2110 4163 quo

530 4191 744 4262 Spiritu
805 4187 1125 4251 ambulant,
1172 4184 1320 4241 sicut
1368 4184 1636 4254 scriptum
1687 4193 1775 4240 est
1823 4201 1836 4238 :
1880 4184 2109 4239 Descen-

527 4282 605 4335 dit
641 4279 876 4353 Spiritus
915 4298 947 4335 a
974 4278 1227 4344 Domino,
1259 4287 1310 4332 et
1341 4293 1525 4332 eorum
1579 4278 1767 4331 ductor
1811 4278 1913 4348 fuit
1944 4279 2023 4343 ⁸⁵;
2054 4284 2114 4332 et

528 4376 766 4429 iterum:
803 4371 1036 4443 Spiritus
1057 4380 1180 4426 titus
1212 4370 1379 4425 bonus
1405 4370 1592 4424 ductor
1611 4386 1760 4424 meus
1788 4372 1890 4424 erit
1914 4362 1983 4424 ⁸⁵.
2003 4370 2111 4426 De-

2213 3187 2274 3227 se
2306 3178 2376 3226 ‘et
2415 3187 2542 3226 cum
2591 3174 2829 3243 corpore
2883 3183 3016 3230 sunt
3042 3192 3055 3227 :
3086 3174 3337 3246 undique
3360 3172 3789 3237 demonstratum

2210 3268 2297 3335 est
2340 3276 2509 3339 unam
2558 3276 2681 3317 esse
2742 3273 2800 3318 et
2837 3262 3187 3320 individuam
3230 3262 3484 3323 divinam
3528 3256 3785 3330 naturam,

2212 3338 2328 3409 non
2377 3355 2611 3410 scissam
2646 3355 2703 3409 in
2746 3356 3006 3412 diversas
3042 3367 3298 3425 naturas,
3350 3359 3658 3416 secundum
3702 3372 3787 3414 eos

2213 3443 2310 3513 qui
2359 3443 2550 3500 dicere
2580 3444 2810 3528 audent,
2844 3445 3020 3521 Deum
3053 3448 3389 3517 increatum,
3429 3461 3487 3508 et
3517 3459 3781 3514 creatum;

2211 3534 2395 3606 neque
2438 3530 2712 3606 'par'titam
2754 3536 2813 3591 in
2854 3553 2935 3606 se,
2970 3540 3283 3595 secundum
3315 3534 3575 3599 heresim
3611 3556 3782 3597 recen-

2215 3636 2349 3693 tem,
2395 3627 2452 3683 in
2504 3621 2705 3698 partes
2740 3628 3027 3703 quas‘ipsi
3055 3641 3264 3688 vocant
3310 3634 3654 3693 substantias
3674 3636 3783 3704 'spev

2214 3721 2386 3777 ciales
2430 3721 2550 3778 sive
2588 3723 2995 3795 particulares;
3038 3742 3224 3799 neque
3276 3729 3526 3798 priorem
3569 3744 3627 3784 se
3659 3726 3778 3798 ipsa,

2212 3814 2304 3869 vel
2351 3815 2756 3885 posteriorem:
2783 3817 3064 3887 quomodo
3102 3818 3253 3875 enim
3292 3821 3445 3891 quod
3479 3814 3563 3876 est
3593 3834 3648 3875 se
3677 3818 3778 3887 ipso

2214 3905 2372 3976 prius
2414 3914 2474 3961 et
2506 3906 2808 3976 posterius,
2852 3908 3003 3964 Deus
3039 3925 3162 3966 esse
3200 3913 3421 3981 potest?
3468 3912 3621 3968 Sicut
3645 3909 3775 3964 enim

2216 4010 2389 4050 unum
2422 4006 2481 4052 et
2523 3996 2672 4052 idem
2698 4010 2905 4068 corpus
2927 4001 3105 4055 senius
3134 4009 3185 4054 et
3201 4001 3503 4072 juvenilius
3538 4000 3644 4057 dici
3672 4013 3768 4054 non

2215 4095 2430 4158 potest;
2478 4088 2562 4145 sic
2592 4102 2738 4145 unus
2772 4090 2922 4146 Deus
2953 4092 3052 4161 qui
3086 4092 3145 4147 in
3179 4094 3366 4151 tribus
3407 4093 3656 4166 personis
3678 4097 3770 4151 est.

2216 4193 2440 4250 semper
2466 4179 2775 4260 secundum
2802 4181 2952 4237 idem
2986 4190 3046 4238 et
3078 4184 3277 4241 eodem
3310 4186 3478 4242 modo
3515 4201 3573 4241 se
3604 4182 3771 4243 habet.

2214 4279 2567 4341 neqanuam
2620 4280 2871 4343 tempore
2920 4282 3052 4329 cum
3094 4276 3451 4335 exsistentia.
3477 4279 3596 4348 ejus
3627 4270 3770 4329 simul

2213 4363 2498 4433 cogitato;
2555 4375 2781 4435 sumpto
2824 4374 3016 4421 autem
3048 4370 3309 4440 exemplo
3354 4387 3423 4426 ex
3460 4368 3769 4442 proprietate

526 4469 865 4517 monstratur
915 4468 1101 4515 autem
1148 4457 1699 4526 consubstantialitas
1751 4473 1853 4528 per
1887 4457 2120 4527 copula—
2153 4456 2194 4511 D
2219 4455 2496 4524 corporis,
2522 4458 2939 4531 connexionem
2990 4469 3021 4498 ³
3053 4471 3303 4516 mutuam
3330 4463 3635 4518 divinarum
3660 4471 3768 4528 per-

526 4555 741 4611 tionem
800 4552 964 4608 simul
1018 4559 1077 4607 et
1126 4550 1621 4621 cooperationem:
1680 4548 1866 4615 Verbo,
1908 4549 2111 4620 inquit,

527 4646 744 4700 Domini
765 4642 1108 4714 mliﬁrmati
1137 4650 1285 4707 sunt,
1325 4654 1375 4697 et
1393 4643 1586 4714 spiritu
1641 4641 1898 4717 erisesz
1942 4644 2117 4698 omnis

525 4739 692 4791 i-irtus
742 4750 925 4791 eorum
951 4735 1018 4790 ³⁸.
1080 4732 1239 4791 Unde
1268 4748 1471 4789 manus
1498 4734 1598 4789 Dei
1632 4740 1797 4788 vocat
1825 4732 2026 4788 Filium
2057 4742 2114 4789 et

526 4828 801 4899 Spiritum
835 4834 1089 4882 sanctum
1104 4826 1302 4884 beatus
1329 4825 1525 4892 David,
1547 4840 1674 4881 cum
1689 4825 1769 4880 ait
1786 4825 1859 4879 .in
1876 4826 2110 4896 psalmo:

524 4919 844 4975 Manutius
870 4917 1110 4989 fecerunt
1157 4931 1240 4970 me
1281 4924 1333 4971 et
1384 4915 1792 4987 plasmauerunt
1846 4930 1930 4969 me
1949 4916 2028 4981 ‘7;
2056 4922 2114 4971 et

525 5026 753 5069 rursus:
794 5009 1004 5076 Videbo,
1028 5009 1233 5079 inquit,
1261 5008 1419 5065 calas
1448 5024 1614 5075 opera
1662 5008 1950 5078 digitorum
1990 5007 2115 5063 tuo;

602 5172 646 5205 δ’
688 5172 833 5228 Psal.
860 5188 1074 5234 cxxxtv,
1143 5171 1197 5228 6.

532 5244 617 5297 ll.
693 5243 739 5311 ’ἲ
779 5242 924 5298 Psal.
1003 5258 1255 5307 Lxxxvm,
1307 5242 1394 5298 16.
1472 5241 1518 5274 “
1566 5241 1670 5298 lsa.
1742 5259 1892 5308 LXIII,
1946 5244 2063 5298 li.’
2109 5243 2156 5274 “
2202 5243 2646 5311 Psal.cx.t.n,i0.
2724 5247 2772 5282 ⁸⁸
2825 5249 2969 5304 Psal.
3024 5266 3191 5306 xxxn.
3243 5251 3297 5308 6.

2217 4562 2485 4604 nonarum
2525 4564 2627 4620 per
2655 4552 3097 4621 proportionem
3148 4555 3553 4614 membrorum.
3597 4562 3650 4607 et
3698 4563 3770 4603 as-

2217 4640 2617 4696 similationem
2665 4644 3208 4712 npmsentavimus.
3243 4644 3339 4711 Sic
3391 4648 3538 4702 enim
3578 4641 3768 4715 spiritus

2216 4733 2325 4787 oris
2357 4733 2476 4802 ejus
2508 4732 2575 4799 ⁸⁸,
2625 4733 2683 4788 id
2714 4742 2801 4790 est
2844 4736 2967 4802 Dei,
3000 4737 3214 4793 dicitur
3262 4737 3509 4809 Spiritus
3537 4740 3764 4793 sanet”;

2216 4839 2283 4880 os
2321 4834 2510 4880 autem
2550 4835 2654 4882 est
2687 4826 3021 4898 Unigenitus
3049 4847 3064 4884 :
3095 4846 3163 4887 ac
3195 4847 3395 4889 rursus
3439 4829 3667 4901 Spiritus
3709 4836 3766 4876 et

2219 4916 2342 4986 ipso
2367 4917 2703 4986 procedens,
2734 4927 2801 4975 et
2826 4922 3035 4977 missus
3064 4937 3177 4978 non
3208 4925 3390 4979 solum
3416 4938 3446 4979 a
3482 4923 3653 4997 Patre,
3685 4908 3764 4969 sed

2221 5023 2253 5063 a
2307 5008 2470 5075 Filio,
2522 5010 2670 5066 sicut
2704 5011 2785 5067 ait
2815 5011 2940 5084 ipse
2964 5012 3592 5072 Dominus:Paraelstus
3612 5014 3763 5063 eum

1299 5170 1800 5245 ‘fAPsal._cx1.v1n.
1842 5174 1897 5229 5.
1982 5172 2027 5245 ξ’
2052 5172 2377 5245 Joan.\',i9.
2402 5171 2616 5245 "Joan.
2648 5191 2743 5235 ιιι.
2770 5175 2858 5233 49.
2937 5178 2983 5212 ἰ
3040 5179 3184 5237 Psal.
3216 5177 3484 5245 xxxv,i0.
3545 5171 3599 5245 A"
3645 5164 3758 5223 ibid.

3370 5241 3416 5282 ⁸⁷
3442 5241 3581 5302 Psal.
3606 5252 3762 5300 ειν-ιιι,

531 5316 626 5387 7'5.
696 5309 910 5387 εἵρξῃ.
940 5329 1057 5375 vm,
1099 5314 1181 5387 4.7
1230 5316 1278 5347 "
1307 5311 1651 5387 Esoddxxr,
1701 5313 1789 5387 is.
1864 5313 2168 5387 Θῐέυρτχι,
2206 5311 2298 5367 20.
2356 5309 2636 5387 A“Ma‘tth.
2669 5317 2874 5382 111,28.
2950 5320 3116 5377 "Job
3164 5338 3218 5387 x,
3242 5323 3295 5378 8.
3375 5320 3421 5352 "
3448 5310 3760 5371 Psal.cxvm.

533 5384 658 5438 109.
732 5382 779 5414 ⁸⁸
807 5382 912 5439 lsa.
945 5400 1130 5451 smn,
1163 5386 1250 5440 13.
1326 5385 1375 5417 ⁸⁸
1397 5385 1517 5439 lsa.‘
1539 5399 1680 5451 Ls",
1703 5385 1757 5439 2.

1864 5386 1913 5418 “
1951 5384 2094 5443 Psal.
2134 5398 2302 5450 χχιιι,
2343 5384 2396 5439 6.

1855 5527 2094 5617 VARUS
2134 5528 2545 5587 LECTIONES.

615 5669 630 5716 ἱ
679 5665 1139 5742 Crent._gt_eoncr.
1173 5668 1527 5742 δημιουργὸς,
1563 5669 2026 5742 Δ(ξυνδημιουργὸς.

2129 5673 2152 5711 ι
2189 5668 2484 5757 TaliaE‘A‘n
2528 5673 2685 5757 alia!
2763 5676 3034 5748 lDigitos.
3062 5677 3222 5735 Forte
3244 5676 3454 5752 digitus.
3525 5680 3562 5710 ιτ
3584 5667 3639 5723 1"
3660 5672 3769 5757 "1";

532 5739 680 5792 nibus
715 5739 835 5793 tuis.
870 5737 1023 5812 Vulg.
1051 5740 1104 5793 in
1133 5740 1330 5796 manib.
1373 5752 1512 5793 una.
1544 5738 1668 5799 Alio
1703 5737 1891 5797 sensu.
1924 5737 1934 5740 ⁷
1969 5752 2001 5780 ι
2030 5739 2265 5799 (ἴοηηεπ.
2307 5742 2656 5817 ennio-exta.
