4098 6422
405 322 545 387 1325

1437 319 1722 384 ORATIO
1760 324 1809 384 Ι.
1836 351 1906 361 -
1929 321 2028 386 DE
2059 327 2169 394 SS.
2204 325 2654 390 TRINITATE:

3543 329 3678 394 1326

401 448 558 505 quem
598 431 769 486 mittet
817 431 960 486 vobis
1006 423 1170 486 Pater
1202 433 1280 499 ";
1315 443 1371 486 et
1403 437 1603 489 itcrum
1642 452 1656 489 :
1698 435 1756 490 Si
1789 436 1987 502 abiero,
2022 445 2067 513 Α
2097 439 2298 510 cuique
2320 440 2466 496 enim
2491 455 2740 512 persona:
2772 441 3090 512 hujusmodi
3120 443 3519 513 appellationes
3549 449 3675 517 apte

401 527 614 579 mittam
662 540 781 578 eum
833 523 903 578 ad
934 540 1024 578 eos
1067 525 1143 591 ⁶⁸;
1177 525 1244 580 ad
1288 526 1594 595 discipulos
1639 528 1900 584 scilicet:
1929 537 1986 584 et

401 619 574 674 David
599 618 925 688 prophetice
947 619 1014 673 ad
1041 635 1169 674 eum
1192 638 1204 672 :
1235 619 1482 685 Emittes,
1515 620 1717 691 inquit,
1737 623 1986 689 spiritum

399 721 574 775 tuum,
605 719 655 762 et
698 710 1053 776 creabantur;
1092 719 1141 764 et
1177 713 1455 766 renovabis
1502 714 1689 784 faciem
1732 725 1888 768 terra:
1918 716 1982 768 δ’.

399 803 591 873 Neque
626 818 760 858 vero
793 804 922 874 quia
957 803 1201 858 mittitur
1227 787 1471 874 Spiritus
1517 817 1767 873 sanctus,
1805 809 1986 863 mino-

401 911 523 951 rem
576 891 740 951 Patre
775 905 832 951 ct
872 897 1015 952 Filio
1061 895 1372 954 secundum
1419 900 1788 955 substantiam
1830 910 1990 971 puta-

401 1004 577 1043 mus:
629 1003 835 1059 apage;
893 1004 1057 1044 nemo
1105 991 1211 1045 hoc
1252 993 1613 1061 suspicetur:
1668 1010 1779 1048 non
1838 995 1987 1049 enim

400 1094 466 1137 ut
514 1081 770 1136 minister
806 1082 1071 1150 mittitur,
1117 1084 1213 1140 sed
1263 1092 1325 1139 ut
1369 1087 1885 1151 consubstantialis,
1934 1094 1992 1140 et

401 1174 632 1246 aequalis
669 1175 918 1238 honoris,
966 1183 1024 1229 et
1071 1177 1307 1246 ejusdem
1353 1189 1567 1232 natura:
1609 1187 1658 1231 ο.
1698 1179 1988 1247 Siquidem

400 1276 459 1323 et
504 1268 682 1337 ipsum
731 1265 932 1318 Filium
980 1266 1213 1321 missum
1247 1283 1369 1321 esse
1401 1267 1708 1324 didicimus
1751 1284 1863 1322 non
1899 1286 1990 1325 so-

400 1361 516 1415 lum
567 1377 596 1414 a
647 1361 834 1422 Patre,
887 1357 986 1412 sed
1025 1359 1094 1412 ab
1143 1357 1357 1428 Spiritu
1409 1367 1623 1422 sancto,
1677 1359 1822 1413 sicut
1873 1361 1991 1427 ipse

400 1452 546 1508 dixit
590 1467 691 1521 per
743 1450 941 1505 Isaiam
983 1471 995 1504 :
1035 1451 1104 1504 Et
1147 1449 1572 1504 nunc-Dominus
1616 1451 1758 1503 misit
1799 1466 1901 1514 me,
1943 1457 1991 1502 et

400 1543 636 1615 Spiritus
670 1545 783 1614 ejus
821 1543 890 1597 ".
937 1543 1183 1598 Vocatur
1226 1550 1414 1595 autem
1450 1543 1597 1596 Deus
1628 1541 1902 1610 Spiritus;
1937 1548 1994 1595 et

401 1653 601 1692 rursus
630 1655 643 1690 :
686 1635 942 1690 Dominus
973 1644 1154 1689 autem
1193 1633 1422 1705 Spiritus
1450 1643 1525 1687 est
1549 1634 1593 1666 τί
1619 1650 1633 1698 ;
1665 1641 1721 1688 ει
1752 1631 1994 1702 Spiritus

400 1740 653 1793 sanctus,
711 1729 945 1798 spiritus
994 1728 1114 1792 Dei,
1161 1737 1221 1783 et
1265 1727 1500 1796 spiritus
1534 1725 1850 1788 Christi,et
1884 1726 1996 1795 spi-

2095 531 2457 598 adhibentur,
2488 544 2773 589 reservato
2800 536 2902 590 soli
2931 535 3104 602 Patri,
3135 545 3195 590 ut
3227 536 3297 590 sit
3329 538 3513 604 Pater,
3549 543 3677 610 quia

2095 622 2248 678 Solus
2290 632 2376 680 est
2408 625 2779 696 principium;
2811 634 2869 680 ct
2899 626 3060 691 Filio,
3091 637 3152 682 ut
3203 628 3274 683 sit
3310 629 3505 693 Filius,
3546 635 3676 701 quia

2094 716 2248 770 solus
2297 718 2518 795 genitus
2572 725 2686 782 est;
2737 729 2795 772 et
2831 719 3146 784 Paraclclo,
3197 728 3260 774 ut
3304 721 3377 774 sit
3436 722 3680 792 Spiritus

2098 819 2360 876 sanctus;
2429 811 2713 880 propriam
2761 811 2912 866 enim
2967 812 3135 866 habet
3172 815 3592 883 processionem
3648 835 3679 871 a

2096 901 2278 956 Patre.

2170 983 2358 1046 XXIV.
2387 991 2541 1062 Saepe
2571 973 2835 1058 diximus,
2862 993 3237 1050 ditierentiam
3257 1000 3545 1054 nominum
3570 1016 3680 1055 non

2097 1082 2315 1138 variare
2346 1094 2601 1139 naturam
2632 1102 2646 1138 :
2674 1101 2777 1140 nec
2817 1085 2966 1140 enim
3001 1075 3185 1152 Pater,
3219 1089 3350 1158 quia
3386 1091 3548 1146 Pater
3578 1103 3682 1155 est,

2100 1173 2308 1230 idcirco
2343 1178 2494 1250 Deus
2519 1184 2638 1243 est;
2669 1185 2850 1246 neqde
2878 1179 3008 1248 quia
3046 1177 3222 1234 Filius
3255 1195 3368 1234 non
3395 1182 3682 1247 est'Pater,

2099 1266 2308 1322 idcirco
2325 1284 2434 1323 non
2452 1277 2538 1324 est
2557 1269 2731 1334 Deus;
2758 1270 3020 1324 similiter
3041 1270 3285 1340 Spiritus
3303 1282 3561 1328 sanctus:
3584 1276 3683 1329 sed

2102 1358 2228 1411 ideo
2259 1361 2408 1415 Deus
2448 1370 2554 1424 est,
2589 1363 2718 1429 quia
2762 1373 2850 1418 εει
2887 1365 3216 1428 increatum,
3248 1374 3538 1432 aeternum,
3581 1367 3688 1421 im-

2101 1449 2389 1514 mutabile,
2435 1451 2885 1520 incorruptibile,
2917 1452 3268 1518 invariabile,
3301 1465 3498 1509 auctor
3538 1459 3685 1520 vitae,

2102 1547 2320 1596 creator
2354 1557 2676 1613 corporum,
2708 1552 2764 1598 ει
2794 1559 2988 1598 eorum
3014 1560 3137 1614 quae
3171 1545 3500 1615 incorporea
3533 1558 3684 1603 sunt.

2102 1627 2230 1688 Haec
2265 1635 2412 1688 enim
2464 1643 2594 1690 sunt
2641 1637 2867 1704 propria
2907 1635 3245 1702 divinitatis;
3293 1647 3350 1694 ct
3399 1640 3590 1695 insunt
3631 1643 3688 1696 in

2104 1739 2436 1795 unaquaque
2488 1741 2748 1794 persona,
2791 1737 2848 1780 et
2898 1735 3128 1796 propter
3183 1729 3300 1782 hanc
3344 1746 3690 1802 unaquaeque

401 1821 551 1876 ritus
591 1821 746 1884 Iesu.
792 1819 898 1873 Per
949 1824 1097 1872 totas
1154 1817 1485 1886 hypostascs
1527 1815 1876 1870 demonstrat
1907 1816 1996 1870 di-
2027 1814 2072 1872 Β
2101 1830 2338 1885 persona
2400 1816 2547 1870 Deus
2590 1824 2696 1882 est,
2756 1816 3035 1886 siquidem
3084 1817 3248 1872 Pater
3293 1829 3522 1889 propter
3573 1821 3692 1877 haec

402 1913 573 1967 vinus
616 1925 801 1966 sermo
849 1909 1164 1963 naturalem
1191 1909 1579 1978 cognationem
1610 1918 1637 1958 P
1662 1905 1994 1963 divinitatis.

402 2003 652 2074 Spiritus
686 2001 914 2072 quidem
943 2001 1123 2056 sancti
1162 2001 1253 2055 hic
1279 2009 1364 2056 est
1390 2000 1656 2071 proprius
1685 2001 1997 2066 character,

403 2097 506 2168 qui
527 2097 633 2151 hac
659 2095 1036 2166 appellatione
1065 2094 1446 2166 signiﬁcatur;
1475 2101 1562 2149 εει
1583 2095 1734 2148 enim
1758 2093 2000 2164 Spiritus

407 2200 641 2246 sanctus
684 2208 696 2243 :
739 2187 1014 2257 Spiritum
1058 2197 1244 2243 autem
1301 2193 1553 2241 sanctum
1591 2195 1768 2240 totum
1805 2186 1885 2240 sic
1912 2185 1998 2239 di-

404 2293 564 2340 ctum
591 2293 647 2338 et
676 2291 939 2336 vocatum
971 2295 1084 2334 non
1118 2279 1373 2333 invenies
1399 2278 1591 2332 alium.
1619 2277 1766 2332 Deus
1791 2287 2000 2341 autem,

406 2386 478 2431 ut
508 2384 669 2430 antea
721 2372 858 2436 dixi,
910 2371 1123 2427 dicitur
1181 2370 1460 2440 Spiritus;
1496 2379 1552 2425 et
1594 2371 1743 2425 Deus
1795 2371 2004 2425 dicitur

412 2475 645 2523 sanctus
663 2476 694 2520 ’z
730 2465 896 2520 ambo
924 2480 1059 2519 vero
1080 2463 1310 2518 nomina
1334 2463 1648 2532 composita
1683 2469 2003 2534 congruunt

395 2563 496 2627 ,ei,
541 2561 631 2631 qui
682 2558 904 2630 prOprie
951 2557 1163 2612 dicitur
1215 2554 1462 2625 Spiritus
1515 2535 1767 2618 sanctus,
1839 2553 2004 2608 sicuti

413 2663 618 2707 nomen
672 2651 852 2706 Patris
914 2648 1142 2720 proprie
1191 2647 1460 2702 convenit
1507 2647 1786 2718 principio
1841 2657 1902 2714 tt;
1950 2653 2008 2701 et

408 2760 618 2803 nomen
666 2742 789 2799 Filii
839 2742 914 2806 ei,
963 2742 1060 2811 qui
1110 2739 1432 2794 immediate
1485 2755 1553 2794 ex
1594 2738 1873 2808 principio
1909 2759 1921 2793 :
1951 2745 2009 2794 et

409 2838 532 2894 haec
565 2835 793 2891 nomina
829 2847 940 2888 non
984 2841 1404 2888 commutantur
1463 2830 1612 2885 inter
1656 2843 1716 2885 se
1753 2848 1767 2883 :
1805 2839 2008 2886 caetera

409 2929 601 2986 omnia
632 2933 925 2982 moventur
944 2932 1001 2981 et
1027 2925 1420 2978 immutantur.
1455 2922 1610 2978 Sicut
1637 2923 1788 2977 enim
1819 2923 2002 2989 Pater,

407 3023 509 3094 qni
545 3021 692 3077 Deus
726 3028 812 3075 est
859 3026 916 3074 et
963 3018 1144 3081 Pater,
1180 3015 1508 3071 nominibus
1543 3015 1792 3086 Spiritus
1825 3015 2011 3085 appel-

409 3119 599 3182 latur,
656 3121 882 3170 sanctus
921 3112 1138 3168 scilicet
1189 3120 1246 3167 et
1293 3110 1542 3180 spiritus,
1588 3110 1842 3179 quamvis
1897 3124 2004 3162 non

412 3210 730 3284 appellatur
781 3215 958 3262 totum
992 3205 1099 3260 hoc
1149 3204 1395 3274 Spiritus
1429 3212 1689 3269 sanctus;
1723 3203 1806 3257 sic
1835 3203 2004 3257 etiam

413 3303 663 3374 Spiritus
696 3308 941 3364 sanctus,
971 3297 1068 3370 qui
1101 3309 1188 3352 est
1217 3298 1451 3368 spiritus
1486 3304 1542 3351 et
1571 3305 1817 3361 sanctus,
1860 3297 2006 3351 Deus

412 3403 523 3460 est,
568 3403 626 3450 et
671 3393 994 3448 nominatur
1026 3412 1038 3446 :
1068 3400 1124 3446 et
1165 3391 1421 3446 Salvator
1468 3390 1750 3456 similiter,
1782 3389 1880 3460 qui
1922 3399 2008 3444 εει

414 3489 614 3554 Filius,
665 3494 721 3542 et
765 3486 1037 3541 Dominus
1083 3493 1341 3547 vocatur,
1400 3499 1513 3538 non
1570 3483 1725 3539 solus
1761 3498 1895 3538 usus
1923 3490 2008 3537 est

412 3583 523 3638 hac
569 3579 942 3652 appellatione
993 3578 1237 3642 Domini,
1270 3578 1365 3632 sed
1407 3576 1572 3632 Pater
1608 3577 1776 3631 etiam
1825 3575 2007 3631 nomi—

414 3683 584 3730 natur
644 3673 952 3736 Dominus;
1017 3679 1074 3726 et
1119 3669 1363 3740 Spiritus
1419 3677 1646 3724 sanctus
1688 3669 2009 3723 nominatur

415 3766 586 3821 etiam
628 3763 931 3830 Dominus;
973 3763 1120 3817 sicut
1148 3772 1206 3816 et
1233 3764 1357 3832 ipse
1399 3760 1574 3816 Filius
1605 3761 1751 3816 Deus
1785 3768 1840 3816 et
1887 3759 2012 3830 Spio

418 3859 568 3914 ritus
605 3866 663 3912 et
699 3867 925 3912 sanctus
959 3865 1214 3911 vocatur.

405 3996 415 4004 .
493 3950 686 4005 XXIII.
728 3947 855 4003 Haec
900 3947 1274 4002 communitas
1303 3945 1737 4016 appellationum
1769 3943 1825 4000 in
1863 3945 2011 4000 Scri-

418 4053 586 4115 ptura
619 4051 809 4097 sancta
841 4039 1207 4104 mconomice,
1239 4047 1300 4093 ut
1334 4039 1407 4093 ita
1457 4038 1659 4103 dicam,
1697 4037 1900 4101 fertur,
1949 4044 2012 4091 ut

421 4135 634 4189 nullam
675 4132 918 4188 habeant
969 4132 1226 4186 homines
1277 4129 1583 4200 impietatis
1635 4128 2006 4193 occasionem,

417 4235 479 4282 et
529 4227 833 4296 opinentur
883 4240 1007 4279 esse
1058 4233 1169 4278 tres
1202 4221 1362 4280 deos.
1393 4221 1604 4276 Idcirco
1637 4221 1822 4276 divina
1856 4219 2010 4275 Scri-

419 4328 611 4390 ptura,
648 4327 710 4372 ut
741 4329 962 4371 omnem
998 4315 1316 4386 hujusmodi
1343 4315 1716 4384 suspicionem
1752 4314 2012 4369 omnibus

420 4410 776 4482 praecidet-et,
807 4411 1029 4464 Patrem
1051 4408 1277 4477 quidem
1309 4408 1548 4478 appellat
1574 4409 1777 4473 Deum;
1809 4405 2012 4461 Filium

2103 1891 2252 1963 Deus
2290 1915 2420 1962 est:
2466 1917 2524 1963 et
2573 1925 2684 1962 non
2732 1909 2865 1978 quia
2909 1909 3073 1964 Pater
3105 1919 3211 1966 est.
3263 1912 3322 1967 Si
3367 1913 3516 1967 enim
3560 1915 3693 1984 quia

2103 1999 2268 2054 Pater
2300 2010 2407 2065 est,
2453 2001 2602 2055 Deus
2653 2009 2778 2066 est,
2833 2003 3017 2057 omnis
3069 2012 3226 2072 pater
3274 2005 3424 2061 Deus
3481 2016 3629 2062 esset
3675 2027 3688 2062 :

2103 2101 2250 2144 nunc
2281 2099 2463 2145 autem
2498 2108 2610 2145 non
2640 2092 2721 2146 sic
2747 2092 2948 2158 habet;
2976 2093 3112 2162 quin
3141 2094 3327 2163 potius
3357 2097 3690 2166 appellatio-

2105 2197 2206 2237 nes
2239 2180 2564 2240 diti'erentcs
2592 2185 2843 2240 eamdem
2869 2186 3240 2241 substantiam
3267 2188 3506 2259 signant,
3525 2191 3691 2247 simul

2105 2276 2352 2346 ejusdem
2375 2285 2590 2333 naturae
2611 2280 3058 2334 communionem
3081 2280 3453 2349 declarantes,
3475 2293 3532 2339 et
3554 2285 3690 2340 nihil

2106 2371 2176 2425 ab
2217 2388 2326 2427 una
2358 2381 2556 2426 natura
2601 2373 2844 2427 alienum
2889 2371 3266 2430 admittentes.
3304 2373 3519 2432 Idcirco
3563 2379 3694 2433 uni-

2106 2481 2266 2521 versa
2304 2467 2594 2537 plenitudo
2637 2467 2949 2524 divinitatis
2998 2484 3142 2525 unus
3199 2469 3344 2527 Deus
3379 2481 3486 2539 est,
3533 2490 3695 2545 super

2108 2562 2309 2625 munia,
2353 2569 2402 2630 et
2432 2576 2525 2630 per
2553 2562 2753 2626 omnia,
2789 2569 2836 2614 et
2874 2563 2929 2614 in
2977 2563 3218 2618 omnibus
3245 2565 3311 2596 ⁷⁸·
3347 2583 3359 2618 :
3407 2567 3510 2622 etsi
3541 2569 3692 2623 enim

2109 2651 2298 2706 divina
2333 2649 2618 2720 Scriptura
2663 2650 3269 2710 diversis.nominibus
3297 2657 3536 2726 appellat
3567 2674 3692 2713 san-

2109 2753 2254 2798 ctam
2322 2741 2658 2796 Trinitatem
2723 2757 2886 2811 quam
2957 2742 3257 2799 adoramus
3309 2753 3366 2800 et
3423 2748 3691 2811 colimus,

2110 2835 2435 2890 occasiones
2486 2843 2674 2889 tamen
2709 2833 2980 2903 speciales
3020 2842 3250 2890 naturas
3300 2837 3693 2896 introducendi

2111 2925 2359 2989 sustulit,
2398 2939 2524 2980 cum
2577 2939 2744 2979 unam
2789 2924 3158 2980 substantiam
3222 2937 3279 2982 et
3327 2929 3580 2986 eamdem
3625 2946 3694 2986 ex

2109 3019 2319 3074 eisdem
2366 3017 2792 3088 operationibus
2839 3017 3264 3087 demonstravit,
3307 3022 3459 3078 nulla
3488 3023 3696 3079 erroris

2112 3127 2277 3166 causa
2325 3111 2519 3165 relicta
2568 3111 2637 3179 iis
2680 3111 2776 3180 qui
2835 3111 3023 3166 lumen
3087 3113 3425 3184 participare
3476 3116 3691 3182 volunt,

2109 3212 2166 3259 et
2211 3220 2320 3258 non
2366 3205 2552 3274 potius
2601 3212 2844 3258 mentem
2876 3207 3178 3270 exemcare,
3233 3215 3293 3261 ut
3325 3208 3409 3262 vel
3437 3220 3690 3264 naturam

2109 3313 2209 3366 per
2256 3297 2414 3362 illud,
2445 3297 2760 3367 aliquando,
2791 3305 2847 3352 et
2881 3297 3040 3361 illud,
3079 3315 3182 3352 non
3231 3308 3383 3366 erat;
3413 3310 3511 3356 aut
3548 3301 3693 3357 divi-

2109 3393 2339 3447 nitatem
2406 3391 2840 3462 particularibus
2885 3392 3215 3448 Substantiis
3264 3393 3538 3450 dividere.
3575 3396 3693 3452 Nec

2109 3487 2256 3542 enim
2310 3485 2454 3540 sicut
2500 3485 2658 3539 stella
2703 3485 2772 3538 ab
2820 3484 2978 3539 stella
3027 3485 3322 3555 splendore
3372 3485 3581 3555 differt,
3635 3498 3695 3542 ut

2110 3574 2264 3628 verbi
2316 3573 2530 3644 gratia,
2596 3574 2774 3644 major
2826 3589 2858 3627 a
2899 3573 3156 3636 minore,
3228 3591 3333 3632 nec
3378 3586 3440 3633 ut
3491 3594 3696 3649 corpus

2111 3681 2351 3736 corpore
2403 3668 2580 3738 majus
2630 3675 2718 3722 est
2763 3669 2932 3729 mole,
2975 3674 3038 3722 ut
3083 3682 3288 3739 corpus
3329 3669 3695 3728 adolescentis

2109 3775 2344 3828 corpore
2392 3760 2573 3827 pueri,
2625 3775 2727 3815 nec
2778 3769 2837 3814 ut
2888 3761 3053 3815 homo
3099 3769 3352 3831 tempore
3389 3763 3692 3834 antiquior,

2113 3861 2173 3906 ut
2218 3853 2459 3921 exempli
2492 3868 2677 3916 causa,
2710 3851 2990 3908 Abraham
3037 3853 3326 3924 antiquior
3365 3855 3559 3921 David,
3598 3867 3694 3911 aut

2111 3945 2282 3999 David
2329 3943 2707 4011 Zorobabele;
2753 3945 2832 4000 sic
2871 3945 2924 3998 in
2972 3945 3226 4014 personis
3279 3956 3482 4003 sanctae
3509 3947 3695 4004 Trini-

2113 4038 2243 4094 tatis
2299 4037 2451 4107 loqui
2514 4045 2609 4092 aut
2671 4037 2879 4092 sentire
2930 4036 3248 4094 didicimus.
3304 4037 3452 4105 Quin
3509 4040 3697 4111 potius

2111 4131 2462 4202 operationes
2489 4130 2712 4200 quidem
2738 4131 3019 4185 naturales
3056 4146 3378 4186 communes
3391 4131 3584 4200 habet;
3613 4135 3698 4188 hee

2111 4237 2245 4276 vero
2280 4220 2646 4276 substantiam
2689 4220 2853 4290 plane
2900 4220 3185 4276 declarant
3235 4239 3249 4274 :
3286 4221 3454 4282 simul
3509 4234 3694 4279 autem

2112 4329 2380 4385 personas
2432 4329 2619 4368 secum
2657 4313 2802 4367 inter
2835 4327 2916 4378 se,
2953 4321 3007 4366 et
3053 4312 3108 4367 in
3157 4328 3217 4368 se
3265 4313 3402 4384 ipsis
3450 4316 3694 4372 vicissim

2115 4406 2565 4476 inseparabiliter
2617 4407 2672 4460 in
2693 4405 2884 4460 eadem
2922 4405 3099 4476 gloria
3143 4415 3199 4460 et
3234 4417 3508 4478 potestate
3544 4411 3694 4463 exsi—

422 4517 562 4557 vero
602 4501 934 4565 Dominum;
963 4505 1020 4555 et
1054 4499 1322 4569 Spiritum
1357 4507 1607 4553 sanctum
1635 4498 2011 4553 Paracletum:
2048 4515 2092 4570 ι)
2117 4505 2264 4552 stere
2292 4497 2753 4566 contemplamur,
2788 4495 3239 4566 quandoquidem
3285 4498 3534 4571 ejusdem
3567 4501 3696 4554 sub-

423 4601 482 4649 et
529 4593 575 4648 si
619 4593 749 4657 hoc,
789 4606 942 4647 more
976 4591 1282 4662 paedagogi,
1330 4589 1602 4660 providit,
1659 4605 1774 4643 non
1831 4597 2016 4644 tamen

425 4687 671 4757 privavit
715 4685 901 4740 divina
931 4700 1066 4740 voce
1114 4684 1316 4738 Filium
1349 4691 1406 4737 et
1440 4681 1708 4752 Spiritum
1735 4691 2012 4746 sanctum,

423 4791 609 4847 neque
658 4789 856 4831 vocem
896 4775 1114 4830 Domini
1165 4776 1222 4830 in
1269 4775 1433 4831 Patre
1467 4783 1524 4828 ει
1569 4772 1781 4842 Spiritu
1823 4779 2016 4826 sancto

422 4867 658 4922 reticuit
689 4867 859 4920 :‘imo
911 4879 1096 4935 neque
1142 4865 1573 4935 appellationem
1621 4861 2017 4918 sanctiﬁcantis

423 4960 500 5014 ab
541 4958 726 5028 aliqua
760 4971 1001 5027 persona
1039 4957 1334 5011 Trinitatis
1382 4955 1668 5009 alienavit.
1707 4953 1844 5009 Cum
1880 4969 2014 5009 vero

423 5049 622 5106 eadem
656 5053 729 5107 sit
770 5058 975 5105 sanctae
1006 5048 1295 5104 Trinitatis
1330 5041 1616 5112 divinitas,
1649 5047 1737 5102 vel
1759 5046 2016 5102 substan-

429 5143 527 5209 tia,
550 5143 636 5198 vel
661 5153 879 5209 natura,
904 5143 1022 5198 sive
1054 5139 1219 5196 aliter
1248 5156 1447 5195 vocare
1469 5140 1672 5210 placet,
1699 5147 2014 5194 commeant

425 5234 670 5288 vicissim
722 5234 840 5290 haec
889 5232 1116 5289 nomina
1163 5231 1637 5296 Deus,Dominus,
1679 5239 1730 5284 et
1757 5229 2011 5300 Spiritus,

428 5334 658 5397 propter
704 5333 958 5381 naturam
993 5326 1405 5395 iucorpoream,
1448 5331 1505 5380 et
1552 5330 1771 5378 sanctus
1809 5337 1827 5376 :
1885 5322 2012 5378 uni-

506 5480 548 5511 ⁸⁷
567 5480 723 5536 Juan.
746 5497 855 5547 xiv,
881 5479 970 5538 26.
1047 5480 1094 5512 “
1115 5481 1274 5538 Joan.
1298 5496 1407 5545 xvi,
1431 5479 1485 5534 7.
1561 5475 1605 5511 π
1637 5478 1779 5534 Psal.
1805 5493 1914 5544 Clll,
1941 5476 2028 5534 50.

427 5552 474 5584 ’²
507 5552 647 5610 Psal.
684 5568 938 5620 cxxxvm,
973 5554 1026 5607 7.

2115 4586 2331 4642 stantia:
2378 4594 2436 4640 ει
2481 4596 2692 4640 natura:
2743 4594 2895 4640 sunt.

2188 4677 2352 4734 XXV.
2402 4676 2560 4743 Quod
2622 4686 2808 4732 autem
2863 4684 3110 4746 potestas
3156 4688 3359 4734 sancta:
3409 4679 3697 4737 Trinitatis

2117 4769 2404 4825 individua
2435 4777 2538 4832 est,
2566 4767 2730 4824 sicuti
2761 4775 2817 4823 et
2849 4768 3183 4832 substantia,
3219 4769 3389 4824 David
3424 4770 3690 4832 declarat,

2115 4877 2240 4916 cum
2269 4860 2579 4932 deprecans
2613 4859 2788 4915 Deum
2821 4859 2960 4914 dixit
2992 4877 3006 4913 :
3037 4860 3152 4926 Quo
3181 4861 3264 4915 ibo
3291 4877 3322 4915 α
3349 4863 3538 4930 spiritu
3563 4865 3696 4916 tuo?

2116 4959 2166 5004 et
2205 4967 2307 5022 quo
2353 4969 2386 5004 α
2431 4950 2565 5020 facie
2610 4957 2702 5004 tua
2758 4949 2960 5022 fugiant
3012 4952 3097 5004 "’?
3145 4967 3208 5006 ac
3259 4953 3437 5022 primo
3473 4954 3694 5023 quidem

2117 5043 2275 5113 ponit
2321 5043 2575 5112 spiritum
2633 5042 2756 5096 Filii
2798 5043 2894 5114 qui
2955 5052 3042 5099 est
3092 5043 3261 5100 facies
3312 5044 3512 5108 Patris,
3567 5048 3693 5116 quia

2114 5141 2200 5189 est
2227 5133 2281 5186 in
2328 5134 2509 5195 Patre,
2541 5139 2597 5187 et
2647 5133 2809 5188 Pater
2845 5133 2900 5188 in
2928 5133 3084 5204 ipso;
3113 5149 3227 5189 non
3253 5144 3439 5190 autem
3475 5148 3698 5206 separat

2115 5225 2419 5297 energiam,
2472 5225 2525 5280 id
2573 5232 2678 5290 est,
2729 5227 3134 5298 Operationem,
3185 5229 3270 5284 vel
3323 5228 3524 5284 dividit
3563 5230 3694 5283 sub-

2117 5319 2399 5384 stantiam,
2439 5317 2535 5373 sed
2572 5318 2752 5374 solum
2792 5319 3082 5389 distinguit
3115 5319 3458 5392 hypostases,
3487 5321 3696 5391 signiti-

2103 5477 2148 5508 "
2176 5476 2279 5532 lsa.
2307 5491 2488 5538 xum,
2519 5474 2602 5528 l6.
2683 5477 2724 5507 '”
2749 5475 2906 5530 Joan.
2938 5493 3010 5541 l\',
3046 5477 3132 5530 2t.
3213 5479 3272 5508 τί·
3305 5478 3504 5547 Ephcs.
3529 5494 3600 5542 tv,
3640 5480 3692 5529 (τ.

1715 5683 1953 5738 VARle
1987 5680 2395 5738 LECTIONES.

403 5858 410 5865 ‘
508 5791 533 5819 ⁸
565 5781 758 5853 Ejusd.
802 5791 913 5838 nat.
953 5778 1223 5853 συμφυές,
1259 5774 1646 5858 connaturalis.

1735 5785 1763 5826 P
1793 5774 2020 5850 Cogitat.
2065 5772 2404 5845 συγγένειαν.
2447 5771 2506 5819 ‘q
2541 5769 2828 5840 Principio.
2866 5769 2942 5838 τῷ
2979 5772 3152 5844 αἰτίῳ.
