4098 6426
537 300 558 368 1
571 302 673 366 327

1671 304 1728 363 S.
1770 301 2170 364 ANASTASII
2210 302 2678 364 ANTIOCHENI
2765 363 2770 366 ,

3650 297 3768 366 1328

533 428 668 469 cans
717 427 828 466 non
863 425 985 466 esse
1046 408 1328 466 confusas.
1374 408 1525 464 Dixit
1569 420 1842 479 praeterea
1884 409 2030 464 idem
2068 407 2122 462 in
2153 413 2199 469 Α
2230 409 2590 480 intelligatur,
2642 420 2702 466 et
2735 410 2898 465 Pater
2954 422 3142 465 secum
3182 405 3411 463 inducat
3455 404 3687 477 Filium;
3724 421 3772 468 et

535 506 644 561 alio
675 505 799 559 loco
836 520 850 557 :
883 501 1095 557 Faciem
1124 512 1295 574 tuam,
1331 501 1576 568 Domine,
1625 503 1897 573 requiram
1941 502 2024 567 ⁷³;
2069 510 2123 556 et

536 613 735 654 rursus
768 615 781 650 :
822 596 1148 666 Deprecatus
1180 614 1298 652 sum
1347 596 1538 666 faciem
1567 605 1716 650 tuam
1745 594 1800 649 in
1831 603 1937 649 toto
1967 595 2126 649 corde

535 707 651 746 meo
699 691 770 745 7".
827 689 950 745 Non
997 689 1150 744 enim
1197 697 1412 759 partem
1460 687 1746 758 corporis,
1798 695 1896 742 aut
1941 687 2126 742 locum

536 799 805 840 sensuum
841 783 979 838 dicit
1007 797 1129 838 esse
1156 780 1354 838 faciem
1384 780 1600 847 Patris;
1637 780 1734 835 sed
1774 780 2126 850 unigenitum

535 875 807 939 Verbum,
859 875 954 944 qui
981 873 1197 944 judicat
1229 872 1415 936 omnia
1442 872 1748 927 secundum
1781 871 2125 940 voluntatem

537 967 721 1023 Patris
762 966 872 1032 sui,
906 965 1050 1021 sicut
1100 963 1246 1018 idem
1294 963 1467 1018 David
1516 963 1660 1018 dixit
1708 980 1722 1017 :
1763 963 1806 1018 Α
1849 963 1984 1034 facie
2031 972 2125 1017 tua

538 1061 796 1128 iudicium
823 1074 1000 1112 meum
1031 1064 1184 1109 exeat
1215 1057 1284 1110 ⁷⁸.
1318 1055 1510 1110 Facies
1533 1055 1704 1126 igitur
1735 1055 1919 1111 Patris
1951 1053 2127 1110 Filius

537 1149 771 1213 dicitur,
811 1156 1077 1216 tanquam
1118 1146 1301 1216 imago
1324 1154 1381 1200 et
1411 1145 1702 1200 character
1729 1147 1870 1216 ejus,
1897 1145 1994 1215 qui
2027 1159 2127 1214 po-

539 1249 793 1295 testatem
841 1238 1009 1293 habet
1051 1253 1216 1307 quam
1251 1253 1281 1291 a
1331 1236 1495 1291 Patre
1539 1238 1774 1305 accepit,
1811 1233 2123 1306 iudicandi,

537 1332 678 1386 sicut
717 1330 985 1398 scriptum
1022 1339 1112 1383 est
1149 1345 1162 1380 :
1197 1326 1380 1381 Facies
1437 1325 1651 1380 Domini
1678 1343 1838 1395 super
1867 1325 2124 1394 facientes

537 1422 706 1485 mala,
745 1430 802 1472 ut
850 1419 1025 1472 deleat
1075 1420 1142 1470 de
1173 1428 1319 1471 terra
1373 1417 1686 1470 memoriam
1717 1431 1897 1468 eorum
1921 1414 1998 1478 ⁷⁶;
2025 1413 2123 1468 sed

532 1511 679 1566 sicut
725 1509 898 1564 facies
935 1506 1156 1562 Domini
1210 1506 1390 1560 malos
1432 1504 1582 1559 delet
1619 1505 1689 1558 de
1725 1515 1893 1567 terra,
1923 1518 2031 1556 non
2062 1509 2125 1556 ut

532 1600 676 1656 nihil
696 1598 924 1655 omnino
981 1595 1114 1662 sint,
1143 1595 1240 1652 sed
1277 1605 1338 1650 ut
1369 1611 1481 1650 non
1508 1595 1620 1650 sint
1648 1594 1811 1659 mali;
1847 1595 1926 1649 sic
1955 1593 2124 1648 etiam

534 1692 672 1747 illud
717 1710 729 1744 :
770 1691 996 1745 Emitte;
1051 1690 1302 1760 spiritum
1349 1697 1521 1753 tuum,
1570 1696 1620 1740 et
1681 1687 2020 1751 creabantur,
2073 1695 2123 1740 et

532 1783 810 1838 renovabis
842 1782 1033 1852 faciem
1051 1790 1223 1835 terra:
1247 1779 1316 1845 ⁷⁷,
1342 1779 1572 1843 bocest,
1599 1777 1881 1832 hominem
1910 1795 1923 1830 :
1958 1776 2127 1852 decor
2157 1754 2204 1815 Β

531 1879 685 1932 enim
739 1884 902 1931 terra:
952 1882 1041 1930 est
1093 1873 1296 1939 homo;
1343 1871 1490 1926 sicut
1532 1870 1704 1926 decor
1752 1869 1994 1924 hominis
2043 1877 2126 1924 est

533 1973 725 2027 facies.

605 2063 796 2119 XXVI.
836 2061 1021 2130 Quare
1062 2060 1291 2131 copiose
1341 2055 1785 2114 demonstratum
1815 2065 2126 2123 est,_unam

531 2173 657 2214 esse
714 2162 920 2213 sanctae
967 2153 1263 2209 Trinitatis
1323 2151 1735 2223 Operationem,
1785 2164 1908 2221 quae
1958 2163 2126 2204 unam

535 2249 903 2307 substantiam
929 2261 1052 2303 esse
1086 2245 1252 2302 simul
1279 2245 1660 2310 demonstrat;
1692 2241 1965 2312 siquidem
1997 2241 2128 2312 quia

537 2364 647 2404 una
699 2343 1012 2402 substantia
1061 2339 1379 2396 divinitatis
1413 2353 1536 2393 esse
1590 2333 1970 2407 cognoscitur,
2017 2349 2128 2388 una

532 2439 701 2495 etiam
752 2446 810 2492 et
833 2434 1029 2490 eadem
1059 2430 1263 2493 Patris,
1297 2437 1354 2485 et
1383 2429 1532 2494 Filii,
1577 2437 1635 2483 et
1666 2426 1914 2498 Spiritus
1947 2425 2127 2480 sancti

535 2528 853 2586 substantia
876 2539 1000 2581 esse
1023 2522 1446 2578 demonstratur
1473 2537 1486 2574 :
1517 2519 1702 2574 statim
1731 2517 1882 2572 enim
1913 2525 1974 2570 ut
2001 2516 2129 2570 bra-

535 2621 727 2677 chium
765 2626 822 2674 et
873 2629 1071 2670 manus
1124 2610 1310 2668 Patris
1347 2605 1521 2664 Filius
1569 2607 1913 2670 nominatur,
1959 2602 2130 2658 fabri-

535 2721 692 2767 cator
739 2717 798 2764 et
835 2714 1052 2762 creator
1083 2718 1207 2758 esse
1237 2700 1596 2765 declaratur;
1635 2697 1834 2752 eodem
1870 2710 2128 2751 sermone

537 2801 702 2859 simul
732 2797 972 2869 Spiritus
1001 2803 1228 2851 sanctus
1259 2791 1463 2846 similia
1485 2790 1665 2844 facere
1691 2789 2125 2851 demonstratur,

537 2911 664 2952 cum
703 2890 910 2948 dicitur
944 2906 956 2941 :
995 2885 1186 2941 Manus
1234 2895 1340 2938 ture
1373 2885 1612 2953 fecerunt
1659 2897 1742 2935 me
1789 2889 1839 2934 et
1891 2879 2132 2951 plasma-

536 2994 725 3044 verunt
770 3000 852 3039 me
891 2983 954 3035 ⁷⁸.
1022 2980 1238 3035 Dicitur
1288 2977 1436 3033 enim
1483 2976 1602 3046 ipse
1665 2974 1833 3030 etiam
1888 2973 2131 3044 Spiritus

2231 500 2474 572 Spiritus
2499 510 2727 557 sanctus
2774 515 2900 556 cum
2933 501 3094 556 Patre
3113 509 3170 556 et
3213 499 3354 555 Filio
3376 498 3540 554 simul
3573 502 3776 559 exsistat

2230 601 2491 664 tanquam
2539 609 2666 650 cum
2705 602 2890 650 mente
2925 601 2983 650 et
3044 593 3244 650 Verbo.
3265 592 3504 648 Etenim
3537 573 3779 652 Dominus

2227 684 2622 742 demonstrans
2651 703 2719 742 ex
2751 703 2810 744 se
2851 689 2971 758 ipso
2998 687 3179 756 ipsum
3198 685 3490 751 exsistere,
3521 686 3781 743 insuﬂlans

2228 778 2517 849 discipulis
2539 779 2681 835 dixit
2701 797 2713 833 :
2733 781 2966 850 Accipite
2987 778 3254 851 Spiritum
3269 787 3513 832 sanctum
3529 779 3570 810 ⁸⁸
3593 793 3608 845 ;
3638 795 3781 850 quem

2227 872 2454 942 quidem
2477 872 2580 944 ipsi
2602 872 2864 944 discipuli
2887 872 3136 929 adhibita
3161 872 3480 943 precatione
3504 887 3602 942 per
3628 873 3783 943 impo-

2225 967 2485 1022 sitionem
2516 983 2780 1022 manuum
2819 966 3179 1021 credentibus
3212 965 3554 1021 tribuebant.
3585 965 3659 1019 Ex
3693 982 3785 1036 quo

2222 1057 2356 1114 licet
2406 1059 2778 1114 differentiam
2811 1059 3097 1114 servitutis
3135 1066 3190 1113 et
3224 1057 3556 1128 aequalitatis
3607 1058 3787 1113 intelli-

2225 1165 2376 1220 gere.
2398 1149 2650 1218 Apostoli
2688 1151 2839 1204 enim
2871 1159 3165 1219 precantes
3193 1156 3251 1204 et
3291 1157 3555 1218 tanquam
3578 1147 3788 1202 Domino

2225 1239 2606 1310 supplicantes
2633 1239 2903 1310 Spiritum
2926 1250 3180 1295 sanctum
3197 1239 3269 1294 iis
3291 1238 3551 1309 quidigni
3570 1238 3785 1294 adventu

2223 1331 2344 1399 ejus
2386 1337 2568 1394 erant,
2602 1329 2779 1384 veluti
2808 1328 3170 1385 inducebant.
3204 1329 3454 1384 Salvator
3471 1345 3602 1384 vero
3623 1337 3788 1385 noster

2223 1437 2288 1476 ex
2321 1437 2380 1476 se
2414 1423 2558 1491 ipso,
2586 1431 2847 1492 tanquam
2868 1439 2936 1477 ex
2953 1422 3194 1493 quodam
3220 1422 3506 1485 thesauro,
3538 1421 3788 1491 praebebat

2223 1529 2351 1568 eum
2385 1514 2452 1568 iis
2495 1514 2591 1583 qui
2620 1513 2752 1568 facti
2785 1523 2949 1568 erant
2983 1529 3083 1583 per
3125 1513 3429 1582 puritatem
3457 1515 3586 1568 vitae
3628 1514 3787 1569 idonei

2224 1602 2292 1657 ad
2313 1603 2693 1674 excipiendam
2717 1605 3000 1675 energiam
3020 1605 3163 1675 ejus.
3196 1605 3377 1675 Atque
3407 1605 3669 1675 apostolis
3689 1607 3790 1676 qui-

2229 1695 2354 1752 dem
2399 1697 2590 1752 aderat
2644 1713 2865 1766 semper
2920 1697 3616 1768 participate;.Salvatori
3679 1715 3790 1755 vero

2228 1788 2452 1844 Christo
2502 1798 2558 1844 et
2599 1789 2712 1844 Deo
2749 1798 2966 1854 nostro,
3016 1799 3277 1860 tanquam
3307 1791 3787 1846 consubstantialis.

2227 1881 2296 1936 Et
2343 1881 2490 1936 idem
2532 1882 2678 1936 Deus
2729 1885 2834 1936 hac
2881 1882 3104 1936 ratione
3146 1883 3356 1939 dicitur
3407 1883 3648 1954 Spiritus
3691 1884 3790 1947 Dei,

2227 1981 2284 2030 et
2305 1972 2547 2042 Spiritus
2574 1970 2805 2039 Christi,
2851 1987 2964 2026 non
2991 1973 3139 2028 sicut
3173 1973 3564 2028 ministrantes
3592 1974 3792 2044 spiritus

2227 2065 2297 2120 ad
2344 2064 2717 2119 ministerium
2767 2063 2920 2120 missi
2959 2085 2972 2119 :
3014 2065 3095 2118 illi
3139 2065 3287 2120 enim
3340 2065 3794 2134 circumscriptam

2229 2158 2596 2216 substantiam
2631 2157 2858 2223 habent,
2881 2157 2956 2211 ita
2977 2166 3037 2212 ut
3069 2174 3178 2212 non
3203 2165 3415 2228 posset,
3439 2158 3671 2228 exempli
3696 2174 3797 2230 gra-

2231 2252 2328 2318 tia,
2369 2251 2593 2307 Gabriel
2620 2265 2743 2305 esse
2773 2250 2830 2304 in
2852 2249 2994 2304 ccelo
3048 2249 3212 2304 simul
3235 2257 3292 2304 et
3326 2249 3478 2319 apud
3504 2249 3793 2319 Virginem;

2229 2361 2333 2400 nec
2359 2343 2506 2414 apud
2532 2342 2818 2397 Danielem
2843 2341 2898 2395 in
2927 2341 3248 2412 Babylonia,
3281 2348 3339 2395 et
3378 2341 3437 2394 in
3458 2341 3644 2396 Iudaea
3672 2339 3794 2410 apud

2230 2437 2554 2492 IIabbacum
2591 2453 2604 2489 :
2640 2434 3143 2505 siquidem.creata
3189 2442 3274 2488 est
3323 2443 3527 2488 natura
3566 2433 3697 2505 ejus.
3741 2431 3796 2486 At

2231 2529 2473 2599 Spiritus
2522 2535 2748 2583 sanctus
2798 2526 2891 2596 qui
2946 2527 3131 2582 omnia
3166 2527 3382 2598 implet,
3437 2533 3494 2581 et
3541 2525 3592 2578 in
3633 2523 3795 2580 Judaa

2229 2621 2420 2678 aderat
2449 2621 2767 2692 prophetis;
2819 2629 2877 2674 et
2905 2619 3141 2690 captivis
3170 2619 3225 2674 in
3283 2618 3620 2689 Babylonia;
3644 2624 3795 2671 eteos

2228 2715 2326 2784 qui
2376 2715 2433 2768 in
2485 2713 2719 2786 Egypto
2759 2721 2938 2776 erant,
3005 2727 3116 2766 non
3171 2711 3500 2794 deserebat;
3565 2707 3794 2764 omnibus

2234 2821 2500 2878 praesens,
2551 2814 2616 2860 ut
2657 2805 2897 2876 quisque
2949 2819 3121 2874 capax
3189 2812 3335 2869 erat,
3386 2813 3445 2858 et
3500 2801 3793 2872 sapientiam

2232 2896 2460 2952 tradens
2504 2912 2606 2966 pro
2667 2890 3031 2966 proportione
3087 2894 3238 2950 ﬁdei.
3293 2893 3581 2965 Siquidem
3627 2906 3794 2948 omnes

2231 2989 2514 3059 apostolos
2556 2988 2847 3059 implevit:
2880 2987 2949 3042 Et
2989 2986 3344 3057 loquebantur
3393 2988 3554 3042 variis
3601 2985 3790 3055 linguis,

539 3086 769 3136 sanctus
817 3088 1016 3130 manus
1058 3070 1243 3166 Ρθξγίε
1282 3087 1303 3166 ³-
1332 3068 1386 3124 id
1431 3066 1584 3166 (ιυρει
1632 3065 1956 3166 Ριθηξυε-θξ
2156 3107 2200 3166 C
2234 3090 2390 3153 prout
2421 3080 2653 3153 Spiritus
2686 3091 2903 3136 sanctus
2926 3081 3089 3135 dabat
3119 3081 3194 3134 eis
3225 3080 3404 3150 eloqui
3446 3081 3526 3145 3’;
3577 3087 3630 3134 et
3655 3093 3790 3148 pere-

539 3170 745 3246 phetiis
778 3166 1096 3223 didicimus.
1129 3163 1186 3220 Si
1215 3162 1365 3218 enim
1415 3159 1698 3232 prophetae
1735 3159 1885 3230 pleni
1917 3158 2128 3229 Spiritu

540 3273 733 3324 sancto
761 3256 1302 3317 intererant'futnris
1343 3263 1604 3324 tanquam
1631 3252 2026 3324 praesentibus,
2064 3251 2130 3305 lia

538 3364 696 3431 quet,
745 3352 1190 3425 quotiescunque
1223 3348 1419 3404 dicunt
1448 3364 1460 3400 :
1493 3344 1658 3400 Facta
1691 3353 1768 3399 est
1811 3361 1998 3398 manus
2019 3343 2129 3397 Do—

533 3451 676 3506 mini
716 3461 878 3519 super
912 3461 994 3498 me
1033 3443 1102 3507 7’,
1152 3439 1455 3510 adventum
1511 3451 1609 3491 eos
1657 3435 1899 3504 Spiritus
1953 3433 2129 3488 sancti

543 3546 836 3612 nuntiare;
886 3539 1164 3612 siquidem
1213 3554 1313 3608 per
1360 3535 1632 3606 Spiritum
1681 3543 1938 3591 sanctum
1991 3536 2130 3590 ﬁunt

543 3639 902 3712 prophetiae:
948 3633 1097 3706 quod
1152 3647 1317 3688 nemo
1369 3631 1627 3687 dubitare
1673 3629 1862 3694 debet,
1910 3630 2007 3700 qui
2043 3630 2131 3683 in-

546 3730 842 3794 tellexerit,
894 3744 1018 3799 quae
1070 3725 1332 3796 superius
1377 3724 1621 3779 diximus
1665 3720 1736 3777 de
1790 3721 1962 3792 digito
2007 3721 2128 3788 Dei,

537 3841 666 3881 esse
706 3822 924 3880 scilicet
961 3835 1088 3876 eum
1129 3818 1363 3890 digitum
1411 3817 1679 3887 Spiritum
1713 3823 1986 3877 sanctum,
2022 3829 2132 3884 quo

545 3915 719 3988 digito
762 3915 849 3970 lex
876 3912 1080 3985 Moysis
1122 3911 1176 3966 in
1209 3910 1450 3981 lapideis
1492 3909 1696 3965 tabulis
1729 3907 1854 3963 data
1877 3917 1984 3963 est.
2017 3907 2135 3962 Hoc

539 4009 709 4064 etiam
762 4007 994 4062 Elisaeus
1048 4004 1103 4058 in
1140 4003 1432 4075 aenigmate
1457 4000 1808 4072 signiﬁcavit,
1858 4015 1985 4056 cum
2015 3998 2131 4053 ait:

545 4102 776 4172 Accipite
816 4100 944 4153 mihi
973 4095 1314 4169 psallentem.
1359 4094 1430 4149 Et
1467 4095 1670 4164 factum
1705 4101 1802 4159 est,
1834 4109 1953 4146 cum
1986 4090 2134 4163 psal-

548 4193 677 4248 leret
738 4193 828 4263 qui
880 4189 1178 4262 psallebat,
1244 4188 1388 4256 facta
1451 4194 1528 4240 est
1579 4201 1738 4256 super
1779 4201 1900 4238 eum
1944 4201 2135 4238 manus

537 4285 760 4340 .Domini
787 4285 868 4350 3°;
902 4293 959 4338 et
1007 4281 1147 4336 dixit
1187 4277 1512 4334 declarandi
1567 4278 1746 4348 gratia
1785 4294 1798 4330 :
1834 4276 2134 4346 Etifactum

547 4389 622 4434 est
645 4377 878 4448 Spiritus
929 4376 1141 4430 Domini
1189 4389 1349 4443 super
1383 4388 1533 4425 eum.

2231 3174 2553 3246 grinabatur
2607 3190 2732 3230 cum
2773 3173 3292 3246 peregrinantibus;
3329 3183 3388 3228 et
3423 3189 3546 3228 cum
3575 3185 3790 3228 commo-

2232 3269 2487 3324 rantibus
2518 3269 2986 3334 commorabatur,
3045 3267 3330 3322 individue
3380 3275 3437 3322 et
3476 3263 3790 3336 impartibili-

2231 3369 2316 3417 te’r
2331 3377 2457 3416 cum
2483 3360 2744 3416 omnibus
2772 3361 3063 3426 habitans;
3097 3368 3153 3414 et
3181 3360 3493 3415 Antiochiae
3515 3357 3787 3413 Barnabam

2229 3462 2287 3510 et
2335 3454 2562 3510 Saulum
2584 3453 2921 3520 ordinabat;
2959 3461 3016 3509 et
3051 3469 3177 3508 cum
3217 3454 3386 3509 Petro
3416 3463 3580 3524 atque
3608 3451 3789 3507 Joanne

2232 3545 2289 3599 in
2323 3544 2570 3600 Samaria
2617 3547 2838 3611 aderat;
2885 3555 2943 3600 et
2980 3545 3048 3600 ad
3105 3546 3245 3601 alios
3282 3547 3510 3617 quidem
3561 3542 3788 3599 veniebat

2232 3655 2334 3709 per
2362 3638 2773 3708 impositionem
2817 3655 3084 3694 manuum
3119 3641 3500 3710 apostolorum
3550 3654 3644 3709 per
3673 3648 3788 3706 quos

2233 3731 2596 3801 loquebatur;
2663 3731 2804 3786 alios
2873 3747 3008 3787 vero
3068 3732 3137 3787 ad
3203 3733 3360 3802 prmd
3387 3731 3619 3788 candum
3682 3728 3787 3782 mit-

2234 3825 2406 3888 tebat,
2445 3823 2583 3877 alios
2639 3839 2746 3877 non
2800 3823 3020 3879 sinebat
3067 3810 3149 3878 ire
3195 3841 3306 3893 quo
3353 3825 3625 3879 volebant.
3684 3820 3785 3874 Haec

2235 3917 2420 3971 omnia
2487 3925 2617 3970 sunt
2679 3917 2931 3987 exempla
3009 3917 3326 3972 divinarum
3399 3917 3783 3988 aperationum,

2236 4003 2439 4073 quibus
2497 4004 3052 4086 substantia‘aperte
3107 4007 3447 4062 declaratur.

2309 4096 2546 4150 XXVIII.
2583 4097 2767 4151 Multis
2800 4097 3240 4168 digressionibus
3280 4114 3419 4153 usus
3456 4114 3574 4153 sum
3613 4105 3664 4151 et
3693 4095 3784 4148 ior-

2241 4199 2384 4262 tasse
2412 4204 2524 4242 non
2553 4188 2848 4254 inutiliter,
2873 4206 2998 4245 cum
3017 4193 3374 4261 propositum
3403 4192 3569 4247 fuerit
3594 4191 3788 4245 demon-

2232 4291 2415 4336 strare
2454 4281 2709 4335 eamdem
2751 4295 2874 4336 esse
2919 4283 3320 4350 substantiam,
3357 4294 3414 4338 et
3454 4283 3786 4353 aequalitatem

2223 4387 2625 4441 .personarum.
2677 4371 2862 4442 Longe
2915 4373 3063 4427 enim
3119 4373 3365 4428 alienum
3423 4383 3504 4429 est
3547 4389 3578 4428 a
3630 4377 3785 4426 Sancta

615 4471 831 4528 XXVII.
874 4471 1324 4525 Demonstratum
1348 4480 1484 4536 ergo
1519 4473 1606 4519 est
1644 4464 1712 4519 iis
1737 4464 1831 4534 qui
1865 4480 1974 4519 non
1998 4479 2132 4519 con-
2167 4465 2212 4521 ι)
2239 4464 2513 4518 Trinitate
2547 4463 2735 4519 dicere
2771 4465 2827 4519 in
2864 4482 2928 4521 ea
2963 4469 3143 4539 majus
3167 4478 3235 4523 et
3267 4471 3454 4524 minus
3490 4485 3502 4520 :
3537 4462 3633 4520 etsi
3665 4461 3784 4517 enim

550 4564 831 4619 tradicunt
877 4561 1247 4624 contentiose,
1289 4557 1820 4614 consubstantialem
1852 4572 1976 4612 esse
2004 4573 2134 4612 san-

537 4665 692 4714 ctam
721 4655 1086 4719 Trinitatem;
1138 4652 1303 4708 simul
1335 4651 1500 4706 etiam
1553 4651 1988 4706 demonstratum
2027 4658 2134 4715 est,

549 4749 704 4805 nefas
755 4763 880 4803 esse
933 4745 1299 4817 particulares
1357 4743 1698 4798 substantias
1759 4742 2070 4813 intelligere
2121 4759 2134 4794 :

535 4841 698 4896 unde
717 4839 869 4896 enim
890 4837 1396 4894 demonstravimus
1416 4844 1665 4891 mutuam
1687 4833 2137 4906 conjunctionem

536 4933 936 5003 operationum
987 4940 1031 4993 τ,
1075 4929 1201 4983 inde
1240 4943 1407 4982 unam
1442 4942 1566 4981 esse
1613 4925 1986 4980 substantiam
2031 4925 2139 4979 im-

549 5024 868 5095 partibilem
916 5021 1271 5076 manifestum
1323 5018 1582 5082 iecimus,
1609 5032 1810 5087 nempe
1854 5017 2137 5086 insepara-

542 5115 693 5172 biles
713 5112 836 5171 esse
862 5114 1227 5186 hypostascs;
1266 5126 1394 5167 cum
1417 5125 1600 5180 neque
1631 5109 1804 5164 Filius
1829 5107 1950 5162 sine
1978 5107 2140 5162 Patre

623 5272 672 5302 ⁷³
704 5270 848 5324 Psal.
905 5285 1050 5326 xxvi.
1092 5267 1145 5323 8.

553 5426 612 5478 ιι,
641 5413 696 5466 4.
772 5411 816 5443 ⁸³
837 5411 994 5465 Joan.
1019 5426 1127 5476 xw,
1149 5409 1238 5462 28.

1232 5266 1286 5299 ’νε
1333 5265 1479 5321 Psal.
1535 5279 1717 5330 cxvm,
1767 5259 1855 5318 58.
1931 5264 1976 5296 "
2027 5264 2172 5320 Psal.
2214 5278 2324 5330 XVI,
2370 5267 2429 5322 2.

555 5339 601 5373 "
626 5341 768 5395 Psal.
811 5357 994 5404 cxvm,
1026 5339 1114 5392 '73.
1191 5339 1238 5370 ’³
1271 5335 1480 5392 Ezech.
1519 5352 1598 5400 ιιι,
1624 5335 1725 5400 2:2;
1759 5349 1941 5399 χχχιιι,
1973 5335 2074 5402 22;
2104 5351 2302 5401 xxxv",
2331 5338 2380 5391 i.

2237 4556 2443 4612 dicitur
2491 4556 2656 4610 Pater
2705 4559 2883 4628 major
2911 4545 3106 4626 ‘Filio,
3154 4561 3312 4619 sicut,
3351 4562 3610 4632 scriptum
3659 4563 3734 4612 est
3772 4571 3782 4604 :

2237 4647 2403 4703 Pater
2431 4652 2608 4722 major
2637 4665 2718 4704 me
2752 4659 2826 4703 est
2847 4648 2916 4715 ⁸³,
2940 4651 3155 4707 scilicet
3181 4655 3358 4725 major
3381 4654 3580 4708 dicitur
3605 4649 3782 4704 ratione

2223 4739 2532 4811 .principii,
2564 4757 2678 4796 non
2730 4741 2948 4800 ratione
2995 4745 3319 4802 substantiae
3365 4765 3377 4800 :
3417 4746 3644 4801 fortasse
3677 4753 3783 4794 vero

2241 4829 2426 4884 minor
2473 4832 2633 4886 Patre
2685 4832 2894 4887 dicitur
2942 4833 3149 4902 Filius,
3194 4819 3470 4906 quatenus
3515 4835 3679 4889 factus
3717 4835 3784 4883 est

2243 4924 2428 4979 minor
2456 4925 2708 4997 angelis,
2740 4936 2969 4996 propter
3008 4930 3444 5000 assumptionem
3485 4925 3655 4982 carnis
3697 4941 3708 4974 :
3741 4926 3782 4974 ει

2243 5015 2351 5070 hoc
2385 5017 2559 5087 magis
2591 5019 2894 5073 tenendum
2927 5029 3014 5075 est
3051 5040 3063 5075 :
3098 5039 3208 5078 non
3237 5024 3393 5096 enim
3415 5021 3612 5076 dicitur
3637 5014 3782 5084 major

2243 5124 2374 5172 esse,
2413 5109 2624 5182 Spiritu
2677 5121 2904 5179 sancto,
2947 5114 3044 5170 sed
3094 5115 3237 5172 Filio
3287 5115 3406 5171 solo
3451 5112 3544 5184 qui
3594 5118 3778 5165 carnem

2531 5266 2581 5300 ⁷⁸
2621 5267 2766 5324 Psal.
2825 5285 3016 5335 xxxm,
3066 5273 3153 5327 l7.
3267 5273 3313 5306 "
3345 5271 3482 5328 Psal.
3547 5283 3647 5328 cm,
3691 5259 3772 5335 50-

2455 5339 2504 5371 ⁸⁰
2545 5339 2610 5396 IV
2641 5340 2775 5412 Reg.
2804 5357 2882 5408 ιιι,
2911 5332 3012 5398 i5.
3073 5343 3115 5376 ⁸¹
3143 5343 3300 5399 Joan.
3337 5359 3426 5409 xx,
3459 5340 3543 5396 22.
3617 5332 3773 5388 "AC!-

1797 5572 1804 5578 _
1831 5515 2068 5571 VARUE
2108 5517 2520 5574 LECTIONES.

625 5625 647 5654 τ
679 5615 809 5669 Mat.
843 5616 1111 5685 conjunct.
1147 5621 1354 5684 operat.
1388 5611 1744 5685 ἀλληλουχξαν
1773 5611 1881 5685 ’ζῶν
1911 5607 2618 5685 ἐνεργειῶνςΑλληλουχία.
2665 5626 2853 5674 mutua
2899 5621 3199 5678 habitatio:
3231 5623 3304 5679 ita
3341 5631 3399 5676 ut
3428 5621 3581 5675 Pater
3609 5610 3774 5685 habeat

552 5687 748 5741 Filium
783 5686 836 5739 in
867 5682 1027 5749 sc,ct
1054 5682 1227 5740 Filius
1270 5682 1522 5751 Patrem;
1559 5693 1614 5739 et
1653 5683 1896 5753 Spiritus
1943 5691 2165 5736 sanctus
2208 5682 2429 5738 Patrem
2473 5682 2538 5742 et
2585 5688 2821 5761 Filium;
2868 5702 2923 5748 et
2985 5693 3147 5750 Pater
3203 5703 3258 5750 ει
3331 5693 3494 5749 Filius
3547 5682 3772 5757 Spiritum

529 5768 804 5814 sanctum.
