4098 6420
408 399 556 467 1329

1441 410 1722 475 ORATIO
1762 414 1811 477 Ι.
1842 441 1911 451 -
1936 416 2034 477 DE
2075 416 2179 478 SS.
2220 414 2662 478 ΤΙΠΝΙΤᾹΤΕ.

3551 409 3688 475 I330

405 517 737 589 assumpsit.
772 516 834 573 ln
882 517 1193 575 substantia
1234 519 1405 591 igitur
1450 521 1659 578 frustra
1702 534 1999 603 et‘super-
2029 533 2073 587 Α
2103 525 2236 596 quid
2268 526 2422 582 aliud
2446 526 2499 583 ei
2523 523 2840 582 faciendum
2869 531 3037 590 esset,
3066 522 3163 595 qui
3192 535 3423 596 prepter
3447 536 3691 580 enarunt-
3716 582 3723 593 ,

405 618 589 664 vacue
626 608 805 679 majus
837 617 895 664 et
925 609 1113 666 minus
1146 612 1416 681 quaeritur
1457 632 1470 668 :
1509 615 1820 670 substantia
1853 616 2007 671 enim

409 716 524 756 non
558 686 768 773 recipit
811 704 995 775 majus
1027 711 1085 759 et
1125 704 1343 772 minus,
1382 716 1443 761 ut
1478 708 1652 764 exteri
1691 708 2005 779 philosophi

411 794 664 849 tradunt.
703 795 879 851 Unam
924 796 1094 862 igitur
1137 797 1506 853 substantiam
1552 802 1913 870 proﬁtemur,
1949 802 2005 857 in

409 903 522 958 qua
557 903 833 959 generans
879 897 937 945 et
970 890 1220 961 genitum
1252 902 1310 947 et
1341 894 1651 963 procedens
1687 911 1829 950 unus
1860 895 2007 951 Deus

410 986 520 1033 est.

488 1067 682 1124 XXIX.
717 1069 1015 1138 Quomodo
1047 1083 1234 1130 autem
1271 1085 1573 1146 generatur
1605 1076 1883 1144 Verbum,
1917 1077 2007 1134 vel

409 1162 675 1233 procedit
732 1164 1010 1236 Spiritus,
1060 1183 1132 1222 ne
1181 1168 1404 1224 curiose
1455 1168 1837 1240 inquiramus;
1893 1185 2009 1226 non

410 1256 566 1311 enim
618 1264 800 1313 tutum
852 1267 937 1314 est
977 1267 1034 1315 et
1079 1260 1332 1331 periculo
1393 1277 1596 1318 vacans
1634 1280 1648 1317 :
1697 1262 1807 1318 hoc
1854 1262 2006 1318 enim

409 1348 767 1406 solummodo
811 1352 1094 1423 cognitum
1134 1361 1221 1409 est
1260 1352 1557 1424 principio,
1591 1364 1649 1411 et
1689 1355 1758 1411 iis
1799 1355 1896 1426 qui
1938 1371 2009 1411 ex

409 1439 538 1510 ipso
569 1442 891 1499 ditl'erenter
919 1453 1126 1500 exeunt
1151 1464 1163 1499 :
1199 1446 1363 1502 nobis
1394 1461 1547 1512 vero,
1579 1448 1675 1518 qui
1712 1464 1811 1518 per
1840 1447 2004 1504 ﬁdem

408 1532 675 1589 instructi
702 1550 894 1592 sumus
911 1537 979 1593 ad
1006 1538 1307 1612 perfectam
1334 1540 1580 1612 mysterii
1607 1541 2003 1612 cognitionem,

409 1623 553 1679 satis
594 1634 680 1680 est
719 1642 1056 1697 cognoscere
1100 1631 1279 1685 Deum
1317 1648 1490 1686 unum
1529 1648 1689 1707 esse,
1740 1610 1798 1688 et
1840 1650 2006 1692 unam

410 1729 675 1773 naturam
721 1720 1062 1793 divinitatis,
1105 1725 1360 1794 quamvis
1404 1725 1461 1780 in
1512 1726 1692 1782 tribus
1733 1729 2005 1797 cernitur,

408 1811 726 1882 principio,
753 1822 817 1880 ,ει
858 1824 1140 1881 creatore,
1171 1826 1227 1871 et
1268 1817 1584 1888 perfectore
1640 1837 1654 1874 :
1708 1819 1814 1875 tria
1854 1819 2005 1875 enim

2109 624 2218 671 tem
2241 618 2411 673 vellet
2435 633 2533 673 eos
2558 618 2654 688 qui
2678 632 2871 672 errore
2896 615 3184 683 labuntur,
3207 616 3499 685 dedocere,
3522 632 3689 689 quam

2104 724 2242 764 voce
2271 709 2454 780 patria
2483 717 2540 764 et
2566 709 2766 765 usitata
2798 708 3148 764 auditoribus
3184 709 3301 764 uti?
3335 716 3397 764 ut
3427 724 3495 765 ex
3528 709 3691 765 nobis

2086 798 2244 870 .ipsis
2291 801 2444 872 quod
2488 802 2702 874 justum
2754 810 2868 868 est,
2912 800 3248 873 judieemus.
3295 800 3488 857 Omnis
3539 802 3690 856 enim

2104 892 2274 947 homo
2328 894 2610 949 hominem
2660 894 2897 949 similem
2958 893 3263 950 secundum
3324 893 3687 951 substantiam

2105 994 2365 1056 generat;
2403 994 2460 1042 et
2491 986 2675 1043 omnis
2706 988 2802 1057 qui
2834 996 3095 1059 generat,
3126 997 3283 1058 pater
3313 996 3428 1052 est;
3465 995 3523 1042 et
3554 986 3689 1041 item

2106 1078 2204 1149 qui
2243 1087 2563 1150 generatur,
2593 1080 2772 1147 ﬁlius;
2814 1089 3016 1136 neuter
3045 1089 3231 1135 autem
3263 1089 3344 1135 est
3380 1079 3578 1150 major,
3603 1078 3697 1133 vel

2110 1170 2297 1227 minor
2318 1180 2518 1227 natura
2547 1190 2562 1227 :
2591 1188 2696 1229 nec
2726 1173 2928 1244 aliquis
2955 1172 3160 1229 dicitur
3187 1187 3381 1228 creare
3412 1186 3563 1237 eum,
3595 1171 3701 1240 qui

2106 1280 2177 1319 ex
2224 1266 2343 1336 ipso
2392 1274 2689 1337 generatur
2734 1284 2749 1320 :
2799 1274 2857 1322 et
2904 1267 3010 1321 hoc
3057 1265 3376 1336 quicunque
3423 1272 3693 1319 est‘sanre

2107 1356 2341 1421 mentis,
2367 1364 2429 1410 ut
2456 1356 2699 1423 videtur,
2732 1355 3114 1422 conﬁtebitur,
3142 1356 3363 1413 discens
3395 1373 3462 1412 ex
3491 1357 3691 1411 huma-

2106 1447 2215 1511 nis,
2249 1448 2432 1518 quoad
2477 1448 2603 1504 ﬁeri
2643 1456 2847 1520 potest,
2881 1449 3091 1506 divina.
3129 1449 3235 1518 Qui
3279 1451 3427 1506 enim
3467 1459 3694 1521 generat

2108 1540 2285 1596 ﬁlium
2317 1542 2567 1613 ejusdem
2596 1556 2784 1597 secum
2810 1542 3154 1607 substantiae,
3178 1543 3508 1598 naturaliter
3528 1558 3693 1613 gene-

2109 1642 2196 1689 rat
2243 1652 2255 1689 :
2301 1634 2397 1705 qui
2442 1630 2646 1689 autem'
2678 1643 2861 1699 creat,
2903 1634 3054 1690 aliud
3095 1634 3327 1697 diversa:
3370 1634 3695 1690 substantiae

2108 1736 2290 1796 creat;
2337 1741 2394 1783 et
2437 1708 2941 1798 nunquam-ﬁlium
2986 1745 3000 1782 :
3047 1742 3219 1798 quare
3261 1728 3308 1783 si
3351 1727 3571 1799 genitus
3608 1735 3695 1781 est

2112 1819 2306 1884 Filius,
2330 1834 2441 1874 non
2471 1804 2561 1874 est
2586 1826 2872 1885 creatura;
2902 1818 3033 1873 etsi
3063 1827 3263 1874 natura
3292 1819 3455 1873 Pater
3482 1816 3569 1873 εει
3597 1818 3693 1886 qui

408 1904 645 1958 nomina
690 1915 821 1960 sunt
861 1907 1011 1962 circa
1058 1924 1222 1963 unam
1264 1910 1632 1966 substantiam
1654 1952 1670 1977 ,
1702 1919 1760 1968 et
1803 1928 2006 1967 unum—
2035 1899 2078 1952 Β
2107 1896 2321 1980 genuit,
2346 1927 2463 1982 quo
2485 1911 2652 1967 modo
2678 1911 2897 1967 dicetur
2926 1918 3145 1966 creator
3174 1910 3387 1981 geniti?
3417 1910 3570 1966 Hanc
3598 1927 3698 1966 na-

407 1994 684 2065 quodque
717 2013 883 2053 unam
918 1999 1261 2070 hypostasim
1296 2001 1541 2057 declarat
1570 2019 1682 2058 non
1719 2012 2011 2060 transeun-
2104 2002 2348 2056 turalem
2385 2002 2768 2074 cognationem
2801 2017 2871 2059 ex
2901 1999 3109 2056 nostris
3140 2000 3459 2055 nominibus
3491 2016 3697 2072 cogno-

417 2095 536 2141 tem
573 2088 630 2141 in
667 2089 855 2156 aliam,
882 2099 940 2146 et
973 2091 1174 2146 factum
1206 2092 1355 2163 quod
1390 2110 1500 2151 non
1530 2104 1670 2150 erat.
1697 2095 1792 2151 Ha:
1823 2105 2009 2152 autem

415 2187 554 2232 sunt
587 2179 772 2247 Pater,
800 2190 856 2237 et
890 2182 1099 2249 Filius,
1130 2193 1186 2239 et
1221 2185 1467 2261 Spiritus
1501 2196 1779 2243 sanctus:
1816 2189 2009 2245 eadem
2041 2173 2046 2178 ’

414 2269 570 2324 enim
609 2273 909 2341 saepissime
953 2275 1141 2331 dicere
1187 2278 1390 2340 tutius,
1422 2286 1480 2334 et
1512 2279 1737 2335 cautius
1772 2288 1860 2335 est
1896 2298 1912 2335 :
1952 2280 2009 2335 in

416 2361 513 2416 his
551 2363 842 2421 initiamur
888 2366 944 2421 in
982 2368 1295 2437 baptismo,
1329 2377 1386 2425 et
1424 2370 1660 2425 salutem
1705 2386 1804 2441 per
1832 2371 2009 2429 ﬁdem

420 2467 807 2525 reportamus,
841 2468 897 2514 et
931 2460 999 2515 ad
1033 2461 1201 2515 vitam
1239 2462 1610 2518 immortalem
1644 2471 1700 2519 et
1726 2473 2010 2535 nunquam

424 2560 805 2604 senescentem
838 2566 902 2606 ac
944 2551 1145 2609 inﬁniti
1190 2554 1377 2609 saeculi
1408 2555 1701 2621 redimus,-
1722 2557 2012 2627 credentes

423 2637 489 2693 in
542 2640 742 2709 quibus
796 2641 1064 2713 baptizati
1121 2659 1350 2709 sumus,
1408 2654 1464 2700 et
1522 2645 1729 2715 quibus
1781 2645 2011 2715 ascripti

419 2746 687 2788 sumus:
727 2734 783 2791 hi
830 2744 1017 2793 autem
1058 2746 1191 2793 sunt
1228 2755 1371 2793 unus
1410 2739 1563 2815 Dcus
1598 2740 1772 2805 solus,
1804 2738 1861 2793 in
1902 2753 2013 2809 quo

418 2840 740 2895 generans,
782 2838 840 2884 et
882 2830 1137 2901 genitus,
1183 2838 1239 2887 et
1288 2831 1624 2902 procedens.
1651 2846 1796 2886 unus
1844 2831 2011 2886 Deus.

418 2918 658 2975 Omissis
676 2921 844 2992 igitur
855 2923 1173 2994 superﬁuis,
1188 2930 1507 2985 sanctorum
1519 2924 1752 2982 vocibus
1768 2932 2013 2991 utamur,

418 3025 551 3080 qua:
584 3007 749 3069 nobis
772 3013 921 3084 'ipsis
962 3016 1113 3085 quod
1156 3020 1338 3072 tutum
1381 3025 1467 3071 est
1497 3024 1555 3070 et
1588 3015 1755 3071 simul
1795 3031 1826 3069 a
1861 3015 2015 3086 peri-

418 3101 555 3156 culo
580 3112 763 3168 vacat,
795 3104 1067 3174 praebent.
1094 3105 1188 3162 lla:
1214 3115 1403 3163 autem
1432 3122 1599 3166 voces
1631 3108 2014 3180 theologorum

420 3195 805 3265 generationis
839 3198 1244 3266 meminerunt,
1279 3200 1625 3257 declarantes
1656 3201 1820 3272 plane
1853 3201 2016 3258 habi-

423 3287 680 3344 tudinem
701 3330 717 3355 ,
753 3306 920 3361 quam
961 3291 1131 3354 habet
1164 3292 1505 3365 principium
1548 3295 1617 3350 ad
1655 3310 1785 3351 eum
1819 3295 1915 3367 qui
1948 3311 2017 3351 ex

418 3379 549 3453 ipso
592 3379 875 3455 principio
921 3385 1144 3447 exsistit
1188 3405 1201 3442 :
1252 3386 1368 3457 Ego
1413 3386 1593 3455 enim,
1624 3387 1834 3459 inquit,
1864 3389 2018 3443 hodie

422 3468 587 3545 genui
622 3482 672 3530 te
692 3475 769 3543 ⁸⁸;
810 3486 869 3533 ει
908 3495 923 3532 :
956 3477 1095 3535 Ante
1141 3476 1422 3550 luciferum
1461 3481 1620 3551 genui
1662 3487 1711 3534 te
1730 3480 1810 3547 9';
1852 3488 2018 3551 atque

423 3562 550 3619 haec
582 3563 809 3635 quidem
846 3573 1112 3637 tanquam
1147 3584 1179 3623 a
1212 3568 1487 3640 principio
1528 3588 1541 3625 :
1575 3570 1645 3625 ab
1680 3570 1797 3641 ipsa
1831 3580 2016 3631 autem

430 3655 721 3728 Sapientia
770 3658 909 3715 illud
956 3661 1168 3717 dictum
1217 3670 1305 3717 est
1356 3679 1370 3716 :
1422 3664 1561 3718 Ante
1618 3679 1799 3719 omnes
1854 3663 2016 3719 colles

426 3758 654 3820 generat
704 3767 787 3805 me
809 3752 880 3819 ⁸⁸,
926 3752 1076 3808 Deus
1122 3753 1357 3810 scilicet.
1399 3754 1708 3812 Didicimus
1754 3764 2019 3826 praeterea

423 3842 860 3912 appellationem
898 3843 1082 3899 Patris
1121 3861 1135 3899 :
1177 3844 1344 3900 Pater
1382 3847 1524 3900 enim
1564 3847 1707 3901 misit
1746 3863 1828 3901 me
1851 3847 1918 3912 ⁸⁷,
1941 3847 2020 3903 ait

429 3936 711 4005 Salvator;
744 3944 802 3992 ει
837 3954 852 3991 :
883 3936 997 4008 Ego
1029 3955 1063 3992 a
1090 3937 1254 3993 Patre
1283 3938 1451 4003 exivi,
1477 3946 1527 3993 et
1556 3940 1708 3994 uenio
1724 3938 1793 4005 ⁸⁸,
1823 3947 1880 3995 ει
1910 3938 2018 3995 alia

426 4029 1094 4101 ejusmodi.Vocaverunt
1112 4037 1299 4085 autem
1324 4029 1632 4102 Scriptura;
1657 4041 1864 4088 sancta:
1888 4047 2017 4087 eum

427 4122 530 4192 qui
577 4122 798 4193 genitus
845 4130 964 4189 est,
998 4122 1236 4190 Filium;
1287 4122 1434 4179 sicut
1475 4138 1604 4179 eum
1647 4122 1744 4194 qui
1787 4124 2016 4195 genuit,

430 4214 660 4269 Patrem
713 4232 727 4268 :
770 4213 939 4270 Filius
987 4215 1174 4281 enim,
1209 4215 1421 4285 inquit,
1452 4232 1598 4271 meus
1644 4232 1699 4271 es
1750 4224 1807 4271 tu
1826 4215 1894 4270 ⁸⁹.
1927 4215 2021 4273 Sic

428 4307 622 4363 divina
660 4308 946 4380 Scriptura
985 4309 1196 4365 nostris
1233 4310 1559 4366 nominibus
1594 4325 1698 4366 nos
1728 4310 1797 4366 ad
1829 4326 2019 4366 veram

431 4400 814 4472 cognitionem
863 4402 1160 4467 instruxit,
1195 4402 1293 4472 qui
1342 4416 1453 4457 non
1500 4410 1820 4471 poteramus
1857 4403 2021 4459 aliter

433 4492 628 4547 doceri
657 4507 724 4548 ea
751 4507 874 4563 quae
903 4492 1137 4563 spiritus
1170 4499 1303 4548 sunt
1338 4509 1351 4546 :
1388 4508 1493 4547 nec
1525 4493 1675 4547 enim
1709 4493 1840 4563 quia
1873 4493 2020 4549 Deus

2110 2094 2612 2162 vimus;.caeterum
2641 2094 2829 2150 divina
2858 2102 3010 2165 tanto
3033 2093 3123 2149 his
3153 2094 3474 2149 nominibus
3497 2094 3694 2149 altiora

2108 2194 2259 2250 sunt,
2279 2194 2489 2255 quanto
2514 2185 2608 2240 illa
2632 2195 2829 2241 natura
2860 2194 3051 2241 nostra
3078 2183 3276 2251 humili
3307 2192 3505 2238 natura
3532 2183 3696 2238 altior

2106 2288 2213 2335 est.
2236 2277 2623 2334 Consentanea
2652 2277 2740 2333 his
2769 2287 2958 2334 tenere
2981 2283 3199 2347 oportet
3221 2291 3339 2341 eos,
3360 2273 3456 2345 qui
3480 2274 3695 2340 volunt,

2110 2381 2173 2446 ut
2198 2370 2293 2425 Dei
2322 2371 2582 2426 voluntas
2608 2378 2715 2435 est,
2745 2370 2951 2426 vivere.

2181 2461 2376 2517 XXXl.
2405 2462 2464 2518 Si
2495 2472 2680 2521 autem
2711 2462 2968 2519 nonnulli
2998 2469 3193 2518 contra
3223 2472 3480 2517 naturam
3509 2475 3697 2517 rerum

2110 2558 2481 2628 cogitationes
2525 2557 2721 2612 inanes
2766 2556 3113 2613 fabricantur
3156 2571 3419 2626 perverso
3463 2554 3699 2610 consilio

2111 2658 2170 2705 et
2204 2649 2511 2719 proposito,
2540 2648 2692 2718 quod
2728 2648 2834 2703 sibi
2868 2649 2973 2718 ipsi
3011 2647 3066 2702 in
3100 2647 3306 2701 malum
3341 2661 3504 2701 suum
3540 2655 3598 2700 et
3628 2642 3696 2699 ad

2113 2740 2507 2811 decipiendum
2563 2739 2934 2812 simpliciores
2981 2738 3403 2809 excogitamnt,
3450 2750 3592 2791 vana
3641 2744 3700 2791 et

2114 2833 2302 2888 inania
2345 2831 2688 2888 meditantur
2735 2849 2749 2888 :
2803 2830 2871 2885 Et
2916 2840 3095 2903 erunt,
3131 2829 3332 2900 inquit,
3369 2826 3702 2900 fraudulenti

2117 2926 2367 2997 frustrati
2378 2926 2660 2983 uenatione
2674 2942 2693 2991 ;
2712 2940 2816 2980 nec
2830 2924 2979 2980 enim
2994 2924 3282 2979 veritatem
3300 2930 3700 2992 assequuntur;

2116 3026 2301 3088 neqde
2336 3024 2568 3074 vertunt
2606 3032 2729 3083 res,
2763 3025 2961 3075 contra
2996 3030 3135 3086 quas
3171 3022 3380 3070 novant
3410 3013 3643 3089 nomina
3683 3029 3701 3067 :

2120 3108 2226 3165 ﬁxa
2268 3109 2418 3166 enim
2459 3117 2544 3165 est
2576 3118 2775 3165 natura
2796 3123 3027 3174 rerum;
3059 3115 3118 3163 et
3148 3121 3263 3162 non
3299 3104 3616 3161 movebitur
3646 3102 3705 3158 in

2044 3243 2088 3303 ο
2122 3203 2386 3259 saeculum
2421 3200 2642 3270 saeculi;
2680 3201 2776 3258 sed
2810 3209 2875 3256 ut
2903 3210 3053 3266 erat,
3086 3208 3143 3255 et
3172 3207 3286 3264 est.
3317 3198 3399 3255 sic
3431 3203 3618 3254 manet
3647 3208 3706 3253 et

2121 3296 2470 3373 permanebit
2506 3314 2520 3350 :
2555 3311 2660 3352 nec
2691 3296 2810 3352 haec
2842 3303 2939 3351 aut
2969 3294 3062 3349 illa
3096 3292 3394 3364 appellatio
3427 3291 3702 3347 rationem

2120 3390 2242 3461 ejus
2279 3389 2336 3445 in
2372 3388 2525 3445 aliud
2564 3387 2872 3459 quidquam
2912 3386 3180 3451 mutabit,
3211 3385 3282 3441 ab
3319 3399 3388 3440 eo
3424 3382 3573 3454 quod
3613 3397 3703 3439 se-

2121 3480 2366 3536 cundum
2394 3489 2651 3536 naturam
2682 3487 2790 3547 est,
2815 3478 3058 3535 alienum
3072 3496 3098 3533 «ε
3128 3476 3407 3549 posterior
3428 3475 3580 3532 enim
3613 3483 3701 3530 est

2122 3571 2405 3643 impositio
2434 3571 2755 3637 nominum;
2783 3569 3109 3641 prioresque
3131 3579 3264 3626 sunt
3287 3582 3380 3624 res
3400 3567 3471 3623 de
3499 3566 3704 3638 quibus

2120 3664 2348 3719 nomina
2384 3663 2671 3721 dicuntur.
2703 3662 2762 3720 Si
2802 3664 2973 3735 igitur
3000 3672 3445 3719 naturarerum
3479 3658 3705 3716 nomina

2123 3754 2488 3821 conveniunt,
2517 3762 2577 3811 et
2608 3754 2665 3809 in
2699 3768 2794 3810 eas
2828 3768 2920 3809 res
2954 3753 3191 3823 pulchre
3223 3752 3404 3808 oratio
3433 3750 3700 3822 quadrat;

2121 3862 2254 3902 vera
2297 3848 2503 3903 merito
2537 3853 2772 3902 vocatur
2810 3846 3019 3902 nullam
3067 3846 3361 3901 incurrens
3397 3844 3729 3916 reprehen-.

2121 3937 2335 3994 sionem
2384 3955 2401 3993 :
2441 3938 2526 3994 sin
2569 3947 2754 3994 autem
2797 3946 2990 3995 contra
3027 3952 3142 3993 non
3184 3937 3485 3993 convenire
3522 3950 3707 4007 neque

2122 4027 2397 4098 quadrare
2432 4027 2767 4098 reperiatur,
2793 4026 3148 4097 manifestum
3178 4034 3295 4092 est,
3323 4025 3550 4097 probari
3582 4040 3705 4081 esse

2121 4114 2316 4173 falsam
2360 4134 2374 4171 :
2414 4124 2605 4191 manet
2640 4131 2774 4172 vero
2813 4108 3063 4187 res‘quat
3101 4116 3407 4171 secundum
3442 4123 3704 4171 naturam

2122 4210 2427 4267 constituta
2461 4216 2570 4273 est,
2601 4208 3144 4271 nulloincommodo
3179 4225 3247 4265 ex
3278 4208 3431 4265 falsa
3452 4208 3707 4265 oratione

2122 4310 2371 4373 accepto.
2397 4302 2576 4373 Atque
2601 4301 2706 4356 hoc
2727 4300 2951 4372 quidem
2980 4300 3036 4355 in
3068 4317 3399 4373 unaquaque
3428 4317 3489 4357 re
3508 4317 3705 4357 verum

2123 4402 2246 4452 esse
2287 4394 2613 4466 comperiet,
2639 4394 2685 4449 si
2724 4396 2857 4465 quis
2891 4405 3105 4466 quaerat
3141 4413 3155 4450 :
3194 4394 3344 4465 quod
3383 4395 3429 4451 si
3469 4394 3527 4449 in
3567 4410 3704 4448 una-

2122 4503 2342 4560 quaque
2390 4503 2481 4552 re,
2529 4470 2706 4542 multo
2751 4486 2928 4558 magis
2972 4487 3032 4541 in
3079 4486 3285 4542 divinis
3332 4481 3708 4556 dogmatibus.

432 4584 683 4656 propriis
706 4593 764 4639 et
788 4585 1139 4641 naturalibus
1168 4584 1491 4640 nominibus
1515 4583 1810 4655 indigeret,
1828 4593 2018 4641 nostra
2051 4593 2100 4653 ι)
2125 4580 2311 4637 Fallax
2334 4579 2484 4637 enim
2509 4579 2688 4634 oratio
2710 4577 2930 4649 aliquos
2951 4575 3126 4643 fallet,
3144 4584 3210 4632 ει·
3231 4575 3482 4633 fortassis
3507 4590 3539 4629 a
3564 4573 3709 4627 veri-

434 4676 544 4733 sibi
581 4677 909 4743 vindicavit,
942 4683 1001 4733 et
1040 4691 1142 4748 per
1184 4685 1397 4744 nostra,
1430 4684 1501 4732 ut
1533 4676 1744 4732 dictum
1782 4684 1887 4742 est,
1919 4692 2021 4739 sua

433 4784 541 4827 nos
571 4768 784 4826 docuit.

509 4861 681 4918 XXX.
712 4861 869 4917 Sicut
911 4860 1082 4933 igitur
1132 4859 1180 4915 si
1226 4859 1383 4930 quis,
1418 4874 1546 4915 cum
1591 4858 1760 4937 vellet
1800 4858 2023 4939 tradere

439 4954 637 5010 alienae
664 4952 879 5009 nationi
908 4952 1103 5008 utilem
1134 4950 1509 5020 disciplinam,
1535 4964 1768 5020 eamque
1800 4949 1870 5005 ad
1907 4966 2024 5006 me-

440 5047 641 5127 liorem
683 5054 890 5102 statum
926 5052 983 5100 et
1015 5045 1282 5123 optimam
1317 5042 1445 5098 vita:
1480 5056 1732 5097 normam
1768 5040 2024 5108 erudire;

440 5139 627 5196 inanis
657 5138 882 5210 penitus
909 5147 1059 5194 esset
1087 5152 1258 5207 opera
1292 5137 1414 5208 ejus
1446 5142 1504 5190 et
1533 5134 1804 5199 studium,
1832 5134 1881 5189 si
1916 5134 2028 5189 Iin-

440 5246 546 5303 gua
582 5246 684 5286 sua
711 5237 986 5294 uteretur,
1016 5244 1143 5284 cum
1176 5227 1256 5283 illi
1288 5228 1384 5298 qui
1417 5226 1525 5282 alia
1558 5226 1749 5298 lingua
1785 5227 2026 5297 loquun-

446 5331 560 5392 tur,
580 5340 697 5381 non
721 5331 955 5395 possunt
973 5321 1079 5378 nisi
1100 5319 1382 5393 propriam
1404 5318 1650 5391 linguam
1675 5317 1983 5395 intelligere
2009 5334 2023 5372 :

2126 4680 2239 4728 tate
2258 4671 2498 4750 abducet
2516 4685 2613 4726 eos
2632 4670 2728 4741 qui
2749 4684 2861 4741 non
2887 4675 3109 4725 suntea
3128 4667 3360 4732 imbuti;
3383 4680 3495 4720 non
3518 4672 3709 4723 tamen

2125 4764 2367 4821 mutabit
2394 4771 2649 4819 naturam
2679 4761 2886 4832 de.qua
2916 4757 3312 4832 pronuntiatur
3350 4774 3365 4811 :
3406 4771 3520 4812 non
3556 4755 3706 4812 enim

2124 4866 2277 4916 esset
2306 4865 2506 4914 natura
2545 4855 2800 4914 oratione
2837 4851 3134 4919 valentior,
3172 4851 3220 4907 si
3258 4865 3397 4908 sono
3438 4846 3711 4909 orationis

2126 4962 2215 5004 res
2244 4954 2614 5004 mutarentur.

2168 5038 2414 5095 -XXXII.
2449 5037 2558 5094 Sed
2601 5036 2885 5107 deinceps,
2915 5034 3047 5105 quia
3087 5030 3342 5089 fortassis
3376 5028 3496 5085 haec
3531 5026 3712 5085 oratio

2125 5142 2213 5189 est
2233 5130 2452 5202 longior
2469 5129 2640 5201 justo,
2656 5128 2726 5187 ad
2750 5128 2911 5197 aliam
2939 5139 3256 5198 pergemus,
3274 5121 3362 5177 vel
3391 5120 3576 5192 potius
3597 5134 3709 5178 non

2128 5223 2197 5279 ad
2223 5223 2433 5279 aliam:
2466 5220 2650 5278 adhuc
2672 5219 2825 5277 enim
2857 5219 2913 5274 in
2942 5217 3152 5274 eisdem
3181 5222 3456 5279 versatur,
3489 5210 3739 5269 tametsi.

2128 5315 2313 5371 variat
2326 5314 2558 5370 materia
2581 5310 3101 5385 argumentationis.

520 5471 566 5506 ⁶⁴
592 5478 733 5537 Psal.
754 5495 813 5547 ιι,
834 5479 887 5533 7.
963 5476 1009 5510 ⁸⁸
1027 5476 1170 5533 Psal.
1195 5490 1301 5539 eux,
1324 5473 1379 5527 5.
1455 5470 1501 5504 ⁸⁸
1521 5473 1684 5527 Prov.
1710 5485 1824 5540 vm,
1845 5468 2014 5539 25.."

2114 5485 2199 5525 an.
2228 5489 2280 5537 v,
2307 5471 2395 5526 3G.
2472 5469 2517 5504 ⁸⁸
2539 5471 2694 5527 Joan.
2722 5469 2941 5536 “1,28.
3020 5469 3063 5502 ⁸⁹
3085 5468 3230 5539 Psal.
3257 5483 3319 5535 ιι,
3339 5464 3405 5523 Ἰ..
