4098 6404
416 380 541 447 1331

1568 384 1630 444 5.
1665 378 2067 443 ANASTASII
2107 375 2550 445 ANTIOCHEN
2556 374 2583 434 Ι

3542 355 3570 414 1
3584 356 3702 420 232

437 537 3692 575 Μ

2019 688 2105 750 ΙΙ.

1587 806 1691 867 on
1728 767 2480 869 luelncunscmpro.

495 1075 538 1131 l.
565 1073 765 1133 Omnia
796 1071 965 1127 audet
985 1071 1174 1142 lingua
1200 1070 1416 1134 dolosa,
1446 1083 1571 1138 qua:
1601 1075 1657 1122 et
1676 1066 2002 1123 Creatorem
2036 1067 2082 1125 Α
2109 1075 2289 1130 rante,
2312 1065 2431 1120 sine
2457 1079 2569 1134 quo
2591 1078 2715 1118 esse
2741 1076 2851 1117 non
2880 1067 3085 1132 potest.
3109 1057 3202 1115 Sic
3228 1074 3243 1112 :
3271 1054 3401 1111 Caeli
3429 1064 3706 1109 enarrant

421 1164 749 1231 contemnit,
784 1169 841 1218 et
874 1176 998 1231 quae
1032 1161 1154 1231 ejus
1191 1160 1371 1217 virtus
1407 1160 1500 1224 sit,
1537 1173 1650 1213 non
1694 1156 1885 1213 sentit.
1923 1154 2009 1210 Sit

423 1254 585 1310 nobis
614 1252 884 1308 Dominus
915 1246 1125 1307 auxilio
1159 1251 1309 1321 spei,
1344 1250 1662 1319 tribuatque
1694 1231 2008 1317 sermonem

424 1344 732 1416 prudentiae
774 1350 1004 1415 propter
1044 1356 1143 1398 eos
1188 1316 1285 1412 qui
1331 1316 1588 1399 fructum
1623 1316 1911 1410 percipere
1953 1347 2011 1394 et

424 1437 779 1508 prudentiam
821 1450 1026 1506 augere
1047 1435 1282 1505 cupiunt
1322 1452 1334 1488 :
1375 1434 1625 1497 tuver‘o,
1649 1430 2009 1497 charissime,

423 1546 493 1585 ne
532 1544 659 1585 cum
700 1530 809 1593 eis,
838 1529 984 1585 sicut
1015 1528 1288 1600 scriptum
1324 1536 1411 1583 est
1432 1527 1499 1592 ὀ,
1531 1534 1757 1597 pactum
1789 1523 1960 1579 facias
1996 1540 2011 1578 :

423 1638 519 1677 eos
560 1621 707 1689 dico,
740 1622 835 1693 qui
876 1620 1050 1678 Deum
1096 1621 1462 1686 imminuunt,
1494 1626 1552 1675 et
1590 1619 1836 1675 divinam
1879 1618 2015 1674 sub-

425 1719 688 1772 stantiam
729 1717 1226 1782 circumscribunt,
1253 1725 1309 1772 et
1342 1702 1613 1787 quantum
1649 1714 1707 1773 iri
1742 1713 1877 1784 ipsis
1909 1721 2015 1777 est,

430 1809 657 1865 tradunt
684 1824 924 1865 vacuum
966 1824 1093 1866 esse
1133 1810 1456 1864 universum
1502 1824 1533 1863 3
1579 1806 1844 1863 (Ξτθειοτθ
1890 1805 2021 1865 uni-

2110 1159 2341 1232 gloriam
2376 1156 2504 1222 Dei;
2538 1165 2587 1211 et
2621 1171 2782 1224 Opera
2816 1169 3075 1209 manuum
3117 1151 3231 1221 ejus
3267 1148 3563 1205 annuntiat
3599 1146 3706 1214 fir-

2111 1245 2539 1312 momentum";
2581 1259 2690 1298 non
2732 1242 2899 1298 semel
2942 1242 3177 1302 factum,
3210 1247 3266 1293 et
3302 1253 3331 1292 a
3362 1236 3705 1291 fabricatore

2112 1354 2216 1395 suo
2242 1327 2571 1404 alienatum,
2603 1352 2823 1407 semper
2853 1336 3002 1391 enim
3035 1333 3247 1405 indiget
3278 1339 3701 1394 conservatore,

2113 1431 2211 1504 qui
2253 1446 2363 1486 non
2407 1431 2538 1488 sinit
2574 1439 2943 1485 veterascere.
2970 1425 3147 1490 Unde,
3181 1424 3311 1495 quia
3348 1438 3513 1478 omne
3554 1422 3706 1493 quod

2114 1530 2231 1601 pati
2262 1535 2469 1600 potest,
2489 1543 2603 1581 non
2631 1531 2960 1581 renovatum
2985 1521 3310 1584 veterascit;
3340 1518 3488 1589 quod
3516 1525 3709 1572 autem

2116 1629 2320 1676 natura
2346 1627 2697 1675 veterascere
2725 1622 2933 1688 potest,
2958 1629 3071 1668 non
3093 1624 3453 1668 veterascens
3479 1624 3714 1688 renova-

2119 1722 2213 1769 tur
2242 1730 2257 1767 :
2291 1706 2496 1767 coelum
2533 1709 2705 1781 igitur
2727 1682 2788 1767 et,
2813 1704 3059 1762 coclestia
3093 1717 3328 1773 corpora
3360 1716 3485 1771 quae
3517 1682 3714 1753 hacte-

2119 1820 2228 1865 nus
2255 1806 2401 1861 sicut
2426 1819 2457 1859 a
2483 1800 2761 1873 principio
2788 1794 3109 1860 facta'sunt,
3137 1795 3364 1859 durant,
3394 1790 3717 1847 renovatio-

428 1901 577 1956 νυνδὶ
609 1918 622 1955 ε
651 1900 746 1971 qui
774 1900 1035 1964 videntur
1061 1900 1140 1971 pii
1166 1915 1312 1964 esse.
1335 1899 1689 1970 impudenter
1714 1895 2021 1967 blasphemi
2123 1913 2252 1955 nem
2279 1898 2337 1952 in
2360 1911 2420 1951 se
2441 1892 2691 1965 quotidie
2714 1886 2836 1947 ﬁeri
2864 1888 3202 1965 ostendunt;
3233 1883 3716 1947 conservationem

655 1995 691 2008 .-
738 1996 750 2008 .
971 2005 979 2008 .
1286 1994 1342 2008 ι..
1412 1993 1445 2008 ιο
1645 2007 1684 2008 ,,
1709 2007 1717 2008 ,
1773 2007 1793 2008 η
1813 1999 1824 2008 .
1845 2004 1891 2008 Α
1976 1996 2022 2008 Δι
2238 2007 2247 2008 ,
2282 2005 2340 2008 ψ-
2363 2004 2414 2008 --
2444 1970 2869 2008 ._-_-_--.r-_-_.'
2891 2000 2904 2008 .
2934 1988 3224 2008 -.._n-...mo
3249 1985 3432 2008 -nsmm
3457 1990 3520 2008 nn
3542 1975 3694 2008 mum

430 2002 593 2101 sunt,
638 1995 843 2052 divinae
890 2005 1106 2052 natura
1153 1993 1582 2066 amplitudinem
1624 1999 1925 2075 negantes,
1968 1996 2026 2044 et
2123 2007 2261 2047 vero
2281 2004 2422 2045 voco
2444 1962 3432 2043 renovationem':Vconservatautem
3457 1990 3521 2030 ea
3542 1975 3716 2037 Deus,

920 2089 933 2101 .
1108 2098 1115 2101 _
1373 2095 1385 2101 -
1421 2087 1436 2101 ι
1755 2085 1799 2101 o,
1849 2085 1957 2101 n-,,
1988 2098 2017 2101 μ-
2220 2100 2223 2101 ,
2255 2081 2402 2101 -_-j-
2443 2079 2633 2101 -.--ι-
2670 2070 2809 2101 --.ηί
2853 2073 2910 2101 εξ
2947 2079 3132 2101 -..οη-ιη
3167 2076 3315 2101 mola
3349 2065 3515 2101 Ιυιῑωι
3564 2061 3716 2101 ηιιηδ

431 2088 676 2160 linguam
719 2105 875 2145 suam
918 2089 1292 2160 importunam
1332 2095 1391 2144 et
1421 2087 1719 2157 loquacem
1753 2085 1812 2140 in
1849 2069 2025 2140 Deum
2126 2081 2410 2158 quomodo
2440 2079 2638 2135 affecta
2670 2070 2820 2131 sunt.
2853 2073 2911 2129 Si
2947 2079 3133 2127 autem
3167 2076 3315 2123 recte
3349 2065 3538 2128 habet,
3564 2061 3719 2130 quod

518 2182 529 2195 .
670 2183 682 2195 .
920 2194 926 2195 ,
1056 2184 1088 2195 ι..
1315 2183 1327 2195 .
1354 2182 1367 2195 .
1772 2193 1813 2195 ,_
2182 2194 2219 2195 η
2255 2178 2269 2191 ο
2295 2175 2616 2195 ,._ng_2_....-
2661 2166 2939 2195 -..Α-...ξηιλ
2981 2164 3036 2195 ιιι
3061 2170 3146 2195 an}
3189 2152 3569 2195 nnmrihnom
3592 2170 3719 2195 ac“

434 2182 686 2241 universi
728 2194 1016 2241 acuentes.
1055 2184 1200 2240 Sane
1234 2182 1464 2254 quidem
1498 2185 2030 2250 noncognoverunt
2127 2194 2231 2235 nos
2255 2175 2638 2246 intelligimus,
2659 2164 3036 2238 energiam,id
3060 2152 3570 2231 est,.operationem
3592 2170 3723 2210 esse

720 2277 733 2290 .
785 2285 795 2290 -
838 2278 872 2290 ..
1101 2286 1111 2290 _
1223 2286 1234 2290 ,
1322 2277 1356 2290 ,ι
1480 2273 1523 2290 ,κ
1567 2275 1578 2286 .
1644 2288 1661 2290 ,-
1713 2273 1742 2290 -,
1800 2272 1981 2290 -__.g,_-
2013 2288 2022 2290 _
2142 2249 2649 2290 -_,-'__.._--.:-_-.'....
2698 2263 3065 2290 nnna‘nhunl‘llr
3103 2238 3241 2290 πουτί
3308 2260 3361 2290 οι
3400 2248 3723 2290 ρηηιίηριιιι·

436 2276 552 2343 isti,
582 2293 688 2334 nec
719 2277 1119 2335 intellexerunt
1147 2277 1450 2348 potentiam
1480 2273 1604 2339 Dei,
1631 2273 1766 2344 quin
1799 2272 1985 2342 potius
2012 2288 2026 2324 :
2126 2249 2650 2329 conservationem;
2698 2263 3065 2317 conservatur
3103 2238 3274 2319 vero,
3308 2260 3364 2306 et
3400 2248 3727 2305 continetur

437 2371 785 2429 Obscuratum
835 2382 939 2443 est,
977 2375 1125 2431 sicut
1167 2375 1245 2431 ait
1290 2372 1610 2443 Scriptura,
1640 2371 1895 2441 insipiens
1937 2383 2027 2421 cor
2137 2366 2493 2427 universum;
2534 2344 2682 2414 circa
2717 2354 3039 2410 universum
3072 2355 3329 2406 versatur
3361 2342 3609 2413 energia.
3638 2339 3727 2394 Ab

727 2467 757 2480 ..
866 2476 876 2480 -
1281 2468 1293 2480 .
1370 2475 1381 2480 -
1520 2474 1531 2480 -
1581 2464 1635 2480 ι--
1673 2464 1693 2480 .-
1759 2464 1792 2480 ,ο
1891 2460 2002 2480 α...
2065 2434 2237 2480 Rw.--
2264 2456 2446 2480 -...-.'...
2474 2467 2584 2480 ..μη
2614 2452 2696 2480 1...
2720 2443 3029 2480 ιςιιὶιιοιιηηία
3059 2437 3414 2480 unnnrnhilin'
3448 2442 3533 2480 est.
3556 2432 3727 2480 igitur

437 2482 623 2523 eorum
655 2483 674 2521 :
704 2467 937 2527 dicentes
957 2484 1013 2523 se
1036 2483 1149 2522 esse
1172 2432 1460 2539 sapientes,
1483 2464 1635 2520 stulti
1666 2432 1792 2535 facti
1819 2468 1945 2517 sunt
1961 2460 2029 2514 “.
2064 2434 2114 2488 δ’
2132 2460 2241 2516 hac
2262 2456 2448 2513 autem
2474 2467 2587 2508 non
2613 2452 2699 2506 est
2720 2443 3032 2523 substantia
3059 2437 3416 2511 separabiiis;
3448 2442 3533 2490 est
3556 2432 3731 2505 igitur

438 2559 588 2613 Deus
627 2568 812 2616 autem
858 2559 1262 2630 patientissime
1301 2558 1409 2613 fert
1446 2559 1596 2622 haec,
1626 2556 1733 2627 qui'
1761 2569 1874 2610 non
1911 2552 2035 2609 vult

441 2652 588 2708 ullos
626 2652 833 2722 perire,
867 2652 967 2708 sed
1009 2667 1207 2709 omnes
1244 2651 1312 2707 ad
1355 2650 1746 2722 poenitentiam
1778 2648 1974 2703 venire
2018 2665 2032 2701 :
2076 2684 2079 2687 »

445 2743 568 2800 Vult
596 2745 743 2799 enim.
772 2761 952 2799 omnes
985 2746 1222 2802 homines
1253 2743 1429 2800 salvos
1458 2744 1598 2813 fieri,
1624 2750 1675 2796 et
1706 2742 1776 2797 ad
1804 2741 2035 2813 agnitio-

445 2832 566 2892 ne’m
602 2840 844 2895 veritatis
882 2839 1063 2894 venire
1081 2840 1152 2893 θ’.
1184 2838 1341 2894 Faxit
1378 2839 1545 2902 Deus,
1576 2848 1637 2891 ut
1673 2835 1782 2890 hoc
1818 2835 2040 2904 sapiens

446 2929 744 3009 consilium
790 2931 1004 2986 exitum
1048 2930 1259 2986 bonum
1302 2930 1359 2985 in
1398 2929 1482 2986 eis
1525 2937 1872 2998 assequatur,
1906 2925 2041 2995 ipsis

448 3025 687 3081 salutem
737 3024 1060 3082 consecutis
1098 3025 1423 3081 secundum
1474 3021 1824 3095 propositum
1875 3021 1973 3076 Dei
2026 3038 2039 3074 :

449 3117 554 3184 Qui
580 3126 733 3173 vocat
761 3135 825 3173 ea
853 3135 974 3190 qua:
1001 3136 1109 3174 non
1136 3126 1287 3187 sunt;
1313 3127 1570 3191 tanquam
1595 3133 1658 3172 ea
1685 3131 1803 3188 qua:
1828 3122 1951 3170 sunt
1972 3114 2042 3167 ⁸³.

521 3211 588 3266 ΙΙ.
637 3211 719 3268 Ne
772 3221 960 3269 autem
1016 3213 1326 3269 absurdum
1379 3220 1436 3268 et
1492 3206 1750 3266 dolos’um
1810 3209 2043 3281 istorum

457 3306 655 3377 dogma
696 3306 892 3371 lateat,
924 3306 1250 3374 videamus,
1286 3305 1473 3378 qualia
1512 3305 1628 3360 sint
1664 3318 1789 3373 qua:
1827 3302 1896 3357 de
1933 3302 2046 3357 Deo
2084 3294 2089 3301 ’

458 3398 650 3455 dicere
695 3398 903 3456 audent
947 3418 959 3453 :
1010 3418 1028 3450 ι
1076 3399 1337 3471 Energia,
1375 3398 1662 3469 inquiunt,
1693 3397 1750 3450 in
1790 3394 2052 3449 omnibus

460 3492 631 3546 rebus
663 3500 750 3546 est
783 3492 959 3558 Deus;
997 3491 1313 3549 substantia
1344 3498 1480 3545 vero
1514 3489 1766 3544 minime.
1806 3504 1823 3537 ι
1871 3485 2049 3541 Euer-

459 3584 605 3652 giam
631 3594 835 3641 vocant
861 3599 1006 3656 opus
1033 3583 1280 3655 energia,
1305 3583 1363 3638 id
1387 3589 1493 3646 est,
1518 3580 1841 3651 operatione
1866 3577 2053 3632 confe-

461 3687 639 3742 ctum,
661 3685 728 3731 ut
754 3675 1059 3731 fabricator
1088 3675 1247 3729 navis
1275 3682 1362 3729 est
1384 3673 1439 3727 in
1464 3671 1589 3727 navi
1622 3686 1652 3725 a
1680 3682 1738 3725 se
1762 3666 2051 3732 fabricata,

2134 2553 2284 2608 circa
2306 2547 2647 2605 universum,
2672 2548 2730 2596 et
2751 2540 2807 2593 in
2834 2528 3440 2591 universo'substantia
3462 2525 3582 2581 Dei.

2205 2642 2296 2698 lll.
2329 2638 2421 2694 Sic
2453 2631 2838 2703 intelligimus,
2866 2623 3015 2697 quod
3052 2622 3307 2679 Salvator
3335 2617 3477 2672 dixit
3513 2632 3528 2670 τ
3560 2613 3731 2668 Pater

2139 2752 2289 2793 meus
2331 2746 2497 2802 usque
2540 2725 2698 2783 modo
2745 2704 3021 2794 operatur,
3051 2724 3099 2770 et
3147 2729 3241 2784 ego
3284 2724 3476 2781 operor
3493 2707 3570 2772 ";
3613 2720 3729 2759 non

2139 2827 2289 2902 quod
2324 2795 2474 2881 facta
2513 2820 2585 2876 sit
2618 2813 2864 2873 accessio
2907 2806 3173 2866 universo
3216 2823 3229 2858 :
3272 2800 3544 2873 Requieuit
3577 2795 3731 2852 enim

2139 2893 2282 2981 Deus
2333 2920 2417 2975 die
2466 2913 2692 2985 septima
2742 2908 2807 2963 ab
2858 2902 3099 2959 omnibus
3141 2896 3385 2971 operibus
3417 2893 3574 2985 suis,
3613 2903 3735 2985 qui:

2141 2977 2294 3083 capit
2337 2996 2511 3079 facere
2526 2977 2606 3069 i";
2653 3007 2712 3055 et
2754 3014 2770 3051 :
2815 2991 2963 3051 Nihil
3006 2998 3083 3046 est
3122 3003 3300 3042 recens
3344 2983 3438 3039 sub
3483 2979 3621 3044 sole,
3652 2977 3738 3033 ait

2145 3073 2411 3162 Salomon
2434 3096 2518 3163 ’7;
2565 3086 2664 3152 sed
2711 3103 2855 3160 opus
2896 3076 3217 3142 nominavit
3252 3073 3738 3134 conservationem

2147 3193 2421 3253 universi.
2443 3191 2567 3261 Ipsa
2591 3184 2740 3244 enim
2768 3194 2974 3253 genera
2998 3183 3056 3232 et
3083 3172 3301 3245 species
3327 3181 3521 3225 eorum
3545 3163 3742 3219 videre

2142 3291 2278 3346 licet
2304 3299 2526 3354 semper
2554 3272 2901 3337 conservari,
2924 3285 3033 3325 nec
3061 3266 3250 3337 augeri
3282 3262 3525 3335 penitus.
3555 3271 3744 3325 neque

2148 3380 2357 3445 minui;
2399 3375 2808 3431 conservantur
2844 3371 3032 3420 autem
3066 3359 3272 3421 Verbo,
3297 3364 3363 3410 ut
3398 3361 3560 3407 antea
3597 3347 3743 3402 dixi-

2153 3490 2307 3538 mus,
2355 3471 2433 3525 ita
2477 3475 2541 3522 ut
2580 3474 2845 3534 separare
2884 3471 2951 3513 ea
2992 3469 3023 3509 a
3063 3456 3340 3523 potestate
3379 3446 3745 3499 eonservante

2154 3529 2390 3638 impium
2423 3562 2499 3617 sit
2533 3576 2548 3614 :
2585 3529 2863 3627 siquidem
2904 3549 2973 3605 ad
3011 3543 3305 3602 interitum
3343 3536 3583 3593 deducet
3618 3529 3748 3585 uni-

2154 3674 2379 3719 versum
2403 3697 2417 3720 ,
2458 3654 2557 3726 qui
2603 3640 2905 3707 auctorem
2941 3630 3189 3699 uniiersi
3235 3634 3305 3691 ab
3342 3631 3612 3686 universo
3656 3638 3748 3679 se-

462 3779 520 3825 ct
558 3779 740 3825 textor
783 3769 838 3823 in
884 3769 1055 3840 pallio
1094 3767 1243 3838 quod
1286 3765 1483 3822 texuit.
1516 3764 1684 3833 Atqui
1723 3761 1905 3817 dicam
1950 3775 2052 3831 ego
2084 3793 2128 3852 ο
2156 3751 2425 3829 iunxerit.

465 3859 895 3931 inseparabilem
938 3871 1063 3914 esse
1108 3872 1139 3911 a
1183 3867 1383 3911 natura
1435 3853 1532 3908 Dei
1579 3850 1863 3920 energ-iam
1911 3848 2053 3920 eius,

464 3952 722 4023 exemplo
767 3951 1065 4022 superiore
1105 3950 1176 4005 ab
1222 3948 1349 4003 istis
1394 3953 1618 4016 sumpto
1666 3941 1804 3999 usu's
1849 3959 1864 3996 :
1915 3942 2061 3998 sicut

468 4047 621 4101 enim
651 4046 959 4103 fabricator
977 4045 1136 4101 navis
1164 4042 1417 4099 cernitur
1446 4039 1504 4094 in
1530 4037 1680 4101 navi,
1706 4045 1763 4092 et
1792 4041 1976 4091 textor
2002 4033 2060 4087 in

469 4143 638 4213 pallio
665 4142 871 4209 textili;
895 4143 979 4198 sic
1000 4141 1147 4197 Deus
1169 4140 1222 4194 in
1247 4138 1513 4209 operibus
1535 4135 1651 4191 suis
1678 4151 1690 4187 :
1716 4131 1934 4188 tametsi
1958 4129 2061 4195 illi,

473 4244 670 4307 utpote
695 4234 960 4291 mortales
986 4242 1045 4288 et
1068 4230 1402 4303 corporibus
1430 4224 1866 4295 circumscripti,
1890 4222 2065 4278 solam

474 4327 762 4399 energiam
797 4324 1121 4395 relinquant
1151 4336 1381 4378 vacuam
1414 4320 1484 4375 ab
1520 4316 1753 4379 artitlce,
1784 4315 1879 4386 qui
1913 4311 2067 4383 Operi

478 4418 733 4476 faciendo
764 4425 941 4473 artem
975 4415 1234 4472 adhibuit
1262 4432 1277 4469 :
1310 4421 1475 4482 atque
1508 4409 1785 4468 artificem
1817 4405 2065 4477 quidem,

480 4514 527 4567 si
567 4512 727 4569 adest
758 4520 818 4567 et
849 4510 1228 4583 cegnoscitnr,
1256 4505 1523 4579 praedicat
1560 4519 1734 4575 opus;
1782 4500 2070 4556 absentem

481 4619 614 4661 vero
653 4612 711 4661 et
754 4594 1137 4676 incognitum,
1174 4601 1405 4656 minime
1450 4616 1464 4654 :
1512 4596 1608 4652 sed
1653 4610 1755 4651 cur
1794 4590 1907 4647 ita?
1941 4591 2073 4662 quia

483 4709 790 4768 utrumque
839 4695 1264 4766 circumscripte
1315 4692 1566 4749 cernitur
1611 4696 1669 4744 et
1713 4698 1885 4758 opus,
1924 4691 1980 4739 et
2017 4682 2075 4738 id

482 4787 632 4845 unde
661 4786 977 4859 profectum
1004 4793 1089 4841 est
1113 4799 1276 4856 opus.
1295 4782 1439 4851 Quia
1460 4794 1598 4835 vero
1618 4777 1742 4832 viva
1767 4781 2076 4859 estnaturp

486 4835 630 4845 ...._-
663 4835 977 4859 ,_-----_-__
1009 4835 1088 4841 η-
1118 4835 1273 4856 ,τη

484 4883 695 4951 divina,
726 4880 1007 4952 energias,
1036 4878 1093 4935 id
1136 4887 1223 4934 est
1264 4875 1642 4947 operationes,
1676 4868 1844 4925 habet
1881 4835 2077 4921 vivent

488 4992 593 5042 tes,
617 4984 675 5032 et
703 4977 825 5031 sine
860 4971 1281 5049 intermissione
1311 4975 1538 5039 agentes
1572 4972 1595 5019 .'
1623 4963 1743 5019 sine
1773 4956 2081 5016 substantia
2182 4965 2376 5008 eorum
2415 4952 2566 5009 sunt,
2601 4954 2728 5012 qua:
2765 4949 2963 5005 eompo

2233 3808 2323 3902 Ν.
2375 3840 2549 3899 Adest
2599 3835 2770 3908 igitur
2812 3830 2867 3884 in
2915 3822 3179 3881 omnibus
3221 3818 3373 3872 Deus
3412 3826 3528 3908 non
3572 3808 3750 3908 solum

2162 3937 2414 4008 energia,
2441 3932 2497 3987 id
2535 3901 2648 3985 estV
2678 3921 3029 3995 operatione,
3054 3913 3151 3970 sed
3186 3910 3357 3966 etiam
3389 3901 3703 3961 substantia
3734 3916 3748 3952 :

2166 4000 2610 4089 demonstratum
2645 4017 2795 4073 enim
2831 4021 2939 4076 est,
2965 4024 3079 4065 non
3115 4019 3238 4062 esse
3269 4000 3552 4070 energiam
3589 4008 3754 4063 sepa-

2168 4086 2345 4178 ratam
2373 4134 2405 4172 a
2434 4107 2769 4170 substantia.
2797 4100 3089 4172 Energiam
3116 4107 3302 4151 autem
3325 4103 3467 4177 voco
3492 4086 3755 4140 virtutem

2166 4170 2450 4268 viventem
2475 4213 2533 4258 et
2555 4212 2774 4268 semper
2797 4170 3052 4264 agentem
3070 4194 3120 4251 ⁸,
3142 4174 3525 4256 prodeuntem
3538 4190 3610 4229 ex
3629 4170 3759 4228 sub-

2172 4263 2375 4361 stantia
2405 4263 2718 4366 operante:
2748 4263 3050 4356 tripliciter
3073 4276 3224 4334 enim
3254 4270 3464 4327 dicitur
3490 4263 3725 4365 energia
3738 4277 3754 4328 ;

2171 4353 2561 4463 vis—voperandi
2595 4391 2811 4439 naturai
2833 4353 3043 4439 insita;
3078 4379 3137 4427 et
3164 4362 3440 4422 habitudo
3475 4353 3759 4429 operantis

2174 4446 2255 4544 si
2277 4446 2442 4555 opus,
2472 4493 2585 4551 quo
2614 4475 2706 4541 tit;
2737 4479 2796 4528 et
2823 4469 2880 4525 id
2915 4460 3119 4538 ipsum,
3143 4458 3293 4531 quod
3326 4472 3395 4512 ex
3428 4446 3763 4522 antegressis

2176 4550 2501 4638 confectum,
2549 4577 2655 4627 est.
2701 4566 2867 4624 Prius
2913 4558 3064 4616 enim
3113 4550 3525 4621 contemplatur
3573 4557 3760 4605 mens,

2177 4671 2329 4745 quod
2389 4663 2705 4723 faciendum
2761 4664 2881 4721 est;
2939 4657 3137 4724 postea
3190 4650 3487 4701 moventur
3533 4650 3763 4699 manus;

2180 4731 2384 4823 deinde
2419 4760 2843 4817 consummatur
2875 4744 3023 4819 quod
3060 4754 3218 4798 mens
3251 4731 3625 4802 contemplata
3662 4733 3765 4790 est,

2179 4839 2238 4917 et
2259 4855 2409 4928 quod
2433 4868 2535 4924 per
2554 4856 2769 4905 motum
2797 4851 2883 4899 est
2902 4839 3185 4896 etfectum.
3206 4830 3302 4886 Hae
3325 4836 3513 4884 autem
3533 4819 3769 4891 energize

2967 4930 3069 4986 sita
3105 4935 3163 4983 et
3199 4918 3453 4979 mortalia
3493 4923 3627 4970 sunt
3664 4928 3681 4965 :
3717 4917 3772 4963 et

491 5010 593 5042 ιω,
617 5010 675 5032 ο.
704 5010 825 5031 ωηο
860 5010 1281 5030 ...ηιυηοωυην
1311 5010 1538 5039 ags...“
1572 5010 1585 5019 .
1624 5010 1741 5019 ---η
1774 5010 2021 5016 "nm---
2056 5010 2081 5011 η
2621 5010 2636 5012 _

488 5075 674 5122 autem
710 5081 823 5122 non
856 5070 1046 5134 potest
1076 5044 1193 5116 ullo
1225 5059 1394 5114 modo
1426 5054 1653 5127 prodire
1687 5051 1947 5123 energia;
1984 5047 2084 5104 ubi
2184 5044 2257 5100 ob
2280 5042 2427 5097 hanc
2451 5048 2671 5093 causam
2700 5045 2812 5086 non
2839 5038 3067 5082 necesse
3093 5029 3200 5083 est,
3226 5025 3288 5071 ιιι
3308 5010 3457 5114 quo?
3488 5012 3771 5134 01³⁸τέξεῖ

2489 5127 2506 5134 -
2544 5126 2556 5134 .
2651 5122 2664 5134 .
2716 5128 2726 5134 _
2771 5121 2784 5132 .
3028 5117 3317 5134 -_-_-...-.
3517 5112 3620 5134 ,πη
3665 5112 3680 5134 .

489 5157 641 5211 enim
687 5154 915 5224 energia
963 5149 1248 5213 cernitur,
1284 5146 1450 5203 simul
1503 5158 1628 5200 cum
1680 5142 1785 5197 hac
1831 5138 2085 5196 cernit-ur
2116 5145 2160 5200 1)

492 5247 808 5302 substantia
843 5262 912 5302 ex
946 5260 1057 5317 qua
1089 5242 1278 5315 prodit
1310 5258 1324 5295 :
1361 5246 1661 5307 utrumque
1695 5234 1844 5291 enim
1875 5242 1963 5288 est
1992 5231 2083 5290 in-

494 5338 1011 5407 circumscriptum;
1045 5331 1409 5407 quamobrem
1437 5328 1667 5385 omnino
1696 5332 1831 5382 sunt
1856 5324 2004 5379 inter
2026 5320 2085 5378 se

500 5429 890 5500 inseparabilia
928 5446 943 5482 :
980 5427 1248 5502 praedicat
1278 5422 1503 5497 quidem
1539 5418 1794 5492 operatio
1825 5416 2087 5474 substan-

503 5521 635 5578 tiam
671 5521 968 5588 latentem;
1006 5521 1259 5578 cernitur
1292 5533 1428 5574 vero
1460 5515 1761 5588 conjuncta
1792 5524 1924 5567 cum
1953 5520 2089 5578 ope-

572 5643 619 5676 "
639 5643 806 5699 Prov.
829 5658 868 5707 ι,
895 5641 983 5697 15.
1060 5639 1108 5673 ⁸⁸
1132 5639 1293 5694 Rom.
1318 5653 1358 5699 ι,
1380 5635 1474 5701 2i,
1496 5633 1585 5688 ‘22.
1661 5631 1706 5662 "
1731 5629 1752 5685 l
1782 5627 1925 5684 Tim.
1953 5640 2013 5691 ιι,
2036 5622 2090 5678 4.

505 5711 548 5742 ’⁸⁵
579 5712 716 5771 Gen.
742 5730 802 5779 ιι,
824 5713 882 5766 Ξ.
952 5711 997 5743 ⁸⁷
1024 5710 1209 5766 Eccle.
1234 5725 1274 5774 ι,
1310 5707 1393 5762 10.

2193 5094 2415 5209 semper
2441 5126 2588 5183 adsit
2614 5122 2668 5179 ei
2704 5121 2787 5179 rei
2822 5131 2986 5189 quam
3021 5117 3320 5184 operatur;
3353 5102 3485 5174 quia
3517 5094 3778 5209 prohibet

2190 5187 2387 5282 adesse
2437 5215 2718 5283 crassities
2764 5207 3052 5279 corporis,
3085 5210 3143 5259 et
3187 5212 3340 5254 mors
3382 5187 3698 5264 operantis,
3725 5192 3779 5283 et

2190 5315 2431 5376 cessatio
2462 5277 2826 5382 operationis,
2848 5277 2907 5358 et
2932 5297 3187 5355 fortassis
3210 5291 3381 5349 etiam
3409 5283 3675 5343 interitus
3707 5277 3783 5333 rei

2193 5410 2425 5468 effectae.
2453 5380 2515 5462 ni
2554 5402 2743 5458 divina
2783 5405 2969 5453 autem
3006 5398 3206 5448 natura
3246 5383 3387 5445 nihil
3423 5380 3626 5468 borum
3664 5385 3783 5443 qum

2197 5466 2349 5558 dicta
2371 5502 2524 5561 sunt,
2547 5490 2844 5566 prohibet;
2878 5482 3112 5554 simplex
3138 5477 3289 5536 enim
3314 5480 3422 5538 est,
3444 5466 3577 5539 quia
3605 5466 3785 5520 incor-

2205 5618 2252 5651 ”
2272 5616 2534 5679 Rom.tv,
2572 5607 2659 5665 Π.
2710 5604 3101 5665 “Psal.xvm,
3143 5597 3193 5652 1.
3293 5592 3340 5624 ’⁵
3376 5587 3537 5645 Joan.
3597 5596 3652 5646 v,
3701 5577 3785 5633 l7.

1821 5792 1907 5848 VA
1917 5783 2054 5844 BHE
2093 5776 2497 5840 LECTIONES.

584 5899 602 5929 ⁸
638 5897 860 5967 δειπνεῖν
886 5903 1151 5969 agentem,
1185 5890 1522 5961 ἀεικίνητον.
