4098 6448
466 394 607 460 1333

1398 395 1683 458 ORATIO
1722 394 1806 455 II".
1828 415 1899 429 -
1921 394 2022 456 DE
2061 393 2783 481 INCIRCUMSCBIPTO.

3638 428 3671 452 όι
3682 423 3731 452 ⁸⁵2

468 500 665 558 porca;
699 490 757 540 et
791 499 808 540 :
846 482 1003 542 Solus
1034 485 1188 542 habet
1222 486 1687 565 immortalitatem
1708 487 1786 553 ";
1828 495 1888 541 et
1923 491 2130 556 per-ﬁ
2161 486 2364 545 ctionis
2394 498 2607 551 natura:
2653 489 2725 544 ab
2774 485 2997 558 energia
3028 487 3146 542 sive
3198 483 3556 567 operatione?
3583 484 3726 539 Nus-

469 588 649 648 petua:
674 577 917 657 energiae
947 578 1099 649 ejus;
1132 590 1191 639 et
1213 578 1362 650 quod
1395 578 1655 636 effectum
1685 585 1793 643 est,
1824 592 2054 639 conser-

470 680 680 737 vaturlz
718 670 932 731 idcirco
972 672 1030 728 in
1070 673 1335 728 omnibus
1372 672 1542 744 rebus
1580 670 1895 728 necessario
1930 687 2055 727 cer-

467 765 625 817 nitur
666 761 976 817 substantia
1019 764 1326 833 operantis.
1360 763 1645 834 Siquidem
1694 762 1753 817 in
1799 762 2056 832 exemplo

467 854 780 924 superiore,
811 855 1080 924 quamdiu
1110 855 1170 910 tit
1194 855 1248 910 id
1278 856 1332 911 in
1362 871 1473 927 quo
1497 864 1755 917 versatur
1780 856 2054 926 operatio,

468 946 663 1002 tandiu
704 947 1023 1029 pecessario
1070 940 1230 1004 adest
1269 950 1473 1003 natura
1510 946 1792 1028 operantis
1830 963 1845 1000 :
1890 959 2057 1001 nemo

466 1054 711 1108 namque
745 1039 949 1095 absens
985 1049 1168 1110 potest
1202 1041 1412 1111 aliquid
1451 1040 1692 1111 operari.
1724 1039 1899 1110 igitur
1927 1037 2057 1109 quia

466 1146 688 1202 semper
734 1131 919 1187 omnia
961 1133 1117 1193 Deus,
1152 1142 1446 1204 operatur,
1479 1142 1537 1188 et
1576 1118 2055 1188 conservationem

458 1222 721 1277 universi
772 1216 893 1279 Sine
947 1225 1259 1283 cessatione
1312 1226 1637 1291 continuat,
1686 1238 1917 1278 necesse
1971 1230 2057 1277 est

467 1312 646 1369 Deum
689 1331 813 1372 esse
853 1316 908 1371 in
953 1316 1246 1383 omnibus,
1276 1326 1331 1374 et
1370 1333 1400 1373 a
1443 1318 1599 1374 nulla
1641 1333 1700 1373 re
1738 1326 2056 1387 separatum

466 1422 591 1463 esse
632 1426 646 1462 :
699 1408 909 1479 alioqui
953 1411 1234 1481 quomodo
1267 1411 1335 1467 de
1381 1412 1516 1476 Deo,
1541 1409 1601 1465 ut
1653 1410 1825 1465 Deum
1872 1409 2053 1475 decet,

466 1498 681 1553 sentire
724 1498 951 1575 liceret?
994 1502 1091 1557 lict
1134 1503 1305 1565 enim,
1337 1510 1399 1555 ut
1435 1502 1611 1556 Deum
1653 1501 1900 1556 dicamus
1935 1516 2056 1555 esse

465 1603 698 1658 corpus,
730 1591 878 1660 quod
914 1600 1222 1648 extremam
1251 1592 1595 1663 impietatem
1630 1599 1857 1662 superat
1890 1609 1904 1645 :
1943 1592 2055 1646 cir-

466 1682 833 1752 cumscriptio
860 1685 1009 1739 enim
1042 1685 1266 1757 propria
1296 1693 1382 1741 est
1405 1699 1727 1755 corporum,
1757 1683 1870 1738 i'no
1902 1698 2055 1739 crea-

468 1782 743 1830 turarum.

541 1866 606 1921 ν.
639 1867 692 1922 Si
723 1883 856 1940 ergo
894 1870 1182 1940 proprium
1208 1879 1295 1927 est
1321 1886 1619 1941 corporum
1648 1878 1707 1925 et
1756 1877 2049 1925 creatura-

465 1972 593 2011 rum
627 1959 1020 2014 circumscribi
1047 1977 1062 2027 ;
1091 1959 1406 2030 incorporei
1445 1968 1501 2015 et
1530 1959 1763 2015 increati
1802 1973 1914 2013 non
1942 1957 2052 2013 cir-

464 2049 769 2104 cumscribi
800 2067 814 2104 :
845 2050 942 2121 qui
964 2051 1102 2107 dicit
1124 2068 1253 2107 eum
1289 2051 1387 2123 qui
1414 2060 1613 2107 natura
1642 2060 1728 2106 est
1752 2050 2052 2117 incircum—

465 2140 709 2210 scriptus
728 2157 840 2196 non
865 2156 988 2198 esse
1013 2143 1070 2198 in
1099 2144 1287 2214 aliqua
1318 2160 1398 2209 re,
1429 2144 1476 2199 is
1507 2142 2048 2212 incircumscriptum

465 2229 883 2287 circumscribit
909 2249 925 2285 :
950 2233 1163 2288 etenim
1191 2233 1238 2289 si
1280 2233 1354 2288 ab
1390 2249 1503 2288 uno
1535 2234 1674 2299 solo,
1711 2232 1846 2288 licet
1880 2232 2049 2287 mini-

466 2336 583 2385 mo,
612 2330 888 2388 arceatur,
908 2322 1108 2378 modus
1153 2323 1691 2394 circumscriptionis
1737 2323 2049 2395 estzsiqui-

466 2413 596 2491 dem
633 2415 702 2469 ab
750 2414 927 2470 altero
979 2416 1270 2471 terminari
1327 2416 1723 2483 substantiam,
1769 2418 2048 2473 terminati

364 2568 381 2577 ,
471 2508 949 2579 circumscriptam
1003 2516 1127 2566 e3se
1168 2511 1569 2587 :demonstrat,
1629 2520 1692 2567 ut
1751 2526 1874 2583 quae
1934 2528 2049 2568 non

472 2601 649 2669 possit
693 2600 1155 2681 circumscribere
1199 2604 1350 2675 quod
1382 2592 1556 2685 ipsam
1592 2605 1870 2661 terminat.
1903 2604 2050 2673 Quc-

473 2690 639 2745 modo
670 2691 841 2763 igitur
876 2700 1072 2749 verum
1107 2695 1233 2761 erit,
1270 2696 1418 2766 quod
1440 2695 1519 2751 ait
1556 2695 1840 2767 Scriptura
1875 2714 1899 2751 ε·
1923 2695 2050 2768 Spi-

464 2781 604 2835 ritu
629 2781 842 2838 Domini
883 2785 1102 2855 replevit
1124 2786 1301 2841 orbem
1325 2794 1595 2842 terrarum
1620 2788 1712 2841 "ei
1733 2786 1869 2843 Cum
1900 2789 2050 2846 enim

459 2872 613 2929 Deus
632 2877 703 2930 sit
725 2876 1049 2944 substantia,
1064 2880 1247 2934 omnia
1264 2894 1386 2950 quae
1411 2885 1562 2945 sunt,
1586 2879 2053 2938 divina‘substan-

459 2964 543 3019 tia
577 2966 863 3037 implevit;
896 2968 1030 3023 etin
1073 2968 1332 3024 omnibus
1357 2975 1443 3023 est
1495 2969 1723 3037 virtute,
1760 2983 1872 3023 non
1909 2969 2049 3025 assis

458 3057 699 3113 milatas
724 3059 858 3113 moli
901 3059 1177 3129 corporis,
1235 3056 1333 3115 sed
1376 3055 1565 3115 divina
1594 3059 1920 3115 universum
1957 3074 2052 3115 co-

2154 596 2320 651 quam
2351 601 2363 636 :
2391 599 2494 654 per
2539 583 2728 638 omnia
2773 582 2923 638 enim
2955 587 3103 636 meat
3139 580 3304 645 Deus,
3344 580 3605 635 universa
3629 579 3728 633 ἰηι-

2154 670 2311 740 plens
2338 673 2703 743 amplitudine
2730 668 2965 736 natum,
3003 679 3062 727 et
3085 670 3375 742 potestatis
3396 683 3510 724 sua:
3546 668 3727 727 abun-

2155 760 2363 817 dantia.
2674 828 2679 831 _
3254 806 3259 813 .

2225 856 2341 911 Vll.
2366 840 2474 912 Sed
2519 863 2652 911 sunt
2681 855 2930 926 quidam,
2958 853 3053 925 qui
3102 852 3479 910 infirmitatem
3520 864 3728 910 natura:

2132 931 2267 1019 suae
2301 947 2359 1002 in
2403 948 2576 1003 Deum
2627 947 2985 1014 transierunt,
3014 947 3161 1002 circa
3191 946 3425 1001 maxima
3475 946 3628 1016 parci
3675 956 3731 1002 ει

2155 1038 2421 1094 restricti.
2445 1040 2515 1094 At
2562 1039 2658 1110 qui
2710 1040 3028 1096 existimant
3077 1037 3279 1093 melius
3314 1052 3438 1093 esse
3468 1038 3730 1114 cohibere

2154 1140 2409 1187 naturam
2440 1131 2683 1187 divinam
2723 1147 2753 1187 a
2777 1130 3032 1193 materia,
3055 1144 3218 1200 quam
3256 1129 3520 1185 arbitrari
3551 1130 3735 1200 porri-

2155 1221 2206 1292 gi
2236 1236 2356 1279 eam
2385 1229 2440 1275 et
2482 1219 2742 1291 protendi
2798 1235 2975 1290 usque
3033 1218 3101 1273 ad
3146 1218 3490 1283 universum,
3524 1218 3730 1288 quique

2155 1322 2354 1385 putant
2381 1313 2621 1383 'pcnitus
2657 1312 2812 1393 nefas
2855 1318 2912 1366 et
2941 1311 3173 1382 impium
3201 1326 3349 1373 esse.
3377 1310 3566 1365 subire
3604 1325 3730 1366 cor-

2154 1420 2290 1475 pora
2333 1405 2616 1471 indecora,
2649 1403 2869 1459 sordida
2906 1411 2962 1458 et
3007 1401 3210 1466 fetida,
3241 1402 3347 1457 .vcl
3386 1400 3598 1456 animas
3631 1402 3733 1455 im-

2154 1497 2294 1567 pias,
2324 1505 2380 1552 et
2415 1496 2524 1551 alia
2564 1495 2813 1567 quaedam
2856 1495 3106 1562 minima,
3169 1493 3478 1565 intelligere
3525 1491 3732 1547 debent

2155 1590 2225 1646 de
2253 1591 2390 1656 Deo,
2417 1605 2539 1645 esse
2574 1597 2827 1644 naturam
2860 1604 2986 1658 qua:
3017 1587 3278 1643 omnibus
3311 1585 3727 1654 antecellit,qui

2154 1680 2406 1754 profecto
2465 1680 2699 1735 humilia
2729 1679 2797 1751 de
2844 1680 2958 1734 Deo
2996 1678 3263 1744 sentiunt,
3285 1687 3341 1734 et
3370 1693 3492 1748 quae
3529 1679 3735 1748 magni-

2156 1776 2349 1831 tudine
2381 1775 2501 1847 ejus
2542 1788 2665 1843 qua:
2691 1770 2887 1841 attingi
2917 1785 3029 1825 non
3056 1778 3240 1841 potest
3269 1811 3282 1834 ,
3319 1770 3543 1841 indigna
3578 1780 3729 1824 sunt.

2154 1867 2430 1922 Fortassis
2459 1872 2643 1921 autem
2675 1864 2772 1934 qui
2805 1863 2886 1918 sic
2916 1863 3125 1918 sentire
3148 1863 3203 1917 in
3232 1863 3477 1917 animum
3500 1862 3733 1942 induxe-

2156 1968 2307 2022 runt.
2345 1959 2604 2030 ignorant
2645 1954 3002 2027 Operationes
3051 1956 3174 2027 ejus
3224 1971 3348 2025 quae
3395 1955 3453 2009 in
3502 1957 3730 2010 univer-

2149 2065 2269 2105 sum
2322 2048 2633 2119 pervadunt
2680 2065 2694 2101 :
2749 2047 2901 2102 nulla
2950 2047 3100 2102 enim
3147 2047 3424 2118 particula
3488 2048 3734 2102 materiae

2149 2149 2253 2205 est,
2284 2156 2413 2210 quae
2433 2154 2545 2194 non
2574 2139 2647 2195 sit
2674 2154 2815 2210 opus
2839 2138 2936 2194 Dei
2969 2157 2983 2192 :
3013 2154 3194 2210 neque
3225 2139 3525 2210 quidquam
3558 2140 3733 2195 sordi-

2149 2233 2281 2316 dum
2324 2233 2410 2304 vel
2437 2232 2783 2288 immundum
2817 2231 2973 2288 ducit
2999 2232 3147 2288 Deus
3183 2241 3552 2309 praeterquam
3583 2233 3731 2303 cogi-

2152 2327 2409 2391 tationes,
2431 2326 2720 2381 voluntate
2742 2333 2934 2380 nostra
2964 2325 3019 2379 in
3053 2325 3238 2381 anima
3275 2325 3563 2380 conﬂatas.
3584 2323 3730 2392 Quid

2148 2435 2281 2492 ergo
2313 2434 2382 2474 ex
2421 2418 2685 2475 omnibus
2741 2417 2909 2473 rebus
2950 2416 3290 2488 excogitabit
3327 2414 3550 2488 aliquis,
3581 2416 3729 2489 quod

2147 2527 2263 2568 non
2284 2510 2480 2567 fecerit
2504 2511 2650 2567 Deus
2677 2510 2702 2565 ?
2725 2509 3009 2577 Quodnam
3039 2524 3261 2579 corpus,
3296 2508 3602 2579 quamlibet
3630 2504 3732 2563 im-

2149 2601 2415 2658 mundum
2439 2600 2531 2666 sit,
2545 2616 2657 2655 non
2687 2616 2813 2670 pars
2830 2606 2915 2655 est
2942 2598 3183 2654 materiae
3205 2596 3467 2670 subjectae
3487 2598 3734 2668 corpori-

2148 2692 2528 2763 bus,tlguratae
2552 2699 2609 2746 et
2634 2690 2879 2746 formatae
2902 2689 3312 2761 aequaiitatibus
3334 2704 3457 2759 qua:
3484 2689 3534 2745 ei
3561 2690 3730 2744 adve-

2149 2785 2314 2839 niunt
2336 2783 2363 2837 ?
2388 2783 2601 2838 Debilia
2630 2797 2763 2854 ergo
2797 2781 2910 2847 isti,
2945 2790 3003 2837 et
3031 2796 3154 2851 quae
3178 2779 3539 2835 fundamento
3569 2779 3746 2854 peni-_

2149 2880 2460 2930 tus-’carcnt
2480 2914 2494 2938 ,
2526 2874 2818 2945 cogitant;
2852 2873 2984 2945 quia
3012 2872 3152 2940 nihil
3179 2879 3566 2928 creaturarum
3600 2886 3733 2927 sua-

2150 2979 2273 3020 rum
2319 2966 2470 3021 Deus
2517 2966 2719 3037 rejicit,
2754 2980 2863 3021 nec
2894 2962 3200 3035 quidquam
3239 2980 3429 3019 rerum
3476 2964 3755 3035 putidum

2150 3059 2472 3127 existimat;
2503 3059 2602 3115 sed
2632 3073 2737 3115 nec
2762 3058 2833 3115 ad
2859 3073 2961 3114 nos
2993 3057 3265 3115 accedens
3290 3066 3533 3114 nostram
3560 3057 3734 3129 parti-

456 3159 803 3220 agmentans
843 3144 921 3206 et.
955 3152 1249 3207 continens
1279 3170 1293 3205 :
1329 3152 1473 3207 nihil
1505 3151 1657 3207 enim
1697 3164 1892 3208 eorum
1924 3164 2119 3225 quiec
2149 3151 2296 3221 cipat
2323 3151 2653 3221 nequitiam,
2681 3165 2807 3221 qum
2850 3150 2964 3206 sola
2997 3157 3082 3205 est
3129 3162 3325 3204 revera
3355 3147 3729 3214 immunditia,

457 3250 619 3306 sunt,
655 3256 780 3296 esse
827 3250 1031 3314 potest,
1076 3243 1211 3313 quin
1280 3244 1576 3314 participet
1625 3241 1679 3298 id
1729 3242 1879 3313 quod
1915 3250 2044 3300 est:

2149 3256 2274 3312 quae
2314 3256 2419 3297 nec
2474 3249 2581 3306 est,
2615 3241 2723 3297 nisi
2756 3252 2885 3296 cum
2934 3238 3119 3311 agitur
3153 3248 3389 3294 tantum.
3422 3239 3561 3306 Quis
3599 3250 3734 3312 ergo
3816 3318 3822 3327 .

454 3332 622 3387 solus
662 3340 854 3387 autem
888 3335 1037 3390 Deus
1066 3334 1292 3405 proprie
1322 3341 1426 3399 est,
1459 3335 1555 3404 qui
1582 3347 1803 3415 semper
1837 3343 1922 3391 est
1950 3349 2049 3389 co-
2150 3342 2261 3390 tam
2310 3335 2513 3404 puerili
2561 3350 2749 3399 sensu,
2786 3343 2841 3390 et
2883 3343 2997 3390 tam
3044 3349 3216 3406 parvo
3259 3333 3470 3404 judicio
3512 3341 3631 3400 est,
3673 3343 3734 3389 ut

455 3426 595 3480 dem
648 3428 814 3483 modo
859 3436 917 3482 et
975 3436 1393 3509 tenore,neque
1442 3435 1727 3509 mutatur;
1764 3436 1822 3484 et
1844 3427 1889 3483 si
1914 3427 2047 3498 quid
2148 3434 2379 3497 propter
2410 3427 2707 3497 qualitates
2728 3426 2975 3482 vicissim
2999 3424 3365 3482 advenientes
3384 3432 3441 3481 et
3467 3425 3735 3481 receden-

457 3518 675 3573 dicitur
726 3535 870 3586 esse,
903 3536 1014 3575 non
1057 3508 1336 3590 praecipue
1383 3508 1506 3575 esse
1545 3519 1901 3585 dicitur,‘sed
1925 3532 2047 3575 esse
2151 3526 2251 3585 tes,
2285 3516 2459 3574 Deum
2513 3519 2976 3575 circumscribat:
3009 3517 3176 3591 idque
3220 3534 3290 3574 ne
3332 3517 3596 3589 patiatur,
3634 3520 3729 3590 qui

457 3608 897 3679 participatione
923 3611 1065 3681 ejus,
1092 3611 1188 3680 qui
1217 3609 1445 3680 proprie
1482 3618 1539 3663 et
1568 3609 1819 3680 primum
1842 3617 1928 3665 est
1949 3649 1964 3674 ,
1992 3618 2050 3664 et

455 3700 700 3755 fortasse
759 3701 941 3761 solum
987 3710 1113 3768 est;
1159 3703 1238 3757 ait
1282 3703 1435 3757 enim
1478 3701 1771 3773 Scriptura
1806 3719 1821 3757 :
1852 3702 2047 3774 Diligis

420 3812 435 3819 -
456 3794 814 3864 omnia,quw
845 3800 973 3848 sunt
995 3795 1035 3849 ¹.
1062 3794 1119 3850 Si
1155 3804 1341 3851 autem
1388 3811 1512 3867 quae
1544 3804 1708 3860 sunt,
1739 3795 1868 3852 ideo
1898 3805 2045 3861 sunt,

457 3885 597 3955 quia
624 3884 680 3940 id
707 3886 855 3956 quod
895 3895 980 3942 est
1010 3881 1380 3958 participant;
1408 3880 1747 3958 participant
1776 3897 1963 3945 autem
1990 3887 2047 3943 id

455 3973 616 4043 quod
671 3983 776 4039 est,
824 3975 1040 4031 scilicet
1088 3976 1396 4032 secundum
1452 3979 1836 4049 operationem
1870 3981 2045 4051 ejus;

457 4062 715 4130 operatio
737 4078 874 4119 vero
902 4065 1152 4136 sejuncte
1183 4083 1211 4120 a
1241 4065 1550 4123 substantia
1574 4082 1685 4123 non
1708 4070 1823 4124 exit
1843 4111 1858 4137 ,
1881 4076 1938 4125 et
1960 4080 2049 4127 est

459 4153 529 4207 in
562 4155 821 4211 omnibus
849 4175 862 4210 :
897 4157 1208 4215 substantia
1238 4158 1408 4229 igitur
1439 4158 1496 4214 in
1530 4160 1790 4219 omnibus
1825 4171 1912 4218 est
1936 4202 1951 4228 ,
1985 4170 2048 4218 ut

458 4245 563 4327 ait.
589 4247 864 4318 Propheta
893 4266 906 4302 :
937 4247 1138 4305 Cretum
1188 4259 1240 4304 at
1293 4242 1496 4305 terr'am
1534 4267 1629 4323 ego
1666 4252 1883 4325 impleo,
1916 4254 2048 4310 dicit

460 4336 729 4390 Dominus
754 4339 775 4369 ¹
804 4353 818 4401 ;
849 4337 1042 4407 implet
1073 4347 1259 4397 autem
1298 4354 1422 4409 quae
1453 4349 1585 4396 sunt
1622 4356 1801 4413 supra.
1819 4358 1885 4398 ea
1923 4359 2048 4414 quin

460 4438 599 4484 sunt
624 4447 637 4484 :
667 4420 885 4485 et'nihil
912 4440 999 4489 est
1022 4447 1279 4495 vacuum,
1310 4448 1422 4489 non
1451 4434 1729 4506 particeps
1761 4439 1907 4509 ejus.
1930 4439 2045 4497 Nec

2149 3610 2261 3681 pati
2297 3625 2409 3664 non
2438 3609 2669 3680 potest?
3078 3674 3087 3675 ί

2219 3702 2354 3757 Vill.
2388 3701 2608 3756 Etenim
2639 3701 2686 3757 si
2741 3702 2823 3757 sol
2862 3701 3071 3772 alioqui
3105 3715 3439 3771 corporeus,
3469 3699 3732 3755 omnibus

2148 3790 2473 3864 corporibus
2507 3808 2607 3865 per
2642 3794 2828 3850 radios
2873 3810 3004 3850 suos
3032 3794 3535 3866 appropinquans,
3561 3791 3731 3848 nullis

2130 3895 2339 3941 tamen
2383 3886 2645 3942 sordibus
2688 3902 2747 3942 se
2774 3887 3051 3957 inquinat,
3076 3902 3261 3957 neque
3292 3886 3526 3945 fetorem
3555 3886 3724 3956 capit,

2147 3976 2403 4047 quamvis
2437 3977 2492 4033 in
2519 3976 2767 4033 infinitas
2806 3993 2895 4035 res
2938 3977 3114 4033 imdas
3145 3976 3333 4031 radios
3364 3977 3533 4048 jaciat
3562 3993 3578 4044 ;
3614 3976 3727 4030 imo

2147 4082 2280 4124 vero
2306 4058 2531 4136 contra,
2560 4069 2836 4141 ejusmodi
2866 4069 3165 4140 qualitates
3209 4069 3271 4122 in
3302 4067 3502 4123 melius
3531 4077 3727 4137 suapte

2146 4170 2345 4217 natura
2388 4169 2565 4217 mutat
2598 4178 2614 4216 :
2650 4171 2859 4233 quanto
2907 4162 3081 4233 magis
3112 4162 3278 4228 Deus,
3303 4161 3397 4232 qui
3431 4167 3517 4217 est
3557 4176 3731 4230 supra

2135 4255 2349 4321 solem,
2387 4253 2535 4310 bona
2593 4270 2694 4310 sua
2754 4253 3213 4320 communicabit,
3238 4262 3296 4309 et
3341 4254 3458 4324 ipse
3508 4252 3728 4308 nullum

2149 4346 2541 4418 participabit?
2564 4347 2678 4403 Nec
2721 4346 2870 4403 enim
2908 4346 3041 4402 licet
3065 4346 3149 4402 sol
3181 4356 3469 4416 putrorem
3496 4345 3727 4416 partici-

2147 4445 2347 4509 paret,
2380 4437 2700 4494 necessario
2740 4438 2929 4494 etiam
2952 4438 3099 4494 Deus
3142 4436 3500 4508 participaret
3533 4457 3545 4492 :
3580 4436 3729 4507 quod

456 4520 613 4576 enim
669 4522 985 4593 existimare
1059 4524 1186 4594 quis
1237 4523 1406 4585 debet
1434 4542 1493 4581 se
1527 4527 1702 4583 Deum
1740 4528 2042 4597 honorare,
2077 4512 2118 4570 ί)
2146 4529 2193 4585 si
2215 4543 2394 4600 neque
2414 4529 2495 4589 sol
2525 4529 2842 4600 participat,
2869 4545 2996 4585 cum
3046 4528 3122 4585 sit
3161 4528 3372 4599 alioqui
3406 4528 3685 4600 passibilis
3710 4570 3725 4592 ,

456 4614 637 4684 quasi
679 4614 748 4669 ad
787 4616 961 4672 malos
1011 4631 1125 4671 non
1158 4616 1479 4687 descendat,
1514 4630 1615 4677 aut
1637 4621 1707 4677 ad
1747 4623 1905 4689 alios,
1934 4624 2044 4679 alio

410 4734 417 4741 ο
458 4705 632 4761 modo
661 4707 956 4777 praesentia
973 4708 1096 4778 ejus
1118 4709 1375 4780 indignos
1397 4727 1411 4778 ;
1438 4726 1510 4767 ne
1530 4717 1749 4769 sum'tno
1771 4714 2045 4772 dedecore

454 4809 524 4856 et
544 4786 855 4870 ignominia
870 4812 997 4853 eum
1032 4797 1254 4864 alliciat;
1289 4801 1539 4858 tribuens
1558 4804 1614 4858 ei
1640 4807 2042 4876 proprietatem

454 4876 780 4958 corporum,
811 4888 865 4943 id
887 4896 993 4953 est,
1028 4888 1603 4962 circumscriptionem
1626 4903 1683 4949 et
1719 4897 2038 4965 terminum,

456 4996 727 5050 separaris
758 4981 974 5042 scilicet
1014 4973 1397 5053 operationem
1426 5001 1459 5040 a
1499 4987 1811 5044 substantia
1848 4995 2044 5062 :quod

455 5072 689 5143 quidem
721 5073 778 5128 in
805 5075 919 5130 Deo
937 5076 1171 5147 intelligi
1192 5092 1303 5132 non
1338 5065 1543 5153 potest.
1570 5076 1585 5081 ”

536 5164 625 5219 Vi.
652 5166 792 5222 Ante
815 5167 924 5222 hoc
951 5168 1177 5237 quidem
1207 5185 1335 5225 cum
1373 5171 1655 5242 Propheta
1684 5175 1892 5242 sciret,
1931 5177 2045 5235 aie-

458 5259 559 5313 bat
587 5276 602 5312 :
631 5257 746 5324 Quo
776 5277 809 5313 α
828 5261 1025 5331 spiritu
1077 5269 1166 5315 tua
1213 5262 1301 5316 ibo
1326 5263 1355 5316 7
1380 5278 1493 5317 non
1535 5257 1696 5328 dixit,
1726 5266 1797 5321 ab
1840 5283 2040 5337 opera-

457 5348 612 5404 tione
640 5358 734 5404 tua
761 5365 775 5403 :
810 5348 882 5404 Et
905 5368 941 5405 α
966 5349 1103 5420 facie
1117 5358 1235 5415 tua,
1266 5366 1369 5422 quo
1394 5351 1596 5422 fugiam
1620 5351 1646 5406 ?
1668 5351 1731 5407 Si
1749 5355 2035 5411 ascendero

452 5443 521 5496 in
538 5439 763 5506 catum,
786 5448 846 5495 tu
872 5440 984 5496 illic
1028 5456 1254 5506 κηποι]
1311 5442 1490 5498 solum
1543 5443 1792 5512 operatio
1825 5452 1959 5510 tua;
1989 5446 2037 5499 si

449 5532 772 5589 descendere
803 5534 877 5588 ad
898 5534 1191 5603 infernum,
1216 5532 1422 5600 adea';
1458 5541 1515 5591 et
1544 5548 1667 5604 quae
1703 5544 2034 5605 sequuntur.

452 5621 565 5681 Ubi
615 5624 784 5697 igitur
822 5623 1113 5696 Scriptura
1138 5624 1603 5696 signiﬁcationem
1637 5624 1790 5680 dedit
1818 5624 2034 5699 disjun-

2131 4621 2293 4675 sicut
2332 4621 2546 4691 reliqua
2571 4628 2803 4691 corpora
2833 4635 2849 4675 :
2884 4620 3162 4692 quomodo
3193 4621 3343 4677 Deus
3372 4620 3739 4692 impassibilis

2124 4712 2560 4784 participaverit
2583 4713 2609 4767 i
2647 4728 2656 4738 ·
2946 4700 2962 4704 ”
3623 4738 3641 4771 .-

2221 4806 2312 4863 lx.
2340 4805 2632 4869 Caeterum,
2670 4808 2801 4878 quia
2842 4809 3237 4881 operationem
3259 4808 3415 4863 aiunt
3452 4806 3729 4862 in‘omni-

2147 4899 2254 4954 bus
2297 4902 2459 4963 esse;
2488 4899 2631 4955 hanc
2674 4899 2826 4955 enim
2862 4900 3057 4955 volunt
3097 4914 3207 4955 non
3265 4897 3728 4955 circumscribere

2143 5005 2329 5061 neque
2356 4991 2694 5055 terminare,
2723 4990 3105 5061 interrogandi
3139 4997 3305 5057 sunt,
3332 4986 3619 5059 quomodo
3656 4987 3726 5043 dc

2139 5096 2205 5137 ea
2235 5081 2519 5137 sentiant:
2551 5097 2622 5137 an
2672 5081 2867 5137 dicunt
2921 5081 3257 5152 participare
3302 5095 3425 5137 eam
3470 5087 3728 5135 terrenas

2139 5173 2353 5238 sordes,
2381 5187 2511 5228 cum
2554 5173 2635 5229 .ad
2691 5189 2785 5230 eas
2840 5174 3093 5231 accedit?
3122 5190 3191 5230 an
3233 5189 3342 5230 non
3370 5173 3394 5227 ?
3419 5172 3478 5230 Si
3528 5188 3723 5230 verum

2138 5263 2478 5330 fatebuntur,
2532 5265 2889 5335 perspicuum
2937 5274 3061 5332 est,
3090 5266 3208 5321 ﬂeri
3247 5281 3431 5336 posse,
3457 5273 3521 5320 ut
3574 5266 3725 5335 quod

2139 5355 2577 5425 appropinquat,
2604 5371 2719 5411 non
2743 5356 3039 5427 participet
3070 5356 3341 5412 malitiam
3370 5371 3567 5412 eorum
3595 5358 3725 5427 qui-

2143 5446 2251 5501 bus
2297 5446 2745 5517 appropinquat:
2782 5448 2873 5502 sin
2920 5464 3055 5504 vero
3109 5450 3318 5516 dicent,
3368 5449 3723 5521 participare,

2142 5538 2291 5594 idem
2368 5538 2673 5593 absurdum
2740 5540 2962 5596 eveniet
3032 5541 3116 5597 eis
3183 5542 3279 5612 qui
3350 5541 3457 5597 hoc
3506 5539 3723 5605 dicunt.

2144 5630 2294 5702 quod
2338 5640 2399 5686 ut
2444 5629 2719 5703 fugerent,
2752 5632 2923 5687 Deum
2974 5632 3550 5689 circumscribebant:
3586 5646 3724 5688 con-

531 5797 617 5860 ”l
646 5802 788 5859 Tim.
811 5821 882 5873 vl,
915 5805 997 5861 ιδ.
1073 5806 1117 5840 θ’
1147 5804 1275 5878 Sap.
1315 5822 1351 5872 ι,
1384 5806 1440 5862 7.
1520 5804 1689 5876 'Sap.
1722 5819 1798 5872 ιιι,
1826 5805 1916 5862 25.
1966 5774 2012 5838 ’³
2045 5846 2048 5862 .

2147 5826 2246 5865 cm.
2283 5827 2434 5878 χχιιι,
2471 5811 2560 5865 2i.
2640 5810 2659 5840 ’
2684 5811 2825 5865 PSnl.
2869 5824 3129 5880 cum",
3164 5812 3217 5876 Ἰ,
3243 5812 3294 5868 8.
