4098 6450
453 377 589 444 1335

1586 387 1647 446 S.
1689 383 2089 445 ANASTASII
2127 381 2604 448 ANTIOCHENI

3581 376 3736 443 1336

453 496 676 548 trahant
739 494 908 566 igitur
971 494 1139 550 etiam
1215 497 1562 568 operatione,
1607 505 1667 550 ut
1717 497 2037 551 universum
2067 498 2113 556 Α
2140 498 2366 551 veritate
2389 497 2433 562 ⁸,
2460 505 2516 551 et
2537 496 2711 550 Deum
2737 495 2909 550 Deum
2941 511 3063 552 esse
3095 493 3356 559 scientes,
3384 505 3496 546 non
3520 488 3738 545 deﬂexi

451 583 778 640 dissolvunt.
808 585 967 653 Quod
1008 585 1054 641 si
1093 586 1225 642 dum
1269 588 1374 643 hoc
1407 587 1707 642 absurdum
1759 593 2036 651 metuunt,

454 677 611 746 quasi
640 692 738 732 eos
783 680 1080 746 sententiae
1110 681 1378 751 paeniteat
1403 723 1417 747 ,
1438 681 1655 736 divinas
1685 679 2040 750 operationes

458 771 596 824 nihil
624 770 747 825 lmdi
769 771 977 838 dicant,
1017 789 1117 827 cur
1143 789 1252 828 non
1282 773 1425 828 idem
1457 773 1525 828 de
1561 772 1870 828 substantia
1897 771 2040 828 afﬁr-

459 863 654 916 mant?
695 863 749 919 Si
779 874 964 920 autem
997 866 1377 936 operationem
1427 863 1552 921 ideo
1585 867 1777 922 dicunt
1808 866 2040 921 liberam

457 969 579 1009 esse
623 972 654 1010 a
695 959 1140 1029 participatione,
1177 961 1324 1031 quod
1383 962 1454 1016 sit
1505 961 1738 1018 facultas
1789 959 2042 1031 quaedam

461 1047 835 1118 incorporea;
882 1051 1010 1106 inde
1054 1051 1185 1107 licet
1228 1068 1486 1124 arguere,
1517 1053 1704 1109 dicere
1751 1068 1868 1117 eos,
1906 1051 2040 1109 sub-

459 1141 717 1195 stantiam
753 1143 848 1197 Dei
883 1159 995 1198 non
1022 1159 1143 1199 esse
1175 1144 1578 1216 incorpoream,
1609 1155 1665 1201 et
1691 1145 1796 1201 hac
1827 1146 2040 1201 ratione

459 1247 580 1286 eam
617 1233 1077 1292 circumscribere
1103 1277 1116 1302 ,
1154 1238 1311 1307 quasi
1350 1249 1603 1294 naturam
1645 1239 1912 1310 corporis.
1945 1239 2043 1294 Est

460 1335 646 1381 autem
669 1327 829 1397 plane
858 1329 1148 1385 manifesta
1172 1332 1413 1387 amentia
1443 1333 1524 1387 sic
1546 1334 1753 1389 sentire
1773 1342 1830 1388 et
1850 1332 2003 1403 loqui
2029 1351 2041 1387 :

463 1417 736 1488 siquidem
777 1417 1014 1495 Spiritus
1061 1429 1136 1476 est
1189 1413 1329 1482 Deus
1357 1423 1417 1490 ";
1448 1422 1814 1494 quamobrem
1876 1423 2046 1494 spiri-

460 1511 645 1568 taliter
670 1528 799 1568 eum
841 1514 1219 1586 glorificemus
1245 1517 1394 1571 omni
1422 1533 1687 1588 corporea
1715 1516 2048 1589 cogitatione

460 1605 780 1676 longissime
838 1610 1082 1679 repulsa,
1143 1611 1440 1667 adorantes
1507 1627 1632 1667 eum
1672 1613 1727 1666 in
1781 1613 1974 1683 spiritu
2000 1619 2049 1666 et

533 1747 553 1775 ⁸
575 1744 735 1801 Joan.
771 1760 842 1812 IV,
869 1746 960 1799 9.4.
1038 1745 1059 1791 β
1088 1745 1230 1801 lhid.

2142 605 2172 644 a
2206 589 2293 644 via
2346 598 2494 644 recta
2551 603 2717 660 quam
2770 588 2829 642 in
2873 587 3222 659 dogmatibus
3253 583 3529 640 triverunt
3552 581 3738 652 pedes

2141 683 2368 738 Patrum
2397 690 2714 737 nostrorum
2748 690 3166 738 mansuetorum
3198 688 3254 735 et
3277 675 3598 741 humilium,
3633 675 3739 743 qui

2145 767 2296 831 recte
2355 783 2662 831 tractarunt
2713 776 2944 831 verbum
3001 774 3290 839 veritatis,
3359 786 3528 841 super
3586 782 3742 838 quos

2146 870 2362 940 aspexit
2385 869 2655 925 Dominus
2685 877 2914 940 propter
2935 875 3152 923 rectum
3187 880 3284 922 cor
3315 879 3506 918 eorum
3540 878 3564 915 :.
3588 876 3742 931 quos

2147 967 2252 1038 ipsi
2285 965 2542 1030 insecuti,
2571 963 2904 1020 sententiam
2943 976 3139 1034 puram
3171 967 3228 1015 et
3275 957 3520 1027 undique
3569 954 3742 1009 lima-

2146 1068 2260 1114 tam
2344 1057 2724 1129 exposuimus,
2781 1056 2923 1112 nihil
2971 1053 3259 1126 proprium
3317 1059 3742 1121 expromentes,

2149 1152 2246 1209 sed
2293 1152 2479 1222 potius
2525 1159 2847 1206 sanctorum
2875 1147 3062 1209 verba
3094 1153 3357 1216 tanquam
3380 1143 3551 1198 flores
3581 1141 3748 1197 colli-

2142 1251 2356 1317 gentes,
2415 1240 2533 1298 haac
2582 1256 2733 1295 nunc
2795 1248 3057 1308 tanquam
3106 1237 3263 1293 favos
3312 1232 3572 1289 ﬁnximus
3600 1271 3617 1298 ,
3653 1231 3747 1286 usi

2143 1333 2417 1407 adjutrice
2439 1331 2527 1387 vel
2557 1330 2743 1402 potius
2771 1345 2939 1385 causa
2963 1336 3019 1383 et
3038 1327 3312 1399 principio
3337 1323 3590 1396 sapiente
3613 1336 3744 1392 ape,

2145 1429 2308 1500 cujus
2352 1425 2576 1488 labores
2625 1438 2785 1496 reges
2816 1429 2874 1478 et
2906 1421 3112 1494 privati
3141 1420 3209 1476 ad
3240 1419 3536 1477 sanitatem
3582 1415 3750 1471 adhi-

2145 1523 2300 1579 bent.
2959 1535 2963 1537 ·

483 1918 3733 1944 W

2049 2061 2167 2122 III.
2223 2091 2228 2094 -
2265 2077 2269 2080 '

1101 2206 1209 2266 DE
1254 2206 1540 2267 DIVINA
1575 2200 2077 2275 OECONOMIA,
2112 2199 2195 2261 ID
2241 2199 2372 2260 ES'l
2426 2193 3064 2260 ΙΝΕΑΒΝΑΤΙΟΝΕ.

536 2471 580 2530 l.
609 2471 841 2545 Oportet
893 2465 1206 2544 sapientem
1256 2473 1559 2532 Salvatoris
1610 2478 1785 2533 nostri
1821 2494 2046 2543 oecono-
2082 2488 2125 2544 Β
2147 2481 2364 2553 jussum
2397 2481 2413 2518 ι
2454 2487 2575 2536 erat
2598 2495 2613 2546 ;
2636 2477 2884 2546 alterum
2923 2475 3073 2532 enim
3104 2473 3225 2530 sine
3267 2473 3444 2543 altero
3481 2486 3597 2528 non
3621 2479 3753 2527 erat

460 2565 628 2620 miam
676 2581 780 2636 pro
812 2566 1088 2622 tenuitate
1114 2575 1318 2623 nostrae
1365 2566 1748 2638 intelligentiae
1793 2571 2044 2638 laudare,

461 2671 576 2712 non
615 2671 746 2730 pro_
773 2654 1045 2727 dignitate
1091 2657 1494 2728 magnitudinis
1545 2658 1732 2714 Verbi.
1763 2660 1882 2716 Non
1943 2661 2049 2717 hoc

460 2747 769 2820 polliceor;
803 2763 1150 2819 nequaquam
1179 2768 1192 2804 :
1225 2765 1338 2805 non
1401 2751 1550 2806 enim
1583 2761 1766 2822 potest
1805 2753 2048 2808 humana

463 2854 642 2906 mens,
671 2841 926 2911 quamvis
963 2843 1356 2914 purgatissima
1397 2843 1506 2911 sit,
1543 2827 1748 2900 tantam
1783 2848 2048 2917 amplitu-

469 2935 651 2990 dinem
702 2935 1018 3004 complecti,
1059 2935 1156 2992 sed
1188 2944 1250 2990 ut
1297 2935 1532 3003 infirmae
1581 2946 1639 2993 et
1681 2955 1862 3009 parva:
1901 2941 2050 2996 vires

464 3035 669 3081 nostrae
715 3025 905 3082 ferunt
927 3070 942 3094 ,
975 3027 1045 3084 de
1071 3028 1177 3084 hac
1202 3044 1263 3083 re
1287 3027 1645 3086 disseremus.
1673 3030 2049 3098 Quamobrem

465 3116 536 3172 ab
577 3116 645 3172 iis
681 3117 776 3188 qui
820 3117 888 3173 ad
943 3118 1239 3189 legendum
1284 3120 1643 3184 accesserint,
1676 3121 1940 3191 petimus,
1980 3137 2050 3176 ne

464 3219 592 3261 cum
623 3221 788 3262 sensu
823 3207 1019 3263 humili
1050 3224 1245 3264 eorum
1274 3225 1397 3279 quae
1431 3224 1463 3264 a
1517 3203 1681 3267 nobis
1704 3211 2048 3274 scribuntur,

465 3299 630 3356 simul
677 3299 832 3355 humi
889 3311 1122 3372 repant,
1154 3303 1252 3357 sed
1283 3302 1470 3373 potius
1503 3319 1632 3358 cum
1684 3303 2052 3374 amplitudine

465 3405 653 3446 rerum
702 3390 759 3444 in
811 3392 986 3448 altum
1034 3393 1338 3450 tollantur:
1379 3393 1483 3449 etsi
1530 3393 1680 3449 enim
1722 3394 1904 3449 oratio
1941 3409 2053 3448 una

408 3483 410 3494 ‘
465 3499 591 3536 cum
641 3482 1015 3540 instrumento
1064 3501 1167 3542 suo
1221 3484 1441 3540 infirma
1485 3493 1592 3551 est,
1631 3494 1818 3542 manet
1867 3476 2053 3542 tamen

467 3575 695 3631 materia
723 3576 1044 3632 detrimenti
1074 3592 1311 3648 expers:
1348 3593 1472 3648 quae
1507 3578 1615 3632 hoc
1665 3579 1787 3649 ipso
1824 3577 2052 3650 grandi-

467 3677 636 3724 tatem
679 3669 1062 3734 demonstrat,
1107 3669 1256 3740 quod
1294 3685 1516 3725 omnem
1541 3687 1854 3726 sermonem
1885 3687 2053 3744 supe-

466 3769 597 3818 rat:
633 3778 745 3818 non
804 3762 954 3818 enim
1014 3763 1266 3819 universi
1309 3762 1557 3828 fabrica,
1608 3763 1810 3819 coelum
1871 3763 2054 3820 Verbo

466 3854 782 3911 confectum
833 3863 889 3910 et
925 3854 1210 3911 sideribus
1255 3863 1554 3920 ornatum,
1585 3863 1643 3910 et
1697 3864 1843 3912 terra
1886 3870 2055 3926 super

467 3947 706 4002 nihilum
737 3935 988 4014 fundata,
1022 3957 1079 4002 et
1122 3930 1273 4002 omni
1305 3962 1508 4019 genere
1533 3947 1795 4003 arborum
1824 3946 2056 4017 pulchre

467 4038 704 4105 consita,
759 4039 1023 4110 omnique
1101 4039 1305 4111 generi
1353 4037 1722 4093 animantium
1795 4037 2056 4092 alimenta

469 4130 669 4187 idonea
738 4130 1102 4203 suppeditans
1128 4147 1144 4197 ;
1175 4146 1329 4186 mare
1387 4131 1648 4192 liberum,
1676 4139 1733 4185 et
1761 4128 1898 4184 fines
1925 4143 2057 4184 suos

468 4240 577 4279 non
621 4224 952 4294 egrediens;
990 4239 1086 4279 aer
1113 4223 1293 4288 fusus,
1317 4232 1384 4278 .et
1413 4239 1444 4276 a
1485 4212 1638 4294 nullo
1681 4237 1779 4292 per
1807 4223 1918 4277 vim
1959 4237 2057 4276 oc—

469 4325 725 4388 cupatus,
768 4316 867 4372 sed
917 4315 1177 4386 aequalibi
1231 4315 1656 4386 participatione
1689 4313 2056 4385 aspirantium

470 4406 798 4472 honoratus,
828 4415 886 4461 et
910 4413 1122 4461 eceterae
1149 4413 1336 4476 partes
1371 4396 1560 4460 mundi
1586 4405 1776 4469 creati,
1802 4403 1877 4460 ita
1904 4412 2060 4474 pote-

473 4508 670 4555 statem
723 4498 874 4552 illam
910 4513 1034 4568 quaa
1077 4513 1243 4569 supra
1288 4499 1474 4553 omnia
1509 4507 1594 4552 est
1648 4497 2056 4561 demonstrant,

474 4601 748 4664 quantum
802 4591 1182 4653 demonstrat,
1215 4591 1468 4662 potuisse
1508 4591 1752 4645 divinam
1803 4599 2058 4645 naturam

472 4701 598 4741 cum
629 4692 820 4740 nostra
849 4684 1091 4749 misceri,
1119 4691 1176 4738 et
1200 4683 1446 4753 copulari
1473 4683 1592 4738 sine
1618 4684 1727 4738 ulla
1755 4683 2058 4737 mutatione

473 4791 601 4830 cum
641 4789 874 4845 corpore
928 4775 1111 4832 anima
1146 4774 1406 4844 rationali
1437 4773 1689 4845 prmdito.
1718 4774 1795 4828 Ac
1834 4788 2058 4828 causam

471 4868 695 4938 quidem
736 4867 902 4938 hujus
928 4867 1066 4922 tanti
1095 4866 1397 4922 descensus
1426 4866 1726 4937 perfectam
1760 4866 1877 4936 ipse
1908 4866 2060 4921 solus

468 4962 650 5026 novit,
687 4968 744 5016 et
780 4959 820 5014 ii
865 4959 1074 5030 quibus
1127 4957 1416 5031 patefecit,
1463 4966 1520 5012 et
1581 4958 1685 5014 hac
1739 4958 2055 5029 cognitione

469 5055 622 5126 digni
654 5054 902 5110 fuerunt.
1056 5125 1061 5130 _

538 5144 604 5204 ll.
646 5149 923 5216 Quantum
959 5155 1143 5201 autem
1192 5160 1293 5200 nos
1326 5143 1566 5198 assecuti
1611 5157 1802 5198 sumus
1833 5143 2054 5198 illorum

470 5240 699 5310 scriptis
721 5239 950 5304 eruditi,
979 5254 1144 5294 causa
1174 5237 1300 5300 fuit,
1330 5245 1390 5290 ut
1420 5237 1606 5300 homo,
1642 5237 1736 5306 qui
1759 5237 1901 5293 male
1927 5252 2056 5307 per-

475 5335 638 5398 ierat,
667 5335 852 5388 salvus
878 5334 1054 5398 ﬁeret,
1088 5331 1182 5402 qui
1221 5346 1386 5384 manu
1414 5329 1509 5384 Dei
1543 5329 1811 5385 formatus
1836 5340 1892 5386 et
1923 5332 2060 5385 ima-

473 5428 598 5498 gine
652 5427 978 5490 honoratus,
1010 5424 1244 5495 provide
1297 5423 1352 5477 in
1393 5423 1644 5493 paradiso
1693 5439 1724 5478 a
1757 5425 2056 5480 Conditore

472 5519 689 5592 positus
715 5519 838 5581 fuit,
874 5527 929 5572 ut
959 5527 1303 5589 aperaretur,
1322 5523 1370 5570 et
1403 5515 1684 5569 custodiret
1711 5519 1890 5583 eum“,
1913 5518 2057 5578 sicut

2151 2573 2287 2647 utile
2313 2590 2329 2628 :
2363 2572 2460 2628 sed
2487 2586 2600 2627 non
2626 2567 2929 2626 custodivit
2955 2581 3173 2637 semper
3199 2564 3353 2636 quod
3383 2564 3434 2619 ei
3473 2563 3746 2619 commis-

2150 2681 2273 2722 sum
2311 2672 2454 2731 erat,
2489 2679 2590 2735 per
2638 2660 2954 2734 segnitiem,
2981 2667 3038 2714 et
3093 2673 3388 2730 aggressus
3425 2665 3511 2712 est
3545 2657 3748 2727 vetita,

2150 2760 2281 2816 dolo
2318 2750 2607 2830 cujusdam
2651 2755 2863 2811 fallacis
2901 2752 3205 2823 voluptatis
3256 2751 3541 2808 inductus.
3598 2750 3749 2807 Hinc

2152 2851 2233 2906 illi
2268 2849 2452 2905 omnis
2479 2848 2640 2906 labor
2676 2855 2842 2904 natus
2871 2854 2976 2912 est,
3015 2853 3073 2900 et
3101 2843 3374 2900 malorum
3403 2841 3744 2908 inundatio;

2152 2957 2277 3012 quae
2323 2957 2452 2998 cum
2520 2939 2761 2996 resecari
2813 2937 3020 3008 alioqui
3080 2950 3224 3006 opus
3277 2931 3509 2999 fuisset,
3565 2932 3749 3004 magis

2156 3044 2338 3090 tamen
2391 3042 2557 3089 aucta
2603 3039 2756 3087 sunt.
2809 3029 2904 3087 Sic
2944 3029 3095 3084 enim
3136 3029 3206 3084 iis
3248 3027 3476 3083 evenire
3517 3026 3751 3082 solitum

2152 3135 2260 3194 est,
2291 3129 2388 3198 qui
2419 3128 2572 3182 nullo
2600 3126 2800 3182 ordine
2833 3133 3054 3180 servato
3079 3129 3382 3194 aegrotant,
3404 3121 3486 3176 sic
3516 3129 3575 3175 et
3599 3135 3747 3190 prae-

2152 3219 2334 3289 ceptis.
2379 3219 2724 3274 medicorum
2781 3232 2896 3272 non
2957 3215 3102 3270 sicut
3156 3211 3401 3278 debent,
3457 3219 3743 3266 utuntur:

2153 3309 2218 3363 In
2249 3309 2575 3380 profundum
2602 3309 2772 3380 igitur
2801 3304 3069 3361 malorum
3093 3319 3216 3360 cum
3246 3301 3570 3365 deuenisset,
3603 3299 3750 3354 sicut

2153 3401 2231 3454 ait
2259 3400 2488 3471 Sapiens
2524 3400 2581 3454 in
2614 3399 2952 3463 Proverbiis,
2985 3396 3299 3466 contempsit
3329 3395 3374 3448 ".
3418 3389 3580 3448 Unde
3613 3389 3749 3460 quia

2155 3507 2228 3556 ex.
2259 3499 2411 3546 tanta
2434 3491 2856 3554 excellentiaet
2891 3487 3188 3544 altitudine
3221 3486 3412 3555 lapsus
3440 3490 3563 3537 erat
3587 3522 3603 3547 ,
3632 3495 3748 3534 non

2155 3583 2500 3654 congruebat
2542 3583 2776 3638 bonitati
2809 3580 3050 3637 naturali
3095 3578 3218 3643 Dei,
3245 3577 3338 3632 hic
3363 3577 3580 3646 lapsum
3624 3573 3747 3628 sine

2156 3674 2432 3744 medicina
2458 3715 2472 3739 ,
2504 3683 2560 3729 et
2588 3681 2745 3728 extra
2771 3672 2992 3728 felicem
3032 3678 3238 3748 statum
3266 3669 3322 3724 in
3351 3682 3462 3737 quo
3486 3664 3750 3720 conditus

2157 3768 2358 3833 fuerat,
2390 3768 2706 3839 neglectum
2756 3766 3072 3838 praeterire;
3114 3763 3211 3841 qui
3255 3761 3404 3818 enim
3445 3757 3750 3829 aliquando

2159 3861 2216 3916 in
2252 3877 2522 3932 purpura,
2555 3871 2616 3918 ut
2643 3861 2720 3914 ait
2745 3859 3038 3930 Propheta,
3067 3855 3221 3912 Altus
3241 3863 3295 3910 et
3315 3853 3566 3908 educatus
3593 3858 3710 3905 erat
3731 3889 3748 3916 ,

2157 3952 2374 4005 indutus
2403 3960 2480 4004 est
2503 3958 2731 4004 stercore
2761 3950 2803 4003 ⁸.

2230 4042 2321 4097 lll.
2355 4041 2569 4098 Idcirco
2598 4041 2876 4111 sapienter
2906 4033 3076 4096 Verbi
3126 4038 3227 4093 Dei
3273 4036 3599 4093 oeconomiae
3645 4049 3746 4088 ne-

2158 4137 2371 4209 gotium
2423 4134 2668 4204 susnepit
2699 4148 2932 4204 magnus
2963 4131 3056 4187 ille
3082 4147 3181 4186 rex
3206 4173 3221 4198 ,
3249 4138 3305 4185 et
3340 4140 3469 4186 vere
3499 4124 3748 4198 praeclari

2158 4229 2398 4302 generis,
2433 4243 2498 4282 ac
2557 4241 2689 4282 vere
2744 4225 2974 4282 libere:
3032 4223 3296 4282 omnibus
3348 4222 3443 4292 qui
3497 4227 3630 4274 sunt
3681 4218 3749 4272 ab

2161 4323 2378 4379 oriente
2431 4320 2610 4376 solis:
2644 4333 2908 4390 egressus
2951 4317 3101 4373 enim
3132 4332 3164 4371 e
3206 4331 3306 4371 sua
3343 4313 3567 4369 civitate
3619 4326 3750 4381 pro-

2159 4426 2285 4488 pter
2301 4431 2430 4472 eutn
2453 4417 2553 4486 qui
2580 4413 2710 4489 inde
2735 4413 3106 4475 exsulat'erat,
3128 4411 3271 4467 sedit
3299 4424 3466 4480 super
3495 4415 3750 4462 nostrum

2161 4519 2381 4566 stercus
2405 4508 2461 4563 in
2492 4524 2604 4580 quo
2627 4507 2978 4571 sedebamus,
3011 4505 3164 4561 exuti
3189 4501 3544 4574 splendidum
3574 4498 3749 4554 vcsti-

2161 4611 2282 4659 tum
2332 4619 2444 4674 quo
2488 4617 2712 4658 eramus
2750 4608 2880 4656 ante
2925 4597 3422 4669 transgressionem
3463 4593 3669 4655 induti,
3695 4599 3752 4646 et

2161 4697 2269 4752 hoc
2314 4695 2493 4751 fetore
2542 4693 2732 4752 amicti
2762 4711 2775 4746 :
2812 4698 2869 4746 et
2895 4691 3161 4762 quoniam
3186 4705 3254 4745 ex
3285 4695 3534 4744 stercore
3580 4683 3753 4738 fetido

2165 4788 2351 4844 ulcera
2382 4795 2439 4842 et
2467 4787 2699 4841 vulnera
2737 4798 3155 4854 acceperamus,
3189 4796 3312 4852 quae
3342 4788 3513 4834 totam
3543 4784 3755 4831 naturae

2161 4888 2367 4936 nostra?
2391 4879 2654 4936 fabricam
2679 4875 3132 4947 corrumpebant,
3164 4872 3380 4943 accepit
3418 4863 3618 4925 testam
3641 4910 3656 4933 ,
3691 4879 3755 4920 ut

2162 4975 2400 5030 multum
2439 4981 2726 5044 putrorem
2755 4969 3116 5034 corraderet;
3147 4981 3387 5037 purgare
3411 4963 3562 5018 enim
3595 4960 3752 5016 vole-

2168 5067 2262 5122 bat
2283 5066 2506 5129 vulnus,
2543 5073 2600 5119 et
2621 5064 2827 5118 lavare.
2857 5061 2967 5117 Sed
3001 5076 3124 5130 qua:
3147 5059 3252 5114 ista
3286 5065 3424 5112 testa
3450 5055 3582 5110 est?
3623 5068 3750 5108 σοι’·

2165 5174 2269 5230 pus
2316 5157 2534 5212 scilicet
2582 5163 2908 5218 terrenum,
2972 5167 3086 5222 quo
3137 5156 3428 5221 peccatum
3495 5153 3750 5201 nostrum

2164 5249 2527 5304 emundavit:
2565 5247 2747 5318 Agnus
2785 5245 2884 5298 Dei
2917 5243 3114 5308 factus,
3149 5243 3242 5312 qui
3285 5239 3425 5294 tollit
3477 5243 3750 5309 peccatum

2166 5343 2347 5397 mundi
2365 5342 2408 5394 '.
2446 5341 2562 5394 lloc
2601 5338 2762 5393 nobis
2805 5328 2891 5392 est
2937 5339 3196 5406 Magnum
3230 5333 3560 5404 mysterium,
3593 5348 3626 5384 α
3650 5345 3753 5383 str-

2163 5432 2293 5488 culis
2324 5442 2373 5486 et
2404 5450 2436 5486 a
2490 5429 2918 5502 generationibus
2943 5429 3000 5481 in
3025 5427 3157 5492 Deo,
3191 5425 3280 5497 qui
3313 5425 3491 5478 omnia
3529 5422 3751 5483 creauit,

2168 5523 2639 5588 absconditum“;
2681 5519 2830 5589 quod
2881 5519 3121 5576 Joannes
3182 5514 3474 5586 theologia:
3543 5511 3754 5568 tonitru

546 5664 566 5692 “
599 5662 840 5731 Genan,
876 5661 960 5716 15.
1033 5661 1051 5691 ⁷
1086 5662 1248 5715 Prov.
1284 5677 1438 5726 an,
1469 5661 1521 5715 ὅ.
1601 5661 1623 5692 ⁸
1658 5661 1866 5716 Thren.
1901 5677 1972 5727 Iv,
2000 5662 2050 5716 5.

2171 5662 2327 5718 Joan.
2364 5678 2415 5728 ι,
2447 5661 2540 5717 29.
2619 5660 2660 5693 ¹⁰
2693 5659 2898 5731 Ephes.
2931 5674 3012 5725 ιιι,
3046 5657 3111 5725 9;
3143 5654 3413 5721 COIOSSJ,
3443 5652 3537 5710 26.

1746 5776 1984 5834 VARle
2029 5776 2438 5835 LECTlONES.

564 5873 580 5910 ¹
609 5870 840 5927 lassum.
880 5871 983 5929 An.
1012 5873 1221 5945 justum
1249 5873 1274 5927 ?
1312 5870 1418 5929 Sed
1461 5872 1669 5943 ἀπέχω.
