4098 6500
417 405 554 472 1337

1396 417 1681 482 ORATIO
1718 418 1838 482 III.
1856 444 1937 475 .--
1965 418 2066 481 DE
2102 420 2703 490 INCARNATIONE.

3550 422 3688 489 1338

411 520 769 591 praedicavit,
811 536 938 577 cum
975 538 1143 595 supra
1186 540 1412 592 sensum
1449 536 1510 584 et
1570 542 1740 601 supra
1767 522 1834 585 ea
1872 544 1995 600 quae
2025 534 2070 592 Α
2096 547 2164 587 ex
2190 534 2279 589 his
2303 537 2451 591 enim
2473 538 2689 599 exstitit
2709 552 2912 610 corpus
2937 545 3245 603 terrenum,
3268 536 3417 608 quod
3450 538 3683 608 tempori

409 614 519 673 sub
548 629 773 670 sensum
799 616 1027 684 eadunt,
1055 618 1306 676 elevatus
1335 637 1349 674 :
1377 618 1444 675 In
1476 622 1758 693 principio,
1795 621 1997 692 inquit,

408 716 531 761 erat
587 704 833 771 Verbum,
868 716 917 762 et
948 707 1174 790 Verbum
1215 720 1333 766 erat
1377 712 1520 783 apud
1561 712 1753 782 Deum,
1781 723 1833 768 et
1861 714 2001 768 Deus

405 807 529 855 erat
567 798 811 855 Verbum.
846 800 1039 857 Omnia
1065 819 1161 875 per
1182 804 1357 875 ipsum
1394 804 1539 876 facta
1566 813 1692 860 sunt
1714 807 1778 860 η.

481 934 573 991 IV.
608 933 799 1006 Ipsum
822 936 994 1008 igitur
1017 934 1345 1010 magistrum
1371 946 1428 996 et
1448 939 1647 996 ducem
1676 951 1997 1012 sequentes,

401 1027 659 1101 ejusdem
693 1028 939 1107 vocibus.
962 1030 1166 1089 divinis
1213 1042 1437 1089 utamur
1475 1027 1691 1089 aientes
1723 1053 1735 1088 :
1776 1034 1999 1089 Verbum

406 1139 533 1177 caro
579 1121 780 1193 factum
817 1132 913 1190 est,
944 1132 994 1178 et
1047 1125 1305 1181 habitavit
1343 1128 1399 1181 in
1430 1128 1577 1183 nobis
1607 1130 1670 1184 ¹².
1698 1128 1999 1198 Postquam

400 1214 560 1271 enim
594 1215 825 1272 nimiam
854 1218 977 1289 ejus
1002 1212 1151 1290 'erga
1178 1235 1283 1277 nos
1316 1219 1765 1278 misericordiam
1804 1232 1997 1277 osten-

398 1304 511 1374 dit,
550 1306 707 1363 illum
741 1308 925 1380 ipsum
946 1308 1088 1365 dixit
1114 1310 1319 1366 factum
1349 1327 1474 1369 esse
1503 1314 1815 1369 hominem.
1851 1312 2000 1380 Quo-

396 1398 572 1454 modo
624 1408 811 1456 autem
866 1400 991 1456 ﬁeri
1032 1401 1333 1475 potuisset,
1379 1412 1441 1459 ut
1491 1405 1589 1476 qui
1621 1413 1741 1460 erat
1788 1405 1998 1477 alioqui

393 1489 788 1559 immutabilis,
820 1491 981 1550 fieret
1030 1495 1181 1566 quod
1224 1504 1354 1553 'non
1402 1506 1524 1555 erat
1556 1515 1573 1568 ;
1603 1498 1833 1565 docuit,
1870 1493 1998 1555 cum

393 1583 544 1640 dixit
569 1603 582 1640 :
606 1585 679 1640 Et
706 1586 964 1662 habitavit
987 1588 1046 1642 in
1073 1588 1255 1645 nobis:
1283 1590 1432 1660 quod
1462 1591 1696 1662 perinde
1723 1582 1828 1657 est,
1867 1607 1932 1648 ac
1950 1592 1998 1648 si

394 1676 633 1745 diceret,
661 1678 808 1736 Usus
833 1688 920 1736 est
953 1696 1121 1738 carne
1149 1698 1254 1754 pro
1276 1684 1677 1753 tabernaculo;
1702 1685 1999 1757 oportebat

393 1771 575 1837 enim,
616 1780 678 1827 ut
702 1772 803 1846 qui
840 1787 965 1829 vere
990 1782 1047 1831 et
1078 1785 1277 1832 natura
1302 1792 1397 1831 rex
1422 1786 1613 1833 noster
1634 1784 1779 1844 erat,
1802 1793 1906 1834 nos
1926 1778 1996 1834 ab

388 1863 586 1919 alieno
610 1871 668 1920 et
693 1849 1013 1945 adulterino
1046 1866 1289 1936 quodam
1313 1868 1541 1923 domino
1566 1884 1864 1940 oppressos
1896 1871 1993 1941 qui
2024 1895 2067 1951 Β

397 1972 636 2028 regnum
670 1967 957 2033 rapuerat,
983 1960 1133 2031 quod
1166 1959 1235 2014 ad
1270 1974 1399 2016 eum
1430 1962 1585 2016 nulla
1617 1961 1835 2020 ratione
1858 1977 1991 2033 per-

399 2050 633 2115 tinebat,
652 2066 767 2108 non
792 2050 1133 2122 relinqueret
1162 2046 1430 2122 captivos,
1458 2054 1608 2109 nulla
1629 2054 1803 2110 nostri
1838 2054 1995 2110 habi-

402 2153 461 2200 ta
487 2142 700 2199 ratione
751 2150 810 2200 et
869 2144 1215 2215 cura:qu_in
1260 2146 1453 2215 potius
1497 2146 1737 2217 insignia
1786 2156 1993 2204 nostrae

399 2224 691 2295 servitutis
747 2236 1028 2303 indueret,
1061 2247 1118 2294 et
1166 2238 1238 2294 ad
1298 2253 1401 2294 nos
1452 2239 1693 2307 veniret,
1720 2250 1992 2307 ut,muro

398 2328 635 2401 disjecto
679 2338 736 2385 et
791 2329 1000 2398 diruto,
1033 2330 1199 2391 nobis
1255 2331 1502 2401 praeiret,
1531 2340 1587 2387 et
1620 2346 1810 2388 secum
1840 2334 1991 2405 ejus-

402 2419 532 2476 dem
590 2429 807 2501 naturaa
842 2422 1102 2481 homines
1148 2422 1506 2487 extraheret;
1532 2424 1646 2479 imo
1699 2426 1992 2481 servitutis

404 2528 601 2569 eorum
622 2512 957 2587 quibuscum
979 2521 1187 2569 natura
1214 2514 1321 2571 sibi
1342 2515 1655 2571 communis
1683 2523 1852 2582 esset,
1869 2514 1992 2571 vin-

405 2605 533 2662 cula
559 2604 663 2661 sibi
693 2613 888 2676 sponte
913 2604 1188 2678 injiceret.
1216 2658 1223 2665 ,

477 2743 540 2801 V.
573 2742 656 2801 0b
695 2743 842 2801 hanc
885 2759 1111 2801 causam
1139 2745 1295 2801 venit
1320 2744 1388 2801 ad
1415 2761 1518 2802 nos
1545 2745 1643 2816 qui
1671 2746 1832 2816 longe
1861 2734 1990 2800 era-

394 2848 548 2902 mus,
577 2844 634 2892 et
659 2836 823 2892 nobis
849 2836 907 2892 in
944 2837 1250 2909 longinquo
1275 2837 1475 2908 positis
1502 2836 1987 2909 appropinquavit,

392 2944 514 2984 non
563 2928 728 2995 loco;
761 2943 866 2984 nec
895 2928 1047 2983 enim
1095 2929 1238 2984 facta
1271 2916 1359 2984 est
1398 2929 1507 2984 loci
1540 2927 1774 2983 mutatio
1803 2944 1815 2981 :
1852 2942 1992 2997 quo-

393 3021 570 3078 modo
638 3022 789 3076 enim
842 3021 1136 3085 Divinitas,
1181 3028 1278 3076 aut
1329 3021 1428 3076 ubi
1471 3021 1988 3091 circumscribatur,

390 3114 522 3186 qua
552 3114 814 3170 universa
850 3114 907 3169 in
939 3129 998 3170 se
1025 3114 1371 3181 continet,et
1398 3131 1429 3169 a
1453 3114 1612 3170 nullo
1633 3113 1991 3172 continetur?

2105 625 2363 697 subjecit.
2392 626 2474 685 Ex
2508 627 2708 698 spiritu
2739 641 2872 683 vero
2903 634 3008 694 est,
3042 627 3188 698 quod
3231 637 3317 683 est
3348 626 3599 682 divinum
3631 637 3689 681 et

2103 717 2225 774 sine
2257 727 2530 789 tempore,
2557 719 2707 790 quod
2730 720 2885 776 carni
2921 720 3176 775 animatae
3201 719 3361 774 unire
3377 718 3688 787 voluit,per

2102 826 2268 881 quam
2319 811 2617 868 nobiscum
2649 820 2904 868 versatus
2936 819 3024 869 est
3064 811 3175 866 hoc
3215 810 3488 865 velamine
3519 823 3687 879 oper-

2103 911 2234 970 tus;
2267 903 2413 959 sicut
2450 919 2654 974 corpus
2704 904 2839 975 tegit
2888 904 3128 962 animam
3176 910 3422 957 nostram
3451 915 3574 971 quae
3602 907 3689 955 est

2102 993 2536 1064 inaspectabilis,
2566 1001 2624 1050 et
2668 994 2726 1048 in
2778 994 2847 1050 iis
2882 1009 3006 1064 quae
3053 993 3159 1082 sub
3187 1008 3415 1049 sensum
3456 989 3684 1052 cadunt,

2100 1109 2213 1149 non
2265 1104 2634 1151 numeratur:
2664 1096 2792 1167 quia
2835 1094 2978 1149 facta
3028 1099 3113 1147 est
3138 1081 3208 1144 ad
3242 1083 3536 1156 imaginem
3565 1081 3687 1152 ejus

2100 1186 2196 1256 qui
2245 1202 2369 1242 eam
2412 1186 2642 1256 creavit,
2676 1194 2971 1256 servatque
3005 1182 3161 1254 signa
3203 1172 3588 1235 similitudinis
3615 1169 3686 1225 ad

2100 1288 2267 1350 quam
2307 1279 2448 1335 facta
2495 1288 2617 1335 est:
2648 1279 2797 1350 quod
2844 1276 2993 1333 enim
3054 1282 3256 1329 natura
3298 1268 3537 1325 inditum
3575 1271 3682 1329 est,

2099 1386 2211 1426 non
2231 1379 2317 1428 est
2354 1375 2543 1443 aptum
2581 1381 2795 1437 natum,
2825 1380 2889 1426 ut
2918 1369 3080 1425 facile
3110 1371 3379 1421 mutetur.

2171 1463 2263 1518 Vl.
2301 1461 2580 1530 Quantum
2606 1462 2777 1535 igitur
2801 1462 2968 1518 nobis
3002 1452 3488 1514 modumunionis
3515 1446 3683 1505 Verbi

2099 1568 2226 1610 cum
2247 1570 2415 1611 carne
2445 1555 2768 1626 conjectura
2794 1551 3063 1622 Consequi
3110 1549 3264 1611 licet,
3290 1544 3457 1601 aliam
3484 1541 3682 1611 imagi-

2098 1663 2228 1703 nem
2284 1655 2341 1703 et
2397 1646 2827 1703 similitudinem
2872 1660 2989 1700 non
3041 1641 3356 1714 poterimus
3408 1634 3679 1706 reperire,

2098 1757 2264 1813 quam
2294 1740 2494 1797 animae
2513 1755 2640 1795 cum
2665 1738 2897 1811 proprio
2914 1749 3171 1807 corpore,
3190 1749 3259 1788 ex
3279 1729 3483 1801 quibus
3507 1739 3682 1782 unum

2100 1828 2306 1891 animal
2351 1832 2787 1899 homo‘exsistit,
2816 1845 3000 1902 neque
3028 1826 3283 1900 partibus
3304 1823 3359 1877 in
3401 1817 3683 1890 composi-

2097 1926 2249 1982 tione
2279 1926 2426 1982 inter
2459 1941 2519 1981 se
2557 1924 2809 1991 mutatis,
2839 1938 2945 1979 nec
2969 1937 3082 1977 una
3124 1934 3319 1974 earum
3354 1917 3683 1971 alterutram

2094 2035 2163 2076 ex
2227 2022 2301 2076 se'
2347 2018 2588 2074 faciente
2625 2036 2639 2072 :
2672 2017 2771 2074 sed
2829 2006 3016 2088 potius
3062 2010 3397 2069 coeuntibus
3460 2005 3684 2063 duobus

2094 2111 2335 2169 diversis
2373 2108 2508 2167 illud
2541 2109 2794 2175 etsistit,
2845 2106 2997 2178 quod
3045 2113 3175 2177 post
3216 2098 3683 2172 compositionem

2093 2214 2267 2263 estet
2308 2204 2658 2261 nominatur.
2710 2186 3075 2258 Adhibentes'
3103 2196 3372 2269 igitur-ex
3413 2193 3519 2247 hac
3545 2191 3685 2245 ima-

2093 2302 2243 2373 gine,
2274 2305 2546 2370 quantum
2565 2296 2701 2352 utile
2718 2305 2804 2351 eSt
2826 2293 2895 2349 ad
2927 2291 3247 2362 exemplum
3272 2283 3680 2346 similitudinis,

2094 2391 2360 2447 unionem
2396 2388 2563 2446 Verbi
2596 2403 2724 2443 cum
2756 2385 3108 2441 humanitate
3147 2378 3679 2450 contemplabimur.

2093 2483 2343 2540 Verbum
2389 2482 2537 2537 enim
2580 2478 2732 2552 quod
2778 2479 2836 2533 in
2864 2476 3144 2549 principio
3167 2481 3290 2530 erat
3328 2471 3499 2536 Deus,
3552 2480 3683 2523 cum

2090 2577 2261 2633 vellet
2310 2575 2432 2631 fieri
2485 2575 2678 2639 homo,
2712 2572 2845 2644 quia
2877 2588 2989 2627 non
3036 2575 3230 2641 posset
3289 2567 3459 2622 homo
3518 2562 3681 2617 aliter

2093 2670 2280 2725 salvus
2304 2668 2447 2736 fieri,
2478 2668 2793 2739 ingressum
2815 2673 2903 2721 est
2936 2665 2995 2719 in
3026 2671 3250 2718 uterum
3275 2655 3600 2728 virginalem
3626 2660 3685 2708 et

2090 2761 2274 2817 omnis
2319 2758 2699 2830 corruptionis
2756 2765 3093 2828 expertem:
3148 2761 3272 2809 erat
3321 2749 3472 2804 enim
3532 2746 3681 2815 virgo

2094 2864 2242 2910 casta
2288 2854 2481 2925 spiritu
2505 2860 2555 2906 et
2585 2850 2886 2919 corpore”.
2923 2846 3299 2915 Quamobrem
3338 2838 3679 2904 necessario,

2092 2955 2156 3003 ut
2179 2945 2436 3011 decebat,
2473 2944 2542 3000 ad
2572 2952 2789 2998 tantum
2844 2939 3101 3014 mysterii
3153 2935 3531 2993 ministerium
3557 2945 3682 2986 eam

2093 3037 2283 3109 elegit,
2317 3036 2652 3105 unitumque
2692 3043 2777 3090 est
2803 3033 2923 3089 sine
2954 3029 3284 3088 confusione
3318 3034 3376 3082 et
3421 3022 3685 3079 mistione

2097 3140 2273 3186 totum
2302 3129 2399 3184 toti
2434 3128 2611 3194 carni,
2633 3127 2819 3183 anima
2847 3124 3081 3181 rationis
3104 3121 3374 3194 participe
3402 3118 3681 3179 animatae,

389 3207 522 3264 Non
579 3208 750 3281 igitur
808 3215 1029 3278 poterat
1070 3207 1119 3263 is
1163 3207 1259 3277 qui
1308 3207 1378 3263 ab
1417 3222 1485 3263 eo
1531 3204 1834 3271 defecerat,
1869 3220 1991 3261 esse
2018 3237 2061 3293 ρ
2093 3231 2150 3281 ει
2180 3240 2280 3295 ρει.
2303 3223 2608 3279 adventum
2645 3220 2888 3292 spiritus
2917 3216 3097 3274 sancti
3140 3231 3206 3272 ex
3230 3228 3401 3270 carne
3431 3206 3683 3279 Virginis

388 3302 553 3357 extra
574 3308 873 3357 numerum
902 3318 1098 3358 eorum
1120 3317 1245 3372 qua:
1285 3310 1435 3368 sunt,
1470 3309 1532 3357 ut
1562 3302 1861 3357 adventum
1890 3300 1987 3371 qui

388 3393 650 3450 similiter
685 3382 765 3449 ad.
778 3395 960 3449 locum
983 3394 1283 3465 pertineat,
1310 3407 1624 3464 quaeramus
1649 3409 1662 3458 ;
1690 3402 1988 3463 utrumque

387 3482 548 3538 enim
576 3479 700 3540 erat
744 3482 1108 3553 impossibile.
1135 3482 1336 3539 Procul
1367 3491 1552 3538 autem
1589 3483 1658 3538 ab
1690 3499 1758 3539 eo
1791 3484 1989 3539 abera-

391 3589 525 3630 mus
564 3574 898 3640 affectione,
927 3583 983 3630 et
1014 3575 1302 3631 voluntate
1341 3574 1595 3646 spiritus,
1627 3583 1689 3630 ut
1715 3577 1794 3632 ait
1839 3575 1990 3632 Scri-

389 3674 587 3738 ptura.
629 3666 846 3723 Idcirco
892 3666 962 3723 ad
1008 3682 1114 3723 nos
1149 3666 1463 3735 descendit,
1491 3683 1601 3723 non
1634 3668 1828 3723 relicta
1874 3669 1990 3724 vita

390 3760 606 3826 divina,
639 3762 964 3832 quamcum
995 3760 1162 3816 Patre
1203 3767 1261 3816 et
1301 3759 1514 3831 Spiritu
1538 3770 1731 3817 sancto
1760 3768 1990 3816 natura-

390 3855 527 3911 liter
575 3851 849 3927 degebat;
889 3870 1029 3910 cum
1049 3854 1256 3926 quibus
1304 3863 1436 3910 ante
1488 3856 1689 3911 saecula
1735 3855 1790 3909 in
1818 3854 1992 3926 gloria

391 3948 651 4023 eratin
682 3947 808 4003 sinu
867 3958 1102 4018 paterno
1160 3942 1557 4017 requiescens;
1610 3946 1707 4002 sed
1762 3954 1991 4017 propter

395 4042 733 4099 charitatem
760 4050 1018 4112 suscepta
1041 4050 1237 4112 sponte
1268 4041 1579 4097 oeconomia
1609 4056 1732 4112 quae
1769 4040 1991 4096 bonita-

398 4141 514 4190 tem
560 4135 683 4206 ejus
727 4134 1043 4197 naturalem
1073 4133 1328 4201 decebat,
1364 4133 1444 4189 sic
1465 4148 1691 4189 carnem
1721 4149 1988 4199 crassam,

398 4233 681 4282 terrenam
707 4225 1100 4291 et'mortalem,
1133 4232 1189 4281 et
1210 4225 1378 4281 morti
1408 4225 1762 4281 resistentem
1787 4215 1988 4292 induit,

392 4317 789 4386 exsuperantia
829 4316 1120 4388 potestatis
1166 4332 1282 4373 suae
1328 4332 1465 4373 usus
1496 4317 1566 4373 ad
1603 4319 1992 4374 occultandam

394 4409 670 4482 gloriam,
715 4418 773 4466 et
828 4410 897 4465 ad
938 4409 1331 4465 assumendum
1374 4418 1600 4465 carnem
1653 4425 1819 4480 quam
1874 4412 1993 4473 .sibi

394 4499 582 4555 univit
599 4508 656 4555 ct
672 4499 728 4554 in
744 4516 859 4571 qua
882 4498 1176 4564 habitavit,
1196 4498 1508 4554 divinitatis
1534 4499 1774 4569 propriae
1795 4500 1994 4571 ampli-

2090 3315 2279 3383 Matris
2317 3314 2570 3371 conﬂatos
2629 3322 2687 3369 et
2743 3310 3079 3375 constitutae,
3123 3307 3277 3363 nulla
3309 3319 3479 3361 causa
3515 3301 3573 3356 in
3618 3314 3686 3354 ea

2091 3388 2412 3481 antegressa
2434 3393 2598 3464 exiis
2620 3405 2830 3475 quibus
2848 3406 3266 3459 consueverunt
3284 3410 3519 3467 corpora
3536 3391 3682 3456 ﬁeri,

2091 3492 2297 3575 praeter
2323 3500 2591 3557 virtutem
2625 3496 2916 3565 Altissimi.
2949 3494 3078 3551 Sola
3112 3492 3259 3549 enim
3307 3488 3512 3545 mulier
3567 3499 3687 3539 ma-

2088 3596 2292 3653 ‘teria‘m
2362 3592 2592 3664 corpori
2663 3588 2813 3660 quod
2878 3585 3190 3643 divinitatis
3249 3582 3685 3638 instrumentum

2091 3686 2300 3743 factum
2352 3693 2459 3749 est,
2530 3679 2931 3752 suppeditavit,
2985 3677 3134 3733 sicut
3162 3675 3293 3731 olim
3335 3689 3405 3727 ex
3456 3667 3685 3740 propria

2094 3792 2264 3833 carne
2299 3775 2477 3832 solius
2517 3773 2625 3837 viri
2671 3772 2876 3829 mulier
2899 3778 2957 3826 et
2989 3777 3170 3824 mater
3194 3765 3506 3821 viventium
3539 3763 3685 3817 facta

2093 3880 2201 3928 est.

2162 3959 2274 4016 γη.
2308 3958 2462 4014 Vane
2504 3957 2674 4028 igitur
2724 3952 2990 4016 delirant,
3020 3947 3118 4020 qui
3167 3951 3399 4018 propter
3456 3941 3684 3997 modum

2094 4050 2469 4124 generationis
2522 4055 2727 4119 negant
2773 4060 2897 4101 esse
2938 4041 3105 4098 nobis
3157 4034 3681 4093 eonsubstantiale:

2094 4144 2292 4202 eadem
2320 4143 2474 4199 enim
2505 4140 2723 4197 ratione
2748 4154 2854 4193 nec
2894 4137 3011 4192 Eva
3039 4135 3149 4190 erit
3195 4125 3687 4190 consubstantialis

2094 4239 2240 4302 viro,
2267 4245 2365 4293 aut
2394 4230 2575 4305 ei'qui
2614 4226 2682 4289 ex
2708 4238 2947 4301 utroque
2983 4226 3148 4283 simul
3181 4233 3345 4279 natus
3366 4228 3487 4286 est;
3522 4217 3686 4272 ambo

2096 4331 2247 4389 enim
2274 4332 2432 4386 vario
2456 4326 2624 4383 modo
2653 4323 2997 4381 exstiterunt
3025 4338 3040 4375 :
3067 4334 3173 4374 nec
3198 4331 3324 4373 cum
3349 4311 3555 4382 alioqui
3588 4325 3689 4381 po-

2098 4427 2319 4489 tuisset,
2351 4421 2642 4495 proprium
2678 4432 2887 4487 corpus
2931 4410 3159 4469 aliunde
3206 4407 3385 4471 duxit,
3421 4415 3584 4474 quam
3619 4415 3689 4454 ex

2098 4502 2336 4576 materia
2388 4515 2599 4572 nostris
2651 4509 2988 4582 corpOribus
3046 4504 3295 4575 subjecta
3329 4517 3343 4553 :
3376 4497 3495 4575 Na}:
3525 4496 3687 4559 enim,

398 4593 651 4649 tudinem
679 4592 1090 4648 inumbratioue
1123 4599 1332 4663 tegens.
1358 4590 1664 4663 Oportebat
1684 4592 1834 4647 enim
1864 4609 1990 4649 eum

2099 4588 2306 4683 inquit,
2364 4606 2713 4680 apprehendit
2755 4581 3004 4673 angelos,
3052 4611 3156 4658 nec
3196 4594 3359 4649 aliam
3405 4588 3687 4646 caelestem

393 4687 498 4759 qui
530 4697 650 4743 erat
679 4686 1113 4758 inaspectabilis,
1145 4685 1235 4741 cui
1254 4687 1612 4757 propositum
1642 4695 1765 4741 erat
1794 4687 1990 4741 venire

395 4782 469 4839 ad
503 4797 598 4838 eos
635 4781 729 4852 qui
756 4780 1067 4837 secundum
1103 4795 1329 4836 sensum
1361 4779 1645 4845 vivebant,
1673 4780 1991 4850 aspectabi-

396 4877 512 4931 lcm
543 4874 625 4928 cis
651 4873 771 4929 ﬁeri
802 4882 861 4928 et
881 4873 1143 4928 similem.
1167 4871 1538 4939 Quamobrem
1562 4872 1991 4928 instrumentum

398 4970 513 5024 hoc
526 4967 776 5023 divinum
801 4967 907 5022 sibi
929 4966 1207 5030 formavit,
1234 4973 1294 5021 ut
1311 4981 1411 5036 per
1434 4966 1614 5036 ipsum
1635 4964 1787 5020 fieret
1804 4965 1996 5020 visibi-

396 5061 513 5129 lis;
541 5064 597 5116 et
616 5061 763 5131 quod
801 5066 1004 5115 nostrae
1047 5067 1261 5114 naturae
1309 5058 1512 5114 divinae
1542 5067 1664 5114 erat
1697 5065 1753 5113 et
1786 5066 1997 5114 natura:

396 5154 621 5212 unitum
643 5153 847 5209 divinis
867 5142 1183 5210 actionibus
1196 5152 1537 5208 ministraret
1553 5170 1564 5204 :
1580 5152 1764 5208 uthac
1783 5153 1996 5208 ratione

398 5247 662 5303 omnibus
706 5244 800 5316 qui
834 5244 1271 5314 redemptionem
1310 5244 1431 5315 ejus
1463 5243 1880 5313 exspectabant,
1912 5243 1995 5298 di-

398 5332 561 5397 ceret
595 5356 609 5393 :
658 5337 779 5408 Ipse
813 5337 905 5406 qui
956 5334 1241 5407 loquebar,
1275 5333 1463 5389 adsum
1484 5335 1528 5365 ¹⁸
1561 5351 1576 5400 ;
1632 5333 1788 5389 adest
1842 5334 1991 5389 enim

399 5449 537 5489 vere
579 5431 819 5503 Verbum
856 5448 872 5499 ;
902 5440 959 5486 et
983 5428 1238 5502 quamvis
1268 5428 1449 5483 solum
1484 5438 1689 5498 corpus
1721 5426 1990 5493 cernitur,

399 5532 553 5587 Deus
573 5543 740 5585 verus
759 5536 866 5593 est,
892 5534 949 5582 et
970 5527 1271 5581 humanam
1300 5523 1537 5578 formam
1570 5523 1750 5579 oculis
1786 5522 1996 5578 nostris

399 5621 660 5693 subjicit;
687 5627 746 5677 et
770 5630 899 5676 ante
924 5619 1125 5676 saecula
1144 5626 1250 5685 est,
1268 5617 1401 5672 licet
1426 5626 1585 5672 ortus
1606 5618 1726 5689 ejus
1748 5623 1995 5685 tempore

400 5713 588 5771 factus
628 5711 967 5769 describitur
994 5726 1065 5766 ex
1109 5723 1313 5782 genere
1354 5706 1634 5763 Abraham
1670 5714 1727 5763 et
1770 5705 1989 5762 David:

383 5972 389 5977 1
478 5888 521 5922 ¹¹
549 5888 706 5946 Joan.
742 5880 857 5960 1,1,
881 5887 935 5944 ’5.
1024 5887 1064 5918 ¹²
1094 5884 1229 5943 ibid.
1264 5884 1344 5942 Η.

2096 4706 2391 4769 virtutem,
2409 4700 2501 4756 sed
2521 4715 2701 4754 semen
2723 4695 2952 4751 Abrahae
2973 4692 3040 4759 ",
3065 4689 3155 4746 cui
3175 4687 3319 4745 facta
3352 4683 3535 4743 fuerat
3559 4693 3690 4750 pro-

2098 4795 2314 4851 missio.
2349 4789 2639 4860 Quomodo
2672 4787 2842 4859 igitur
2876 4784 3034 4840 aiunt
3062 4779 3308 4851 quidam,
3341 4789 3546 4845 corpus
3572 4782 3689 4827 ter-

2100 4899 2299 4941 renum
2327 4890 2385 4937 et
2423 4882 2481 4936 in
2514 4889 2665 4937 terra
2696 4886 2890 4933 natum
2935 4873 3163 4930 caeleste
3192 4869 3383 4929 fuisse,
3410 4862 3689 4934 ‘siquidem

2099 4973 2423 5048 liujusmodi
2455 4971 2687 5029 materia
2706 4985 2819 5025 non
2839 4975 2926 5024 est
2950 4966 3007 5021 in
3038 4962 3151 5019 illis
3170 4960 3309 5016 locis
3328 4954 3690 5013 coelestibus?

2107 5071 2253 5141 Ergo
2284 5083 2389 5125 nec
2431 5083 2500 5122 ex
2554 5075 2755 5121 natura
2807 5060 3030 5134 propria
3071 5051 3426 5117 immutabili,
3473 5066 3579 5106 nec
3621 5065 3688 5141 es

2106 5139 2217 5216 una
2250 5160 2379 5219 alia.
2437 5157 2547 5212 nisi
2593 5158 2661 5210 ex’
2693 5170 2804 5224 qua
2833 5152 3043 5208 dictum
3084 5156 3203 5215 cst,
3249 5141 3542 5200 fabricavit
3578 5139 3687 5195 sibi

2102 5268 2326 5323 corpus.
2364 5249 2537 5306 Valde
2567 5248 2714 5304 enim
2747 5246 3016 5301 absonum
3069 5240 3288 5303 fuisset,
3327 5237 3407 5298 si,‘
3445 5250 3569 5291 cum
3620 5231 3687 5287 ad

2101 5352 2204 5402 nos
2237 5345 2477 5407 veniret,
2513 5341 2759 5395 alienum
2797 5355 2827 5393 a
2864 5337 3026 5392 nobis
3051 5348 3258 5403 corpus
3302 5330 3509 5394 ferret;
3554 5326 3690 5397 quin

2100 5437 2291 5511 potius
2320 5451 2445 5491 cum
2479 5435 2629 5511 Deus
2651 5440 2865 5487 tantum
2897 5437 3047 5486 esset
3080 5443 3146 5483 ex
3169 5427 3330 5481 Patre
3368 5423 3608 5495 genitus,
3633 5426 3692 5473 et

2101 5542 2355 5588 naturam
2381 5531 2503 5601 ejus
2525 5527 2647 5583 sine
2687 5525 2799 5580 ulla
2827 5522 3119 5587 varietate,
3163 5519 3216 5575 id
3249 5527 3355 5584 est,
3397 5531 3456 5572 se
3508 5515 3688 5585 ipsum

2100 5619 2371 5682 haberet,
2436 5629 2644 5684 corpus
2685 5628 2754 5668 cx
2797 5620 2975 5666 matre
3022 5608 3347 5680 assumpsit,
3395 5606 3687 5673 factusque

2100 5717 2187 5765 est
2206 5707 2259 5765 ei
2284 5702 2780 5763 consubstantialis
2800 5720 2813 5756 :
2835 5700 3200 5773 quamobrem
3226 5697 3532 5757 secundum
3554 5694 3681 5750 ima~

1429 5883 1468 5917 ⁸³
1522 5883 1602 5941 lsa
1664 5898 1756 5952 tu,
1780 5883 1834 5938 6.
1911 5882 1954 5917 ”
1988 5883 2009 5941 l
2044 5882 2176 5941 Cor.
2198 5899 2291 5951 vn,
2321 5881 2412 5937 δι.
2488 5880 2529 5915 ¹³
2566 5876 2739 5939 llebr.
2773 5894 2838 5954 ii,
2862 5876 2943 5933 ’3.
