  <div class='ocr_page' id='page_1' title='image "/cluster/home/n/w/nwhite01/storage/ocr_20150623/89/coo.31924054869932/685.png"; bbox 0 0 4098 6490; ppageno 0'>
   <div class='ocr_carea' id='block_1_1' title="bbox 478 362 3852 471">
    <p class='ocr_par' dir='ltr' id='par_1_1' title="bbox 478 362 3852 471">
     <span class='ocr_line' id='line_1_1' title="bbox 478 362 3852 471; baseline 0 -30"><span class='ocrx_word' id='word_1_1' title='bbox 478 362 617 443; x_wconf 68' lang='lat'><strong>{339</strong></span> <span class='ocrx_word' id='word_1_2' title='bbox 918 380 925 387; x_wconf 51' lang='grc' dir='ltr'><strong>λ·</strong></span> <span class='ocrx_word' id='word_1_3' title='bbox 1610 389 1674 448; x_wconf 91' lang='lat' dir='ltr'><strong>s.</strong></span> <span class='ocrx_word' id='word_1_4' title='bbox 1714 388 2123 452; x_wconf 75' lang='lat' dir='ltr'><strong>ANASTASII</strong></span> <span class='ocrx_word' id='word_1_5' title='bbox 2163 389 2639 471; x_wconf 77' lang='lat' dir='ltr'><strong>ANTIQCIIENI</strong></span> <span class='ocrx_word' id='word_1_6' title='bbox 3705 376 3852 442; x_wconf 73' lang='lat' dir='ltr'><strong>tato</strong></span> 
     </span>
    </p>
   </div>
   <div class='ocr_carea' id='block_1_2' title="bbox 475 493 2110 571">
    <p class='ocr_par' dir='ltr' id='par_1_2' title="bbox 475 493 2110 567">
     <span class='ocr_line' id='line_1_2' title="bbox 475 493 2110 567; baseline 0.005 -20"><span class='ocrx_word' id='word_1_7' title='bbox 475 493 662 567; x_wconf 59' lang='lat' dir='ltr'><strong>ginem</strong></span> <span class='ocrx_word' id='word_1_8' title='bbox 688 493 948 566; x_wconf 82' lang='lat' dir='ltr'><strong>superius</strong></span> <span class='ocrx_word' id='word_1_9' title='bbox 975 496 1341 566; x_wconf 78' lang='lat' dir='ltr'><strong>propositam,</strong></span> <span class='ocrx_word' id='word_1_10' title='bbox 1378 511 1444 551; x_wconf 77' lang='lat' dir='ltr'><strong>ex</strong></span> <span class='ocrx_word' id='word_1_11' title='bbox 1484 507 1720 567; x_wconf 84' lang='lat' dir='ltr'><strong>utraque</strong></span> <span class='ocrx_word' id='word_1_12' title='bbox 1754 498 2110 560; x_wconf 33' lang='lat' dir='ltr'><strong>substantia;</strong></span> 
     </span>
    </p>
   </div>
   <div class='ocr_carea' id='block_1_3' title="bbox 2212 493 3859 571">
    <p class='ocr_par' dir='ltr' id='par_1_3' title="bbox 2212 495 3859 571">
     <span class='ocr_line' id='line_1_3' title="bbox 2212 495 3859 571; baseline -0.002 -15"><span class='ocrx_word' id='word_1_13' title='bbox 2212 500 2570 561; x_wconf 79' lang='lat' dir='ltr'><strong>onliteantur.</strong></span> <span class='ocrx_word' id='word_1_14' title='bbox 2601 503 2717 559; x_wconf 76' lang='lat' dir='ltr'><strong>Nos</strong></span> <span class='ocrx_word' id='word_1_15' title='bbox 2731 517 2869 558; x_wconf 86' lang='lat' dir='ltr'><strong>vero</strong></span> <span class='ocrx_word' id='word_1_16' title='bbox 2899 507 3216 571; x_wconf 70' lang='lat' dir='ltr'><strong>spectantes</strong></span> <span class='ocrx_word' id='word_1_17' title='bbox 3243 495 3562 553; x_wconf 83' lang='lat' dir='ltr'><strong>unionem</strong></span> <span class='ocrx_word' id='word_1_18' title='bbox 3596 507 3859 553; x_wconf 82' lang='lat' dir='ltr'><strong>natura-</strong></span> 
     </span>
    </p>
   </div>
   <div class='ocr_carea' id='block_1_4' title="bbox 480 586 3855 667">
    <p class='ocr_par' dir='ltr' id='par_1_4' title="bbox 480 586 3855 667">
     <span class='ocr_line' id='line_1_4' title="bbox 480 586 3855 667; baseline 0.001 -25"><span class='ocrx_word' id='word_1_19' title='bbox 480 602 628 642; x_wconf 88' lang='lat' dir='ltr'><strong>unus</strong></span> <span class='ocrx_word' id='word_1_20' title='bbox 660 586 922 643; x_wconf 86' lang='lat' dir='ltr'><strong>Christus</strong></span> <span class='ocrx_word' id='word_1_21' title='bbox 940 588 1202 659; x_wconf 88' lang='lat' dir='ltr'><strong>apparuit</strong></span> <span class='ocrx_word' id='word_1_22' title='bbox 1237 590 1422 653; x_wconf 84' lang='lat' dir='ltr'><strong>nobis,</strong></span> <span class='ocrx_word' id='word_1_23' title='bbox 1454 589 1600 644; x_wconf 88' lang='lat' dir='ltr'><strong>idem</strong></span> <span class='ocrx_word' id='word_1_24' title='bbox 1627 590 1775 647; x_wconf 83' lang='lat' dir='ltr'><strong>Deus</strong></span> <span class='ocrx_word' id='word_1_25' title='bbox 1806 592 2071 649; x_wconf 88' lang='lat' dir='ltr'><strong>etbomo.</strong></span> <span class='ocrx_word' id='word_1_26' title='bbox 2177 611 2298 651; x_wconf 88' lang='lat' dir='ltr'><strong>rum</strong></span> <span class='ocrx_word' id='word_1_27' title='bbox 2329 595 2640 651; x_wconf 83' lang='lat' dir='ltr'><strong>secundum</strong></span> <span class='ocrx_word' id='word_1_28' title='bbox 2664 594 3007 667; x_wconf 81' lang='lat' dir='ltr'><strong>hypostasim</strong></span> <span class='ocrx_word' id='word_1_29' title='bbox 3043 590 3277 654; x_wconf 87' lang='lat' dir='ltr'><strong>Christi,</strong></span> <span class='ocrx_word' id='word_1_30' title='bbox 3310 588 3428 660; x_wconf 80' lang='lat' dir='ltr'><strong>qui</strong></span> <span class='ocrx_word' id='word_1_31' title='bbox 3475 601 3620 643; x_wconf 86' lang='lat' dir='ltr'><strong>non</strong></span> <span class='ocrx_word' id='word_1_32' title='bbox 3659 587 3855 644; x_wconf 77' lang='lat' dir='ltr'><strong>sola</strong></span> 
     </span>
    </p>
   </div>
   <div class='ocr_carea' id='block_1_5' title="bbox 550 678 3859 757">
    <p class='ocr_par' dir='ltr' id='par_1_5' title="bbox 550 678 3859 757">
     <span class='ocr_line' id='line_1_5' title="bbox 550 678 3859 757; baseline 0.001 -24"><span class='ocrx_word' id='word_1_33' title='bbox 550 681 690 736; x_wconf 78' lang='lat' dir='ltr'><strong>VIII.</strong></span> <span class='ocrx_word' id='word_1_34' title='bbox 722 681 791 736; x_wconf 87' lang='lat' dir='ltr'><strong>Et</strong></span> <span class='ocrx_word' id='word_1_35' title='bbox 820 682 928 737; x_wconf 86' lang='lat' dir='ltr'><strong>hoc</strong></span> <span class='ocrx_word' id='word_1_36' title='bbox 952 682 1109 737; x_wconf 91' lang='lat' dir='ltr'><strong>estin</strong></span> <span class='ocrx_word' id='word_1_37' title='bbox 1136 682 1243 742; x_wconf 89' lang='lat' dir='ltr'><strong>hoc</strong></span> <span class='ocrx_word' id='word_1_38' title='bbox 1265 684 1530 755; x_wconf 79' lang='lat' dir='ltr'><strong>mysterio</strong></span> <span class='ocrx_word' id='word_1_39' title='bbox 1552 684 1902 748; x_wconf 86' lang='lat' dir='ltr'><strong>admirabile,</strong></span> <span class='ocrx_word' id='word_1_40' title='bbox 1923 686 2073 757; x_wconf 91' lang='lat' dir='ltr'><strong>quod</strong></span> <span class='ocrx_word' id='word_1_41' title='bbox 2175 704 2244 743; x_wconf 78' lang='lat' dir='ltr'><strong>ex</strong></span> <span class='ocrx_word' id='word_1_42' title='bbox 2270 688 2389 743; x_wconf 85' lang='lat' dir='ltr'><strong>Deo</strong></span> <span class='ocrx_word' id='word_1_43' title='bbox 2413 696 2471 745; x_wconf 89' lang='lat' dir='ltr'><strong>et</strong></span> <span class='ocrx_word' id='word_1_44' title='bbox 2495 686 2723 742; x_wconf 83' lang='lat' dir='ltr'><strong>homine</strong></span> <span class='ocrx_word' id='word_1_45' title='bbox 2755 692 2997 750; x_wconf 85' lang='lat' dir='ltr'><strong>constat,</strong></span> <span class='ocrx_word' id='word_1_46' title='bbox 3029 682 3128 740; x_wconf 79' lang='lat' dir='ltr'><strong>sed</strong></span> <span class='ocrx_word' id='word_1_47' title='bbox 3164 681 3308 738; x_wconf 84' lang='lat' dir='ltr'><strong>idem</strong></span> <span class='ocrx_word' id='word_1_48' title='bbox 3342 682 3547 737; x_wconf 76' lang='lat' dir='ltr'><strong>Deus</strong></span> <span class='ocrx_word' id='word_1_49' title='bbox 3569 687 3647 735; x_wconf 83' lang='lat' dir='ltr'><strong>et</strong></span> <span class='ocrx_word' id='word_1_50' title='bbox 3666 678 3859 745; x_wconf 84' lang='lat' dir='ltr'><strong>homo</strong></span> 
     </span>
    </p>
   </div>
   <div class='ocr_carea' id='block_1_6' title="bbox 483 762 3860 847">
    <p class='ocr_par' dir='ltr' id='par_1_6' title="bbox 483 762 3860 847">
     <span class='ocr_line' id='line_1_6' title="bbox 483 762 3860 847; baseline -0.001 -18"><span class='ocrx_word' id='word_1_51' title='bbox 483 783 788 844; x_wconf 89' lang='lat' dir='ltr'><strong>utrumque</strong></span> <span class='ocrx_word' id='word_1_52' title='bbox 815 789 1011 829; x_wconf 89' lang='lat' dir='ltr'><strong>eorum</strong></span> <span class='ocrx_word' id='word_1_53' title='bbox 1043 791 1167 845; x_wconf 86' lang='lat' dir='ltr'><strong>quae</strong></span> <span class='ocrx_word' id='word_1_54' title='bbox 1200 775 1482 841; x_wconf 88' lang='lat' dir='ltr'><strong>coierunt,</strong></span> <span class='ocrx_word' id='word_1_55' title='bbox 1538 779 1940 847; x_wconf 83' lang='lat' dir='ltr'><strong>proprietatem</strong></span> <span class='ocrx_word' id='word_1_56' title='bbox 1974 795 2077 834; x_wconf 56' lang='lat' dir='ltr'><strong>na.</strong></span> <span class='ocrx_word' id='word_1_57' title='bbox 2175 789 2284 841; x_wconf 87' lang='lat' dir='ltr'><strong>est,</strong></span> <span class='ocrx_word' id='word_1_58' title='bbox 2309 779 2478 835; x_wconf 88' lang='lat' dir='ltr'><strong>salvis</strong></span> <span class='ocrx_word' id='word_1_59' title='bbox 2506 777 2836 835; x_wconf 77' lang='lat' dir='ltr'><strong>substantiis</strong></span> <span class='ocrx_word' id='word_1_60' title='bbox 2869 776 2929 832; x_wconf 89' lang='lat' dir='ltr'><strong>in</strong></span> <span class='ocrx_word' id='word_1_61' title='bbox 2976 775 3208 839; x_wconf 79' lang='lat' dir='ltr'><strong>unione,</strong></span> <span class='ocrx_word' id='word_1_62' title='bbox 3246 786 3380 844; x_wconf 69' lang='lat' dir='ltr'><strong>qua:</strong></span> <span class='ocrx_word' id='word_1_63' title='bbox 3422 762 3557 841; x_wconf 81' lang='lat' dir='ltr'><strong>per</strong></span> <span class='ocrx_word' id='word_1_64' title='bbox 3604 783 3860 840; x_wconf 77' lang='lat' dir='ltr'><strong>compo-</strong></span> 
     </span>
    </p>
   </div>
   <div class='ocr_carea' id='block_1_7' title="bbox 487 855 3858 942">
    <p class='ocr_par' dir='ltr' id='par_1_7' title="bbox 487 855 3858 942">
     <span class='ocr_line' id='line_1_7' title="bbox 487 855 3858 942; baseline -0.001 -22"><span class='ocrx_word' id='word_1_65' title='bbox 487 864 724 921; x_wconf 90' lang='lat' dir='ltr'><strong>turalem</strong></span> <span class='ocrx_word' id='word_1_66' title='bbox 763 872 949 919; x_wconf 82' lang='lat' dir='ltr'><strong>servat</strong></span> <span class='ocrx_word' id='word_1_67' title='bbox 979 865 1213 935; x_wconf 85' lang='lat' dir='ltr'><strong>perinde</strong></span> <span class='ocrx_word' id='word_1_68' title='bbox 1246 883 1311 921; x_wconf 89' lang='lat' dir='ltr'><strong>ac</strong></span> <span class='ocrx_word' id='word_1_69' title='bbox 1346 866 1392 921; x_wconf 90' lang='lat' dir='ltr'><strong>si</strong></span> <span class='ocrx_word' id='word_1_70' title='bbox 1422 882 1524 936; x_wconf 91' lang='lat' dir='ltr'><strong>per</strong></span> <span class='ocrx_word' id='word_1_71' title='bbox 1558 882 1618 923; x_wconf 91' lang='lat' dir='ltr'><strong>se</strong></span> <span class='ocrx_word' id='word_1_72' title='bbox 1642 868 1821 923; x_wconf 90' lang='lat' dir='ltr'><strong>solum</strong></span> <span class='ocrx_word' id='word_1_73' title='bbox 1846 870 2081 927; x_wconf 82' lang='lat' dir='ltr'><strong>exsistc-</strong></span> <span class='ocrx_word' id='word_1_74' title='bbox 2180 872 2438 927; x_wconf 89' lang='lat' dir='ltr'><strong>sitionem</strong></span> <span class='ocrx_word' id='word_1_75' title='bbox 2470 855 2836 940; x_wconf 79' lang='lat' dir='ltr'><strong>compositam</strong></span> <span class='ocrx_word' id='word_1_76' title='bbox 2886 867 3227 942; x_wconf 80' lang='lat' dir='ltr'><strong>bypostasim</strong></span> <span class='ocrx_word' id='word_1_77' title='bbox 3272 879 3470 936; x_wconf 85' lang='lat' dir='ltr'><strong>quam</strong></span> <span class='ocrx_word' id='word_1_78' title='bbox 3529 860 3858 917; x_wconf 82' lang='lat' dir='ltr'><strong>Christum</strong></span> 
     </span>
    </p>
   </div>
   <div class='ocr_carea' id='block_1_8' title="bbox 437 951 2777 1028">
    <p class='ocr_par' dir='ltr' id='par_1_8' title="bbox 437 951 2777 1028">
     <span class='ocr_line' id='line_1_8' title="bbox 437 951 2777 1028; baseline 0.005 -25"><span class='ocrx_word' id='word_1_79' title='bbox 437 995 444 1003; x_wconf 98' lang='lat'><strong>.</strong></span> <span class='ocrx_word' id='word_1_80' title='bbox 487 960 596 1016; x_wconf 88' lang='lat' dir='ltr'><strong>ret,</strong></span> <span class='ocrx_word' id='word_1_81' title='bbox 646 968 760 1008; x_wconf 91' lang='lat' dir='ltr'><strong>non</strong></span> <span class='ocrx_word' id='word_1_82' title='bbox 796 951 941 1008; x_wconf 86' lang='lat' dir='ltr'><strong>facta</strong></span> <span class='ocrx_word' id='word_1_83' title='bbox 976 954 1206 1009; x_wconf 84' lang='lat' dir='ltr'><strong>alterius</strong></span> <span class='ocrx_word' id='word_1_84' title='bbox 1257 970 1385 1009; x_wconf 91' lang='lat' dir='ltr'><strong>cum</strong></span> <span class='ocrx_word' id='word_1_85' title='bbox 1435 956 1614 1012; x_wconf 87' lang='lat' dir='ltr'><strong>altero</strong></span> <span class='ocrx_word' id='word_1_86' title='bbox 1658 957 1901 1023; x_wconf 83' lang='lat' dir='ltr'><strong>unione,</strong></span> <span class='ocrx_word' id='word_1_87' title='bbox 1951 972 2079 1013; x_wconf 89' lang='lat' dir='ltr'><strong>cum</strong></span> <span class='ocrx_word' id='word_1_88' title='bbox 2181 972 2467 1028; x_wconf 82' lang='lat' dir='ltr'><strong>voeamus,</strong></span> <span class='ocrx_word' id='word_1_89' title='bbox 2510 959 2777 1017; x_wconf 90' lang='lat' dir='ltr'><strong>reddunt.</strong></span> 
     </span>
    </p>
   </div>
   <div class='ocr_carea' id='block_1_9' title="bbox 490 1040 2117 1119">
    <p class='ocr_par' dir='ltr' id='par_1_9' title="bbox 490 1040 2117 1119">
     <span class='ocr_line' id='line_1_9' title="bbox 490 1040 2117 1119; baseline 0.004 -22"><span class='ocrx_word' id='word_1_90' title='bbox 490 1043 703 1114; x_wconf 77' lang='lat' dir='ltr'><strong>alioqui</strong></span> <span class='ocrx_word' id='word_1_91' title='bbox 759 1040 868 1098; x_wconf 84' lang='lat' dir='ltr'><strong>una</strong></span> <span class='ocrx_word' id='word_1_92' title='bbox 915 1045 988 1099; x_wconf 90' lang='lat' dir='ltr'><strong>sit</strong></span> <span class='ocrx_word' id='word_1_93' title='bbox 1042 1044 1379 1115; x_wconf 78' lang='lat' dir='ltr'><strong>hypostasis.</strong></span> <span class='ocrx_word' id='word_1_94' title='bbox 1435 1045 1696 1103; x_wconf 80' lang='lat' dir='ltr'><strong>Christus</strong></span> <span class='ocrx_word' id='word_1_95' title='bbox 1763 1048 1935 1119; x_wconf 77' lang='lat' dir='ltr'><strong>igitur</strong></span> <span class='ocrx_word' id='word_1_96' title='bbox 1994 1057 2117 1116; x_wconf 73' lang='lat' dir='ltr'><strong>est~</strong></span> 
     </span>
    </p>
   </div>
   <div class='ocr_carea' id='block_1_10' title="bbox 492 1134 2083 1207">
    <p class='ocr_par' dir='ltr' id='par_1_10' title="bbox 492 1134 2083 1207">
     <span class='ocr_line' id='line_1_10' title="bbox 492 1134 2083 1207; baseline 0.004 -18"><span class='ocrx_word' id='word_1_97' title='bbox 492 1134 642 1206; x_wconf 90' lang='lat' dir='ltr'><strong>quod</strong></span> <span class='ocrx_word' id='word_1_98' title='bbox 679 1150 749 1190; x_wconf 76' lang='lat' dir='ltr'><strong>ex</strong></span> <span class='ocrx_word' id='word_1_99' title='bbox 794 1136 999 1190; x_wconf 85' lang='lat' dir='ltr'><strong>unione</strong></span> <span class='ocrx_word' id='word_1_100' title='bbox 1050 1136 1249 1192; x_wconf 90' lang='lat' dir='ltr'><strong>barum</strong></span> <span class='ocrx_word' id='word_1_101' title='bbox 1302 1146 1632 1195; x_wconf 88' lang='lat' dir='ltr'><strong>naturarum</strong></span> <span class='ocrx_word' id='word_1_102' title='bbox 1666 1140 1928 1207; x_wconf 67' lang='lat' dir='ltr'><strong>exsistit,</strong></span> <span class='ocrx_word' id='word_1_103' title='bbox 1970 1156 2083 1196; x_wconf 88' lang='lat' dir='ltr'><strong>non</strong></span> 
     </span>
    </p>
   </div>
   <div class='ocr_carea' id='block_1_11' title="bbox 493 1228 2087 1301">
    <p class='ocr_par' dir='ltr' id='par_1_11' title="bbox 493 1228 2087 1301">
     <span class='ocr_line' id='line_1_11' title="bbox 493 1228 2087 1301; baseline 0.003 -16"><span class='ocrx_word' id='word_1_104' title='bbox 493 1228 786 1295; x_wconf 87' lang='lat' dir='ltr'><strong>habitudo,</strong></span> <span class='ocrx_word' id='word_1_105' title='bbox 818 1230 915 1285; x_wconf 88' lang='lat' dir='ltr'><strong>sed</strong></span> <span class='ocrx_word' id='word_1_106' title='bbox 937 1230 993 1285; x_wconf 98' lang='lat' dir='ltr'><strong>id</strong></span> <span class='ocrx_word' id='word_1_107' title='bbox 1034 1230 1212 1301; x_wconf 90' lang='lat' dir='ltr'><strong>ipsum</strong></span> <span class='ocrx_word' id='word_1_108' title='bbox 1239 1232 1391 1301; x_wconf 90' lang='lat' dir='ltr'><strong>quod</strong></span> <span class='ocrx_word' id='word_1_109' title='bbox 1414 1247 1483 1286; x_wconf 79' lang='lat' dir='ltr'><strong>ex</strong></span> <span class='ocrx_word' id='word_1_110' title='bbox 1498 1230 1586 1288; x_wconf 87' lang='lat' dir='ltr'><strong>his</strong></span> <span class='ocrx_word' id='word_1_111' title='bbox 1605 1234 1939 1289; x_wconf 89' lang='lat' dir='ltr'><strong>substantiis</strong></span> <span class='ocrx_word' id='word_1_112' title='bbox 1952 1249 2087 1289; x_wconf 85' lang='lat' dir='ltr'><strong>con-</strong></span> 
     </span>
    </p>
   </div>
   <div class='ocr_carea' id='block_1_12' title="bbox 494 1323 2089 1396">
    <p class='ocr_par' dir='ltr' id='par_1_12' title="bbox 494 1323 2089 1396">
     <span class='ocr_line' id='line_1_12' title="bbox 494 1323 2089 1396; baseline 0.003 -19"><span class='ocrx_word' id='word_1_113' title='bbox 494 1332 642 1389; x_wconf 76' lang='lat' dir='ltr'><strong>Stat;</strong></span> <span class='ocrx_word' id='word_1_114' title='bbox 677 1323 788 1377; x_wconf 89' lang='lat' dir='ltr'><strong>imo</strong></span> <span class='ocrx_word' id='word_1_115' title='bbox 847 1323 982 1393; x_wconf 71' lang='lat' dir='ltr'><strong>ipsa:</strong></span> <span class='ocrx_word' id='word_1_116' title='bbox 1023 1325 1373 1389; x_wconf 83' lang='lat' dir='ltr'><strong>substantiae,</strong></span> <span class='ocrx_word' id='word_1_117' title='bbox 1403 1334 1460 1380; x_wconf 90' lang='lat' dir='ltr'><strong>et</strong></span> <span class='ocrx_word' id='word_1_118' title='bbox 1487 1340 1613 1396; x_wconf 86' lang='lat' dir='ltr'><strong>non</strong></span> <span class='ocrx_word' id='word_1_119' title='bbox 1641 1325 1831 1385; x_wconf 86' lang='lat' dir='ltr'><strong>divina</strong></span> <span class='ocrx_word' id='word_1_120' title='bbox 1873 1327 2089 1396; x_wconf 83' lang='lat' dir='ltr'><strong>absque</strong></span> 
     </span>
    </p>
   </div>
   <div class='ocr_carea' id='block_1_13' title="bbox 495 1393 2087 1486">
    <p class='ocr_par' dir='ltr' id='par_1_13' title="bbox 495 1393 2087 1486">
     <span class='ocr_line' id='line_1_13' title="bbox 495 1393 2087 1486; baseline 0.001 -17"><span class='ocrx_word' id='word_1_121' title='bbox 495 1413 760 1480; x_wconf 85' lang='lat' dir='ltr'><strong>humana,</strong></span> <span class='ocrx_word' id='word_1_122' title='bbox 792 1429 975 1484; x_wconf 86' lang='lat' dir='ltr'><strong>neque</strong></span> <span class='ocrx_word' id='word_1_123' title='bbox 1007 1430 1204 1469; x_wconf 88' lang='lat' dir='ltr'><strong>rursus</strong></span> <span class='ocrx_word' id='word_1_124' title='bbox 1232 1414 1478 1469; x_wconf 88' lang='lat' dir='ltr'><strong>humana</strong></span> <span class='ocrx_word' id='word_1_125' title='bbox 1506 1393 1721 1486; x_wconf 78' lang='lat' dir='ltr'><strong>absque</strong></span> <span class='ocrx_word' id='word_1_126' title='bbox 1746 1415 1958 1483; x_wconf 90' lang='lat' dir='ltr'><strong>divina,</strong></span> <span class='ocrx_word' id='word_1_127' title='bbox 1987 1415 2087 1470; x_wconf 91' lang='lat' dir='ltr'><strong>sed</strong></span> 
     </span>
    </p>
   </div>
   <div class='ocr_carea' id='block_1_14' title="bbox 497 1506 2090 1577">
    <p class='ocr_par' dir='ltr' id='par_1_14' title="bbox 497 1506 2090 1577">
     <span class='ocr_line' id='line_1_14' title="bbox 497 1506 2090 1577; baseline 0.002 -17"><span class='ocrx_word' id='word_1_128' title='bbox 497 1506 792 1576; x_wconf 87' lang='lat' dir='ltr'><strong>utriusque</strong></span> <span class='ocrx_word' id='word_1_129' title='bbox 824 1506 1220 1576; x_wconf 87' lang='lat' dir='ltr'><strong>inseparabilis</strong></span> <span class='ocrx_word' id='word_1_130' title='bbox 1253 1506 1386 1561; x_wconf 91' lang='lat' dir='ltr'><strong>unio</strong></span> <span class='ocrx_word' id='word_1_131' title='bbox 1433 1524 1450 1561; x_wconf 84' lang='lat'><strong>:</strong></span> <span class='ocrx_word' id='word_1_132' title='bbox 1480 1523 1647 1577; x_wconf 88' lang='lat' dir='ltr'><strong>quam</strong></span> <span class='ocrx_word' id='word_1_133' title='bbox 1688 1524 1805 1569; x_wconf 88' lang='lat' dir='ltr'><strong>non</strong></span> <span class='ocrx_word' id='word_1_134' title='bbox 1851 1507 2090 1567; x_wconf 85' lang='lat' dir='ltr'><strong>dicimus</strong></span> 
     </span>
    </p>
   </div>
   <div class='ocr_carea' id='block_1_15' title="bbox 495 1598 2091 1670">
    <p class='ocr_par' dir='ltr' id='par_1_15' title="bbox 495 1598 2091 1670">
     <span class='ocr_line' id='line_1_15' title="bbox 495 1598 2091 1670; baseline 0.002 -17"><span class='ocrx_word' id='word_1_135' title='bbox 495 1598 698 1654; x_wconf 82' lang='lat' dir='ltr'><strong>factam</strong></span> <span class='ocrx_word' id='word_1_136' title='bbox 721 1614 844 1655; x_wconf 87' lang='lat' dir='ltr'><strong>esse</strong></span> <span class='ocrx_word' id='word_1_137' title='bbox 864 1598 933 1653; x_wconf 89' lang='lat' dir='ltr'><strong>ad</strong></span> <span class='ocrx_word' id='word_1_138' title='bbox 967 1598 1337 1654; x_wconf 84' lang='lat' dir='ltr'><strong>imitationem</strong></span> <span class='ocrx_word' id='word_1_139' title='bbox 1368 1599 1736 1669; x_wconf 89' lang='lat' dir='ltr'><strong>liquidorum,</strong></span> <span class='ocrx_word' id='word_1_140' title='bbox 1766 1616 1890 1670; x_wconf 84' lang='lat' dir='ltr'><strong>quae</strong></span> <span class='ocrx_word' id='word_1_141' title='bbox 1939 1600 2091 1657; x_wconf 89' lang='lat' dir='ltr'><strong>inter</strong></span> 
     </span>
    </p>
   </div>
   <div class='ocr_carea' id='block_1_16' title="bbox 496 1690 2094 1761">
    <p class='ocr_par' dir='ltr' id='par_1_16' title="bbox 496 1690 2094 1761">
     <span class='ocr_line' id='line_1_16' title="bbox 496 1690 2094 1761; baseline 0 -16"><span class='ocrx_word' id='word_1_142' title='bbox 496 1705 562 1745; x_wconf 84' lang='lat' dir='ltr'><strong>se</strong></span> <span class='ocrx_word' id='word_1_143' title='bbox 595 1690 759 1744; x_wconf 87' lang='lat' dir='ltr'><strong>mista</strong></span> <span class='ocrx_word' id='word_1_144' title='bbox 799 1690 855 1744; x_wconf 91' lang='lat' dir='ltr'><strong>in</strong></span> <span class='ocrx_word' id='word_1_145' title='bbox 890 1690 1042 1745; x_wconf 87' lang='lat' dir='ltr'><strong>aliud</strong></span> <span class='ocrx_word' id='word_1_146' title='bbox 1081 1691 1214 1761; x_wconf 92' lang='lat' dir='ltr'><strong>quid</strong></span> <span class='ocrx_word' id='word_1_147' title='bbox 1247 1699 1559 1761; x_wconf 85' lang='lat' dir='ltr'><strong>mutantur,</strong></span> <span class='ocrx_word' id='word_1_148' title='bbox 1591 1691 1690 1747; x_wconf 88' lang='lat' dir='ltr'><strong>sed</strong></span> <span class='ocrx_word' id='word_1_149' title='bbox 1726 1690 1795 1746; x_wconf 90' lang='lat' dir='ltr'><strong>ad</strong></span> <span class='ocrx_word' id='word_1_150' title='bbox 1829 1691 2094 1748; x_wconf 88' lang='lat' dir='ltr'><strong>similitu-</strong></span> 
     </span>
    </p>
   </div>
   <div class='ocr_carea' id='block_1_17' title="bbox 496 1781 2092 1855">
    <p class='ocr_par' dir='ltr' id='par_1_17' title="bbox 496 1781 2092 1855">
     <span class='ocr_line' id='line_1_17' title="bbox 496 1781 2092 1855; baseline 0.001 -17"><span class='ocrx_word' id='word_1_151' title='bbox 496 1781 691 1838; x_wconf 77' lang='lat' dir='ltr'><strong>dinem</strong></span> <span class='ocrx_word' id='word_1_152' title='bbox 742 1781 1085 1852; x_wconf 88' lang='lat' dir='ltr'><strong>propositam</strong></span> <span class='ocrx_word' id='word_1_153' title='bbox 1118 1781 1316 1838; x_wconf 83' lang='lat' dir='ltr'><strong>animae</strong></span> <span class='ocrx_word' id='word_1_154' title='bbox 1360 1791 1420 1837; x_wconf 89' lang='lat' dir='ltr'><strong>et</strong></span> <span class='ocrx_word' id='word_1_155' title='bbox 1450 1783 1727 1855; x_wconf 87' lang='lat' dir='ltr'><strong>corporis,</strong></span> <span class='ocrx_word' id='word_1_156' title='bbox 1773 1800 1842 1839; x_wconf 80' lang='lat' dir='ltr'><strong>ex</strong></span> <span class='ocrx_word' id='word_1_157' title='bbox 1885 1785 2092 1855; x_wconf 89' lang='lat' dir='ltr'><strong>quibus</strong></span> 
     </span>
    </p>
   </div>
   <div class='ocr_carea' id='block_1_18' title="bbox 2255 1043 3858 1112">
    <p class='ocr_par' dir='ltr' id='par_1_18' title="bbox 2255 1043 3858 1112">
     <span class='ocr_line' id='line_1_18' title="bbox 2255 1043 3858 1112; baseline -0.008 -2"><span class='ocrx_word' id='word_1_158' title='bbox 2255 1054 2326 1110; x_wconf 84' lang='lat' dir='ltr'><strong>X.</strong></span> <span class='ocrx_word' id='word_1_159' title='bbox 2378 1053 2595 1110; x_wconf 88' lang='lat' dir='ltr'><strong>Idcirco</strong></span> <span class='ocrx_word' id='word_1_160' title='bbox 2648 1052 2828 1112; x_wconf 84' lang='lat' dir='ltr'><strong>sancti</strong></span> <span class='ocrx_word' id='word_1_161' title='bbox 2860 1052 3055 1107; x_wconf 81' lang='lat' dir='ltr'><strong>Patres</strong></span> <span class='ocrx_word' id='word_1_162' title='bbox 3085 1048 3154 1105; x_wconf 90' lang='lat' dir='ltr'><strong>de</strong></span> <span class='ocrx_word' id='word_1_163' title='bbox 3188 1046 3437 1103; x_wconf 86' lang='lat' dir='ltr'><strong>Christo</strong></span> <span class='ocrx_word' id='word_1_164' title='bbox 3474 1060 3619 1100; x_wconf 90' lang='lat' dir='ltr'><strong>non</strong></span> <span class='ocrx_word' id='word_1_165' title='bbox 3666 1043 3858 1098; x_wconf 87' lang='lat' dir='ltr'><strong>solum</strong></span> 
     </span>
    </p>
   </div>
   <div class='ocr_carea' id='block_1_19' title="bbox 2185 1135 3853 1216">
    <p class='ocr_par' dir='ltr' id='par_1_19' title="bbox 2185 1135 3853 1216">
     <span class='ocr_line' id='line_1_19' title="bbox 2185 1135 3853 1216; baseline -0.007 -14"><span class='ocrx_word' id='word_1_166' title='bbox 2185 1156 2447 1216; x_wconf 85' lang='lat' dir='ltr'><strong>tanquam</strong></span> <span class='ocrx_word' id='word_1_167' title='bbox 2477 1160 2546 1201; x_wconf 71' lang='lat' dir='ltr'><strong>ex</strong></span> <span class='ocrx_word' id='word_1_168' title='bbox 2574 1146 2687 1201; x_wconf 91' lang='lat' dir='ltr'><strong>Deo</strong></span> <span class='ocrx_word' id='word_1_169' title='bbox 2718 1153 2773 1200; x_wconf 90' lang='lat' dir='ltr'><strong>et</strong></span> <span class='ocrx_word' id='word_1_170' title='bbox 2811 1142 3057 1206; x_wconf 82' lang='lat' dir='ltr'><strong>homine,</strong></span> <span class='ocrx_word' id='word_1_171' title='bbox 3088 1154 3194 1195; x_wconf 91' lang='lat' dir='ltr'><strong>nec</strong></span> <span class='ocrx_word' id='word_1_172' title='bbox 3228 1154 3296 1195; x_wconf 78' lang='lat' dir='ltr'><strong>ex</strong></span> <span class='ocrx_word' id='word_1_173' title='bbox 3316 1136 3597 1192; x_wconf 85' lang='lat' dir='ltr'><strong>duabus</strong></span> <span class='ocrx_word' id='word_1_174' title='bbox 3626 1135 3853 1190; x_wconf 86' lang='lat' dir='ltr'><strong>naturis</strong></span> 
     </span>
    </p>
   </div>
   <div class='ocr_carea' id='block_1_20' title="bbox 2186 1227 3850 1310">
    <p class='ocr_par' dir='ltr' id='par_1_20' title="bbox 2186 1227 3850 1310">
     <span class='ocr_line' id='line_1_20' title="bbox 2186 1227 3850 1310; baseline -0.007 -16"><span class='ocrx_word' id='word_1_175' title='bbox 2186 1248 2449 1309; x_wconf 86' lang='lat' dir='ltr'><strong>tanquam</strong></span> <span class='ocrx_word' id='word_1_176' title='bbox 2477 1254 2547 1293; x_wconf 81' lang='lat' dir='ltr'><strong>ex</strong></span> <span class='ocrx_word' id='word_1_177' title='bbox 2576 1235 2873 1310; x_wconf 86' lang='lat' dir='ltr'><strong>principiis</strong></span> <span class='ocrx_word' id='word_1_178' title='bbox 2898 1236 3232 1306; x_wconf 88' lang='lat' dir='ltr'><strong>loquuntur,</strong></span> <span class='ocrx_word' id='word_1_179' title='bbox 3264 1231 3371 1287; x_wconf 87' lang='lat' dir='ltr'><strong>sed</strong></span> <span class='ocrx_word' id='word_1_180' title='bbox 3414 1239 3739 1299; x_wconf 83' lang='lat' dir='ltr'><strong>tanquam</strong></span> <span class='ocrx_word' id='word_1_181' title='bbox 3765 1227 3850 1283; x_wconf 85' lang='lat' dir='ltr'><strong>‘de</strong></span> 
     </span>
    </p>
   </div>
   <div class='ocr_carea' id='block_1_21' title="bbox 2186 1317 3853 1407">
    <p class='ocr_par' dir='ltr' id='par_1_21' title="bbox 2186 1317 3853 1407">
     <span class='ocr_line' id='line_1_21' title="bbox 2186 1317 3853 1407; baseline -0.01 -20"><span class='ocrx_word' id='word_1_182' title='bbox 2186 1330 2299 1387; x_wconf 84' lang='lat' dir='ltr'><strong>Deo</strong></span> <span class='ocrx_word' id='word_1_183' title='bbox 2325 1338 2382 1386; x_wconf 86' lang='lat' dir='ltr'><strong>et</strong></span> <span class='ocrx_word' id='word_1_184' title='bbox 2413 1330 2666 1392; x_wconf 88' lang='lat' dir='ltr'><strong>homine,</strong></span> <span class='ocrx_word' id='word_1_185' title='bbox 2695 1338 2754 1384; x_wconf 91' lang='lat' dir='ltr'><strong>et</strong></span> <span class='ocrx_word' id='word_1_186' title='bbox 2779 1326 2849 1382; x_wconf 90' lang='lat' dir='ltr'><strong>de</strong></span> <span class='ocrx_word' id='word_1_187' title='bbox 2872 1326 3095 1381; x_wconf 88' lang='lat' dir='ltr'><strong>duabus</strong></span> <span class='ocrx_word' id='word_1_188' title='bbox 3134 1323 3397 1389; x_wconf 87' lang='lat' dir='ltr'><strong>naturis;</strong></span> <span class='ocrx_word' id='word_1_189' title='bbox 3436 1330 3519 1374; x_wconf 88' lang='lat' dir='ltr'><strong>ut</strong></span> <span class='ocrx_word' id='word_1_190' title='bbox 3552 1317 3853 1407; x_wconf 78' lang='lat' dir='ltr'><strong>fallaciam</strong></span> 
     </span>
    </p>
   </div>
   <div class='ocr_carea' id='block_1_22' title="bbox 2184 1408 3855 1491">
    <p class='ocr_par' dir='ltr' id='par_1_22' title="bbox 2184 1408 3855 1491">
     <span class='ocr_line' id='line_1_22' title="bbox 2184 1408 3855 1491; baseline -0.008 -15"><span class='ocrx_word' id='word_1_191' title='bbox 2184 1419 2510 1491; x_wconf 76' lang='lat' dir='ltr'><strong>leugissime</strong></span> <span class='ocrx_word' id='word_1_192' title='bbox 2575 1419 2857 1490; x_wconf 81' lang='lat' dir='ltr'><strong>relegem,</strong></span> <span class='ocrx_word' id='word_1_193' title='bbox 2906 1426 2962 1471; x_wconf 92' lang='lat' dir='ltr'><strong>et</strong></span> <span class='ocrx_word' id='word_1_194' title='bbox 3009 1416 3300 1471; x_wconf 74' lang='lat' dir='ltr'><strong>veritatem</strong></span> <span class='ocrx_word' id='word_1_195' title='bbox 3365 1412 3578 1482; x_wconf 87' lang='lat' dir='ltr'><strong>plane</strong></span> <span class='ocrx_word' id='word_1_196' title='bbox 3646 1408 3855 1480; x_wconf 66' lang='lat' dir='ltr'><strong>praedi-</strong></span> 
     </span>
    </p>
   </div>
   <div class='ocr_carea' id='block_1_23' title="bbox 2189 1499 3848 1581">
    <p class='ocr_par' dir='ltr' id='par_1_23' title="bbox 2189 1499 3848 1581">
     <span class='ocr_line' id='line_1_23' title="bbox 2189 1499 3848 1581; baseline -0.01 -12"><span class='ocrx_word' id='word_1_197' title='bbox 2189 1519 2349 1569; x_wconf 88' lang='lat' dir='ltr'><strong>cent:</strong></span> <span class='ocrx_word' id='word_1_198' title='bbox 2376 1512 2530 1581; x_wconf 88' lang='lat' dir='ltr'><strong>atqui</strong></span> <span class='ocrx_word' id='word_1_199' title='bbox 2547 1510 2784 1580; x_wconf 82' lang='lat' dir='ltr'><strong>simplex</strong></span> <span class='ocrx_word' id='word_1_200' title='bbox 2806 1508 2834 1536; x_wconf 82' lang='grc'><strong>¹¹</strong></span> <span class='ocrx_word' id='word_1_201' title='bbox 2857 1515 2914 1563; x_wconf 92' lang='lat' dir='ltr'><strong>et</strong></span> <span class='ocrx_word' id='word_1_202' title='bbox 2937 1514 3081 1561; x_wconf 84' lang='lat' dir='ltr'><strong>recta</strong></span> <span class='ocrx_word' id='word_1_203' title='bbox 3109 1512 3230 1560; x_wconf 81' lang='lat' dir='ltr'><strong>erat</strong></span> <span class='ocrx_word' id='word_1_204' title='bbox 3262 1500 3655 1575; x_wconf 68' lang='lat' dir='ltr'><strong>praedicatio</strong></span> <span class='ocrx_word' id='word_1_205' title='bbox 3673 1499 3848 1570; x_wconf 51' lang='lat' dir='ltr'><strong>picta.</strong></span> 
     </span>
    </p>
   </div>
   <div class='ocr_carea' id='block_1_24' title="bbox 2191 1592 3847 1674">
    <p class='ocr_par' dir='ltr' id='par_1_24' title="bbox 2191 1592 3847 1674">
     <span class='ocr_line' id='line_1_24' title="bbox 2191 1592 3847 1674; baseline -0.007 -14"><span class='ocrx_word' id='word_1_206' title='bbox 2191 1606 2282 1670; x_wconf 86' lang='lat' dir='ltr'><strong>tis,</strong></span> <span class='ocrx_word' id='word_1_207' title='bbox 2320 1605 2428 1659; x_wconf 91' lang='lat' dir='ltr'><strong>nisi</strong></span> <span class='ocrx_word' id='word_1_208' title='bbox 2459 1603 2712 1674; x_wconf 88' lang='lat' dir='ltr'><strong>plerique</strong></span> <span class='ocrx_word' id='word_1_209' title='bbox 2755 1600 2910 1656; x_wconf 89' lang='lat' dir='ltr'><strong>varie</strong></span> <span class='ocrx_word' id='word_1_210' title='bbox 2945 1601 3131 1656; x_wconf 88' lang='lat' dir='ltr'><strong>conati</strong></span> <span class='ocrx_word' id='word_1_211' title='bbox 3167 1597 3423 1653; x_wconf 82' lang='lat' dir='ltr'><strong>fuissent</strong></span> <span class='ocrx_word' id='word_1_212' title='bbox 3468 1610 3623 1651; x_wconf 86' lang='lat' dir='ltr'><strong>eam</strong></span> <span class='ocrx_word' id='word_1_213' title='bbox 3658 1592 3847 1649; x_wconf 80' lang='lat' dir='ltr'><strong>verbis</strong></span> 
     </span>
    </p>
   </div>
   <div class='ocr_carea' id='block_1_25' title="bbox 2190 1685 3852 1771">
    <p class='ocr_par' dir='ltr' id='par_1_25' title="bbox 2190 1685 3852 1771">
     <span class='ocr_line' id='line_1_25' title="bbox 2190 1685 3852 1771; baseline -0.008 -17"><span class='ocrx_word' id='word_1_214' title='bbox 2190 1697 2482 1755; x_wconf 85' lang='lat' dir='ltr'><strong>fallacibus</strong></span> <span class='ocrx_word' id='word_1_215' title='bbox 2508 1696 2830 1771; x_wconf 77' lang='lat' dir='ltr'><strong>depravare.</strong></span> <span class='ocrx_word' id='word_1_216' title='bbox 2851 1692 3224 1762; x_wconf 86' lang='lat' dir='ltr'><strong>Quamobrem</strong></span> <span class='ocrx_word' id='word_1_217' title='bbox 3268 1705 3339 1745; x_wconf 89' lang='lat' dir='ltr'><strong>ne</strong></span> <span class='ocrx_word' id='word_1_218' title='bbox 3376 1688 3501 1760; x_wconf 85' lang='lat' dir='ltr'><strong>qui</strong></span> <span class='ocrx_word' id='word_1_219' title='bbox 3524 1688 3594 1742; x_wconf 89' lang='lat' dir='ltr'><strong>in</strong></span> <span class='ocrx_word' id='word_1_220' title='bbox 3627 1685 3852 1756; x_wconf 85' lang='lat' dir='ltr'><strong>simpli-</strong></span> 
     </span>
    </p>
   </div>
   <div class='ocr_carea' id='block_1_26' title="bbox 2194 1776 3847 1863">
    <p class='ocr_par' dir='ltr' id='par_1_26' title="bbox 2194 1776 3847 1863">
     <span class='ocr_line' id='line_1_26' title="bbox 2194 1776 3847 1863; baseline -0.009 -17"><span class='ocrx_word' id='word_1_221' title='bbox 2194 1790 2361 1846; x_wconf 85' lang='lat' dir='ltr'><strong>citate</strong></span> <span class='ocrx_word' id='word_1_222' title='bbox 2387 1788 2586 1843; x_wconf 69' lang='lat' dir='ltr'><strong>anima:</strong></span> <span class='ocrx_word' id='word_1_223' title='bbox 2623 1783 3038 1856; x_wconf 74' lang='lat' dir='ltr'><strong>ingrediuntdr,</strong></span> <span class='ocrx_word' id='word_1_224' title='bbox 3071 1779 3596 1863; x_wconf 82' lang='lat' dir='ltr'><strong>istorumlaqueis</strong></span> <span class='ocrx_word' id='word_1_225' title='bbox 3636 1776 3847 1831; x_wconf 86' lang='lat' dir='ltr'><strong>indicta</strong></span> 
     </span>
    </p>
   </div>
   <div class='ocr_carea' id='block_1_27' title="bbox 498 1861 3850 1949">
    <p class='ocr_par' dir='ltr' id='par_1_27' title="bbox 498 1861 3850 1949">
     <span class='ocr_line' id='line_1_27' title="bbox 498 1861 3850 1949; baseline -0.002 -21"><span class='ocrx_word' id='word_1_226' title='bbox 498 1874 711 1928; x_wconf 83' lang='lat' dir='ltr'><strong>animal</strong></span> <span class='ocrx_word' id='word_1_227' title='bbox 745 1874 980 1928; x_wconf 86' lang='lat' dir='ltr'><strong>rationis</strong></span> <span class='ocrx_word' id='word_1_228' title='bbox 1027 1872 1333 1945; x_wconf 74' lang='lat' dir='ltr'><strong>particeps,</strong></span> <span class='ocrx_word' id='word_1_229' title='bbox 1363 1875 1553 1940; x_wconf 87' lang='lat' dir='ltr'><strong>homo,</strong></span> <span class='ocrx_word' id='word_1_230' title='bbox 1588 1876 1991 1943; x_wconf 87' lang='lat' dir='ltr'><strong>constituitur;</strong></span> <span class='ocrx_word' id='word_1_231' title='bbox 2026 1892 2095 1932; x_wconf 76' lang='lat' dir='ltr'><strong>ex</strong></span> <span class='ocrx_word' id='word_1_232' title='bbox 2127 1861 2168 1923; x_wconf 70' lang='grc' dir='ltr'><strong><em>Β</em></strong></span> <span class='ocrx_word' id='word_1_233' title='bbox 2197 1895 2363 1937; x_wconf 87' lang='lat' dir='ltr'><strong>causa</strong></span> <span class='ocrx_word' id='word_1_234' title='bbox 2420 1886 2757 1949; x_wconf 83' lang='lat' dir='ltr'><strong>caperentur</strong></span> <span class='ocrx_word' id='word_1_235' title='bbox 2781 1917 2795 1940; x_wconf 94' lang='lat'><strong>,</strong></span> <span class='ocrx_word' id='word_1_236' title='bbox 2852 1873 3091 1949; x_wconf 72' lang='lat' dir='ltr'><strong>diversis</strong></span> <span class='ocrx_word' id='word_1_237' title='bbox 3148 1870 3544 1942; x_wconf 85' lang='lat' dir='ltr'><strong>temporibus</strong></span> <span class='ocrx_word' id='word_1_238' title='bbox 3601 1868 3850 1938; x_wconf 86' lang='lat' dir='ltr'><strong>Spiritus</strong></span> 
     </span>
    </p>
   </div>
   <div class='ocr_carea' id='block_1_28' title="bbox 501 1961 2097 2036">
    <p class='ocr_par' dir='ltr' id='par_1_28' title="bbox 501 1961 2097 2036">
     <span class='ocr_line' id='line_1_28' title="bbox 501 1961 2097 2036; baseline 0.004 -21"><span class='ocrx_word' id='word_1_239' title='bbox 501 1961 873 2033; x_wconf 81' lang='lat' dir='ltr'><strong>intelligente,</strong></span> <span class='ocrx_word' id='word_1_240' title='bbox 904 1962 1154 2032; x_wconf 89' lang='lat' dir='ltr'><strong>inquam,</strong></span> <span class='ocrx_word' id='word_1_241' title='bbox 1195 1972 1253 2018; x_wconf 90' lang='lat' dir='ltr'><strong>et</strong></span> <span class='ocrx_word' id='word_1_242' title='bbox 1287 1964 1478 2020; x_wconf 89' lang='lat' dir='ltr'><strong>sensili</strong></span> <span class='ocrx_word' id='word_1_243' title='bbox 1506 1965 1825 2036; x_wconf 76' lang='lat' dir='ltr'><strong>intelligens</strong></span> <span class='ocrx_word' id='word_1_244' title='bbox 1850 1967 2013 2022; x_wconf 89' lang='lat' dir='ltr'><strong>simul</strong></span> <span class='ocrx_word' id='word_1_245' title='bbox 2038 1975 2097 2023; x_wconf 92' lang='lat' dir='ltr'><strong>et</strong></span> 
     </span>
    </p>
   </div>
   <div class='ocr_carea' id='block_1_29' title="bbox 499 2053 2097 2130">
    <p class='ocr_par' dir='ltr' id='par_1_29' title="bbox 499 2053 2097 2130">
     <span class='ocr_line' id='line_1_29' title="bbox 499 2053 2097 2130; baseline 0.001 -20"><span class='ocrx_word' id='word_1_246' title='bbox 499 2054 731 2110; x_wconf 83' lang='lat' dir='ltr'><strong>sensile.</strong></span> <span class='ocrx_word' id='word_1_247' title='bbox 794 2053 887 2110; x_wconf 91' lang='lat' dir='ltr'><strong>Sic</strong></span> <span class='ocrx_word' id='word_1_248' title='bbox 926 2054 1020 2109; x_wconf 89' lang='lat' dir='ltr'><strong>hic</strong></span> <span class='ocrx_word' id='word_1_249' title='bbox 1053 2062 1238 2125; x_wconf 90' lang='lat' dir='ltr'><strong>potest</strong></span> <span class='ocrx_word' id='word_1_250' title='bbox 1297 2057 1423 2128; x_wconf 90' lang='lat' dir='ltr'><strong>quis</strong></span> <span class='ocrx_word' id='word_1_251' title='bbox 1474 2056 1719 2117; x_wconf 86' lang='lat' dir='ltr'><strong>tenuiter</strong></span> <span class='ocrx_word' id='word_1_252' title='bbox 1766 2057 2097 2130; x_wconf 81' lang='lat' dir='ltr'><strong>mysterium</strong></span> 
     </span>
    </p>
   </div>
   <div class='ocr_carea' id='block_1_30' title="bbox 506 2147 2101 2217">
    <p class='ocr_par' dir='ltr' id='par_1_30' title="bbox 506 2147 2101 2217">
     <span class='ocr_line' id='line_1_30' title="bbox 506 2147 2101 2217; baseline 0.002 -16"><span class='ocrx_word' id='word_1_253' title='bbox 506 2148 918 2217; x_wconf 88' lang='lat' dir='ltr'><strong>contemplari:</strong></span> <span class='ocrx_word' id='word_1_254' title='bbox 954 2147 1118 2203; x_wconf 83' lang='lat' dir='ltr'><strong>ambo</strong></span> <span class='ocrx_word' id='word_1_255' title='bbox 1153 2148 1303 2203; x_wconf 90' lang='lat' dir='ltr'><strong>enim</strong></span> <span class='ocrx_word' id='word_1_256' title='bbox 1338 2147 1504 2202; x_wconf 89' lang='lat' dir='ltr'><strong>simul</strong></span> <span class='ocrx_word' id='word_1_257' title='bbox 1535 2148 2012 2204; x_wconf 89' lang='lat' dir='ltr'><strong>coeuutdivinum</strong></span> <span class='ocrx_word' id='word_1_258' title='bbox 2043 2156 2101 2204; x_wconf 92' lang='lat' dir='ltr'><strong>et</strong></span> 
     </span>
    </p>
   </div>
   <div class='ocr_carea' id='block_1_31' title="bbox 507 2240 2097 2311">
    <p class='ocr_par' dir='ltr' id='par_1_31' title="bbox 507 2240 2097 2311">
     <span class='ocr_line' id='line_1_31' title="bbox 507 2240 2097 2311; baseline 0.001 -17"><span class='ocrx_word' id='word_1_259' title='bbox 507 2240 812 2295; x_wconf 88' lang='lat' dir='ltr'><strong>humanum</strong></span> <span class='ocrx_word' id='word_1_260' title='bbox 852 2259 865 2294; x_wconf 90' lang='lat'><strong>:</strong></span> <span class='ocrx_word' id='word_1_261' title='bbox 903 2253 961 2295; x_wconf 90' lang='lat' dir='ltr'><strong>et</strong></span> <span class='ocrx_word' id='word_1_262' title='bbox 992 2240 1141 2311; x_wconf 92' lang='lat' dir='ltr'><strong>quod</strong></span> <span class='ocrx_word' id='word_1_263' title='bbox 1175 2257 1243 2296; x_wconf 84' lang='lat' dir='ltr'><strong>ex</strong></span> <span class='ocrx_word' id='word_1_264' title='bbox 1276 2241 1382 2297; x_wconf 85' lang='lat' dir='ltr'><strong>hac</strong></span> <span class='ocrx_word' id='word_1_265' title='bbox 1410 2241 1822 2311; x_wconf 87' lang='lat' dir='ltr'><strong>compositione</strong></span> <span class='ocrx_word' id='word_1_266' title='bbox 1857 2248 2097 2306; x_wconf 85' lang='lat' dir='ltr'><strong>constat,</strong></span> 
     </span>
    </p>
   </div>
   <div class='ocr_carea' id='block_1_32' title="bbox 507 2320 2102 2403">
    <p class='ocr_par' dir='ltr' id='par_1_32' title="bbox 507 2320 2102 2403">
     <span class='ocr_line' id='line_1_32' title="bbox 507 2320 2102 2403; baseline -0.002 -14"><span class='ocrx_word' id='word_1_267' title='bbox 507 2334 651 2389; x_wconf 86' lang='lat' dir='ltr'><strong>nihil</strong></span> <span class='ocrx_word' id='word_1_268' title='bbox 696 2333 847 2388; x_wconf 86' lang='lat' dir='ltr'><strong>aliud</strong></span> <span class='ocrx_word' id='word_1_269' title='bbox 883 2341 969 2389; x_wconf 86' lang='lat' dir='ltr'><strong>est</strong></span> <span class='ocrx_word' id='word_1_270' title='bbox 1020 2348 1187 2403; x_wconf 87' lang='lat' dir='ltr'><strong>quam</strong></span> <span class='ocrx_word' id='word_1_271' title='bbox 1245 2342 1460 2391; x_wconf 77' lang='lat' dir='ltr'><strong>naturae</strong></span> <span class='ocrx_word' id='word_1_272' title='bbox 1494 2320 1705 2389; x_wconf 83' lang='lat' dir='ltr'><strong>unitae:</strong></span> <span class='ocrx_word' id='word_1_273' title='bbox 1741 2347 1898 2402; x_wconf 61' lang='lat' dir='ltr'><strong>aque</strong></span> <span class='ocrx_word' id='word_1_274' title='bbox 1949 2332 2102 2387; x_wconf 92' lang='lat' dir='ltr'><strong>enim</strong></span> 
     </span>
    </p>
   </div>
   <div class='ocr_carea' id='block_1_33' title="bbox 507 2424 2106 2495">
    <p class='ocr_par' dir='ltr' id='par_1_33' title="bbox 507 2424 2106 2495">
     <span class='ocr_line' id='line_1_33' title="bbox 507 2424 2106 2495; baseline -0.002 -13"><span class='ocrx_word' id='word_1_275' title='bbox 507 2427 655 2485; x_wconf 87' lang='lat' dir='ltr'><strong>Deus</strong></span> <span class='ocrx_word' id='word_1_276' title='bbox 682 2436 737 2480; x_wconf 89' lang='lat' dir='ltr'><strong>et</strong></span> <span class='ocrx_word' id='word_1_277' title='bbox 762 2427 950 2492; x_wconf 80' lang='lat' dir='ltr'><strong>homo,</strong></span> <span class='ocrx_word' id='word_1_278' title='bbox 979 2425 1261 2490; x_wconf 86' lang='lat' dir='ltr'><strong>Christus,</strong></span> <span class='ocrx_word' id='word_1_279' title='bbox 1294 2424 1389 2495; x_wconf 91' lang='lat' dir='ltr'><strong>qui</strong></span> <span class='ocrx_word' id='word_1_280' title='bbox 1422 2441 1490 2481; x_wconf 82' lang='lat' dir='ltr'><strong>ex</strong></span> <span class='ocrx_word' id='word_1_281' title='bbox 1523 2426 1695 2482; x_wconf 88' lang='lat' dir='ltr'><strong>unitis</strong></span> <span class='ocrx_word' id='word_1_282' title='bbox 1715 2427 1878 2481; x_wconf 90' lang='lat' dir='ltr'><strong>modo</strong></span> <span class='ocrx_word' id='word_1_283' title='bbox 1914 2425 2106 2480; x_wconf 72' lang='lat' dir='ltr'><strong>ineffa-</strong></span> 
     </span>
    </p>
   </div>
   <div class='ocr_carea' id='block_1_34' title="bbox 511 2517 2106 2590">
    <p class='ocr_par' dir='ltr' id='par_1_34' title="bbox 511 2517 2106 2590">
     <span class='ocr_line' id='line_1_34' title="bbox 511 2517 2106 2590; baseline -0.001 -17"><span class='ocrx_word' id='word_1_284' title='bbox 511 2518 611 2574; x_wconf 84' lang='lat' dir='ltr'><strong>bili</strong></span> <span class='ocrx_word' id='word_1_285' title='bbox 643 2520 903 2590; x_wconf 88' lang='lat' dir='ltr'><strong>apparuit</strong></span> <span class='ocrx_word' id='word_1_286' title='bbox 940 2520 1175 2583; x_wconf 87' lang='lat' dir='ltr'><strong>mundo,</strong></span> <span class='ocrx_word' id='word_1_287' title='bbox 1209 2519 1430 2576; x_wconf 89' lang='lat' dir='ltr'><strong>mortali</strong></span> <span class='ocrx_word' id='word_1_288' title='bbox 1457 2534 1691 2589; x_wconf 89' lang='lat' dir='ltr'><strong>corpore</strong></span> <span class='ocrx_word' id='word_1_289' title='bbox 1719 2519 1787 2573; x_wconf 90' lang='lat' dir='ltr'><strong>ad</strong></span> <span class='ocrx_word' id='word_1_290' title='bbox 1810 2517 2106 2576; x_wconf 86' lang='lat' dir='ltr'><strong>delendam</strong></span> 
     </span>
    </p>
   </div>
   <div class='ocr_carea' id='block_1_35' title="bbox 511 2610 2108 2681">
    <p class='ocr_par' dir='ltr' id='par_1_35' title="bbox 511 2610 2108 2681">
     <span class='ocr_line' id='line_1_35' title="bbox 511 2610 2108 2681; baseline 0.001 -17"><span class='ocrx_word' id='word_1_291' title='bbox 511 2623 747 2666; x_wconf 89' lang='lat' dir='ltr'><strong>mortem</strong></span> <span class='ocrx_word' id='word_1_292' title='bbox 787 2618 950 2667; x_wconf 90' lang='lat' dir='ltr'><strong>utens</strong></span> <span class='ocrx_word' id='word_1_293' title='bbox 995 2612 1192 2681; x_wconf 85' lang='lat' dir='ltr'><strong>:quod</strong></span> <span class='ocrx_word' id='word_1_294' title='bbox 1252 2619 1339 2666; x_wconf 89' lang='lat' dir='ltr'><strong>est</strong></span> <span class='ocrx_word' id='word_1_295' title='bbox 1382 2610 1732 2665; x_wconf 86' lang='lat' dir='ltr'><strong>admirabile.</strong></span> <span class='ocrx_word' id='word_1_296' title='bbox 1787 2610 1887 2666; x_wconf 81' lang='lat' dir='ltr'><strong>Est</strong></span> <span class='ocrx_word' id='word_1_297' title='bbox 1936 2610 2108 2681; x_wconf 81' lang='lat' dir='ltr'><strong>igitur</strong></span> 
     </span>
    </p>
   </div>
   <div class='ocr_carea' id='block_1_36' title="bbox 511 2701 2108 2773">
    <p class='ocr_par' dir='ltr' id='par_1_36' title="bbox 511 2701 2108 2773">
     <span class='ocr_line' id='line_1_36' title="bbox 511 2701 2108 2773; baseline -0.001 -15"><span class='ocrx_word' id='word_1_298' title='bbox 511 2720 643 2759; x_wconf 86' lang='lat' dir='ltr'><strong>vere</strong></span> <span class='ocrx_word' id='word_1_299' title='bbox 675 2705 818 2759; x_wconf 91' lang='lat' dir='ltr'><strong>Deus</strong></span> <span class='ocrx_word' id='word_1_300' title='bbox 848 2704 1015 2758; x_wconf 88' lang='lat' dir='ltr'><strong>simul</strong></span> <span class='ocrx_word' id='word_1_301' title='bbox 1044 2715 1101 2764; x_wconf 88' lang='lat' dir='ltr'><strong>et</strong></span> <span class='ocrx_word' id='word_1_302' title='bbox 1128 2705 1314 2769; x_wconf 90' lang='lat' dir='ltr'><strong>homo,</strong></span> <span class='ocrx_word' id='word_1_303' title='bbox 1351 2704 1779 2773; x_wconf 69' lang='lat' dir='ltr'><strong>Christuszquaa</strong></span> <span class='ocrx_word' id='word_1_304' title='bbox 1810 2701 2108 2773; x_wconf 88' lang='lat' dir='ltr'><strong>appellatio</strong></span> 
     </span>
    </p>
   </div>
   <div class='ocr_carea' id='block_1_37' title="bbox 512 2795 2107 2873">
    <p class='ocr_par' dir='ltr' id='par_1_37' title="bbox 512 2795 2107 2873">
     <span class='ocr_line' id='line_1_37' title="bbox 512 2795 2107 2873; baseline -0.001 -23"><span class='ocrx_word' id='word_1_305' title='bbox 512 2813 645 2852; x_wconf 87' lang='lat' dir='ltr'><strong>vera</strong></span> <span class='ocrx_word' id='word_1_306' title='bbox 681 2812 801 2852; x_wconf 82' lang='lat' dir='ltr'><strong>esse</strong></span> <span class='ocrx_word' id='word_1_307' title='bbox 846 2814 957 2852; x_wconf 90' lang='lat' dir='ltr'><strong>non</strong></span> <span class='ocrx_word' id='word_1_308' title='bbox 992 2806 1197 2866; x_wconf 83' lang='lat' dir='ltr'><strong>potest,</strong></span> <span class='ocrx_word' id='word_1_309' title='bbox 1232 2797 1341 2851; x_wconf 85' lang='lat' dir='ltr'><strong>nisi</strong></span> <span class='ocrx_word' id='word_1_310' title='bbox 1380 2796 1491 2851; x_wconf 88' lang='lat' dir='ltr'><strong>sint</strong></span> <span class='ocrx_word' id='word_1_311' title='bbox 1526 2795 1762 2873; x_wconf 83' lang='lat' dir='ltr'><strong>diversae</strong></span> <span class='ocrx_word' id='word_1_312' title='bbox 1796 2803 2030 2850; x_wconf 63' lang='lat' dir='ltr'><strong>naturae</strong></span> <span class='ocrx_word' id='word_1_313' title='bbox 2055 2796 2107 2851; x_wconf 90' lang='lat' dir='ltr'><strong>ei</strong></span> 
     </span>
    </p>
   </div>
   <div class='ocr_carea' id='block_1_38' title="bbox 512 2887 2113 2959">
    <p class='ocr_par' dir='ltr' id='par_1_38' title="bbox 512 2887 2113 2959">
     <span class='ocr_line' id='line_1_38' title="bbox 512 2887 2113 2959; baseline -0.001 -14"><span class='ocrx_word' id='word_1_314' title='bbox 512 2890 800 2959; x_wconf 82' lang='lat' dir='ltr'><strong>subjectae.</strong></span> <span class='ocrx_word' id='word_1_315' title='bbox 831 2889 1127 2943; x_wconf 86' lang='lat' dir='ltr'><strong>Tribuitur</strong></span> <span class='ocrx_word' id='word_1_316' title='bbox 1165 2899 1352 2944; x_wconf 89' lang='lat' dir='ltr'><strong>autem</strong></span> <span class='ocrx_word' id='word_1_317' title='bbox 1397 2904 1542 2957; x_wconf 67' lang='lat' dir='ltr'><strong>saepe</strong></span> <span class='ocrx_word' id='word_1_318' title='bbox 1591 2887 1895 2958; x_wconf 87' lang='lat' dir='ltr'><strong>separatim</strong></span> <span class='ocrx_word' id='word_1_319' title='bbox 1950 2888 2022 2942; x_wconf 90' lang='lat' dir='ltr'><strong>iis</strong></span> <span class='ocrx_word' id='word_1_320' title='bbox 2043 2903 2113 2943; x_wconf 81' lang='lat' dir='ltr'><strong>ex</strong></span> 
     </span>
    </p>
   </div>
   <div class='ocr_carea' id='block_1_39' title="bbox 514 2979 2110 3053">
    <p class='ocr_par' dir='ltr' id='par_1_39' title="bbox 514 2979 2110 3053">
     <span class='ocr_line' id='line_1_39' title="bbox 514 2979 2110 3053; baseline -0.003 -17"><span class='ocrx_word' id='word_1_321' title='bbox 514 2983 725 3053; x_wconf 88' lang='lat' dir='ltr'><strong>quibus</strong></span> <span class='ocrx_word' id='word_1_322' title='bbox 753 2990 994 3048; x_wconf 85' lang='lat' dir='ltr'><strong>constat,</strong></span> <span class='ocrx_word' id='word_1_323' title='bbox 1028 2997 1143 3036; x_wconf 87' lang='lat' dir='ltr'><strong>non</strong></span> <span class='ocrx_word' id='word_1_324' title='bbox 1177 2980 1404 3051; x_wconf 86' lang='lat' dir='ltr'><strong>quidem</strong></span> <span class='ocrx_word' id='word_1_325' title='bbox 1439 2979 1590 3049; x_wconf 90' lang='lat' dir='ltr'><strong>quod</strong></span> <span class='ocrx_word' id='word_1_326' title='bbox 1620 2979 1727 3035; x_wconf 85' lang='lat' dir='ltr'><strong>hoc</strong></span> <span class='ocrx_word' id='word_1_327' title='bbox 1772 2980 1950 3034; x_wconf 84' lang='lat' dir='ltr'><strong>solum</strong></span> <span class='ocrx_word' id='word_1_328' title='bbox 1998 2979 2110 3047; x_wconf 88' lang='lat' dir='ltr'><strong>sit;</strong></span> 
     </span>
    </p>
   </div>
   <div class='ocr_carea' id='block_1_40' title="bbox 516 3068 2113 3142">
    <p class='ocr_par' dir='ltr' id='par_1_40' title="bbox 516 3068 2113 3142">
     <span class='ocr_line' id='line_1_40' title="bbox 516 3068 2113 3142; baseline -0.003 -14"><span class='ocrx_word' id='word_1_329' title='bbox 516 3087 630 3128; x_wconf 87' lang='lat' dir='ltr'><strong>non</strong></span> <span class='ocrx_word' id='word_1_330' title='bbox 661 3072 811 3128; x_wconf 89' lang='lat' dir='ltr'><strong>enim</strong></span> <span class='ocrx_word' id='word_1_331' title='bbox 841 3071 958 3127; x_wconf 83' lang='lat' dir='ltr'><strong>ﬁeri</strong></span> <span class='ocrx_word' id='word_1_332' title='bbox 985 3074 1188 3142; x_wconf 85' lang='lat' dir='ltr'><strong>p’otest,</strong></span> <span class='ocrx_word' id='word_1_333' title='bbox 1223 3080 1283 3125; x_wconf 90' lang='lat' dir='ltr'><strong>ut</strong></span> <span class='ocrx_word' id='word_1_334' title='bbox 1306 3070 1542 3125; x_wconf 85' lang='lat' dir='ltr'><strong>alterum</strong></span> <span class='ocrx_word' id='word_1_335' title='bbox 1573 3085 1642 3133; x_wconf 80' lang='lat' dir='ltr'><strong>ex</strong></span> <span class='ocrx_word' id='word_1_336' title='bbox 1671 3068 1846 3123; x_wconf 89' lang='lat' dir='ltr'><strong>unitis</strong></span> <span class='ocrx_word' id='word_1_337' title='bbox 1867 3077 2113 3124; x_wconf 87' lang='lat' dir='ltr'><strong>contem-</strong></span> 
     </span>
    </p>
   </div>
   <div class='ocr_carea' id='block_1_41' title="bbox 2199 1960 3842 2027">
    <p class='ocr_par' dir='ltr' id='par_1_41' title="bbox 2199 1960 3842 2027">
     <span class='ocr_line' id='line_1_41' title="bbox 2199 1960 3842 2027; baseline -0.007 -1"><span class='ocrx_word' id='word_1_338' title='bbox 2199 1978 2425 2027; x_wconf 86' lang='lat' dir='ltr'><strong>sanctus</strong></span> <span class='ocrx_word' id='word_1_339' title='bbox 2473 1980 2690 2022; x_wconf 87' lang='lat' dir='ltr'><strong>mentes</strong></span> <span class='ocrx_word' id='word_1_340' title='bbox 2749 1976 3068 2022; x_wconf 85' lang='lat' dir='ltr'><strong>sanctorum</strong></span> <span class='ocrx_word' id='word_1_341' title='bbox 3115 1964 3366 2020; x_wconf 88' lang='lat' dir='ltr'><strong>adventu</strong></span> <span class='ocrx_word' id='word_1_342' title='bbox 3435 1977 3563 2017; x_wconf 86' lang='lat' dir='ltr'><strong>suo</strong></span> <span class='ocrx_word' id='word_1_343' title='bbox 3610 1960 3842 2027; x_wconf 89' lang='lat' dir='ltr'><strong>docuit,</strong></span> 
     </span>
    </p>
   </div>
   <div class='ocr_carea' id='block_1_42' title="bbox 2170 2048 3847 2133">
    <p class='ocr_par' dir='ltr' id='par_1_42' title="bbox 2170 2048 3847 2133">
     <span class='ocr_line' id='line_1_42' title="bbox 2170 2048 3847 2133; baseline -0.007 -15"><span class='ocrx_word' id='word_1_344' title='bbox 2170 2070 2173 2073; x_wconf 86' lang='lat'>&#39;</span> <span class='ocrx_word' id='word_1_345' title='bbox 2200 2058 2463 2133; x_wconf 86' lang='lat' dir='ltr'><strong>deditque</strong></span> <span class='ocrx_word' id='word_1_346' title='bbox 2492 2062 2602 2119; x_wconf 90' lang='lat' dir='ltr'><strong>illis</strong></span> <span class='ocrx_word' id='word_1_347' title='bbox 2636 2048 2951 2115; x_wconf 76' lang='lat' dir='ltr'><strong>sermonem</strong></span> <span class='ocrx_word' id='word_1_348' title='bbox 2978 2056 3046 2114; x_wconf 89' lang='lat' dir='ltr'><strong>ad</strong></span> <span class='ocrx_word' id='word_1_349' title='bbox 3078 2054 3663 2118; x_wconf 89' lang='lat' dir='ltr'><strong>contradicendum,</strong></span> <span class='ocrx_word' id='word_1_350' title='bbox 3702 2061 3763 2107; x_wconf 90' lang='lat' dir='ltr'><strong>et</strong></span> <span class='ocrx_word' id='word_1_351' title='bbox 3785 2051 3847 2106; x_wconf 86' lang='lat' dir='ltr'><strong>ad</strong></span> 
     </span>
    </p>
   </div>
   <div class='ocr_carea' id='block_1_43' title="bbox 2201 2134 3842 2225">
    <p class='ocr_par' dir='ltr' id='par_1_43' title="bbox 2201 2134 3842 2225">
     <span class='ocr_line' id='line_1_43' title="bbox 2201 2134 3842 2225; baseline -0.006 -14"><span class='ocrx_word' id='word_1_352' title='bbox 2201 2155 2514 2211; x_wconf 88' lang='lat' dir='ltr'><strong>tendiculas</strong></span> <span class='ocrx_word' id='word_1_353' title='bbox 2556 2153 2899 2209; x_wconf 80' lang='lat' dir='ltr'><strong>fallaciarum</strong></span> <span class='ocrx_word' id='word_1_354' title='bbox 2949 2159 3146 2206; x_wconf 85' lang='lat' dir='ltr'><strong>contra</strong></span> <span class='ocrx_word' id='word_1_355' title='bbox 3176 2146 3505 2225; x_wconf 80' lang='lat' dir='ltr'><strong>veritatem</strong></span> <span class='ocrx_word' id='word_1_356' title='bbox 3558 2134 3842 2201; x_wconf 70' lang='lat' dir='ltr'><strong>violentas</strong></span> 
     </span>
    </p>
   </div>
   <div class='ocr_carea' id='block_1_44' title="bbox 2201 2240 3845 2318">
    <p class='ocr_par' dir='ltr' id='par_1_44' title="bbox 2201 2240 3845 2318">
     <span class='ocr_line' id='line_1_44' title="bbox 2201 2240 3845 2318; baseline -0.007 -15"><span class='ocrx_word' id='word_1_357' title='bbox 2201 2245 2621 2318; x_wconf 72' lang='lat' dir='ltr'><strong>effugiendum,</strong></span> <span class='ocrx_word' id='word_1_358' title='bbox 2677 2245 2773 2315; x_wconf 91' lang='lat' dir='ltr'><strong>qui</strong></span> <span class='ocrx_word' id='word_1_359' title='bbox 2832 2242 3000 2299; x_wconf 87' lang='lat' dir='ltr'><strong>nobis</strong></span> <span class='ocrx_word' id='word_1_360' title='bbox 3055 2240 3430 2297; x_wconf 89' lang='lat' dir='ltr'><strong>tradiderunt</strong></span> <span class='ocrx_word' id='word_1_361' title='bbox 3499 2241 3845 2295; x_wconf 86' lang='lat' dir='ltr'><strong>thesaurum</strong></span> 
     </span>
    </p>
   </div>
   <div class='ocr_carea' id='block_1_45' title="bbox 2203 2326 3838 2411">
    <p class='ocr_par' dir='ltr' id='par_1_45' title="bbox 2203 2326 3838 2411">
     <span class='ocr_line' id='line_1_45' title="bbox 2203 2326 3838 2411; baseline -0.007 -16"><span class='ocrx_word' id='word_1_362' title='bbox 2203 2355 2466 2411; x_wconf 84' lang='lat' dir='ltr'><strong>magnum</strong></span> <span class='ocrx_word' id='word_1_363' title='bbox 2488 2380 2503 2405; x_wconf 95' lang='lat'><strong>,</strong></span> <span class='ocrx_word' id='word_1_364' title='bbox 2536 2354 2601 2394; x_wconf 90' lang='lat' dir='ltr'><strong>ac</strong></span> <span class='ocrx_word' id='word_1_365' title='bbox 2630 2337 2910 2408; x_wconf 82' lang='lat' dir='ltr'><strong>praecipue</strong></span> <span class='ocrx_word' id='word_1_366' title='bbox 2939 2334 3164 2406; x_wconf 90' lang='lat' dir='ltr'><strong>quidem</strong></span> <span class='ocrx_word' id='word_1_367' title='bbox 3217 2326 3281 2387; x_wconf 88' lang='lat' dir='ltr'><strong>in</strong></span> <span class='ocrx_word' id='word_1_368' title='bbox 3309 2332 3489 2387; x_wconf 83' lang='lat' dir='ltr'><strong>vasis</strong></span> <span class='ocrx_word' id='word_1_369' title='bbox 3517 2329 3838 2386; x_wconf 84' lang='lat' dir='ltr'><strong>fictilibus:</strong></span> 
     </span>
    </p>
   </div>
   <div class='ocr_carea' id='block_1_46' title="bbox 2205 2425 3839 2497">
    <p class='ocr_par' dir='ltr' id='par_1_46' title="bbox 2205 2425 3839 2497">
     <span class='ocr_line' id='line_1_46' title="bbox 2205 2425 3839 2497; baseline -0.007 -9"><span class='ocrx_word' id='word_1_370' title='bbox 2205 2428 2313 2489; x_wconf 72' lang='lat' dir='ltr'><strong>hoc</strong></span> <span class='ocrx_word' id='word_1_371' title='bbox 2339 2430 2489 2488; x_wconf 90' lang='lat' dir='ltr'><strong>enim</strong></span> <span class='ocrx_word' id='word_1_372' title='bbox 2538 2430 2776 2487; x_wconf 87' lang='lat' dir='ltr'><strong>decebat</strong></span> <span class='ocrx_word' id='word_1_373' title='bbox 2824 2429 3015 2483; x_wconf 90' lang='lat' dir='ltr'><strong>divina</strong></span> <span class='ocrx_word' id='word_1_374' title='bbox 3055 2427 3315 2497; x_wconf 74' lang='lat' dir='ltr'><strong>dogmata</strong></span> <span class='ocrx_word' id='word_1_375' title='bbox 3347 2435 3418 2480; x_wconf 85' lang='lat' dir='ltr'><strong>et</strong></span> <span class='ocrx_word' id='word_1_376' title='bbox 3452 2425 3795 2480; x_wconf 88' lang='lat' dir='ltr'><strong>doctrinam</strong></span> <span class='ocrx_word' id='word_1_377' title='bbox 3827 2440 3839 2476; x_wconf 91' lang='lat'>:</span> 
     </span>
    </p>
   </div>
   <div class='ocr_carea' id='block_1_47' title="bbox 2206 2514 3836 2594">
    <p class='ocr_par' dir='ltr' id='par_1_47' title="bbox 2206 2514 3836 2594">
     <span class='ocr_line' id='line_1_47' title="bbox 2206 2514 3836 2594; baseline -0.005 -16"><span class='ocrx_word' id='word_1_378' title='bbox 2206 2523 2337 2594; x_wconf 92' lang='lat' dir='ltr'><strong>quia</strong></span> <span class='ocrx_word' id='word_1_379' title='bbox 2370 2520 2761 2583; x_wconf 81' lang='lat' dir='ltr'><strong>conveniebat,</strong></span> <span class='ocrx_word' id='word_1_380' title='bbox 2797 2527 2860 2575; x_wconf 92' lang='lat' dir='ltr'><strong>ut</strong></span> <span class='ocrx_word' id='word_1_381' title='bbox 2893 2516 3115 2591; x_wconf 89' lang='lat' dir='ltr'><strong>semper</strong></span> <span class='ocrx_word' id='word_1_382' title='bbox 3143 2531 3276 2572; x_wconf 86' lang='lat' dir='ltr'><strong>vasa</strong></span> <span class='ocrx_word' id='word_1_383' title='bbox 3311 2516 3753 2589; x_wconf 79' lang='lat' dir='ltr'><strong>frangerentur</strong></span> <span class='ocrx_word' id='word_1_384' title='bbox 3784 2514 3836 2570; x_wconf 87' lang='lat' dir='ltr'><strong>in</strong></span> 
     </span>
    </p>
   </div>
   <div class='ocr_carea' id='block_1_48' title="bbox 2208 2609 3841 2687">
    <p class='ocr_par' dir='ltr' id='par_1_48' title="bbox 2208 2609 3841 2687">
     <span class='ocr_line' id='line_1_48' title="bbox 2208 2609 3841 2687; baseline -0.006 -16"><span class='ocrx_word' id='word_1_385' title='bbox 2208 2616 2415 2687; x_wconf 91' lang='lat' dir='ltr'><strong>quibus</strong></span> <span class='ocrx_word' id='word_1_386' title='bbox 2444 2630 2677 2684; x_wconf 73' lang='lat' dir='ltr'><strong>magnus</strong></span> <span class='ocrx_word' id='word_1_387' title='bbox 2708 2614 3005 2670; x_wconf 89' lang='lat' dir='ltr'><strong>thesaurus</strong></span> <span class='ocrx_word' id='word_1_388' title='bbox 3054 2609 3394 2666; x_wconf 82' lang='lat' dir='ltr'><strong>reconditus</strong></span> <span class='ocrx_word' id='word_1_389' title='bbox 3429 2617 3557 2675; x_wconf 87' lang='lat' dir='ltr'><strong>est,</strong></span> <span class='ocrx_word' id='word_1_390' title='bbox 3611 2617 3841 2679; x_wconf 84' lang='lat' dir='ltr'><strong>propter</strong></span> 
     </span>
    </p>
   </div>
   <div class='ocr_carea' id='block_1_49' title="bbox 2211 2701 3835 2776">
    <p class='ocr_par' dir='ltr' id='par_1_49' title="bbox 2211 2701 3835 2776">
     <span class='ocr_line' id='line_1_49' title="bbox 2211 2701 3835 2776; baseline -0.006 -11"><span class='ocrx_word' id='word_1_391' title='bbox 2211 2709 2551 2765; x_wconf 82' lang='lat' dir='ltr'><strong>infirmiores</strong></span> <span class='ocrx_word' id='word_1_392' title='bbox 2577 2706 2734 2763; x_wconf 90' lang='lat' dir='ltr'><strong>dedit</strong></span> <span class='ocrx_word' id='word_1_393' title='bbox 2759 2703 3225 2776; x_wconf 72' lang='lat' dir='ltr'><strong>pmdicatoribus</strong></span> <span class='ocrx_word' id='word_1_394' title='bbox 3242 2701 3530 2759; x_wconf 83' lang='lat' dir='ltr'><strong>veritatis</strong></span> <span class='ocrx_word' id='word_1_395' title='bbox 3570 2701 3687 2756; x_wconf 86' lang='lat' dir='ltr'><strong>vim</strong></span> <span class='ocrx_word' id='word_1_396' title='bbox 3716 2716 3835 2757; x_wconf 85' lang='lat' dir='ltr'><strong>ver-</strong></span> 
     </span>
    </p>
   </div>
   <div class='ocr_carea' id='block_1_50' title="bbox 2211 2790 3837 2861">
    <p class='ocr_par' dir='ltr' id='par_1_50' title="bbox 2211 2790 3837 2861">
     <span class='ocr_line' id='line_1_50' title="bbox 2211 2790 3837 2861; baseline -0.006 -7"><span class='ocrx_word' id='word_1_397' title='bbox 2211 2797 2501 2859; x_wconf 79' lang='lat' dir='ltr'><strong>borumad</strong></span> <span class='ocrx_word' id='word_1_398' title='bbox 2536 2794 2915 2852; x_wconf 89' lang='lat' dir='ltr'><strong>resistendum</strong></span> <span class='ocrx_word' id='word_1_399' title='bbox 2946 2792 3520 2858; x_wconf 88' lang='lat' dir='ltr'><strong>contradicentibus,</strong></span> <span class='ocrx_word' id='word_1_400' title='bbox 3553 2801 3620 2847; x_wconf 89' lang='lat' dir='ltr'><strong>et</strong></span> <span class='ocrx_word' id='word_1_401' title='bbox 3654 2791 3725 2846; x_wconf 90' lang='lat' dir='ltr'><strong>ad</strong></span> <span class='ocrx_word' id='word_1_402' title='bbox 3760 2790 3837 2861; x_wconf 82' lang='lat' dir='ltr'><strong>ja-</strong></span> 
     </span>
    </p>
   </div>
   <div class='ocr_carea' id='block_1_51' title="bbox 2213 2882 3829 2956">
    <p class='ocr_par' dir='ltr' id='par_1_51' title="bbox 2213 2882 3829 2956">
     <span class='ocr_line' id='line_1_51' title="bbox 2213 2882 3829 2956; baseline -0.007 -8"><span class='ocrx_word' id='word_1_403' title='bbox 2213 2891 2339 2948; x_wconf 90' lang='lat' dir='ltr'><strong>cula</strong></span> <span class='ocrx_word' id='word_1_404' title='bbox 2378 2889 2831 2946; x_wconf 86' lang='lat' dir='ltr'><strong>adversariorum</strong></span> <span class='ocrx_word' id='word_1_405' title='bbox 2893 2896 3101 2943; x_wconf 85' lang='lat' dir='ltr'><strong>temere</strong></span> <span class='ocrx_word' id='word_1_406' title='bbox 3154 2886 3367 2941; x_wconf 86' lang='lat' dir='ltr'><strong>emissa</strong></span> <span class='ocrx_word' id='word_1_407' title='bbox 3413 2882 3829 2956; x_wconf 81' lang='lat' dir='ltr'><strong>propulsanda.</strong></span> 
     </span>
    </p>
   </div>
   <div class='ocr_carea' id='block_1_52' title="bbox 2214 2970 3831 3049">
    <p class='ocr_par' dir='ltr' id='par_1_52' title="bbox 2214 2970 3831 3049">
     <span class='ocr_line' id='line_1_52' title="bbox 2214 2970 3831 3049; baseline -0.006 -13"><span class='ocrx_word' id='word_1_408' title='bbox 2214 2981 2403 3049; x_wconf 86' lang='lat' dir='ltr'><strong>Quare</strong></span> <span class='ocrx_word' id='word_1_409' title='bbox 2448 2980 2692 3037; x_wconf 70' lang='lat' dir='ltr'><strong>Verbum</strong></span> <span class='ocrx_word' id='word_1_410' title='bbox 2729 2979 2987 3035; x_wconf 88' lang='lat' dir='ltr'><strong>veritatis</strong></span> <span class='ocrx_word' id='word_1_411' title='bbox 3034 2970 3151 3034; x_wconf 84' lang='lat' dir='ltr'><strong>non</strong></span> <span class='ocrx_word' id='word_1_412' title='bbox 3194 2978 3467 3033; x_wconf 90' lang='lat' dir='ltr'><strong>vincitur</strong></span> <span class='ocrx_word' id='word_1_413' title='bbox 3511 2973 3831 3038; x_wconf 86' lang='lat' dir='ltr'><strong>mendacio,</strong></span> 
     </span>
    </p>
   </div>
   <div class='ocr_carea' id='block_1_53' title="bbox 2217 3067 3826 3144">
    <p class='ocr_par' dir='ltr' id='par_1_53' title="bbox 2217 3067 3826 3144">
     <span class='ocr_line' id='line_1_53' title="bbox 2217 3067 3826 3144; baseline -0.006 -15"><span class='ocrx_word' id='word_1_414' title='bbox 2217 3074 2315 3129; x_wconf 89' lang='lat' dir='ltr'><strong>sed</strong></span> <span class='ocrx_word' id='word_1_415' title='bbox 2340 3073 2530 3144; x_wconf 89' lang='lat' dir='ltr'><strong>potius</strong></span> <span class='ocrx_word' id='word_1_416' title='bbox 2553 3072 2833 3128; x_wconf 87' lang='lat' dir='ltr'><strong>fallaciam</strong></span> <span class='ocrx_word' id='word_1_417' title='bbox 2861 3069 3139 3126; x_wconf 88' lang='lat' dir='ltr'><strong>mendacii</strong></span> <span class='ocrx_word' id='word_1_418' title='bbox 3183 3068 3520 3140; x_wconf 81' lang='lat' dir='ltr'><strong>redarguit.</strong></span> <span class='ocrx_word' id='word_1_419' title='bbox 3554 3068 3629 3123; x_wconf 85' lang='lat' dir='ltr'><strong>Et</strong></span> <span class='ocrx_word' id='word_1_420' title='bbox 3655 3067 3826 3136; x_wconf 88' lang='lat' dir='ltr'><strong>ipsum</strong></span> 
     </span>
    </p>
   </div>
   <div class='ocr_carea' id='block_1_54' title="bbox 517 3160 3829 3261">
    <p class='ocr_par' dir='ltr' id='par_1_54' title="bbox 517 3160 3829 3261">
     <span class='ocr_line' id='line_1_54' title="bbox 517 3160 3829 3261; baseline -0.002 -42"><span class='ocrx_word' id='word_1_421' title='bbox 517 3166 759 3236; x_wconf 87' lang='lat' dir='ltr'><strong>plemur,</strong></span> <span class='ocrx_word' id='word_1_422' title='bbox 793 3164 903 3218; x_wconf 91' lang='lat' dir='ltr'><strong>nisi</strong></span> <span class='ocrx_word' id='word_1_423' title='bbox 943 3164 1061 3218; x_wconf 88' lang='lat' dir='ltr'><strong>sola</strong></span> <span class='ocrx_word' id='word_1_424' title='bbox 1097 3163 1434 3234; x_wconf 80' lang='lat' dir='ltr'><strong>cogitatione</strong></span> <span class='ocrx_word' id='word_1_425' title='bbox 1472 3160 1675 3215; x_wconf 91' lang='lat' dir='ltr'><strong>mentis</strong></span> <span class='ocrx_word' id='word_1_426' title='bbox 1715 3160 2106 3226; x_wconf 85' lang='lat' dir='ltr'><strong>discernentis,</strong></span> <span class='ocrx_word' id='word_1_427' title='bbox 2138 3204 2181 3261; x_wconf 60' lang='grc' dir='ltr'>α</span> <span class='ocrx_word' id='word_1_428' title='bbox 2218 3166 2369 3221; x_wconf 88' lang='lat' dir='ltr'><strong>omni</strong></span> <span class='ocrx_word' id='word_1_429' title='bbox 2403 3181 2471 3221; x_wconf 91' lang='lat' dir='ltr'><strong>eo</strong></span> <span class='ocrx_word' id='word_1_430' title='bbox 2500 3163 2652 3235; x_wconf 90' lang='lat' dir='ltr'><strong>quod</strong></span> <span class='ocrx_word' id='word_1_431' title='bbox 2687 3164 2933 3219; x_wconf 77' lang='lat' dir='ltr'><strong>alienum</strong></span> <span class='ocrx_word' id='word_1_432' title='bbox 2961 3173 3068 3225; x_wconf 88' lang='lat' dir='ltr'><strong>est,</strong></span> <span class='ocrx_word' id='word_1_433' title='bbox 3094 3164 3350 3234; x_wconf 81' lang='lat' dir='ltr'><strong>exploso,</strong></span> <span class='ocrx_word' id='word_1_434' title='bbox 3378 3172 3615 3227; x_wconf 82' lang='lat' dir='ltr'><strong>manet,</strong></span> <span class='ocrx_word' id='word_1_435' title='bbox 3659 3171 3829 3228; x_wconf 86' lang='lat' dir='ltr'><strong>neque</strong></span> 
     </span>
    </p>
   </div>
   <div class='ocr_carea' id='block_1_55' title="bbox 513 3250 2111 3328">
    <p class='ocr_par' dir='ltr' id='par_1_55' title="bbox 513 3250 2111 3328">
     <span class='ocr_line' id='line_1_55' title="bbox 513 3250 2111 3328; baseline -0.004 -16"><span class='ocrx_word' id='word_1_436' title='bbox 513 3265 802 3328; x_wconf 89' lang='lat' dir='ltr'><strong>quatenus</strong></span> <span class='ocrx_word' id='word_1_437' title='bbox 823 3254 1235 3326; x_wconf 81' lang='lat' dir='ltr'><strong>cognoscimus,</strong></span> <span class='ocrx_word' id='word_1_438' title='bbox 1263 3253 1397 3324; x_wconf 86' lang='lat' dir='ltr'><strong>quid</strong></span> <span class='ocrx_word' id='word_1_439' title='bbox 1415 3251 1797 3316; x_wconf 79' lang='lat' dir='ltr'><strong>est-divinum,</strong></span> <span class='ocrx_word' id='word_1_440' title='bbox 1823 3250 1978 3321; x_wconf 85' lang='lat' dir='ltr'><strong>quod</strong></span> <span class='ocrx_word' id='word_1_441' title='bbox 1997 3266 2111 3306; x_wconf 90' lang='lat' dir='ltr'><strong>non</strong></span> 
     </span>
    </p>
   </div>
   <div class='ocr_carea' id='block_1_56' title="bbox 514 3328 2109 3418">
    <p class='ocr_par' dir='ltr' id='par_1_56' title="bbox 514 3328 2109 3418">
     <span class='ocr_line' id='line_1_56' title="bbox 514 3328 2109 3418; baseline -0.007 -11"><span class='ocrx_word' id='word_1_442' title='bbox 514 3357 605 3407; x_wconf 83' lang='lat' dir='ltr'><strong>est</strong></span> <span class='ocrx_word' id='word_1_443' title='bbox 643 3350 985 3415; x_wconf 80' lang='lat' dir='ltr'><strong>humanum;</strong></span> <span class='ocrx_word' id='word_1_444' title='bbox 1024 3347 1157 3418; x_wconf 89' lang='lat' dir='ltr'><strong>quid</strong></span> <span class='ocrx_word' id='word_1_445' title='bbox 1212 3361 1411 3401; x_wconf 89' lang='lat' dir='ltr'><strong>rursus</strong></span> <span class='ocrx_word' id='word_1_446' title='bbox 1452 3346 1781 3409; x_wconf 89' lang='lat' dir='ltr'><strong>humanum,</strong></span> <span class='ocrx_word' id='word_1_447' title='bbox 1804 3328 1964 3414; x_wconf 88' lang='lat' dir='ltr'><strong>quod</strong></span> <span class='ocrx_word' id='word_1_448' title='bbox 1999 3358 2109 3397; x_wconf 90' lang='lat' dir='ltr'><strong>non</strong></span> 
     </span>
    </p>
   </div>
   <div class='ocr_carea' id='block_1_57' title="bbox 514 3427 2114 3507">
    <p class='ocr_par' dir='ltr' id='par_1_57' title="bbox 514 3427 2114 3507">
     <span class='ocr_line' id='line_1_57' title="bbox 514 3427 2114 3507; baseline -0.006 -9"><span class='ocrx_word' id='word_1_449' title='bbox 514 3456 607 3498; x_wconf 85' lang='lat' dir='ltr'><strong>est</strong></span> <span class='ocrx_word' id='word_1_450' title='bbox 663 3440 919 3498; x_wconf 89' lang='lat' dir='ltr'><strong>divinum</strong></span> <span class='ocrx_word' id='word_1_451' title='bbox 974 3458 989 3493; x_wconf 92' lang='lat'><strong>:</strong></span> <span class='ocrx_word' id='word_1_452' title='bbox 1038 3439 1083 3494; x_wconf 92' lang='lat' dir='ltr'><strong>si</strong></span> <span class='ocrx_word' id='word_1_453' title='bbox 1139 3438 1289 3493; x_wconf 87' lang='lat' dir='ltr'><strong>enim</strong></span> <span class='ocrx_word' id='word_1_454' title='bbox 1347 3437 1648 3507; x_wconf 87' lang='lat' dir='ltr'><strong>aliquando</strong></span> <span class='ocrx_word' id='word_1_455' title='bbox 1700 3427 1801 3491; x_wconf 82' lang='lat' dir='ltr'><strong>has</strong></span> <span class='ocrx_word' id='word_1_456' title='bbox 1855 3434 2114 3490; x_wconf 90' lang='lat' dir='ltr'><strong>notiones</strong></span> 
     </span>
    </p>
   </div>
   <div class='ocr_carea' id='block_1_58' title="bbox 521 3527 2131 3603">
    <p class='ocr_par' dir='ltr' id='par_1_58' title="bbox 521 3527 2131 3603">
     <span class='ocr_line' id='line_1_58' title="bbox 521 3527 2131 3603; baseline -0.006 -13"><span class='ocrx_word' id='word_1_457' title='bbox 521 3543 707 3590; x_wconf 85' lang='lat' dir='ltr'><strong>mente</strong></span> <span class='ocrx_word' id='word_1_458' title='bbox 740 3533 1148 3603; x_wconf 80' lang='lat' dir='ltr'><strong>exprimemus,</strong></span> <span class='ocrx_word' id='word_1_459' title='bbox 1206 3531 1460 3585; x_wconf 88' lang='lat' dir='ltr'><strong>volentes</strong></span> <span class='ocrx_word' id='word_1_460' title='bbox 1484 3528 1799 3598; x_wconf 73' lang='lat' dir='ltr'><strong>significare</strong></span> <span class='ocrx_word' id='word_1_461' title='bbox 1835 3527 2131 3599; x_wconf 33' lang='lat' dir='ltr'><strong>subiectas.</strong></span> 
     </span>
    </p>
   </div>
   <div class='ocr_carea' id='block_1_59' title="bbox 516 3621 2115 3689">
    <p class='ocr_par' dir='ltr' id='par_1_59' title="bbox 516 3621 2115 3689">
     <span class='ocr_line' id='line_1_59' title="bbox 516 3621 2115 3689; baseline -0.005 -7"><span class='ocrx_word' id='word_1_462' title='bbox 516 3626 881 3689; x_wconf 83' lang='lat' dir='ltr'><strong>substantias,</strong></span> <span class='ocrx_word' id='word_1_463' title='bbox 909 3633 966 3680; x_wconf 89' lang='lat' dir='ltr'><strong>et</strong></span> <span class='ocrx_word' id='word_1_464' title='bbox 990 3639 1181 3679; x_wconf 90' lang='lat' dir='ltr'><strong>earum</strong></span> <span class='ocrx_word' id='word_1_465' title='bbox 1213 3623 1359 3678; x_wconf 88' lang='lat' dir='ltr'><strong>inter</strong></span> <span class='ocrx_word' id='word_1_466' title='bbox 1383 3638 1441 3677; x_wconf 87' lang='lat' dir='ltr'><strong>se</strong></span> <span class='ocrx_word' id='word_1_467' title='bbox 1481 3621 1887 3684; x_wconf 84' lang='lat' dir='ltr'><strong>diversitatem,</strong></span> <span class='ocrx_word' id='word_1_468' title='bbox 1926 3621 2115 3675; x_wconf 89' lang='lat' dir='ltr'><strong>statim</strong></span> 
     </span>
    </p>
   </div>
   <div class='ocr_carea' id='block_1_60' title="bbox 516 3712 2113 3789">
    <p class='ocr_par' dir='ltr' id='par_1_60' title="bbox 516 3712 2113 3789">
     <span class='ocr_line' id='line_1_60' title="bbox 516 3712 2113 3789; baseline -0.006 -13"><span class='ocrx_word' id='word_1_469' title='bbox 516 3720 849 3789; x_wconf 82' lang='lat' dir='ltr'><strong>cepulamus</strong></span> <span class='ocrx_word' id='word_1_470' title='bbox 877 3726 1036 3781; x_wconf 88' lang='lat' dir='ltr'><strong>actu;</strong></span> <span class='ocrx_word' id='word_1_471' title='bbox 1073 3732 1268 3772; x_wconf 90' lang='lat' dir='ltr'><strong>rursus</strong></span> <span class='ocrx_word' id='word_1_472' title='bbox 1316 3715 1578 3770; x_wconf 89' lang='lat' dir='ltr'><strong>unientes</strong></span> <span class='ocrx_word' id='word_1_473' title='bbox 1636 3714 1961 3784; x_wconf 88' lang='lat' dir='ltr'><strong>priusquam</strong></span> <span class='ocrx_word' id='word_1_474' title='bbox 1992 3712 2113 3767; x_wconf 86' lang='lat' dir='ltr'><strong>dis-</strong></span> 
     </span>
    </p>
   </div>
   <div class='ocr_carea' id='block_1_61' title="bbox 516 3805 2116 3884">
    <p class='ocr_par' dir='ltr' id='par_1_61' title="bbox 516 3805 2116 3884">
     <span class='ocr_line' id='line_1_61' title="bbox 516 3805 2116 3884; baseline -0.004 -18"><span class='ocrx_word' id='word_1_475' title='bbox 516 3813 846 3884; x_wconf 80' lang='lat' dir='ltr'><strong>jungamus,</strong></span> <span class='ocrx_word' id='word_1_476' title='bbox 877 3819 1280 3881; x_wconf 83' lang='lat' dir='ltr'><strong>cognoscentes</strong></span> <span class='ocrx_word' id='word_1_477' title='bbox 1320 3822 1495 3862; x_wconf 87' lang='lat' dir='ltr'><strong>unum</strong></span> <span class='ocrx_word' id='word_1_478' title='bbox 1541 3805 1829 3863; x_wconf 90' lang='lat' dir='ltr'><strong>Christum</strong></span> <span class='ocrx_word' id='word_1_479' title='bbox 1879 3821 2003 3861; x_wconf 88' lang='lat' dir='ltr'><strong>esse</strong></span> <span class='ocrx_word' id='word_1_480' title='bbox 2047 3820 2116 3859; x_wconf 80' lang='lat' dir='ltr'><strong>ex</strong></span> 
     </span>
    </p>
   </div>
   <div class='ocr_carea' id='block_1_62' title="bbox 523 3901 1406 3959">
    <p class='ocr_par' dir='ltr' id='par_1_62' title="bbox 523 3901 1406 3959">
     <span class='ocr_line' id='line_1_62' title="bbox 523 3901 1406 3959; baseline -0.005 0"><span class='ocrx_word' id='word_1_481' title='bbox 523 3904 764 3959; x_wconf 87' lang='lat' dir='ltr'><strong>diversis</strong></span> <span class='ocrx_word' id='word_1_482' title='bbox 791 3901 1005 3957; x_wconf 87' lang='lat' dir='ltr'><strong>naturis</strong></span> <span class='ocrx_word' id='word_1_483' title='bbox 1022 3908 1406 3956; x_wconf 83' lang='lat' dir='ltr'><strong>constantem.</strong></span> 
     </span>
    </p>
   </div>
   <div class='ocr_carea' id='block_1_63' title="bbox 596 3991 2119 4061">
    <p class='ocr_par' dir='ltr' id='par_1_63' title="bbox 596 3991 2119 4061">
     <span class='ocr_line' id='line_1_63' title="bbox 596 3991 2119 4061; baseline -0.005 -9"><span class='ocrx_word' id='word_1_484' title='bbox 596 3991 688 4053; x_wconf 76' lang='grc' dir='ltr'><strong>ιΧ.</strong></span> <span class='ocrx_word' id='word_1_485' title='bbox 709 3996 825 4051; x_wconf 92' lang='lat' dir='ltr'><strong>Etsi</strong></span> <span class='ocrx_word' id='word_1_486' title='bbox 845 3996 995 4051; x_wconf 90' lang='lat' dir='ltr'><strong>enim</strong></span> <span class='ocrx_word' id='word_1_487' title='bbox 1026 4004 1159 4048; x_wconf 91' lang='lat' dir='ltr'><strong>sunt</strong></span> <span class='ocrx_word' id='word_1_488' title='bbox 1174 3994 1410 4049; x_wconf 71' lang='lat' dir='ltr'><strong>diversae</strong></span> <span class='ocrx_word' id='word_1_489' title='bbox 1438 4000 1651 4047; x_wconf 66' lang='lat' dir='ltr'><strong>naturae</strong></span> <span class='ocrx_word' id='word_1_490' title='bbox 1672 4007 1742 4046; x_wconf 81' lang='lat' dir='ltr'><strong>ex</strong></span> <span class='ocrx_word' id='word_1_491' title='bbox 1764 3991 1971 4061; x_wconf 90' lang='lat' dir='ltr'><strong>quibus</strong></span> <span class='ocrx_word' id='word_1_492' title='bbox 1996 3991 2119 4045; x_wconf 82' lang='lat' dir='ltr'><strong>uni-</strong></span> 
     </span>
    </p>
   </div>
   <div class='ocr_carea' id='block_1_64' title="bbox 528 4083 2139 4157">
    <p class='ocr_par' dir='ltr' id='par_1_64' title="bbox 528 4083 2139 4157">
     <span class='ocr_line' id='line_1_64' title="bbox 528 4083 2139 4157; baseline -0.005 -12"><span class='ocrx_word' id='word_1_493' title='bbox 528 4099 621 4145; x_wconf 92' lang='lat' dir='ltr'><strong>tus</strong></span> <span class='ocrx_word' id='word_1_494' title='bbox 661 4096 747 4145; x_wconf 85' lang='lat' dir='ltr'><strong>est</strong></span> <span class='ocrx_word' id='word_1_495' title='bbox 800 4087 870 4143; x_wconf 89' lang='lat' dir='ltr'><strong>ad</strong></span> <span class='ocrx_word' id='word_1_496' title='bbox 922 4087 1433 4143; x_wconf 86' lang='lat' dir='ltr'><strong>manifestationem</strong></span> <span class='ocrx_word' id='word_1_497' title='bbox 1472 4083 1745 4157; x_wconf 71' lang='lat' dir='ltr'><strong>mysterii,</strong></span> <span class='ocrx_word' id='word_1_498' title='bbox 1788 4100 1898 4139; x_wconf 89' lang='lat' dir='ltr'><strong>una</strong></span> <span class='ocrx_word' id='word_1_499' title='bbox 1933 4092 2139 4138; x_wconf 77' lang='lat' dir='ltr'><strong>tamen‘</strong></span> 
     </span>
    </p>
   </div>
   <div class='ocr_carea' id='block_1_65' title="bbox 527 4176 2118 4253">
    <p class='ocr_par' dir='ltr' id='par_1_65' title="bbox 527 4176 2118 4253">
     <span class='ocr_line' id='line_1_65' title="bbox 527 4176 2118 4253; baseline -0.004 -16"><span class='ocrx_word' id='word_1_500' title='bbox 527 4192 615 4237; x_wconf 86' lang='lat' dir='ltr'><strong>est</strong></span> <span class='ocrx_word' id='word_1_501' title='bbox 640 4180 956 4253; x_wconf 87' lang='lat' dir='ltr'><strong>bypostasis</strong></span> <span class='ocrx_word' id='word_1_502' title='bbox 986 4199 999 4234; x_wconf 90' lang='lat'><strong>:</strong></span> <span class='ocrx_word' id='word_1_503' title='bbox 1031 4181 1223 4237; x_wconf 84' lang='lat' dir='ltr'><strong>eadem</strong></span> <span class='ocrx_word' id='word_1_504' title='bbox 1253 4179 1405 4234; x_wconf 91' lang='lat' dir='ltr'><strong>enim</strong></span> <span class='ocrx_word' id='word_1_505' title='bbox 1450 4178 1775 4249; x_wconf 89' lang='lat' dir='ltr'><strong>pr0prietas</strong></span> <span class='ocrx_word' id='word_1_506' title='bbox 1802 4176 2118 4248; x_wconf 78' lang='lat' dir='ltr'><strong>hypostasis</strong></span> 
     </span>
    </p>
   </div>
   <div class='ocr_carea' id='block_1_66' title="bbox 532 4270 2122 4338">
    <p class='ocr_par' dir='ltr' id='par_1_66' title="bbox 532 4270 2122 4338">
     <span class='ocr_line' id='line_1_66' title="bbox 532 4270 2122 4338; baseline -0.003 -8"><span class='ocrx_word' id='word_1_507' title='bbox 532 4277 756 4338; x_wconf 86' lang='lat' dir='ltr'><strong>mansit,</strong></span> <span class='ocrx_word' id='word_1_508' title='bbox 795 4274 936 4329; x_wconf 87' lang='lat' dir='ltr'><strong>Filio</strong></span> <span class='ocrx_word' id='word_1_509' title='bbox 965 4274 1134 4329; x_wconf 89' lang='lat' dir='ltr'><strong>etiam</strong></span> <span class='ocrx_word' id='word_1_510' title='bbox 1167 4273 1477 4328; x_wconf 89' lang='lat' dir='ltr'><strong>incarnato.</strong></span> <span class='ocrx_word' id='word_1_511' title='bbox 1513 4271 1693 4326; x_wconf 85' lang='lat' dir='ltr'><strong>Filius</strong></span> <span class='ocrx_word' id='word_1_512' title='bbox 1739 4270 1889 4326; x_wconf 85' lang='lat' dir='ltr'><strong>enim</strong></span> <span class='ocrx_word' id='word_1_513' title='bbox 1926 4285 2122 4326; x_wconf 88' lang='lat' dir='ltr'><strong>rursus</strong></span> 
     </span>
    </p>
   </div>
   <div class='ocr_carea' id='block_1_67' title="bbox 530 4359 2122 4431">
    <p class='ocr_par' dir='ltr' id='par_1_67' title="bbox 530 4359 2122 4431">
     <span class='ocr_line' id='line_1_67' title="bbox 530 4359 2122 4431; baseline -0.004 -10"><span class='ocrx_word' id='word_1_514' title='bbox 530 4375 620 4421; x_wconf 84' lang='lat' dir='ltr'><strong>est</strong></span> <span class='ocrx_word' id='word_1_515' title='bbox 638 4365 806 4420; x_wconf 89' lang='lat' dir='ltr'><strong>etiam</strong></span> <span class='ocrx_word' id='word_1_516' title='bbox 839 4363 1148 4419; x_wconf 86' lang='lat' dir='ltr'><strong>secundum</strong></span> <span class='ocrx_word' id='word_1_517' title='bbox 1175 4375 1399 4417; x_wconf 88' lang='lat' dir='ltr'><strong>carnem</strong></span> <span class='ocrx_word' id='word_1_518' title='bbox 1434 4378 1448 4414; x_wconf 90' lang='lat'><strong>:</strong></span> <span class='ocrx_word' id='word_1_519' title='bbox 1480 4376 1655 4431; x_wconf 88' lang='lat' dir='ltr'><strong>quare</strong></span> <span class='ocrx_word' id='word_1_520' title='bbox 1682 4369 1878 4415; x_wconf 87' lang='lat' dir='ltr'><strong>natura</strong></span> <span class='ocrx_word' id='word_1_521' title='bbox 1894 4359 2122 4431; x_wconf 89' lang='lat' dir='ltr'><strong>quidem</strong></span> 
     </span>
    </p>
   </div>
   <div class='ocr_carea' id='block_1_68' title="bbox 533 4442 2122 4526">
    <p class='ocr_par' dir='ltr' id='par_1_68' title="bbox 533 4442 2122 4526">
     <span class='ocr_line' id='line_1_68' title="bbox 533 4442 2122 4526; baseline -0.004 -11"><span class='ocrx_word' id='word_1_522' title='bbox 533 4458 803 4515; x_wconf 82' lang='lat' dir='ltr'><strong>diﬂ‘erunt</strong></span> <span class='ocrx_word' id='word_1_523' title='bbox 835 4471 1126 4512; x_wconf 89' lang='lat' dir='ltr'><strong>assumens</strong></span> <span class='ocrx_word' id='word_1_524' title='bbox 1173 4442 1232 4511; x_wconf 78' lang='lat' dir='ltr'><strong>et</strong></span> <span class='ocrx_word' id='word_1_525' title='bbox 1283 4464 1599 4525; x_wconf 81' lang='lat' dir='ltr'><strong>assumpta;</strong></span> <span class='ocrx_word' id='word_1_526' title='bbox 1645 4452 1934 4526; x_wconf 84' lang='lat' dir='ltr'><strong>bypostasi</strong></span> <span class='ocrx_word' id='word_1_527' title='bbox 1988 4469 2122 4509; x_wconf 89' lang='lat' dir='ltr'><strong>vero</strong></span> 
     </span>
    </p>
   </div>
   <div class='ocr_carea' id='block_1_69' title="bbox 2219 3252 3826 3329">
    <p class='ocr_par' dir='ltr' id='par_1_69' title="bbox 2219 3252 3826 3329">
     <span class='ocr_line' id='line_1_69' title="bbox 2219 3252 3826 3329; baseline -0.007 -14"><span class='ocrx_word' id='word_1_528' title='bbox 2219 3258 2538 3329; x_wconf 82' lang='lat' dir='ltr'><strong>deponitur,</strong></span> <span class='ocrx_word' id='word_1_529' title='bbox 2584 3270 2767 3326; x_wconf 89' lang='lat' dir='ltr'><strong>neque</strong></span> <span class='ocrx_word' id='word_1_530' title='bbox 2817 3256 3231 3311; x_wconf 86' lang='lat' dir='ltr'><strong>circumfertur.</strong></span> <span class='ocrx_word' id='word_1_531' title='bbox 3273 3255 3519 3311; x_wconf 88' lang='lat' dir='ltr'><strong>Idcirco</strong></span> <span class='ocrx_word' id='word_1_532' title='bbox 3571 3252 3826 3310; x_wconf 60' lang='lat' dir='ltr'><strong>Cilnium</strong></span> 
     </span>
    </p>
   </div>
   <div class='ocr_carea' id='block_1_70' title="bbox 2222 3349 3825 3421">
    <p class='ocr_par' dir='ltr' id='par_1_70' title="bbox 2222 3349 3825 3421">
     <span class='ocr_line' id='line_1_70' title="bbox 2222 3349 3825 3421; baseline -0.006 -15"><span class='ocrx_word' id='word_1_533' title='bbox 2222 3354 2319 3406; x_wconf 81' lang='lat' dir='ltr'><strong>Dei</strong></span> <span class='ocrx_word' id='word_1_534' title='bbox 2352 3352 2603 3406; x_wconf 81' lang='lat' dir='ltr'><strong>virtutem</strong></span> <span class='ocrx_word' id='word_1_535' title='bbox 2631 3359 2681 3405; x_wconf 85' lang='lat' dir='ltr'><strong>et</strong></span> <span class='ocrx_word' id='word_1_536' title='bbox 2705 3350 2803 3405; x_wconf 86' lang='lat' dir='ltr'><strong>Dei</strong></span> <span class='ocrx_word' id='word_1_537' title='bbox 2832 3349 3211 3421; x_wconf 73' lang='lat' dir='ltr'><strong>sapientiam“</strong></span> <span class='ocrx_word' id='word_1_538' title='bbox 3262 3364 3399 3404; x_wconf 88' lang='lat' dir='ltr'><strong>esse</strong></span> <span class='ocrx_word' id='word_1_539' title='bbox 3427 3349 3633 3411; x_wconf 86' lang='lat' dir='ltr'><strong>docet,</strong></span> <span class='ocrx_word' id='word_1_540' title='bbox 3668 3358 3825 3400; x_wconf 86' lang='lat' dir='ltr'><strong>unum</strong></span> 
     </span>
    </p>
   </div>
   <div class='ocr_carea' id='block_1_71' title="bbox 2221 3437 3818 3519">
    <p class='ocr_par' dir='ltr' id='par_1_71' title="bbox 2221 3437 3818 3519">
     <span class='ocr_line' id='line_1_71' title="bbox 2221 3437 3818 3519; baseline -0.004 -22"><span class='ocrx_word' id='word_1_541' title='bbox 2221 3459 2289 3502; x_wconf 80' lang='lat' dir='ltr'><strong>ex</strong></span> <span class='ocrx_word' id='word_1_542' title='bbox 2314 3438 2457 3497; x_wconf 54' lang='lat' dir='ltr'><strong>ctelo</strong></span> <span class='ocrx_word' id='word_1_543' title='bbox 2482 3451 2541 3497; x_wconf 89' lang='lat' dir='ltr'><strong>et</strong></span> <span class='ocrx_word' id='word_1_544' title='bbox 2561 3456 2630 3495; x_wconf 81' lang='lat' dir='ltr'><strong>ex</strong></span> <span class='ocrx_word' id='word_1_545' title='bbox 2669 3444 2819 3519; x_wconf 81' lang='lat' dir='ltr'><strong>terra</strong></span> <span class='ocrx_word' id='word_1_546' title='bbox 2848 3439 3022 3495; x_wconf 86' lang='lat' dir='ltr'><strong>Deum</strong></span> <span class='ocrx_word' id='word_1_547' title='bbox 3044 3449 3103 3496; x_wconf 85' lang='lat' dir='ltr'><strong>et</strong></span> <span class='ocrx_word' id='word_1_548' title='bbox 3126 3440 3276 3495; x_wconf 88' lang='lat' dir='ltr'><strong>servi</strong></span> <span class='ocrx_word' id='word_1_549' title='bbox 3307 3440 3511 3495; x_wconf 69' lang='lat' dir='ltr'><strong>forma</strong></span> <span class='ocrx_word' id='word_1_550' title='bbox 3554 3437 3818 3498; x_wconf 78' lang='lat' dir='ltr'><strong>indutum.</strong></span> 
     </span>
    </p>
   </div>
   <div class='ocr_carea' id='block_1_72' title="bbox 2223 3534 3821 3607">
    <p class='ocr_par' dir='ltr' id='par_1_72' title="bbox 2223 3534 3821 3607">
     <span class='ocr_line' id='line_1_72' title="bbox 2223 3534 3821 3607; baseline -0.006 -15"><span class='ocrx_word' id='word_1_551' title='bbox 2223 3538 2508 3593; x_wconf 87' lang='lat' dir='ltr'><strong>utlatcret</strong></span> <span class='ocrx_word' id='word_1_552' title='bbox 2549 3537 2697 3591; x_wconf 89' lang='lat' dir='ltr'><strong>Deus</strong></span> <span class='ocrx_word' id='word_1_553' title='bbox 2739 3536 3053 3607; x_wconf 85' lang='lat' dir='ltr'><strong>principem</strong></span> <span class='ocrx_word' id='word_1_554' title='bbox 3106 3534 3295 3590; x_wconf 62' lang='lat' dir='ltr'><strong>saeculi</strong></span> <span class='ocrx_word' id='word_1_555' title='bbox 3344 3534 3534 3605; x_wconf 82' lang='lat' dir='ltr'><strong>hujus</strong></span> <span class='ocrx_word' id='word_1_556' title='bbox 3566 3544 3695 3589; x_wconf 82' lang='lat' dir='ltr'><strong>cum</strong></span> <span class='ocrx_word' id='word_1_557' title='bbox 3727 3540 3821 3597; x_wconf 87' lang='lat' dir='ltr'><strong>quo</strong></span> 
     </span>
    </p>
   </div>
   <div class='ocr_carea' id='block_1_73' title="bbox 2222 3627 3822 3699">
    <p class='ocr_par' dir='ltr' id='par_1_73' title="bbox 2222 3627 3822 3699">
     <span class='ocr_line' id='line_1_73' title="bbox 2222 3627 3822 3699; baseline -0.009 -12"><span class='ocrx_word' id='word_1_558' title='bbox 2222 3640 2343 3687; x_wconf 90' lang='lat' dir='ltr'><strong>erat</strong></span> <span class='ocrx_word' id='word_1_559' title='bbox 2387 3631 2439 3686; x_wconf 91' lang='lat' dir='ltr'><strong>ei</strong></span> <span class='ocrx_word' id='word_1_560' title='bbox 2489 3639 2811 3693; x_wconf 82' lang='lat' dir='ltr'><strong>certamen,</strong></span> <span class='ocrx_word' id='word_1_561' title='bbox 2837 3638 2894 3684; x_wconf 91' lang='lat' dir='ltr'><strong>et</strong></span> <span class='ocrx_word' id='word_1_562' title='bbox 2928 3644 3048 3685; x_wconf 86' lang='lat' dir='ltr'><strong>non</strong></span> <span class='ocrx_word' id='word_1_563' title='bbox 3093 3628 3399 3699; x_wconf 80' lang='lat' dir='ltr'><strong>defugeret</strong></span> <span class='ocrx_word' id='word_1_564' title='bbox 3430 3627 3673 3687; x_wconf 66' lang='lat' dir='ltr'><strong>luctum,</strong></span> <span class='ocrx_word' id='word_1_565' title='bbox 3717 3630 3822 3675; x_wconf 87' lang='lat' dir='ltr'><strong>tan-</strong></span> 
     </span>
    </p>
   </div>
   <div class='ocr_carea' id='block_1_74' title="bbox 2222 3719 3817 3794">
    <p class='ocr_par' dir='ltr' id='par_1_74' title="bbox 2222 3719 3817 3794">
     <span class='ocr_line' id='line_1_74' title="bbox 2222 3719 3817 3794; baseline -0.007 -15"><span class='ocrx_word' id='word_1_566' title='bbox 2222 3740 2389 3794; x_wconf 89' lang='lat' dir='ltr'><strong>quam</strong></span> <span class='ocrx_word' id='word_1_567' title='bbox 2435 3739 2547 3779; x_wconf 91' lang='lat' dir='ltr'><strong>non</strong></span> <span class='ocrx_word' id='word_1_568' title='bbox 2583 3740 2710 3780; x_wconf 89' lang='lat' dir='ltr'><strong>cum</strong></span> <span class='ocrx_word' id='word_1_569' title='bbox 2740 3725 2854 3780; x_wconf 90' lang='lat' dir='ltr'><strong>Deo</strong></span> <span class='ocrx_word' id='word_1_570' title='bbox 2882 3729 3235 3786; x_wconf 85' lang='lat' dir='ltr'><strong>certaturus;</strong></span> <span class='ocrx_word' id='word_1_571' title='bbox 3262 3719 3521 3789; x_wconf 83' lang='lat' dir='ltr'><strong>fortasse</strong></span> <span class='ocrx_word' id='word_1_572' title='bbox 3550 3729 3722 3777; x_wconf 86' lang='lat' dir='ltr'><strong>vero,</strong></span> <span class='ocrx_word' id='word_1_573' title='bbox 3767 3719 3817 3764; x_wconf 84' lang='lat' dir='ltr'><strong>ut</strong></span> 
     </span>
    </p>
   </div>
   <div class='ocr_carea' id='block_1_75' title="bbox 2224 3801 3816 3886">
    <p class='ocr_par' dir='ltr' id='par_1_75' title="bbox 2224 3801 3816 3886">
     <span class='ocr_line' id='line_1_75' title="bbox 2224 3801 3816 3886; baseline -0.009 -16"><span class='ocrx_word' id='word_1_574' title='bbox 2224 3831 2327 3886; x_wconf 91' lang='lat' dir='ltr'><strong>per</strong></span> <span class='ocrx_word' id='word_1_575' title='bbox 2360 3814 2542 3870; x_wconf 89' lang='lat' dir='ltr'><strong>simile</strong></span> <span class='ocrx_word' id='word_1_576' title='bbox 2580 3821 2833 3871; x_wconf 86' lang='lat' dir='ltr'><strong>servaret</strong></span> <span class='ocrx_word' id='word_1_577' title='bbox 2876 3812 3082 3869; x_wconf 89' lang='lat' dir='ltr'><strong>simile.</strong></span> <span class='ocrx_word' id='word_1_578' title='bbox 3115 3812 3240 3868; x_wconf 84' lang='lat' dir='ltr'><strong>Non</strong></span> <span class='ocrx_word' id='word_1_579' title='bbox 3275 3809 3510 3883; x_wconf 74' lang='lat' dir='ltr'><strong>ferebat</strong></span> <span class='ocrx_word' id='word_1_580' title='bbox 3541 3806 3712 3878; x_wconf 77' lang='lat' dir='ltr'><strong>igitur</strong></span> <span class='ocrx_word' id='word_1_581' title='bbox 3730 3801 3816 3856; x_wconf 86' lang='lat' dir='ltr'><strong>ali-</strong></span> 
     </span>
    </p>
   </div>
   <div class='ocr_carea' id='block_1_76' title="bbox 2224 3892 3814 3983">
    <p class='ocr_par' dir='ltr' id='par_1_76' title="bbox 2224 3892 3814 3983">
     <span class='ocr_line' id='line_1_76' title="bbox 2224 3892 3814 3983; baseline -0.011 -16"><span class='ocrx_word' id='word_1_582' title='bbox 2224 3892 2373 3983; x_wconf 50' lang='lat' dir='ltr'><strong>quid‘</strong></span> <span class='ocrx_word' id='word_1_583' title='bbox 2411 3921 2704 3967; x_wconf 79' lang='lat' dir='ltr'><strong>externum</strong></span> <span class='ocrx_word' id='word_1_584' title='bbox 2755 3918 2813 3966; x_wconf 92' lang='lat' dir='ltr'><strong>et</strong></span> <span class='ocrx_word' id='word_1_585' title='bbox 2863 3910 3113 3965; x_wconf 87' lang='lat' dir='ltr'><strong>alienum</strong></span> <span class='ocrx_word' id='word_1_586' title='bbox 3171 3914 3375 3978; x_wconf 88' lang='lat' dir='ltr'><strong>praeter</strong></span> <span class='ocrx_word' id='word_1_587' title='bbox 3419 3905 3481 3961; x_wconf 86' lang='lat' dir='ltr'><strong>id</strong></span> <span class='ocrx_word' id='word_1_588' title='bbox 3531 3899 3680 3973; x_wconf 91' lang='lat' dir='ltr'><strong>quod</strong></span> <span class='ocrx_word' id='word_1_589' title='bbox 3726 3910 3814 3952; x_wconf 89' lang='lat' dir='ltr'><strong>nos</strong></span> 
     </span>
    </p>
   </div>
   <div class='ocr_carea' id='block_1_77' title="bbox 2225 3987 3812 4067">
    <p class='ocr_par' dir='ltr' id='par_1_77' title="bbox 2225 3987 3812 4067">
     <span class='ocr_line' id='line_1_77' title="bbox 2225 3987 3812 4067; baseline -0.011 -7"><span class='ocrx_word' id='word_1_590' title='bbox 2225 4018 2440 4067; x_wconf 86' lang='lat' dir='ltr'><strong>sumus,</strong></span> <span class='ocrx_word' id='word_1_591' title='bbox 2466 4003 2563 4059; x_wconf 89' lang='lat' dir='ltr'><strong>sed</strong></span> <span class='ocrx_word' id='word_1_592' title='bbox 2598 4012 2772 4058; x_wconf 86' lang='lat' dir='ltr'><strong>totam</strong></span> <span class='ocrx_word' id='word_1_593' title='bbox 2818 4010 3067 4057; x_wconf 85' lang='lat' dir='ltr'><strong>nostram</strong></span> <span class='ocrx_word' id='word_1_594' title='bbox 3109 4015 3355 4055; x_wconf 87' lang='lat' dir='ltr'><strong>massam</strong></span> <span class='ocrx_word' id='word_1_595' title='bbox 3403 3999 3465 4054; x_wconf 90' lang='lat' dir='ltr'><strong>in</strong></span> <span class='ocrx_word' id='word_1_596' title='bbox 3499 4012 3616 4057; x_wconf 82' lang='lat' dir='ltr'><strong>uno</strong></span> <span class='ocrx_word' id='word_1_597' title='bbox 3640 3987 3812 4049; x_wconf 83' lang='lat' dir='ltr'><strong>relicto</strong></span> 
     </span>
    </p>
   </div>
   <div class='ocr_carea' id='block_1_78' title="bbox 2225 4094 3811 4167">
    <p class='ocr_par' dir='ltr' id='par_1_78' title="bbox 2225 4094 3811 4167">
     <span class='ocr_line' id='line_1_78' title="bbox 2225 4094 3811 4167; baseline -0.009 -13"><span class='ocrx_word' id='word_1_598' title='bbox 2225 4099 2393 4154; x_wconf 83' lang='lat' dir='ltr'><strong>nobis</strong></span> <span class='ocrx_word' id='word_1_599' title='bbox 2429 4098 2644 4154; x_wconf 86' lang='lat' dir='ltr'><strong>semine</strong></span> <span class='ocrx_word' id='word_1_600' title='bbox 2693 4095 3016 4166; x_wconf 84' lang='lat' dir='ltr'><strong>assumpsit,</strong></span> <span class='ocrx_word' id='word_1_601' title='bbox 3059 4094 3249 4150; x_wconf 70' lang='lat' dir='ltr'><strong>factus</strong></span> <span class='ocrx_word' id='word_1_602' title='bbox 3298 4094 3582 4167; x_wconf 69' lang='lat' dir='ltr'><strong>primitiae</strong></span> <span class='ocrx_word' id='word_1_603' title='bbox 3625 4096 3811 4145; x_wconf 61' lang='lat' dir='ltr'><strong>natura</strong></span> 
     </span>
    </p>
   </div>
   <div class='ocr_carea' id='block_1_79' title="bbox 2227 4182 3671 4258">
    <p class='ocr_par' dir='ltr' id='par_1_79' title="bbox 2227 4182 3671 4258">
     <span class='ocr_line' id='line_1_79' title="bbox 2227 4182 3671 4258; baseline -0.005 -14"><span class='ocrx_word' id='word_1_604' title='bbox 2227 4201 2454 4246; x_wconf 83' lang='lat' dir='ltr'><strong>nostrae.</strong></span> <span class='ocrx_word' id='word_1_605' title='bbox 2487 4188 2603 4244; x_wconf 83' lang='lat' dir='ltr'><strong>Hac</strong></span> <span class='ocrx_word' id='word_1_606' title='bbox 2631 4200 2818 4244; x_wconf 84' lang='lat' dir='ltr'><strong>autem</strong></span> <span class='ocrx_word' id='word_1_607' title='bbox 2846 4188 3064 4242; x_wconf 80' lang='lat' dir='ltr'><strong>ratione</strong></span> <span class='ocrx_word' id='word_1_608' title='bbox 3089 4186 3300 4241; x_wconf 82' lang='lat' dir='ltr'><strong>dicitur</strong></span> <span class='ocrx_word' id='word_1_609' title='bbox 3323 4184 3590 4258; x_wconf 69' lang='lat' dir='ltr'><strong>primitiir</strong></span> <span class='ocrx_word' id='word_1_610' title='bbox 3611 4182 3671 4237; x_wconf 82' lang='grc'><strong>¹⁷.</strong></span> 
     </span>
    </p>
   </div>
   <div class='ocr_carea' id='block_1_80' title="bbox 2300 4272 3805 4353">
    <p class='ocr_par' dir='ltr' id='par_1_80' title="bbox 2300 4272 3805 4353">
     <span class='ocr_line' id='line_1_80' title="bbox 2300 4272 3805 4353; baseline -0.011 -15"><span class='ocrx_word' id='word_1_611' title='bbox 2300 4282 2393 4351; x_wconf 71' lang='lat' dir='ltr'><strong>XI,</strong></span> <span class='ocrx_word' id='word_1_612' title='bbox 2441 4283 2659 4338; x_wconf 87' lang='lat' dir='ltr'><strong>Etenim</strong></span> <span class='ocrx_word' id='word_1_613' title='bbox 2686 4282 2819 4353; x_wconf 86' lang='lat' dir='ltr'><strong>quia</strong></span> <span class='ocrx_word' id='word_1_614' title='bbox 2849 4289 3029 4337; x_wconf 89' lang='lat' dir='ltr'><strong>totum</strong></span> <span class='ocrx_word' id='word_1_615' title='bbox 3070 4281 3225 4352; x_wconf 89' lang='lat' dir='ltr'><strong>quod</strong></span> <span class='ocrx_word' id='word_1_616' title='bbox 3242 4279 3560 4343; x_wconf 72' lang='lat' dir='ltr'><strong>ceciderat,</strong></span> <span class='ocrx_word' id='word_1_617' title='bbox 3592 4272 3805 4331; x_wconf 80' lang='lat' dir='ltr'><strong>excitare</strong></span> 
     </span>
    </p>
   </div>
   <div class='ocr_carea' id='block_1_81' title="bbox 2216 4362 3802 4448">
    <p class='ocr_par' dir='ltr' id='par_1_81' title="bbox 2216 4362 3802 4448">
     <span class='ocr_line' id='line_1_81' title="bbox 2216 4362 3802 4448; baseline -0.006 -16"><span class='ocrx_word' id='word_1_618' title='bbox 2216 4375 2576 4448; x_wconf 45' lang='lat' dir='ltr'><strong>.propusitum</strong></span> <span class='ocrx_word' id='word_1_619' title='bbox 2606 4383 2727 4430; x_wconf 88' lang='lat' dir='ltr'><strong>erat</strong></span> <span class='ocrx_word' id='word_1_620' title='bbox 2759 4375 2834 4441; x_wconf 85' lang='lat' dir='ltr'><strong>ei,</strong></span> <span class='ocrx_word' id='word_1_621' title='bbox 2868 4374 3155 4430; x_wconf 88' lang='lat' dir='ltr'><strong>ceciderat</strong></span> <span class='ocrx_word' id='word_1_622' title='bbox 3175 4384 3365 4448; x_wconf 84' lang='lat' dir='ltr'><strong>autem</strong></span> <span class='ocrx_word' id='word_1_623' title='bbox 3400 4381 3587 4427; x_wconf 81' lang='lat' dir='ltr'><strong>totum</strong></span> <span class='ocrx_word' id='word_1_624' title='bbox 3619 4362 3802 4438; x_wconf 75' lang='lat' dir='ltr'><strong>genus;</strong></span> 
     </span>
    </p>
   </div>
   <div class='ocr_carea' id='block_1_82' title="bbox 2230 4462 3800 4537">
    <p class='ocr_par' dir='ltr' id='par_1_82' title="bbox 2230 4462 3800 4537">
     <span class='ocr_line' id='line_1_82' title="bbox 2230 4462 3800 4537; baseline -0.01 -16"><span class='ocrx_word' id='word_1_625' title='bbox 2230 4475 2484 4521; x_wconf 88' lang='lat' dir='ltr'><strong>setotnm</strong></span> <span class='ocrx_word' id='word_1_626' title='bbox 2517 4463 3276 4537; x_wconf 21' lang='lat' dir='ltr'><strong>totilAdreimmiscuiuvita</strong></span> <span class='ocrx_word' id='word_1_627' title='bbox 3311 4465 3656 4524; x_wconf 84' lang='lat' dir='ltr'><strong>mortuo,.ut</strong></span> <span class='ocrx_word' id='word_1_628' title='bbox 3693 4462 3800 4508; x_wconf 87' lang='lat' dir='ltr'><strong>eum</strong></span> 
     </span>
    </p>
   </div>
   <div class='ocr_carea' id='block_1_83' title="bbox 534 4548 3798 4633">
    <p class='ocr_par' dir='ltr' id='par_1_83' title="bbox 534 4548 3798 4633">
     <span class='ocr_line' id='line_1_83' title="bbox 534 4548 3798 4633; baseline -0.005 -15"><span class='ocrx_word' id='word_1_629' title='bbox 534 4552 787 4607; x_wconf 66' lang='grc' dir='ltr'><strong>ιιιίιιίιηθσ</strong></span> <span class='ocrx_word' id='word_1_630' title='bbox 829 4548 926 4607; x_wconf 62' lang='lat' dir='ltr'><strong>Sid</strong></span> <span class='ocrx_word' id='word_1_631' title='bbox 952 4550 1222 4615; x_wconf 71' lang='grc' dir='ltr'><strong>(Ιίοίῐῐιιιε,</strong></span> <span class='ocrx_word' id='word_1_632' title='bbox 1282 4563 1448 4604; x_wconf 70' lang='lat' dir='ltr'><strong>“nam</strong></span> <span class='ocrx_word' id='word_1_633' title='bbox 1496 4563 1618 4604; x_wconf 70' lang='lat' dir='ltr'><strong>esse</strong></span> <span class='ocrx_word' id='word_1_634' title='bbox 1653 4548 1989 4621; x_wconf 76' lang='lat' dir='ltr'><strong>hypostasim</strong></span> <span class='ocrx_word' id='word_1_635' title='bbox 2027 4564 2126 4633; x_wconf 58' lang='lat' dir='ltr'><strong>Ila—</strong></span> <span class='ocrx_word' id='word_1_636' title='bbox 2161 4566 2203 4619; x_wconf 82' lang='grc' dir='ltr'><strong>ι)</strong></span> <span class='ocrx_word' id='word_1_637' title='bbox 2233 4564 2503 4623; x_wconf 80' lang='lat' dir='ltr'><strong>servaret,</strong></span> <span class='ocrx_word' id='word_1_638' title='bbox 2542 4556 2599 4611; x_wconf 85' lang='lat' dir='ltr'><strong>iu‘</strong></span> <span class='ocrx_word' id='word_1_639' title='bbox 2636 4571 2765 4611; x_wconf 90' lang='lat' dir='ltr'><strong>eum</strong></span> <span class='ocrx_word' id='word_1_640' title='bbox 2794 4564 2971 4611; x_wconf 88' lang='lat' dir='ltr'><strong>totum</strong></span> <span class='ocrx_word' id='word_1_641' title='bbox 3012 4565 3315 4625; x_wconf 88' lang='lat' dir='ltr'><strong>penetrans</strong></span> <span class='ocrx_word' id='word_1_642' title='bbox 3346 4554 3443 4610; x_wconf 90' lang='lat' dir='ltr'><strong>cui</strong></span> <span class='ocrx_word' id='word_1_643' title='bbox 3472 4548 3798 4616; x_wconf 65' lang='lat' dir='ltr'><strong>unituseral.</strong></span> 
     </span>
    </p>
   </div>
   <div class='ocr_carea' id='block_1_84' title="bbox 537 4641 2125 4713">
    <p class='ocr_par' dir='ltr' id='par_1_84' title="bbox 537 4641 2125 4713">
     <span class='ocr_line' id='line_1_84' title="bbox 537 4641 2125 4713; baseline -0.002 -15"><span class='ocrx_word' id='word_1_644' title='bbox 537 4655 662 4699; x_wconf 84' lang='lat' dir='ltr'><strong>tura</strong></span> <span class='ocrx_word' id='word_1_645' title='bbox 693 4642 1094 4707; x_wconf 71' lang='lat' dir='ltr'><strong>differentium,</strong></span> <span class='ocrx_word' id='word_1_646' title='bbox 1140 4642 1404 4697; x_wconf 89' lang='lat' dir='ltr'><strong>omnibus</strong></span> <span class='ocrx_word' id='word_1_647' title='bbox 1454 4641 1731 4713; x_wconf 77' lang='lat' dir='ltr'><strong>theologis</strong></span> <span class='ocrx_word' id='word_1_648' title='bbox 1770 4651 1826 4697; x_wconf 88' lang='lat' dir='ltr'><strong>et</strong></span> <span class='ocrx_word' id='word_1_649' title='bbox 1859 4641 2125 4697; x_wconf 82' lang='lat' dir='ltr'><strong>Ecclesiae</strong></span> 
     </span>
    </p>
   </div>
   <div class='ocr_carea' id='block_1_85' title="bbox 535 4733 2125 4806">
    <p class='ocr_par' dir='ltr' id='par_1_85' title="bbox 535 4733 2125 4806">
     <span class='ocr_line' id='line_1_85' title="bbox 535 4733 2125 4806; baseline -0.003 -14"><span class='ocrx_word' id='word_1_650' title='bbox 535 4735 862 4793; x_wconf 87' lang='lat' dir='ltr'><strong>doctoribus</strong></span> <span class='ocrx_word' id='word_1_651' title='bbox 906 4734 1371 4806; x_wconf 88' lang='lat' dir='ltr'><strong>approbantibus,</strong></span> <span class='ocrx_word' id='word_1_652' title='bbox 1408 4734 1502 4805; x_wconf 87' lang='lat' dir='ltr'><strong>qui</strong></span> <span class='ocrx_word' id='word_1_653' title='bbox 1534 4734 1795 4789; x_wconf 89' lang='lat' dir='ltr'><strong>eumdem</strong></span> <span class='ocrx_word' id='word_1_654' title='bbox 1845 4733 2125 4788; x_wconf 79' lang='lat' dir='ltr'><strong>aﬂirmant</strong></span> 
     </span>
    </p>
   </div>
   <div class='ocr_carea' id='block_1_86' title="bbox 534 4825 2123 4907">
    <p class='ocr_par' dir='ltr' id='par_1_86' title="bbox 534 4825 2123 4907">
     <span class='ocr_line' id='line_1_86' title="bbox 534 4825 2123 4907; baseline -0.004 -23"><span class='ocrx_word' id='word_1_655' title='bbox 534 4844 660 4885; x_wconf 85' lang='lat' dir='ltr'><strong>csse</strong></span> <span class='ocrx_word' id='word_1_656' title='bbox 680 4828 855 4883; x_wconf 83' lang='lat' dir='ltr'><strong>Deum</strong></span> <span class='ocrx_word' id='word_1_657' title='bbox 885 4835 941 4883; x_wconf 90' lang='lat' dir='ltr'><strong>et</strong></span> <span class='ocrx_word' id='word_1_658' title='bbox 966 4826 1269 4907; x_wconf 64' lang='lat' dir='ltr'><strong>hominem.</strong></span> <span class='ocrx_word' id='word_1_659' title='bbox 1306 4826 1402 4882; x_wconf 71' lang='lat' dir='ltr'><strong>Ha:</strong></span> <span class='ocrx_word' id='word_1_660' title='bbox 1432 4825 1578 4880; x_wconf 91' lang='lat' dir='ltr'><strong>enim</strong></span> <span class='ocrx_word' id='word_1_661' title='bbox 1612 4835 1745 4880; x_wconf 89' lang='lat' dir='ltr'><strong>sunt</strong></span> <span class='ocrx_word' id='word_1_662' title='bbox 1776 4833 2015 4889; x_wconf 69' lang='lat' dir='ltr'><strong>naturae,</strong></span> <span class='ocrx_word' id='word_1_663' title='bbox 2049 4840 2123 4879; x_wconf 83' lang='lat' dir='ltr'><strong>ex</strong></span> 
     </span>
    </p>
   </div>
   <div class='ocr_carea' id='block_1_87' title="bbox 2222 4628 3797 4725">
    <p class='ocr_par' dir='ltr' id='par_1_87' title="bbox 2222 4628 3797 4725">
     <span class='ocr_line' id='line_1_87' title="bbox 2222 4628 3797 4725; baseline -0.006 -24"><span class='ocrx_word' id='word_1_664' title='bbox 2222 4646 2366 4702; x_wconf 91' lang='lat' dir='ltr'><strong>sicut</strong></span> <span class='ocrx_word' id='word_1_665' title='bbox 2387 4646 2575 4701; x_wconf 89' lang='lat' dir='ltr'><strong>anima</strong></span> <span class='ocrx_word' id='word_1_666' title='bbox 2597 4646 2783 4725; x_wconf 72' lang='lat' dir='ltr'><strong>magni</strong></span> <span class='ocrx_word' id='word_1_667' title='bbox 2817 4646 3095 4717; x_wconf 90' lang='lat' dir='ltr'><strong>corporis,</strong></span> <span class='ocrx_word' id='word_1_668' title='bbox 3125 4654 3312 4701; x_wconf 88' lang='lat' dir='ltr'><strong>totum</strong></span> <span class='ocrx_word' id='word_1_669' title='bbox 3341 4644 3621 4703; x_wconf 88' lang='lat' dir='ltr'><strong>animans,</strong></span> <span class='ocrx_word' id='word_1_670' title='bbox 3641 4628 3797 4692; x_wconf 70' lang='lat' dir='ltr'><strong>eHoii</strong></span> 
     </span>
    </p>
   </div>
   <div class='ocr_carea' id='block_1_88' title="bbox 2225 4724 3796 4809">
    <p class='ocr_par' dir='ltr' id='par_1_88' title="bbox 2225 4724 3796 4809">
     <span class='ocr_line' id='line_1_88' title="bbox 2225 4724 3796 4809; baseline -0.009 -14"><span class='ocrx_word' id='word_1_671' title='bbox 2225 4741 2398 4795; x_wconf 87' lang='lat' dir='ltr'><strong>vitam</strong></span> <span class='ocrx_word' id='word_1_672' title='bbox 2447 4728 2775 4809; x_wconf 79' lang='lat' dir='ltr'><strong>impartiens</strong></span> <span class='ocrx_word' id='word_1_673' title='bbox 2804 4724 3109 4795; x_wconf 83' lang='lat' dir='ltr'><strong>sensiliter.</strong></span> <span class='ocrx_word' id='word_1_674' title='bbox 3139 4738 3235 4794; x_wconf 89' lang='lat' dir='ltr'><strong>Sic</strong></span> <span class='ocrx_word' id='word_1_675' title='bbox 3266 4738 3482 4794; x_wconf 87' lang='lat' dir='ltr'><strong>dicitur</strong></span> <span class='ocrx_word' id='word_1_676' title='bbox 3509 4746 3680 4806; x_wconf 83' lang='lat' dir='ltr'><strong>genus</strong></span> <span class='ocrx_word' id='word_1_677' title='bbox 3706 4727 3796 4781; x_wconf 83' lang='lat' dir='ltr'><strong>bu-</strong></span> 
     </span>
    </p>
   </div>
   <div class='ocr_carea' id='block_1_89' title="bbox 2213 4830 3784 4904">
    <p class='ocr_par' dir='ltr' id='par_1_89' title="bbox 2213 4830 3784 4904">
     <span class='ocr_line' id='line_1_89' title="bbox 2213 4830 3784 4904; baseline 0.001 -17"><span class='ocrx_word' id='word_1_678' title='bbox 2213 4848 2451 4902; x_wconf 51' lang='lat' dir='ltr'><strong>.manum</strong></span> <span class='ocrx_word' id='word_1_679' title='bbox 2472 4833 2515 4864; x_wconf 77' lang='lat'>“</span> <span class='ocrx_word' id='word_1_680' title='bbox 2549 4849 2739 4904; x_wconf 81' lang='lat' dir='ltr'><strong>corpus</strong></span> <span class='ocrx_word' id='word_1_681' title='bbox 2765 4830 2985 4899; x_wconf 68' lang='lat' dir='ltr'><strong>Christi,</strong></span> <span class='ocrx_word' id='word_1_682' title='bbox 3018 4838 3069 4886; x_wconf 65' lang='grc' dir='ltr'><strong>ἐι</strong></span> <span class='ocrx_word' id='word_1_683' title='bbox 3100 4832 3340 4887; x_wconf 80' lang='lat' dir='ltr'><strong>membra</strong></span> <span class='ocrx_word' id='word_1_684' title='bbox 3366 4849 3434 4885; x_wconf 68' lang='lat' dir='ltr'><strong>ea</strong></span> <span class='ocrx_word' id='word_1_685' title='bbox 3459 4835 3613 4901; x_wconf 58' lang='lat' dir='ltr'><strong>parte</strong></span> <span class='ocrx_word' id='word_1_686' title='bbox 3625 4835 3670 4889; x_wconf 69' lang='grc'><strong>⁷,</strong></span> <span class='ocrx_word' id='word_1_687' title='bbox 3694 4830 3784 4874; x_wconf 65' lang='grc' dir='ltr'><strong>κω·</strong></span> 
     </span>
    </p>
   </div>
   <div class='ocr_carea' id='block_1_90' title="bbox 536 4914 3791 4995">
    <p class='ocr_par' dir='ltr' id='par_1_90' title="bbox 536 4914 3791 4995">
     <span class='ocr_line' id='line_1_90' title="bbox 536 4914 3791 4995; baseline -0.006 -16"><span class='ocrx_word' id='word_1_688' title='bbox 536 4923 747 4995; x_wconf 87' lang='lat' dir='ltr'><strong>quibus</strong></span> <span class='ocrx_word' id='word_1_689' title='bbox 764 4922 1114 4992; x_wconf 86' lang='lat' dir='ltr'><strong>compositus</strong></span> <span class='ocrx_word' id='word_1_690' title='bbox 1133 4929 1255 4976; x_wconf 90' lang='lat' dir='ltr'><strong>est:</strong></span> <span class='ocrx_word' id='word_1_691' title='bbox 1289 4928 1518 4976; x_wconf 89' lang='lat' dir='ltr'><strong>naturas</strong></span> <span class='ocrx_word' id='word_1_692' title='bbox 1546 4934 1681 4975; x_wconf 88' lang='lat' dir='ltr'><strong>vero</strong></span> <span class='ocrx_word' id='word_1_693' title='bbox 1714 4935 1864 4975; x_wconf 91' lang='lat' dir='ltr'><strong>nunc</strong></span> <span class='ocrx_word' id='word_1_694' title='bbox 1891 4918 2132 4977; x_wconf 88' lang='lat' dir='ltr'><strong>dicimus</strong></span> <span class='ocrx_word' id='word_1_695' title='bbox 2227 4939 2395 4993; x_wconf 87' lang='lat' dir='ltr'><strong>quam</strong></span> <span class='ocrx_word' id='word_1_696' title='bbox 2435 4936 2537 4993; x_wconf 83' lang='lat' dir='ltr'><strong>per</strong></span> <span class='ocrx_word' id='word_1_697' title='bbox 2580 4937 2776 4995; x_wconf 79' lang='lat' dir='ltr'><strong>omnes</strong></span> <span class='ocrx_word' id='word_1_698' title='bbox 2802 4922 3176 4978; x_wconf 84' lang='lat' dir='ltr'><strong>communiter</strong></span> <span class='ocrx_word' id='word_1_699' title='bbox 3201 4914 3574 4992; x_wconf 76' lang='lat' dir='ltr'><strong>permeantis,</strong></span> <span class='ocrx_word' id='word_1_700' title='bbox 3615 4922 3667 4968; x_wconf 89' lang='lat' dir='ltr'><strong>et</strong></span> <span class='ocrx_word' id='word_1_701' title='bbox 3690 4920 3791 4964; x_wconf 49' lang='lat' dir='ltr'><strong>tan:</strong></span> 
     </span>
    </p>
   </div>
   <div class='ocr_carea' id='block_1_91' title="bbox 536 5010 2130 5086">
    <p class='ocr_par' dir='ltr' id='par_1_91' title="bbox 536 5010 2130 5086">
     <span class='ocr_line' id='line_1_91' title="bbox 536 5010 2130 5086; baseline -0.004 -15"><span class='ocrx_word' id='word_1_702' title='bbox 536 5032 651 5071; x_wconf 89' lang='lat' dir='ltr'><strong>non</strong></span> <span class='ocrx_word' id='word_1_703' title='bbox 680 5015 977 5086; x_wconf 88' lang='lat' dir='ltr'><strong>principia,</strong></span> <span class='ocrx_word' id='word_1_704' title='bbox 1028 5022 1091 5069; x_wconf 90' lang='lat' dir='ltr'><strong>ut</strong></span> <span class='ocrx_word' id='word_1_705' title='bbox 1124 5013 1350 5083; x_wconf 89' lang='lat' dir='ltr'><strong>quidam</strong></span> <span class='ocrx_word' id='word_1_706' title='bbox 1380 5012 1594 5077; x_wconf 89' lang='lat' dir='ltr'><strong>dicunt,</strong></span> <span class='ocrx_word' id='word_1_707' title='bbox 1627 5011 1723 5081; x_wconf 92' lang='lat' dir='ltr'><strong>qui</strong></span> <span class='ocrx_word' id='word_1_708' title='bbox 1775 5010 2130 5081; x_wconf 87' lang='lat' dir='ltr'><strong>simpliciori-</strong></span> 
     </span>
    </p>
   </div>
   <div class='ocr_carea' id='block_1_92' title="bbox 538 5102 2128 5177">
    <p class='ocr_par' dir='ltr' id='par_1_92' title="bbox 538 5102 2128 5177">
     <span class='ocr_line' id='line_1_92' title="bbox 538 5102 2128 5177; baseline -0.002 -17"><span class='ocrx_word' id='word_1_709' title='bbox 538 5107 645 5162; x_wconf 85' lang='lat' dir='ltr'><strong>bus</strong></span> <span class='ocrx_word' id='word_1_710' title='bbox 680 5107 916 5163; x_wconf 86' lang='lat' dir='ltr'><strong>insidias</strong></span> <span class='ocrx_word' id='word_1_711' title='bbox 942 5114 1160 5177; x_wconf 89' lang='lat' dir='ltr'><strong>ponunt</strong></span> <span class='ocrx_word' id='word_1_712' title='bbox 1201 5105 1271 5162; x_wconf 89' lang='lat' dir='ltr'><strong>ad</strong></span> <span class='ocrx_word' id='word_1_713' title='bbox 1300 5103 1720 5175; x_wconf 89' lang='lat' dir='ltr'><strong>decipiendum,</strong></span> <span class='ocrx_word' id='word_1_714' title='bbox 1750 5102 2002 5157; x_wconf 85' lang='lat' dir='ltr'><strong>dicentes</strong></span> <span class='ocrx_word' id='word_1_715' title='bbox 2025 5115 2128 5157; x_wconf 81' lang='lat' dir='ltr'><strong>na-</strong></span> 
     </span>
    </p>
   </div>
   <div class='ocr_carea' id='block_1_93' title="bbox 536 5188 2128 5270">
    <p class='ocr_par' dir='ltr' id='par_1_93' title="bbox 536 5188 2128 5270">
     <span class='ocr_line' id='line_1_93' title="bbox 536 5188 2128 5270; baseline -0.001 -17"><span class='ocrx_word' id='word_1_716' title='bbox 536 5209 697 5254; x_wconf 85' lang='lat' dir='ltr'><strong>turas</strong></span> <span class='ocrx_word' id='word_1_717' title='bbox 724 5199 1015 5270; x_wconf 79' lang='lat' dir='ltr'><strong>exquibus</strong></span> <span class='ocrx_word' id='word_1_718' title='bbox 1044 5199 1190 5255; x_wconf 87' lang='lat' dir='ltr'><strong>facta</strong></span> <span class='ocrx_word' id='word_1_719' title='bbox 1219 5206 1303 5255; x_wconf 92' lang='lat' dir='ltr'><strong>est</strong></span> <span class='ocrx_word' id='word_1_720' title='bbox 1336 5198 1493 5265; x_wconf 91' lang='lat' dir='ltr'><strong>unio,</strong></span> <span class='ocrx_word' id='word_1_721' title='bbox 1516 5212 1639 5253; x_wconf 89' lang='lat' dir='ltr'><strong>esse</strong></span> <span class='ocrx_word' id='word_1_722' title='bbox 1672 5196 1845 5251; x_wconf 89' lang='lat' dir='ltr'><strong>Deum</strong></span> <span class='ocrx_word' id='word_1_723' title='bbox 1880 5188 2128 5260; x_wconf 83' lang='lat' dir='ltr'><strong>Patrem,</strong></span> 
     </span>
    </p>
   </div>
   <div class='ocr_carea' id='block_1_94' title="bbox 538 5286 2136 5362">
    <p class='ocr_par' dir='ltr' id='par_1_94' title="bbox 538 5286 2136 5362">
     <span class='ocr_line' id='line_1_94' title="bbox 538 5286 2136 5362; baseline 0.001 -19"><span class='ocrx_word' id='word_1_724' title='bbox 538 5300 599 5344; x_wconf 76' lang='lat' dir='ltr'><strong>et</strong></span> <span class='ocrx_word' id='word_1_725' title='bbox 615 5290 904 5362; x_wconf 72' lang='lat' dir='ltr'><strong>Virginem</strong></span> <span class='ocrx_word' id='word_1_726' title='bbox 928 5300 1186 5356; x_wconf 85' lang='lat' dir='ltr'><strong>matrem,</strong></span> <span class='ocrx_word' id='word_1_727' title='bbox 1216 5291 1310 5361; x_wconf 90' lang='lat' dir='ltr'><strong>qui</strong></span> <span class='ocrx_word' id='word_1_728' title='bbox 1336 5299 1482 5347; x_wconf 88' lang='lat' dir='ltr'><strong>tecte</strong></span> <span class='ocrx_word' id='word_1_729' title='bbox 1503 5298 1561 5346; x_wconf 92' lang='lat' dir='ltr'><strong>et</strong></span> <span class='ocrx_word' id='word_1_730' title='bbox 1590 5286 1907 5346; x_wconf 89' lang='lat' dir='ltr'><strong>inumbrate</strong></span> <span class='ocrx_word' id='word_1_731' title='bbox 1939 5288 2136 5345; x_wconf 89' lang='lat' dir='ltr'><strong>dicunt</strong></span> 
     </span>
    </p>
   </div>
   <div class='ocr_carea' id='block_1_95' title="bbox 541 5376 2138 5451">
    <p class='ocr_par' dir='ltr' id='par_1_95' title="bbox 541 5376 2138 5451">
     <span class='ocr_line' id='line_1_95' title="bbox 541 5376 2138 5451; baseline -0.001 -18"><span class='ocrx_word' id='word_1_732' title='bbox 541 5379 704 5446; x_wconf 82' lang='lat' dir='ltr'><strong>illud,</strong></span> <span class='ocrx_word' id='word_1_733' title='bbox 735 5395 800 5435; x_wconf 78' lang='lat' dir='ltr'><strong>ea:</strong></span> <span class='ocrx_word' id='word_1_734' title='bbox 831 5381 1042 5451; x_wconf 74' lang='lat' dir='ltr'><strong>quibus,</strong></span> <span class='ocrx_word' id='word_1_735' title='bbox 1083 5390 1149 5436; x_wconf 91' lang='lat' dir='ltr'><strong>ut</strong></span> <span class='ocrx_word' id='word_1_736' title='bbox 1182 5380 1321 5436; x_wconf 91' lang='lat' dir='ltr'><strong>nihil</strong></span> <span class='ocrx_word' id='word_1_737' title='bbox 1369 5379 1775 5450; x_wconf 82' lang='lat' dir='ltr'><strong>assumptionis</strong></span> <span class='ocrx_word' id='word_1_738' title='bbox 1824 5380 1882 5434; x_wconf 93' lang='lat' dir='ltr'><strong>in</strong></span> <span class='ocrx_word' id='word_1_739' title='bbox 1910 5376 2138 5433; x_wconf 91' lang='lat' dir='ltr'><strong>Christo</strong></span> 
     </span>
    </p>
   </div>
   <div class='ocr_carea' id='block_1_96' title="bbox 2233 4996 3785 5082">
    <p class='ocr_par' dir='ltr' id='par_1_96' title="bbox 2233 4996 3785 5082">
     <span class='ocr_line' id='line_1_96' title="bbox 2233 4996 3785 5082; baseline -0.008 -18"><span class='ocrx_word' id='word_1_740' title='bbox 2233 5026 2399 5081; x_wconf 87' lang='lat' dir='ltr'><strong>quam</strong></span> <span class='ocrx_word' id='word_1_741' title='bbox 2422 5011 2477 5067; x_wconf 90' lang='lat' dir='ltr'><strong>in</strong></span> <span class='ocrx_word' id='word_1_742' title='bbox 2502 5025 2839 5082; x_wconf 86' lang='lat' dir='ltr'><strong>unoquoque</strong></span> <span class='ocrx_word' id='word_1_743' title='bbox 2865 5009 3175 5066; x_wconf 87' lang='lat' dir='ltr'><strong>habitantis</strong></span> <span class='ocrx_word' id='word_1_744' title='bbox 3196 5008 3494 5080; x_wconf 83' lang='lat' dir='ltr'><strong>separatim</strong></span> <span class='ocrx_word' id='word_1_745' title='bbox 3515 4996 3785 5060; x_wconf 82' lang='lat' dir='ltr'><strong>secundum</strong></span> 
     </span>
    </p>
   </div>
   <div class='ocr_carea' id='block_1_97' title="bbox 2236 5082 3788 5177">
    <p class='ocr_par' dir='ltr' id='par_1_97' title="bbox 2236 5082 3788 5177">
     <span class='ocr_line' id='line_1_97' title="bbox 2236 5082 3788 5177; baseline -0.009 -20"><span class='ocrx_word' id='word_1_746' title='bbox 2236 5117 2557 5177; x_wconf 88' lang='lat' dir='ltr'><strong>mensuram</strong></span> <span class='ocrx_word' id='word_1_747' title='bbox 2593 5100 2746 5157; x_wconf 79' lang='lat' dir='ltr'><strong>fidei.</strong></span> <span class='ocrx_word' id='word_1_748' title='bbox 2786 5100 3036 5157; x_wconf 82' lang='lat' dir='ltr'><strong>Membra</strong></span> <span class='ocrx_word' id='word_1_749' title='bbox 3074 5101 3226 5155; x_wconf 84' lang='lat' dir='ltr'><strong>enim</strong></span> <span class='ocrx_word' id='word_1_750' title='bbox 3250 5097 3536 5171; x_wconf 86' lang='lat' dir='ltr'><strong>proprium</strong></span> <span class='ocrx_word' id='word_1_751' title='bbox 3558 5086 3699 5161; x_wconf 81' lang='lat' dir='ltr'><strong>quid</strong></span> <span class='ocrx_word' id='word_1_752' title='bbox 3724 5082 3788 5161; x_wconf 62' lang='lat' dir='ltr'><strong>si-</strong></span> 
     </span>
    </p>
   </div>
   <div class='ocr_carea' id='block_1_98' title="bbox 2238 5177 3783 5267">
    <p class='ocr_par' dir='ltr' id='par_1_98' title="bbox 2238 5177 3783 5267">
     <span class='ocr_line' id='line_1_98' title="bbox 2238 5177 3783 5267; baseline -0.013 -18"><span class='ocrx_word' id='word_1_753' title='bbox 2238 5194 2527 5267; x_wconf 75' lang='lat' dir='ltr'><strong>gniﬁcant,</strong></span> <span class='ocrx_word' id='word_1_754' title='bbox 2551 5200 2830 5264; x_wconf 87' lang='lat' dir='ltr'><strong>quatenus</strong></span> <span class='ocrx_word' id='word_1_755' title='bbox 2860 5180 3545 5262; x_wconf 79' lang='lat' dir='ltr'><strong>membrorumdignitates</strong></span> <span class='ocrx_word' id='word_1_756' title='bbox 3562 5177 3783 5236; x_wconf 78' lang='lat' dir='ltr'><strong>dilicren-</strong></span> 
     </span>
    </p>
   </div>
   <div class='ocr_carea' id='block_1_99' title="bbox 2242 5266 3782 5353">
    <p class='ocr_par' dir='ltr' id='par_1_99' title="bbox 2242 5266 3782 5353">
     <span class='ocr_line' id='line_1_99' title="bbox 2242 5266 3782 5353; baseline -0.005 -13"><span class='ocrx_word' id='word_1_757' title='bbox 2242 5266 2329 5341; x_wconf 87' lang='lat' dir='ltr'><strong>tes</strong></span> <span class='ocrx_word' id='word_1_758' title='bbox 2382 5291 2516 5339; x_wconf 86' lang='lat' dir='ltr'><strong>sunt</strong></span> <span class='ocrx_word' id='word_1_759' title='bbox 2535 5301 2557 5343; x_wconf 86' lang='lat'><strong>:.</strong></span> <span class='ocrx_word' id='word_1_760' title='bbox 2596 5266 2798 5339; x_wconf 81' lang='lat' dir='ltr'><strong>borum</strong></span> <span class='ocrx_word' id='word_1_761' title='bbox 2848 5283 2999 5339; x_wconf 91' lang='lat' dir='ltr'><strong>enim</strong></span> <span class='ocrx_word' id='word_1_762' title='bbox 3032 5282 3140 5339; x_wconf 90' lang='lat' dir='ltr'><strong>alia</strong></span> <span class='ocrx_word' id='word_1_763' title='bbox 3191 5291 3327 5353; x_wconf 81' lang='lat' dir='ltr'><strong>sunt</strong></span> <span class='ocrx_word' id='word_1_764' title='bbox 3369 5281 3661 5335; x_wconf 81' lang='lat' dir='ltr'><strong>honorata;</strong></span> <span class='ocrx_word' id='word_1_765' title='bbox 3698 5270 3782 5317; x_wconf 63' lang='lat'><strong>3&quot;“</strong></span> 
     </span>
    </p>
   </div>
   <div class='ocr_carea' id='block_1_100' title="bbox 2246 5361 3777 5443">
    <p class='ocr_par' dir='ltr' id='par_1_100' title="bbox 2246 5361 3777 5443">
     <span class='ocr_line' id='line_1_100' title="bbox 2246 5361 3777 5443; baseline -0.016 -10"><span class='ocrx_word' id='word_1_766' title='bbox 2246 5376 2488 5441; x_wconf 77' lang='lat' dir='ltr'><strong>infirma,</strong></span> <span class='ocrx_word' id='word_1_767' title='bbox 2506 5376 2612 5431; x_wconf 86' lang='lat' dir='ltr'><strong>alia</strong></span> <span class='ocrx_word' id='word_1_768' title='bbox 2636 5391 2771 5432; x_wconf 90' lang='lat' dir='ltr'><strong>vero</strong></span> <span class='ocrx_word' id='word_1_769' title='bbox 2797 5376 3064 5443; x_wconf 78' lang='lat' dir='ltr'><strong>honesta;</strong></span> <span class='ocrx_word' id='word_1_770' title='bbox 3087 5376 3213 5432; x_wconf 88' lang='lat' dir='ltr'><strong>aliis</strong></span> <span class='ocrx_word' id='word_1_771' title='bbox 3239 5383 3422 5431; x_wconf 71' lang='lat' dir='ltr'><strong>autem</strong></span> <span class='ocrx_word' id='word_1_772' title='bbox 3444 5367 3607 5440; x_wconf 76' lang='lat' dir='ltr'><strong>major</strong></span> <span class='ocrx_word' id='word_1_773' title='bbox 3631 5361 3777 5414; x_wconf 84' lang='lat' dir='ltr'><strong>honor</strong></span> 
     </span>
    </p>
   </div>
   <div class='ocr_carea' id='block_1_101' title="bbox 619 5494 2337 5586">
    <p class='ocr_par' dir='ltr' id='par_1_101' title="bbox 619 5494 2337 5586">
     <span class='ocr_line' id='line_1_101' title="bbox 619 5494 2337 5586; baseline -0.003 -13"><span class='ocrx_word' id='word_1_774' title='bbox 619 5517 701 5573; x_wconf 81' lang='lat' dir='ltr'><strong>“I</strong></span> <span class='ocrx_word' id='word_1_775' title='bbox 730 5517 859 5574; x_wconf 91' lang='lat' dir='ltr'><strong>Cor.</strong></span> <span class='ocrx_word' id='word_1_776' title='bbox 884 5535 922 5583; x_wconf 78' lang='grc' dir='ltr'><strong>ι,</strong></span> <span class='ocrx_word' id='word_1_777' title='bbox 956 5519 1046 5574; x_wconf 64' lang='grc'><strong>24.</strong></span> <span class='ocrx_word' id='word_1_778' title='bbox 1126 5520 1168 5551; x_wconf 80' lang='grc'><strong>⁸⁷</strong></span> <span class='ocrx_word' id='word_1_779' title='bbox 1197 5519 1216 5573; x_wconf 91' lang='lat' dir='ltr'><strong>I</strong></span> <span class='ocrx_word' id='word_1_780' title='bbox 1250 5518 1381 5573; x_wconf 81' lang='lat' dir='ltr'><strong>Cor.</strong></span> <span class='ocrx_word' id='word_1_781' title='bbox 1416 5494 1623 5586; x_wconf 46' lang='lat'><strong>“[20,</strong></span> <span class='ocrx_word' id='word_1_782' title='bbox 1658 5517 1749 5572; x_wconf 70' lang='grc'><strong>25.</strong></span> <span class='ocrx_word' id='word_1_783' title='bbox 1829 5517 1872 5549; x_wconf 71' lang='grc'><strong>³⁸</strong></span> <span class='ocrx_word' id='word_1_784' title='bbox 1905 5516 1924 5570; x_wconf 85' lang='grc' dir='ltr'><strong>Ι</strong></span> <span class='ocrx_word' id='word_1_785' title='bbox 1955 5515 2085 5571; x_wconf 88' lang='lat' dir='ltr'><strong>Cor.</strong></span> <span class='ocrx_word' id='word_1_786' title='bbox 2119 5531 2214 5580; x_wconf 79' lang='lat' dir='ltr'><strong>xu,</strong></span> <span class='ocrx_word' id='word_1_787' title='bbox 2250 5514 2337 5568; x_wconf 71' lang='lat'><strong>27.</strong></span> 
     </span>
    </p>
   </div>
   <div class='ocr_carea' id='block_1_102' title="bbox 1634 5640 2518 5713">
    <p class='ocr_par' dir='ltr' id='par_1_102' title="bbox 1634 5640 2518 5713">
     <span class='ocr_line' id='line_1_102' title="bbox 1634 5640 2518 5713; baseline -0.005 1"><span class='ocrx_word' id='word_1_788' title='bbox 1634 5640 1638 5645; x_wconf 83' lang='grc'><em>’</em></span> <span class='ocrx_word' id='word_1_789' title='bbox 1838 5654 2074 5713; x_wconf 65' lang='lat' dir='ltr'><strong>unus</strong></span> <span class='ocrx_word' id='word_1_790' title='bbox 2112 5652 2518 5711; x_wconf 64' lang='lat' dir='ltr'><strong>LECTIONES.</strong></span> 
     </span>
    </p>
   </div>
   <div class='ocr_carea' id='block_1_103' title="bbox 623 5772 2141 5852">
    <p class='ocr_par' dir='ltr' id='par_1_103' title="bbox 623 5772 2141 5852">
     <span class='ocr_line' id='line_1_103' title="bbox 623 5772 2141 5852; baseline -0.001 -18"><span class='ocrx_word' id='word_1_791' title='bbox 623 5772 925 5852; x_wconf 17' lang='lat' dir='ltr'><strong>“isiuiplex</strong></span> <span class='ocrx_word' id='word_1_792' title='bbox 951 5787 1059 5852; x_wconf 78' lang='lat' dir='ltr'><strong>etc.</strong></span> <span class='ocrx_word' id='word_1_793' title='bbox 1096 5779 1378 5852; x_wconf 72' lang='grc' dir='ltr'><strong>ἁποίκι).ον</strong></span> <span class='ocrx_word' id='word_1_794' title='bbox 1407 5783 1506 5852; x_wconf 79' lang='grc' dir='ltr'><strong>τῆς</strong></span> <span class='ocrx_word' id='word_1_795' title='bbox 1536 5781 1822 5845; x_wconf 70' lang='grc' dir='ltr'>εὐσεϐείας</span> <span class='ocrx_word' id='word_1_796' title='bbox 1856 5781 2141 5851; x_wconf 73' lang='grc' dir='ltr'><strong>κήρυγμα,</strong></span> 
     </span>
    </p>
   </div>
   <div class='ocr_carea' id='block_1_104' title="bbox 552 5847 1455 5920">
    <p class='ocr_par' dir='ltr' id='par_1_104' title="bbox 552 5847 1455 5920">
     <span class='ocr_line' id='line_1_104' title="bbox 552 5847 1455 5920; baseline 0.007 -20"><span class='ocrx_word' id='word_1_797' title='bbox 552 5847 619 5901; x_wconf 73' lang='lat' dir='ltr'><strong>At</strong></span> <span class='ocrx_word' id='word_1_798' title='bbox 658 5847 812 5920; x_wconf 71' lang='lat' dir='ltr'><strong>Vulg.</strong></span> <span class='ocrx_word' id='word_1_799' title='bbox 854 5849 1088 5905; x_wconf 69' lang='lat' dir='ltr'><strong>membra</strong></span> <span class='ocrx_word' id='word_1_800' title='bbox 1120 5850 1183 5906; x_wconf 69' lang='lat' dir='ltr'><strong>de</strong></span> <span class='ocrx_word' id='word_1_801' title='bbox 1208 5852 1455 5907; x_wconf 76' lang='lat' dir='ltr'><strong>membro.</strong></span> 
     </span>
    </p>
   </div>
   <div class='ocr_carea' id='block_1_105' title="bbox 2219 5750 3762 5849">
    <p class='ocr_par' dir='ltr' id='par_1_105' title="bbox 2219 5750 3762 5849">
     <span class='ocr_line' id='line_1_105' title="bbox 2219 5750 3762 5849; baseline -0.008 -16"><span class='ocrx_word' id='word_1_802' title='bbox 2219 5787 2245 5816; x_wconf 75' lang='grc' dir='ltr'><strong>ν</strong></span> <span class='ocrx_word' id='word_1_803' title='bbox 2271 5776 2517 5833; x_wconf 76' lang='lat' dir='ltr'><strong>Membra</strong></span> <span class='ocrx_word' id='word_1_804' title='bbox 2547 5790 2614 5832; x_wconf 74' lang='lat' dir='ltr'><strong>ea:</strong></span> <span class='ocrx_word' id='word_1_805' title='bbox 2639 5786 2814 5849; x_wconf 84' lang='lat' dir='ltr'><strong>parte.</strong></span> <span class='ocrx_word' id='word_1_806' title='bbox 2847 5777 3009 5833; x_wconf 74' lang='lat' dir='ltr'><strong>Juxta</strong></span> <span class='ocrx_word' id='word_1_807' title='bbox 3036 5775 3308 5840; x_wconf 70' lang='lat' dir='ltr'><strong>Graecum,</strong></span> <span class='ocrx_word' id='word_1_808' title='bbox 3337 5767 3466 5844; x_wconf 80' lang='grc' dir='ltr'><strong>μέλη</strong></span> <span class='ocrx_word' id='word_1_809' title='bbox 3497 5764 3555 5815; x_wconf 77' lang='grc' dir='ltr'><strong>ἐκ</strong></span> <span class='ocrx_word' id='word_1_810' title='bbox 3582 5750 3762 5826; x_wconf 60' lang='grc' dir='ltr'><strong>μέρουῶ</strong></span> 
     </span>
    </p>
   </div>
   <div class='ocr_carea' id='block_1_106' title="bbox 2466 5986 2493 6003">
    <p class='ocr_par' dir='ltr' id='par_1_106' title="bbox 2466 5986 2493 6003">
     <span class='ocr_line' id='line_1_106' title="bbox 2466 5986 2493 6003; baseline 0 0"><span class='ocrx_word' id='word_1_811' title='bbox 2466 5986 2493 6003; x_wconf 54' lang='grc' dir='ltr'>ς</span> 
     </span>
    </p>
   </div>
  </div>
