4098 6504
454 391 590 457 13H

1409 399 1692 463 ORATIO
1732 400 1849 464 IlI.
1886 428 1957 438 ·-
1990 402 2090 463 DE
2131 402 2729 476 INCARNATIONE.

3578 411 3715 478 l3l2

444 504 752 561 adhibetur
786 524 799 559 :
834 512 1001 577 atque
1028 507 1145 565 haec
1169 522 1281 564 non
1318 509 1389 567 de
1408 512 1808 571 communitate
1837 529 2033 584 corpo—
2060 515 2106 569 Α
2139 514 2401 583 ticulare;
2436 526 2493 575 et
2521 517 2567 572 si
2588 525 2740 572 retro
2760 523 3052 584 commeat,
3076 517 3132 573 id
3155 525 3261 585 est,
3289 517 3437 589 quod
3468 522 3715 590 particu~

446 601 532 656 ris
563 599 950 671 praedicantur.
987 599 1166 667 Quare
1193 602 1641 673 cumApostolus
1661 604 2026 677 dixitcorpus,

441 703 507 748 et
533 691 767 749 membra
792 693 1119 763 nominavit,
1135 692 1325 761 docuit
1340 694 1566 771 differre
1585 711 1758 766 genus
1783 712 1815 752 a
1832 704 2026 763 parte:

440 793 508 840 ct
556 799 682 839 cum
734 799 848 843 non
893 800 1070 856 genus
1118 784 1325 843 Christi
1367 787 1621 853 vocavit,
1678 787 2025 858 signiﬁcavit,

442 875 838 931 communitati
884 876 1210 947 substantias
1257 885 1462 934 nostra:
1489 879 1705 935 unitum
1736 895 1888 944 esse,
1915 897 2028 936 non

443 968 639 1023 autem
700 968 1023 1038 particulari
1077 970 1391 1042 bypostasi;
1455 972 1663 1041 alioqui
1717 972 2028 1029 membrum

446 1064 592 1132 ejus,
617 1075 730 1116 non
772 1062 1042 1130 membra,
1082 1079 1263 1134 neque
1301 1080 1508 1135 corpus
1530 1080 1653 1120 esse
1689 1065 2025 1121 diceremur.

524 1155 640 1211 XII.
675 1156 974 1226 Postquam
1006 1173 1140 1213 vero
1184 1159 1357 1217 semel
1394 1158 1572 1216 voluit
1605 1159 1851 1216 Verbum
1907 1159 2025 1216 ﬁeri

446 1245 641 1311 homo,
665 1255 723 1303 et
741 1261 845 1303 nos
869 1253 1017 1303 totos
1034 1248 1421 1309 indumentum
1451 1264 1613 1309 suum
1644 1248 1862 1315 facere;
1900 1265 2026 1305 cum

449 1347 755 1408 utrumque
778 1337 871 1401 sit.
911 1339 1149 1418 alterum
1180 1340 1385 1397 dicitur
1405 1358 1422 1408 ;
1442 1351 1505 1418 et
1530 1356 1657 1398 cum
1678 1341 1916 1396 alterum
1938 1340 2028 1395 di-

444 1430 618 1495 citur,
641 1440 939 1502 utrumque
977 1440 1085 1499 est,
1113 1412 1225 1489 non
1253 1412 1575 1491 nominibus
1610 1442 1981 1491 commutatus
2009 1451 2023 1488 :

445 1537 555 1581 nec
598 1524 748 1578 enim
778 1524 897 1580 haec
931 1541 1031 1595 per
1057 1526 1386 1587 abusionem
1435 1526 1735 1593 dicuntur;
1778 1526 1877 1593 sed
1897 1542 2025 1582 cum

447 1624 750 1685 utrumque
776 1617 869 1682 sit,
892 1618 1209 1675 nominatur
1226 1620 1561 1690 separatim:
1596 1636 1722 1675 eum
1749 1622 1899 1679 enim
1924 1636 2026 1676 no-

444 1707 726 1769 minamus
740 1709 936 1775 Deum,
959 1727 1070 1767 non
1096 1714 1338 1783 aliquem
1358 1715 1561 1780 Deum;
1587 1715 1842 1771 eumdem
1858 1715 2026 1770 etiam

446 1800 804 1878 nominamus
837 1802 1116 1859 hominem
1140 1844 1154 1869 ,
1184 1821 1293 1863 non
1327 1806 1571 1875 aliquem
1599 1806 1900 1861 hominem.
1929 1806 2029 1864 Est

449 1899 640 1946 autem
670 1891 814 1948 Deus
838 1893 1004 1963 simul
1032 1904 1089 1949 et
1117 1895 1282 1950 homo
1316 1910 1413 1966 per
1435 1896 1661 1950 nomina
1683 1896 2027 1967 generaliora

450 1980 792 2049 declaratus,
825 2000 893 2040 ex
914 1986 1119 2052 quibus
1141 1984 1358 2042 conStat
1378 2004 1395 2052 ;‘
1422 1974 1636 2044 scilicet
1671 2003 1783 2043 non
1801 2004 1866 2044 ex
1900 2004 2026 2058 par-

452 2071 782 2128 ticularibus
807 2074 1199 2145 hyposlasibus
1229 2085 1464 2155 constat,
1516 2077 1614 2132 sed
1650 2093 1717 2133 ex
1745 2078 2024 2149 generali-

452 2161 561 2221 bus
620 2165 967 2237 substantiis.
1029 2167 1302 2224 Existimo
1379 2169 1526 2223 enim
1581 2184 1763 2239 neque
1809 2178 2022 2239 partem

446 2256 773 2316 Substantiae
795 2274 918 2315 esse
949 2260 1139 2328 :aiunt
1166 2261 1312 2317 enim
1337 2259 1431 2331 qui
1466 2261 1519 2315 in
1543 2259 1629 2317 his
1653 2275 1711 2318 se
1740 2267 2023 2329 exercent,

448 2355 639 2416 partes
682 2348 1123 2405 substantiarum
1156 2351 1500 2409 substantias
1544 2366 1684 2406 esse.
1720 2353 1804 2405 An
1853 2352 2023 2423 igitur

450 2453 583 2508 pars
604 2438 927 2497 substantiae
946 2441 1278 2512 reperietur,
1307 2458 1431 2512 quae
1458 2441 1729 2500 rationem
1764 2443 2025 2499 substan-

452 2518 545 2591 tias
579 2546 690 2586 non
732 2531 953 2601 recipit,
1004 2541 1066 2586 ut
1103 2534 1465 2589 substantiam
1497 2534 1886 2604 particularem
1921 2550 2026 2590 no-

449 2620 765 2679 minemus?
794 2612 892 2679 Sin
931 2634 1114 2681 autem
1146 2641 1312 2695 quam
1360 2632 1561 2683 vocant
1594 2636 1808 2697 partem
1853 2635 2024 2683 totam

446 2706 717 2771 rationem
764 2716 997 2786 recipit,
1042 2726 1218 2773 totum
1242 2719 1371 2783 erit,
1402 2734 1512 2773 non
1532 2735 1661 2789 pars
1700 2737 1714 2774 :
1740 2735 1845 2775 nec
1873 2720 2023 2774 enim

442 2803 609 2869 sicut
630 2804 687 2863 in
719 2809 967 2863 sectione
1001 2810 1198 2864 circuli
1228 2810 1286 2864 in
1319 2810 1461 2866 duos
1495 2798 1899 2883 semicirculos,
1929 2820 2026 2865 aut

443 2895 505 2950 in
547 2897 788 2968 reliquas
818 2908 1032 2969 partes;
1064 2918 1243 2973 neque
1260 2904 1405 2961 sicut
1438 2905 1495 2963 in
1515 2906 1763 2983 sectione
1796 2907 2027 2975 sphaera;

443 2985 506 3045 in
541 2999 779 3058 quatuor
804 3001 1009 3062 partes,
1051 3006 1148 3051 aut
1192 2997 1249 3051 in
1275 2997 1695 3068 hemispharia,
1726 3001 1807 3060 sic
1850 2999 2031 3059 sectio

444 3081 772 3147 substantia!
819 3084 1052 3157 intelligi
1083 3096 1284 3156 potest.
1313 3088 1457 3156 Quid
1502 3091 1653 3145 enim
1699 3091 1866 3146 faciet
1888 3091 2025 3145 sub-

2129 608 2244 664 lare
2272 620 2381 671 est.
2409 620 2494 666 est
2515 624 2831 666 commune.
3224 634 3227 637 -
3633 661 3637 666 .

2200 699 2338 755 XIV.
2363 701 2614 772 Denique
2638 716 2750 772 quo
2783 700 2957 771 magis
2982 701 3055 755 sit
3088 700 3195 757 hoc
3226 702 3558 771 absurdum,
3586 709 3713 778 quis

2129 798 2241 851 tam
2273 790 2505 848 demens
2527 802 2634 859 est,
2673 801 2735 849 ut
2758 809 2881 849 esse
2908 800 2966 847 et
3004 793 3188 849 taliter
3217 784 3360 860 esSe,
3394 797 3710 867 cuiusmodi

2129 893 2259 939 sunt
2282 885 2657 959 substantiam
2679 901 2802 942 esse
2831 894 2888 941 et
2929 886 3267 956 hypostasim
3299 903 3444 954 esse,
3474 891 3710 945 alterum

2128 992 2234 1046 pro
2260 977 2443 1033 altero
2469 978 2731 1035 vicissim‘
2750 977 3026 1047 accipiat?
3066 993 3179 1032 non
3224 980 3371 1033 enim
3402 980 3714 1037 substantia

2128 1075 2214 1121 est
2238 1066 2593 1136 particularis
2623 1074 2845 1121 natura.
2873 1067 3011 1121 Cum
3043 1065 3212 1137 igitur
3246 1076 3569 1129 naturarum
3595 1071 3712 1126 sive

2129 1158 2567 1219 subStantiarum
2598 1159 2861 1214 unionem
2889 1158 3150 1223 dicimus,
3192 1159 3339 1228 ipsas
3363 1160 3707 1216 substantias

2129 1253 2186 1306 in
2209 1252 2424 1325 unione
2453 1250 2916 1320 contemplamur,
2950 1265 3063 1304 non
3093 1250 3175 1304 sic
3197 1249 3341 1305 facta
3368 1252 3598 1317 unione,
3653 1261 3714 1308 ut

2128 1353 2328 1398 natura
2360 1343 2419 1397 in
2468 1352 2724 1408 naturam
2751 1351 3013 1407 transeat,
3059 1349 3159 1396 aut
3190 1341 3285 1413 liat
3333 1338 3713 1423 confusio‘vel

2130 1436 2352 1503 mistio;
2400 1435 2499 1490 sed
2538 1435 2811 1490 naturalis
2843 1434 3144 1504 copulatio.
3188 1434 3300 1489 Has
3328 1450 3461 1490 vero
3486 1444 3713 1492 naturas

2128 1528 2244 1583 sive
2267 1527 2626 1590 substantias,
2662 1524 2940 1580 sententia
2967 1532 3156 1579 nostra
3196 1533 3281 1579 est
3307 1540 3429 1579 esse
3459 1525 3605 1579 inter
3653 1539 3713 1580 se

2130 1618 2532 1689 inseparabiles
2561 1634 2575 1670 :
2602 1633 2712 1681 non
2755 1617 2909 1671 enim
2943 1615 3252 1671 secundum
3303 1616 3711 1683 habitudinem,

2127 1720 2225 1769 aut
2256 1709 2686 1780 appositionem,
2721 1716 2818 1771 aut
2849 1708 3319 1778 prosopOpoeiam,
3350 1717 3449 1765 aut
3471 1708 3713 1778 dignita-

2132 1812 2263 1868 tem,
2297 1810 2394 1857 aut
2413 1801 2583 1865 alium
2611 1800 2837 1856 modum
2867 1800 2938 1854 ab
2963 1800 3033 1855 iis
3056 1799 3432 1870 excogitatum
3459 1801 3555 1871 qui
3574 1801 3713 1856 duas

2127 1910 2393 1966 personas
2435 1893 2666 1961 dicunt,
2702 1892 2940 1948 dicimus
2972 1891 3176 1949 factam
3209 1908 3332 1948 esse
3370 1892 3711 1948 incarnatio-

2127 2003 2251 2051 nem
2281 1986 2590 2047 Salvatoris
2618 1985 2831 2052 nostri;
2852 1988 2947 2041 sed
2972 1984 3239 2040 unionem
3269 1985 3518 2054 ipsarum
3549 1992 3713 2041 natu-

2128 2096 2313 2137 rarum
2336 2078 2643 2135 secundum
2674 2077 3016 2148 hypostasim
3042 2076 3506 2146 contemplantes,
3537 2090 3709 2130 unum

2125 2178 2182 2227 et
2220 2171 2476 2231 eumdem
2506 2158 2790 2233 Christum
2821 2170 3141 2235 adoramus,
3175 2168 3271 2238 qui
3301 2176 3423 2223 erat
3450 2179 3577 2223 ante
3620 2166 3708 2221 in-

2125 2261 2501 2318 carnationem
2534 2261 2703 2325 Deus,
2730 2270 2787 2319 et
2807 2262 3008 2317 mansit
3033 2262 3181 2316 Deus
3211 2268 3335 2330 post
3366 2259 3711 2314 incarnatio-

2124 2373 2280 2422 nem;
2319 2357 2419 2426 qui
2449 2355 2557 2410 luit
2579 2355 2767 2411 unitus
2784 2355 3017 2410 diversa:
3034 2347 3378 2419 s‘ubstantite,
3408 2360 3470 2407 ut
3494 2353 3707 2409 salvum

2124 2445 2331 2502 faceret
2364 2440 2515 2515 quod
2561 2453 2686 2500 erat
2735 2444 2842 2501 sibi
2887 2444 3365 2501 consubstantiale
3403 2462 3418 2500 :
3463 2444 3707 2499 consub-

2125 2539 2399 2594 stantialis
2425 2540 2576 2594 enim
2609 2538 2786 2594 factus
2813 2545 2900 2593 est
2928 2538 3145 2593 diversa
3177 2536 3485 2591 substantia
3512 2534 3709 2606 praedi-

2127 2629 2229 2695 tis;
2260 2640 2316 2684 et
2345 2629 2413 2682 ad
2442 2628 2769 2698 capiendam
2800 2628 3216 2698 generationem
3249 2627 3548 2681 humanam
3576 2642 3709 2697 pro-

2125 2720 2313 2785 cessit,
2345 2719 2441 2790 qui
2488 2729 2609 2774 erat
2632 2720 2844 2789 alioqui
2873 2728 3000 2775 ante
3034 2720 3233 2776 saecula
3260 2735 3330 2776 ex
3364 2720 3527 2775 Patre
3555 2721 3708 2775 nullo

2124 2810 2311 2869 medio
2333 2810 2626 2880 interiecto
2655 2810 2900 2881 genitus.

2195 2900 2311 2957 XV.
2366 2900 2525 2956 Unde
2583 2900 2721 2960 duas
2775 2901 3167 2971 generationes
3207 2914 3329 2959 esse
3373 2900 3707 2956 credimus:

2125 2991 2386 3048 eumdem
2413 2991 2568 3059 enim
2595 3006 2696 3063 per
2722 2990 2862 3045 duas
2897 2999 3127 3045 naturas
3155 2991 3393 3045 exivisse
3418 3005 3529 3045 non
3557 2992 3712 3046 simi-

2126 3085 2273 3148 liter.
2315 3084 2414 3141 sed
2448 3082 2798 3139 dissimiliter
2829 3082 3154 3148 didicimus;
3196 3082 3358 3137 aliter
3380 3097 3623 3153 namque
3644 3097 3710 3137 ex

443 3175 650 3235 stantia
680 3177 865 3235 secta?
899 3177 1130 3243 fortasse
1153 3190 1338 3252 partes
1364 3182 1688 3243 substantiae
1707 3200 1720 3237 :
1736 3190 1790 3237 at
1812 3181 2098 3253 dictum‘c
2130 3182 2295 3245 Patre
2319 3181 2541 3252 genitus
2563 3187 2670 3245 est,
2688 3186 2745 3234 et
2768 3178 2932 3234 aliter
2960 3194 3026 3233 ex
3050 3187 3249 3234 matre.
3267 3179 3538 3236 Caeterum
3563 3179 3712 3234 idem

439 3279 534 3326 est
565 3278 753 3340 partes
777 3259 1102 3331 substantiae
1141 3275 1480 3331 substantias
1501 3291 1652 3341 esse;
1681 3277 1850 3345 igitur
1876 3276 2023 3332 indi-

441 3363 619 3419 vidua
633 3375 741 3428 est,
771 3365 1124 3435 imp'artibilis
1151 3366 1479 3429 substantia-
1507 3385 1521 3421 :
1555 3367 1701 3422 sicut
1729 3367 1879 3422 enim
1913 3382 2024 3421 non

445 3461 634 3522 potest
692 3455 870 3511 secari
905 3456 1122 3526 sphaera
1155 3464 1252 3511 aut
1300 3456 1655 3522 circulus,-et
1688 3457 1869 3513 facere
1905 3475 2027 3513 rur-

442 3546 815 3629 sussphael‘as
841 3549 927 3602 vel
954 3549 1224 3615 circulos;
1259 3548 1340 3604 sic
1365 3564 1476 3603 non
1503 3549 1871 3618 potestdivisa
1890 3550 2024 3605 sub-

442 3639 650 3693 stantia
674 3638 857 3695 facere
874 3641 1239 3709 particulares
1264 3641 1605 3701 substantias
1635 3656 1735 3711 per
1755 3658 1812 3696 se
1830 3658 1950 3697 esse
1975 3656 2022 3696 ι.

522 3729 663 3785 Xlll.
708 3730 788 3786 Ne
833 3731 1001 3801 igitur
1024 3734 1151 3802 quis
1206 3732 1414 3788 frustra
1463 3733 1714 3798 laboret,
1748 3742 1812 3787 ut
1869 3734 2027 3789 vanis

446 3820 763 3877 rationibus
777 3819 1118 3879 demonstret
1136 3824 1283 3894 quod
1299 3823 1667 3887 demonstrari
1694 3840 1805 3879 non
1824 3834 2025 3894 potest,

444 3928 575 3967 esse
609 3913 823 3969 scilicet
857 3913 1118 3968 unionem
1146 3912 1556 3980 incarnationis
1608 3914 1771 3968 Verbi
1826 3914 2027 3969 factam

447 4002 509 4056 in
542 4002 757 4056 naturis
787 4002 1236 4072 particularibus,
1267 4010 1323 4058 et
1343 4018 1454 4057 non
1492 4004 1887 4074 generalibus;
1913 4019 2024 4073 quo

444 4093 676 4164 quidem
709 4093 881 4175 miror
909 4092 1188 4163 quomodo
1238 4109 1350 4156 non
1377 4108 1474 4148 eos
1522 4094 1730 4164 pudet,
1765 4093 1863 4163 qui
1920 4078 2029 4150 hoc

444 4188 640 4247 dicunt
677 4204 691 4242 :
720 4195 806 4244 est
833 4187 981 4255 enim
1016 4202 1128 4242 non
1158 4187 1343 4242 minus
1369 4186 1436 4240 ad
1465 4186 1887 4258 intelligendum
1917 4187 2028 4251 dilf-

445 4279 615 4347 ﬁcile,
642 4295 807 4350 quam
843 4278 1062 4335 dillicile
1090 4287 1175 4335 est
1206 4278 1450 4351 gryphas
1481 4277 1862 4351 interpretari.
1891 4279 2027 4345 Cum

444 4371 601 4429 enim
652 4371 960 4429 substantia
992 4370 1267 4444 signiﬁcet
1292 4390 1438 4440 esse,
1495 4384 1553 4429 et
1585 4373 1773 4428 omnia
1815 4374 2031 4430 scilicet

447 4452 740 4535 quaesunt
794 4464 1148 4529 substantiae,
1179 4464 1442 4547 similiter
1467 4465 1764 4519 essentiam
1799 4465 2029 4535 partici-

2127 3281 2231 3335 est,
2288 3272 2394 3326 etsi
2441 3286 2556 3325 non
2604 3268 2912 3325 secundum
2963 3269 3109 3324 idem
3152 3287 3166 3323 :
3203 3269 3524 3326 dill‘erentia
3561 3270 3712 3326 enim

2128 3363 2563 3420 substantiarum
2610 3361 2894 3419 unitarum
2941 3360 3267 3417 dill‘erentes
3326 3363 3714 3432 generationes

2127 3453 2286 3516 fecit;
2352 3460 2409 3507 et
2456 3460 2691 3522 utraque
2733 3458 2821 3505 est
2883 3450 3249 3506 excellentior
3293 3458 3350 3506 et
3409 3451 3714 3509 admirabi-

2128 3546 2253 3608 lior,
2306 3558 2475 3614 quam
2520 3552 2583 3598 ut
2627 3541 2993 3613 intelligentia
3044 3540 3441 3611 comprehendi
3488 3548 3657 3609 queat
3693 3558 3711 3594 :

2131 3636 2346 3690 tametsi
2377 3651 2520 3690 unus
2538 3643 2645 3695 est.
2670 3634 2761 3689 cui
2784 3634 3026 3705 dignitas
3049 3633 3236 3697 datur,
3272 3633 3416 3688 sicut
3445 3633 3503 3687 in
3530 3632 3711 3700 nobis,

2130 3737 2187 3783 ut
2222 3728 2327 3782 hac
2361 3726 2779 3795 comparatione
2810 3737 3058 3792 utamur,
3087 3740 3155 3781 ex
3182 3739 3412 3792 corpore
3446 3733 3502 3779 et
3530 3725 3712 3781 anima

2130 3837 2254 3891 quae
2282 3819 2512 3874 diversae
2539 3828 2751 3874 natura:
2775 3827 2925 3883 sunt,
2952 3834 3096 3875 unus
3116 3816 3371 3873 exsistit:
3406 3832 3534 3872 eum
3561 3818 3709 3872 enim

2128 3915 2222 3983 qui
2255 3922 2382 3968 ante
2416 3916 2615 3968 saecula
2643 3921 2749 3978 est,
2778 3919 2837 3967 et
2862 3911 3190 3967 saeculorum
3222 3917 3443 3979 auctor,
3478 3910 3565 3964 vel
3596 3925 3714 3965 me-

2129 3994 2396 4063 diocriter
2415 4002 2644 4073 assequi
2660 4003 3005 4074 impossibile
3040 4010 3145 4058 est.

2199 4098 2337 4153 XVI.
2364 4098 2536 4152 Nemo
2567 4111 2699 4151 vero
2721 4112 2787 4151 ex
2819 4097 2889 4150 iis
2920 4095 3015 4165 qui
3047 4104 3205 4151 extra
3233 4095 3536 4152 Ecclesium
3561 4103 3712 4159 sunt,

2130 4206 2196 4246 ea
2227 4206 2348 4259 quae
2373 4189 2638 4254 diximus,
2668 4197 2878 4257 carpat,
2909 4197 2966 4244 et
2998 4202 3156 4243 more
3204 4203 3306 4243 suo
3336 4188 3483 4242 hanc
3511 4188 3718 4243 doctri—

2130 4299 2258 4341 nam
2312 4283 2543 4346 laceret,
2570 4289 2626 4336 et
2665 4287 2926 4350 tanquam
2957 4295 3051 4334 sus
3076 4278 3353 4349 fulgentes
3384 4278 3716 4348 margaritas

2132 4379 2305 4437 illatis
2345 4376 2583 4448 pedibus
2628 4378 2894 4444 protei-at.
2946 4372 3272 4444 lgnorantes
3311 4371 3461 4425 enim
3497 4385 3621 4439 quae
3648 4371 3719 4424 sit

2133 4482 2286 4528 certa
2324 4481 2384 4528 et
2417 4480 2534 4542 tuta
2567 4466 2825 4523 doctrina
2865 4464 2935 4521 de
2975 4464 3047 4521 iis
3094 4481 3218 4535 qua:
3250 4463 3590 4526 didicerunt,
3625 4479 3723 4517 au-

448 4564 622 4627 Ρεηιι
679 4556 812 4626 (μιίά
856 4570 1050 4613 eorum
1106 4556 1413 4611 secundum
1457 4557 1725 4611 ΐθῐίοπιθηὶ
1773 4557 2031 4612 essentia?
2060 4547 2107 4604 θ
2134 4569 2326 4624 dacter
2345 4573 2540 4621 contra
2566 4561 2803 4616 verbum
2828 4557 3087 4612 veritatis
3124 4557 3402 4620 insiliunt,
3428 4554 3717 4625 aiuntque,

449 4649 638 4705 minus
656 4656 845 4716 est,ut
870 4649 1006 4704 illud
1056 4649 1411 4725 particularis
1448 4664 1513 4703 ac
1556 4649 1855 4720 singularis
1894 4651 2029 4708 sub-

445 4744 655 4801 stantia
689 4743 906 4799 dicatur
929 4744 953 4797 ?
974 4759 1101 4799 cum
1132 4744 1338 4813 alioqui
1371 4743 1679 4798 substantia
1702 4743 1910 4813 aliquid
1936 4759 2032 4814 ge-

449 4837 665 4900 nerale,
692 4852 803 4892 non
832 4843 1016 4891 autem
1062 4834 1660 4907 singulareY‘dcclaret
1697 4854 1710 4889 :
1761 4850 1827 4890 ac
1855 4851 2031 4906 genus

446 4928 676 4999 quidem
735 4929 1210 5000 generalissimum
1270 4929 1614 4994 audivimus,
1679 4937 1737 4983 et
1786 4929 2028 4998 speciem

447 5019 942 5088 specialissimam;
975 5035 1147 5089 genus
1170 5034 1304 5073 vero
1327 5018 1828 5090 singularissimum
1878 5036 2029 5077 nunc

453 5109 696 5179 primum
729 5109 1020 5165 discimus.
1077 5109 1195 5164 Etsi
1249 5109 1398 5165 enim
1460 5111 1713 5179 quaedam
1762 5110 2030 5179 dicuntur

450 5219 659 5276 genera
689 5204 1022 5274 specierum,
1069 5203 1216 5259 sicut
1250 5204 1432 5259 media
1463 5221 1589 5275 quae
1609 5205 1876 5261 dicuntur
1905 5223 2030 5277 spe-

451 5298 572 5355 cies
591 5312 879 5369 generum,
924 5288 981 5350 et
1011 5295 1129 5365 ipsa
1171 5306 1300 5352 sunt
1335 5297 1569 5352 aliarum
1598 5299 1911 5368 specierum
1942 5316 2035 5371 ge-

452 5404 624 5453 nera;
658 5403 847 5449 verum
878 5387 998 5443 haec
1025 5387 1210 5443 omnia
1239 5387 1308 5443 de
1326 5389 1581 5459 pluribus
1610 5390 1985 5460 praedicantur
2017 5408 2032 5446 :

454 5479 603 5552 quod
629 5479 855 5551 quidem
887 5478 1061 5550 magis
1085 5487 1172 5535 est
1204 5481 1641 5547 communitatis,
1672 5496 1840 5551 quam
1864 5484 2036 5552 parti-

456 5571 786 5631 cularitatis.
812 5571 982 5643 igitur
1006 5571 1154 5669 quod
1191 5586 1485 5630 commune
1511 5580 1618 5640 est,
1650 5587 1763 5628 non
1792 5581 1880 5630 est
1908 5564 2037 5644 par-

2135 4660 2350 4719 sentire
2384 4665 2629 4712 sanctam
2660 4650 2994 4706 Trinitatem
3014 4648 3173 4703 carni
3211 4647 3421 4702 unitam
3451 4661 3595 4707 esse.
3627 4644 3721 4714 qui

2135 4749 2645 4824 quomodocunque
2700 4743 2837 4799 dicit
2871 4757 3040 4797 unam
3076 4741 3425 4795 divinitatem
3460 4739 3721 4793 substan-

2134 4843 2226 4899 tia:
2252 4856 2397 4905 esse,
2423 4846 2480 4893 et
2512 4837 2660 4891 hanc
2693 4831 2993 4889 conﬁtetur
3016 4845 3144 4884 cum
3168 4836 3365 4884 natura
3389 4834 3579 4880 nostra
3601 4838 3722 4879 esse

2136 4930 2449 5001 copulatam
2483 4934 2583 4985 :et
2602 4925 2736 4979 dum
2780 4921 3147 4977 temeritatem
3179 4918 3385 4972 mentis
3423 4931 3538 4971 suze
3570 4924 3725 4984 pate-

2136 5022 2350 5078 faciunt
2392 5028 2448 5074 et
2499 5014 2905 5072 absurditatem
2967 5026 3132 5082 quam
3193 5009 3303 5080 piis
3356 5007 3719 5072 induxerunt,

2133 5116 2327 5185 fugere
2379 5110 2674 5174 videntur;
2731 5106 2893 5162 aiunt
2919 5104 3126 5161 habere
3154 5101 3401 5159 Verbum
3441 5099 3722 5171 propriam

2134 5216 2415 5268 naturam,
2462 5201 2614 5258 Patri
2656 5208 2712 5257 et
2760 5196 2994 5268 Spiritui
3046 5204 3238 5252 sancto
3279 5192 3721 5257 connaturalcm,

2135 5314 2260 5369 quae
2288 5296 2453 5351 nobis
2497 5309 2597 5364 per
2639 5289 3084 5348 incarnationem
3131 5303 3202 5344 ex
3250 5282 3524 5342 charitate
3569 5282 3725 5349 unita

2136 5400 2244 5449 est.
2288 5389 2459 5444 Miror
2505 5387 2623 5457 ipse
2657 5385 2767 5440 hoc
2813 5391 2927 5439 tam
2972 5382 3267 5445 absonum,
3304 5379 3585 5447 velimque
3635 5376 3725 5431 di—

2137 5498 2264 5541 cere
2312 5482 2375 5539 in
2422 5481 2591 5536 istum
2635 5493 2739 5549 pro
2781 5475 3023 5541 viribus,
3056 5489 3184 5547 quae
3208 5471 3729 5529 conveniuntznon

2138 5589 2313 5647 arguo
2358 5586 2533 5638 nunc,
2573 5570 2823 5641 possitne
2871 5567 3018 5624 Deus
3080 5581 3303 5624 carnem
3363 5563 3591 5622 indutus
3623 5559 3731 5619 ba-

1768 5725 2003 5783 VARIAS.
2032 5724 2436 5783 LECTIONES.

537 5846 560 5875 ³
591 5835 693 5891 Per
730 5853 785 5891 se
817 5853 945 5892 esse.
974 5835 1301 5907 ὑποστῆσαι,
1328 5837 1680 5909 suppositam.
1759 5847 1787 5887 7
1815 5835 2122 5909 Singulare.
2154 5838 2319 5908 ἰδική,
2351 5832 2701 5905 particulam,
