4098 6434
471 463 476 466 ἱ
547 369 680 432 1343

1686 372 1748 432 S.
1788 368 2191 430 ANASTASII
2231 369 2700 433 ANTIOCHENI

3651 372 3758 438 131-1

542 483 674 535 b:re
724 480 1007 550 propriam
1052 473 1332 544 naturam,
1375 494 1443 534 an
1492 496 1635 546 non;
1674 479 1770 534 sed
1803 477 2128 533 demonstro
2157 478 2202 534 A
2231 478 2500 533 habitudo
2542 479 2768 550 quidem
2790 477 3060 533 naturalis
3087 486 3172 533 est
3220 477 3286 532 ad
3313 493 3457 544 eum,
3493 481 3555 535 ad
3580 483 3760 541 Patrem

540 588 669 626 eum
717 573 808 640 qui
842 572 958 626 hac
1001 571 1159 636 dicit,
1201 587 1312 625 non
1349 586 1510 640 posse
1535 570 1745 625 sentire
1777 584 1898 623 esse
1926 567 2127 622 Filium

543 665 691 719 Patri
741 665 1278 719 consubstantialem
1339 682 1351 716 :
1403 679 1568 717 omne
1625 663 1774 716 enim
1819 661 1970 731 quod
2041 669 2129 715 est

543 757 710 812 unius
761 757 1122 822 substantia,
1177 755 1428 812 eamdem
1480 754 1752 814 rationem
1803 753 2129 809 substantia

543 848 777 918 recipit;
807 857 865 903 et
905 849 1150 904 vicissim
1180 863 1342 903 omne
1388 847 1535 917 quod
1573 847 1824 901 eamdem
1856 847 2128 901 rationem

544 941 874 996 substantia
921 939 1141 1010 recipit,
1196 940 1366 993 unius
1400 947 1456 992 et
1499 938 1749 1009 ejusdem
1807 936 2131 992 substantia

543 1041 631 1088 est
663 1053 679 1062 -
726 1043 783 1087 et
816 1041 1032 1097 contra,
1065 1032 1213 1102 quod
1240 1047 1351 1086 non
1375 1038 1461 1086 est
1493 1031 1744 1102 ejusdem
1777 1030 2128 1095 substantia,

463 1118 468 1122 ’
543 1141 648 1180 nec
671 1125 922 1179 eamdem
955 1124 1229 1196 rationem
1254 1123 1485 1192 recipit;
1517 1133 1574 1176 et
1607 1122 1755 1192 quod
1793 1137 1905 1176 non
1933 1121 2132 1192 recipit

545 1218 800 1273 eamdem
859 1216 1156 1282 rationem,
1200 1231 1306 1271 nec
1360 1216 1608 1286 ejusdem
1645 1215 1970 1270 substantiae
2010 1229 2132 1270 esse

546 1320 753 1382 potest.
799 1312 1019 1380 Eligant
1046 1310 1238 1379 igitur,
1289 1316 1477 1362 utrum
1509 1308 1683 1363 velint
1717 1325 1730 1360 :
1761 1307 2131 1376 undecunque

547 1411 806 1456 occurret
833 1402 914 1456 eis
935 1401 1262 1456 absurdum.
1287 1399 1340 1454 Si
1368 1399 1544 1454 Filius
1576 1398 1828 1454 eamdem
1858 1399 2130 1454 rationem

547 1491 871 1545 substantia:
904 1507 1031 1545 cum
1066 1490 1228 1546 Patre
1267 1490 1487 1558 recipit,
1542 1505 1652 1544 una
1700 1490 2012 1545 substantia
2045 1498 2134 1545 est

544 1580 726 1635 Patris
747 1589 803 1634 et
835 1581 998 1634 Filii:
1025 1589 1080 1635 et
1112 1581 1429 1635 communis
1449 1579 1704 1636 deﬁnitio
1728 1581 1810 1636 eis
1843 1582 2129 1646 reddetur.

546 1671 618 1725 At
659 1671 942 1740 quomodo
979 1671 1131 1741 quod
1170 1672 1545 1726 communiter
1582 1671 1860 1740 redditur,
1885 1672 2133 1742 particu-

545 1762 661 1817 lare
697 1762 842 1817 erit?
889 1762 976 1817 sin
1022 1771 1208 1817 autem
1238 1779 1350 1817 non
1383 1763 1634 1819 eamdem
1655 1763 2043 1820 deﬁnitionem
2075 1773 2133 1820 et

2232 568 2466 635 scilicet,
2523 586 2592 626 ex
2631 587 2743 641 quo
2796 571 3010 627 Filius:
3039 571 3213 626 Filius
3259 587 3390 627 vero
3432 574 3664 644 ejusdem
3699 577 3766 632 di-

2230 661 2482 718 vinitatis
2541 671 2630 718 est
2677 678 2803 718 cum
2873 664 3059 718 Patre.
3108 664 3321 718 Rursus
3373 665 3519 719 enim
3570 666 3769 724 dicimus

2231 751 2598 808 substantiam
2646 754 3041 821 particularem
3073 753 3278 809 habere
3313 755 3688 821 characterem,
3725 760 3773 813 ll-

2230 844 2514 898 Iiationem
2545 863 2557 898 :
2584 846 2670 901 hic
2704 846 2854 900 enim
2875 845 3224 902 dicituresse
3243 848 3522 902 character
3539 857 3768 917 paterna,

2231 951 2342 989 non
2382 935 2608 1004 quidem
2640 945 2886 1003 natura;
2924 937 3059 992 illud
3083 939 3232 992 enim
3264 938 3442 1008 ipsum
3474 951 3560 994 est
3586 948 3770 1008 natura,

2231 1026 2379 1096 quod
2416 1028 2578 1082 Pater
2621 1037 2736 1094 est;
2765 1029 2860 1084 sed
2895 1029 3228 1101 hypostasis,
3270 1029 3324 1084 id
3357 1040 3460 1092 est,
3509 1046 3772 1100 persona:

2233 1125 2425 1188 utpote
2475 1117 2720 1174 inferens
2763 1135 2953 1175 secum
3004 1121 3248 1182 Patrem,
3281 1120 3441 1174 simul
3475 1129 3534 1175 ut
3562 1122 3774 1177 nomina-

2236 1217 2325 1263 tus
2343 1217 2434 1264 est
2476 1209 2650 1266 Filius
2675 1211 2978 1267 secundum
3014 1212 3396 1267 habitudinem
3425 1212 3699 1282 eategoria
3724 1216 3773 1270 ad

2233 1300 2472 1370 aliquid;
2517 1317 2640 1371 qua
2671 1310 2777 1369 est,
2824 1320 2950 1359 cum
2985 1305 3041 1360 id
3085 1305 3231 1376 quod
3276 1312 3382 1366 est,
3433 1304 3656 1360 alterius
3680 1322 3774 1362 esse

2234 1394 2459 1460 dicitur,
2509 1405 2569 1451 ut
2625 1396 2798 1451 Filius
2842 1397 3023 1452 Patris
3060 1405 3146 1451 est
3184 1395 3354 1462 ﬁlius,
3396 1403 3454 1450 et
3488 1395 3642 1450 Pater
3680 1398 3774 1452 Filii

2233 1497 2411 1558 pater,
2469 1487 2599 1558 quia
2641 1503 2742 1558 per
2781 1488 2962 1558 ipsum
2996 1487 3264 1542 habemus
3307 1501 3588 1542 accessum
3615 1488 3674 1541 ad
3702 1488 3777 1542 Pa-

2235 1585 2397 1643 trem,
2429 1591 2486 1634 et
2521 1579 2637 1656 ipse
2673 1589 2758 1634 est
2789 1580 3052 1650 magister
3077 1587 3287 1642 noster,
3319 1587 3378 1633 et
3415 1586 3607 1633 auctor
3629 1580 3779 1650 cogni-

2237 1671 2404 1728 tionis
2446 1673 2596 1744 ejus;
2641 1673 2787 1729 sicut
2833 1674 2980 1728 idem
3017 1672 3159 1727 dixit
3207 1672 3357 1728 Patri
3413 1691 3427 1727 :
3479 1671 3780 1743 Manifestcci

2235 1780 2426 1818 nomen
2459 1773 2606 1819 tuum
2649 1767 2944 1820 hominibus
2975 1767 3054 1831 ης
3098 1764 3473 1820 manifestavit
3502 1774 3676 1820 autem
3701 1781 3780 1820 no-

547 1853 821 1909 rationem
845 1854 1063 1928 recipit,
1090 1870 1202 1909 non
1225 1855 1334 1910 erit
1359 1863 1470 1910 nna
1507 1856 1818 1911 substantia
1852 1873 1866 1911 :
1895 1873 2135 1927 quorum
2165 1833 2208 1890 Β
2237 1869 2366 1908 men
2415 1869 2525 1909 non
2561 1864 2623 1909 ut
2658 1856 2792 1921 Dei;
2842 1855 2949 1930 hoc
3005 1856 3153 1910 enim
3193 1856 3305 1926 jam
3352 1855 3487 1909 olim
3540 1856 3781 1926 cognitum

547 1955 732 2000 autem
751 1960 860 1999 non
875 1959 960 2001 est
974 1945 1287 2001 substantia
1306 1946 1858 2003 consubstantialitas
1871 1963 1985 2003 non
2005 1949 2132 2004 erit.

549 2037 708 2091 Sicut
740 2037 889 2092 enim
916 2052 1038 2107 qua
1062 2036 1312 2107 ejusdem
1344 2037 1674 2094 substantia
1707 2048 1861 2102 sunt,
1896 2040 2138 2096 consub-

547 2129 830 2184 stantialia
875 2136 1043 2196 sunt,
1084 2129 1166 2184 sic
1209 2145 1334 2199 qua
1381 2145 1497 2184 non
1541 2137 1676 2185 sunt
1720 2131 1972 2202 ejusdem
2000 2131 2135 2187 sub-

545 2224 786 2288 stantia,
817 2239 930 2279 non
955 2233 1087 2280 sunt
1113 2224 1644 2280 consubstantialia:
1664 2225 1944 2296 quomodo
1967 2227 2138 2300 igitur

546 2317 708 2371 aiunt
740 2315 942 2370 Filium
967 2330 1091 2371 esse
1123 2315 1275 2371 Patri
1309 2316 1860 2384 consubstantialem,
1886 2317 2138 2374 tribuen-

547 2425 633 2471 tes
663 2415 715 2470 ei
744 2415 1138 2485 particularem
1162 2413 1572 2469 substantiam?
1597 2413 1954 2483 particularis
1985 2415 2134 2469 enim

543 2524 670 2564 esse
711 2524 824 2563 non
865 2514 1074 2579 potest,
1117 2521 1241 2577 qua
1275 2521 1402 2560 cum
1433 2505 1609 2559 altero
1655 2503 1798 2560 facta
1853 2515 1939 2561 est
1981 2521 2136 2561 eom-

546 2599 755 2654 munis.
1395 2625 1398 2628 ‹
1722 2639 1725 2642 .

620 2690 779 2745 XVII.
822 2689 964 2756 Quid
997 2705 1130 2760 ergo
1165 2689 1356 2744 dicent
1405 2704 1529 2746 esse
1564 2689 1710 2745 hanc
1739 2689 2136 2761 particularem

549 2781 968 2837 substantiam?
1004 2781 1060 2836 Si
1109 2783 1300 2837 dicant
1331 2797 1454 2837 esse
1497 2781 1823 2837 ﬁliationem
1851 2801 1863 2838 :
1897 2783 2138 2854 primum

547 2887 660 2926 non
711 2880 797 2926 est
839 2872 1033 2927 ﬁliatio
1087 2873 1404 2927 substantia
1437 2891 1450 2926 :
1481 2872 1718 2940 deinde,
1747 2874 1858 2930 etsi
1891 2875 2056 2930 detur
2083 2885 2142 2931 et

549 2967 891 3021 concedatur
936 2965 1045 3020 hoc
1067 3006 1080 3030 ,
1115 2980 1312 3019 rursus
1341 2965 1711 3020 concludetur
1744 2965 1801 3019 in
1831 2981 1928 3022 eos
1954 2966 2140 3021 diver-

548 3057 689 3114 sitas
729 3059 1078 3113 substantia.
1120 3057 1278 3113 Sicut
1317 3058 1466 3112 enim
1520 3073 1633 3112 non
1659 3066 1746 3114 est
1773 3059 1966 3113 eadem
1998 3059 2140 3115 ratio

2236 1956 2378 2008 erat,
2421 1947 2517 2002 sed
2546 1956 2606 2002 ut
2635 1948 2813 2002 Patris
2845 1967 2860 2002 :
2896 1949 3012 2018 ipse
3045 1949 3194 2004 enim
3234 1947 3605 2018 cognitionem
3634 1949 3783 2004 Patris

2237 2039 2526 2094 revelavit.

2309 2128 2495 2183 XVIII.
2565 2129 2708 2186 Usus
2762 2145 2883 2184 sum
2917 2137 2998 2184 tot
3041 2129 3508 2201 digressionibus,
3559 2128 3680 2198 quia
3711 2142 3787 2182 vo-

2231 2221 2429 2276 Iebam’
2475 2222 2884 2288 demonstrare,
2945 2222 3095 2292 quod
3166 2237 3296 2292 pars
3346 2221 3662 2276 substantia
3699 2234 3786 2274 non

2236 2323 2356 2380 est;
2398 2323 2458 2370 ut
2507 2314 2656 2369 dicat
2705 2315 2930 2386 aliquis,
2968 2313 3166 2371 factam
3223 2330 3346 2371 esse
3384 2313 3786 2369 incarnationem

2238 2407 2572 2462 assumendo
2621 2416 2837 2477 partem
2887 2406 3121 2461 alterius
3161 2407 3542 2462 substantia:
3590 2404 3789 2474 etquis

2239 2497 2494 2551 nolebam
2543 2497 2826 2568 corrigere
2865 2511 3060 2551 eorum
3095 2496 3422 2566 opinionem
3461 2495 3558 2565 qui
3602 2500 3787 2564 putant,

2240 2605 2369 2646 eum
2399 2589 2494 2661 qui
2519 2589 2658 2644 dicit
2685 2587 3051 2644 substantiam
3076 2587 3346 2658 integram
3374 2597 3397 2624 κ
3421 2586 3585 2642 Verbi
3614 2585 3789 2640 unitam

2237 2699 2360 2740 esse
2407 2682 2584 2747 carni,
2620 2683 2842 2737 Patrem
2891 2689 2948 2735 et
2987 2679 3257 2750 Spiritum
3287 2689 3545 2735 sanetum
3579 2678 3787 2734 adaco-

2239 2775 2483 2830 nomiam
2519 2774 2918 2830 incarnationis
2964 2773 3184 2829 deferre
3218 2790 3232 2828 :
3265 2773 3414 2843 quod
3445 2773 3660 2843 quidem
3702 2785 3791 2824 non

2241 2883 2363 2923 esse
2391 2867 2789 2931 necessarium,
2812 2867 2950 2923 satis
2976 2865 3484 2922 demonstravimus
3509 2865 3576 2920 iis
3596 2865 3683 2934 qui
3701 2878 3791 2917 non

2243 2961 2611 3024 contentiose,
2661 2960 2759 3016 sed
2810 2961 3079 3016 benevole
3109 2960 3166 3014 in
3204 2960 3382 3014 Deum
3412 2957 3501 3028 pia
3542 2965 3597 3012 et
3633 2954 3789 3010 divina

2242 3069 2387 3107 vera
2434 3052 2560 3107 ﬁdei
2593 3061 2796 3122 nostra
2825 3053 3081 3124 dogmata
3111 3051 3400 3121 accipiunt
3435 3067 3449 3104 :
3480 3049 3645 3104 Filius
3670 3045 3793 3102 enim

549 3152 908 3222 paternitatis
942 3159 999 3207 et
1049 3150 1361 3216 ﬁliationis,
1410 3151 1494 3208 sic
1539 3167 1654 3207 non
1701 3150 1810 3206 erit
1838 3151 2016 3207 Filius
2050 3169 2140 3208 se-
2167 3163 2216 3226 ο
2244 3161 2354 3200 non
2377 3155 2461 3199 est
2493 3145 2825 3212 substantia,
2859 3146 2957 3224 sec!
2987 3143 3305 3216 hypostasis
3339 3142 3598 3205 ὲνούσιος,
3635 3139 3686 3193 id
3707 3145 3791 3202 est.

551 3239 797 3294 cundum
850 3240 1005 3309 ipsos
1033 3240 1200 3294 unius
1232 3249 1288 3294 et
1338 3241 1590 3311 ejusdem
1636 3256 1762 3296 cum
1809 3241 1970 3296 Patre
2014 3241 2146 3298 sub-

555 3328 774 3383 stantia
809 3346 820 3382 :
849 3344 971 3398 qua
994 3339 1180 3383 autem
1209 3343 1322 3382 non
1351 3337 1481 3384 sunt
1517 3329 1764 3400 ejusdem
1790 3329 2140 3396 substantia,

555 3436 723 3475 nemo
773 3422 1000 3493 negabit
1031 3438 1144 3476 non
1178 3438 1300 3478 esse
1343 3423 1865 3478 consubstantialia.
1917 3425 2144 3480 Desinat

554 3529 689 3585 ergo
735 3515 839 3570 ista
886 3517 1189 3571 verborum
1231 3516 1449 3572 vanitas
1495 3533 1713 3583 eorum,
1751 3519 1847 3588 qui
1889 3535 2142 3575 comunt-

555 3624 684 3662 nem
720 3617 776 3663 et
826 3608 1225 3678 particularem
1249 3609 1618 3665 substantiam
1645 3609 1874 3665 dicunt:
1910 3611 2143 3668 demon-

554 3708 788 3754 stratum
823 3699 971 3755 enim
1023 3709 1108 3756 est
1137 3701 1382 3771 copiose,
1437 3717 1546 3757 non
1609 3703 2140 3776 esselsubstantiam

556 3790 954 3859 particularem
991 3808 1004 3844 :
1043 3792 1138 3860 qui
1180 3791 1330 3845 enim
1366 3791 1621 3848 nominat
1661 3793 1976 3863 aliquorum
2013 3795 2144 3850 sub-

553 3880 838 3945 stantiam,
869 3882 1196 3938 necessario
1223 3898 1575 3939 communem
1604 3885 1877 3956 signiﬁcat
1913 3904 2144 3959 :super-

453 3967 460 3976 ’
554 3987 864 4028 vacaneum
909 3973 1080 4044 igitur
1123 3983 1210 4030 est
1241 3975 1449 4031 addere
1481 3977 1806 4034 substantia
1840 3997 2138 4049 commune;

556 4065 790 4134 perinde
826 4067 976 4120 enim
1023 4075 1132 4133 est,
1167 4076 1230 4122 ut
1267 4067 1312 4122 si
1345 4070 1470 4137 quis
1509 4069 1658 4124 dicat
1686 4089 1960 4128 commune
2003 4092 2144 4130 com-

557 4157 878 4210 munitatem
912 4173 930 4212 :
968 4163 1026 4212 et
1075 4158 1253 4212 multo
1305 4159 1482 4228 magis
1524 4176 2002 4231 supervacaneum
2057 4175 2143 4224 est

557 4247 746 4302 dicere
797 4247 1192 4318 particularem
1262 4249 1665 4319 substantiam;
1715 4254 1865 4324 quod
1915 4257 2140 4326 quidem

558 4356 669 4394 non
705 4349 789 4395 est
816 4339 966 4394 aliud
992 4355 1159 4410 quam
1183 4340 1370 4396 dicere
1396 4330 1753 4401 communem
1785 4349 2139 4418 particulari-

560 4440 748 4487 tatem.
770 4432 984 4487 Idcirco
1001 4431 1261 4488 doctores
1290 4433 1552 4492 Ecclesia
1575 4439 1798 4509 proprie
1828 4441 2136 4511 loquentes,

2249 3238 2613 3294 substantiam
2646 3239 2877 3293 habens.
2909 3237 3064 3305 Quod
3092 3238 3139 3293 si
3172 3236 3484 3292 substantia
3511 3243 3612 3298 est,
3637 3242 3692 3288 ut
3711 3232 3798 3286 hoc

2248 3347 2399 3386 nunc
2447 3331 2851 3397 concedamus;
2897 3339 2954 3385 at
2984 3345 3096 3385 non
3126 3338 3212 3385 est
3245 3330 3556 3384 substantia
3585 3314 3806 3396 particu:

2246 3423 2377 3478 laris
2401 3441 2436 3476 ε’
2468 3430 2640 3478 totam
2673 3423 2823 3477 enim
2857 3421 3226 3477 substantiam
3262 3421 3478 3493 integre
3516 3420 3690 3481 habet,
3717 3414 3791 3486 qui

2245 3518 2368 3587 ejus
2401 3517 2681 3586 particeps
2711 3524 2816 3572 est.
2844 3518 3049 3572 Verum
3080 3517 3251 3587 igitur
3274 3524 3383 3581 est,
3427 3514 3574 3586 quod
3603 3512 3792 3575 dicitur,

2246 3609 2394 3679 quod
2439 3625 2505 3664 ex
2546 3609 2766 3663 duabus
2797 3608 3126 3663 substantiis
3163 3607 3435 3678 perfectis
3462 3606 3667 3662 exstitit
3709 3616 3792 3657 una

2243 3700 2562 3772 hypostasis
2608 3700 2836 3767 Christi,
2875 3701 2972 3771 qui
3008 3710 3094 3756 est
3142 3702 3310 3768 Deus,
3359 3702 3506 3757 sicut
3552 3702 3716 3763 Pater,
3758 3695 3792 3749 si

2245 3808 2375 3864 pars
2405 3801 2572 3857 esset,
2605 3800 2662 3848 et
2695 3809 2808 3848 non
2833 3802 3008 3848 totum
3037 3794 3222 3864 :atqai
3250 3793 3400 3864 quod
3427 3795 3570 3849 Deus
3589 3789 3791 3862 appelle-

2246 3894 2356 3947 tur,
2386 3885 2576 3940 statim
2603 3884 2963 3950 docebimus;
2987 3884 3191 3940 deinde
3211 3885 3361 3955 quod
3385 3886 3583 3949 homo;
3613 3890 3791 3953 postea,

2244 3978 2391 4049 quod
2422 3977 2763 4047 compositus
2792 3993 2858 4032 et
2892 3977 3155 4032 diversis.

2318 4070 2462 4125 XIX.
2501 4070 2653 4126 Dixit
2700 4085 2834 4141 ergo
2881 4069 3153 4125 Jeremias
3187 4069 3444 4126 indicans
3496 4071 3639 4125 hunc
3673 4086 3686 4121 :
3717 4065 3796 4120 Hic

2245 4174 2321 4219 est
2353 4163 2491 4218 Deus
2529 4173 2726 4226 noster,
2768 4172 2816 4216 et
2856 4179 2960 4216 non
3005 4165 3360 4218 wstimabitur
3403 4164 3540 4218 alius
3579 4162 3796 4216 adversm

2244 4269 2382 4308 eum.
2412 4253 2509 4307 Hic
2539 4253 2808 4306 adinvenit
2850 4269 3060 4307 omnem
3097 4254 3239 4307 viam
3269 4253 3579 4324 disciplina,
3609 4262 3653 4305 et
3681 4245 3796 4304 dedit

2242 4344 2397 4399 illam
2441 4344 2604 4399 Jacob
2645 4361 2808 4414 puero
2849 4361 2966 4408 suo,
3011 4351 3059 4397 et
3098 4345 3284 4399 Israet‘
3313 4344 3504 4400 dilecto
3549 4361 3657 4399 suo.
3693 4341 3793 4395 Post

2243 4437 2353 4489 hac
2378 4437 2432 4490 in
2459 4437 2612 4489 terris
2643 4437 2784 4490 visus
2823 4445 2920 4498 est,
2950 4447 2996 4489 et
3025 4453 3145 4490 cum
3169 4437 3465 4492 hominibus
3497 4441 3790 4490 conversam

559 4539 853 4578 commune
901 4525 1127 4594 quidem
1157 4539 1500 4587 vocaverunt
1549 4503 1959 4600 substantiam;
2007 4503 2138 4604 par;
2173 4503 2216 4558 θ
2245 4537 2318 4582 est
2345 4529 2412 4582 ¹⁰.
2455 4527 2612 4600 Quod
2647 4537 2831 4582 autem
2860 4527 2970 4582 hoc
3001 4528 3328 4582 vaticinium
3377 4529 3446 4585 de
3484 4528 3694 4585 Christo
3729 4523 3790 4577 di-

562 4616 792 4670 ticulare
829 4632 964 4671 vero
1007 4617 1124 4672 sive
1170 4619 1430 4687 speciale,
1453 4620 1795 4692 hypostasim
1826 4639 1840 4676 :
1872 4632 1934 4678 ut
1973 4624 2140 4679 homo

559 4725 854 4765 commune
895 4719 1019 4776 est;
1046 4711 1250 4780 aliquis
1294 4713 1483 4779 homo,
1522 4714 1882 4784 particulare,
1921 4716 2026 4770 hoc
2057 4723 2143 4772 est

561 4803 899 4874 hypostasis,
924 4802 1062 4857 illud
1089 4803 1398 4860 substantia
1425 4823 1438 4859 :
1461 4821 1565 4860 nec
1583 4806 1732 4860 enim
1755 4807 1956 4878 aliquis
1976 4808 2142 4864 homo

558 4911 671 4949 non
711 4903 800 4950 est
842 4894 1032 4960 homo,
1069 4895 1167 4950 sed
1208 4905 1296 4951 est
1350 4896 1575 4967 quidem
1623 4897 1882 4964 ὲνούσιος,
1931 4899 1985 4954 id
2036 4907 2141 4968 est,

558 4989 614 5042 in
659 4987 1006 5054 substantia;
1055 5003 1166 5042 non
1201 4997 1386 5043 autem
1424 4989 1730 5044 secundum
1779 4990 2144 5048 substantiam

562 5079 957 5148 particularem
988 5089 1045 5134 et
1079 5088 1390 5149 separatam
1423 5095 1452 5134 a
1488 5082 1793 5146 communi,
1819 5082 1916 5136 sed
1944 5097 2146 5138 secun-

561 5171 692 5224 dum
723 5169 996 5233 eamdem,
1035 5169 1341 5225 secundum
1374 5187 1539 5241 quam
1580 5171 1782 5242 singuli
1811 5188 2006 5229 omnes
2043 5174 2146 5230 sub

561 5260 752 5314 callem
769 5260 952 5328 specie
973 5259 1156 5315 sortiti
1180 5269 1312 5315 sunt
1331 5260 1698 5316 substantiam
1723 5278 1736 5314 :
1764 5264 2146 5334 unusquisque

561 5350 708 5402 enim
739 5349 988 5405 eamdem
1021 5366 1147 5405 cum
1169 5351 1404 5423 reliquis
1426 5353 1699 5407 rationem
1728 5353 1927 5424 recipit
1947 5371 1961 5408 :
1981 5354 2148 5410 homo

563 5443 712 5498 enim
768 5453 854 5499 est
886 5447 1200 5501 communis
1262 5447 1452 5513 homo,
1496 5455 1553 5503 et
1595 5449 1797 5519 aliquis
1852 5451 2043 5516 homo,
2093 5461 2148 5507 et

565 5544 766 5591 neuter
802 5544 888 5591 est
923 5538 1070 5607 plus,
1105 5548 1201 5592 aut
1255 5540 1442 5595 minus
1489 5541 1680 5596 homo.
1724 5542 1944 5599 Filiatio
1979 5545 2149 5616 igitur

641 5658 680 5687 ”
720 5656 877 5712 Joan.
918 5674 1047 5723 xvu,
1084 5660 1136 5712 6.
1217 5663 1262 5693 ὀ
1311 5662 1524 5720 Baruch
1567 5682 1640 5734 ιιι,
1693 5665 1884 5724 36-58.

1965 5669 2006 5698 ²¹
2049 5669 2192 5724 Psal.
2247 5686 2387 5733 χιιι,
2425 5670 2474 5723 I.

2244 4631 2393 4676 ctum
2431 4621 2524 4685 sit,
2553 4621 2715 4690 plane
2743 4621 3090 4675 demonstrat
3117 4621 3469 4676 conversatio
3493 4637 3615 4676 cum
3647 4615 3789 4673 homi-

2247 4713 2430 4778 nibus,
2487 4712 2714 4782 quando
2765 4727 2990 4767 carnem
3057 4713 3306 4782 suscepit
3365 4714 3531 4773 Deus.
3589 4711 3654 4766 de
3707 4721 3795 4777 quo

2247 4805 2422 4860 David
2455 4805 2668 4875 plectro
2699 4804 2939 4859 chordas
2987 4805 3313 4875 percutiens
3369 4806 3600 4861 canebat
3638 4822 3650 4856 ε
3681 4801 3793 4855 Deut

2250 4899 2467 4952 deorum
2517 4897 2654 4951 Deus
2709 4896 2913 4951 locutus
2945 4906 3048 4962 est,
3076 4908 3126 4952 et
3163 4901 3367 4953 vocavit
3403 4896 3686 4959 terram";
3712 4900 3792 4946 et:

2251 4989 2391 5044 Deus
2435 4989 2714 5059 manifeste
2748 4990 2919 5043 veniet
2959 4990 3025 5044 “.
3061 4989 3128 5043 Et
3158 5005 3228 5044 ne
3275 4988 3417 5044 forte
3447 4987 3711 5042 existimes
3739 4981 3793 5034 de

2251 5082 2360 5137 alio
2410 5082 2694 5153 quopiam,
2741 5096 2907 5150 quam
2959 5080 3027 5135 de
3082 5083 3203 5151 ipso
3243 5079 3490 5150 pradici,
3521 5076 3660 5148 quod
3685 5071 3793 5128 sub-

2248 5175 2432 5247 jungit
2483 5175 2728 5229 declarat
2756 5189 2883 5229 eum
2919 5189 3063 5238 esse,
3098 5173 3190 5243 qui
3224 5179 3549 5242 potestatem
3572 5165 3744 5239 judicii
3769 5177 3793 5214 a

2248 5269 2408 5323 Patre
2452 5266 2686 5336 accepit,
2741 5266 2872 5335 quia
2931 5265 3105 5319 Filius
3153 5264 3396 5318 hominis
3429 5271 3542 5326 est;
3573 5256 3794 5327 sequitur

2245 5360 2395 5416 enim
2423 5377 2434 5412 :
2470 5359 2616 5430 Ignis
2649 5359 2706 5412 in
2745 5366 3022 5426 conspectu
3049 5357 3162 5426 ejus
3190 5356 3413 5419 ardebit,
3449 5363 3506 5408 et
3528 5354 3579 5406 in
3603 5347 3792 5404 circuitu

2249 5454 2363 5524 ejus
2404 5460 2686 5522 tempestas
2713 5449 2892 5504 valida
2912 5466 2930 5502 :
2963 5448 3234 5502 advocabit
3258 5448 3441 5501 calum
3471 5447 3724 5500 desursum
3753 5441 3792 5488 ει

2250 5557 2472 5611 terram,
2513 5545 2807 5598 discernere
2854 5541 3110 5613 papnlum
3162 5557 3315 5594 suum
3349 5541 3414 5594 ".
3459 5536 3607 5606 Quod
3635 5541 3792 5589 autem

2553 5669 2597 5699 "
2643 5667 2775 5722 ibid.
2833 5669 2886 5720 5.
2963 5665 3007 5696 ’³
3043 5662 3177 5718 ibid.
3213 5665 3264 5728 ’5,
3303 5664 3350 5717 4.

1882 5785 2113 5841 νΛΙὶΙΑΞ
2159 5787 2566 5843 LECTIUNI‘ZS.

643 5855 661 5880 ι
687 5845 974 5913 lulcgmm.
1015 5848 1139 5923 ἀκὲς,
1160 5867 1295 5904 αιον.
