4098 6424
341 308 476 380 1345

1318 315 1603 380 ORATIO
1642 316 1758 382 III.
1793 341 1864 354 -
1893 315 1993 378 DE
2029 316 2624 380 INCABNATIONE.

3353 357 3370 384 1
3469 316 3607 383 1316

335 421 505 480 Pater
545 439 649 479 non
686 424 898 496 judicat
935 441 1255 497 quemquam
1296 425 1367 494 ",
1411 443 1482 484 ex
1529 428 1651 499 ipso
1683 427 1919 484 Domino
1947 429 1993 486 Δ
2021 427 2327 498 prophetas
2371 427 2676 492 hominem,
2716 423 2813 496 qui
2859 432 2944 481 est
2981 424 3186 497 alioqui
3214 426 3380 484 Deus.
3416 426 3607 484 Relin-

331 517 672 574 audivimus:
699 519 846 575 Deus
885 520 1053 592 igitur
1079 520 1402 593 dijudicans
1430 523 1694 594 populum
1727 539 1911 590 suum,

330 608 592 668 Christus
637 619 727 670 est
775 613 1084 669 secundum
1126 614 1549 672 humanitatem.

405 701 526 759 XX.
566 702 630 758 In
667 703 918 760 eamdem
961 705 1298 762 sententiam
1350 705 1562 762 dictum
1609 715 1696 764 est
1730 707 1910 764 illud:

327 791 478 852 Deus
523 795 666 850 stetit
703 796 762 851 in
795 813 1068 869 synagoga
1117 797 1371 864 deorum;
1427 801 1486 855 in
1532 799 1703 855 medio
1742 808 1916 856 autem

327 884 461 940 deos
500 884 814 956 dijudicabit
842 888 910 942 ".
945 885 1458 959 Clamatpraeterea
1487 887 1660 946 Oseas
1695 905 1762 945 ex
1789 905 1920 961 per-

329 978 634 1061 sona’ejus
666 979 1030 1050 prophetans,
1057 990 1116 1037 et
1140 980 1333 1037 dicens
1370 999 1386 1036 :
1420 980 1560 1037 Deus
1590 997 1709 1038 sum
1738 991 1786 1036 et
1814 998 1920 1036 non

331 1071 526 1135 homo;
552 1070 610 1126 in
652 1077 701 1124 te
727 1078 945 1140 sanctus
980 1071 1048 1126 ³⁸.
1080 1071 1150 1126 Ει
1171 1071 1341 1128 Isaias
1371 1071 1442 1128 ad
1469 1087 1598 1128 eum
1625 1071 1876 1129 referens
1899 1090 1917 1128 :

324 1159 403 1217 In
435 1156 508 1227 t'e,
539 1160 742 1232 inquit,
779 1172 857 1218 est
885 1161 1050 1230 Deus,
1085 1170 1136 1218 et
1175 1179 1280 1244 non
1315 1173 1391 1220 est
1434 1164 1574 1220 alius
1601 1173 1794 1237 prater
1848 1181 1917 1222 te.

330 1253 416 1306 Tu
434 1254 577 1308 enim
596 1269 648 1307 es
666 1252 831 1321 Deus,
851 1261 902 1308 et
931 1255 1266 1323 nesciuimus,
1283 1252 1425 1311 Deus
1454 1255 1630 1314 Israel
1659 1256 1917 1313 salvator.

329 1341 768 1415 Confundentur,
799 1353 849 1398 et
881 1346 1254 1403 reverebantur
1285 1365 1470 1404 omnes
1510 1349 1603 1419 qui
1630 1347 1923 1406 adversan-

331 1436 496 1488 turei
525 1435 596 1490 ".
629 1435 790 1502 Quod
813 1445 1000 1492 autem
1033 1438 1211 1496 Judaei
1251 1447 1310 1496 et
1331 1439 1470 1512 legis
1503 1439 1764 1497 doctores
1796 1457 1926 1512 pro-

329 1535 470 1596 pter
503 1525 916 1584 indumentum
951 1531 1138 1586 carnis
1168 1531 1220 1587 ei
1275 1531 1556 1588 adversati
1604 1541 1757 1602 sunt,
1806 1549 1925 1590 ma-

327 1619 610 1676 nifestum
657 1628 766 1677 est.
814 1621 1160 1678 Cum'enim'
1199 1623 1550 1696 ignoraretur
1600 1625 1727 1696 quis
1779 1634 1928 1684 esset

325 1713 436 1784 qui
469 1713 526 1772 in
577 1713 760 1770 aliena
807 1714 985 1770 forma
1022 1715 1384 1782 cernebatur,
1437 1716 1704 1774 audiebat
1744 1718 1815 1774 ab
1859 1719 1927 1776 iis

327 1805 434 1875 qui
484 1805 855 1878 ignorabant:
885 1806 1067 1872 Quare
1104 1817 1182 1874 tu,
1215 1797 1374 1863 homo
1415 1826 1538 1864 cum
1569 1811 1664 1876 sis,
1701 1809 1831 1880 facis
1877 1818 1927 1866 te
1959 1789 2004 1846 Β

326 1897 510 1967 ipsum
537 1895 708 1952 Deum
740 1897 828 1951 "i
860 1897 928 1952 Hi
959 1898 1130 1970 igitur
1157 1897 1574 1956 confundentur
1607 1900 1926 1972 aliquando,

328 2005 465 2047 cum
495 1989 812 2061 intelligent
856 1989 1149 2057 veritatem
1199 2005 1326 2046 cum
1357 1991 1574 2062 pudore
1625 1993 1929 2064 superioris

332 2081 688 2154 ignorantiae.
721 2081 904 2152 Atque
931 2081 1049 2138 haec
1092 2082 1368 2141 hactenus
1401 2100 1416 2138 :
1445 2099 1597 2140 nunc
1645 2100 1713 2140 ex
1737 2086 1934 2142 multis

335 2188 513 2244 pauca
535 2189 660 2244 quae
695 2172 1078 2229 testimonium
1103 2173 1360 2228 tribuunt
1383 2173 1659 2231 divinitati
1697 2175 1924 2246 Christi,

330 2273 397 2320 et
439 2265 613 2319 Deum
663 2279 789 2322 esse
827 2278 956 2320 eum
1004 2279 1131 2328 cum
1181 2280 1351 2322 carne
1383 2265 1785 2323 demonstrant.

409 2355 555 2412 XXI.
593 2355 755 2424 Quod
786 2364 974 2411 autem
1004 2356 1174 2412 homo
1210 2367 1317 2424 est,
1366 2373 1565 2418 rursus
1597 2375 1667 2415 ex
1714 2359 1927 2416 eisdem

339 2445 648 2517 Scripturis
699 2445 942 2518 Spiritus
977 2448 1156 2503 sancti
1205 2463 1308 2520 pro
1337 2449 1487 2504 virili
1527 2459 1684 2519 parte
1715 2451 1929 2522 patefa-

342 2532 578 2592 ciemus.
618 2538 810 2593 Primo
845 2538 1014 2609 igitur
1040 2537 1531 2611 Isaiaspostquam
1555 2557 1684 2596 eum
1717 2543 1930 2599 vocavit

331 2645 601 2700 puerum,
649 2639 708 2686 et
733 2631 947 2704 virgam
979 2647 1049 2689 ex
1077 2631 1269 2690 radice
1295 2633 1452 2691 Iesse
1482 2646 1682 2703 ortam,
1714 2646 1770 2693 et
1798 2639 1930 2695 Em-

336 2721 676 2790 manuelem,
721 2731 782 2778 et
829 2738 1042 2778 marem
1089 2739 1159 2780 ex
1199 2725 1552 2795 prophetissa
1600 2734 1813 2791 natum,
1874 2739 1931 2785 et

333 2820 631 2885 postquam
684 2814 995 2876 nominavit
1026 2829 1155 2870 eum
1206 2813 1462 2870 Celeriter
1499 2814 1695 2888 spolia,
1744 2827 1794 2871 et
1827 2819 1930 2873 cito

325 2904 584 2974 pradare
615 2906 698 2970 ¹⁹;
751 2904 902 2962 hunc
931 2905 1114 2975 ipsum
1158 2904 1250 2960 his
1279 2905 1469 2962 verbis
1509 2907 1806 2963 nominans
1832 2908 1928 2964 ho-

329 2995 547 3051 minem
580 3013 594 3049 :
628 2995 701 3050 Et
735 2995 985 3064 vidimus,
1037 2996 1240 3067 inquit,
1291 3013 1434 3063 eum,
1465 3007 1515 3054 et
1555 3015 1660 3054 non
1705 3000 1931 3056 habebat

325 3089 564 3160 speciem
599 3103 775 3159 neque
794 3088 1284 3161 pulchritudinem;
1317 3091 1412 3145 sed
1452 3093 1653 3164 species
1691 3095 1808 3164 ejus
1845 3095 1931 3149 in-

330 3185 606 3239 honorata
645 3199 664 3238 :
697 3183 944 3251 deﬁciens
981 3190 1174 3253 prwter
1224 3199 1405 3239 omnes
1446 3184 1684 3240 homines
1717 3202 1736 3241 :
1777 3188 1931 3242 homo

327 3277 398 3330 in
433 3275 594 3347 plaga
647 3276 922 3340 exsistens,
958 3283 1008 3328 et
1049 3276 1220 3330 sciens
1267 3276 1409 3346 ferre
1448 3276 1822 3346 inﬁrmitatem
1865 3279 1930 3334 ³⁰.

333 3367 414 3421 Ει
477 3381 673 3422 rursus
721 3365 892 3421 David
961 3367 1302 3436 psalmorum
1361 3369 1624 3440 scriptor,
1684 3369 1931 3425 divinam

333 3457 518 3528 lyram
547 3456 798 3526 plectens
825 3472 840 3509 :
869 3453 1028 3520 Quid,
1054 3455 1255 3526 inquit,
1283 3464 1361 3510 est
1378 3458 1534 3512 homo
1564 3463 1703 3530 quod
1733 3475 1934 3513 memor

332 3567 399 3606 es
428 3549 589 3620 ejus?
628 3558 725 3603 aut
762 3547 932 3602 Filius
963 3549 1213 3613 hominis,
1249 3549 1377 3620 quia
1410 3550 1596 3604 sicitas
1643 3552 1808 3605 eum?
1833 3551 1934 3606 Mi-

334 3643 507 3696 nuisti
545 3657 669 3696 eum
709 3639 873 3713 paulo
920 3641 1096 3696 minus
1125 3639 1190 3694 ab
1211 3641 1422 3723 angelis
1466 3641 1930 3697 “.—Minoratus

331 3741 444 3800 est,
481 3737 653 3800 enim,
689 3744 752 3790 ut
799 3735 1005 3790 Paulus
1051 3733 1128 3789 ait
1165 3751 1179 3788 :
1219 3732 1382 3805 paulo
1412 3735 1586 3790 minus
1631 3753 1796 3807 quam
1829 3753 1931 3791 an-

332 3827 471 3900 geli,
493 3827 674 3883 l‘actus
702 3827 892 3894 homo,
918 3835 1134 3899 propter
1163 3827 1462 3898 passionem
1483 3830 1670 3884 mortis
1697 3845 1717 3884 :
1734 3845 1930 3900 qnam-

333 3919 538 3976 obrem
591 3919 766 3992 gloria
831 3929 884 3974 et
931 3923 1130 4000 honore
1184 3929 1470 3975 coronatus
1520 3929 1596 3975 est
1630 3921 1700 3986 ”,
1738 3937 1932 3978 omnes

329 4020 540 4086 gentes
565 4027 668 4082 pro
699 4011 903 4082 quibus
933 4019 1173 4066 mortem
1215 4011 1409 4078 subiit,
1462 4012 1518 4068 in
1552 4013 1928 4070 haereditatem

331 4103 627 4173 accipiens
651 4121 664 4158 :
689 4102 807 4157 haec
829 4101 982 4156 enim
1011 4105 1133 4156 erat
1159 4099 1335 4173 gloria
1359 4118 1523 4172 quam
1546 4103 1690 4174 apud
1713 4103 1931 4158 Patrem

331 4196 587 4260 habebat,
634 4193 950 4266 antequam'
981 4193 1214 4249 mundus
1263 4194 1418 4264 ﬁeret
1448 4195 1510 4249 ³³.
1533 4195 1766 4266 Propter
1788 4196 1930 4252 hanc

332 4289 510 4347 scivit
553 4289 700 4345 ferre
755 4287 1157 4356 infirmitatem,
1189 4297 1248 4342 ut
1279 4303 1404 4358 quae
1433 4288 1694 4344 universo
1723 4288 1930 4344 mundo

335 4381 636 4438 sanitatem
686 4380 974 4436 all‘erebat.
1005 4378 1107 4434 Hic
1145 4379 1316 4451 igitur
1355 4379 1462 4435 etsi
1495 4380 1790 4437 videbatur
1817 4397 1930 4436 non

2015 521 2228 592 quitur,
2285 530 2348 577 ut
2402 535 2470 576 ex
2515 519 2724 576 eisdem
2767 517 3073 588 Scripturis
3119 519 3475 575 manifestum
3523 519 3608 576 fa-

2015 611 2250 678 ciamus,
2281 610 2562 682 quomodo
2606 610 2752 666 idem
2793 609 2940 664 Deus
2970 617 3056 664 est
3088 609 3255 664 simul
3297 609 3498 676 homo;
3548 622 3612 664 ut

2015 719 2140 775 quae
2207 703 2452 761 diximus
2496 702 2886 760 auctoritatem
2941 700 3229 769 habeant,
3271 700 3612 758 testimoniis

2018 796 2443 868 Scripturarum
2487 794 2837 851 confirmata.
2869 792 3177 850 Considera
3226 793 3398 864 igitur
3449 793 3609 858 mihi,

2019 904 2090 944 an
2136 889 2244 945 hoc
2291 889 2662 959 compositum
2704 885 2878 942 David
2911 885 2968 941 in
2997 886 3290 957 aenigmate
3338 883 3614 956 signiticet

2021 981 2078 1036 in
2122 981 2339 1052 psalmo
2384 979 2810 1052 quadragesimo
2864 988 3101 1048 quarto,
3158 977 3256 1048 qui
3308 975 3613 1046 inscriptus

2019 1085 2107 1130 est
2145 1091 2166 1128 ἱ
2193 1072 2298 1128 Pro
2333 1073 2680 1128 immutandis
2724 1071 2797 1126 ad
2850 1069 3180 1126 intellectum
3217 1069 3486 1124 canticum
3517 1082 3614 1137 pro

2022 1163 2213 1220 dilecto
2235 1164 2301 1218 ³⁸.
2325 1165 2572 1220 Dilectus
2599 1173 2786 1219 autem
2813 1171 2900 1220 est
2925 1161 3080 1218 solus
3118 1161 3315 1227 Filius,
3351 1169 3410 1216 ut
3444 1167 3617 1216 testa-

2025 1263 2116 1311 tur
2140 1256 2506 1328 Evangelium
2539 1256 2596 1310 in
2635 1270 2748 1326 quo
2775 1271 2882 1310 vox
2911 1254 3092 1310 Patris
3119 1252 3300 1308 fertur
3321 1266 3446 1323 quae
3474 1251 3616 1307 dixit

2023 1338 2248 1404 Christo
2305 1365 2319 1402 :
2372 1347 2449 1403 Tu
2491 1362 2546 1401 es
2593 1345 2760 1400 Filius
2791 1361 2935 1400 meus
2964 1343 3184 1399 dilectus
3217 1345 3286 1398 ⁸⁹.
3333 1342 3437 1398 Hic
3465 1340 3614 1397 enim

2024 1447 2273 1496 mutatus
2315 1447 2402 1496 est
2435 1438 2616 1494 factus
2661 1439 2852 1503 homo,
2899 1453 3010 1492 non
3049 1437 3358 1492 mutatione
3401 1443 3616 1490 natura:

2025 1531 2412 1600 immutabilis,
2448 1531 2546 1588 sed
2589 1531 2966 1602 assumptione
3006 1529 3238 1586 alterius
3267 1547 3281 1584 :
3309 1527 3434 1584 Haec
3465 1529 3614 1583 enim

2026 1631 2104 1678 est
2125 1625 2350 1678 mutatio
2376 1623 2610 1678 dextera
2631 1622 2890 1678 Altissimi
2923 1621 2990 1687 ‘°,
3013 1637 3137 1692 qua:
3158 1620 3304 1676 facta
3327 1627 3434 1684 εει,
3465 1618 3616 1688 quod

2027 1733 2139 1772 non
2181 1726 2321 1773 erat.
2372 1715 2484 1771 Aut
2529 1715 2657 1771 sic:
2699 1713 2808 1770 Pro
2843 1713 3191 1770 immutandis
3237 1709 3478 1782 gentibus
3517 1724 3616 1780 per
3691 1720 3698 1729 '

2036 1810 2240 1881 ipsum.
2280 1808 2340 1863 In
2380 1807 2490 1864 hoc
2527 1806 2696 1878 igitur
2745 1806 2958 1878 psalmo
3007 1821 3102 1878 pro
3145 1801 3358 1869 dilecto,
3384 1801 3474 1857 vel
3519 1815 3615 1872 pro

2035 1902 2385 1958 immutandis
2430 1900 2510 1956 ait
2550 1899 2761 1956 David:
2805 1897 3082 1970 Speciosus
3131 1896 3304 1966 forma
3345 1909 3456 1965 pm
3487 1891 3616 1961 ﬁliis

2035 1995 2342 2061 hominum;
2370 1993 2562 2066 diffusa
2591 1999 2667 2048 est
2694 1992 2872 2063 gratia
2906 1991 2963 2045 in
3006 1989 3158 2044 labiis
3196 1988 3300 2042 luis
3329 2003 3349 2040 :
3375 1992 3620 2058 propter-

2036 2102 2100 2141 ea
2137 2086 2289 2140 unxit
2314 2093 2364 2139 te
2393 2084 2568 2150 .Dcus,
2608 2083 2747 2138 Deus
2789 2090 2933 2147 tuus,
2966 2079 3079 2136 oleo
3106 2077 3478 2134 exsultationis
3505 2091 3617 2148 pra:

2035 2178 2384 2250 participibus
2409 2179 2514 2232 tuis
2553 2175 2622 2230 δι.
2656 2174 2815 2242 Quod
2840 2171 3190 2229 manifestius
3222 2169 3354 2226 fecit
3385 2167 3528 2224 alius
3547 2183 3616 2222 ex

2037 2271 2462 2342 interpretibus,
2493 2269 2788 2340 inquiens:
2829 2268 2990 2324 Unxit
3033 2274 3082 2320 te
3108 2265 3270 2329 Deus,
3298 2262 3438 2317 Deus
3465 2271 3617 2328 tuus;

2035 2365 2264 2436 ungitur
2293 2364 2442 2419 enim
2469 2359 2621 2419 Deus
2647 2378 2678 2416 a
2701 2363 2836 2425 Deo,
2869 2375 2978 2414 non
3005 2366 3282 2428 quatenus
3321 2355 3488 2420 Deus,
3518 2353 3614 2408 sed

2035 2465 2309 2527 quatenus
2339 2455 2512 2511 Filius
2555 2453 2818 2510 hominis.
2851 2451 2992 2508 Cum
3034 2449 3183 2505 enim
3209 2455 3458 2502 vocasset
3485 2461 3615 2501 eum

2036 2549 2212 2604 lilium
2266 2547 2530 2613 hominis,
2579 2547 2870 2619 speciosum
2922 2545 3098 2614 forma
3129 2556 3240 2613 prae
3269 2537 3396 2610 ﬁliis
3443 2538 3615 2592 homi-

2036 2659 2198 2708 num;
2218 2655 2286 2696 ne
2316 2639 2412 2712 qui
2436 2638 2576 2694 forte
2600 2654 2700 2710 per
2727 2635 3058 2708 imperitiam
3087 2631 3372 2688 hominem
3403 2635 3616 2682 tantum

2035 2749 2159 2790 esse
2203 2725 2650 2804 suspicarentur,
2681 2730 2868 2785 divina
2919 2727 3094 2799 gratia
3140 2739 3254 2795 prae
3284 2722 3410 2778 aliis
3440 2719 3622 2776 homi-

2037 2825 2206 2900 nibus
2243 2825 2588 2889 decoratum,
2626 2837 2756 2878 eum
2791 2821 3055 2889 deinceps
3082 2817 3254 2872 Deum
3288 2811 3619 2876 nominavit,

2038 2917 2301 2988 inquiens
2343 2933 2357 2970 :
2407 2915 2568 2972 Unxit
2609 2923 2658 2968 te
2694 2913 2857 2979 Deus,
2899 2911 3040 2969 Deus
3077 2920 3197 2964 tuus
3245 2906 3359 2962 oleo
3388 2903 3622 2961 exsulta-

2038 3011 2199 3065 tionis
2230 3024 2341 3080 prce
2384 3008 2731 3078 participibus
2773 3006 2896 3060 tuis.
2944 3003 3156 3060 Similia
3191 3002 3282 3056 his
3311 3006 3462 3064 sunt,
3499 3014 3624 3069 quas

2036 3098 2306 3155 Dominus
2335 3114 2365 3153 a
2386 3097 2624 3152 mortuis
2645 3095 2946 3150 suscitatus
2973 3092 3115 3146 dixit
3133 3091 3316 3147 Mariae
3344 3106 3358 3143 :
3384 3089 3622 3144 Ascendo

2037 3188 2109 3242 ad
2147 3187 2582 3257 Patiemmeum
2609 3193 2658 3238 et
2690 3183 2910 3238 Patrem
2953 3187 3207 3246 uestrum,
3257 3178 3427 3233 Deum
3449 3193 3622 3232 meum

2035 3285 2085 3332 et
2129 3277 2302 3331 Deum
2349 3283 2580 3331 uestrum
2622 3275 2689 3328 “.
2737 3274 2912 3329 Nemo
2961 3280 3148 3326 autem
3197 3278 3284 3326 est
3332 3277 3622 3338 tantopere

2035 3383 2200 3426 sensu
2251 3366 2456 3422 mentis
2506 3382 2664 3438 puer,
2717 3373 2780 3418 ut
2827 3362 3144 3432 suspicetur
3183 3376 3311 3416 eum
3347 3360 3442 3430 qui
3491 3375 3622 3414 vere

2034 3460 2181 3514 Deus
2223 3467 2328 3522 est,
2383 3456 2610 3528 proprie
2667 3453 2778 3508 dici
2829 3467 2990 3523 posse
3039 3450 3245 3506 habere
3274 3449 3483 3514 Deum;
3519 3462 3623 3502 nec

2031 3566 2160 3607 eum
2193 3549 2289 3620 qui
2332 3549 2500 3604 homo
2547 3555 2762 3603 tantum
2795 3545 2889 3611 sit,
2916 3545 3136 3599 Patrem
3163 3556 3365 3596 vocare
3396 3538 3622 3611 proprie

2032 3644 2209 3697 Deum
2262 3653 2448 3696 suum.
2486 3638 2598 3695 Sed
2642 3637 2774 3709 quia
2803 3636 2911 3692 hoc
2935 3644 2992 3690 et
3021 3633 3159 3690 illud
3192 3641 3278 3689 est
3308 3633 3365 3686 in
3398 3630 3618 3694 eodem,

2031 3733 2182 3788 Deus
2227 3731 2390 3789 simul
2428 3739 2486 3787 et
2520 3730 2711 3797 homo,
2744 3736 3046 3796 utrumque
3074 3724 3298 3796 proprie
3344 3738 3468 3778 esse
3495 3739 3620 3777 cer-

2031 3823 2228 3879 nitur:
2266 3821 2440 3877 Filius
2471 3821 2624 3876 enim
2657 3827 2766 3886 est,
2802 3825 2860 3874 et
2893 3832 3119 3883 servus;
3154 3815 3365 3874 idcirco
3397 3813 3619 3884 proprie

2031 3924 2194 3972 vocat
2222 3917 2420 3982 Deum,
2451 3915 2616 3971 simul
2662 3913 2836 3970 Deum
2866 3919 2924 3967 et
2960 3909 3181 3966 Patrem
3208 3928 3222 3964 :
3253 3909 3474 3970 Patrem
3497 3905 3622 3976 qui—

2033 4010 2161 4067 dem
2191 4019 2255 4066 ut
2285 4011 2511 4069 Patrem
2537 4009 2658 4074 Dei,
2686 4009 2860 4064 Deum
2889 4019 3026 4062 vero
3059 4012 3122 4059 ut
3151 4005 3325 4060 Deum
3353 4000 3617 4056 hominis.

2030 4103 2154 4158 Non
2207 4103 2358 4158 enim
2421 4109 2608 4174 potest
2659 4101 2787 4170 quis
2844 4113 3143 4171 separare,
3195 4111 3320 4167 quae
3371 4091 3620 4164 separari

2029 4210 2144 4250 non
2182 4201 2439 4265 possunt.
2467 4193 2598 4249 dum
2635 4190 2892 4248 Christus
2920 4202 3024 4258 εει,
3062 4189 3158 4261 qui
3185 4203 3255 4244 ex
3282 4187 3370 4244 his
3396 4199 3622 4256 compo-

2031 4287 2174 4343 situs
2213 4294 2318 4342 est.

2103 4376 2298 4434 XXIII.
2338 4376 2496 4433 Unde
2560 4377 2994 4442 adversuseos,
3043 4375 3141 4445 qui
3181 4381 3409 4445 propter
3457 4371 3620 4427 indu-

333 4473 553 4530 hahere
597 4473 845 4545 speciem
889 4472 976 4526 vel
1012 4471 1534 4542 pulchritudinem:
1579 4473 1718 4528 Erat
1751 4483 1928 4528 tamen
1961 4499 2005 4554 ι)
2033 4478 2282 4525 mentum
2328 4463 2516 4525 carnis
2555 4467 2772 4538 decepti
2823 4475 2974 4534 sunt,
3019 4466 3450 4536 existimantque
3493 4480 3622 4535 pro-

331 4560 604 4628 speciosus
650 4560 826 4630 forma
855 4575 966 4630 pra:
985 4559 1115 4630 ﬁliis
1149 4561 1423 4616 hominum
1453 4561 1518 4617 “.
1561 4561 1734 4618 Filius
1780 4563 1930 4618 enim
2033 4562 2256 4634 phetam
2321 4571 2574 4616 sanctum
2631 4576 2756 4616 esse
2810 4575 2960 4624 eum,
2997 4559 3288 4630 viderique
3337 4559 3620 4614 hominem

332 4663 466 4710 erat
507 4653 629 4719 Dei,
681 4664 738 4709 et
791 4653 971 4708 Filius
1021 4653 1267 4710 hominis
1322 4654 1704 4720 conﬁrmatus,
1755 4663 1812 4711 et
1853 4657 1937 4711 uir
2035 4661 2286 4720 tantum;
2331 4653 2408 4708 ait
2445 4652 2714 4708 Dominus
2756 4666 2857 4721 per
2901 4650 3225 4707 Zachariam
3253 4651 3617 4721 prophetam:

334 4747 576 4802 dexteris
625 4763 656 4802 a
710 4746 923 4818 Spiritu
972 4757 1165 4802 sancto
1212 4757 1460 4803 vocatus.
1533 4747 1678 4814 Fiat,
1729 4749 1931 4820 inquit,

335 4857 536 4897 manus
575 4849 668 4896 tua
695 4857 854 4912 super
901 4841 1076 4896 uirum
1109 4841 1340 4898 dexteris
1379 4851 1503 4909 tute,
1537 4851 1588 4896 et
1631 4857 1789 4913 super
1840 4841 1932 4897 Fi-

338 4933 476 4988 lium
510 4933 737 4988 hominis
788 4949 944 5005 quem
983 4932 1315 5002 conﬁrmasti
1345 4933 1437 4990 tibi
1467 4934 1532 4987 ³⁸.
1576 4934 1791 4990 Dicitur
1843 4933 1932 4990 vir

335 5023 563 5090 Oriens,
611 5024 920 5081 secundum
961 5023 1314 5095 prophetiam
1341 5023 1623 5081 Zachariae
1653 5041 1778 5082 cum
1815 5026 1926 5081 ait:

340 5116 480 5174 Ecce
511 5117 612 5184 vir,
663 5117 854 5174 Oriens
907 5132 1102 5172 nomen
1153 5117 1266 5187 ejus
1299 5117 1344 5149 ³⁸
1373 5136 1388 5171 :
1419 5133 1628 5172 marem
1675 5117 1824 5172 enim
1863 5132 1932 5172 ex

338 5209 696 5283 prophetissa
741 5207 978 5273 editum,
1011 5217 1076 5264 ut
1105 5207 1275 5264 Isaias
1319 5207 1718 5279 evangelizavit
1746 5208 1814 5273 ³7,
1848 5224 1936 5264 re-

337 5301 483 5374 liqui
523 5302 864 5374 interpretes
901 5307 1248 5356 vocaverunt
1280 5301 1474 5355 uirum.

416 5394 588 5452 XXII.
623 5395 1076 5450 Demonstratum
1101 5407 1237 5466 ergo
1263 5399 1352 5450 est
1371 5393 1564 5448 vocari
1599 5393 1768 5450 etiam
1790 5391 1936 5462 apud

415 5549 462 5582 “
509 5550 670 5608 Joan.
715 5566 766 5612 v,
801 5548 892 5604 22.
967 5548 1016 5581 ’⁸
1049 5549 1194 5604 Psal.
1231 5563 1410 5615 Lxxxr,
1448 5546 1502 5602 1.

343 5779 532 5829 ιιινι,
587 5764 673 5818 11.

415 5549 462 5582 ’⁸
509 5550 670 5608 Joan.
715 5566 766 5612 v,
801 5548 892 5604 22.
967 5548 1016 5581 ’⁸
1049 5549 1194 5604 Psal.
1231 5563 1410 5615 Lxxxr,
1448 5546 1502 5602 1.
1601 5547 1648 5579 ¹⁶
1677 5545 1819 5602 Οεεε
1861 5563 1936 5612 ιι,
1973 5545 2028 5600 9.
2127 5545 2173 5578 “
2204 5546 2310 5602 Isa.
2355 5563 2476 5611 λιν,
2529 5546 2712 5603 14-16.
2809 5548 2856 5581 ’⁸
2898 5547 2978 5604 Jo:

330 5637 464 5684 mn,
517 5627 566 5676 I.
645 5621 692 5654 '°
727 5621 832 5675 Isa.
869 5634 980 5684 LIII,
1016 5620 1072 5685 2,
1107 5619 1162 5675 5.
1243 5619 1284 5651 ³¹
1318 5618 1464 5674 Psal.
1515 5633 1632 5682 vm,
1682 5616 1739 5682 5,
1782 5619 1835 5672 6.
1911 5616 1957 5650 ³⁸
2003 5611 2172 5672 Hebr.
2229 5633 2285 5682 ιι,
2321 5611 2374 5680 7,
2407 5611 2509 5666 9.“
2554 5618 2710 5674 Joan.
2743 5635 2874 5683 xm,
2928 5620 2978 5674 5.

329 5693 398 5742 ,δ’
437 5692 579 5748 Psal.
619 5705 800 5754 Lxxlx,
849 5690 937 5745 18.
1015 5691 1060 5722 ³⁸
1107 5690 1276 5746 Zach.
1311 5703 1388 5755 vr,
1434 5688 1524 5742 12.
1601 5687 1646 5720 ³⁷
1694 5687 1797 5742 Isa.
1834 5703 1948 5753 VIII,
1999 5687 2055 5742 5.

754 5762 796 5794 ⁵⁸
854 5759 1002 5819 Psal.
1086 5776 1232 5832 κων,
1289 5761 1342 5829 5,
1388 5759 1442 5815 8.
1519 5759 1562 5792 ἠ
1605 5757 1760 5814 Joan.
1801 5775 1894 5825 xx,
1928 5759 2014 5814 l7.
2095 5758 2139 5791 “
2178 5759 2346 5814 Zach.
2393 5775 2505 5826 xm,

2032 4745 2155 4802 Non
2208 4763 2326 4800 sum
2369 4762 2464 4818 ego
2514 4747 2793 4818 propheta,
2849 4748 2977 4817 quia
3015 4747 3171 4800 homo
3201 4745 3382 4816 genuit
3426 4759 3510 4797 me
3553 4743 3619 4797 ab

2034 4835 2392 4891 adolescentia
2442 4853 2561 4892 mea
2599 4835 2672 4904 ”;
2721 4836 2777 4891 id
2812 4845 2938 4892 est:
2975 4836 3054 4892 Ne
3093 4835 3399 4898 existimes,
3429 4832 3524 4904 qui
3551 4847 3620 4888 ex

2035 4929 2262 4985 homine
2314 4931 2536 5002 genitus
2581 4946 2725 4995 sum,
2754 4929 3080 5000 prophetam
3113 4943 3234 4984 esse
3263 4943 3277 4980 :
3310 4940 3446 4981 mea:
3469 4923 3619 4980 enim

2035 5023 2425 5080 adolescentiae
2455 5031 2542 5080 est
2567 5025 2686 5078 haec
2713 5023 3018 5095 generatio,
3055 5036 3166 5076 non
3195 5029 3380 5076 autem
3403 5029 3623 5075 aeternae

2032 5131 2171 5172 mete
2218 5116 2498 5172 essentia}.
2549 5115 2619 5170 Et
2678 5131 2779 5186 per
2814 5115 2983 5170 alium
3031 5113 3360 5185 prophetam
3415 5110 3626 5168 clarius

2035 5206 2218 5262 dixit:
2250 5205 2388 5262 Deus
2427 5223 2569 5273 sum,
2609 5215 2660 5260 et
2711 5224 2816 5262 non
2853 5207 3039 5274 homo;
3081 5208 3138 5262 in
3178 5215 3228 5261 te
3269 5215 3484 5262 sanctus
3533 5205 3622 5273 “;

2039 5313 2147 5353 non
2187 5307 2354 5370 negat
2399 5315 2458 5354 se
2511 5299 2817 5364 hominem,
2868 5299 2964 5355 sed
3015 5300 3200 5371 potius
3249 5315 3318 5354 ex
3359 5315 3428 5355 eo
3471 5299 3622 5370 quod

2039 5391 2410 5463 principalius
2449 5400 2554 5457 est,
2613 5400 2670 5448 ct
2728 5392 2880 5462 quod
2926 5409 3040 5448 non
3091 5392 3447 5459 credebatur,
3491 5395 3623 5465 quia

2127 5545 2173 5578 “
2204 5546 2310 5602 Isa.
2355 5563 2476 5611 λιν,
2529 5546 2712 5603 14-16.
2809 5548 2856 5581 ’⁸
2898 5547 3059 5604 Joan.
3111 5565 3164 5611 x.
3221 5550 3311 5608 3'5.
3414 5551 3462 5582 ¹⁹
3514 5550 3616 5607 Isa.

3093 5619 3140 5652 “
3177 5621 3320 5676 Psal.
3363 5637 3505 5683 xuv,
3565 5622 3622 5678 5.

2752 5693 2797 5723 ³⁸
2851 5689 3042 5745 Matth.
3095 5707 3170 5754 ιιι,
3222 5693 3307 5746 17.
3383 5692 3430 5724 ⁴⁰
3474 5691 3622 5748 Psal.

2677 5761 2720 5792 “
2759 5759 2898 5816 Osco
2953 5778 3025 5829 χι,
3071 5765 3126 5819 9.

2809 5548 2856 5581 "
2898 5547 3059 5604 Joan.
3111 5565 3164 5612 x.

2131 5688 2176 5720 ³⁸
2224 5689 2364 5743 Psal.
2407 5704 2550 5751 xuv,
2604 5691 2654 5744 1.
