4098 6430
619 306 753 375 1347

1724 316 1801 411 γε.
1841 318 2244 391 ANASTASU
2274 316 2748 385 ANTIOCHENI

3717 331 3827 402 1348

615 422 793 481 oculis
841 423 1027 481 carnis
1069 440 1183 481 non
1238 426 1556 496 videbatur,
1606 430 1851 501 seipsum
1906 432 2200 488 nominat:
2235 434 2275 493 Α
2305 426 2415 503 sit?
2437 432 2483 488 si
2508 434 2659 488 enim
2689 443 2803 488 non
2826 432 2978 501 iacit,
3018 442 3081 492 ut
3107 435 3294 493 aiebat
3324 434 3388 503 ⁸⁸,
3424 446 3585 509 Opera
3626 443 3733 513 ejus
3756 451 3829 518 qui

618 524 744 569 erat
786 515 935 571 enim
976 524 1035 570 et
1089 525 1177 575 est
1230 521 1552 591 utrumque,
1597 537 1665 577 ex
1699 538 1810 592 quo
1868 522 2211 579 instrumen-

617 608 737 661 tu'm
782 622 1115 679 corporeum
1159 609 1267 665 sibi
1304 612 1518 681 aptavit
1565 623 1780 670 natura:
1820 615 2023 671 divinae
2052 615 2212 670 vehi-

614 701 828 763 culum,
880 717 992 771 quo
1044 704 1281 759 salutem
1316 706 1671 761 machinatus
1700 715 1810 773 est,
1836 708 2042 778 quibus
2071 720 2210 778 opus

614 800 759 847 erat.
786 792 997 848 Idcirco
1024 803 1147 864 post
1180 795 1452 851 sacriﬁcia
1477 797 1616 867 legis
1656 792 1778 868 quae
1808 798 2073 869 prodesse
2098 814 2210 854 non

616 893 939 954 potuerant,
987 887 1171 942 aiebat
1200 905 1213 940 :
1248 888 1385 943 Ecce
1418 893 1568 944 venio
1608 900 1795 960 aptato
1835 891 1964 945 mihi
1992 905 2230 962 corpore,

614 992 729 1046 quo
754 986 1043 1046 peccatum
1062 980 1255 1033 mundi
1289 981 1510 1047 tollam;
1530 982 1648 1037 haec
1671 976 1823 1037 enim
1855 991 1940 1039 est
1957 985 2212 1040 voluntas

617 1065 821 1132 Patris,
872 1077 935 1122 ut
974 1083 1168 1124 omnes
1219 1069 1475 1126 homines
1504 1071 1642 1127 salvi
1688 1073 1825 1130 ﬁant
1859 1092 1874 1129 :
1915 1074 2092 1140 Vettio,
2125 1075 2211 1130 in~

616 1162 760 1230 quit,
797 1169 857 1214 ut
897 1160 1096 1230 faciam
1142 1161 1474 1218 uoluntatem
1521 1171 1672 1221 tuam
1720 1166 1789 1221 “.
1972 1160 1983 1172 ”

688 1252 879 1308 XXIV.
920 1255 1312 1311 Demonstrato
1337 1258 1507 1328 igitur
1541 1261 1611 1316 iis
1633 1262 1727 1331 qui
1749 1278 1860 1319 non
1885 1270 2015 1319 sunt
2046 1264 2211 1321 nimis

616 1342 685 1396 ab
734 1342 1014 1398 audiendo
1057 1351 1114 1399 et
1152 1346 1476 1403 obedientia
1531 1352 1724 1417 alieni,
1761 1354 1909 1423 quod
1945 1355 2092 1411 Deus
2123 1363 2209 1411 est

614 1432 892 1502 Christus,
941 1446 1000 1491 et
1044 1439 1195 1507 quod
1242 1441 1442 1508 homo;
1490 1453 1547 1498 et
1589 1445 1739 1514 quod
1780 1446 1925 1501 Deus
1954 1449 2117 1503 simul
2155 1454 2211 1502 et

614 1525 783 1580 homo
812 1536 917 1593 est,
967 1530 1291 1586 testimonio
1347 1534 1488 1605 legis
1533 1545 1591 1590 et
1642 1537 2084 1606 prophetarum:
2124 1547 2207 1594 ta-

614 1620 776 1673 metsi
805 1636 1215 1690 supervacuum
1250 1624 1324 1679 sit
1357 1627 1838 1687 testimonia-Novi
1867 1630 2207 1687 Testan'lenti

613 1704 904 1771 adhibere,
958 1716 1141 1765 tamen
1191 1727 1260 1766 ex
1292 1713 1629 1771 redundanti
1676 1718 1947 1773 accedant
2002 1720 2070 1774 ad
2108 1736 2206 1776 ve-

617 1806 737 1852 tera
769 1814 909 1854 nova
950 1804 1073 1872 quae
1116 1806 1228 1862 illis
1279 1808 1411 1877 ipsis
1458 1821 1786 1877 consonent,
1826 1822 2091 1884 tanquam
2134 1814 2204 1871 ah

615 1906 729 1946 uno
773 1902 830 1948 et
873 1896 1067 1951 eodem
1104 1898 1317 1970 Spiritu
1359 1903 1588 1974 scripta.
1628 1903 1772 1971 Quid
1807 1915 1992 1961 autem
2023 1916 2108 1962 est
2147 1908 2203 1963 in

614 1983 703 2038 his
735 1987 1082 2056 explanatius
1116 1995 1342 2050 nomine
1369 1994 1715 2063 Emmanuel,
1755 1999 1895 2069 quod
1938 2001 2202 2072 interpre-

613 2081 788 2127 tatum
825 2085 922 2142 est,
972 2088 1033 2132 ut
1071 2082 1150 2135 ait
1181 2082 1528 2155 Evangelista
1565 2085 1610 2118 ’⁵⁸
1642 2104 1656 2141 :
1697 2087 1979 2161 Nobiscum
2014 2089 2205 2144 Deus?

612 2181 724 2220 non
768 2168 931 2223 aliter
976 2173 1273 2229 nobiscum
1308 2177 1456 2231 Deus
1487 2178 1692 2244 dictus,
1745 2179 1859 2234 nisi
1888 2181 2019 2251 quia
2056 2183 2204 2238 Deus

610 2266 734 2312 erat
767 2261 932 2316 simul
970 2273 1021 2317 et
1069 2268 1244 2334 homo,
1296 2285 1365 2324 ex
1415 2271 1581 2326 nobis
1631 2273 1798 2328 simul
1851 2284 1912 2329 et
1940 2291 2008 2330 ex
2038 2277 2152 2331 Deo
2186 2294 2200 2331 :

613 2350 936 2422 hujusmodi
983 2359 1133 2413 enim
1170 2370 1254 2416 est
1284 2366 1619 2433 compositio
1655 2365 1981 2423 Salvator‘is.
2044 2368 2203 2426 Unde

613 2456 739 2497 cum
780 2448 1024 2514 pontifex
1073 2452 1464 2523 jusjurandum
1509 2457 1562 2511 ei
1607 2460 2020 2528 proposuisset,
2068 2461 2201 2516 dum

608 2536 882 2606 judicium
932 2550 989 2595 et
1014 2544 1350 2601 calumniam
1378 2546 1615 2615 subiret,
1652 2551 1906 2622 nihilque
1939 2554 2013 2608 ad
2036 2554 2201 2611 falsas

612 2629 1036 2689 criminationes
1089 2634 1475 2707 responderet,
1529 2642 1902 2712 interrogatus
1962 2660 2034 2701 an
2082 2647 2199 2718 ipse

612 2721 790 2777 Filius
807 2724 903 2779 Dei
922 2736 1089 2792 esset,
1108 2731 1459 2786 commodum
1478 2724 1767 2803 respondit
1790 2754 1803 2791 :
1821 2737 1894 2791 Tu
1924 2738 2105 2794 dixisti
2122 2740 2195 2809 ";

613 2828 746 2870 sane
783 2818 1012 2885 quidem
1058 2836 1170 2875 non
1207 2837 1468 2880 assensus
1513 2825 1711 2882 fuisset
1755 2816 2197 2899 percunctationi

613 2906 756 2976 ejus,
810 2903 907 2976 qui
963 2902 1237 2968 malitiose
1268 2922 1325 2969 et
1353 2919 1688 2973 veteratorie
1727 2921 2114 2990 jusjurandum
2145 2924 2196 2979 ei

611 2994 907 3060 inferebat,
951 3001 1055 3054 nisi
1107 3006 1270 3072 plane
1322 3006 1493 3062 sciret
1542 3024 1599 3063 se
1652 3010 1827 3065 Deum
1861 3027 1983 3069 esse
2033 3015 2196 3071 simul

610 3093 668 3139 et
702 3086 1005 3144 hominem.
1042 3090 1259 3148 Etenim
1305 3095 1350 3151 si
1386 3097 1551 3152 homo
1596 3101 1775 3155 solum
1812 3110 1952 3169 erat,
1987 3113 2048 3159 ut
2077 3107 2200 3177 qui-

610 3176 736 3233 dam
786 3180 855 3235 de
897 3197 964 3237 eo
998 3186 1266 3252 sentiunt,
1306 3188 1585 3258 quomodo
1613 3191 1922 3250 aﬂirmabat
1948 3213 2006 3252 se
2030 3176 2203 3256 Deum

611 3269 681 3325 de
709 3276 814 3327 hoc
839 3273 1251 3347 interrogatus?
1281 3281 1403 3335 Non
1437 3284 1584 3337 enim
1614 3295 1868 3341 servatur
1897 3292 2203 3347 secundum

610 3362 747 3416 istos
790 3366 932 3420 ratio
979 3367 1146 3437 justi;
1183 3370 1459 3439 siquidem
1492 3373 1588 3443 qui
1622 3375 1940 3433 divinitatis
1970 3380 2202 3450 gloriam

608 3462 666 3507 et
701 3455 1020 3524 opinionem
1074 3459 1179 3514 sibi
1228 3463 1483 3530 assumit,
1537 3479 1663 3518 cum
1709 3467 1917 3538 alioqui
1971 3486 2085 3526 non
2131 3470 2203 3526 sit

609 3542 776 3609 Deus,
833 3560 945 3600 non
981 3549 1160 3602 solum
1198 3566 1309 3605 non
1335 3561 1419 3608 est
1461 3555 1668 3625 justus,
1714 3557 1811 3612 sed
1858 3559 2014 3616 valde
2052 3560 2201 3618 blas-

608 3636 885 3707 phemus;
926 3642 1078 3711 atqui
1122 3651 1384 3713 tanquam
1417 3646 1798 3717 blasphemum
1826 3646 1960 3705 fat'ui
1987 3660 2042 3706 et
2069 3654 2198 3709 caeci

606 3745 733 3784 cum
788 3731 856 3785 ad
898 3742 1131 3789 mortem
1183 3736 1608 3803 damnaverunt,
1645 3757 1757 3796 non
1802 3743 2194 3815 intelligentes,

605 3823 754 3891 quod
793 3825 940 3878 clare
970 3836 1026 3881 et
1054 3843 1187 3882 vere
1223 3828 1434 3884 dictum
1473 3844 1617 3887 erat.
1646 3832 1827 3899 Quare
1853 3835 2089 3891 alterum
2127 3854 2195 3894 ex

605 3912 827 3969 duobus
852 3919 1233 3973 necessarium
1273 3929 1378 3985 est,
1410 3930 1507 3976 aut
1538 3923 1792 3979 conﬁteri
1830 3940 1958 3981 eum
1983 3927 2192 3997 Deum';

600 4015 700 4059 aut
732 4021 914 4076 neque
962 4008 1243 4065 hominem
1289 4013 1513 4081 quidem
1536 4015 1771 4086 justum,
1819 4019 1916 4089 qui
1961 4035 2020 4076 se
2056 4022 2196 4081 dixit

605 4095 777 4152 Deum
801 4114 924 4154 esse
959 4117 972 4153 :
1005 4103 1152 4157 sicut
1179 4105 1327 4167 enim
1366 4107 1533 4164 unius
1577 4111 1799 4181 negatio
1844 4114 2075 4170 alterius
2107 4124 2193 4171 est

606 4191 914 4258 recusatio;
969 4193 1051 4248 sic
1089 4196 1259 4250 unius
1315 4196 1607 4253 aiiirmatio
1643 4201 1876 4258 alterius
1925 4211 2013 4259 est
2053 4221 2188 4261 con-

600 4276 864 4336 ﬁrmatio.
885 4282 1074 4353 Itaque
1092 4285 1489 4343 conﬁtentibus
1506 4289 1716 4360 justum
1747 4291 2027 4347 hominem
2043 4302 2186 4363 esse,

594 4373 877 4440 sequitur,
935 4383 995 4429 ut
1043 4378 1362 4432 necessario
1398 4382 1569 4435 Deum
1621 4396 1745 4437 esse
1794 4385 2183 4455 confiteantur,

594 4463 697 4532 qui
732 4463 872 4519 dixit
903 4480 964 4520 se
998 4481 1125 4523 esse
1155 4470 1349 4525 Deum.
1382 4470 1526 4539 Quid
1557 4474 1706 4529 enim
1741 4476 1928 4533 obstat
1954 4479 2085 4548 quin
2115 4479 2190 4537 ita

746 4600 905 4675 Psalr
942 4618 1125 4670 “xxx,
1182 4606 1233 4670 7,
1276 4605 1329 4661 8.
1408 4609 1453 4640 “‘
1491 4608 1683 4665 Matth.
1732 4628 1771 4675 ι,
1807 4612 1897 4667 25.

1977 4614 2022 4647 ⁸⁷
2055 4615 2249 4671 Matth.
2290 4634 2434 4682 xxvi,
2473 4620 2561 4675 64.

595 4669 649 4700 ⁸ο
683 4668 820 4726 ibid.
855 4674 939 4730 I9.
1018 4676 1062 4707 "
1086 4668 1290 4732 I'Joan.
1324 4695 1403 4745 III,
1435 4679 1490 4734 2.
1567 4682 1614 4712 δ’
1654 4668 1814 4737 Rom.
1838 4698 1914 4751 ιι,
1946 4685 1999 4739 5.
2057 4668 2201 4742 ίιέίριξ

2279 4668 2585 4755 ιζ’ὶιὶἰξιὶὀ.
2664 4692 2709 4724 ιι
2732 4668 2921 4748 {fit};
2955 4668 3014 4760 ὗζ

2306 538 2436 579 eum
2468 524 2642 590 misit,
2689 522 2801 580 non
2833 534 2920 582 est
2947 524 3290 585 credendum
3317 527 3368 585 ei
3398 544 3517 586 esse
3560 532 3744 602 Deum;
3766 540 3831 595 sin

2306 629 2441 668 vero
2474 614 2628 681 facit,
2651 628 2882 673 necesse
2908 627 2994 675 est
3014 620 3281 690 operibus
3310 622 3671 692 ejuscredere
3697 645 3709 679 :
3736 627 3834 686 haec

2308 706 2455 761 enim
2508 707 2897 765 demonstrant
2949 707 3342 778 substantiam,
3388 715 3679 771 secundum
3718 720 3838 777 avio-

2309 813 2398 854 ma
2426 787 2575 870 quod
2613 801 2695 856 ait
2723 819 2737 855 :
2764 800 3013 869 Quorum
3042 813 3129 860 est
3156 807 3406 875 operatio
3424 807 3633 876 eadem,
3659 816 3711 865 et
3736 811 3839 869 sub-

2306 892 2511 945 stantia
2561 904 2692 959 una,
2737 894 2931 949 eadem
2963 890 3074 950 erit
3120 903 3177 950 et
3209 897 3580 967 suboperatio.
3610 898 3838 966 Quocirca

2307 980 2368 1035 in
2415 992 2584 1038 carne
2636 983 2849 1047 latebat,
2912 987 3406 1044 consubstantialis
3453 988 3621 1057 Patri,
3658 991 3840 1048 eadem-

2308 1087 2417 1143 que
2472 1074 2553 1129 illi
2606 1075 2840 1143 faciens,
2896 1079 2994 1149 qui
3048 1079 3281 1135 aiebat:
3328 1079 3494 1135 Pater
3533 1097 3672 1136 meus
3710 1098 3839 1155 usque

2309 1166 2463 1219 modo
2506 1176 2789 1238 operatur;
2828 1176 2876 1223 et
2916 1184 3010 1241 ego
3051 1176 3243 1242 operor
3274 1171 3341 1226 δ’.
3367 1172 3438 1228 Et
3482 1173 3834 1241 iterum-zona

2308 1257 2446 1311 uidet
2480 1258 2698 1313 Patrem
2732 1258 3033 1330 facientem,
3061 1262 3174 1318 hac
3194 1262 3362 1318 Filius
3388 1264 3629 1319 similiter
3655 1264 3764 1337 facit
3788 1270 3834 1322 ⁸⁸.

2383 1347 2547 1404 XXV.
2598 1348 2774 1407 Recte
2817 1366 2952 1424 ergo
2999 1353 3070 1410 de
3115 1355 3229 1410 Deo
3267 1354 3568 1412 sentientes
3602 1358 3836 1414 videbimus

2309 1455 2429 1494 eum
2459 1442 2618 1495 sicuti
2644 1443 2803 1509 est",
2836 1450 2948 1499 non
2988 1452 3231 1515 quantus
3258 1451 3344 1502 est
3369 1465 3383 1501 :
3408 1457 3493 1503 est
3532 1450 3836 1529 autem'Dm

2308 1530 2606 1589 benedictus
2641 1536 2698 1589 in
2727 1536 2950 1603 saecula,
2988 1546 3050 1592 ut
3087 1538 3386 1608 Apostolus
3419 1540 3497 1594 ait
3517 1540 3581 1594 ⁸².
3614 1538 3713 1595 Sed
3736 1541 3834 1596 licet

2308 1624 2454 1681 Deus
2484 1636 2591 1691 est,
2619 1615 2901 1686 tamenet
2917 1632 3090 1686 altera
3111 1642 3266 1701 parte
3288 1646 3313 1673 ι
3341 1648 3375 1687 a
3407 1649 3467 1690 se
3507 1633 3621 1705 ipse
3651 1642 3836 1692 vocatus

2308 1719 2605 1789 reperitur,
2630 1720 2767 1792 quin
2791 1723 2959 1779 etiam
2990 1739 3021 1779 a
3041 1724 3332 1796 discipulis
3360 1726 3503 1796 suis;
3535 1727 3704 1783 aiebat
3726 1730 3837 1782 enim

2241 1787 2279 1842 Β
2306 1787 2515 1868 Iudaeis
2548 1832 2562 1867 :
2591 1787 2744 1869 Nunc
2782 1814 3019 1887 quaeritis
3048 1834 3133 1872 me
3155 1787 3481 1889 interﬁcere,
3510 1822 3752 1875 hominem
3771 1824 3838 1892 qui

2307 1908 2583 1961 ueritatem
2618 1908 2760 1962 vobis
2795 1908 2915 1963 dico
2941 1908 3021 1977 ³³;
3054 1925 3179 1981 quae
3223 1911 3453 1982 quidem
3485 1927 3606 1968 cum
3643 1912 3838 1984 perfecte

2306 1995 2508 2053 Paulus
2552 1999 2903 2070 intelligeret,
2930 2014 3122 2056 vocem
3170 2017 3294 2072 quae
3333 2016 3522 2073 parem
3552 2001 3656 2056 vim
3691 2002 3837 2061 habet.

2304 2083 2360 2137 in
2396 2085 2658 2155 Epistolis
2711 2088 2827 2143 suis
2867 2089 3112 2159 reliquit,
3146 2106 3273 2147 cum
3298 2092 3450 2147 dixit
3476 2109 3489 2146 :
3515 2091 3676 2147 Homo
3719 2091 3839 2147 Chri-

2305 2184 2418 2230 stus
2451 2177 2624 2244 Jesus,
2663 2181 2757 2249 qui
2794 2179 2936 2234 dedit
2975 2196 3032 2234 se
3072 2182 3247 2253 ipsum
3287 2198 3386 2253 pro
3439 2182 3745 2238 omnibus“.
3773 2182 3841 2237 Sic

2311 2269 2477 2340 igitur
2501 2270 2597 2340 qui
2621 2271 2740 2326 sine
2766 2273 3125 2328 contentione
3157 2274 3378 2344 qumrit,
3409 2289 3521 2329 non
3556 2273 3840 2329 aberrabita

2305 2363 2560 2429 veritate,
2626 2377 2749 2433 quae
2798 2362 2868 2419 iis
2921 2364 3013 2435 qui
3054 2379 3176 2420 eam
3229 2364 3584 2431 desiderant,
3631 2362 3838 2435 pateﬁeri

2304 2463 2505 2526 potest,
2537 2457 2698 2527 cujus
2732 2471 2833 2510 nos
2873 2456 3057 2527 cupidi
3092 2466 3150 2513 et
3186 2458 3423 2514 studiosi
3457 2473 3631 2530 pauca
3655 2472 3716 2513 ex
3740 2456 3841 2511 mul-

2304 2545 2377 2600 tis
2406 2561 2528 2616 quas
2570 2547 2625 2600 in
2666 2546 2872 2603 divinis
2906 2546 3209 2618 Scripturis
3235 2549 3487 2620 disperso
3513 2550 3840 2611 continentur,

2301 2640 2680 2710 exposuimus,
2709 2649 2977 2711 quantum
2994 2642 3266 2697 memoria
3293 2657 3364 2698 ex
3390 2648 3634 2714 tempore
3660 2640 3837 2697 obtulit.

2302 2731 2541 2787 Possunt
2581 2742 2765 2787 autem
2806 2733 2904 2803 qui
2950 2733 3126 2789 libros
3165 2748 3354 2801 saeros
3397 2734 3457 2789 in
3495 2733 3733 2806 manibus
3771 2731 3841 2786 lis-

2302 2822 2455 2887 bent,
2511 2823 2772 2895 colligere
2824 2825 3013 2880 omnia
3068 2825 3138 2881 de
3196 2841 3257 2882 re
3307 2826 3435 2893 hac,
3475 2837 3532 2882 et
3588 2826 3769 2881 habere
3799 2822 3838 2876 in

2300 2922 2561 2984 promptu
2590 2914 2657 2969 ad
2679 2930 2835 2970 suam
2860 2915 3158 2971 utilitatem
3181 2923 3239 2970 et
3269 2915 3704 2988 redarguendum
3725 2926 3837 2968 meu-

2301 3007 2523 3063 dacium
2558 3025 2570 3060 :
2603 3009 2751 3079 quod
2803 3009 3026 3080 quidem
3056 3024 3159 3080 ego
3184 3024 3337 3065 nunc
3377 3009 3562 3066 facere
3593 3025 3699 3083 non
3723 3008 3839 3079 potui

2228 3127 2271 3184 C
2305 3100 2363 3155 in
2399 3101 2615 3157 exsilio.
2657 3101 2765 3157 Sed
2807 3118 2934 3158 eum
2988 3118 3163 3175 pauca
3211 3102 3458 3159 habeant
3492 3103 3726 3160 eamdem
3756 3102 3838 3156 vim

2309 3209 2473 3264 quam
2501 3194 2709 3249 habent
2743 3197 2935 3262 multa,
2972 3197 3220 3266 paucitas
3247 3212 3447 3252 eorum
3486 3213 3606 3268 qua:
3640 3194 3837 3266 exposita

2307 3293 2457 3352 sunt,
2491 3301 2603 3342 non
2630 3287 2875 3361 obstabit
2915 3289 2984 3344 iis
3021 3288 3116 3360 qui
3145 3290 3429 3345 voluerint
3456 3300 3664 3346 certum
3698 3296 3746 3344 et
3767 3303 3838 3343 ex-

2304 3379 2581 3450 ploratum
2618 3379 2846 3443 habere,
2890 3382 2945 3435 in
2977 3398 3089 3452 quo
3129 3397 3271 3454 opus
3304 3390 3427 3438 erat
3470 3377 3835 3450 habere:quod

2303 3473 2454 3527 enim
2483 3471 2647 3527 ﬁdem
2680 3481 2736 3527 et
2780 3475 3166 3530 auctoritatem
3200 3474 3372 3531 habet
3406 3474 3461 3529 in
3503 3490 3612 3529 uno
3640 3471 3764 3544 quod
3784 3470 3834 3525 ab

2302 3578 2370 3618 eo
2417 3562 2643 3629 dicitur,
2675 3578 2784 3618 non
2835 3563 3022 3618 minus
3055 3564 3329 3621 credibile
3368 3565 3524 3632 facit,
3567 3578 3719 3636 quam
3748 3561 3833 3616 sia

2301 3654 2455 3709 mille
2482 3655 2684 3710 similis
2729 3656 3075 3717 auctoritatis
3112 3657 3323 3713 dictum
3358 3666 3537 3725 esset;
3565 3657 3699 3712 idem
3721 3653 3832 3710 enim

2299 3744 2533 3815 spiritus
2563 3753 2651 3801 est
2681 3746 2739 3801 in
2783 3746 3063 3802 omnibus.
3094 3748 3200 3804 Sed
3251 3748 3387 3819 quid
3418 3764 3557 3820 opus
3592 3756 3673 3803 est
3697 3743 3832 3817 pluri-

2298 3836 2405 3893 bus
2433 3838 2660 3893 verbis?
2696 3838 2981 3909 Siquidem
3023 3842 3143 3912 ipse
3173 3857 3203 3897 a
3232 3857 3346 3913 quo
3383 3842 3620 3913 Spiritus
3657 3846 3832 3896 sanctus

2296 3933 2568 4001 procedit,
2623 3933 2693 3988 de
2744 3933 2930 4005 seipse
2988 3943 3178 4006 aperte
3231 3939 3608 3994 testimonium
3654 3928 3830 3991 veritati

2295 4023 2524 4094 praebet,
2557 4026 2652 4096 qui
2692 4027 2956 4096 seipsum,
2983 4037 3041 4083 et
3062 4028 3209 4099 quod
3243 4030 3300 4085 in
3331 4046 3393 4086 se
3416 4038 3523 4099 est,
3556 4025 3827 4101 cognoscit:

2295 4114 2417 4187 Ipse
2445 4118 2609 4183 enim,
2644 4119 2824 4189 inquit
2846 4120 3222 4192 Evangelista,
3257 4124 3482 4199 sciebat,
3506 4123 3632 4196 quid
3655 4117 3825 4176 essetin

2292 4208 2503 4262 homine
2522 4210 2591 4264 ³³.
2619 4209 2766 4267 Satis
2824 4211 3131 4269 hactenus:
3161 4229 3459 4287 pergamus
3509 4216 3745 4284 deinceps
3774 4205 3826 4263 ad

2290 4304 2703 4369 exponendum,
2740 4319 2841 4374 pro
2863 4300 3100 4373 viribus,
3132 4322 3256 4376 qua:
3300 4308 3370 4363 ad
3403 4308 3699 4380 passionem
3732 4302 3826 4358 Sal-

2223 4471 2267 4526 D
2289 4393 2494 4449 vatoris
2520 4396 2821 4465 pertinent.

3385 4628 3431 4660 ’δ’
3476 4627 3628 4684 Joan.
3671 4641 3717 4688 v,
3753 4620 3817 4677 17.

3271 4697 3318 4729 ⁸⁸
3345 4697 3507 4756 Joan.
3541 4714 3598 4764 tt,
3634 4695 3711 4751 25.

2670 4622 2715 4652 ⁸⁸
2761 4623 2921 4682 Joan.
2957 4641 3014 4689 κ,
3057 4625 3147 4689 37,
3195 4624 3286 4681 58.

1881 4796 2113 4853 VARUE
2154 4794 2562 4859 LECTIONES.

665 4883 693 4914 ι
725 4872 809 4928 Ex
839 4874 1011 4930 altera
1039 4886 1213 4949 parte.
1244 4878 1325 4934 Ex
1357 4893 1619 4937 contextu
1660 4882 1750 4939 hic
1775 4902 1881 4940 vos
1914 4888 2069 4941 homo
2103 4887 2299 4946 deesse
2323 4892 2565 4947 videtur.

619 5030 3805 5081 “Ww-

2189 5154 2290 5216 IV.
2596 5202 2607 5211 .

1311 5260 1419 5321 DE
1470 5262 1860 5326 PASSIONE
1905 5268 2007 5328 ET
2059 5268 2761 5341 IMPASSIBILITATE
2801 5280 3147 5347 CHRISTI.

661 5468 703 5525 I.
734 5469 870 5525 Cum
908 5487 966 5527 se
995 5472 1249 5530 Christus
1283 5492 1384 5547 per
1418 5492 1483 5532 ea
1528 5493 1650 5548 quae
1672 5478 1893 5535 dicebat
1926 5490 1984 5537 et
2009 5482 2180 5540 facie-

588 5558 705 5625 bat,
754 5577 948 5617 verum
991 5564 1162 5619 Deum
1212 5576 1269 5622 et
1310 5568 1605 5624 Dominum
1654 5570 1895 5628 universi
1946 5572 2177 5629 demon-

588 5656 838 5716 strasset,
868 5653 1089 5709 diccbat
1121 5656 1409 5728 discipulis
1457 5661 1573 5716 suis
1620 5677 1956 5721 ascensurus
1985 5665 2178 5721 iliero-

2286 5489 2551 5571 solymam
2578 5509 2592 5547 :
2620 5491 2756 5549 Ecce
2789 5499 3120 5555 ascendimus
3156 5500 3592 5575 Hierosolymam,
3620 5495 3807 5555 “filius

2283 5579 2512 5637 hominis
2545 5585 2786 5641 tradetur
2814 5591 3059 5660 gentibus
3105 5603 3155 5647 ct
3196 5594 3526 5666 pontiﬁcibus
3557 5604 3600 5647 et
3631 5586 3804 5647 Scribis,

2283 5672 2354 5725 σά
2390 5673 2799 5743 βαθεηαηάαηι,
2836 5690 2885 5735 et
2910 5680 3257 5750 illudendum,
3288 5693 3339 5739 et
3365 5671 3803 5753 cruci/igcudum".

657 5765 704 5796 “
738 5765 930 5822 Matth.
989 5784 1071 5837 xx,
1122 5771 1205 5840 18,
1258 5774 1354 5840 i9;
1405 5776 1568 5832 Marc.
1602 5794 1653 5846 x,
1694 5778 1908 5848 53,54;
1938 5780 2073 5836 Luc.
2115 5797 2262 5850 xvm,
2302 5785 2496 5846 51-33.
