4098 6420
319 311 469 382 i359

812 314 1097 379 ORATIO
1135 316 1236 382 IV.
1265 344 1330 358 υ*
1363 319 1464 382 DE
1502 313 1872 382 PASSIONE
1910 311 2011 381 ET
2050 316 2720 384 IMPASSIBILITATE
2755 322 3068 386 CHRISTI

3453 319 3596 388 i350

307 430 512 488 Aiebat
556 417 741 486 autem
784 429 902 486 hac
943 437 1070 500 quae
1101 438 1262 486 erant
1293 441 1666 488 consentanea
1698 431 1896 506 praedi-
1931 454 1976 510 Α
2006 434 2090 492 vit
2119 435 2420 507 accepisse,
2443 433 2752 506 inquiens:
2784 436 2929 492 Data
2953 449 3030 492 est
3065 437 3194 494 mihi
3233 440 3405 496 omnis
3439 454 3590 512 pote-

306 527 599 579 ctlonlhus
649 521 1069 592 prophetarum,
1128 524 1224 594 qui
1279 523 1652 595 praedixerant
1693 525 1904 581 exitum

2005 538 2122 584 stas
2164 530 2221 584 in
2260 528 2390 584 caelo
2441 538 2490 585 et
2541 531 2597 584 in
2633 537 2781 587 terra
2801 529 2882 597 ⁸⁸;
2913 541 2976 585 ut
3002 531 3117 602 jam
3160 525 3454 590 manifeste
3489 535 3593 594 de-

307 629 482 686 quem
530 622 652 669 erat
703 611 1101 685 Hierosolymis
1128 615 1380 674 facturus
1419 618 1616 674 tunde
1654 616 1905 690 tempore
2001 627 2373 678 monstratum
2404 621 2499 690 sit,
2533 622 2698 694 hujus
2722 623 2912 694 gloriae
2941 638 3164 680 causam
3195 640 3314 681 esse
3346 641 3589 695 crucem,

309 709 468 764 illius
503 706 838 762 incursionis
859 707 1281 774 sceleratorum,
1313 711 1540 781 quando
1565 727 1690 767 cum
1709 711 1906 784 gladiis

309 808 375 854 et
406 793 647 879 fustibus
674 808 951 854 venerunt
983 799 1052 854 ad
1079 785 1662 872 comprehendendum
1693 803 1902 870 Jesum,

307 893 460 948 duce
507 891 660 947 illius
694 900 894 947 turmae
924 891 1088 959 Juda,
1125 907 1290 965 quem
1339 895 1539 950 melius
1571 894 1767 950 fuisset
1794 911 1907 951 non

307 999 441 1042 csse
477 993 696 1052 natum;
731 999 858 1041 cum
888 984 1086 1040 Petrus
1129 985 1384 1042 districto
1410 983 1638 1064 gladio,
1662 995 1718 1042 et
1761 988 1910 1044 auri-

312 1078 444 1133 cula
473 1076 757 1149 cujusdam
786 1075 984 1131 Mal'chi
1009 1077 1154 1132 servi
1187 1077 1464 1148 pontificis
1494 1063 1774 1148 amputata
1821 1079 1909 1134 in-

304 1169 521 1240 juriam
576 1167 825 1240 magistri
863 1167 1058 1224 ulcisci
1093 1169 1280 1236 vellet,
1317 1170 1435 1240 ipse
1478 1162 1748 1227 Dominus
1803 1173 1908 1228 Pe-

313 1271 471 1315 trum
504 1260 828 1330 increpans:
854 1257 1133 1325 Converte,
1153 1244 1619 1333 inquitLgIadium
1645 1263 1700 1316 in
1731 1261 1910 1318 locum

311 1367 512 1417 suum;
552 1367 734 1407 omnes
779 1352 920 1407 enim
959 1351 1052 1424 qui
1097 1354 1394 1426 acceperint
1425 1352 1694 1426 gladium,
1722 1353 1906 1426 gladio

311 1445 587 1516 peribunt.
627 1443 710 1499 An
757 1453 938 1516 putas,
975 1446 1116 1516 quod
1158 1463 1264 1501 non
1305 1445 1517 1518 possum
1567 1463 1759 1518 rogare
1793 1446 1905 1504 Pa—

313 1547 460 1592 trem
488 1550 686 1603 meum,
719 1519 770 1592 et
797 1537 1052 1592 exhibebit
1082 1541 1210 1594 mihi
1236 1541 1390 1595 modo
1423 1541 1542 1614 plus
1580 1559 1744 1614 quam
1773 1541 1906 1596 duo-

312 1631 492 1684 decim
523 1628 752 1701 legiones
773 1629 1083 1702 angelorum
1106 1631 1132 1686 ?
1163 1629 1434 1697 Quomodo
1455 1649 1581 1701 ergo
1611 1632 1909 1705 implebun-

311 1732 414 1777 tur
443 1714 758 1794 Scriptum,
785 1725 912 1796 quia
935 1725 1011 1780 sic
1033 1735 1241 1796 aportet
1264 1725 1384 1794 ﬁeri
1399 1725 1480 1780 ’τῖ’
1497 1724 1554 1780 Si
1579 1741 1712 1797 ergo
1745 1741 1910 1796 opor-

2004 721 2061 768 et
2097 721 2340 769 mortem
2381 730 2482 786 per
2511 730 2735 770 crucem
2765 731 2778 769 :
2806 725 2926 771 erat
2959 717 3105 772 enim
3147 717 3467 774 universum
3498 736 3592 794 ge-

2005 822 2114 862 nus
2157 817 2410 864 nostrum
2470 823 2625 864 reum
2679 809 3060 880 mortis,'quia
3114 827 3293 866 omnes
3349 805 3594 880 peccare-

2007 901 2236 967 runt“;
2261 901 2508 956 stimulus
2539 910 2720 957 autem
2755 904 2940 957 mortis
2966 913 3242 974 peccatum
3283 915 3357 959 est
3377 907 3444 971 "',
3479 923 3592 978 quo

2005 1006 2108 1049 nos
2165 1009 2320 1050 mors
2376 995 2696 1051 vulneratos
2757 997 3074 1066 prostravit.
3117 997 3230 1052 Nec
3277 997 3440 1053 aliter
3495 998 3591 1069 qui

2005 1085 2178 1142 armis
2203 1087 2498 1158 expugnati
2529 1095 2584 1142 et
2611 1087 2754 1157 ca'pti
2797 1096 2975 1155 erant,
3008 1088 3116 1144 nisi
3148 1103 3246 1159 per
3297 1099 3530 1144 mortem
3562 1105 3593 1144 a

2005 1178 2245 1234 vinculis
2277 1178 2564 1234 servitutis
2589 1179 2814 1234 liberari
2849 1188 3102 1250 poterant
3129 1197 3142 1233 :
3174 1181 3419 1250 pretium
3442 1181 3590 1236 enim

2007 1265 2354 1346 liberatipnis
2387 1267 2444 1322 in
2477 1267 2761 1322 voluntate
2802 1283 2996 1323 eorum
3033 1268 3128 1338 qui
3175 1270 3425 1340 captivos
3453 1269 3594 1325 deti-

2007 1366 2164 1423 nent,
2196 1357 2439 1428 positum
2467 1368 2572 1416 est.
2613 1359 2734 1416 Non
2769 1369 2890 1415 erat
2929 1361 3120 1432 igitur,
3151 1363 3246 1432 qui
3284 1371 3472 1434 posset
3498 1377 3595 1420 ne-
3631 1417 3638 1424 .

2007 1445 2218 1515 gotium
2277 1449 2561 1518 suscipere
2610 1459 2668 1504 et
2717 1449 2992 1505 redimere
3039 1453 3460 1522 genus;nullus
3492 1454 3598 1508 bu—

2009 1532 2156 1592 inani
2188 1533 2408 1610 generis
2440 1539 2581 1594 liber
2610 1549 2729 1596 erat
2754 1556 2768 1594 :
2793 1541 2883 1615 vix
2919 1543 3068 1597 enim
3096 1543 3221 1614 quis
3246 1559 3348 1614 pro
3377 1559 3436 1600 se
3481 1561 3592 1600 mo-

2009 1627 2162 1684 riens
2203 1630 2426 1700 propria
2479 1623 2815 1702 obligatione
2866 1633 3160 1700 liberatur,
3211 1637 3307 1706 qui
3371 1637 3644 1692 minime'
3691 1641 3698 1646 ’

2009 1729 2192 1791 potest
2220 1723 2306 1777 vel
2339 1739 2511 1778 unum
2543 1739 2730 1780 secum
2761 1725 2998 1788 liberare
3026 1745 3038 1781 :
3066 1727 3214 1807 quod
3249 1729 3293 1785 si
3324 1745 3393 1786 ne
3425 1746 3595 1786 unum

306 1815 626 1882 rebatﬁeri,
658 1831 886 1873 necesse
915 1833 1142 1889 prorsus
1169 1826 1288 1874 erat
1319 1817 1440 1874 ﬁeri
1476 1837 1490 1874 ε
1520 1819 1666 1890 quod
1719 1827 1904 1875 autem
1941 1809 1980 1865 Β
2009 1813 2236 1884 quidem
2273 1825 2474 1886 potest,
2517 1817 2614 1888 qui
2645 1825 2882 1888 poterat'
2921 1827 3097 1874 totum
3125 1825 3395 1877 mundum
3423 1823 3600 1880 servi.

303 1925 547 1967 necesse
581 1919 665 1968 est
693 1921 754 1966 ut
785 1911 899 1979 ﬂat,
938 1929 1051 1968 non
1091 1921 1274 1984 potest
1303 1929 1413 1969 non
1458 1911 1598 1970 ﬁeri.
1633 1915 1772 1971 Cum
1805 1913 1906 1986 igio

307 2010 414 2076 tur
441 2002 624 2058 divina
646 2001 934 2076 Scriptura
952 2020 982 2060 a
998 2005 1276 2076 principio
1300 2006 1644 2076 praedixisset
1669 2017 1903 2062 mortem

307 2095 548 2158 Christi,
567 2097 916 2166 etpassiones
933 2107 1060 2152 ante
1079 2098 1312 2153 mortem
1333 2113 1597 2170 ;quaeque
1614 2108 1909 2171 postmor-

308 2195 436 2243 tem
463 2189 678 2258 corpori
697 2189 817 2260 ejus
846 2197 1066 2246 mortuo
1091 2189 1440 2256 acciderunt,
1470 2200 1526 2248 et
1563 2191 1714 2248 hunc
1732 2192 1907 2248 Deum

307 2281 413 2336 cui
445 2281 562 2337 haec
600 2274 948 2350 acciderunt,
1003 2283 1397 2355 impassibilem
1439 2293 1497 2342 et
1537 2274 1904 2340 immortalem

307 2371 610 2443 prtedicit:
643 2373 805 2428 aliter
861 2371 1010 2430 enim
1050 2390 1341 2454 nunquam
1380 2375 1530 2432 Deus
1569 2377 1758 2440 fuerit,
1797 2373 1906 2431 nisi

314 2463 388 2520 in
417 2463 702 2520 Veritatem
735 2465 1136 2522 incarnationis
1179 2467 1482 2535 intuentes,
1521 2454 1678 2536 illinc
1712 2483 1909 2525 causas

317 2557 597 2614 ducamus
624 2566 770 2613 recte
814 2567 872 2614 et
915 2558 1065 2631 juste
1096 2547 1396 2632 utrumque
1423 2561 1747 2622 conﬁtendi.
1787 2577 1910 2633 pas-

314 2650 540 2706 sionem
607 2636 821 2706 scilicet
868 2660 926 2708 et
989 2651 1524 2723 impassibilitatem;
1575 2670 1639 2709 ac
1686 2667 1910 2710 causam

313 2741 554 2813 Quidem
581 2743 807 2814 propter
833 2759 997 2814 quam
1032 2745 1272 2801 Verbum
1299 2745 1420 2810 Dei,
1445 2746 1651 2817 alioqui
1705 2748 1912 2818 impas-

307 2833 505 2908 sibile,
535 2829 602 2890 ad
643 2837 954 2906 passionem
981 2837 1167 2904 venit;
1189 2837 1400 2908 quippe
1429 2853 1555 2892 cum
1583 2853 1693 2893 non
1727 2848 1913 2909 posset

300 2927 482 2982 aliter
543 2926 712 2982 homo
769 2927 955 2984 salvus
1006 2927 1161 2994 fieri,
1214 2929 1332 3000 ipse
1391 2929 1544 2984 solus
1609 2929 1797 2996 novit,
1857 2937 1913 2985 et

299 3019 676 3093 quibus‘ipse
704 3021 922 3090 aperuit
953 3039 966 3076 :
996 3022 1180 3102 omnia
1207 3023 1355 3077 enim
1377 3022 1535 3076 novit
1572 3037 1695 3092 quae
1733 3021 1913 3077 Patris

300 3121 469 3177 sunt,
497 3113 641 3169 sicut
673 3132 687 3168 :
713 3111 1241 3184 Spiritusscrutatur
1261 3113 1533 3184 profunda
1552 3113 1598 3147 "'
1631 3114 1907 3184 mysteria.

2016 1907 2132 1960 tute
2165 1905 2404 1963 liberare
2430 1907 2454 1962 ?
2485 1907 2601 1964 Etsi
2661 1909 2829 1976 enim,
2857 1917 2922 1965 ut
2947 1903 3078 1966 'hoc
3113 1927 3402 1983 ponamus,
3433 1931 3600 1972 unus-

2013 1999 2544 2080 quisqueidoneus
2599 2000 2796 2056 fuisset
2841 2003 2908 2057 ad
2957 2002 3343 2060 liberationem
3399 2022 3596 2061 suam:

2015 2093 2198 2148 tamen
2229 2109 2342 2148 non
2370 2095 2622 2158 decebat,
2667 2105 2728 2152 ut
2755 2113 2951 2154 omnes
2993 2107 3364 2167 morerentur,
3395 2109 3452 2156 et
3481 2099 3600 2156 om?

2013 2193 2116 2240 nes
2159 2186 2262 2241 sub
2295 2196 2570 2256 potestate
2611 2177 2818 2246 mortis.
2857 2200 3228 2247 remanerent.
3259 2192 3430 2265 Cujus
3469 2209 3598 2266 ergo

2015 2288 2136 2336 erat
2167 2289 2275 2336 tam
2311 2283 2590 2337 excellens
2629 2283 2911 2339 cilicium?
2939 2286 3154 2342 scilicet
3201 2288 3458 2358 alicujus,
3503 2289 3598 2358 q'ui

2015 2385 2243 2442 peccare
2269 2387 2380 2426 non
2407 2375 2696 2442 potuisset.
2727 2375 2862 2442 Quis
2889 2384 3072 2432 autem
3097 2393 3163 2432 ex
3191 2379 3448 2434 omnibus
3481 2390 3601 2436 erat

2016 2463 2112 2532 qui
2149 2479 2382 2534 peccare
2427 2467 2700 2543 nequiret,
2728 2468 2832 2522 nisi
2862 2470 3014 2524 solus
3059 2470 3244 2525 Dens?
3273 2471 3444 2542 Igitur
3471 2474 3599 2543 quia

2017 2554 2114 2609 Dei
2145 2567 2265 2610 erat
2320 2555 2425 2612 hoc
2473 2541 2824 2628 opus,idqnc
2867 2561 2988 2616 sine
3019 2569 3194 2616 morte
3226 2570 3283 2617 et
3305 2541 3443 2618 eine
3474 2541 3598 2634 pas-

2019 2644 2272 2702 sionibus
2309 2665 2431 2718 quae
2467 2649 2632 2704 morti
2667 2653 3026 2720 antecedunt,
3066 2654 3260 2724 perlici
3293 2671 3406 2710 non
3444 2667 3601 2727 pote-

2017 2746 2135 2804 rat;
2165 2739 2313 2794 Deus
2345 2749 2528 2795 autem
2555 2743 2777 2811 penitus
2807 2761 2916 2799 non
2941 2753 3026 2800 est
3053 2761 3221 2816 capax
3251 2757 3446 2803 mortis
3474 2769 3486 2802 :
3511 2765 3601 2805 as-

2019 2830 2258 2900 sumpsit
2293 2842 2568 2898 naturam,
2603 2845 2807 2892 nostrze
2853 2839 3384 2895 consubstantialem
3416 2849 3472 2894 et
3504 2857 3605 2911 per

2019 2919 2233 3002 Omnia.
2255 2921 2512 2986 similem,
2559 2941 2684 2994 quae
2715 2927 3004 2996 passiones
3049 2942 3104 2984 et
3137 2938 3373 2985 mortem
3405 2947 3603 3002 capere

2019 3017 2237 3076 posset;
2287 3009 2543 3079 praebens
2584 3015 2748 3069 simul
2803 3013 3152 3074 occasionem
3203 3015 3370 3076 morti
3423 3039 3603 3094 oppu-

2020 3101 2222 3170 gnandi
2277 3115 2626 3176 carnem,,ct
2690 3106 2864 3176 ipsam
2907 3119 3142 3165 mortem
3192 3129 3296 3183 per
3349 3125 3601 3190 naturam

390 3175 463 3261 ιι,⁷
490 3175 882 3262 γει-υιηιει”ιηεη
941 3175 1236 3277 δροηειηι
1261 3175 1420 3277 ’ρειὶῖ
1469 3175 1793 3274 αδτῖεὶιίηις
1857 3215 1914 3262 ει
1940 3175 1984 3232 c
2019 3195 2186 3250 morti
2218 3196 2524 3268 subjectum
2556 3199 2897 3256 dccerlando
2933 3183 3373 3276 expugnaturus,
3409 3219 3470 3262 ut
3503 3226 3606 3265 ne-

303 3313 435 3354 non
474 3307 694 3369 poterat
737 3301 964 3370 penitus
1010 3314 1120 3354 non
1173 3286 1304 3356 ﬁeri.
1347 3297 1553 3370 passio,
1600 3299 1748 3354 sicut
1794 3295 1912 3370 ipse

303 3389 632 3457 aﬂlrmavit,
664 3407 792 3448 cum
831 3383 1014 3446 tardos
1055 3400 1103 3446 et
1143 3391 1334 3447 stultos
1364 3391 1578 3447 vocavit
1601 3391 1646 3424 ⁸⁸
1668 3405 1766 3446 eos
1815 3391 1911 3462 qui

307 3483 655 3554 ignombant
688 3481 772 3538 sic
801 3491 1062 3553 oportere
1089 3481 1372 3538 Christum
1399 3482 1538 3553 pati,
1586 3490 1642 3538 et
1696 3481 1911 3554 ingredi

310 3577 374 3630 in
407 3575 633 3647 gleriam
687 3589 862 3631 suam.
908 3573 1196 3646 Siquidem
1241 3575 1399 3628 exivit
1431 3575 1502 3628 ad
1529 3574 1763 3630 salutem
1797 3585 1912 3648 ’ρο-

307 3669 437 3740 puli
463 3671 545 3723 sui
561 3669 629 3735 ⁸ο,
673 3669 862 3724 relicta
897 3668 1071 3740 gloria
1125 3659 1216 3723 illa
1262 3679 1428 3738 quam
1481 3667 1726 3723 habebat
1764 3667 1911 3739 apud

313 3763 540 3818 Patrem
593 3769 722 3818 ante
761 3749 926 3834 quam
965 3761 1210 3816 mundus
1245 3760 1402 3816 ﬁeret
1419 3761 1502 3828 δίς
1545 3762 1696 3818 salus
1723 3769 1910 3816 autem

308 3856 728 3912 consummatio
770 3863 912 3920 erat,
971 3869 1094 3926 qua:
1149 3854 1444 3925 oportebat
1472 3863 1534 3909 ut
1569 3871 1670 3925 per
1697 3855 1913 3925 passio-

312 3964 451 4003 nem
503 3945 680 4012 ficret,
730 3953 787 4002 et
841 3946 1052 4000 aucturi
1083 3945 1210 4000 vitae
1259 3953 1466 4000 nostrae
1509 3945 1908 4011 ascriberetur,

313 4039 469 4096 sicut
507 4037 708 4094 Paulus
739 4037 926 4104 docet,
952 4051 1080 4092 cum
1109 4038 1186 4092 ait
1218 4037 1442 4108 :Ipsum
1495 4053 1604 4092 esse
1639 4045 1911 4092 auctorem

316 4133 446 4186 vita:
497 4147 591 4203 per
633 4111 907 4202 passiones
969 4138 1399 4184 consummatum
1421 4130 1489 4184 ".
1554 4127 1623 4184 Et
1689 4129 1912 4185 videtur

314 4219 732 4292 quodammodo
769 4220 941 4291 gloria
968 4219 1275 4290 Unigeniti,
1307 4228 1464 4276 extra
1495 4235 1660 4290 quam
1693 4219 1760 4276 ad
1786 4219 1912 4276 bre-

314 4325 388 4366 ve
419 4319 634 4382 tempus
660 4319 884 4382 propter
935 4328 1036 4368 nos
1089 4311 1292 4389 fuerat,
1330 4327 1430 4382 per
1471 4327 1694 4368 crucem
1728 4313 1909 4368 eidem

316 4403 580 4457 restituta
618 4403 674 4457 in
717 4417 885 4458 carne
919 4410 1239 4474 assumpta;
1271 4403 1350 4458 ait
1391 4403 1542 4460 enim
1585 4402 1734 4472 ﬁlius
1769 4404 1912 4459 toni-

323 4492 439 4550 trui
484 4493 538 4546 in
591 4485 887 4564 Evangelio
945 4507 1069 4558 suo,
1137 4509 1263 4549 cum
1311 4494 1562 4564 exponit,
1607 4509 1732 4565 quae
1762 4495 1912 4551 esset
1941 4534 1986 4590 Β

319 4587 610 4657 aqua.illa
684 4603 852 4658 quam
895 4587 1034 4642 dixit
1075 4587 1331 4643 Salvator
1386 4587 1604 4659 ﬂuxisse
1651 4595 1910 4658 tanquam

315 4678 548 4747 ﬂumina
569 4678 632 4732 de
657 4689 838 4733 uentre
861 4679 1119 4733 credentis
1151 4697 1170 4736 :
1195 4676 1307 4732 Hoc
1336 4685 1536 4743 autem,
1560 4675 1761 4746 inquit,
1779 4675 1913 4730 dixit

313 4768 385 4824 de
423 4767 628 4840 Spiritu
654 4779 860 4838 sancto,
895 4789 1051 4842 quem
1075 4772 1342 4842 accepturi
1371 4779 1527 4826 erant
1551 4769 1820 4823 credentes
1855 4769 1912 4822 in

316 4879 448 4918 eum
476 4879 495 4918 :
527 4865 766 4918 nondum
811 4865 953 4918 enim
982 4864 1140 4918 datus
1170 4871 1287 4919 erat
1317 4861 1570 4936 Spiritus,
1601 4863 1726 4934 quia
1756 4861 1912 4916 Jesus

319 4955 562 5011 nondum
586 4965 703 5011 erat
740 4956 1070 5029 gloriﬁcatus
1093 4955 1167 5024 ⁶³;
1193 4955 1425 5028 gloriam
1476 4965 1634 5032 vocat
1675 4961 1908 5009 mortem

317 5049 380 5105 in
413 5063 596 5105 cruce.
633 5049 790 5106 Unde
821 5049 1090 5105 Dominus
1105 5048 1174 5114 “,
1209 5061 1334 5104 cum
1365 5062 1576 5118 preces,
1614 5041 1906 5116 antequam

315 5156 546 5198 crucem
591 5141 826 5208 subiret,
857 5141 1172 5207 adhiberet,
1207 5140 1428 5196 Patrem
1469 5139 1822 5210 precabatur,
1848 5143 1910 5192 ut

313 5232 726 5308 gloriﬁcaretur
759 5249 826 5290 ea
877 5233 1055 5306 gloria
1097 5249 1262 5306 quam
1295 5231 1532 5288 habebat
1565 5231 1713 5303 apud
1754 5247 1908 5299 eum,

313 5334 624 5396 antequam,
647 5325 890 5382 mundus
917 5335 1084 5382 esset.

388 5417 482 5476 lii.
519 5419 654 5477 Post
710 5419 1180 5475 resurrectionem
1241 5430 1376 5473 vero
1415 5417 1549 5473 dum
1588 5423 1909 5472 versaretur

307 5529 442 5570 cum
486 5511 775 5584 discipulis
818 5512 960 5578 suis,
1003 5511 1149 5567 hanc
1193 5526 1360 5582 quam
1391 5510 1636 5582 petebat,
1669 5507 1908 5564 afﬁrma-

388 5655 438 5688 ⁵⁷
459 5653 652 5710 Matth.
678 5671 824 5722 xxv1,
847 5655 1032 5712 52-54.

315 5751 383 5788 ιι.
413 5725 500 5780 NL
579 5727 624 5759 ⁸³
647 5724 807 5782 Joan.
850 5743 946 5790 v11,
981 5726 1072 5791 58,
1109 5727 1197 5781 '59.
1279 5727 1323 5757 “
1345 5726 1504 5782 Joan.
1537 5741 1666 5788 xv",
1702 5726 1755 5780 5.

2014 3299 2123 3367 que
2164 3302 2313 3343 mors
2358 3289 2547 3344 dicere
2585 3301 2770 3360 posset
2815 3308 2874 3348 se
2917 3311 3024 3349 non
3062 3296 3130 3350 ab
3163 3296 3408 3366 homine,
3451 3303 3546 3356 sed
3574 3319 3604 3356 a

2014 3373 2128 3428 Deo
2161 3385 2476 3445 superatam
2531 3392 2694 3447 esse;
2750 3397 2932 3452 neque
2993 3400 3098 3440 nos
3133 3387 3329 3443 molles
3361 3389 3606 3446 efﬁcere-

2013 3481 2139 3520 mur
2171 3467 2238 3522 ad
2279 3477 2584 3537 certamen,
2619 3487 2744 3528 cum
2781 3479 3000 3544 tempus
3029 3487 3255 3533 vocaret
3281 3497 3294 3533 :
3321 3481 3600 3552 siquidem

2012 3559 2323 3628 exemplum
2379 3559 2712 3618 haberemus
2761 3563 2818 3618 in
2879 3581 3044 3622 carne
3083 3569 3332 3640 ejusdem
3391 3582 3603 3628 natura:

2013 3663 2078 3704 ac
2101 3650 2448 3732 substantiae,
2480 3652 2537 3707 in
2573 3670 2680 3724 qua
2713 3665 3005 3726 peccatum
3031 3659 3350 3716 damnatum
3384 3664 3608 3732 fuisset,

2012 3738 2160 3810 quod
2191 3725 2374 3796 locum
2403 3743 2617 3798 nullum
2649 3725 2801 3802 iniea
2826 3749 3147 3818 reperissct.
3174 3749 3599 3812 Conﬂixitenim

2013 3845 2112 3900 per
2152 3847 2272 3887 eam
2310 3849 2436 3889 cum
2486 3843 2663 3892 morte
2730 3837 3153 3909 impassibiliter
3179 3843 3424 3900 Verbum
3477 3847 3606 3916 Dei,

2012 3921 2143 3993 quia
2179 3925 2352 3996 ipsam
2378 3941 2601 3982 carnem
2635 3931 2915 4000 propriam
2949 3932 3101 4002 fecit,
3137 3943 3194 3991 et
3221 3952 3346 3992 cum
3383 3955 3446 3994 ea
3471 3941 3599 3994 uni—

2013 4023 2131 4070 tum
2165 4028 2271 4083 est,
2299 4019 2444 4075 sicut
2470 4021 2652 4077 anima
2679 4039 2805 4078 cum
2838 4040 3074 4097 corpore
3104 4048 3116 4082 :
3143 4029 3286 4085 hanc
3310 4034 3600 4102 proprium

2013 4123 2218 4180 corpus
2257 4120 2314 4166 et
2349 4127 2576 4168 carnem
2606 4121 2790 4169 vocat.
2837 4116 2904 4170 Et
2966 4119 3155 4181 omnia
3199 4137 3323 4190 quae
3383 4123 3439 4176 in
3483 4124 3606 4195 ipsa.

2011 4203 2155 4260 facta
2187 4215 2336 4284 sunt,
2369 4209 2596 4278 propria
2626 4209 2780 4264 ducit
2831 4219 2889 4266 et
2945 4221 3188 4282 reputat.
3217 4215 3500 4286 Siquidem
3531 4236 3600 4275 ex

2011 4305 2248 4366 persona
2285 4299 2408 4369 ejus
2441 4300 2644 4354 clamat
2671 4302 2941 4372 propheta
2975 4303 3236 4380 inquiens
3259 4325 3272 4360 :
3293 4305 3462 4380 Super
3503 4311 3604 4364 do-

2015 4388 2180 4443 lorem
2207 4389 2490 4444 uulnerum
2511 4407 2748 4447 meorum
2769 4377 3089 4449 addiderunt
3111 4396 3176 4451 ⁸⁸.
3199 4397 3415 4456 Vulnus
3438 4418 3600 4458 suum

2013 4491 2177 4538 vocat
2208 4483 2413 4538 vulnus
2441 4487 2695 4555 corporis
2727 4487 2847 4553 sui;
2880 4495 2936 4544 et
2965 4499 3152 4560 partes
3183 4495 3440 4562 corporis
3471 4512 3606 4566 pro-

2013 4573 2136 4643 pria
2163 4575 2408 4630 membra
2441 4586 2683 4646 reputat,
2711 4578 2857 4634 sicut
2891 4589 2948 4636 et
2975 4589 3148 4636 totum
3183 4599 3387 4654 corpus
3421 4604 3434 4638 :
3466 4585 3608 4642 Dor-

2011 4681 2130 4720 sum
2160 4683 2354 4729 meum,
2392 4666 2595 4740 inquit,
2627 4671 2748 4726 dedi
2779 4673 2834 4726 in
2865 4672 3083 4728 verbera
3103 4683 3155 4729 et
3179 4692 3344 4748 genas
3373 4695 3518 4732 meas
3543 4677 3604 4734 in

2013 4757 2322 4829 alapas;et-
2349 4758 2540 4829 faciem
2564 4776 2738 4816 meam
2763 4778 2869 4816 non
2897 4765 3068 4819 averti
3091 4783 3123 4820 a
3141 4766 3390 4821 dedecore
3419 4783 3608 4840 sputo-

2013 4867 2134 4906 rum
2147 4852 2292 4908 ".Et
2307 4867 2531 4909 rursus:
2552 4853 2818 4910 Foderunt
2835 4875 3026 4914 manus
3043 4876 3188 4914 meas
3205 4869 3254 4914 et
3269 4861 3424 4932 pedes
3440 4879 3605 4928 meos,

2011 4955 2060 5000 et
2079 4945 2545 5002 dinumeraverunt
2565 4951 2744 5004 omnia
2762 4967 2882 5006 ossa
2903 4969 3019 5007 mea
3039 4953 3108 5007 "°.
3126 4951 3305 5025 Atque
3326 4952 3442 5010 haec
3475 4956 3604 5026 qui-

2015 5038 2140 5094 dem
2163 5039 2380 5094 dicitde
2407 5042 2822 5113 corpore,quod
2841 5059 3002 5100 suum
3023 5043 3176 5100 dicit.
3206 5045 3274 5102 Et
3301 5063 3424 5118 quae
3451 5047 3605 5104 illata

2013 5129 2238 5187 fuerunt
2251 5133 2495 5203 corpori,
2514 5134 2643 5201 sibi,
2657 5137 2752 5205 qui
2774 5151 2976 5208 corpus
2992 5139 3260 5210 gestabat,
3277 5139 3428 5195 illata
3445 5137 3575 5196 dicit
3588 5182 3606 5195 .

2084 5229 2172 5285 ιν.
2209 5227 2482 5286 Caeterum
2513 5238 2571 5286 et
2602 5231 2720 5302 ipse
2750 5232 2908 5300 dicit,
2943 5250 3003 5290 se
3052 5251 3276 5306 passum
3309 5251 3452 5302 esse,
3483 5237 3607 5293 sine

2013 5320 2402 5376 nominatione
2435 5322 2712 5392 corporis,
2737 5331 2834 5378 aut
2884 5326 3279 5383 numeratione
3320 5326 3610 5382 membro-

2013 5430 2172 5479 rum;
2205 5423 2268 5468 ut
2295 5429 2422 5469 cum
2455 5419 2533 5470 ait
2573 5417 2844 5486 propheta
2875 5435 2890 5470 :
2921 5417 3200 5491 Tanquam
3227 5421 3336 5476 ovis
3362 5422 3435 5476 ad
3460 5423 3602 5477 occi-

2007 5509 2210 5562 sionem
2241 5507 2428 5562 ductus
2457 5516 2535 5562 est
2556 5509 2622 5562 7’.
2657 5509 2727 5564 Et
2760 5507 3073 5565 :Dederunt
3116 5511 3170 5568 in
3205 5514 3377 5569 cibum
3424 5532 3603 5570 meum

1148 5655 1238 5710 "l
1272 5653 1400 5711 Cor.
1434 5654 1589 5716 11,10.
1665 5653 1714 5688 "
1740 5653 1910 5710 Luc.:

1148 5728 1197 5780 9.
1279 5727 1323 5757 “
1345 5726 1504 5780 Joan.
1537 5741 1666 5780 xv".
1702 5726 1755 5780 5.
1858 5725 1903 5758 ⁸⁸

2012 5669 2052 5719 v,
2076 5653 2167 5708 25.
2219 5653 2296 5685 ·⁶⁶
2313 5651 2515 5710 Habac.
2545 5671 2623 5718 lli,
2649 5655 2736 5709 l5.
2815 5655 2855 5686 °‘
2885 5655 3043 5711 Joan.
3069 5670 3194 5719 xvn,
3223 5657 3276 5712 5.
3353 5657 3396 5690 ⁶¹
3423 5657 3602 5714 Hebr.

2012 5723 2126 5780 .tth.
2151 5740 2334 5780 xxvm.
2365 5724 2452 5778 l8.
2556 5727 2600 5757 “
2622 5725 2782 5780 Rom.
2814 5741 2891 5780 111.
2919 5725 3012 5780 9.3.
3105 5728 3154 5761 ⁸⁷
3183 5727 3199 5780 Ι
3227 5728 3358 5780 Cor.
3391 5743 3481 5780 xv.
3507 5730 3601 5780 56-

1987 5740 2126 5780 attn.
2151 5740 2334 5788 xxvm,
2365 5740 2452 5778 ιδ.

2556 5727 2600 5757 ⁸⁸
2622 5725 2782 5781 Rom.
2814 5741 2892 5792 111,
2919 5725 3012 5782 9.3.
3105 5728 3154 5761 ⁸⁷
3183 5727 3199 5782 I
3227 5728 3358 5783 Cor.
3391 5743 3482 5798 xv,
3507 5730 3601 5786 56.

315 5803 368 5833 εδ
402 5797 545 5853 Psal.
571 5813 756 5867 mm,
779 5798 870 5853 27.
947 5798 991 5830 "
1013 5797 1115 5852 lsa.
1149 5813 1196 5864 ι,
1220 5797 1274 5852 6.
1350 5798 1395 5828 ⁷⁸
1427 5798 1575 5852 Psal.
1601 5813 1710 5864 xxi,
1742 5795 1828 5850 1⁵7.
1905 5796 1945 5828 '"
1977 5795 2084 5851 lsa.
2111 5809 2226 5860 Llll,
2269 5794 2324 5848 7.
