4098 6430
619 293 759 354 1351

1749 299 1808 359 S.
1853 296 2254 358 ANAS’I‘ASII
2289 289 2764 358 ANTIOCHENI

3715 279 3822 346 1352

619 403 709 475 fet,
737 411 787 458 et
818 403 873 458 in
913 403 1001 458 siti
1033 419 1151 457 mea
1189 411 1501 474 potaverunt
1546 420 1626 458 me
1664 413 1810 458 aceto
1828 406 1894 458 τ’.
1951 404 2030 459 Ne
2077 405 2204 474 quis
2235 411 2280 467 Α
2311 403 2498 458 omnia
2528 400 2696 458 unius
2724 397 3046 472 etejusdem
3066 412 3186 455 esse
3213 397 3550 470 proﬁtemur.
3568 399 3820 470 passionem

620 495 819 560 divise,
857 494 954 550 sed
1001 496 1190 565 potius
1241 497 1534 566 conjuncte
1577 496 1762 551 omnia
1790 487 1879 551 'de
1929 497 2050 566 ipso
2097 496 2207 552 dici

619 595 804 657 putet;
841 587 1049 640 idcirco
1074 594 1129 640 et
1165 587 1406 642 humana
1433 596 1491 642 et
1523 587 1710 664 divina
1745 588 2115 644 communiter
2140 588 2209 644 de

622 678 742 749 ipso
777 678 1167 748 przedicantur,
1207 687 1388 734 mente
1428 678 1804 750 distinguente
1846 695 1969 749 quae
2003 689 2212 734 utram-

621 786 732 840 que
772 778 1030 825 naturam
1068 770 1398 826 condecent.
1446 770 1718 825 Divinitas
1769 770 1918 824 enim
1953 771 2212 841 impassi-

621 857 750 914 bilis
777 869 892 925 est;
931 870 986 915 et
1016 875 1127 914 non
1173 868 1356 930 potest
1413 875 1658 928 unquam
1711 861 1894 930 passio
1939 861 2212 932 attingere

624 951 1055 1021 impassibilcm;
1090 966 1192 1005 nec
1219 965 1571 1021 quaecunque
1613 951 1812 1006 animae
1842 952 2208 1017 conveniunt,

623 1053 720 1097 aut
753 1047 1094 1113 quaecunque
1131 1043 1354 1112 corpori
1385 1053 1480 1097 aut
1513 1042 1736 1113 corpori
1772 1044 2022 1098 animato
2052 1060 2065 1096 :
2094 1044 2214 1097 ani-

626 1151 728 1189 ma:
779 1135 926 1188 enim
973 1135 1188 1189 ratione
1235 1133 1479 1215 praedita:
1509 1142 1595 1189 est
1626 1135 1835 1200 dolere,
1863 1144 1921 1189 et
1967 1135 2208 1199 turbari,

625 1239 677 1284 et
710 1246 965 1294 manere,
989 1239 1046 1284 et
1077 1229 1257 1285 tristia
1285 1230 1539 1300 urgentia
1583 1237 1638 1284 et
1680 1230 2033 1294 adventantia
2064 1230 2215 1308 cogi-

626 1333 780 1388 tare;
829 1324 1084 1393 corporis
1115 1339 1248 1378 vero
1297 1322 1497 1386 secari,
1535 1329 1592 1377 et
1629 1323 1928 1394 conjungi:
1958 1324 2214 1396 corporis

624 1415 851 1470 animati
904 1415 1142 1480 esurire,
1194 1415 1370 1479 sitire,
1427 1414 1684 1470 laborare
1731 1424 1788 1469 et
1839 1415 2060 1472 sudare.
2089 1416 2216 1471 Haec

624 1505 831 1570 omnia,
866 1514 922 1560 et
953 1521 1148 1560 eorum
1191 1506 1406 1576 singula
1436 1506 1668 1576 patienti
1709 1505 1973 1561 accidunt
2017 1523 2217 1567 secun-

625 1597 756 1650 dum
812 1597 1175 1652 mutationem
1217 1597 1603 1667 dispositionis
1635 1597 1814 1651 :Deus
1870 1605 2078 1665 autem,
2127 1598 2214 1652 in-

625 1691 765 1760 quit,
801 1706 893 1760 ego
931 1706 1071 1755 sum,
1101 1697 1149 1742 et
1179 1706 1284 1743 non
1335 1689 1596 1742 mutor".
1628 1689 1697 1743 Et
1727 1689 1779 1744 ei
1831 1689 1976 1744 alius
2005 1689 2218 1744 theolo—

627 1757 729 1852 gus
760 1757 897 1834 dicit
925 1796 937 1832 :
973 1779 1048 1834 Tu
1087 1788 1266 1834 autem
1291 1779 1429 1832 idem
1458 1779 1569 1849 ipse
1596 1778 1732 1832 es“.
1770 1777 1998 1844 Qualem
2049 1778 2217 1849 igitur
2250 1757 2289 1812 Β

629 1873 947 1944 passionem
978 1872 1253 1942 su5picari
1275 1871 1480 1942 aliquis
1503 1879 1686 1941 potest
1714 1871 1970 1926 accidere
2003 1871 2212 1941 impas-

629 1960 814 2015 sibili?
836 1961 916 2014 An
949 1959 1262 2030 passionem
1287 1959 1646 2029 corpoream?
1670 1959 1741 2013 At
1770 1975 1880 2030 quo
1905 1969 2067 2030 pacto
2099 1960 2217 2016 haec

629 2053 866 2118 accidat,
899 2068 1021 2122 quae
1051 2065 1153 2107 nec
1177 2053 1376 2107 animae
1414 2067 1535 2122 qua:
1565 2059 1750 2106 creata
1773 2059 1880 2118 est,
1916 2059 1973 2107 et
1997 2068 2213 2120 recens,

593 2139 595 2142 ’
630 2145 884 2200 accidere
929 2145 1135 2215 queat?
1162 2144 1243 2199 An
1297 2147 1609 2216 passionem
1665 2145 1980 2210 animalem,
2010 2145 2066 2200 id
2109 2153 2215 2210 est,

629 2235 827 2289 anima:
846 2236 1058 2289 ratione
1082 2235 1447 2305 praeditaz?At
1465 2236 1571 2291 hoc
1595 2237 1752 2291 valde
1775 2223 2080 2293 absurdum
2111 2246 2217 2304 est,

629 2327 675 2381 si
707 2327 831 2397 quis
873 2327 1039 2393 dicat,
1088 2328 1309 2382 easdem
1342 2327 1627 2397 passiones
1656 2328 1856 2383 cadere
1885 2329 1940 2384 in
1983 2328 2218 2386 Creato-

632 2437 748 2474 rem
788 2420 1036 2475 universi
1070 2437 1193 2490 qua:
1221 2420 1277 2474 in
1311 2431 1597 2477 creaturas
1628 2422 1946 2490 cadunt;et
1978 2439 2088 2478 non
2114 2423 2220 2479 hoc

632 2520 868 2577 tantum,
898 2512 994 2566 sed
1028 2525 1226 2582 capere
1255 2513 1422 2568 etiam
1452 2513 1819 2569 mutationem
1852 2522 1910 2569 et
1952 2514 2216 2569 variatio-

631 2619 798 2657 nem:
827 2603 1103 2672 siquidem
1137 2603 1257 2658 fieri
1294 2621 1406 2658 non
1433 2612 1636 2680 potest,
1667 2614 1730 2660 ut
1774 2605 2046 2676 ejusmodi
2091 2621 2218 2676 pas-

631 2697 817 2749 siones
849 2695 1049 2748 cadant
1079 2695 1197 2750 sine
1232 2696 1571 2765 mutatione;
1592 2697 1780 2752 divina
1806 2707 1989 2753 autem
2021 2707 2220 2754 natura

633 2785 834 2839 mutari
871 2801 982 2840 non
1000 2795 1203 2856 potest.
1235 2787 1306 2842 At
1334 2788 1520 2844 carnis
1542 2789 1799 2846 animatae
1822 2791 2007 2860 passio
2035 2791 2219 2862 attigit

635 2875 1006 2930 divinitatem.
1054 2877 1259 2948 Apage,
1302 2879 1482 2949 inquit
1555 2881 1826 2952 propheta
1855 2898 1869 2934 :
1896 2881 2035 2935 Deus
2078 2883 2218 2935 enim

636 2978 866 3022 teternus
899 2985 1004 3021 non
1035 2970 1250 3032 csuriet,
1283 2987 1448 3042 neque
1482 2971 1744 3027 laborabit
1773 2989 1791 3026 :
1817 2989 1916 3028 nec
1944 2981 2022 3028 est
2069 2975 2214 3029 inve-

631 3061 849 3129 stigatio
875 3060 902 3100 δ
933 3061 1226 3132 prudentia:
1265 3063 1376 3132 ejus
1401 3065 1469 3119 ⁷⁸.

705 3151 767 3206 V.
794 3151 931 3208 Cum
992 3154 1162 3225 igitur
1203 3163 1400 3210 natura
1455 3156 1640 3212 divina
1677 3157 2116 3214 substantialiter
2146 3159 2218 3214 sit

631 3259 829 3313 expers
858 3246 1152 3314 passionis,
1181 3256 1236 3300 et
1269 3249 1599 3317 praedicetur
1632 3251 1823 3320 passio
1843 3261 1900 3306 et
1933 3267 2070 3306 crux
2097 3252 2220 3321 qui-

633 3335 738 3389 bus
764 3337 897 3390 salvi
926 3337 1055 3393 facti
1093 3355 1322 3406 sumus;
1356 3341 1432 3394 ait
1464 3341 1610 3396 enim
1641 3343 1842 3398 Paulus
1877 3360 1890 3396 :
1924 3341 2043 3396 Non
2068 3343 2219 3414 judi-

629 3430 746 3480 eavi
776 3429 1067 3498 quidquam
1101 3432 1235 3485 scire
1273 3433 1328 3486 in
1379 3432 1540 3497 vobis,
1575 3434 1674 3487 nisi
1703 3433 1968 3490 Christum
1999 3444 2049 3489 et
2081 3437 2219 3490 hunc

631 3518 1040 3586 cruciﬁxum“;
1075 3521 1707 3594 necessariO‘sequitur,
1737 3525 2052 3594 passionem
2091 3541 2221 3596 pro-

635 3611 754 3679 prie
790 3610 1036 3679 quidem,
1072 3622 1128 3668 et
1177 3614 1359 3684 primo
1394 3631 1515 3670 esse
1543 3625 1755 3673 natura:
1776 3620 2220 3695 assumptae,.mi-

635 3704 784 3758 nime
831 3721 962 3760 vero
1014 3718 1266 3777 separata
1297 3717 1496 3764 natura
1533 3723 1876 3778 assumente,
1911 3715 2009 3770 sed
2062 3715 2218 3770 unita

633 3795 940 3851 secundum
986 3797 1328 3869 hypostasim
1379 3801 1584 3858 unione
1613 3802 2020 3873 indissolubili;
2048 3807 2124 3863 ita
2160 3815 2220 3862 ut

633 3890 816 3944 omnia
857 3891 969 3945 sint
1001 3891 1166 3947 unius
1208 3892 1438 3959 Christi,
1473 3905 1590 3951 tum
1629 3896 1834 3963 divina,
1863 3907 1976 3952 tum
2020 3899 2219 3955 huma-

633 3999 724 4048 na,
758 3999 868 4036 non
923 3983 1298 4042 confundente
1332 4004 1396 4043 ea
1444 3989 1777 4060 cogitatione
1827 4001 2037 4058 nostra,
2089 4007 2216 4047 cum

633 4074 752 4126 vult
780 4073 1117 4139 discernere,
1154 4077 1288 4145 quid
1325 4085 1412 4132 est
1458 4079 1726 4146 divinum,
1769 4092 1826 4138 et
1859 4083 1993 4152 quid
2023 4100 2217 4140 rursus

633 4165 960 4221 humanum.
1012 4168 1157 4234 Quin
1213 4171 1398 4239 potius
1449 4172 1516 4227 de
1550 4190 1661 4229 uno
1684 4185 1738 4229 et
1770 4175 1965 4230 eodem
1998 4185 2220 4247 oportet

632 4266 866 4330 utraque
889 4260 1208 4328 praedicare,
1243 4264 1530 4332 passiones
1549 4265 1673 4320 dico
1712 4276 1769 4322 et
1802 4268 2217 4338 impassibilita-

635 4355 775 4410 tem;
829 4350 959 4423 quia
1015 4351 1133 4420 ipse
1191 4354 1260 4408 de
1327 4370 1437 4425 quo
1481 4357 1876 4429 pnedicantur,
1927 4377 1995 4416 ex
2052 4362 2218 4418 utris-

2312 495 2620 551 naturalem
2658 502 2715 548 et
2751 491 3269 563 impassibilitatem.

2383 588 2470 642 Vl.
2500 587 2590 641 Sic
2619 585 2769 655 loqui
2796 592 2853 640 et
2875 585 3079 640 sentire
3105 584 3300 642 Petrus
3328 583 3574 654 princeps
3595 584 3824 654 apostolo-

2313 692 2434 731 rum
2469 691 2573 732 nos
2605 675 2817 741 docuit,
2847 690 2970 730 cum
3007 674 3085 729 ait
3121 692 3134 726 :
3171 672 3377 729 Christo
3413 683 3574 728 antec
3601 691 3737 746 passo
3763 696 3832 746 pro

2313 769 2461 824 nobis
2502 769 2760 834 carne";
2801 782 2926 822 cum
2969 777 3152 824 tamen
3190 765 3338 822 clare
3381 777 3436 821 et
3471 775 3645 837 aperte
3677 767 3832 825 Filium

2312 864 2411 918 Dei
2445 877 2569 918 esse
2601 849 2892 917 confessus
2925 869 3072 915 esset
3091 860 3158 925 ⁷³,
3185 874 3312 914 cum
3343 859 3538 917 merito
3567 860 3836 930 praedicatus

2313 964 2400 1010 est
2437 954 2654 1022 beatus,
2687 961 2748 1008 ut
2787 952 2882 1022 qui
2925 949 3242 1021 hujusmodi
3286 949 3664 1005 revelationem
3697 966 3722 1004 a
3755 947 3837 1006 Deo

2315 1047 2476 1102 Patre
2507 1043 3092 1116 accepisset._0portet
3120 1042 3290 1113 igitur
3320 1051 3382 1096 ut
3414 1057 3514 1097 nos
3546 1042 3747 1097 Petrum
3774 1060 3835 1100 se-

2315 1146 2561 1209 quentes.
2582 1137 2676 1209 qui
2713 1137 2782 1192 de
2817 1137 2921 1194 hac
2954 1153 3012 1192 re
3047 1135 3421 1208 cognitionem
3457 1149 3488 1187 a
3519 1133 3628 1188 Deo
3655 1137 3834 1205 accepit,

2315 1230 2506 1285 eadem
2547 1229 2735 1300 regula
2769 1237 3011 1295 utamur,
3041 1237 3097 1283 et
3125 1226 3410 1282 Christum
3444 1224 3682 1286 dicamus
3709 1228 3838 1295 passi-

2315 1322 2483 1377 bilem
2523 1336 2667 1388 esse,
2694 1330 2754 1376 ut
2787 1321 2988 1377 Paulus
3025 1317 3463 1390 sapientissimus
3501 1316 3743 1387 loquitur,
3763 1333 3838 1372 non

2317 1423 2502 1469 tamen
2536 1413 2841 1469 secundum
2869 1412 3243 1477 divinitatem;
3276 1420 3333 1465 et
3360 1408 3611 1466 eumdem
3639 1409 3837 1480 impassi-

2317 1511 2508 1576 bilem,
2537 1498 2726 1566 rerum
2761 1525 2873 1565 non
2910 1507 3215 1565 secundum
3251 1497 3666 1561 humanitatem.
3691 1505 3838 1560 Passus

2317 1619 2446 1676 ergo
2475 1612 2560 1660 est
2585 1603 2875 1675 passiones
2903 1612 3135 1668 naturae,
3162 1615 3300 1670 quas
3331 1615 3444 1654 non
3480 1589 3717 1668 sequitur
3736 1599 3840 1652 vitu-

2315 1695 2554 1766 peratio,
2580 1695 2675 1751 sed
2708 1693 2997 1766 magniﬁca
3026 1691 3418 1763 contemplatio
3445 1699 3747 1746 naturarum
3771 1691 3840 1745 sibi

2321 1787 2468 1842 inter
2525 1802 2584 1843 se
2642 1786 3043 1858 oppositarum.
3092 1785 3163 1839 Et
3209 1792 3295 1838 est.
3348 1781 3572 1854 quidem
3616 1783 3745 1838 Deus
3778 1783 3841 1853 qui

2320 1880 2548 1952 patitur,
2585 1894 2697 1934 non
2738 1879 2989 1949 capiente
3032 1876 3344 1948 passionem
3385 1874 3705 1941 divinitate;
3739 1873 3841 1928 idem

2319 1987 2452 2028 vero
2480 1971 2645 2026 homo
2679 1985 2790 2024 non
2821 1969 3040 2040 patiens
3063 1967 3355 2023 divinitate
3383 1981 3508 2036 quae
3537 1965 3592 2020 in
3621 1965 3728 2036 ipso
3748 1973 3841 2026 erat,

2319 2064 2557 2120 habente
2595 2062 2898 2118 secundum
2933 2071 3189 2116 naturam
3226 2058 3734 2130 imp’assibilitatem,
3751 2057 3844 2126 μαι

2319 2157 2623 2228 composita
2657 2171 2784 2212 cum
2819 2169 3053 2226 corpore
3088 2153 3335 2225 patiente
3366 2168 3380 2206 :
3413 2152 3532 2222 ipse
3557 2165 3680 2206 vero
3704 2143 3846 2203 modus

2321 2249 2596 2320 passionis
2630 2247 2973 2303 demonstrat
3000 2243 3375 2301 dill‘erentiam
3403 2249 3715 2298 naturarum
3740 2255 3847 2295 com-

2320 2341 2657 2413 positarum,
2681 2347 2739 2395 et
2767 2347 2978 2394 natura:
3013 2337 3292 2408 passibilis
3326 2335 3696 2392 innocentiam
3731 2351 3744 2388 :
3775 2349 3848 2388 non

2319 2437 2469 2490 enim
2495 2434 2644 2505 quod
2670 2433 2878 2504 aliquid
2905 2431 3274 2488 cdmmisisset
3300 2436 3482 2484 morte
3509 2435 3603 2482 aut
3623 2435 3849 2482 contume-

2319 2527 2392 2582 lia
2433 2527 2690 2597 dignum,
2728 2525 2909 2596 capite
2948 2523 3240 2580 damnatus
3273 2531 3358 2577 est
3396 2541 3409 2574 :
3446 2519 3718 2575 Peccatum
3746 2517 3848 2573 enim

2321 2637 2424 2674 non
2458 2621 2717 2690 fecitgnec
2744 2621 2987 2672 inventus
3019 2624 3096 2670 est
3119 2615 3271 2669 dolus
3300 2615 3356 2669 in
3386 2629 3480 2667 ore
3505 2612 3618 2683 ejus
3638 2610 3697 2663 τ’.

2392 2710 2505 2766 VII.
2535 2709 2650 2765 Hoc
2679 2717 2863 2764 autem
2892 2717 2948 2763 et
2977 2708 3015 2762 ii
3047 2706 3143 2778 qui
3173 2722 3303 2762 eum
3336 2703 3544 2775 capitis
3575 2697 3848 2758 condemna-

2322 2811 2484 2867 runt,
2513 2801 2696 2856 tcstati
2733 2808 2862 2855 sunt
2895 2800 2978 2866 ei;
3017 2798 3292 2869 siquidem
3328 2796 3538 2852 Judaeis
3572 2787 3846 2864 congregatis

2320 2904 2376 2949 et
2415 2894 2733 2964 petentibus
2774 2892 3080 2955 Barabbam
3124 2892 3435 2954 latronem,
3469 2887 3676 2944 Pilatus
3707 2883 3846 2940 dixit:

2325 2986 2492 3042 Vultis
2535 2986 2804 3040 dimittant
2845 2985 2987 3039 vobis
3025 2983 3238 3050 Iesum,
3273 2984 3362 3054 qui
3403 2983 3600 3036 dicitur
3633 2973 3850 3036 Christus?

2200 3145 2201 3148 η
2244 3108 2287 3166 C
2325 3079 2522 3135 sciebat
2565 3079 2732 3143 enim,
2769 3077 2910 3149 quod
2950 3093 3043 3148 per
3080 3075 3339 3142 invidiam
3376 3075 3715 3130 tradidissent
3750 3084 3846 3123 eum.

2323 3172 2728 3244 Responderunt
2759 3187 2774 3224 :
2804 3169 2945 3233 Non,
2969 3169 3060 3222 sed
3094 3167 3404 3222 Barabbam
3439 3185 3456 3222 :
3489 3165 3684 3238 quibus
3707 3175 3849 3217 rursus

2322 3265 2462 3321 dixit
2489 3265 2698 3320 Pilatus
2732 3281 2746 3319 :
2784 3262 2923 3328 Quid
2947 3278 3072 3333 ergo
3104 3261 3300 3332 faciam
3331 3260 3396 3314 de
3427 3260 3575 3325 Jesu,
3606 3259 3689 3332 qui
3709 3256 3848 3311 dicitur

2322 3356 2604 3411 Christus?
2637 3354 2730 3410 Illi
2763 3363 2941 3409 autem
2976 3353 3231 3406 dixerunt
3266 3369 3284 3406 :
3319 3351 3703 3423 Cruciﬁgatur;
3733 3356 3847 3416 atque

2322 3447 2526 3500 iterum
2557 3453 2620 3523 ut
2651 3444 2864 3515 pudore
2898 3459 2995 3498 eos
3022 3441 3233 3497 Pilatus
3263 3441 3536 3508 alliceret,
3562 3439 3690 3496 dixit
3716 3454 3728 3491 :
3756 3433 3849 3501 Quid

2323 3539 2461 3593 enim
2492 3537 2633 3592 male
2659 3539 2779 3609 fecit
2802 3535 2886 3590 8°?
2915 3535 3089 3606 lg‘itur
3119 3551 3245 3589 cum
3277 3533 3422 3588 nihil
3452 3533 3584 3588 mali
3611 3527 3846 3587 commisis-

2321 3640 2426 3696 set,
2449 3631 2690 3686 traditus
2714 3638 2802 3686 est
2827 3630 2880 3684 in
2912 3638 3149 3684 mortem
3175 3643 3275 3700 per
3298 3643 3546 3683 crucem.
3567 3624 3709 3684 Unde
3733 3620 3848 3677 Isaias

2321 3724 2400 3777 ait
2434 3742 2446 3777 :
2479 3722 2708 3793 Pr0pter
2737 3730 2955 3793 peccata
2988 3737 3192 3786 eorum,
3225 3719 3442 3775 scilicet
3468 3718 3752 3789 hominum,
3772 3720 3848 3763 tra-

2322 3817 2460 3870 ditus
2493 3823 2569 3868 est
2590 3815 2657 3869 3‘.
2688 3814 2757 3868 Et
2793 3813 2992 3869 iterum
3029 3831 3042 3866 :
3073 3813 3116 3868 Α
3145 3813 3376 3885 peccatis
3412 3810 3595 3884 populi
3624 3807 3714 3864 mei
3744 3811 3845 3859 acM

2320 3922 2440 3960 sum
2483 3906 2553 3958 ad
2597 3913 2821 3960 mortem
2846 3904 2915 3959 ⁸⁸.
2948 3906 3163 3960 Revera
3208 3903 3356 3959 enim
3400 3919 3508 3959 nos
3549 3914 3762 3961 eramus,
3783 3891 3847 3963 qui

2321 4009 2556 4054 mortem
2582 3999 2923 4054 habebamus
2945 3997 3317 4061 adulterinam
3341 3995 3642 4058 dominam,
3659 4001 3708 4050 et
3724 3991 3848 4046 hono—

2323 4104 2410 4144 res
2436 4095 2659 4144 nostros
2685 4088 2754 4143 ab
2783 4104 2852 4143 eo
2881 4088 3206 4154 tuleramus,
3235 4103 3298 4143 ac
3325 4095 3557 4158 peccata
3583 4084 3647 4140 ad
3671 4090 3845 4138 mortem

2321 4194 2769 4250 peccaveramus.
2829 4178 3040 4234 Clamat
3109 4178 3278 4250 igitur
3341 4178 3615 4249 propheta
3671 4183 3845 4245 arguens

2321 4271 2504 4326 scelus
2537 4270 2908 4336 venditionis,
2944 4270 3203 4340 inquiens
3242 4288 3257 4324 :
3294 4269 3429 4325 Ecce
3463 4269 3680 4342 peccatis
3715 4260 3844 4320 vestri:

2320 4365 2516 4418 uenditi
2553 4365 2677 4417 estis
2701 4361 2768 4417 ⁸³.
2805 4362 2914 4418 Sed
2951 4363 3080 4418 licet
3111 4361 3364 4417 venditio
3401 4362 3662 4417 scelerata
3690 4357 3840 4413 fuerat,

631 4455 738 4510 que
765 4445 1103 4514 compositus
1130 4459 1216 4502 est
1244 4449 1417 4505 :sicut
1442 4451 1715 4508 sectiones
1733 4455 1982 4525 corporis
2003 4457 2218 4512 anima-
2248 4453 2299 4512 D
2324 4455 2623 4526 oportebat
2661 4464 2844 4510 tamen
2877 4456 3080 4526 justam
3117 4463 3173 4511 et
3204 4454 3511 4525 legitimam
3549 4469 3663 4509 esse
3699 4450 3843 4504 libera-

632 4535 696 4589 ti.
733 4541 789 4587 et
823 4535 1030 4592 vibices
1061 4538 1115 4592 in
1144 4539 1337 4610 primis
1375 4543 1441 4597 ad
1473 4559 1673 4615 corpus
1704 4549 1985 4617 pertinere
2013 4565 2219 4622 cogno-

633 4641 874 4694 scxmus;
909 4638 1132 4700 propter
1158 4634 1617 4704 compositionem
1656 4654 1789 4695 vero
1835 4639 2070 4695 dicimus
2095 4657 2219 4697 esse

631 4719 846 4786 animm,
878 4738 1003 4776 cum
1035 4724 1239 4794 alioqui
1269 4727 1508 4784 sciamus
1542 4746 1652 4784 non
1677 4747 1840 4801 posse
1866 4731 2010 4800 ﬁeri,
2040 4742 2103 4788 ut
2130 4733 2219 4790 his

630 4813 812 4866 anima
835 4813 1122 4869 abiciatur.
1160 4817 1366 4874 Deinde
1401 4833 1584 4876 motus
1607 4823 1821 4889 animae,
1861 4832 1918 4878 et
1957 4826 2218 4883 scientias

627 4921 751 4977 qum
795 4905 1008 4960 ratione
1069 4907 1384 4975 traduntur,
1421 4927 1546 4966 cum
1596 4913 1706 4969 sint
1749 4915 1957 4986 alioqui
1993 4916 2212 4982 animae,

626 4994 867 5050 dicimus
909 5004 1090 5051 tamen
1149 5013 1271 5054 esse
1311 5001 1568 5056 animalis
1616 5005 1929 5074 compositi,
1961 5005 2216 5074 quamvis

627 5096 822 5141 natura
851 5103 1118 5157 corporea
1163 5107 1275 5145 non
1325 5103 1450 5163 apta
1483 5093 1550 5147 ad
1583 5094 1905 5164 capiendam
1945 5097 2216 5168 cognitio-

625 5191 752 5232 nem
783 5194 795 5229 :
826 5179 906 5233 sic
933 5179 989 5232 in
1019 5179 1242 5236 Christo
1286 5185 1378 5256 qui
1413 5185 1556 5239 Deus
1585 5184 1747 5240 simul
1796 5197 1852 5242 et
1899 5188 2066 5243 homo
2108 5197 2212 5255 est,

699 5335 744 5411 Ῐξ
768 5335 909 5411 Psal.
942 5353 1121 5411 vant,
1160 5339 1251 5411 2‘2.
1326 5341 1372 5372 ⁷³
1409 5341 1664 5403 Malach.,
1700 5359 1776 5403 ιη.
1803 5343 1856 5398 6.
1933 5345 1978 5376 ⁷⁸
2004 5345 2145 5400 Psal.
2175 5363 2246 5411 cr,
2273 5347 2362 5402 28.

698 5405 1240 5486 biattlr._xvt,_ii_i,j7.
1314 5412 1357 5444 ⁷³
1379 5412 1572 5486 [Ρεξις.
1602 5430 1659 5475 ιι,
1679 5413 1772 5486 ἓξ.
1797 5484 1806 5486 _
1850 5415 1895 5446 ⁸⁸
1916 5415 2109 5470 Matth.
2137 5434 2220 5472 XXV

2200 5405 2302 5484 ;v'u,
2327 5420 2420 5486 t7,
2445 5417 2532 5484 t8.
2573 5405 2771 5478 stas:

629 5474 675 5506 ⁸³
696 5475 936 5540 lsa.t.,i.
1013 5474 1282 5534 “lPetr.
1310 5482 1455 5547 t,18,
1485 5483 1569 5536 19.
1649 5474 1694 5514 ⁸⁸
1715 5483 2122 5551 Coloss.u,14.

2320 4549 2549 4604 tionem.
2573 4548 2756 4619 Empti
2781 4549 2932 4604 enim
2964 4563 3158 4604 sumus
3182 4563 3378 4603 omnes
3406 4548 3629 4620 pretioso
3649 4538 3842 4626 sanguine

2319 4644 2447 4713 agni
2483 4639 2818 4696 immaculati
2861 4650 2911 4695 et
2947 4642 3381 4708 incontaminati,
3415 4637 3694 4703 Christi“;
3726 4642 3841 4701 atque

2315 4733 2390 4787 ita
2418 4733 2637 4787 liberati
2669 4748 2698 4787 a
2727 4745 2951 4788 carcere
2975 4733 3116 4803 ejus,
3140 4733 3236 4805 qui
3261 4747 3366 4788 nos
3391 4733 3628 4804 primum
3643 4729 3698 4804 in
3720 4720 3841 4780 servi-

2317 4832 2492 4878 tutem
2519 4823 2829 4894 redegerat.

2394 4915 2532 4970 Vlli.
2590 4912 2914 4984 Opportune
2977 4914 3293 4971 libertatem
3349 4913 3632 4972 consecuti
3681 4918 3833 4965 sumus.

2323 5006 2502 5063 Scidit
2533 5006 2701 5077 igitur
2735 5014 2986 5060 nostrum
3018 5007 3448 5079 chirographum
3469 5006 3514 5039 ⁸⁵
3538 5019 3641 5076 quo
3660 5015 3742 5057 nos
3767 4991 3834 5064 ipsi

2321 5100 2577 5154 servituti
2605 5098 3065 5170 mancipavimus,
3092 5101 3278 5156 omnia
3302 5109 3530 5172 propter
3553 5112 3646 5153 nos
3673 5101 3836 5166 ρεφθε·

2321 5206 2436 5255 sus,
2471 5205 2816 5262 quaecunque
2851 5188 3045 5248 dicunt
3073 5207 3195 5248 esse
3230 5194 3382 5266 signa
3415 5192 3638 5263 integrae
3661 5187 3832 5242 liberta-

2468 5348 2514 5420 ’ξ
2545 5350 2650 5406 lsa.
2680 5353 2860 5417 xL,28.
2969 5354 3014 5384 "
3038 5353 3057 5407 l
3081 5353 3208 5411 Cor.
3244 5372 3300 5420 ιι,
3330 5356 3382 5410 2.
3463 5357 3508 5387 "
3531 5355 3548 5409 Ι
3574 5344 3827 5420 Petr.n:._l_-

2876 5424 2920 5457 ιι
2947 5424 3039 5478 lsa.
3085 5442 3196 5493 Lm,
3234 5413 3298 5481 s.’
3365 5429 3412 5460 ιη
3433 5426 3566 5480 ibid.
3589 5439 3688 5479 sec.
3709 5413 3826 5473 LXX.

1911 5640 2153 5698 VARIAE
2198 5643 2608 5706 LECTIONES.

715 5743 774 5802 ³)]
786 5749 1110 5820 ttt'astigutio.
1145 5751 1440 5822 ὲξεύρεσις.

1523 5764 1544 5792 τ
1579 5752 1733 5809 Ante.
1774 5757 2092 5827 Legendum
2119 5758 2338 5816 videtur
2365 5772 2565 5819 autem.
