4098 6426
359 377 461 439 3:33

321 493 414 546 tis.
444 491 657 546 Etenim
683 491 1009 547 verberatus
1037 503 1141 559 est,
1167 506 1222 548 et
1253 496 1450 566 pugnis
1481 511 1674 557 caesus,
1703 496 1898 565 perdu-
1935 519 1977 572 Α

320 583 426 636 etis
457 581 682 652 quidem
714 584 781 637 ad
817 583 1078 639 cﬂ‘cctum
1116 586 1570 655 prtedictionibus
1606 587 1905 656 propheta-

321 689 443 728 rum
473 690 596 744 quae
625 674 692 729 de
731 675 816 730 his
851 675 1008 732 facta
1045 688 1230 743 erant;
1266 678 1425 734 nobis
1457 695 1585 734 vero
1619 679 1903 734 liberatio-

318 783 447 822 nem
475 768 757 822 servitutis
783 769 853 824 ab
879 769 988 824 illis
1015 771 1437 841 prmnuntiatam
1461 772 1695 841 adeptus
1723 791 1733 826 :
1763 771 1900 826 nihil

314 859 465 914 enim
497 876 690 914 eorum
722 878 844 931 quae
874 863 928 917 in
957 863 1211 932 passione
1239 865 1357 934 ejus
1387 864 1656 918 honorata
1687 865 1906 919 accide-

318 959 470 1014 runt,
499 951 703 1006 frustra
733 960 826 1006 aut
859 963 1065 1008 temere
1095 954 1327 1018 accidit;
1361 955 1524 1020 absit,
1556 965 1617 1010 ut
1648 955 1752 1010 hoc
1781 957 1902 1024 opi-

314 1038 546 1091 nemur!
587 1039 682 1092 sed
719 1039 929 1094 ratione
961 1042 1196 1111 quadam
1231 1045 1456 1124 meliore
1486 1053 1543 1098 ct
1570 1047 1900 1110 necessaria,

315 1145 484 1198 quam
518 1131 667 1185 nulla
696 1133 778 1185 vis
806 1134 1099 1188 verborum
1133 1138 1352 1206 assequi
1386 1137 1580 1207 possit.

391 1222 482 1276 IX.
505 1223 642 1278 Cum
675 1225 823 1280 enim
855 1243 958 1281 nos
985 1229 1195 1284 venditi
1227 1247 1496 1296 essemus,
1519 1240 1576 1287 et
1601 1232 1730 1286 facti
1758 1233 1900 1288 servi

313 1315 518 1368 mortis
559 1331 682 1385 qua:
727 1317 781 1369 in
827 1332 1018 1372 omnes
1065 1321 1357 1390 imperium
1400 1323 1653 1387 tenebat;
1692 1333 1748 1377 et
1787 1323 1902 1392 ipse

317 1407 494 1462 voluit
523 1423 626 1477 pro
660 1408 822 1462 nobis
853 1410 1044 1477 vendi;
1081 1427 1272 1466 verum
1307 1429 1406 1468 nos
1443 1415 1622 1484 pretio
1650 1414 1900 1484 volupta~

317 1501 412 1563 tis,
443 1499 557 1570 ipse
589 1516 720 1557 vero
753 1505 965 1573 argenti
1002 1522 1014 1558 :
1051 1505 1167 1574 ipse
1198 1507 1344 1560 enim
1379 1507 1576 1560 fortior
1601 1515 1722 1561 erat
1752 1507 1906 1560 volu-

311 1601 486 1661 ptate.
518 1593 584 1647 Et
609 1611 708 1648 nos
729 1595 842 1664 ipsi
874 1612 904 1650 a
935 1597 1096 1652 nobis
1125 1598 1334 1653 vemliti
1371 1615 1592 1664 sunms;
1631 1600 1746 1668 ipse
1775 1615 1902 1654 vero

309 1701 348 1740 a
384 1685 542 1740 nobis
580 1704 592 1740 :
631 1703 741 1756 qua
779 1689 896 1758 ipse
930 1705 1041 1743 non
1075 1699 1160 1744 est
1195 1691 1453 1745 venditor
1481 1692 1776 1757 libertatis,
1805 1693 1899 1748 sed

315 1777 538 1834 vindex.
568 1780 634 1834 Et
662 1780 970 1836 honoribus
995 1797 1136 1852 quos
1167 1783 1235 1838 ab
1266 1799 1332 1838 eo
1369 1785 1692 1846 tuleramus.
1721 1787 1787 1840 ad
1815 1787 1902 1840 in-

822 381 1107 442 ORATIO
1156 385 1343 444 lV.-—
1372 386 1468 445 DE
1510 386 1876 446 PASSIONE
1921 385 2016 444 ET
2056 385 2727 448 IMPASSIBILITATE
2768 389 3104 449 CHRISTI.

3403 457 3410 461 .
3453 391 3591 458 I35l

2080 493 2146 548 Χ.
2180 496 2547 562 Quamobrem
2583 513 2708 551 eum
2741 497 3088 568 admirantur
3108 499 3156 564 δ,
3184 502 3276 570 qui
3311 502 3414 560 hoc
3446 511 3592 576 quod
3643 525 3648 534 '

2015 585 2198 652 (iebat,
2231 588 2576 657 spectabant,
2608 599 2661 644 et
2693 605 2817 644 cum
2853 591 2956 646 hoc
2993 602 3100 647 tam
3137 593 3330 666 ingens
3360 599 3596 656 miracu-

2013 677 2156 744 lum,
2205 687 2267 733 ut
2315 695 2414 748 par
2461 690 2608 744 erat,
2659 681 3072 753 divulgaretur,
3125 702 3597 759 congregaverant

2013 779 2244 828 cunctos
2291 773 2498 842 quibus
2549 783 2736 844 partes
2781 775 3031 845 corporis
3078 777 3218 834 hosce
3265 792 3454 848 erant,
3501 786 3596 854 qui

2013 872 2366 918 accesserunt
2414 864 2479 918 ad
2528 881 2654 920 eum
2703 865 2756 919 in
2805 869 3038 937 templo,
3079 879 3135 924 et
3179 874 3354 928 sanati
3399 885 3527 930 sunt
3580 895 3594 931 :

2013 956 2188 1024 majus
2244 957 2429 1025 priore
2495 959 2822 1014 miraculum
2887 963 3213 1019 secundum.
3272 965 3384 1020 Lex
3447 970 3594 1024 enim

2013 1046 2240 1100 claudos
2272 1057 2328 1102 et
2355 1065 2528 1104 caecos
2562 1052 2754 1121 procul
2785 1069 2814 1107 a
2849 1056 3051 1125 templo
3081 1059 3307 1114 arcebat
3338 1077 3350 1114 :
3386 1069 3441 1116 at
3469 1079 3594 1118 cum

2015 1135 2119 1190 hoc
2151 1137 2476 1195 admirabile
2511 1142 2822 1214 prodigium
2858 1146 3148 1216 cjectionis
3181 1165 3374 1206 eorum
3409 1155 3501 1224 qui
3542 1156 3596 1210 ia

2015 1239 2262 1284 mercatu
2310 1242 2501 1298 erant,
2542 1234 2596 1288 hi
2641 1235 2734 1306 qui
2784 1237 3041 1293 viderant
3081 1249 3136 1294 et
3182 1244 3505 1312 audierant,
3541 1258 3599 1304 et

2015 1323 2190 1391 majus
2227 1339 2391 1392 quam
2431 1341 2530 1395 pro
2564 1327 2774 1383 viribus
2811 1329 3068 1387 humanis
3102 1334 3421 1406 huiusmodi
3457 1355 3596 1411 opus

2015 1411 2310 1480 docebant,
2340 1418 2602 1473 audacter
2632 1419 2864 1490 ingrcssi
2898 1435 3028 1480 sunt
3067 1444 3078 1479 :
3117 1434 3172 1481 et
3204 1445 3327 1483 cum
3367 1431 3421 1485 in
3459 1441 3598 1486 tem-

2012 1505 2104 1572 plo
2141 1516 2348 1574 essent,
2375 1522 2733 1567 accesserunt
2767 1514 2833 1568 ad
2869 1515 3080 1580 Jesum,
3109 1527 3164 1573 et
3196 1523 3413 1577 curavit
3445 1539 3541 1579 eos
3581 1543 3594 1579 :

2011 1596 2398 1654 demonstrans
2433 1617 2532 1670 per
2564 1605 2770 1670 omnia,
2798 1622 2917 1662 esse
2951 1623 3010 1664 se
3043 1611 3215 1666 Deum
3255 1615 3500 1672 abditum
3541 1619 3594 1673 in

2011 1703 2214 1755 carne,
2265 1707 2430 1762 quam
2489 1695 2693 1751 Paulus
2747 1698 2990 1754 velamen
3055 1707 3282 1758 vocat”
3333 1724 3347 1760 :
3410 1709 3592 1764 velum

2011 1791 2197 1836 autem
2235 1784 2674 1857 integumentum
2709 1801 3028 1846 sanctorum
3052 1803 3151 1850 ’θεῖ
3186 1806 3242 1852 et
3276 1809 3592 1856 sanctorum

307 1872 543 1926 teritum
581 1871 738 1926 abusi
778 1889 988 1928 sumus.
1021 1874 1336 1930 zEstimatio
1371 1887 1554 1931 autem
1589 1877 1770 1942 liberi,
1803 1877 1908 1932 fuit
1943 1885 1980 1938 Β
2011 1877 2486 1934 sanctissimorum
2552 1883 2914 1951 operculum;
2976 1901 3086 1956 quo
3142 1889 3294 1945 solus
3346 1894 3593 1962 pontifex

305 1963 623 2034 peregrinis
670 1964 953 2033 sepultura
979 1965 1048 2029 ⁸⁸,
1095 1975 1155 2020 ut
1199 1977 1382 2022 servet
1431 1984 1664 2040 corpora
1712 1985 1905 2024 eorum

307 2056 410 2126 qui
449 2055 500 2109 in
541 2063 689 2110 terra
726 2042 1124 2112 aliena'vivere
1158 2059 1473 2126 desierunt;
1511 2061 1690 2116 donec
1723 2061 1907 2116 veniat

309 2147 411 2216 qui
439 2164 671 2217 corpora
703 2150 956 2213 suscitet,
985 2167 1220 2220 quorum
1262 2153 1460 2206 animae
1496 2153 1740 2222 pretioso
1775 2170 1904 2207 san-

305 2238 478 2309 guine
524 2239 824 2308 redempta:
869 2247 999 2293 sunt
1047 2258 1060 2293 :
1111 2241 1324 2294 effusus
1367 2241 1514 2294 enim
1559 2251 1643 2296 est
1681 2243 1906 2311 sanguis

306 2331 454 2398 ejus,
482 2340 541 2384 ut
576 2338 724 2384 esset
763 2331 1000 2401 pretium
1041 2331 1444 2402 redemptionis
1483 2349 1583 2403 pro
1625 2336 1810 2390 multis
1831 2337 1900 2390 ⁸⁷.

309 2422 570 2476 Fortasse
596 2431 779 2476 autem
816 2424 1016 2478 melius
1038 2433 1185 2480 esset
1211 2424 1421 2489 dicere,
1457 2443 1560 2497 pro
1593 2429 1898 2495 omnibus;

311 2528 511 2568 omnes
545 2514 688 2568 cuitu
727 2524 885 2579 sunt,
918 2517 1012 2586 qui
1050 2524 1180 2570 sunt
1216 2518 1396 2572 inulti.
1429 2519 1494 2572 Et
1527 2528 1646 2572 erat
1678 2520 1900 2590 quidem

311 2607 498 2675 primo
530 2618 747 2676 aspectu
789 2609 954 2663 homo
994 2611 1086 2678 qui
1133 2619 1404 2664 mactatus
1449 2619 1562 2677 est;
1606 2613 1712 2666 hoc
1752 2615 1901 2668 enim

304 2701 492 2755 solum
525 2701 858 2756 cernebatur
886 2720 898 2754 :
933 2702 1183 2773 prodigia
1213 2719 1344 2758 vero
1371 2705 1438 2758 ah
1469 2721 1535 2759 eo
1562 2706 1709 2760 edita
1739 2716 1904 2764 testa-

303 2787 710 2863 bantur'supra
750 2794 1031 2848 hominem
1067 2811 1188 2850 esse
1224 2805 1480 2852 naturam
1519 2800 1660 2868 ejus,
1691 2815 1757 2854 ex
1793 2817 1899 2870 qua

296 2889 558 2954 operatio
601 2885 1062 2956 proﬁciscebatur
1102 2877 1268 2942 :‘non
1311 2889 1437 2944 dico
1481 2893 1898 2948 suscitationem

297 2987 680 3042 mortuorum,
710 2987 995 3048 aspectum
1027 2981 1186 3055 caecis
1215 2981 1554 3048 restitutum,
1580 3001 1690 3038 non
1721 2986 1901 3056 lepro-

295 3086 496 3125 sorum
524 3071 1000 3136 emundationem,
1031 3090 1139 3128 non
1168 3076 1399 3130 aliarum
1427 3077 1715 3132 lmsionum
1742 3097 1900 3136 cura-

294 3164 515 3219 tionem
549 3182 561 3218 :
594 3165 710 3220 hazc
739 3167 886 3220 enim
920 3181 1116 3222 omnes
1144 3169 1306 3239 vulgo
1336 3169 1602 3224 Salvatori
1637 3181 1891 3242 tanquam

293 3257 422 3312 Deo
460 3258 873 3326 attribuebant;
921 3261 1018 3314 sed
1067 3260 1202 3314 illud
1246 3263 1436 3328 etiam,
1475 3264 1621 3332 quod
1661 3264 1890 3320 fortasse

290 3363 418 3402 non
467 3348 656 3402 multis
709 3348 762 3402 in
813 3357 1055 3403 mentem
1105 3350 1275 3404 venit.
1315 3349 1456 3416 Quid
1507 3351 1644 3406 hoc?
1692 3369 1889 3423 nempe

293 3439 488 3494 facere
528 3441 712 3495 omnia
751 3457 876 3496 eum
921 3452 1214 3512 potestate,
1247 3460 1413 3515 supra
1451 3445 1637 3500 omnia
1681 3457 1885 3512 autem,

291 3533 504 3603 ejicere
539 3549 604 3588 ex
639 3536 846 3605 templo
880 3551 1164 3591 sacrorum
1199 3552 1496 3607 caupones,
1532 3538 1626 3608 qui
1664 3539 1887 3593 domum

292 3627 577 3682 orationis
623 3629 943 3697 speluncam
996 3632 1274 3684 latronum
1322 3629 1672 3684 faciebant"
1721 3651 1733 3685 :
1781 3633 1886 3688 nisi

291 3717 452 3772 enim
504 3725 750 3788 potestas
793 3721 920 3790 ejus
959 3720 1132 3775 nimia
1181 3722 1404 3787 fuisset,
1442 3738 1724 3792 nunquam
1777 3736 1886 3779 tam

291 3811 476 3864 multa
519 3811 691 3866 millia
735 3813 1038 3867 ementium
1080 3823 1136 3868 et
1174 3815 1532 3868 vendentium
1573 3831 1642 3869 ex
1685 3818 1887 3886 templo

291 3905 678 3969 exturbasset;
727 3907 1034 3975 prresertim
1079 3907 1221 3962 festo
1259 3907 1518 3972 instante,
1551 3917 1605 3963 et
1643 3909 1885 3980 undique

291 3997 368 4052 ad
397 4013 522 4052 eum
553 3998 984 4062 conﬂuentibus,
1006 4014 1130 4053 cum
1164 3999 1250 4053 lex
1281 4014 1473 4054 omnes
1499 4017 1564 4054 ex
1591 4003 1740 4056 omni
1763 4002 1886 4057 lotro

291 4090 366 4145 ad
409 4090 552 4145 diem
594 4107 912 4163 azymorum
955 4102 1308 4157 convocaret,
1341 4092 1396 4146 in
1437 4107 1546 4161 quo
1587 4101 1647 4147 ut
1683 4093 1886 4164 pascha

291 4181 705 4245 immolaretur,
743 4181 861 4256 lege
907 4182 1179 4237 sancitum
1226 4190 1366 4236 erat.
1405 4181 1540 4248 Quis
1579 4183 1727 4238 enim
1774 4183 1885 4237 dux

291 4273 526 4342 copioso
555 4275 802 4329 exercitu
831 4275 1068 4328 militum
1098 4283 1434 4329 armatorum
1471 4275 1743 4343 immisso,
1775 4285 1884 4330 tam

290 4365 504 4419 multos
527 4365 726 4434 ejicere
755 4365 1046 4434 potuisset,
1073 4367 1378 4436 praesertim
1407 4383 1532 4422 cum
1560 4368 1651 4422 illa
1675 4367 1882 4422 nefaria

288 4467 610 4512 mercatura
635 4457 900 4512 diuturno
932 4469 1178 4528 tempore
1206 4459 1530 4514 conﬁrmata
1559 4461 1740 4515 esset?
1762 4461 1880 4530 ipse

2009 1974 2176 2026 semel
2209 1989 2309 2043 per
2334 1991 2540 2031 annum
2575 1978 3008 2048 ingrediebatur,
3039 1993 3099 2039 ut
3135 1985 3305 2041 Deum
3343 2005 3443 2059 pro
3477 1992 3594 2046 suis

2007 2073 2064 2117 et
2110 2067 2300 2136 pepuli
2359 2069 3038 2143 ignorantiis‘propitium
3093 2078 3369 2136 redderet.
3413 2081 3593 2150 Quare

2008 2165 2256 2212 sanctum
2290 2159 2470 2228 primo
2498 2163 2623 2217 velo
2652 2171 2882 2229 tectum,
2909 2175 2964 2221 et
2991 2179 3242 2224 sanctum
3273 2181 3590 2231 sanctorum

2006 2252 2300 2316 secundo,-
2331 2253 2412 2307 sic
2461 2256 2817 2325 interpretari
2869 2260 3178 2324 audemus,
3230 2274 3290 2320 ut
3341 2267 3592 2326 dicamus

2007 2341 2244 2410 primum
2271 2345 2496 2415 quidem
2523 2349 2708 2402 velum
2737 2365 2858 2406 esse
2883 2367 3085 2422 corpus
3113 2353 3356 2424 Christi;
3390 2374 3591 2416 secun-

2005 2431 2134 2486 dum
2161 2450 2292 2490 vero
2321 2438 2558 2493 animam
2594 2458 2606 2494 :
2641 2441 2822 2496 anima
2859 2444 3007 2498 enim
3044 2461 3300 2516 corpore,
3329 2459 3588 2521 tanquam

2004 2525 2184 2593 primo
2205 2528 2326 2582 velo
2353 2529 2584 2600 tegitur;
2612 2531 2794 2586 anima
2815 2547 2947 2589 vero
2972 2543 3054 2590 est
3077 2538 3381 2594 secundum
3407 2542 3585 2598 velum

2003 2618 2078 2672 Ve
2089 2619 2190 2676 rbi.

2073 2711 2164 2768 XI.
2194 2713 2466 2770 Creterum
2502 2718 2612 2773 duo
2650 2721 3004 2778 tabernacula
3035 2726 3328 2780 commissa
3359 2741 3424 2781 ac
3451 2743 3585 2783 con-

2000 2803 2192 2874 juncta
2241 2805 2468 2864 fuerunt
2523 2812 2842 2870 retinaculis
2888 2825 2946 2870 et
2988 2817 3237 2881 annulis,
3281 2834 3404 2888 quae
3452 2821 3588 2876 mihi

2002 2896 2263 2951 videntur
2305 2901 2606 2970 symbolice
2656 2905 3024 2974 significasse,
3061 2909 3266 2978 quibus
3311 2913 3490 2968 modis
3533 2924 3589 2969 et

2003 2989 2344 3054 raticnibus,
2383 3008 2504 3062 quae
2550 2994 2694 3050 sicut
2743 2998 2988 3068 symbola
3017 3001 3254 3056 obscura
3304 3003 3371 3057 ad
3417 3020 3586 3076 expe-

2002 3078 2296 3147 diendum,
2325 3084 2484 3137 valde
2519 3085 2770 3141 difﬁciles
2807 3089 2873 3142 ad
2909 3091 3294 3160 explicandum
3333 3105 3586 3150 contem-

2002 3165 2276 3238 plhtiones
2299 3174 2503 3230 habent
2530 3193 2544 3230 :
2577 3185 2722 3232 tanta
2752 3179 2846 3233 Dei
2875 3196 3004 3251 erga
3030 3196 3132 3238 nos
3161 3183 3402 3240 charitas
3429 3188 3583 3243 exhi-

1999 3263 2111 3316 bita
2153 3273 2258 3319 cst.
2295 3267 2473 3321 Unum
2519 3269 2665 3322 enim
2714 3272 3151 3338 tabernaculum,
3184 3293 3356 3332 unum
3399 3281 3580 3336 velum

1997 3353 2166 3408 habet
2200 3373 2228 3410 a
2265 3373 2482 3414 summo
2513 3361 2580 3416 ad
2617 3363 2786 3419 imum
2827 3383 2840 3420 :
2875 3381 2978 3422 nec
3011 3369 3173 3424 aliter
3207 3370 3336 3427 licet
3368 3389 3431 3427 ea
3463 3377 3580 3430 vela

1995 3449 2382 3517 contemplari,
2417 3468 2580 3521 quam
2622 3455 2665 3508 si
2706 3457 2830 3524 quis
2874 3457 2942 3512 ab
2985 3461 3246 3516 extremis
3290 3463 3354 3516 ad
3403 3466 3577 3533 prima

1994 3539 2332 3606 ascendens,
2365 3543 2563 3598 evadat
2600 3545 2656 3599 in
2693 3547 3048 3618 principium.
3083 3552 3425 3623 Compositio
3458 3561 3578 3626 (τιτξα
3629 3537 3636 3542 ’

1993 3631 2117 3684 dem
2172 3634 2352 3688 tendit
2397 3651 2427 3690 a
2479 3651 2697 3692 summo
2752 3639 3050 3708 deorsum;
3109 3640 3400 3700 dissolutio
3449 3667 3579 3704 γει-ιο

1995 3723 2178 3793 (hanc
2223 3732 2407 3779 autem
2447 3743 2710 3785 vocamus
2757 3731 3197 3806 intelligentiam)
3237 3739 3306 3792 ab
3353 3740 3463 3794 imo
3509 3744 3575 3796 ad

1993 3829 2268 3870 summum
2304 3834 2400 3872 eos
2430 3820 2522 3889 qui
2561 3822 2710 3892 digni
2745 3833 2904 3890 sunt,
2933 3827 3136 3884 evehit.
3171 3830 3285 3886 lioc
3323 3834 3575 3889 taberna-

1990 3905 2166 3960 culum
2199 3909 2381 3977 posuit
2409 3911 2652 3966 Verbum
2683 3914 2736 3990 iu
2769 3917 2991 3970 circuitu
3021 3916 3303 3976 latibulum
3331 3929 3573 3993 suam",

1991 3999 2264 4066 primitias
2302 4001 2470 4055 totius
2505 4003 2900 4074 humanitatis;
2937 4010 3122 4066 ethoc
3151 4013 3304 4068 dedit
3334 4019 3570 4086 pretium

1989 4103 2091 4157 pro
2133 4090 2427 4155 omnibus,
2465 4093 2689 4149 tradens
2730 4097 2970 4152 animam
3008 4117 3164 4156 suam
3213 4103 3569 4175 in'mortem;

1988 4187 2050 4233 ut
2093 4178 2248 4235 ﬁeret
2290 4198 2391 4252 pro
2439 4184 2699 4242 universo
2739 4204 2943 4258 genere
2983 4193 3226 4251 humano
3264 4211 3572 4256 commuta-

1990 4280 2102 4325 tum
2141 4290 2154 4324 :
2190 4288 2291 4342 pro
2326 4275 2585 4331 omnibus
2617 4278 2765 4332 enim
2801 4283 3038 4350 gustavit
3074 4295 3330 4357 mortem,
3356 4307 3385 4346 a
3419 4293 3572 4348 nullo

1986 4378 2088 4432 per
2121 4364 2231 4418 vim
2271 4367 2338 4418 ad
2377 4365 2482 4420 hoc
2515 4367 2686 4422 invite
2727 4376 2956 4426 tractus.
2985 4373 3130 4428 Dixit
3165 4379 3312 4432 enim
3358 4398 3371 4433 :
3407 4381 3572 4436 Nemo

1987 4455 2128 4508 tollit
2153 4458 2393 4511 animum
2422 4473 2596 4512 meam
2624 4477 2656 4512 α
2684 4477 2793 4527 me;
2815 4468 2908 4516 sed
2931 4481 3024 4535 ego
3050 4481 3190 4536 pono
3213 4470 3385 4540 ipsam
3411 4492 3440 4527 α
3468 4493 3570 4534 me.

287 4565 429 4604 vero
466 4549 582 4604 solo
613 4549 828 4619 ﬂagello
864 4565 930 4604 ex
968 4549 1232 4609 funiculis
1265 4551 1412 4605 facto
1450 4549 1734 4606 universos
1766 4553 1876 4622 eje-
1914 4568 1957 4626 ι)
1987 4545 2309 4601 Poteslatem
2337 4549 2503 4604 habeo
2538 4553 2766 4620 ponendi
2797 4571 2946 4619 eam;
2980 4565 3030 4610 et
3061 4569 3372 4628 potestatem
3408 4567 3569 4621 Imbro

287 4643 460 4707 cit”,
497 4643 784 4712 appellans
827 4643 1055 4696 domum
1103 4659 1257 4696 suam
1306 4643 1534 4697 domum
1581 4644 1878 4711 orationis,

285 4749 458 4803 quam
517 4733 594 4786 illi
651 4734 745 4802 qui
798 4735 970 4789 Dettm
1032 4735 1519 4804 caupouabantur‘,
1569 4735 1880 4804 emporium

283 4823 539 4877 fecerant
583 4835 834 4879 ementes
886 4823 1067 4893 pullos
1118 4825 1533 4886 columbarum,
1571 4833 1626 4878 et
1667 4824 1882 4880 divinas

283 4915 608 4985 Seripturas
661 4924 1040 4986 permutautes
1092 4924 1350 4986 tanquam
1400 4918 1664 4972 mensarii
1715 4933 1880 4972 num-

282 5022 440 5069 mos,
477 5022 710 5076 quorum
751 5024 952 5062 mensae
991 5008 1192 5062 merito
1230 5016 1578 5072 evertuntur,
1613 5017 1668 5062 et
1701 5025 1902 5080 pecu--

275 5101 399 5155 nia:
419 5099 782 5167 effunduntur
805 5099 992 5163 divina
1017 5099 1222 5154 virtute
1254 5099 1402 5153 illius
1429 5099 1522 5170 qui
1550 5109 1775 5156 venerat
1803 5101 1870 5154 ad

279 5190 698 5262 repurgandum
743 5193 1031 5262 templum,
1064 5193 1118 5246 in
1165 5207 1276 5263 quo
1317 5192 1403 5246 lex
1441 5193 1683 5263 jubebat'
1707 5210 1874 5263 puras

274 5283 496 5340 hostias
537 5281 648 5339 Deo
691 5283 1010 5352 immolare,
1043 5301 1152 5340 non
1194 5293 1379 5339 autem
1423 5293 1484 5340 ut
1523 5285 1898 5368 nefariaista‘

269 5381 348 5434 tie
360 5387 501 5433 rent.

273 5577 282 5586 .
350 5535 401 5567 ⁸⁸
419 5536 606 5591 Matth.
632 5551 798 5596 xxvn,
821 5537 874 5589 7.
947 5536 990 5568 ⁸⁷
1015 5535 1214 5590 Matth-
1233 5553 1376 5603 xxvi,
1401 5537 1490 5592 ‘28.
1509 5537 1553 5570 ³⁸
1576 5538 1766 5593 Matth.
1793 5555 1895 5602 xxx,

2001 5577 2014 5590 .
2091 5539 2135 5569 ⁸³
2155 5540 2500 5604 Joan.:t,15.

189 5643 196 5648 -
254 5612 312 5645 εί
334 5609 498 5667 Joan.
523 5608 687 5673 x,18.
759 5609 804 5664 ἐξ
824 5608 958 5662 Luc.
983 5623 1076 5674 xu,
1102 5610 1192 5682 :10.
1354 5673 1358 5678 λ
1705 5677 1710 5682 ἠ

339 5840 368 5882 δ
402 5839 832 5897 Admirabantur
856 5857 885 5895 e
918 5850 1182 5895 contextu
1217 5843 1538 5912 legendum.

516 5933 792 5996 l’A'l‘ROL.
840 5935 959 5997 Gs.
1001 5936 1324 5998 LXXXIX.

1982 4639 2174 4692 iterum
2199 4641 2440 4694 sumendi
2467 4657 2585 4695 eam
2607 4643 2672 4696 θ’.
2701 4643 2759 4698 1η
2784 4660 2894 4714 quo
2921 4647 3088 4702 etiam
3121 4665 3178 4704 se
3211 4669 3376 4723 supra
3403 4673 3567 4725 quam

1980 4729 2262 4784 hominem
2303 4745 2424 4786 esse
2467 4733 2786 4789 declarabat
2825 4753 2836 4788 :
2871 4736 3145 4806 siquidem
3183 4745 3364 4800 omnis
3401 4747 3569 4805 homo

1982 4819 2155 4876 invite
2187 4822 2427 4876 animam
2463 4838 2618 4877 suam
2651 4823 2906 4892 dimittit;
2939 4835 2996 4882 et
3023 4829 3114 4884 alii
3153 4841 3284 4887 sunt
3313 4837 3408 4904 qui
3443 4840 3564 4893 ani-

1979 4928 2122 4967 mam
2158 4913 2385 4976 tollant,
2417 4914 2512 4984 qui
2547 4924 2673 4970 sunt
2705 4916 2772 4970 ad
2808 4918 2913 4974 hoc
2946 4920 3183 4977 ministri
3223 4927 3511 4982 constituti
3549 4950 3558 4984 :

1957 5006 2143 5062 sicuti
2199 5006 2428 5061 dictum
2465 5016 2550 5063 est
2604 5009 2680 5062 illi
2739 5009 2928 5077 diviti,
2971 5015 3130 5084 cujus
3183 5031 3314 5088 ager
3363 5004 3559 5076 uberes

1978 5099 2190 5154 fructus
2231 5099 2448 5165 tulerat,
2477 5101 2569 5170 qui
2609 5102 2931 5173 imprudens
2962 5108 3252 5164 consilium
3286 5103 3512 5182 ceperint
3545 5134 3556 5169 :

1981 5192 2104 5247 Ηίισο
2133 5201 2284 5247 nocte
2323 5195 2562 5248 animum
2601 5204 2748 5250 tuam
2791 5208 2838 5252 (Γ
2864 5209 2914 5252 te
2954 5183 3275 5270 repetent”.
3306 5199 3560 5262 Auittiam

1979 5300 2134 5338 vero
2171 5284 2472 5368 Salvatoris
2516 5290 2708 5344 "nostri
2735 5305 2740 5312 '
2766 5301 2927 5348 nemo
2981 5293 3260 5374 abstp‘lit,‘
3294 5278 3387 5374 sed
3415 5301 3564 5371 'i‘pse

1978 5377 2162 5448 potius
2197 5391 2326 5456 eam
2354 5364 2550 5448 sponte
2589 5382 2772 5451 posuit
2805 5383 2872 5467 ad
2910 5385 3074 5466 breve
3093 5366 3116 5453 ,D
3139 5367 3560 5447 eadehi'divina

2581 5543 2626 5574 ὀ
2647 5541 2894 5611 llel)r;.x,'
2913 5545 3003 5600 20.
3039 5595 3046 5602 .
3083 5548 3563 5614 9-"Psal.'vvu,-l‘2.

1561 5747 1802 5804 vnum
1849 5747 2260 5806 LECTIONES.
2639 5835 2645 5839 _
2725 5761 2760 5840 χ
3079 5745 3086 5752 ’
3323 5727 3340 5775 ί

3071 5941 3149 6005 43
