4098 6426
672 433 816 500 11355

1845 434 1904 494 S.
1926 431 2326 493 ANASTASII
2360 425 2834 493 ANTIOCHENI

3795 438 3889 505 i336

670 542 1034 618 providentia
1057 559 1167 615 qua
1191 553 1419 615 propter
1437 542 1737 603 nosfactus
1767 551 1852 601 est
1876 544 2075 612 homo;
2107 560 2272 616 opor-
2307 553 2346 609 Λ
2379 545 2513 611 eloi,
2555 554 2758 603 tamma
2820 543 3207 600 sabachthani.’
3265 544 3407 617 quod
3463 545 3838 617 interpretantur
3877 571 3890 609 :

685 639 835 697 tebat
859 637 1011 696 enim
1038 636 1312 710 proﬁcisci
1343 636 1414 692 ad
1444 636 1658 692 animas
1684 635 1896 693 solutas
1918 637 2271 709 corporibus,

684 741 742 788 et
792 731 1089 817 pradicare
1149 729 1373 801 captiuis
1435 728 1798 785 remissionem
1820 728 1887 782 “.
1936 728 2043 796 Qui
2106 728 2276 800 igitur

580 814 591 823 ’
679 814 881 885 volens
921 822 1162 880 animam
1203 820 1488 893 propriam
1530 820 1783 886 dimittit,
1817 836 1927 876 non
1968 829 2053 877 est
2094 822 2272 877 solum

673 917 871 975 anima
896 929 1131 985 corpore
1163 921 1327 971 utens
1354 929 1367 966 :
1394 912 1530 983 quid
1556 914 1707 969 enim
1732 922 1838 981 est,
1856 914 2006 986 quod
2032 913 2274 971 animam

683 1016 882 1081 sponte
914 1007 1112 1064 solvit?
1145 1022 1259 1061 non
1292 1004 1442 1061 enim
1477 1014 1919 1063 consentaneum
1956 1008 2158 1063 rationi
2191 1017 2276 1064 est

686 1101 1008 1163 existimare
1032 1113 1196 1170 posse
1219 1098 1328 1154 hoc
1350 1096 1533 1154 facere
1555 1113 1780 1170 corpus,
1800 1098 1949 1170 quod
1973 1115 2086 1155 non
2108 1100 2277 1156 habet

686 1194 1029 1256 voluntarias
1056 1191 1449 1265 appetitiones.
1469 1190 1677 1249 Verum
1704 1192 1752 1248 si
1779 1192 1887 1249 hoc
1915 1194 2275 1260 concedatur,

687 1288 1004 1361 reperietur
1026 1301 1150 1342 esse
1175 1301 1381 1357 corpus
1409 1284 1655 1342 nobilius
1684 1285 1867 1343 anima
1897 1286 2129 1343 rationis
2153 1302 2279 1356 par—

688 1382 884 1454 ticipe,
928 1378 1206 1451 siquidem
1249 1394 1456 1450 corpus
1495 1377 1728 1436 dimittit
1767 1379 2042 1445 animam,
2093 1379 2278 1435 anima

685 1489 820 1531 vero
850 1471 1175 1529 dimittitur.
1199 1470 1415 1527 Idcirco
1441 1486 1671 1527 necesse
1701 1480 1792 1527 est
1817 1471 2048 1527 omnino
2081 1479 2278 1542 putare

680 1568 743 1625 in
781 1566 1188 1639 compositione
1226 1564 1468 1631 Christi,
1497 1564 1649 1620 aliud
1680 1564 1813 1635 quid
1847 1572 2047 1637 praeter
2076 1580 2280 1636 corpus

673 1669 744 1719 et
769 1660 1033 1724 animam,
1058 1666 1299 1731 utroque
1323 1657 1549 1731 quidem
1568 1657 1822 1714 nobilius
1851 1676 1865 1712 :
1895 1659 2280 1729 praestantiore

679 1772 822 1814 vero
843 1753 1239 1829 principalius;
1268 1751 1418 1825 quod
1442 1751 1666 1823 quidem
1694 1768 1796 1823 pro
1823 1754 2158 1809 auctoritate
2180 1769 2281 1809 sua

678 1864 892 1922 teorpus
930 1847 988 1904 in
1025 1846 1215 1903 cibum
1253 1844 1545 1918 discipulis
1581 1844 1767 1912 dedit;
1806 1854 1864 1901 et
1895 1846 2139 1901 animam
2176 1861 2279 1918 pro

686 1939 882 2003 amicis
919 1937 1107 2010 posuit
1137 1953 1151 1991 :
1186 1943 1356 2009 atque
1387 1934 1494 1993 hac
1521 1935 1739 1993 ratione
1767 1935 1997 1991 nimiam
2028 1937 2273 1993 cbarita--

679 2044 798 2091 :tem
829 2032 886 2090 in
910 2045 1015 2091 nos
1037 2044 1197 2086 suam
1223 2028 1496 2089 ostendit.

756 2122 874 2181 XII.
903 2120 1049 2190 Quid
1071 2127 1257 2177 autem
1294 2118 1402 2176 hoc
1436 2118 1591 2176 erat?
1625 2118 1837 2191 Nempe
1873 2118 2127 2176 divinum
2166 2138 2275 2178 nu-

687 2234 848 2283 men,
877 2214 1247 2285 compositum
1286 2211 1501 2271 scilicet
1538 2211 1658 2268 sine
1698 2213 1956 2284 passione
1995 2229 2121 2270 cum
2163 2223 2278 2271 ter-

680 2323 826 2371 reno
861 2322 1114 2379 corpore.
1145 2306 1222 2362 Ac
1258 2304 1465 2361 latebat
1499 2304 1747 2376 quidem,
1775 2315 1832 2362 et
1864 2321 1979 2361 non
2011 2306 2277 2363 cerneba-

691 2410 803 2467 tur,
828 2408 1053 2472 propter
1078 2396 1485 2458 tabernaculum
1518 2398 1770 2471 quod,ut
1800 2399 1939 2465 dixi,
1965 2402 2021 2455 in
2057 2401 2282 2456 circuitu

688 2492 1017 2560 erat”-“;et
1036 2491 1166 2563 quia
1203 2497 1404 2547 natura
1443 2500 1529 2548 est
1564 2491 1948 2564 inaspectabili
1995 2511 2009 2547 :
2053 2508 2281 2549 verum-

680 2595 875 2640 :tamen
902 2582 1321 2639 demonstrabat
1349 2598 1408 2638 se
1438 2583 1612 2639 Deum
1641 2599 1739 2655 per
1762 2600 1849 2650 ea,
1874 2601 1998 2656 quae
2023 2585 2278 2641 faciebat.

689 2675 1015 2741 Clamabam
1038 2676 1186 2732 enim
1212 2691 1381 2747 opera
1409 2691 1533 2747 quae
1560 2677 1733 2733 Deum
1764 2678 1823 2733 in
1854 2694 2021 2734 carne
2051 2678 2284 2734 abscon-

692 2769 872 2825 ditum
911 2768 1292 2841 praedicabant
1329 2785 1343 2823 :
1387 2778 1443 2824 et
1481 2776 1642 2827 erant
1681 2771 1967 2840 passiones
2007 2771 2283 2843 prtecipue

693 2861 919 2937 quidem
951 2869 1007 2916 et
1036 2860 1091 2915 in
1120 2859 1315 2932 primis
1345 2859 1559 2927 carnis;
1591 2869 1868 2932 quatenus
1892 2876 2028 2917 vero
2052 2877 2147 2918 eas
2175 2862 2283 2919 sibi

693 2951 1056 3015 attribuebat,
1089 2960 1251 3006 erant
1286 2951 1408 3024 ejus
1446 2951 1543 3021 qui
1585 2967 1810 3008 carnem
1850 2963 2227 3023 assumpserat
2267 2970 2281 3009 :

693 3044 961 3103 miracula
1004 3058 1138 3101 vero
1181 3045 1238 3102 in
1282 3043 1479 3115 primis
1525 3053 1685 3102 erant
1728 3044 1896 3101 Verbi
1939 3045 2074 3113 Dei;
2120 3046 2284 3103 simul

693 3146 879 3198 autem
930 3151 1054 3192 cum
1100 3135 1190 3192 bis
1235 3151 1366 3193 caro
1415 3136 1862 3209 gloriﬁcabatur,
1894 3138 2026 3211 quia
2070 3139 2288 3195 scilicet

694 3228 866 3285 Verbi
910 3228 1009 3289 Dei
1048 3238 1192 3285 erat.
1222 3227 1368 3286 Caro
1414 3229 1534 3300 ipsa
1580 3228 1842 3288 transﬁxa
1885 3240 1972 3286 est
2013 3231 2184 3287 clavis
2230 3232 2287 3286 in

693 3337 883 3389 cruce,
912 3330 971 3377 et
1002 3321 1195 3377 lancea
1228 3322 1527 3379 vulnerata
1564 3330 1672 3389 est,
1704 3331 1761 3379 et
1795 3332 1951 3379 aceto
1991 3332 2202 3396 potata,
2232 3333 2289 3380 et

694 3431 859 3473 omne
910 3430 1087 3487 genus
1137 3415 1495 3472 contumeliae
1548 3431 1580 3471 a
1629 3414 1881 3471 scelestis
1930 3414 2039 3470 illis
2092 3425 2291 3487 sponte

694 3509 930 3579 accepit,
965 3525 1091 3565 cum
1116 3507 1362 3569 Verbum
1400 3507 1500 3563 Dei
1540 3522 1729 3563 secum
1767 3507 2075 3565 secundum
2114 3507 2290 3580 hypo-

696 3601 887 3661 stasim
927 3602 1144 3659 unitum
1185 3600 1437 3657 haberet.
1467 3600 1625 3657 Unde
1664 3598 1891 3672 sanguis
1927 3600 2023 3671 qui
2061 3616 2129 3656 ex
2174 3600 2292 3670 ipsa

697 3693 926 3759 ﬂuebat,
954 3694 1181 3765 sanguis
1216 3692 1382 3750 Verbi
1429 3692 1745 3763 incorporei
1789 3702 1844 3748 et
1882 3692 2153 3764 sanguine
2195 3708 2292 3747 ca-

698 3787 873 3845 rentis
905 3801 1031 3847 esse
1064 3785 1296 3849 dicitur,
1323 3794 1602 3857 quatenus
1636 3801 1783 3840 unus
1818 3793 1903 3840 est
1935 3800 2001 3840 ex
2039 3785 2290 3855 utrisque

696 3877 1038 3948 compositus
1084 3876 1374 3941 Christus,
1427 3876 1574 3932 Deus
1622 3874 1787 3930 simul
1835 3884 1894 3930 et
1940 3874 2129 3929 homo.
2176 3874 2292 3930 Hoc

696 3980 884 4033 autem
921 3970 997 4027 ita
1028 3984 1150 4031 esse
1186 3979 1377 4040 aperte
1414 3969 1659 4025 declarat
1694 3968 1832 4039 ipse,
1861 3982 1987 4023 cum
2025 3967 2199 4022 Deum
2235 3966 2292 4020 in

697 4077 867 4120 cruce
896 4062 1117 4123 Patrem
1146 4070 1202 4119 et
1242 4062 1419 4123 Deum
1467 4076 1631 4117 suum
1660 4068 1823 4117 vocat
1853 4077 1867 4114 :
1896 4059 2044 4127 Eloi,
2087 4060 2291 4131 inquit,

774 4203 824 4237 "
845 4203 953 4258 Isa.
978 4219 1087 4270 ιιι,
1140 4202 1205 4256 Α
1236 4217 1253 4268 ;
1294 4200 1426 4256 Luc.
1465 4216 1538 4267 tv,
1579 4199 1670 4256 18.
1708 4199 2008 4259 "-"Psal.
2030 4219 2163 4263 xvn.
2189 4203 2274 4259 12.

706 4275 721 4310 ⁸
746 4274 938 4335 Matth.
962 4290 1131 4343 xxv",
1152 4272 1240 4329 54.

644 4658 687 4795 ἶ

799 4977 838 5042 ι
863 4981 1073 5043 Verum
1127 4993 1219 5041 res
1244 4978 1554 5039 Salvatoris
1595 4987 1653 5035 et
1700 4979 1923 5038 Domini
1968 4982 2149 5043 nostri
2190 4998 2305 5038 non

718 5088 896 5145 usque
928 5070 1004 5135 ad
1059 5070 1178 5135 haec
1220 5081 1443 5128 tantum
1491 5081 1892 5131 consummatae
1937 5082 2100 5142 sunt;
2162 5089 2308 5145 opus

717 5166 876 5231 enim
892 5173 1016 5227 erat
1040 5162 1368 5237 pienissima
1412 5166 1751 5233 mcouomia,
1808 5165 2117 5240 deeratque
2143 5166 2305 5224 linis:

720 5261 953 5337 propter
982 5253 1461 5317 resurrectionem
1488 5251 1645 5313 enim
1668 5270 1738 5313 ex
1767 5256 2007 5317 mortuis
2054 5258 2178 5332 ejus
2210 5259 2308 5330 qui

724 5355 981 5409 "mrtuus
1006 5356 1113 5414 est,
1161 5346 1379 5411 exstitit
1418 5356 1578 5407 artus
1624 5348 1885 5423 ejusdem
1910 5351 2009 5423 qui
2042 5360 2174 5408 ante
2204 5367 2308 5409 saa-

720 5435 853 5513 cula
889 5436 1115 5509 genitus
1144 5446 1249 5502 est,
1278 5446 1338 5494 et
1363 5452 1515 5493 mors
1546 5453 1645 5509 per
1681 5454 1906 5496 erucem
1935 5440 2059 5513 ejus
2086 5440 2182 5512 qui
2223 5451 2311 5497 est

721 5528 1095 5589 immortalia:
1121 5543 1248 5607 qn;
1273 5528 1503 5602 quidem
1538 5546 1651 5585 non
1706 5531 1912 5588 accidit
1960 5530 2217 5600 fortuito,
2246 5543 2309 5594 ut

719 5617 928 5692 aliquis
952 5617 1190 5677 fortasse
1219 5618 1406 5676 dicat:
1439 5619 1610 5677 multi
1660 5636 1903 5694 namque
1924 5632 2082 5688 sunt,
2129 5634 2192 5681 et
2216 5624 2306 5681 di-

599 5736 609 5745 -
676 5706 685 5713 ’
720 5711 870 5769 versi
915 5710 1118 5767 mortis
1164 5709 1326 5766 modi
1373 5712 1472 5783 qui
1512 5710 1841 5769 horninibus
1874 5712 2175 5782 accidunt;
2211 5714 2307 5770 alii

720 5803 952 5875 quidem
985 5819 1058 5860 ex
1088 5803 1469 5874 providentia,
1507 5804 1602 5861 alii
1628 5820 1851 5862 veroex
1898 5802 2127 5863 insidiis
2158 5823 2173 5861 :
2208 5808 2306 5864 sed

722 5906 783 5956 ut
810 5900 956 5972 apud
975 5912 1172 5960 omnes
1188 5896 1415 5970 publica
1430 5907 1578 5955 esset
1605 5913 1756 5956 mors
1778 5902 1921 5974 ejus,
1939 5912 1997 5957 et
2026 5902 2306 5958 neminem

2382 639 2517 696 Deus
2559 656 2730 708 meus,
2765 638 2904 693 Deus
2947 653 3117 701 meus,
3145 645 3202 691 ut
3240 637 3369 710 quid
3410 654 3490 693 me
3533 638 3895 713 dereliquisti"?

2377 735 2448 791 Et
2483 733 2686 789 iterum
2733 753 2745 788 :
2779 733 2948 788 Pater
2977 747 3148 796 meus,
3177 733 3234 788 in
3273 747 3465 786 manus
3505 740 3620 787 tuas
3652 740 3891 792 commendo

2376 828 2621 897 spiritum
2648 843 2825 881 meum
2847 827 2914 881 ⁸⁸.
2939 827 3008 882 Ει
3033 823 3192 889 illud,
3219 832 3413 894 aperto
3438 824 3610 880 latere
3634 826 3789 882 exisse
3808 845 3893 884 san.

2378 922 2602 992 guinem
2633 930 2690 975 et
2719 935 2920 991 aquam
2952 934 3020 974 ex
3049 932 3282 988 corpore
3313 917 3428 989 jam
3459 928 3675 973 mortuo
3695 920 3754 983 ”,
3776 939 3893 993 supra

2378 1023 2634 1068 naturam
2662 1013 2907 1067 hominis
2935 1020 3059 1067 erat
3091 1029 3105 1066 :
3136 1008 3285 1083 quod
3317 1009 3542 1082 quidem
3575 1014 3833 1068 nonnullos
3851 1035 3893 1071 ..ι

2380 1105 2701 1161 inﬁdelibus
2738 1103 2852 1177 qui'
2878 1106 3167 1171 astabant,
3207 1108 3277 1164 ad
3320 1104 3658 1163 credendum
3697 1105 3891 1165 adduxit.

2379 1203 2711 1258 conﬁtentes
2744 1218 2864 1257 vere
2899 1201 3096 1259 Filium
3130 1201 3228 1257 Dei
3263 1218 3372 1258 esse
3397 1204 3438 1267 ¹,
3462 1208 3686 1271 propter
3709 1215 3838 1273 quem
3858 1213 3892 1257 et

2379 1311 2481 1366 per
2510 1311 2675 1366 quem
2719 1303 2798 1351 tot
2831 1311 2896 1351 ac
2934 1304 3087 1350 tanta
3126 1294 3377 1367 prodigia
3413 1293 3565 1349 edita
3601 1294 3893 1360 essentthe

2380 1402 2514 1442 vero
2554 1386 2806 1458 prodigia
2843 1387 3038 1442 erant?
3074 1386 3284 1456 Nempe
3324 1384 3458 1440 solis
3483 1382 3715 1440 defectio
3745 1383 3893 1438 decima

2380 1489 2577 1553 quarta
2604 1482 2756 1547 luna,
2776 1496 2900 1536 cum
2928 1480 3010 1535 fas
3035 1487 3155 1535 erat
3176 1477 3383 1535 Judteis
3408 1476 3696 1531 immolare
3717 1476 3891 1546 pascha:

2382 1583 2545 1630 terrae
2582 1582 2785 1639 motus,
2823 1587 2954 1628 saxa
2991 1571 3187 1635 scissa,
3225 1568 3483 1639 sepulcra
3527 1577 3727 1638 aperta,
3753 1569 3893 1622 mortui

2382 1661 2667 1727 suscitati,
2701 1662 2885 1717 velum
2938 1660 3131 1732 templi
3178 1658 3416 1715 scissum
3461 1673 3494 1713 a
3541 1672 3743 1713 summo
3776 1674 3895 1727 usque

2382 1752 2665 1817 deorsum,
2699 1761 2757 1808 et
2786 1762 2984 1808 caetera
3020 1748 3317 1821 ejusmodi,
3342 1761 3467 1817 quae
3494 1746 3607 1800 vim
3643 1745 3750 1815 ejus
3776 1745 3897 1800 deda-

2385 1845 2616 1910 rabant,
2649 1844 2744 1916 qui
2790 1844 2846 1899 in
2893 1844 3045 1915 ligno
3090 1839 3401 1912 pendebat,
3433 1847 3493 1893 et
3540 1845 3797 1908 peccatum
3831 1851 3894 1889 no-

2386 1945 2562 1993 strum
2613 1936 2670 1991 in
2717 1950 2785 1991 eo
2829 1934 3131 1991 damnavit.
3171 1932 3295 1987 Non
3340 1929 3493 1985 enim
3542 1935 3892 1983 consentaneum

2385 2038 2526 2096 erat,
2556 2040 2616 2086 ut
2646 2036 2871 2101 propter
2900 2044 3030 2084 eum
3058 2026 3155 2098 qui
3182 2025 3353 2080 homo
3383 2023 3566 2078 solum
3596 2029 3751 2085 esset,
3772 2029 3892 2074 tanto-

2385 2138 2521 2194 pere
2558 2122 2883 2178 universum
2919 2126 3395 2181 commoveretur;
3429 2123 3488 2171 et
3517 2115 3563 2170 si
3592 2113 3710 2186 quis
3736 2113 3890 2167 fortasse

2387 2229 2736 2286 compassum
2777 2228 2901 2268 esse
2941 2211 3111 2276 dicat,
3143 2224 3255 2264 non
3301 2206 3590 2263 aberrabit
3632 2223 3645 2258 ε
3687 2204 3890 2274 Oportebat

2387 2304 2537 2361 enim
2579 2312 2641 2360 ut
2677 2311 2948 2360 creaturae
2985 2299 3239 2358 Creatori
3281 2305 3747 2368 compaterentur.
3772 2295 3888 2363 Neque

2388 2397 2508 2454 sine
2540 2395 2814 2469 probabili
2851 2373 3067 2450 ratione
3104 2392 3224 2448 haec
3259 2391 3526 2456 dicimus,
3554 2389 3792 2460 quoniam
3819 2402 3891 2442 cun

2388 2492 2641 2562 plerique
2665 2488 2801 2561 justi
2830 2496 2993 2542 antea
3022 2485 3170 2558 passi
3198 2493 3408 2550 essent,
3440 2484 3580 2539 nihil
3615 2484 3667 2538 in
3700 2479 3893 2537 universi-

2393 2591 2502 2639 tate
2537 2580 2732 2637 mundi
2767 2578 3020 2635 ordinem
3041 2593 3204 2633 suum
3226 2575 3460 2646 reliquit
3486 2592 3501 2629 :
3530 2574 3661 2645 quid
3684 2574 3805 2640 enim
3823 2572 3892 2626 Lit-

2392 2676 2526 2734 teris
2558 2673 2842 2746 proditum
2873 2680 2959 2729 est
2990 2671 3245 2727 evenisse
3281 2667 3549 2739 lapidatis
3584 2666 3785 2732 sanctis,
3803 2664 3893 2719 occi-

2391 2765 2548 2822 sione
2597 2762 2767 2834 gladii
2811 2761 3146 2833 peremptis,
3190 2758 3394 2815 sectis?
3439 2758 3511 2814 At
3558 2757 3682 2830 quia
3721 2757 3893 2813 nnivers:

2391 2865 2648 2914 creatura
2675 2855 2785 2910 hoc
2810 2855 3062 2926 patiente
3094 2861 3372 2908 commota
3410 2859 3521 2918 est,
3550 2851 3686 2906 facta
3718 2858 3787 2904 est
3811 2862 3893 2916 pre-

2392 2948 2631 3005 dicatrix
2665 2947 2736 3002 iis
2769 2946 2866 3018 qui
2901 2960 3067 3001 aures
3098 2943 3366 3001 audiendi
3406 2943 3637 3006 habent,
3659 2957 3770 2996 vere
3792 2939 3894 2993 iuius

2393 3042 2595 3101 Filium
2636 3040 2757 3107 Dei,
2787 3028 3092 3104 ac'Deum,
3121 3052 3235 3093 non
3277 3035 3605 3107 adoptatum
3643 3034 3823 3095 Filium,
3842 3038 3895 3082 ant

2395 3135 2701 3191 secundum
2746 3133 2980 3206 gratiam
3026 3132 3236 3196 Deum,
3277 3129 3375 3185 sed
3422 3140 3619 3184 natura
3663 3127 3895 3182 Filium.et

2394 3237 2594 3285 natura
2623 3228 2820 3293 Deum,
2848 3235 2905 3283 et
2932 3226 3168 3298 genitori
3198 3222 3742 3285 consubstantialem,
3764 3234 3813 3273 ex
3831 3229 3895 3284 quo

2394 3328 2519 3377 ante
2563 3319 2845 3390 luciferum
2882 3317 3090 3390 genitus
3127 3317 3245 3372 est'
3280 3318 3433 3371 Deus
3472 3306 3894 3385 incorporeus,qui

2393 3421 2589 3484 postea
2609 3428 2787 3466 semen
2810 3410 3039 3466 Abrahm
3068 3408 3425 3482 apprehendit
3451 3408 3495 3473 ³,
3522 3415 3581 3463 et
3604 3421 3695 3476 per
3718 3403 3895 3458 unionem

2394 3520 2524 3562 cum
2554 3520 2621 3561 eo
2645 3504 2826 3560 factus
2855 3512 2941 3560 est
2965 3503 3155 3570 homo,
3176 3502 3272 3572 qui
3303 3516 3537 3557 carnem
3566 3508 3620 3555 et
3643 3494 3895 3567 sanguinem.

2394 3598 2544 3655 sicut
2589 3598 2787 3669 pueri,
2829 3595 3186 3668 participavit
3211 3595 3252 3649 ³.
3302 3594 3485 3661 Hanc,
3511 3606 3720 3649 carnem
3760 3589 3801 3642 in
3832 3595 3897 3651 qua

2397 3693 2545 3757 Deus
2575 3699 2720 3756 erat,
2749 3691 2819 3746 de
2849 3705 3017 3747 cruce
3047 3688 3355 3763 depositam
3387 3694 3688 3759 posuerunt
3715 3684 3760 3738 in
3780 3673 3896 3746 sepul-

2400 3798 2519 3851 cro,
2551 3793 2609 3840 et
2650 3783 2885 3838 sindone
2926 3780 3136 3838 munda
3181 3780 3571 3844 involverunt;
3613 3774 3893 3833 secesserunt-

2401 3891 2534 3946 que,
2562 3874 2657 3945 qui
2697 3889 2812 3945 pne
2850 3873 3025 3929 nimia
3063 3872 3420 3948 con-lolentia
3459 3886 3656 3941 corpus
3688 3865 3892 3938 petieram-

2401 3968 2536 4024 Erat
2554 3975 2742 4023 autem
2763 3966 2906 4037 lapis
2928 3964 3024 4036 qui
3047 3965 3251 4021 ostium
3273 3962 3620 4018 monumenti
3644 3953 3892 4016 obstruebat.

2403 4059 2722 4116 testimonio
2738 4099 2754 4126 ,
2778 4072 2909 4114 vere
2933 4064 3215 4114 mortuum
3241 4070 3365 4112 esse
3388 4064 3447 4112 et
3468 4054 3747 4126 sepultum.

3519 4198 3566 4231 ”
3583 4197 3724 4255 Joan.
3745 4204 3823 4253 xu,
3838 4184 3880 4237 31

2350 4204 2396 4238 "
2424 4204 2592 4259 Marc.
2615 4220 2704 4271 xv,
2732 4204 2828 4263 δι.
2924 4202 2970 4235 ’⁸
2993 4202 3131 4258 Luc.
3155 4216 3311 4268 xxm,
3333 4199 3427 4256 λϐ.

1319 4276 1339 4306 ³
1362 4276 1502 4332 Psal.
1526 4290 1633 4342 CIX,
1658 4277 1713 4332 5.
1789 4275 1812 4308 ⁸
1831 4275 2000 4331 Hebr.
2026 4292 2082 4337 ιι,
2108 4276 2194 4331 16.
2270 4274 2292 4306 ⁸
2314 4274 2449 4330 ibid.
2473 4275 2561 4329 id.

1790 4437 3871 4474 _____________________________________________..-

2322 4607 2367 4670 V

1759 4726 1869 4787 DE
1914 4724 2582 4787 RESURRECTIONE
2618 4721 2963 4786 CHRISTI.

2338 4985 2383 5042 D
2411 4986 2615 5045 lateret
2673 4989 2829 5053 quod
2870 4985 3080 5039 factum
3109 4978 3313 5043 fuerat,
3344 4975 3556 5033 idcirco
3595 4973 3671 5029 sic
3720 4968 3890 5053 morth

2411 5086 2501 5135 est
2529 5093 2542 5134 :
2564 5051 2709 5148 quis
2723 5074 2878 5131 enim
2897 5087 3029 5129 eum
3052 5070 3148 5143 qui
3177 5070 3236 5128 in
3263 5084 3435 5127 cruce
3458 5061 3706 5142 pependit
3730 5051 3892 5113 etum"5

2417 5172 2726 5227 transﬁxus
2752 5176 2843 5225 est
2878 5176 2938 5225 et
2966 5166 3051 5223 sic
3079 5164 3257 5221 vitam
3285 5154 3534 5233 reliquit,
3570 5154 3889 5233 mortuum»:-

2413 5224 2622 5335 ,
2677 5258 2937 5333 quamvis
2997 5256 3227 5315 veritati
3291 5224 3620 5329 magnopere
3674 5224 3890 5335 ΐεβυξξκξγ

2418 5321 2585 5412 Seius
2609 5321 2777 5411 'en-tm
2813 5353 2981 5409 Jesus
3008 5367 3076 5408 ex
3129 5351 3199 5409 iis
3249 5350 3347 5423 qui
3386 5321 3533 5406 vcum
3564 5359 3629 5401 eo
3653 5341 3704 5396 ln
3726 5321 3889 5409 palm!”

2416 5447 2669 5513 fuerunt,
2692 5454 2953 5502 mortuus
2983 5452 3092 5508 est,
3124 5445 3270 5501 duos
3297 5441 3426 5499 dico
3454 5441 3701 5497 latrones,
3721 5424 3885 5513 quifm“

2417 5550 2487 5591 eo
2514 5509 2773 5591 cruciﬁxi
2804 5533 2949 5590 nihil
2977 5534 3087 5589 tale
3118 5534 3269 5604 passi
3314 5539 3466 5588 sunt.
3514 5528 3772 5585 τειωιυτ

2420 5642 2547 5699 qua
2575 5626 2845 5697 deinceps
2863 5635 3019 5698 gesta
3049 5594 3221 5683 sunt:
3277 5638 3404 5681 cum
3460 5620 3601 5678 enim
3625 5621 3785 5701 magno

2420 5688 2553 5778 ιιιιο
2576 5719 2634 5775 in
2663 5688 3232 5791 festuvazymorum
3264 5717 3576 5772 incurrente
3606 5698 3750 5764 Judaei
3770 5709 3792 5748 ³

2418 5810 2534 5867 lato
2595 5812 2915 5881 petiisscnt,
2957 5819 3021 5866 ut
3074 5824 3311 5880 corpora
3351 5819 3543 5862 eorum
3583 5796 3664 5871 qui
3710 5776 3876 5843 cruci“

2418 5913 2601 5971 erant.
2629 5884 3077 5973 dcpmterentur.
3131 5900 3600 5960 concessissetnue
3622 5888 3797 5946 Pilatus
3826 5881 3882 5920 θεν
