4098 6456
235 372 384 440 1357

1059 373 1341 433 ORATIO
1380 375 1536 436 V.—
1563 375 1659 435 DE
1700 371 2347 434 RESURRECTIONE
2387 368 2727 433 CHRISTI.

3382 357 3518 422 1353

232 502 372 541 rum
423 486 637 556 justum
694 489 1054 552 postulatum.
1105 485 1477 554 jnssissetque
1522 495 1584 540 ut
1631 500 1823 539 eorum
1859 492 1900 542 A
1932 485 2223 554 pecuniam
2273 485 2546 540 militibus
2589 480 2846 552 polliciti,
2891 477 3128 534 suadent
3174 479 3430 534 occulere
3461 487 3517 532 et

229 579 424 630 crura
439 573 850 643 frangerentur,
877 581 1072 627 narrat
1095 572 1327 628 historia
1353 575 1395 634 ⁵,
1418 575 1583 644 primi
1607 573 1832 644 quidem

229 677 306 723 et
363 665 595 722 secundi
649 663 909 735 quicum
958 679 1026 719 eo
1065 664 1288 719 fuerant
1321 665 1376 720 in
1435 683 1656 720 crucen.
1701 665 1830 729 acti,

229 760 480 831 fregisse
511 771 714 824 crura;
773 757 844 812 ad
876 756 1066 813 Jes'um
1113 767 1302 812 autem
1351 773 1478 812 cum
1530 757 1832 820 venissent,

229 867 494 923 eumque
509 851 624 922 jam
655 857 940 904 mortuum
965 850 1259 912 vidissent,
1293 865 1405 904 non
1450 848 1684 920 fregisse
1715 849 1837 918 ejus

230 958 436 1000 crura.

321 1035 390 1090 ll.
443 1033 584 1090 Cum
621 1035 793 1106 igitur
831 1041 1003 1090 testes
1031 1033 1144 1088 sint
1188 1039 1470 1086 mortuum
1507 1044 1662 1092 esse,
1709 1028 1835 1082 nul-

236 1125 342 1182 lus
365 1125 600 1180 habebit
623 1126 809 1180 locum
833 1124 1078 1195 negandi
1110 1133 1345 1178 mortem
1393 1120 1648 1176 suscitati
1677 1139 1689 1174 :
1728 1120 1840 1174 imo

234 1227 307 1274 et
335 1217 541 1288 Joseph
598 1233 725 1273 cum
783 1216 1039 1286 petiisset
1089 1231 1292 1284 corpus
1343 1215 1415 1269 ad
1471 1213 1837 1274 humandum,

237 1313 490 1367 miratus
522 1319 608 1366 est
639 1311 874 1375 Pilatus,
905 1309 1181 1381 quodjam
1211 1319 1470 1362 mortuus
1493 1313 1664 1362 esset.
1696 1303 1841 1372 Quid

234 1420 378 1461 esse
403 1412 588 1475 potest
633 1403 954 1460 evidentius
1011 1401 1330 1458 testimonio
1357 1400 1698 1464 Judaeorum,
1749 1397 1843 1468 qui

236 1495 408 1551 omni
441 1493 680 1552 artiﬁcio
739 1493 1220 1550 resurrectionem
1273 1493 1501 1548 Domini
1562 1492 1843 1548 occultare

237 1587 487 1642 volunt?
520 1587 660 1642 Cum
685 1586 835 1642 enim
871 1595 1096 1656 postero
1135 1585 1226 1640 die
1265 1585 1408 1655 apud
1435 1584 1682 1639 Pilatum
1713 1597 1846 1636 con-

177 1737 190 1741 ,
237 1679 571 1743 venissent,
607 1679 869 1734 dixerunt
919 1695 932 1731 :
965 1677 1247 1732 Recordati
1279 1693 1483 1740 sumus,
1515 1674 1655 1746 quod
1685 1673 1844 1728 sedu-

241 1781 377 1826 ctor
404 1770 517 1836 ille,
565 1787 683 1824 cum
720 1769 893 1825 adhuc
921 1771 1136 1833 viveret,
1200 1769 1335 1822 dixit
1366 1784 1384 1822 :
1440 1766 1564 1821 Post
1594 1775 1698 1820 tres
1737 1765 1846 1818 dies

245 1863 579 1934 resurgam'
608 1902 622 1916 .
642 1860 786 1917 Cum
825 1875 957 1932 ergo
1002 1860 1060 1915 hi
1086 1860 1294 1919 dicant,
1323 1873 1448 1913 cum
1475 1857 1658 1913 adhuc
1691 1857 1845 1911 vive-

247 1963 376 2020 ret,
409 1954 614 2019 aiebat,
647 1963 705 2008 et
735 1948 994 2017 dicendo,
1046 1966 1167 2007 cum
1197 1951 1368 2006 adhuc
1411 1950 1628 2014 uiueret,
1687 1948 1850 2018 plane

248 2047 557 2104 declarant
637 2055 922 2100 mortuum
986 2043 1162 2100 fuisse
1186 2085 1201 2111 ,
1254 2057 1419 2098 omne
1474 2048 1852 2096 commentum

250 2141 587 2198 convictum
633 2139 745 2196 erit
783 2153 1001 2205 eorum,

1077 2139 1175 2210 qui
1227 2137 1415 2194 dicere
1469 2136 1677 2192 audent
1737 2147 1852 2190 non

253 2231 442 2287 fuisse
467 2238 769 2285 mortuum.
1473 2245 1482 2253 ·

343 2345 436 2404 Ill.
496 2343 704 2400 Deinde
763 2344 1038 2414 signatum
1089 2342 1263 2399 fuisse
1313 2342 1654 2413 sepulcrum,
1705 2340 1856 2413 quod

260 2434 505 2490 scelesti
559 2432 640 2487 illi
691 2441 1116 2504 suggesserant,
1171 2432 1594 2488 consultissimo
1642 2429 1852 2488 factum

263 2536 369 2580 est
391 2524 458 2579 ad
489 2523 752 2594 pudorem
787 2539 1004 2588 eorum,
1037 2523 1134 2594 qui
1164 2522 1425 2578 dicebant
1451 2524 1668 2579 venisse
1691 2523 1858 2580 disci-

263 2615 448 2685 pulos
516 2623 695 2680 nocte,
723 2621 779 2668 et
806 2613 1017 2668 furatos
1062 2628 1185 2668 esse
1222 2629 1372 2668 eum.
1430 2612 1656 2685 Signato
1707 2613 1858 2669 enim

263 2715 666 2770 monumento,
689 2713 746 2760 et
770 2703 1040 2759 militibus
1060 2705 1214 2775 signa
1245 2705 1714 2771 custodientibus,
1739 2721 1862 2777 quae

263 2796 427 2851 ratio
457 2795 761 2866 probabilis
797 2795 1076 2850 videbitur
1130 2795 1197 2850 ad
1247 2795 1679 2852 inumbrandum
1718 2799 1864 2854 veri-

261 2890 490 2944 tatem?
517 2889 625 2945 Sed
660 2903 764 2944 nec
811 2888 946 2944 illud
999 2888 1068 2943 ab
1123 2888 1255 2956 ullo,
1294 2897 1357 2944 ut
1398 2889 1661 2955 arbitror,
1713 2891 1860 2963 juste

259 2979 394 3034 dici
417 2979 647 3049 poterit,
680 2978 1023 3034 accusandos
1056 2992 1180 3034 esse
1223 2978 1418 3034 violati
1463 2980 1706 3050 sepulcri
1730 2996 1862 3051 pro-

263 3071 541 3142 pinquos,
576 3069 726 3126 furte
771 3085 975 3141 corpus
1003 3071 1294 3126 sustulisse
1329 3071 1540 3126 relictis
1591 3071 1868 3143 signisin-

1939 577 2222 632 mendacia
2271 586 2591 640 contexere,
2647 589 2770 644 quae
2816 570 2918 642 ipsi
2976 569 3139 624 valde
3185 569 3332 624 fatue
3385 569 3519 638 ipsis

1939 667 2583 738 suggesseruntzbicite,
2623 663 2904 734 inquiunt,
2944 661 3084 733 quod
3123 659 3368 731 discipuli
3403 661 3516 732 ej'ls

1938 769 2194 815 venerunt
2227 769 2381 814 noctu
2399 767 2450 812 et
2481 757 2627 812 nobis
2650 755 3030 810 dormientibus
3062 753 3204 826 furto
3231 771 3350 808 eum
3403 771 3522 807 sus-

1943 853 2180 907 tulerunt
2229 853 2272 906 ⁸.
2325 851 2522 906 Merito
2557 850 2612 904 in
2651 849 2784 904 istos
2821 849 2932 903 dici
2969 854 3151 917 potest
3197 864 3208 899 :
3247 843 3292 901 Ο
3345 845 3522 916 magi-

1945 955 2087 1000 stros
2116 943 2344 999 absurdi
2379 951 2436 998 ct
2463 941 2827 1013 repugnantis
2895 937 3202 993 mendacii!
3247 936 3524 1006 quomodo

1945 1036 2062 1091 fieri
2099 1043 2333 1106 poterat,
2364 1043 2426 1088 ut
2459 1035 2555 1105 qui
2598 1032 2973 1096 dormiebant,
3001 1030 3256 1085 viderent
3297 1029 3526 1099 quinam

1943 1139 2150 1195 essent,
2185 1131 2280 1199 qui
2311 1128 2479 1182 furati
2506 1127 2672 1182 sunt?
2703 1125 2760 1182 Si
2785 1131 2971 1180 autem
3000 1139 3127 1178 vere
3147 1131 3530 1192 cognoverunt

1945 1223 2130 1288 fures;
2169 1223 2275 1277 hoc
2301 1221 2451 1276 enim
2502 1220 2638 1290 ipsis
2695 1227 2756 1272 ut
2803 1216 3094 1284 dicerent,
3137 1217 3530 1286 suggessistis;

1947 1314 2196 1384 profecto
2223 1312 2464 1367 videndo
2482 1299 2866 1382 cognoverunt
2885 1327 2897 1362 :
2916 1307 3194 1379 quomodo
3214 1307 3382 1378 igitur
3401 1306 3529 1361 dor-

1949 1407 2217 1470 miebant,
2241 1405 2286 1460 si
2313 1403 2615 1459 viderunt?
2641 1402 2876 1458 Curnon
2905 1401 3091 1472 potius
3111 1399 3318 1455 furtum
3338 1397 3533 1470 probi~

1951 1499 2198 1556 hebant?
2227 1498 2310 1554 Ob
2335 1498 2478 1552 hanc
2503 1495 2652 1551 enim
2675 1509 2898 1550 causam
2930 1501 3314 1547 remanserant
3334 1491 3388 1546 in
3417 1507 3532 1546 ms-

1949 1599 2242 1656 numento,
2273 1599 2334 1645 ul.
2357 1589 2700 1660 propositum
2729 1585 2910 1641 fuerat
2939 1582 3124 1656 impiis
3158 1583 3384 1642 etfalsis
3413 1601 3533 1640 ma~
3619 1659 3624 1665 _

1949 1685 2160 1758 gistris,
2192 1683 2286 1754 qui
2319 1680 2727 1738 allirmaverant
2770 1694 3034 1734 suasuros
3059 1693 3118 1734 sc
3181 1678 3402 1748 praesidi
3449 1679 3537 1735 Pio

1954 1779 2088 1844 lato,
2109 1775 2260 1848 quod
2287 1775 2636 1831 dormientes
2660 1788 2792 1828 vera
2834 1771 3122 1840 dicuntse
3165 1771 3390 1827 vidisse.

2029 1891 2094 1948 ν.
2131 1891 2313 1961 Atque
2335 1887 2414 1943 illi
2447 1885 2671 1958 quidem
2715 1885 2799 1942 sic
2815 1901 2876 1941 se
2915 1885 3309 1940 existimabant
3333 1885 3540 1942 verita-

1959 1989 2069 2037 tem
2115 1981 2422 2036 obscurare
2473 1987 2532 2034 et
2561 1985 2897 2049 contegere;
2931 1977 3185 2032 Salvator
3226 1993 3363 2034 vero
3407 1995 3538 2034 vere

1957 2077 2122 2132 tertio
2159 2075 2250 2130 die
2281 2073 2548 2138 surrexit,
2580 2072 2777 2128 relicta
2826 2070 3188 2142 corruptione
3247 2071 3303 2126 in
3349 2074 3540 2142 sepulo

1959 2183 2054 2224 cro
2078 2174 2136 2222 et
2165 2166 2342 2221 factus
2385 2165 2766 2236 primogenitus
2819 2179 2882 2218 ea:
2930 2165 3234 2231 mortuis’;
3279 2166 3543 2221 descendit

1957 2259 2106 2316 enim
2136 2260 2190 2314 in
2220 2259 2498 2329 inferiores
2543 2265 2720 2329 partes
2773 2266 2930 2312 terra:
2977 2257 3020 2289 θ’
3067 2265 3125 2312 et
3179 2257 3234 2312 in
3279 2274 3376 2313 eor
3421 2261 3545 2327 ejus

1960 2351 2134 2418 venit,
2157 2359 2312 2407 tanto
2331 2358 2582 2420 tempore
2599 2349 2716 2404 illic
2733 2357 3134 2412 commoratus,
3151 2360 3366 2420 quanto
3385 2367 3546 2424 opor-

1963 2441 2090 2507 tuit,
2109 2450 2168 2495 ut
2191 2440 2427 2511 gratiam
2447 2455 2605 2496 suam
2628 2448 2684 2495 et
2712 2439 3007 2494 utilitatem
3029 2440 3098 2496 iis
3123 2441 3218 2511 qui
3245 2442 3298 2496 in
3327 2443 3546 2498 inferno

1963 2536 2318 2593 tenebantur.
2375 2533 2740 2604 impartiret:
2801 2549 2912 2588 non
2960 2534 3112 2589 enim
3165 2535 3370 2592 frustra
3414 2538 3549 2593 illuc

1965 2627 2284 2692 descendit,
2315 2625 2447 2696 quia
2495 2625 2656 2679 nihil.
2674 2624 2954 2680 incassum
2990 2625 3123 2681 facit
3153 2627 3322 2694 Deus,
3358 2631 3458 2684 sed
3491 2641 3550 2684 ut

1963 2734 2058 2774 eos
2070 2719 2164 2788 qui
2187 2717 2244 2772 in
2265 2730 2492 2772 carcere
2512 2726 2692 2777 erant,
2709 2715 2997 2781 educeret,
3025 2724 3081 2770 et
3099 2718 3397 2774 red-ticeret
3416 2736 3554 2790 pra:-

1963 2810 2158 2873 eundo
2185 2817 2315 2863 ante
2364 2822 2482 2874 eos,
2524 2815 2584 2861 ut
2635 2817 2826 2877 pastor
2877 2818 3006 2862 ante
3045 2823 3202 2875 oves,
3252 2813 3554 2880 qumrendo

1967 2917 2108 2973 quos
2132 2900 2482 2972 perdiderat,
2517 2899 2930 2956 etinvenicndo
2964 2917 3108 2972 quos
3145 2899 3466 2973 quaesierit,
3489 2922 3556 2960 ac

1969 2991 2291 3050 reducendo
2317 3007 2414 3048 eos
2434 3001 2815 3062 propterquos
2837 2993 3242 3050 descenderat:
3266 3012 3378 3052 non
3399 2999 3549 3053 enim

1974 3087 2154 3142 solum
2199 3083 2490 3139 interitum
2544 3097 2848 3153 corporum
2896 3083 3150 3141 dissolvit
3177 3085 3232 3140 in
3265 3089 3553 3159 sepulcro,

270 3163 489 3234 ιεεςτὶεε
525 3179 632 3218 non
663 3162 813 3218 enim
845 3170 1234 3218 οοηειτιιοῑυηι
1254 3171 1389 3228 .erat
1439 3173 1865 3221 monumentum
1895 3172 1938 3231 C
1974 3175 2070 3232 sed
2105 3183 2163 3230 et
2185 3173 2432 3244 captivas
2453 3172 2666 3226 animus
2697 3187 2766 3227 ex
2792 3171 3010 3228 inferno
3040 3174 3096 3228 in
3117 3191 3228 3244 quo
3255 3187 3560 3251 perty‘ran-

266 3273 351 3313 ex
389 3257 584 3312 electis
610 3255 889 3326 lapidibus
931 3257 1076 3311 inter
1107 3272 1165 3312 se
1189 3257 1606 3326 coagmentatis,
1644 3257 1740 3312 sed
1773 3273 1870 3326 po-

269 3352 400 3408 tius
429 3357 547 3406 erat
585 3360 744 3417 petra
789 3348 996 3414 nativa,
1035 3364 1158 3420 qua;
1216 3356 1388 3403 totam
1425 3348 1568 3404 hanc
1603 3349 1874 3418 suspicio-

271 3457 417 3498 nem
442 3442 700 3513 ejiciebat
733 3459 746 3496 :
781 3441 852 3497 ob
882 3442 1020 3496 hanc
1053 3456 1276 3496 causam
1300 3456 1506 3506 novum
1527 3450 1645 3496 erat
1675 3456 1872 3495 monu-

282 3540 571 3599 mentum,
599 3541 856 3598 recenter
881 3532 935 3586 in
967 3543 1121 3602 petra
1152 3531 1379 3596 factum,
1427 3531 1483 3586 in
1515 3547 1623 3601 quo
1657 3531 1872 3586 nullum

277 3634 456 3682 antea
489 3639 694 3695 corpus
721 3623 1006 3680 conditum
1053 3624 1268 3690 fuerat;
1331 3637 1400 3678 ne
1427 3623 1482 3678 in
1512 3623 1744 3678 dubium
1781 3639 1876 3679 ve-

278 3717 534 3774 niretiis
555 3717 648 3787 qui
711 3725 1000 3788 utcunque
1049 3717 1520 3772 resurrectionem
1570 3715 1871 3786 recipiunt,

302 3809 564 3880 quisnam
590 3825 621 3862 a
643 3809 876 3864 mortuis
899 3811 1174 3865 excitatus
1215 3815 1383 3864 esset.

375 3901 466 3956 Ν.
500 3899 628 3956 Han:
651 3902 837 3956 omnia
863 3912 921 3956 et
955 3901 1060 3956 alia
1107 3902 1266 3972 plura
1329 3899 1419 3954 bis
1460 3898 1678 3968 provisa
1723 3907 1874 3963 sunt,

295 3994 378 4051 ad
451 3994 758 4050 faciendam
841 3994 1006 4050 fidem
1085 3993 1513 4049 resurrectionis
1579 3991 1881 4047 Salvatoris

297 4089 520 4154 nostri;
550 4088 618 4142 ad
647 4103 814 4158 quam
859 4085 1264 4142 ostendendam
1304 4083 1592 4139 descendit
1633 4083 1876 4154 angelus,

297 4181 406 4252 qui
437 4179 675 4250 lapidem
703 4181 773 4234 ab
805 4180 922 4234 otio
971 4177 1322 4234 monumenti
1376 4175 1631 4240 revolvit,
1683 4190 1794 4230 non
1822 4185 1876 4232 ut

292 4271 511 4330 exitum
543 4271 772 4325 humato
816 4278 1066 4342 pararet;
1111 4269 1223 4341 jam
1249 4269 1396 4324 enim
1424 4267 1578 4338 prius
1602 4267 1690 4322 die
1721 4268 1882 4322 tertio

293 4371 621 4421 surrexerat
653 4361 919 4417 Dominus
953 4377 983 4416 a
1019 4363 1174 4416 nullo
1209 4360 1544 4430 prohibitus,
1579 4359 1673 4413 sed
1705 4367 1763 4414 ut
1787 4359 1882 4414 de-

298 4465 644 4513 monstraret
691 4455 895 4520 locum,
957 4454 1053 4509 ubi
1112 4469 1314 4524 corpus
1365 4454 1604 4523 positum
1679 4453 1879 4518 fuerat,

296 4550 400 4606 ubi
450 4559 634 4604 vestes
664 4557 876 4605 tantum
931 4555 1094 4603 erant
1133 4547 1405 4602 suscitati.
1452 4545 1610 4602 Unde
1653 4548 1884 4616 angelus

295 4642 399 4714 qui
431 4640 760 4696 mulieribus
789 4655 912 4712 qua:
949 4647 1326 4696 convenerant
1357 4637 1612 4709 apparuit
1645 4655 1659 4694 :
1686 4638 1882 4706 Nolite,

297 4734 508 4798 aiebat,
530 4735 712 4788 timere
733 4749 822 4788 vos
847 4749 864 4788 :
894 4734 1001 4788 scio
1035 4731 1175 4805 quod
1201 4731 1384 4786 Jesum
1406 4730 1886 4786 Nazarenumcru-

301 4824 526 4896 ciﬁxum
559 4826 828 4897 queritis;
863 4841 969 4878 non
995 4831 1069 4878 est
1097 4825 1211 4889 hic;
1244 4824 1560 4889 resurrexit,
1577 4826 1711 4878 sicut
1733 4825 1890 4879 dixit:

303 4915 504 4981 venite,
539 4915 707 4970 uidete
750 4915 921 4970 locum
963 4914 1051 4968 ubi
1086 4914 1288 4985 positus
1341 4919 1458 4968 erat
1493 4909 1537 4966 ⁷.
1583 4912 1680 4968 His
1723 4914 1892 4985 gestis

299 5005 516 5062 milites
553 4993 820 5063 custodes
861 5014 1014 5062 metu
1049 5005 1330 5077 perterriti
1350 5004 1609 5077 Iacebant
1629 5014 1889 5076 tanquam

300 5098 668 5154 mortui:vix
703 5108 886 5156 autem
917 5106 1132 5154 terrore
1174 5097 1488 5154 formidinis
1534 5097 1756 5154 liberati
1805 5097 1892 5153 fu-

283 5200 511 5264 gerunt
534 5193 590 5248 in
627 5193 930 5259 civitatem,
956 5203 1018 5250 ut
1037 5192 1364 5248 nuntiarent
1390 5207 1514 5263 quae
1533 5191 1892 5248 accidissent.

293 5282 578 5339 Scelerati
605 5298 740 5340 vero
763 5284 1086 5341 sacerdotes
1121 5284 1460 5353 Judaeorum,
1499 5300 1640 5356 quos
1675 5293 1896 5354 oporte-

299 5377 410 5433 bat
441 5375 662 5431 tandem
689 5391 916 5432 sensum
949 5393 1150 5449 capere
1168 5417 1184 5439 ,
1207 5383 1262 5433 et
1289 5393 1483 5432 eorum
1507 5393 1630 5448 quae
1647 5379 1894 5434 fecerant

299 5466 613 5542 pmnitere,
640 5480 834 5524 contra
871 5469 1060 5540 potius
1101 5469 1156 5525 in
1214 5468 1424 5524 malitia
1450 5477 1891 5540 perseverantes,

299 5557 617 5616 Studebant
642 5567 706 5614 ut
729 5571 1201 5618 resurrectionem
1242 5561 1522 5626 celarent,
1555 5567 1616 5616 et
1661 5559 1894 5616 multum

381 5759 408 5792 '
430 5758 590 5814 Joan.
619 5773 731 5819 xix,
754 5757 845 5812 32.
920 5758 942 5790 ⁸
972 5754 1168 5812 Matth.
1234 5769 1380 5811 xxvn
1403 5802 1419 5828 ,
1473 5750 1563 5809 6'5.

296 5845 390 5900 π,
429 5830 482 5886 9.
561 5829 606 5861 ⁸⁸
669 5827 874 5885 Jerem.
912 5844 1038 5892 xxx,
1077 5829 1160 5882 t6.
1241 5829 1282 5859 ¹¹
1343 5827 1502 5882 lieni.
1554 5843 1664 5892 xiv,
1693 5827 1744 5883 9.

1645 5757 1665 5787 '
1695 5755 1892 5811 Matth.
1933 5769 2120 5820 xxvm,
2145 5756 2199 5816 5.
2231 5753 2284 5807 6.

1826 5828 1869 5861 ³³
1910 5825 2044 5883 Luc.
2079 5841 2166 5892 xx,
2207 5825 2294 5880 '58.

1978 3265 2165 3322 nidem
2188 3263 2610 3327 detinebantur,
2649 3261 2940 3326 liberavit;
2974 3271 3024 3316 et
3049 3263 3286 3318 fortasse
3317 3281 3427 3320 non
3459 3283 3560 3337 per

1985 3355 2356 3430 tyrannidem,
2381 3355 2475 3409 sed
2512 3370 2612 3425 pro
2640 3353 2833 3408 multis
2862 3354 3067 3409 debitis
3119 3355 3556 3426 deiincbantur;

1975 3449 2184 3520 quibus
2240 3446 2572 3518 persolutis,
2603 3445 2697 3514 qui
2742 3453 2972 3514 propter
3017 3446 3410 3502 liberationem
3457 3449 3556 3504 dc-

1977 3541 2290 3604 scenderat,
2350 3537 2578 3594 reduxit
2641 3552 2895 3606 magnam
2933 3537 3148 3608 copiam
3193 3541 3559 3610 captivorum,

1975 3632 2315 3704 promittens
2357 3631 2537 3700 ipsum
2585 3629 2755 3684 etiam
2810 3629 3110 3699 aliquando
3161 3633 3256 3702 qui
3313 3634 3564 3705 captivos

1977 3726 2239 3789 duxerat,
2297 3723 2576 3794 captivum
2609 3731 2666 3776 et
2724 3738 2946 3777 servum
2997 3723 3325 3780 habiturum
3357 3745 3372 3794 ;
3409 3728 3562 3782 illum

1979 3817 2124 3880 dico,
2151 3816 2246 3886 qui
2275 3815 2440 3884 paulo
2496 3823 2626 3868 ante
2675 3813 2942 3868 dominus
2997 3816 3318 3884 putabatur.
3385 3819 3566 3874 Erunt

1981 3911 2152 3974 enim,
2181 3907 2386 3979 inquit,
2415 3907 2632 3978 captiui,
2665 3907 2756 3977 qui
2786 3923 2873 3960 vos
2905 3910 3140 3983 captivos
3185 3910 3486 3976 duxerunt;
3516 3922 3567 3965 rt

1980 4003 2312 4057 dominatum
2339 3998 2606 4063 subibunt,
2644 3998 2734 4068 qui
2761 3998 2899 4052 vobis
2921 3999 3268 4056 dominantur
3295 4003 3358 4058 ιθ.

2053 4093 2140 4150 Vl.
2181 4093 2264 4148 Ad
2303 4093 2398 4145 hoc
2430 4089 2671 4144 Christus
2721 4099 2960 4146 mortuus
3005 4101 3083 4146 est
3139 4103 3191 4147 et
3241 4097 3392 4162 vixit,
3428 4106 3485 4151 ut
3520 4107 3567 4151 ct

1983 4193 2314 4240 mortuorum
2348 4189 2397 4235 et
2423 4183 2661 4234 vivorum
2683 4180 2942 4235 Do'tinus
2996 4183 3068 4237 sit
3093 4184 3159 4236 ¹¹.
3203 4183 3310 4240 Sed
3354 4204 3459 4242 non
3491 4197 3568 4243 est

1984 4275 2148 4337 Deus,
2205 4271 2347 4325 Deus
2395 4277 2758 4332 mortuorum,
2807 4271 2898 4324 sed
2941 4273 3254 4348 viventium.
3287 4277 3348 4331 ¹².
3397 4275 3572 4348 Igitur
3623 4331 3629 4335 .

1985 4364 2188 4422 mortui
2210 4361 2434 4434 quibus,
2472 4361 2568 4430 qui
2596 4360 2755 4424 vixit,
2789 4361 3130 4427 dominatur,
3164 4380 3278 4419 non
3296 4377 3426 4422 sunt
3445 4386 3562 4424 am-

1987 4459 2134 4532 plius
2186 4455 2390 4512 mortui
2419 4493 2434 4518 ,
2479 4451 2579 4507 sed
2613 4453 2894 4520 viventes;
2928 4465 2984 4511 et
3015 4455 3224 4513 idcirco
3250 4459 3575 4518 dominatur

1989 4555 2074 4606 eis
2102 4550 2236 4608 vita.
2292 4557 2352 4602 ut
2375 4546 2588 4610 vivant,
2620 4559 2732 4600 non
2767 4547 3006 4618 amplius
3043 4560 3278 4605 mortem
3313 4561 3571 4608 metuen-

1993 4651 2096 4709 tes,
2127 4641 2271 4698 sicut
2293 4639 2532 4696 Christus
2561 4643 2820 4696 excitatus
2859 4657 2891 4694 a
2925 4641 3171 4705 mortuis,
3203 4658 3309 4696 non
3341 4643 3574 4715 amplius

1993 4720 2220 4791 moritur
2246 4734 2322 4788 ”:
2361 4733 2443 4790 sic
2465 4731 2719 4789 suscitati
2767 4739 2825 4786 et
2863 4747 2894 4786 a
2938 4734 3301 4802 corruptione
3326 4735 3573 4802 liberati,

1993 4841 2105 4882 non
2127 4823 2366 4896 amplius
2405 4833 2640 4880 mortem
2691 4821 2982 4886 videbunt,
3040 4820 3218 4878 futuri
3268 4823 3576 4896 participes

1993 4915 2418 4974 resurrectionis
2458 4914 2688 4978 Christi,
2746 4913 2890 4970 sicut
2951 4913 3070 4986 ipse
3137 4915 3337 4971 mortis
3375 4931 3574 4974 eorum

1996 5009 2278 5080 particeps
2323 5007 2447 5064 fuit.
2485 5007 2606 5064 Non
2635 5005 2784 5062 enim
2806 5007 2915 5062 alia
2962 5005 3034 5062 de
3079 5021 3246 5062 causa
3281 5007 3577 5066 descendit

1995 5101 2053 5156 in
2081 5110 2311 5168 terram,
2341 5101 2506 5174 cujus
2532 5107 2722 5155 vectes
2751 5095 3069 5155 detinentes
3101 5100 3320 5164 aeterni,
3353 5101 3462 5157 nisi
3515 5111 3574 5159 ut

1997 5209 2164 5250 cereos
2199 5199 2406 5264 portas.
2434 5199 2730 5246 contereret
2748 5199 2798 5245 et
2847 5198 3015 5245 vectes
3051 5196 3246 5261 jerreos
3275 5192 3581 5267 confringa-

1998 5293 2078 5341 ret
2109 5283 2176 5351 ἰ,
2199 5291 2258 5339 et
2283 5294 2346 5338 ut
2369 5299 2440 5338 ex
2489 5282 2860 5354 corruptione
2899 5282 3070 5338 vitam
3123 5293 3376 5340 nostram
3419 5285 3490 5342 ad
3524 5302 3584 5344 se

1997 5373 2180 5448 ipsum
2212 5375 2502 5440 educeret,
2533 5390 2636 5445 pro
2665 5374 2936 5430 servitute
2982 5373 3191 5431 donata
3225 5377 3388 5433 nobis
3415 5377 3587 5434 liber-

2001 5473 2136 5522 tate.
2171 5464 2329 5531 Quod
2356 5465 2403 5520 si
2433 5466 2605 5536 hujus
2631 5467 2962 5520 (economiae
2990 5481 3134 5537 opus
3163 5467 3412 5522 nondum
3451 5485 3583 5539 per-

2003 5555 2213 5612 fectum
2252 5555 2502 5620 videtur,
2545 5555 2730 5614 adhuc
2765 5556 2918 5612 enim
2953 5556 3215 5614 heminas
3244 5559 3586 5624 moriuntur,

2363 5753 2550 5831 "ibid.
2591 5753 2680 5808 t5.
2758 5753 3010 5831 {Coloss_.
3065 5759 3218 5831 [.18.
3292 5759 3348 5831 εἴ
3387 5757 3595 5831 Ephes.

2392 5827 2434 5858 ⁸³
2468 5826 2626 5882 Rom.
2663 5827 2810 5892 v1,9.
2890 5826 2932 5859 ³³
2969 5829 3114 5885 Psal.
3141 5846 3246 5893 ενι,
3291 5830 3376 5889 16.
