4098 6428
719 385 872 450 ’1259

1888 385 1949 443 S.
1990 381 2394 444 ANASTASII
2435 382 2912 445 ANTIOCHENI
3811 391 3893 459 1360

728 507 785 556 et
815 510 1051 566 corpora
1053 494 1307 574 interitu
1343 494 1760 560 dissolvuntur;
1788 493 1958 558 absit,
1994 503 2056 548 ut
2095 494 2204 548 hoc
2227 493 2322 548 fiat
2353 499 2393 556 Α
2426 495 2726 565 qualitates
2777 507 2982 564 capere
3037 499 3242 564 potest,
3286 493 3391 549 etsi
3437 507 3546 549 non
3576 508 3743 553 omnes
3769 501 3893 574 simul;

729 588 948 647 occasio
977 567 1244 658 peHidize.
1274 587 1394 644 Jatn
1430 587 1582 642 enim
1612 595 1775 641 antea
1821 586 2074 641 euntium
2139 587 2319 640 hono-

729 701 852 740 rum
877 696 901 724 ο
927 699 1052 754 quae
1071 683 1220 739 dicta
1250 689 1400 747 sunt,
1433 681 1807 736 arrhabonem
1828 680 2061 735 tulimus
2082 695 2184 750 per
2200 679 2320 750 pri-

731 778 919 834 mitias
943 787 1456 848 nostras,perquas
1483 775 1558 832 ad
1591 774 1950 830 altitudinem
1981 773 2108 830 caeli
2140 773 2320 829 evasi-

731 887 878 937 mus,
909 880 965 926 et
989 856 1427 925 conseditnus'ei
1467 867 1564 938 qui
1597 883 1700 922 nos
1735 882 1927 921 secum
1986 867 2042 921 in
2081 865 2322 921 sublime

731 963 976 1032 sustulit,
1011 963 1174 1020 sicuti
1197 962 1403 1018 Paulus
1435 961 1677 1032 quodam
1705 961 1828 1016 loco
1857 961 1968 1016 ait:
2008 961 2077 1016 Et
2131 977 2322 1015 conre-

731 1059 1024 1122 suscltavit,
1076 1066 1124 1110 et
1169 1055 1439 1110 considere
1491 1072 1585 1109 nos
1639 1055 1758 1126 fecit
1813 1055 1870 1110 in
1921 1054 2214 1110 ca’leslibus
2265 1055 2321 1108 in

729 1149 940 1204 Christo
967 1149 1030 1201 ³⁸.
1068 1147 1336 1202 Feremus
1361 1155 1547 1202 autem
1598 1147 2162 1211 consummationem,
2192 1161 2318 1200 cum

734 1241 912 1296 aderit
937 1250 1160 1310 tempus
1181 1255 1211 1294 a
1251 1239 1411 1294 Patre
1437 1239 1797 1310 prmﬁnitum,
1833 1255 1960 1295 cum
1997 1256 2102 1295 nos
2133 1240 2322 1310 pueri-

737 1335 866 1389 tiam
913 1333 1282 1404 deponemus,
1349 1342 1405 1386 ct
1461 1333 1516 1386 in
1567 1333 1738 1387 virum
1791 1332 2078 1404 perfectum
2127 1331 2326 1386 evade-

734 1440 858 1480 mus
893 1426 978 1476 η’.
1020 1424 1137 1480 Hoc
1161 1423 1311 1478 enim
1336 1424 1516 1479 visum
1562 1434 1646 1479 est
1677 1423 1828 1478 Patri
1874 1423 2229 1487 smculorum,
2267 1429 2328 1477 ut

736 1515 956 1569 firmum
983 1513 1058 1569 sit
1083 1513 1274 1568 datum
1305 1527 1532 1578 munus,
1581 1521 1638 1568 et
1687 1528 1799 1567 non
1849 1529 2044 1569 rursus
2077 1521 2328 1569 contem-

734 1615 903 1662 natur
926 1611 1367 1676 rcpuerascentc
1388 1603 1576 1660 adhuc
1597 1615 1806 1662 mente.

809 1697 920 1754 VII.
983 1697 1064 1753 Ne
1103 1696 1230 1768 quis
1286 1697 1454 1768 igitur
1484 1696 1773 1753 existimet
1824 1712 1937 1753 non
1981 1714 2106 1754 esse
2135 1698 2327 1755 datum

736 1791 1131 1855 arrhabonem,
1193 1805 1264 1846 ex
1295 1805 1386 1856 eo,
1415 1789 1564 1860 quod
1616 1790 1802 1846 adhuc
1849 1789 2004 1847 videt
2057 1792 2327 1862 quosdam

736 1885 1024 1956 prioribus
1051 1883 1260 1940 debitis
1293 1881 1568 1956 obligatos
1602 1881 1644 1938 τ.
1683 1882 1863 1966 Antea
1905 1884 2055 1938 enim
2078 1861 2088 1862 ί
2111 1885 2330 1941 solutus
2366 1861 2402 1914 Β

733 1990 841 2046 est,
866 1990 928 2035 ut
959 1979 1228 2045 diximus,
1263 1979 1531 2044 arrhabo,
1583 1979 1682 2050 qui
1709 1988 1894 2035 certos
1921 1978 2055 2036 facit
2083 1981 2151 2036 de
2176 1980 2330 2036 solu-

659 2095 662 2098 ·
737 2074 888 2130 tione
917 2075 1096 2128 totius
1118 2087 1388 2128 summae:
1432 2071 1677 2127 arrhabo
1707 2087 1950 2142 namque
1979 2089 2089 2126 non
2111 2081 2196 2128 est
2218 2083 2331 2131 tota

737 2181 976 2232 summa,
1034 2165 1133 2221 sed
1191 2179 1342 2236 pars,
1399 2179 1567 2236 quam
1633 2162 1859 2234 quidem
1919 2165 2126 2220 Paulus
2168 2175 2331 2222 vocat

731 2261 969 2330 wnigma
1005 2259 1071 2313 ".
1131 2257 1262 2314 Haec
1289 2273 1424 2313 vero
1458 2256 1646 2312 omnia
1699 2265 1831 2312 tunc
1881 2259 2327 2325 evacuabuntur,

723 2366 853 2404 eum
885 2349 987 2404 erit
1023 2347 1164 2402 Deus
1191 2348 1374 2402 omnia
1411 2347 1468 2401 in
1491 2346 1733 2401 omnibus
1753 2347 1818 2400 ”.
1851 2346 2020 2404 Vides
2046 2348 2193 2404 unde
2229 2365 2332 2406 nos

733 2439 970 2495 eduxit?
1000 2451 1136 2494 sane
1164 2435 1395 2508 quidem
1432 2444 1490 2492 et
1525 2435 1762 2504 educet;
1799 2452 1952 2493 mors
1981 2438 2134 2494 enim
2171 2438 2334 2495 Chri-

716 2533 980 2589 -stifaeta
1033 2541 1121 2587 est
1167 2531 1280 2587 vita
1336 2531 1620 2586 mortuis:
1679 2531 1968 2586 contraria‘
2029 2533 2331 2589 contrariis

735 2633 914 2689 curat,
941 2624 1040 2695 qui
1088 2633 1275 2695 potest
1321 2623 1612 2694 sapienter
1662 2622 1875 2679 morbis
1920 2623 2330 2682 insanabilibus

717 2716 971 2772 mederi.
997 2715 1107 2772 Sed
1131 2716 1302 2772 etiam
1354 2724 1750 2772 consummato
1805 2716 2074 2786 mysterio
2112 2718 2330 2781 mortis,

671 2815 679 2824 '
733 2820 798 2864 ut
825 2810 1038 2866 dictum
1087 2817 1194 2875 εει,
1231 2815 1290 2864 ει
1322 2816 1504 2864 morte
1540 2825 1663 2880 quae
1693 2809 1749 2863 in
1805 2824 2037 2879 corpora
2090 2809 2332 2866 habebat

732 2891 1053 2976 imperium,
1074 2904 1426 2974 inter-empta,
1446 2911 1720 2975 potestate
1747 2904 1843 2960 Dei
1858 2921 2060 2976 corpus
2080 2916 2331 2964 nostrum

735 2996 941 3062 induti,
990 3006 1288 3068 postquam
1333 2996 1659 3066 sepulcrum
1709 2995 1800 3051 die
1829 2997 2013 3063 tertio,
2046 2999 2142 3070 qui
2198 3015 2330 3056 vere

735 3091 1001 3146 humatus
1035 3087 1234 3154 fuerat,
1266 3088 1520 3158 reliquit,
1549 3089 1852 3158 oportebat
1877 3099 1937 3145 ut
1969 3107 2165 3147 rursus
2199 3109 2328 3148 cum

721 3194 970 3251 corpore
1003 3187 1294 3250 assumpto
1322 3177 1391 3234 ad
1430 3179 1653 3236 Patrem
1707 3183 1805 3252 qui
1849 3183 2095 3252 miserat,
2139 3202 2332 3241 ascen-
2357 3214 2400 3272 ο

733 3274 913 3340 deret,
973 3271 1074 3344 qui
1131 3269 1504 3328 descenderat
1555 3273 1624 3326 ad
1685 3275 1992 3330 tollendum
2038 3287 2331 3347 peccatum

723 3363 952 3420 mundi.
987 3363 1108 3420 Non
1139 3363 1289 3419 enim
1338 3372 1461 3419 erat
1512 3363 1568 3418 in
1623 3373 1909 3434 posterum
1955 3376 2104 3422 terra
2175 3369 2333 3426 locus

721 3456 975 3512 idoneus
997 3463 1052 3510 et
1073 3463 1241 3525 aptus
1270 3455 1520 3525 corpori,
1560 3456 1709 3526 quod
1753 3458 2180 3514 crassitudinem
2208 3477 2331 3516 ear-

736 3564 896 3646 rasam
925 3548 1287 3618 deposuerat,
1337 3552 1396 3601 et
1431 3562 1497 3602 ex
1547 3548 1901 3618 corruptibili
1956 3549 2164 3605 factum
2212 3562 2332 3610 erat

737 3637 1190 3710 incorruptibile.
1217 3653 1286 3692 ex
1332 3637 1556 3692 mortali
1597 3637 1936 3703 immortale,
1983 3656 2052 3695 ex
2098 3642 2329 3698 animali

734 3731 1054 3802 spirituale.
1105 3728 1263 3784 Sicut
1305 3728 1456 3784 enim
1501 3729 1662 3784 locus
1719 3738 1977 3786 terrenus
2027 3747 2328 3803 corporum

735 3823 1086 3879 domicilium
1116 3813 1223 3888 est,
1283 3821 1366 3876 sic
1409 3821 1570 3876 locus
1634 3821 1878 3877 caelestis
1927 3823 2325 3893 spiritualium.

733 3917 894 3984 Quod
941 3925 1126 3971 autem
1187 3928 1396 3984 corpus
1439 3911 1664 3968 Domini
1704 3913 1999 3983 spirituale
2060 3915 2326 3982 surrexit,

734 4009 866 4080 quid
909 4023 1053 4079 opus
1092 4005 1416 4071 estdicere,
1451 4020 1578 4061 cum
1630 4006 1834 4062 Paulus
1877 4005 1946 4062 de
2002 4009 2330 4079 corporibus

735 4109 997 4165 tcstetur,
1027 4099 1286 4154 seminari
1309 4096 1575 4152 animalia
1599 4105 1655 4151 et
1674 4114 1892 4170 surgere
1907 4099 2216 4170 spiritualia
2246 4102 2286 4134 "
2311 4119 2326 4156 :

735 4190 1130 4269 transfigurata
1165 4188 1388 4244 scilicet
1413 4188 1480 4242 ad
1537 4187 1836 4258 gloriosam
1881 4191 2328 4262 transtiguratio-

734 4300 861 4340 nem
893 4283 1102 4340 Christi
1133 4280 1294 4337 ducis
1321 4279 1670 4351 praeeuntis?
1695 4280 1982 4350 Siquidem
2011 4291 2065 4336 et
2092 4285 2330 4354 Aposto-

732 4377 820 4431 lus
842 4376 974 4439 hoe,
1010 4373 1161 4445 quod
1197 4373 1364 4443 plane
1397 4372 1636 4438 sciebat,
1669 4373 1819 4427 omni
1844 4374 2036 4444 generi
2085 4375 2328 4432 humano

732 4476 1064 4522 eventurum
1089 4479 1211 4521 esse
1234 4463 1310 4518 ait
1337 4478 1438 4534 per
1455 4461 1760 4529 Christum,
1790 4465 1882 4534 qui
1924 4464 2328 4536 transﬁgurabit

2422 603 2604 657 neque
2629 586 2871 642 efﬁcitur
2900 586 3028 653 alia,
3059 584 3158 640 sed
3183 584 3369 650 varia;
3400 585 3456 640 id
3480 595 3581 654 est,
3614 587 3722 644 aliis
3739 597 3896 661 quali...

2423 680 2574 736 tibus
2638 679 2858 746 affecta,
2913 694 3082 750 quam
3131 677 3339 749 quibus
3401 679 3556 749 prius
3606 680 3771 738 all‘ectn
3805 703 3896 744 erat:

2422 775 2600 828 variat
2632 783 2819 829 autem
2851 781 2908 829 et
2932 783 3111 828 mutat
3139 771 3262 838 has,
3293 772 3517 842 quando
3538 773 3899 844 placetCrcatori.

2497 865 2632 922 Vill.
2681 866 2856 921 Nemo
2881 881 3014 937 ergo
3046 881 3173 922 cum
3214 865 3372 922 audit
3400 866 3678 936 spiritualc
3705 869 3899 930 factumet

2425 956 2674 1023 animali,
2694 958 2982 1013 existimet
3000 973 3110 1012 non
3127 957 3457 1012 suscitatum
3481 959 3744 1028 esseprius
3755 978 3892 1034 corpus

2423 1067 2584 1107 error
2603 1051 2752 1106 enim
2787 1063 2875 1108 est
2913 1051 3028 1120 hic,
3060 1061 3118 1107 et
3159 1051 3376 1107 inimici
3425 1051 3672 1106 veritatis
3699 1058 3900 1111 sententia.

2428 1143 2752 1200 Substantia
2782 1159 3027 1214 namque
3095 1143 3345 1212 subiecta
3381 1141 3620 1213 corpori,
3671 1142 3811 1198 dicam
3845 1147 3899 1201 ite-

2428 1253 2571 1303 rum,
2603 1245 2924 1307 perseverat
2975 1235 3204 1307 qurdem
3253 1233 3451 1293 eadem
3487 1249 3714 1304 semper,
3747 1239 3900 1304 quandiu

2427 1329 2677 1386 Creatori
2723 1332 2900 1386 vismn
2926 1331 3056 1395 erit,
3102 1341 3162 1385 ut
3194 1330 3492 1400 persistat;
3523 1338 3715 1383 mutata
3734 1339 3862 1384 autem
3876 1333 3897 1384 ἰν

2427 1420 2740 1490 Spirituale,
2773 1421 2986 1476 variata
3011 1430 3121 1487 est,
3156 1421 3255 1476 sed
3277 1436 3388 1476 non
3417 1420 3524 1475 alia
3559 1419 3710 1474 facta.
3738 1419 3897 1476 Sicenitt

2430 1521 2490 1566 et
2515 1511 2774 1568 Christus
2817 1513 3063 1568 surrexit
3091 1529 3104 1567 :
3137 1522 3379 1584 suntque
3404 1513 3528 1583 ejus
3549 1511 3818 1568 testimonia
3835 1531 3904 1567 tum

2433 1608 2608 1662 multa
2639 1607 2770 1672 alia,
2806 1616 2922 1662 tum
2969 1607 3088 1662 haec
3111 1606 3362 1662 omnium
3399 1604 3700 1676 potissima,
3715 1606 3904 1675 reliquisse

2433 1700 2650 1755 scilicet
2681 1699 2736 1754 in
2791 1707 3160 1754 monumento
3190 1697 3383 1762 lintea,
3433 1696 3616 1752 exisse
3648 1698 3823 1766 signato
3842 1713 3906 1750 me-

2433 1803 2724 1856 numento,
2759 1791 3072 1863 ingressum
3097 1806 3220 1847 esse
3271 1790 3464 1862 januis
3495 1788 3906 1853 clausis,.noncoa-

2433 1884 2644 1940 versari
2699 1885 2940 1954 amplius
3006 1882 3160 1938 omni
3233 1893 3488 1953 tempore
3533 1897 3655 1936 cum
3701 1879 3902 1950 ᾶὶεηψυιὶ».

2433 1979 2580 2034 sicut
2604 1977 2784 2049 prius,
2812 1977 2907 2033 sed
2946 1975 3252 2046 derepente
3294 1973 3494 2030 adesse
3537 1973 3643 2028 illis
3669 1973 3720 2027 in
3747 1973 3905 2028 aliisin:-

2431 2070 2564 2124 mis:
2599 2086 2710 2124 non
2741 2070 2984 2140 amplius
3003 2068 3131 2124 cibo
3148 2075 3246 2122 aut
3266 2067 3477 2122 vestitu
3509 2065 3766 2138 indigere;
3788 2065 3902 2134 prima

2431 2163 2580 2218 enim
2616 2172 2802 2219 vestes
2843 2163 3053 2218 milites
3092 2161 3284 2232 partiti
3313 2170 3484 2228 sunt;
3516 2176 3636 2232 qua:
3673 2159 3734 2213 ad
3758 2161 3899 2226 scpui'a

2433 2272 2548 2311 ram
2573 2256 2938 2327 spectabant,
2973 2271 3038 2311 ea
3071 2253 3301 2324 reliquit
3333 2252 3388 2308 in
3417 2261 3759 2309 monumento
3785 2261 3824 2305 et
3846 2268 3898 2302 ευτ-

2433 2350 2598 2406 rexit.
2636 2351 2704 2405 Et
2730 2350 2953 2420 quando
2993 2348 3290 2420 discipulis
3318 2347 3644 2419 apparebat,
3668 2347 3902 2416 COiiOQUi‘ié-

2433 2453 2524 2496 tur
2547 2435 2935 2513 quidem'cum
2959 2440 3063 2505 eis,
3099 2455 3210 2495 non
3240 2448 3426 2494 tamen
3464 2439 3902 2510 agnoscebaturqus

2433 2541 2600 2599 esset,
2633 2532 2813 2588 donec
2829 2531 3161 2604 praebuisset
3189 2530 3272 2584 eis
3300 2529 3462 2600 signa
3495 2529 3640 2600 quod
3670 2539 3792 2586 esset
3825 2530 3900 2598 ipse;

2435 2625 2738 2698 aliquando
2797 2623 3026 2697 quidem
3083 2625 3324 2680 ostensis
3376 2623 3636 2678 manibus
3680 2632 3731 2677 et
3767 2623 3902 2692 pedit-us

2433 2719 2606 2776 clavis
2648 2718 2951 2790 perforatis
2975 2725 3032 2774 ct
3069 2719 3245 2774 latere
3272 2718 3470 2773 lancea
3493 2716 3902 2789 aperto;aliquan.h:

2433 2829 2569 2869 vero
2601 2822 2824 2882 sumpto
2860 2828 2986 2867 cum
3014 2811 3154 2882 ipsis
3185 2811 3334 2876 cibo,
3363 2821 3424 2868 et
3469 2819 3721 2866 renovata
3743 2810 3902 2864 memoria

2434 2905 2873 2976 cmnprandendi
2900 2920 3027 2960 cum
3053 2904 3138 2960 eis
3165 2915 3296 2959 ante
3316 2905 3668 2974 passionem:
3711 2902 3824 2974 quod
3843 2919 3900 2967 prr-

2435 2999 2564 3054 inde
2593 3008 2734 3064 erat,
2773 3006 2835 3053 ut
2855 2997 2900 3053 si
2918 2997 3150 3064 diceret,
3184 2997 3315 3052 dum
3343 2996 3465 3052 inec
3494 2996 3824 3068 agebat:lpse
3843 3007 3902 3046 sua

2436 3091 2549 3157 ille,
2573 3107 2736 3162 quem
2774 3091 2828 3146 in
2856 3106 3042 3147 crasso
3076 3105 3312 3160 corpore
3365 3089 3655 3170 vobiscum
3700 3096 3903 3144 versantem

2435 3193 2489 3240 et
2519 3185 2907 3240 conviventem
2932 3182 3302 3253 cognovistis;
3334 3182 3490 3252 quod
3523 3197 3668 3237 nunc
3700 3193 3849 3250 corpus
3875 3176 3905 3228 ab

2435 3278 2585 3334 omni
2612 3276 2938 3332 infirmitate
2982 3275 3222 3330 liberum
3263 3291 3420 3346 gero,
3463 3275 3751 3331 mutatione
3787 3273 3904 3327 factum

2435 3366 2762 3437 gloriosum.
2787 3364 3083 3434 Nunquam
3140 3371 3221 3417 tot
3257 3363 3542 3434 tantisque
3573 3363 3730 3435 signis
3752 3359 3905 3416 sedisti-

2433 3457 2602 3528 pulis,
2639 3457 2806 3528 idque
2839 3472 2950 3511 non
2989 3456 3064 3510 ita
3088 3455 3182 3511 diu
3211 3471 3256 3513 a_
3289 3471 3348 3511 se
3404 3457 3737 3521 absentibus,
3764 3450 3905 3508 mante-

2434 3562 2582 3607 stum
2611 3551 2794 3606 facere
2824 3551 3118 3615 voluisset,
3151 3549 3262 3606 nisi
3294 3550 3536 3606 mutatio
3585 3549 3752 3605 formae
3789 3558 3906 3613 corpus

2440 3647 2565 3719 ejus
2595 3645 2888 3700 variasset.
2941 3643 3164 3700 Etenim
3219 3643 3264 3698 si
3299 3643 3542 3698 multum
3589 3641 3808 3714 temporis
3826 3651 3906 3708 pra-

2435 3738 2677 3803 terisset,
2702 3737 2941 3793 fortasse
2987 3735 3118 3807 quis
3176 3735 3367 3791 dicere
3422 3745 3630 3806 posset,
3679 3734 3904 3790 oblilutase

2432 3830 2616 3906 qualia
2650 3827 3118 3898 cssentcorporis
3157 3827 3522 3894 lineamenta,
3566 3843 3630 3882 ex
3673 3824 3826 3896 quibus
3851 3833 3904 3872 ne

2434 3922 2580 3976 inter
2607 3938 2712 3976 nos
2743 3931 2975 3977 naturas
3012 3921 3343 3990 dignoscere
3371 3920 3649 3976 solemus:
3675 3918 3810 3972 tribus
3832 3925 3905 3965 vero

2432 4011 2632 4066 diebus
2659 4013 2852 4082 lapsis,
2883 4027 3006 4082 qua:
3041 4009 3254 4064 oblivio
3277 4024 3484 4078 capere
3535 4007 3705 4079 potuit
3747 4020 3829 4065 eos,
3852 3997 3902 4068 qui

2431 4117 2544 4164 tam
2568 4107 2836 4162 diuturno
2869 4116 3119 4176 tempore
3145 4120 3274 4160 cum
3299 4119 3368 4159 co
3391 4105 3598 4160 versati
3621 4095 3902 4157 fuerantilla-

2429 4200 2693 4254 nil‘estum
2724 4213 2860 4268 ergo
2890 4204 2996 4262 est,
3055 4204 3114 4250 et
3156 4193 3388 4248 minime
3444 4192 3688 4255 dubium,
3729 4195 3902 4244 mutatum

2429 4307 2552 4347 esse
2581 4293 2636 4347 in
2665 4289 2984 4362 gloriosius,
3012 4305 3081 4344 ex
3114 4288 3342 4343 animali
3367 4289 3580 4343 factum
3614 4281 3901 4356 Spirillllie,t‘l

2432 4383 2652 4438 infirmo
2671 4381 2918 4436 firmum.
2945 4381 3037 4436 Ait
3063 4380 3215 4437 enim
3227 4380 3530 4451 Apostolus
3553 4395 3566 4433 :
3589 4377 3668 4433 Ea:
3691 4370 3902 4443 inﬁrmitate

2432 4475 2715 4544 cruciﬁxus
2742 4483 2848 4537 est,
2884 4475 2978 4528 sed
3000 4475 3124 4528 vivit
3171 4490 3236 4528 ea:
3281 4475 3482 4528 virtute
3511 4473 3576 4537 “,
3624 4485 3720 4525 non
3754 4462 3901 4530 amplius

722 4574 924 4627 -corpus
945 4555 1261 4610 humilitatis
1294 4567 1508 4620 nostrai,
1574 4563 1634 4609 ut
1673 4553 1838 4608 faciat
1862 4553 2001 4608 illud
2058 4556 2326 4626 conforme
2357 4561 2404 4620 ι)
2432 4567 2575 4622 hanc
2609 4565 2993 4620 inﬁrmitatem
3047 4564 3282 4619 habens,
3336 4564 3433 4619 Es;
3467 4570 3642 4618 autem
3694 4557 3785 4611 hac
3814 4547 3898 4602 inﬁr-

721 4649 941 4720 -corpari
969 4646 1233 4701 ciaritatis
1255 4661 1366 4700 suae
1403 4647 1464 4700 ι’.
1514 4645 1571 4701 Si
1602 4644 1774 4716 igitur
1805 4646 2212 4717 transﬁguratio
2239 4657 2324 4703 cst

734 4740 968 4798 mutatio
996 4740 1052 4794 in
1072 4755 1278 4810 corpus
1301 4737 1630 4809 spiritualc;
1670 4737 1776 4792 hoc
1831 4745 2014 4793 autem
2040 4739 2324 4795 conforme

728 4845 813 4892 est
841 4833 1064 4906 corpori
1095 4833 1288 4904 gloriae
1310 4831 1520 4887 Christi
1548 4849 1561 4884 ε
1591 4846 1717 4885 cum
1751 4845 1988 4901 corpore
2019 4831 2189 4902 igitur
2212 4833 2325 4902 spi-

718 4928 920 4985 rituali
955 4925 1202 4983 surrexit
1223 4923 1519 4990 Christus;
1549 4922 1697 4993 quod
1726 4939 1834 4978 non
1871 4933 1958 4978 εει
1985 4923 2136 4979 aliud
2159 4941 2323 4996 quam

731 5021 881 5091 quod
904 5021 1227 5076 seminatum
1247 5025 1324 5072 est
1342 5019 1396 5072 in
1428 5016 1757 5088 ignobilitate
1769 5017 1837 5083 “,
1857 5017 1954 5072 sed
1984 5016 2120 5073 illud
2142 5019 2323 5090 ipsum

732 5111 880 5182 quod
928 5112 987 5166 in
1046 5111 1317 5166 honorem
1369 5119 1647 5171 mutatum
1691 5117 1813 5178 _cst.
1876 5109 2034 5178 Quod
2095 5113 2324 5184 quidem

719 5218 938 5273 corpus
962 5217 1092 5256 vere
1119 5200 1347 5264 mansit,
1381 5216 1513 5255 caro
1570 5215 1703 5255 vero
1735 5201 1990 5268 minime,
2051 5219 2162 5256 nan
2194 5203 2324 5274 qni-

730 5294 856 5348 dum
886 5294 1036 5364 quod
1063 5291 1372 5348 substantia
1401 5292 1650 5362 subjecta
1711 5291 2014 5359 interierit,
2049 5295 2143 5350 sed
2176 5295 2324 5366 quod

727 5388 873 5442 facta
900 5385 1072 5442 fuerit
1111 5386 1429 5458 gloriosior.
1473 5385 1796 5442 Substantia
1832 5387 1981 5441 c'nim
2013 5389 2324 5444 contrarias

2431 4658 2598 4712 mitas
2635 4671 2840 4727 corpus
2869 4653 3010 4710 illud
3039 4670 3294 4711 crassum
3343 4663 3402 4709 et
3453 4662 3716 4709 terrenum
3739 4650 3877 4700 sancit"

2431 4764 2660 4819 corpus,
2723 4746 2872 4817 quod
2922 4753 3050 4817 post
3099 4745 3220 4802 dies
3282 4745 3647 4817 quadraginta
3691 4738 3746 4794 ad
3778 4731 3866 4789 ςωῖιτ

2431 4847 2696 4909 ta“quam
2725 4837 2796 4893 ad
2824 4838 3117 4909 proprium
3157 4839 3344 4894 locum
3371 4838 3620 4900 recessit,
3655 4831 3773 4889 nube
3797 4824 3885 4877 ιϊὶιιι

2431 4931 2691 4986 vehiculo
2722 4947 2920 4986 usum:
2957 4949 3067 4986 non
3098 4932 3249 4987 enim
3269 4929 3708 5002 corpusamplius
3729 4919 3895 4978 deorum

2431 5033 2574 5079 nutu
2610 5040 2712 5079 suo
2770 5024 3076 5089 ferebatur,
3113 5025 3261 5079 sicut
3311 5026 3497 5095 gravia
3534 5032 3742 5091 corpora
3777 5016 3896 5065 tum”

2427 5116 2710 5182 feruntur,
2742 5116 2839 5171 sed
2873 5118 3064 5186 potius
3097 5133 3224 5172 cum
3259 5117 3407 5172 nube
3441 5115 3613 5170 levius
3637 5117 3772 5168 esset.
3795 5107 3895 5165 sui"

2429 5196 2606 5278 ip'sam
2639 5207 2694 5261 in
2714 5208 2961 5262 sublime
2983 5208 3270 5263 sublatura
3295 5217 3401 5270 est,
3429 5217 3484 5264 ct
3507 5201 3732 5261 consedit
3749 5193 3799 5250 ad
3815 5189 3894 5283 ἀεξ·

2425 5307 2603 5353 teram
2650 5299 2747 5354 Dei
2783 5299 2986 5365 Patris,
3040 5301 3323 5370 proiectus
3370 5303 3424 5355 in
3477 5299 3684 5359 emtum,
3721 5285 3894 5353 subjﬂh‘

2425 5390 2530 5462 ipSi
2569 5393 2800 5461 angelis,
2831 5403 2888 5448 et
2911 5394 3284 5464 potestatibus
3316 5435 3330 5459 ,
3358 5405 3412 5448 et
3457 5389 3745 5448 virtutibus.
3770 5373 3890 5432 Venit-1

798 5545 841 5576 ί*
881 5544 1084 5614 Ephes.
1115 5560 1174 5604 ιι.
1206 5544 1260 5599 ϐ.
1338 5541 1403 5576 ³⁵⁸
1440 5543 1643 5612 Ephcs.
1668 5558 1742 5606 tv,
1784 5543 1864 5596 15.
1947 5542 1988 5574 ¹⁸
2015 5550 2029 5597 l
2055 5542 2183 5597 Cor.
2226 5561 2338 5610 vui,
2369 5547 2416 5600 li

2269 5547 2454 5610 "1.12.
2535 5548 3044 5614 "tcor.xv,as.-
3100 5550 3413 5606 “ibid”.
3487 5523 3887 5613 “Philippum”-

728 5614 819 5670 ἐἰ
876 5614 1006 5670 Cur.
1043 5632 1129 5670 xv.
1177 5617 1267 5669 45.
1347 5615 1387 5645 ”
1437 5615 1481 5668 ιι
1531 5615 1657 5667 Car.
1691 5629 1809 5678 sui,
1850 5614 1902 5667 4.

2007 5730 2245 5786 νΛΙιΙΛί
2283 5733 2688 5792 LEC'I'IONES.

802 5857 827 5886 ⁸
859 5843 1152 5898 Honorum.
1187 5843 1371 5911 Ferte,
1411 5843 1686 5898 bonorum.
1754 5851 1760 5858 '

1817 5843 1834 5882 τ
1872 5843 2142 5900 Prioribus
2191 5848 2373 5904 dt'l'itis
2404 5850 2587 5921 cbiig.,
2627 5855 2734 5916 τοῖς
2771 5855 3061 5926 riparipa;
3100 5858 3402 5930 ἐνέχεσθαι.
