4098 6424
137 347 315 416 I381

885 357 1143 420 SERMO
1180 359 1232 420 Ι.
1273 385 1343 396 -
1376 361 1457 423 IN
1505 363 1806 426 TRANSF

1884 367 2356 428 rURATIONEM
2395 371 2464 430 υ.
2509 369 2582 429 Ν.
2624 369 2680 430 J.
2722 370 2784 429 C.

3329 363 3479 428 136:7.-

129 483 182 519 ε]
203 477 368 523 utcm
400 479 602 526 iterum
637 470 836 527 eodem
857 488 1090 545 corpore
1118 476 1382 533 Christus
1405 479 1576 550 judex
1605 482 1764 537 vivo-
1795 490 1841 546 Α
1873 484 1944 539 ad
1987 501 2071 539 me
2105 485 2282 556 ipsum
2337 483 2601 540 adducam
2653 484 2721 538 ’³.
2756 481 2914 537 Tune
2939 488 2997 537 et
3038 480 3249 536 inimici
3281 480 3458 551 subji-

129 571 303 614 rum
329 571 386 618 et
407 574 777 633 mortuorum,
803 567 947 623 sicut
971 570 1152 641 angeli
1179 569 1761 644 dixeruntdiscipulis,

125 668 306 710 cum
333 657 385 711 in
408 657 504 713 illo
529 657 598 714 ad
618 659 786 714 oculos
815 675 1054 716 ascensu
1079 661 1447 730 mirabantur,
1473 675 1530 720 et
1562 666 1618 720 in
1642 682 1771 721 eum

123 761 176 799 a
192 749 565 818 spiciebant:
605 751 736 819 Viri,
755 752 1041 824 inquiunt,
1060 754 1188 826 quid
1209 757 1365 811 statis
1385 759 1698 828 aspicientes
1719 760 1776 812 in

125 841 374 898 coelum
408 845 432 898 Ρ
459 846 543 899 hic
569 844 722 900 Jesus
753 847 843 918 qui
869 855 1170 918 assumptus
1206 858 1282 902 est
1331 867 1363 902 a
1420 851 1561 905 vobis
1593 852 1646 904 in
1677 868 1780 906 coe-

133 929 322 999 lum,
355 935 429 988 sic
459 936 646 1001 veniet,
683 936 1130 1007 quemadmodum
1177 939 1380 995 vidistis
1433 958 1551 996 eum
1595 959 1780 996 ascen-

125 1021 398 1078 dentem
430 1026 484 1079 in
529 1025 717 1080 cwlum
756 1026 822 1080 ²².

241 1114 352 1170 IX.
402 1115 592 1188 Itaque
623 1116 826 1173 iterum
883 1134 1012 1175 cum
1049 1136 1285 1192 corpore
1336 1122 1775 1179 resurrectionis

129 1206 390 1274 aderit,
427 1209 574 1264 sicut
612 1211 793 1282 angeli
826 1214 1003 1268 sancti
1032 1229 1166 1270 voce
1207 1231 1306 1270 sua
1333 1214 1616 1280 dixerunt,
1648 1231 1774 1272 cum

130 1314 292 1368 quo
319 1316 470 1356 nunc
499 1302 730 1372 proprio
767 1303 915 1358 Patri
951 1305 1230 1362 considet.
1260 1305 1374 1361 lloc
1428 1314 1617 1361 autem
1649 1322 1774 1361 cum

128 1391 236 1446 ad
307 1395 530 1452 Patrem
567 1395 863 1451 adduxerit
915 1405 1132 1453 natura:
1183 1407 1388 1454 nostrae
1452 1399 1772 1470 primitias,

127 1485 361 1540 etiam
392 1486 718 1543 universum
755 1489 812 1542 in
840 1495 1016 1543 totum
1056 1489 1330 1548 adducet:
1366 1491 1642 1563 siquidem
1671 1491 1780 1547 hoc

127 1579 472 1646 promisit,
501 1595 628 1637 cum
664 1580 840 1636 dixit:
892 1581 1026 1638 Cum
1074 1583 1342 1638 cxaltatus
1392 1583 1562 1654 fuero,
1595 1601 1777 1640 omnes

238 1691 298 1724 ³³
325 1691 454 1748 Aet.
486 1709 528 1760 ι,
569 1695 652 1750 ll.
726 1696 946 1752 "Joan.
981 1715 1078 1765 xu,
1122 1698 1212 1753 32.
1290 1699 1505 1756 "Psal.
1549 1717 1657 1768 cur,
1710 1702 1762 1756 l.

1875 577 2099 634 cientur
2127 578 2231 634 sub
2249 578 2490 648 pedibus
2507 579 2649 649 ejus,
2701 575 2849 632 sicut
2871 575 2924 629 ei
2975 573 3316 645 promissum
3352 581 3457 627 est:

1879 669 2204 726 Dixitenim
2236 669 2495 725 Dominus
2538 669 2763 724 Domino
2809 681 2963 722 meo:
3008 663 3143 721 Sede
3193 681 3224 718 a
3270 664 3469 716 dextris

1880 763 2034 830 meis,
2061 763 2226 817 donec
2256 780 2453 835 ponam
2495 763 2740 817 inimicos
2788 773 2906 815 tuos
2955 755 3247 814 scabellum
3279 753 3469 826 pedum

1882 865 2097 911 tuorum
2125 857 2189 911 ³⁵.
2218 857 2512 910 Ponuntur
2543 865 2730 910 autem
2763 853 2969 926 partim
3017 851 3214 916 invite,
3266 848 3470 919 partim

1883 957 2082 1017 sponte
2115 965 2130 1014 ;
2163 949 2486 1004 necessario
2518 947 2669 1004 enim
2718 955 2942 1017 oportet
2983 960 3178 1001 omnes
3212 952 3472 1012 peccato-

1885 1054 1976 1092 res
1999 1039 2302 1094 sceleratos
2321 1039 2388 1094 de
2419 1048 2565 1094 terra
2590 1036 2791 1104 deleri,
2825 1033 2887 1091 ιιί
2932 1051 3045 1090 non
3103 1031 3343 1120 amplius
3379 1047 3474 1086 ex-

1884 1130 2104 1184 sistant.
2141 1131 2300 1185 Tunc
2330 1146 2473 1185 nova
2496 1128 2748 1184 laudatio
2775 1135 2833 1183 et
2875 1133 3182 1197 perpetuus
3233 1123 3474 1194 hymnus

1876 1237 1979 1293 per
2007 1224 2258 1279 omnium
2296 1238 2392 1278 ora
2447 1221 2811 1278 adhibebitur
2844 1219 2995 1275 Patri
3051 1227 3366 1286 temporum
3415 1223 3477 1268 et

1877 1313 2249 1380 saeculorum;
2283 1323 2342 1369 et
2373 1331 2526 1368 omne
2547 1329 2682 1386 genu
2702 1315 2968 1384 flectetur,
2995 1307 3308 1370 caelestium,
3366 1315 3474 1359 ter-

1879 1405 2130 1460 rcstrium
2153 1415 2201 1459 et
2218 1407 2552 1476 infernarum
2577 1425 2593 1472 ,'
2625 1414 2674 1460 et
2697 1405 2868 1460 omnis
2899 1403 3082 1474 lingua
3109 1399 3468 1470 conﬁtebitur,

1879 1491 2018 1563 quod
2047 1492 2306 1549 Dominus
2327 1493 2481 1550 Iesus
2517 1493 2758 1550 Christus
2800 1494 2855 1548 in
2905 1492 3079 1564 gloria
3100 1500 3175 1546 est
3210 1490 3307 1545 Dei
3360 1488 3471 1544 Ρα--

1880 1585 1975 1640 tris
1995 1587 2062 1640 ’⁸.
2091 1585 2195 1641 Cui
2226 1587 2407 1658 gloria
2434 1587 2492 1642 in
2527 1587 2729 1645 satcula
2762 1585 3116 1642 saeculorum.
3163 1582 3360 1639 Amen.

1843 1704 1888 1735 ³⁸
1922 1703 2165 1774 Philipp.
2209 1721 2271 1770 tt,
2304 1705 2394 1771 10,
2434 1707 2522 1760 ‘ll.

142 1872 3472 1909 Μ

683 1933 1022 2138 Tbr
1142 2020 1707 2138 ΑΥΤΟΥ
1845 2022 2976 2144 ΑΝΑΣΤΑΣΠΊΥ

1047 2248 1588 2388 ΛΟΓΟΙ
1715 2249 2616 2386 ΤΕΣΣΑΡΕΣ.

685 2575 1336 2672 EJUSDEM

641 2765 648 2772 ’
943 2789 1784 2921 SERMONES

1461 2577 1950 2672 SANCTI
2071 2582 2837 2676 ANASTASII

1902 2793 2714 2944 QUATUOB.

1359 2989 1653 3062 Interprete
1675 2990 1960 3047 Francisco
1994 2992 2326 3065 Combe/isio.

894 3101 1187 3172 (GALLAND,
1215 3100 1460 3157 Veterum
1490 3101 1719 3158 Patrum
1739 3103 2061 3162 Bibliotheca
2085 3149 2099 3172 ,
2137 3117 2271 3163 tom.
2302 3107 2421 3176 ΧΠ,
2463 3125 2588 3182 pag.
2623 3110 2774 3181 258.)

811 3329 1034 3383 ΛΟΓΟΣ
1074 3330 1154 3384 A'.

131 3425 284 3492 Εἷς
335 3420 453 3491 τὴν
484 3419 958 3543 Μεταμόρέεωὲνιν
988 3422 1094 3502 τοᾷ
1124 3420 1346 3490 Κιιοίου
1374 3418 1542 3491 ἡμῶν
1577 3420 1784 3490 Ἰησοῦ

379 3506 384 3512 ’
831 3529 852 3543 Δ
879 3506 1114 3543 οιστου.

379 3506 384 3512 ε
831 3506 1114 3560 λριστου.

262 3607 334 3660 Ὀ
381 3604 767 3678 φιλάνθρωπος
811 3603 1063 3674 Ἰησοῦς,
1120 3605 1410 3674 ἐπιφανεὶς
1462 3603 1540 3675 τῷ
1586 3603 1781 3676 κόσμῳ
1812 3595 1854 3648 Β

133 3699 516 3762 διδάσκαλος
563 3698 802 3768 ἀγαθὸς,
854 3697 979 3752 ἐπεὶ
1018 3696 1113 3750 καὶ
1153 3696 1316 3762 Θεὸς,
1372 3691 1496 3750 εἷπε
1526 3699 1639 3760 τοῖς
1671 3715 1778 3768 μα-

138 3791 388 3865 unus;
433 3789 632 3842 αὐτοῦ’
684 3787 760 3842 ΕΖ
803 3805 896 3854 τις
941 3786 1100 3842 θέλει
1151 3786 1347 3840 ὀπίσω
1381 3805 1502 3857 μου
1547 3787 1778 3855 ἐλθεῖν,

133 3880 648 3951 ἀπαρνησάσθω
691 3879 942 3947 ἑαυτὸν,
993 3879 1095 3932 καὶ
1132 3879 1331 3948 ἀράτω
1372 3880 1480 3933 τὸν
1510 3879 1781 3950 σταυρὸν

130 3973 382 4032 αὐτοῦ
405 4013 419 4038 ,
475 3973 573 4026 καὶ
625 3971 1031 4026 ἀκολουθείτω
1067 3988 1194 4040 μοι.
1241 3972 1338 4038 Ὃς
1368 3971 1476 4041 γὰρ
1511 3970 1588 4025 ἂν
1615 3971 1780 4026 θέλοι

129 4067 304 4136 τὴν
351 4062 570 4134 ’ψυχὴν
609 4063 798 4119 αὐτοῦ
841 4061 1062 4128 σῶσαι,
1099 4061 1397 4118 ἀπολέσει
1427 4063 1655 4129 αὐτήν·
1713 4063 1781 4130 ὃς

131 4163 217 4217 δ’
265 4158 353 4212 ἂν
385 4155 662 4225 ἀπολέσῃ
708 4155 825 4222 τὴν
866 4153 1083 4226 ψυχὴν
1129 4155 1318 4210 αὐτοῦ
1365 4155 1580 4210 ἕνεκεν
1607 4155 1778 4226 ἐμοῦ,

131 4249 440 4320 εὑρήσει
467 4247 686 4316 αὑτήν.
739 4251 802 4301 Τί
833 4251 943 4318 γὰρ
971 4248 1276 4318 ὠφελήσει
1307 4247 1638 4316 ἅνθρωπος,
1674 4249 1782 4304 ἐὰν

131 4345 296 4401 τὶν
327 4340 566 4409 κόσμον
593 4338 746 4394 ὅλον
775 4339 1068 4408 κερδήσῃ,
1108 4340 1224 4408 τὴν
1252 4337 1320 4392 δὲ
1351 4339 1566 4410 ψυχὴν
1592 4343 1782 4398 αὑτοῦ

135 4431 454 4507 ζημιωθῇ
471 4452 488 4495 ;
532 4433 564 4504 ἦ
600 4435 656 4488 τί
683 4432 864 4488 δώσει
895 4434 1214 4502 ἅνθρωπος
1246 4433 1646 4505 ἀντάλλαγμα
1676 4433 1784 4502 τῆς

138 4525 405 4601 ψυχῆς
434 4527 660 4592 αὐτοῦ;
695 4526 907 4597 μέλλει
945 4527 1054 4597 γὰρ
1089 4531 1122 4580 ὁ
1161 4529 1294 4592 Υἱὸς
1326 4527 1434 4582 τοῦ
1461 4526 1781 4596 ἀνθρώπου

147 4621 477 4690 ἔρχεσθαι
511 4619 580 4672 ἐν
605 4619 680 4687 τῇ
703 4619 854 4689 δόξῃ
885 4621 992 4674 τοῦ
1021 4619 1252 4688 Πατρὸς
1277 4619 1465 4675 αὐτοῦ
1487 4620 1642 4688 μετὰ
1666 4619 1784 4674 τῶν

145 4712 383 4783 ἁγίων
422 4709 694 4781 ἀγγέλων
738 4711 928 4769 αὑτοῦ
953 4727 966 4740 ο
1024 4713 1157 4766 τότε
1205 4711 1510 4766 ἀποδώσει
1546 4712 1784 4780 ἑκάστῳ

147 4801 347 4862 κατὰ
373 4802 440 4856 τὰ
466 4804 607 4876 ἔργα
635 4805 844 4860 αὐτοῦ.

1888 3425 1954 3482 1η
2008 3339 2830 3502 Trans/ignrationfrfngigigiii
2883 3433 3051 3488 nostri
3076 3431 3205 3490 Iesu
3258 3433 3476 3493 Christi.

1959 3605 2000 3659 1.
2035 3605 2318 3678 Benignus
2349 3624 2414 3664 ac
2445 3610 2694 3666 clemens
2724 3611 2909 3676 Jesus,
2937 3611 3146 3666 bonum
3171 3627 3231 3666 se
3269 3611 3480 3670 mundo

1883 3706 2288 3766 prmceptorcm
2324 3699 2600 3755 exhibens
2655 3701 2910 3771 (quippe
2947 3701 3044 3770 qui
3086 3701 3234 3758 Deus
3272 3704 3480 3772 pariter

1883 3790 2104 3857 esset),
2137 3787 2214 3841 ait
2247 3788 2538 3858 discipulis
2577 3790 2696 3844 suis
2733 3808 2746 3844 :
2774 3790 2832 3844 Si
2865 3793 2984 3862 quis
3019 3790 3136 3846 uult
3159 3793 3336 3846 venire
3363 3803 3478 3864 post

1883 3893 1995 3942 me,
2029 3877 2250 3948 abneget
2279 3881 2620 3949 semetipsum
2663 3887 2713 3932 et
2756 3879 2912 3934 tollat
2941 3897 3152 3936 crucem
3201 3899 3381 3946 suout,
3428 3891 3478 3936 et

1881 3977 2140 4040 sequatur
2182 3986 2283 4024 me.
2334 3967 2393 4025 Si
2437 3970 2554 4041 quis
2593 3971 2734 4024 enim
2778 3969 3008 4026 voluerit
3049 3973 3293 4026 animam
3324 3990 3480 4026 suam

1882 4059 2090 4114 salvam
2121 4060 2318 4130 facere,
2360 4061 2551 4132 perdat
2583 4076 2722 4116 eam.
2749 4059 2810 4116 Si
2833 4062 2950 4134 quis
2975 4071 3156 4116 autem
3187 4062 3480 4133 perdiderit

1885 4155 2124 4206 animam
2165 4167 2320 4206 suam
2351 4162 2571 4224 propter
2602 4168 2706 4218 me,
2732 4153 2963 4208 inveniet
2992 4169 3134 4210 eam.
3167 4151 3308 4218 Quid
3336 4154 3479 4208 enim

1885 4244 2121 4315 proderit
2144 4244 2367 4308 homini,
2392 4244 2439 4297 si
2461 4244 2765 4299 universum
2787 4245 3045 4300 mundum
3071 4246 3332 4308 lucretur.
3359 4247 3479 4301 ani-

1886 4352 1986 4390 ma:
2014 4351 2136 4390 vero
2164 4351 2274 4390 sua:
2303 4335 2678 4392 detrimentum
2702 4336 2981 4408 patiatur?
3000 4339 3108 4393 Aut
3140 4355 3304 4410 quam
3331 4337 3482 4392 dabit

1885 4428 2039 4480 homo
2065 4426 2533 4482 commutationem
2561 4445 2657 4498 pro
2691 4430 2877 4483 anima
2921 4429 3072 4484 sua?
3124 4428 3293 4484 Filius
3336 4431 3479 4484 enim

1885 4521 2113 4574 hominis
2140 4529 2392 4574 venturus
2423 4530 2498 4574 est
2522 4522 2577 4574 in
2606 4520 2780 4593 gloria
2809 4521 2988 4576 Patris
3012 4523 3100 4577 sui
3125 4539 3243 4576 cum
3271 4522 3478 4594 angelis

1884 4616 1993 4669 suis
2019 4630 2036 4669 :
2069 4623 2194 4669 tunc
2215 4613 2395 4668 reddet
2426 4615 2708 4687 unicuique
2732 4615 3026 4670 secundum
3052 4632 3218 4686 opera
3255 4617 3370 4686 ejus
3402 4616 3469 4671 ”.

251 4897 338 4953 Εἴ
369 4915 454 4964 τις
481 4899 590 4968 γὰρ
623 4900 782 4955 θέλει
813 4899 1006 4986 ὀπίσω
1030 4917 1151 4968 μου
1179 4899 1406 4966 ἐλθεῖν,
1433 4899 1783 4970 ἀπαρνησάσ

1961 4886 2027 4941 ll.
2062 4885 2120 4941 Si
2167 4886 2284 4958 quis
2331 4883 2443 4939 vult
2493 4885 2670 4938 venire
2714 4889 2830 4954 post
2867 4897 2968 4946 me,
3007 4879 3231 4952 abneget
3285 4887 3474 4936 semota

145 4994 317 5050 σθω
352 4990 573 5044 ἑαυτόν
595 5009 607 5021 ·
647 4990 921 5056 τουτέστι,
960 4977 1070 5045 πᾶν
1105 4989 1450 5062 ἀνθρώπινον
1483 4992 1742 5064 φρὸνημα
1765 5009 1778 5022 ·

147 5085 288 5144 καὶ
319 5082 384 5137 οὐ
417 5084 599 5154 μόνον,
630 5085 768 5139 ἀλλά
799 5085 918 5148 καὶ,
962 5084 1201 5155 Ὀμοῖως
1230 5083 1384 5153 ἐμοὶ,
1424 5084 1647 5154 Ἀράτω
1679 5086 1789 5139 τὸν

146 5175 468 5244 σταυρὸν
507 5177 726 5243 αὐτοῦ,
777 5177 872 5232 καὶ
922 5176 1326 5232 ἀκολουθείτω
1358 5194 1486 5243 μοι.
1533 5175 1704 5229 Τοῦτο
1731 5177 1788 5231 δὲ

145 5273 283 5328 τὸν
320 5267 537 5322 Παῦλον
587 5270 654 5322 ἐκ
696 5271 804 5323 τῶν
839 5269 1017 5338 λόγων
1052 5267 1217 5322 αὑτοῦ
1264 5267 1610 5337 πεποιηκότα
1647 5287 1786 5322 κατ-

145 5363 532 5434 ειλήφαμεν·
569 5363 629 5416 οὐ
663 5363 827 5432 μόνον
850 5364 961 5434 γὰρ
989 5359 1312 5431 ἐσταυρώθη
1343 5359 1421 5430 τῷ
1449 5359 1664 5431 κόσμῳ,
1689 5361 1784 5414 καὶ

145 5460 283 5516 τὸν
314 5453 528 5524 κόσμον
563 5455 746 5526 ἑαυτῷ
773 5454 1130 5525 ἐσταύρωσεν
1154 5469 1168 5485 ·
1221 5451 1356 5506 ἀλλὰ
1387 5452 1481 5505 καὶ
1510 5451 1609 5524 τὴν
1637 5451 1784 5520 ζωὴν

149 5547 374 5615 αὐτὴν
434 5546 799 5617 peremi-nas,
867 5546 1071 5616 μηκέτι
1118 5543 1229 5610 ζῶν
1264 5543 1462 5608 αὐτὸς,
1503 5543 1598 5597 καὶ
1637 5543 1784 5606 ἰδίως

151 5635 529 5706 κινούμενος
565 5636 598 5706 ἦ
632 5637 872 5707 ἐνεργῶν
897 5655 912 5671 ο
969 5637 1083 5690 ἁλλ’
1123 5635 1256 5688 αὐτὸ
1305 5635 1365 5688 τὸ
1402 5633 1501 5706 ζῇν
1547 5633 1785 5704 Χριστὸν

153 5729 346 5803 εἶχεν
400 5727 458 5778 ἐν
512 5727 663 5798 αὑτῷ
709 5728 1058 5798 ἐνεργοῦντα.
1125 5727 1386 5798 Παρῆκεν
1431 5724 1541 5796 γὰρ
1593 5723 1786 5777 ἑαυτὸν

256 5849 307 5883 ⁸⁸
345 5846 538 5901 Matth.
579 5863 686 5912 xw,
719 5847 910 5902 “li-"2?.
991 5850 1030 5878 ³⁷
1061 5847 1236 5901 Galat.
1269 5861 1339 5912 τι,
1375 5845 1452 5900 Η.

1535 5844 1577 5874 ²³
1619 5841 1856 5912 Philipp.

1894 4982 2068 5050 ipsum
2103 5020 2117 5044 ,
2157 4979 2264 5033 hoc
2282 4987 2398 5044 est,
2431 4993 2650 5032 omnem
2675 4975 2979 5030 humanum
3005 4987 3228 5028 sensum
3253 4989 3268 5037 ;
3294 4988 3397 5028 nec
3420 4973 3474 5029 id

1894 5079 2134 5135 tantum,
2178 5069 2276 5125 sed
2307 5079 2364 5122 et
2391 5068 2585 5122 eadem
2616 5081 2833 5122 meeum
2871 5065 3111 5129 ratione,
3147 5063 3324 5119 Tollat
3353 5081 3449 5118 cru

1893 5179 2004 5217 rem
2039 5179 2216 5228 suam,
2243 5170 2292 5216 et
2326 5168 2580 5232 sequatur
2624 5175 2726 5214 me.
2753 5158 2870 5213 Hoc
2899 5159 3059 5229 plane
3109 5155 3478 5229 intelligimus

1891 5257 2092 5312 fecisse
2116 5256 2350 5331 Paulum
2381 5271 2450 5310 ex
2486 5255 2609 5326 ejus
2644 5253 2888 5324 scriptis.
2935 5250 3150 5307 Nedum
3185 5251 3334 5307 enim
3357 5269 3481 5306 cru-

1892 5350 2082 5418 ciﬁxus
2105 5357 2182 5404 est
2203 5349 2398 5404 mundo
2414 5350 2480 5413 ",
2501 5348 2716 5418 sibique
2743 5347 2860 5418 ipse
2878 5345 3148 5401 mundum
3167 5343 3475 5401 cruciﬁxit:

1891 5441 1987 5500 sed
2015 5451 2072 5496 et
2105 5441 2279 5496 vitam
2311 5441 2496 5512 ipsam
2551 5440 2604 5494 in
2632 5439 2794 5494 aliam
2829 5437 3085 5503 mutavit,
3118 5445 3180 5494 ut
3224 5437 3320 5509 qui
3363 5439 3480 5510 jam

1891 5537 2012 5607 ipse
2044 5550 2159 5590 non
2212 5535 2450 5596 viveret,
2511 5540 2609 5590 aut
2647 5533 2797 5588 velut
2845 5548 2874 5586 a
2930 5547 2990 5587 se
3025 5539 3347 5586 moveretur
3390 5532 3478 5588 vel

1892 5634 2221 5698 operaretur
2245 5667 2259 5690 ,
2285 5626 2382 5683 sed
2413 5626 2593 5698 ipsum
2618 5625 2806 5681 vivere
2833 5626 2880 5656 "
2932 5623 3216 5680 Christum
3245 5623 3480 5680 haberet
3581 5651 3597 5660 -

1894 5719 1952 5774 in
1980 5718 2100 5790 ipso
2132 5726 2473 5790 operantem.
2535 5716 2748 5788 Quippe
2797 5732 2855 5772 se
2887 5732 2954 5772 ex
2991 5725 3106 5772 toto
3137 5718 3424 5772 dimiserat
3463 5758 3478 5783 ,

1894 5838 2046 5908 1,2I.
