4098 6484
334 309 484 380 1365

1018 315 1278 379 SERMO
1316 316 1370 379 Ι.
1404 342 1475 354 -ο
1506 317 1591 379 ΙΝ
1645 318 1935 379 TRANSE

2042 318 2494 384 URATIONEM
2532 324 2603 385 D.
2643 326 2715 388 N.
2769 326 2827 389 Ι.
2869 327 2932 390 C.

3481 330 3620 398 1366

268 452 281 459 -
334 426 619 496 Ἔρχεται
650 426 760 499 τὰρ
790 427 862 482 ἐν
885 425 962 499 τῇ
988 428 1139 500 δόξῃ
1170 430 1539 499 τοῦπατρὸς
1565 429 1755 487 αὑτοῦ
1783 430 1934 501 μετὰ

2042 432 2237 501 facere,
2260 450 2320 489 eo
2349 436 2491 508 quod
2519 435 2688 493 Filius
2708 439 2936 493 hominis
2964 439 3033 494 sit
3064 437 3131 504 “,
3163 438 3383 511 dignam
3415 441 3620 513 cuique

331 515 464 572 τῶν
513 517 701 584 ἁγίων
744 517 1018 588 ἀγγέλων
1044 558 1059 585 ,
1142 519 1254 574 τῶν
1308 518 1705 589 λειτουργικῶν
1758 519 1926 574 αὑτοῦ

333 610 707 681 πνευμάτων
740 610 928 666 οὐκέτι
959 611 1036 683 μὴ
1061 610 1201 682 ἔχων
1229 607 1442 683 εἷδος,ἢ
1470 612 1688 680 κάλλος,
1727 613 1804 677 ὡς
1832 613 1929 667 νῦν

335 702 597 772 ἐπεφάνη
650 701 731 774 τῷ
762 702 1000 775 κόσμῳ,
1061 703 1181 758 ἀλλ’
1241 702 1460 772 ὡραῖος
1504 703 1723 759 κάλλει
1768 704 1931 774 παρὰ

332 793 488 861 τοὺς
517 795 687 863 υἱοὺς
719 795 841 849 τῶν
871 790 1202 864 ινθρὼπων
1223 838 1239 864 ,
1296 795 1357 849 τὸ
1395 796 1528 850 ίδιον
1563 796 1726 867 σῶμα
1759 813 1931 867 μετα-

341 886 584 957 ποιήσας
632 887 712 952 είς
756 886 1112 958 ἀφθαρσίαν·
1168 889 1266 943 καὶ
1314 887 1376 942 τὸ
1410 892 1550 959 μετά
1577 889 1932 954 ἀναστάσεως

341 980 838 1050 μεταστοιχειωθὲν
861 981 952 1034 ἐπὶ
978 981 1039 1034 τὸ
1064 981 1438 1052 πνευματικὸν
1471 980 1569 1034 uoti.
1604 980 1932 1061 ἐπουράνιον

340 1074 700 1138 ὑποδεικνὺς·
733 1075 762 1129 δ
792 1077 888 1130 καὶ
913 1078 1078 1147 ἡμεῖς
1108 1075 1408 1149 ἀρραϐῶνα
1435 1075 1539 1145 τῆς
1565 1075 1723 1147 ἡμῶν
1751 1074 1932 1130 αὑτῶν

343 1166 893 1238 μεταστοιχειώσεως
923 1170 1019 1223 καὶ
1049 1169 1587 1239 μετασχηματισμοῦ
1615 1167 1724 1222 τῶν
1747 1168 1933 1239 σωμά-

339 1275 454 1312 των
483 1258 703 1329 ἔχομεν.
760 1259 871 1314 Καὶ
907 1259 997 1313 ἵνα
1030 1260 1091 1314 τὸ
1120 1260 1328 1330 ἀφανὲς
1352 1260 1454 1331 τῆς
1481 1260 1699 1324 ἐλπίδος
1724 1260 1934 1327 ταὺτης

340 1349 563 1420 ἔχωμεν
598 1351 655 1405 έν
685 1351 925 1424 βεϐαίῳ,
974 1351 1228 1423 βούλεται
1260 1355 1354 1407 καὶ
1384 1353 1482 1407 νῦν
1509 1353 1788 1421 ὑποδεῖξαι
1818 1355 1934 1417 τοῖς

340 1444 626 1515 ἐγκρίτοις
655 1445 763 1499 τῶν
797 1445 1082 1518 μαθητῶν,
1102 1447 1203 1518 τὴν
1231 1447 1355 1500 τότε
1380 1446 1677 1518 γινομένην
1706 1446 1935 1501 ἀλλοίω-

342 1550 454 1587 σιν.
493 1535 593 1587 Ἔν
637 1535 840 1605 ἀτόμῳ
866 1576 881 1601 ,
907 1536 1075 1605 φησὶν
1106 1536 1134 1589 ὁ
1157 1535 1392 1600 Παῦλος,
1429 1535 1526 1590 καὶ
1554 1536 1625 1589 ἐν
1642 1534 1800 1605 ῥιπῇ
1829 1537 1937 1606 ὀφο

339 1626 601 1695 θανῑμοῦ.
637 1627 728 1680 Διό
760 1644 949 1698 φησιν·
997 1628 1188 1696 Ἀμὴν
1216 1626 1375 1696 λέγω
1398 1627 1571 1697 ὑμῖν·
1606 1628 1749 1682 Elui
1775 1644 1937 1695 τινες

2037 522 2491 583 distributidnem
2516 529 2731 586 reddet.
2759 529 2859 590 Est
2894 526 3033 586 eniin
3071 542 3327 587 venturus
3362 533 3419 587 in
3442 533 3631 605 gloria-

2032 615 2216 673 Patris
2236 621 2321 675 sui
2337 637 2457 676 cum
2477 623 2676 677 sanctis
2703 621 2981 695 angelis”
2999 622 3488 680 administratoriis
3511 624 3621 681 illis

2033 709 2327 778 spiritibus
2396 713 2441 748 ³⁸
2497 733 2510 769 :
2573 731 2684 770 non
2720 718 2836 788 jam
2923 715 3138 772 habens
3211 717 3455 787 speciem
3523 724 3620 772 aut

2034 798 2294 857 decorem
2335 802 2380 838 ³ο
2413 804 2496 859 uti
2531 805 2699 861 modo
2744 822 2809 862 ac
2838 792 3016 878 priori
3071 807 3319 863 adventu
3363 809 3622 879 apparuit

2034 891 2245 947 mundo
2277 913 2290 947 :
2338 888 2435 950 sed
2487 897 2753 967 formosus
2799 896 3195 970 pulchritudine
3226 915 3338 970 pro:
3369 897 3499 969 [iliis
3529 901 3623 955 Ito-

2036 982 2243 1038 ntinum
2273 983 2316 1017 ³⁷
2345 1003 2361 1053 ;
2417 1001 2580 1042 suum
2640 989 2758 1058 ipse
2792 1004 2999 1060 corpus
3033 991 3088 1045 in
3143 991 3622 1063 incorruptionem

2035 1081 2452 1147 transmutans;
2487 1096 2552 1137 ac
2580 1097 2705 1138 cum
2731 1085 3148 1141 resurrectione
3192 1092 3623 1142 transmutatum

2036 1167 2173 1223 illud
2210 1170 2266 1225 in
2299 1173 2550 1243 spiritale
2589 1190 2655 1232 ac
2710 1176 2940 1233 caeleste
2974 1177 3278 1235 ostendens
3318 1196 3332 1234 :
3386 1178 3534 1249 quod
3564 1187 3624 1234 et
3660 1221 3664 1224 .

2039 1260 2143 1332 ipsi
2177 1264 2380 1321 futurae
2415 1276 2618 1323 nostra:
2651 1269 3133 1325 transmutationis
3159 1285 3225 1327 ac
3269 1269 3627 1343 transﬁgura-

2038 1354 2207 1412 tionis
2225 1372 2520 1428 corporum
2541 1358 2812 1417 habemus
2834 1362 3057 1435 pignus.
3075 1362 3257 1434 Atque
3283 1372 3346 1419 ut
3366 1364 3489 1437 ejus
3507 1365 3624 1436 spei

2038 1446 2331 1503 obscuram
2360 1452 2786 1520 promissionem
2813 1460 3035 1509 certam
3082 1453 3425 1518 habeamus.
3476 1470 3626 1510 nunc

2038 1555 2259 1611 quoque
2282 1542 2580 1614 praecipuis
2608 1544 2755 1601 inter
2785 1545 3090 1616 discipulos
3114 1545 3361 1601 futuram
3395 1545 3449 1600 id
3483 1553 3624 1601 tem-

2039 1633 2193 1703 poris
2231 1635 2594 1692 mutationem
2639 1638 2942 1695 ostendere
2996 1640 3053 1695 in
3102 1639 3350 1694 animum
3387 1638 3621 1695 inducit.

337 1715 467 1770 τῶν
512 1711 629 1771 ὦδε
674 1717 952 1772 ἑστώτων
987 1758 1002 1781 ,
1057 1719 1280 1784 οἵτινες
1331 1720 1403 1773 οὐ
1469 1717 1557 1788 μὴ
1601 1719 1935 1789 γεύσωνται

2042 1720 2106 1782 In
2131 1736 2415 1793 momento,
2447 1728 2629 1800 inquit
2648 1730 2872 1797 Paulus,
2900 1730 2953 1786 in
2986 1732 3096 1786 ictu
3130 1731 3271 1786 oculi
3309 1728 3375 1787 ".
3408 1731 3625 1787 Idcirco

337 1810 608 1866 θανάτου
631 1850 646 1874 ,
696 1811 807 1875 ἕως
846 1810 924 1866 ἂν
962 1810 1136 1866 ἴδωσι
1167 1811 1276 1866 τὸν
1308 1812 1447 1866 Υίὸν
1473 1786 1583 1867 τοῦ
1609 1786 1929 1880 ανθρώπου

2043 1817 2122 1871 ait
2153 1816 2367 1872 :‘Amen
2396 1818 2511 1873 dico
2526 1786 2696 1883 'vobis,
2729 1786 3096 1892 sunt'quidam
3125 1820 3189 1874 de
3220 1822 3301 1876 hic
3337 1820 3622 1887 stantibus,

334 1904 678 1972 ἐρχόμενον
724 1905 792 1957 ἐν
840 1902 917 1973 τῇ
954 1905 1249 1972 ,Βασιλείᾳ
1284 1904 1497 1961 αὑτοῦ.
1534 1905 1657 1970 Πῶς
1684 1904 1742 1959 δὲ
1773 1906 1933 1962 τοῦτο

339 1995 644 2063 γεγένηται
702 1997 965 2068 εἰσόμεθα
999 1999 1062 2050 ἐκ
1090 1996 1199 2051 τῶν
1229 1995 1379 2069 ἑξῆς.

417 2183 529 2239 Καὶ
576 2184 817 2255 ἐγένετο
863 2188 995 2256 μεθ’
1032 2187 1261 2259 ἡμέρας
1310 2186 1380 2252 ἐξ
1405 2226 1421 2250 ,
1478 2187 1933 2258 παραλαμϐάνει

338 2279 381 2330 ό
410 2277 651 2344 Ἰησοῦς
683 2278 789 2333 τόν
818 2279 1065 2348 Πέτρον,
1099 2280 1200 2334 καὶ
1230 2280 1339 2335 τὸν
1374 2281 1668 2345 Ἰάκωϐον,
1700 2283 1797 2336 καί
1824 2282 1935 2335 τὸν

354 2369 649 2436 Ἰωάννην
674 2371 781 2424 τὸν
805 2371 1079 2441 ἀδελφόν
1101 2372 1317 2428 αὐτοῦ·
1351 2374 1450 2428 καὶ
1475 2373 1686 2445 ἀνάγει
1708 2372 1935 2441 αὐτοὺς

343 2465 438 2526 είς
477 2462 613 2528 ὄρος
651 2463 901 2530 ὑψηλὸν
932 2464 1249 2532 κατιδίαν,
1302 2465 1406 2520 καὶ
1447 2467 1934 2536 μεταμορφωθεὶς

346 2554 384 2606 ὁ
424 2554 650 2621 Ἰησοῦς
696 2556 1042 2623 ἔμπροσθεν
1081 2557 1302 2611 αὐτῶν.
1339 2558 1619 2627 Ἔλαμψε
1647 2557 1714 2611 τὸ
1740 2559 1933 2626 πρόσ-

342 2659 517 2699 ωπον
548 2646 735 2700 αὐτοῦ
768 2647 851 2713 ὠς
883 2647 1078 2715 ἥλιος.
1142 2648 1219 2702 Τὰ
1251 2646 1321 2701 δὲ
1351 2647 1551 2717 ἱμάτια
1580 2649 1768 2703 αὐτοῦ
1805 2648 1934 2718 ἐγέ-

338 2753 529 2790 νοντο
553 2739 747 2793 λευκὰ
777 2740 853 2803 ὼς
885 2738 1051 2808 χιών.
1087 2740 1201 2795 Καὶ
1232 2739 1362 2795 ίδοὺ
1396 2740 1696 2810 ὠφθήσαν
1722 2740 1933 2807 αὐτοῖς

332 2831 614 2900 Μωῠσῆς
660 2831 761 2886 καὶ
809 2834 1019 2898 Ἠλίας
1066 2833 1538 2900 συλλαλοῦντες
1568 2833 1754 2899 αὐτῷ.
1795 2833 1933 2886 Τοὺ-

333 2940 457 2977 των
489 2924 551 2976 οὑ
577 2924 751 2991 ψιλῶς
778 2924 1076 2979 ἀκουστέον
1098 2941 1112 2958 ο
1169 2926 1292 2979 οὑδὲ
1329 2929 1496 2997 μέχρι
1525 2926 1636 2980 τῶν
1668 2926 1933 2998 ῥημάτων

336 3016 635 3086 νομιςτέον
681 3013 826 3072 εἶναι
857 3017 957 3090 τὴν
988 3020 1257 3090 ἱστορίαν,
1294 3019 1448 3089 αὑτῷ
1484 3018 1632 3091 μόνῳ
1685 3021 1711 3060 ε
1739 3018 1933 3090 δηλοῦν

2040 1911 2132 1978 qui
2161 1925 2267 1963 non
2322 1910 2609 1980 gustabunt
2651 1920 2897 1979 mortem,
2949 1911 3115 1967 donec
3164 1913 3381 1967 videant
3428 1908 3625 1977 Filium

2039 2000 2266 2056 hominis
2296 2003 2587 2057 venientem
2619 2004 2677 2058 in
2706 2019 2866 2075 regno
2896 2019 2992 2058 suo
3028 2001 3095 2058 ³⁸.
3151 2002 3259 2071 Qui
3298 2010 3485 2060 autem
3519 2002 3626 2058 hoc

2040 2102 2255 2165 gestum
2288 2095 2380 2159 sit,
2415 2093 2794 2166 intelligemus
2826 2111 2897 2150 ex
2925 2096 3313 2167 sequentibus.

2113 2187 2205 2242 Ill.
2242 2186 2313 2242 Et
2341 2189 2541 2258 factum
2562 2197 2637 2243 est
2659 2197 2773 2260 post
2798 2190 2909 2245 dies
2932 2206 3026 2245 sea:
3051 2206 3070 2245 :
3094 2191 3319 2246 assumit
3341 2189 3496 2247 Iesus
3525 2190 3629 2246 Pe-

2041 2284 2204 2342 trum,
2256 2285 2305 2330 et
2355 2275 2613 2332 Iacobum
2647 2318 2662 2345 ,
2711 2286 2760 2332 et
2779 2274 3046 2333 Joannem
3084 2277 3309 2350 fratrem‘
3357 2279 3473 2352 ejus
3508 2319 3525 2346 ,
3573 2290 3628 2336 et

2041 2370 2185 2424 ducit
2211 2368 2333 2424 illos
2363 2371 2416 2423 in
2442 2380 2673 2424 montem
2705 2369 2970 2425 excelsum
2999 2386 3260 2436 seorsum,
3303 2380 3352 2426 et
3399 2368 3624 2441 transﬁ-

2040 2473 2263 2536 guratus
2287 2473 2362 2518 est
2402 2470 2526 2518 ante
2558 2480 2664 2518 eos.
2689 2462 2763 2518 Et
2798 2462 3128 2534 resplenduit
3154 2461 3316 2534 facies
3336 2465 3451 2536 ejus
3489 2465 3625 2520 sicut

2038 2556 2166 2612 sol:
2205 2557 2517 2611 vestimenta
2540 2557 2657 2627 ejus
2692 2555 2837 2626 facta
2869 2562 2995 2609 sunt
3039 2553 3165 2610 alba
3210 2557 3348 2610 sicut
3387 2555 3502 2611 nix.
3554 2551 3626 2610 Et

2040 2667 2154 2705 ecce
2178 2658 2546 2721 apparuerunt
2577 2650 2650 2703 eis
2679 2647 2881 2720 Moyses
2925 2655 2976 2702 et
3006 2647 3159 2702 Elius
3196 2648 3465 2720 loquentes
3505 2666 3626 2703 cum

2040 2759 2100 2797 eo
2130 2742 2199 2796 ⁸ο.
2253 2741 2373 2796 Non
2424 2749 2558 2795 sunt
2597 2742 2715 2796 haec
2763 2756 2887 2811 quae
2915 2724 3095 2795 levius
3124 2740 3310 2795 audiri
3341 2739 3625 2806 debeant,

2041 2847 2146 2886 nec
2173 2828 2483 2901 putandum
2515 2829 2656 2885 nihil
2678 2826 2825 2884 ultra
2857 2845 3025 2900 quam
3044 2828 3193 2900 quod
3223 2829 3394 2885 verba
3422 2828 3625 2901 praefe-

2043 2932 2177 2979 runt
2195 2925 2404 2980 habere
2420 2924 2733 2989 historiam,
2754 2924 2808 2979 id
2826 2931 3041 2979 tantum
3061 2922 3463 2996 signiﬁcantem
3477 2922 3626 2994 quod

2040 3033 2141 3088 per
2170 3032 2337 3072 voces
2358 3016 2681 3088 designatur
2702 3033 2715 3070 :
2733 3016 2829 3072 sed
2854 3017 3030 3089 magis
3049 3016 3398 3072 arcaniorem
3429 3030 3627 3085 quam—

341 3125 452 3163 σαν
504 3109 567 3163 τὸ
615 3109 951 3181 δηλούμενον
1007 3112 1096 3166 διὰ
1143 3112 1254 3166 τῶν
1302 3110 1544 3178 λέξεων·
1618 3111 1757 3165 ἀλλά
1812 3130 1934 3166 τινα

2043 3108 2169 3163 dam
2205 3108 2517 3163 doctrinam
2551 3150 2565 3175 ,
2611 3123 2676 3164 ac
2705 3109 2868 3163 nobis
2891 3116 3018 3179 post
3046 3109 3216 3182 hujus
3248 3109 3377 3163 vitae
3403 3121 3628 3163 cursum

344 3202 750 3272 μυσταγωγίαν
778 3203 1152 3275 διῃρημένην,
1190 3204 1285 3257 καὶ
1314 3202 1425 3257 τῶν
1459 3202 1768 3273 μελλόντων
1799 3205 1932 3273 ἡμῖν

340 3292 594 3363 ὑπάρξαι
628 3295 766 3364 μετὰ
792 3294 941 3347 τόνδε
967 3293 1084 3364 βίον
1109 3292 1219 3348 τῶν
1242 3292 1465 3364 ἀγαθῶν
1487 3292 1585 3365 τὴν
1608 3292 1930 3346 ἀπόλαυσιν

345 3387 556 3457 μᾶλλον
601 3388 660 3442 δὲ
701 3391 816 3453 τοῖς
863 3389 1077 3457 ἁγίοις,
1129 3387 1224 3442 καὶ
1268 3386 1368 3458 οὑχ
1406 3388 1559 3457 ἡμῖν.
1592 3385 1757 3440 Ὅθεν
1794 3387 1936 3457 μετὰ

342 3480 412 3545 ἐξ
440 3481 657 3552 ἡμέρας
691 3482 790 3552 τῆς
822 3481 1177 3551 ὑποσχέσεως
1210 3479 1309 3552 τὴν
1339 3479 1679 3548 ἐπαγγελίαν
1710 3479 1934 3551 πληροῖ,

340 3571 451 3642 τὴν
480 3572 616 3642 πρὸς
645 3574 773 3635 τοὺς
804 3572 1055 3643 μαθητὰς
1084 3571 1407 3643 εἰρημένην.
1461 3570 1527 3625 Ἡ
1556 3571 1600 3625 δ’
1631 3570 1937 3641 ὑπόσχεσις

340 3659 420 3735 ἦν
439 3704 454 3727 ,
487 3667 570 3718 ὅτι
606 3665 776 3732 Τινές
803 3668 927 3719 εἱσι
952 3664 1077 3718 τῶν
1107 3658 1223 3718 ὦδε
1253 3663 1564 3729 ἑστώτων,
1601 3664 1826 3729 οἵτινες
1860 3666 1933 3718 οὐ

333 3755 436 3827 μὴ
476 3756 813 3825 γεύσωνται
861 3755 1159 3824 θανάτου,
1220 3757 1332 3824 ἕως
1366 3756 1443 3812 ἂν
1478 3757 1652 3812 ίδωσι
1683 3757 1800 3825 τὴν
1820 3758 1937 3822 ,ϐα-

340 3848 595 3901 σιλείαν
643 3848 753 3903 τοῦ
798 3849 985 3917 Θεοῦ,
1040 3851 1107 3922 ἢν
1155 3850 1237 3904 δεῖ
1288 3850 1428 3922 μετὰ
1474 3849 1576 3922 τὴν
1619 3851 1937 3906 συντέλειαν

340 3941 449 3993 τοῦ
516 3942 823 4012 παχυτέρου
882 3942 1093 4012 κόσμου
1151 3943 1564 4014 φανερωθῆναι.
1640 3944 1732 3997 Διὸ
1798 3945 1938 4015 μετὰ

342 4030 414 4098 ἓξ
446 4032 660 4102 ἡμέρας
684 4073 700 4097 ,
760 4033 1071 4104 παρέλαϐεν
1120 4034 1369 4098 ἐκείνους
1389 4076 1404 4101 ,
1460 4035 1555 4098 οὓς
1587 4034 1696 4089 ἔδει
1729 4037 1936 4105 γνῶναι

340 4120 422 4174 τὰ
455 4121 705 4192 θειότερα
752 4121 854 4191 τῆς
890 4122 1166 4193 βασιλείας
1203 4126 1487 4196 μυστήρια
1533 4127 1662 4195 πρὶν
1699 4125 1936 4181 θανάτου

340 4212 677 4282 γεύσασθαι.
710 4215 865 4269 Μετὰ
888 4216 946 4270 δὲ
973 4217 1072 4281 τὰς
1095 4217 1174 4282 ἓξ,
1204 4219 1236 4289 ἠ
1265 4218 1471 4290 ἑϐδόμη
1499 4219 1669 4287 ἐστὶν,
1702 4222 1735 4292 ή
1764 4222 1937 4275 κατάο

344 4321 556 4369 παυσις
588 4307 622 4377 ἡ
653 4306 807 4375 ἁγία,
846 4301 963 4383 ὲνῇ
994 4308 1097 4362 οὑκ
1123 4307 1273 4362 ἔστιν
1302 4310 1664 4379 ἐργάσασθαι.
1708 4312 1933 4386 Ἐπειδὴ

342 4398 416 4450 ἰν
465 4398 525 4464 ἓξ
564 4399 806 4470 ἡμέραις
854 4401 1115 4469 ἐποίησεν
1171 4403 1201 4455 ό
1244 4401 1380 4466 Θεὸς
1435 4402 1526 4455 τὸν
1568 4404 1800 4475 οὐρανὸν
1837 4406 1936 4459 καὶ

2045 3199 2418 3270 repositorum
2442 3199 2720 3255 bonorum
2756 3198 3082 3254 fruitionem
3103 3239 3118 3264 ,
3150 3197 3289 3269 quin
3326 3198 3440 3252 imo
3465 3212 3631 3268 repo-

2043 3292 2281 3346 sitorum
2320 3292 2551 3355 sanctis,
2609 3306 2718 3345 non
2754 3291 2938 3346 nobis.
2975 3289 3270 3357 Quocirca,
3312 3296 3436 3359 post
3479 3288 3629 3344 diem

2044 3391 2263 3451 sextum
2293 3399 2321 3438 a
2357 3383 2749 3455 promissione,
2785 3382 3208 3453 promissionem
3238 3381 3429 3451 implet
3463 3396 3629 3453 quam

2043 3477 2113 3533 ad
2145 3476 2449 3547 discipulos
2478 3475 2717 3532 dixerat.
2750 3470 2882 3530 Erat
2919 3485 3106 3531 autem
3155 3474 3249 3529 illa
3298 3473 3572 3547 ejusmodi
3611 3490 3628 3530 :

2043 3570 2415 3642 Suntquidam
2438 3570 2501 3624 de
2520 3571 2603 3624 hic
2632 3568 2923 3632 stantibus,
2947 3569 3037 3640 qui
3055 3584 3160 3622 non
3180 3566 3467 3640 gustabunt
3485 3582 3630 3622 mor-

2044 3671 2171 3729 tem,
2215 3663 2381 3717 donec
2402 3664 2616 3718 videant
2637 3660 2970 3732 regnumDei
3002 3661 3047 3692 υ
3072 3677 3088 3728 ;
3115 3658 3265 3731 quod
3287 3667 3412 3729 post
3452 3656 3629 3714 crassi

2044 3756 2214 3828 hujus
2233 3756 2426 3811 mundi
2450 3755 2988 3811 consummationem
3014 3761 3236 3824 oportet
3262 3750 3626 3807 manifestari.

2046 3849 2394 3919 Quapropter
2418 3855 2541 3917 post
2571 3846 2691 3901 dies
2717 3861 2815 3901 sex
2836 3860 2932 3901 eos
2960 3843 3283 3914 assumpsit,
3307 3857 3450 3913 quos
3483 3840 3629 3896 divi-

2046 3943 2205 3998 niora
2246 3940 2400 4011 regni
2432 3937 2694 4011 mysteria
2727 3937 2872 3993 scire
2903 3934 3198 4007 oportebat
3223 3974 3237 3999 ,
3268 3935 3427 4006 prius
3460 3947 3628 4003 quam

2046 4040 2335 4107 gustarent
2357 4038 2615 4087 mortem.
2649 4028 2850 4091 Porro,
2872 4036 2997 4099 post
3026 4034 3238 4083 sextam
3265 4026 3412 4082 diem
3442 4024 3632 4096 sequi-

2051 4137 2139 4182 tur
2171 4126 2428 4196 septima,
2461 4133 2651 4180 sancta
2684 4122 2775 4177 illa
2803 4121 3027 4192 requies
3057 4120 3113 4175 in
3143 4135 3253 4191 qua
3275 4118 3495 4190 operari
3517 4132 3630 4174 non

2048 4219 2180 4275 licet
2210 4235 2229 4272 :7
2259 4216 2409 4288 quod
2465 4215 2730 4270 nimirum
2781 4214 2927 4268 Deus
2972 4210 3172 4267 diebus
3224 4210 3376 4266 senis
3424 4208 3627 4265 coelum

2048 4320 2109 4367 et
2138 4320 2341 4365 terram
2369 4308 2664 4372 creaverit,
2717 4306 2923 4375 dieque
2955 4303 3191 4375 septima
3234 4300 3576 4372 requieverit
3607 4340 3622 4365 ,

2050 4417 2287 4473 eamque
2313 4399 2598 4457 sanetilica
2610 4398 2764 4453 verit.
2792 4395 3165 4464 Quamobrem
3193 4395 3369 4466 prima
3385 4392 3475 4448 die
3491 4407 3630 4448 con-

341 4490 454 4559 τὴν
482 4490 623 4559 γῆν·
684 4492 781 4546 καὶ
831 4495 897 4563 τῇ
943 4492 1150 4565 ἑϐδόμῃ
1199 4493 1538 4559 κατέπαυσε,
1577 4497 1673 4548 καὶ
1702 4496 1932 4567 ἡγίασεν

2052 4494 2175 4565 tigit
2194 4491 2493 4564 promissio
2521 4508 2535 4545 :
2560 4488 3086 4559 eademqueiterum
3108 4485 3284 4557 prima
3304 4480 3631 4567 promissio-

345 4579 548 4649 αὑτήν.
581 4580 744 4633 Ὥστε
777 4583 844 4652 τῇ
877 4580 1067 4654 πρώτῃ
1097 4583 1325 4650 γέγονεν
1349 4581 1680 4651 ὑπόσχεσις
1717 4583 1750 4653 ἠ
1784 4580 1935 4654 πρώ-

346 4688 424 4741 τη
450 4671 479 4711 ιι
512 4671 675 4726 πάλιν
707 4675 740 4743 ἡ
775 4673 877 4743 τῆς
906 4674 1257 4745 ὑποσχέσεως
1286 4673 1589 4745 πλήρωσις.
1644 4673 1938 4746 Σὺστοιχος

348 4761 451 4818 οὖν
482 4765 629 4820 ὲστιν
658 4768 685 4820 ὁ
723 4765 785 4831 ἓξ
815 4766 1048 4836 ἀριθμὸς
1088 4766 1167 4837 τῷ
1198 4768 1494 4838 παχυτέρῳ
1521 4768 1713 4838 κόσμῳ
1740 4769 1935 4840 τούτῳ,

350 4855 419 4919 ὃς
454 4856 870 4928 συντεθειμένος
914 4859 981 4911 ὲκ
1012 4856 1121 4912 τῶν
1152 4858 1301 4911 ἰδίων
1325 4858 1554 4929 ἡμερῶν
1584 4860 1941 4930 συμπληροῦ-

352 4963 472 5010 ται,
497 4950 766 5017 γενέσεως
792 4949 868 5003 ὢν
894 4949 1188 5021 σύμϐολον,
1215 4950 1354 5021 ἔχων
1380 4951 1438 5004 δὲ
1466 4953 1524 5005 ὲν
1552 4952 1734 5023 ἐαυτῷ
1760 4954 1819 5006 τὸ
1841 4952 1942 5025 ἄῤ-

357 5041 458 5112 ῥεν
487 5040 582 5093 καὶ
610 5040 672 5093 τὺ
694 5040 853 5111 Θῆλυ,
885 5035 960 5095 ὧν
988 5043 1021 5114 ἡ
1051 5041 1345 5113 συμπλοκὴ
1373 5042 1640 5113 ποιεῖτὴν
1668 5045 1731 5096 ὲκ
1756 5043 1941 5114 σωμά-

356 5147 469 5184 των
497 5130 735 5198 γένεσιν.
770 5134 927 5188 Μετὰ
954 5133 1012 5186 δὲ
1068 5135 1276 5188 τούτων
1307 5135 1519 5202 γένεσιν
1549 5132 1716 5206 [μετὰ
1742 5134 1799 5188 δὲ
1825 5134 1949 5187 τοὺ-

355 5219 497 5293 των]
535 5220 757 5292 ἔρχεται
786 5223 914 5294 tam
950 5226 982 5296 ή
1035 5225 1272 5295 ἑϐδόμη,
1309 5226 1381 5280 ἐν
1407 5220 1448 5299 ᾖ
1476 5225 1619 5280 οὔτε
1647 5226 1947 5295 γαμοῦσιν

360 5311 503 5366 οὔτε
545 5311 899 5384 γαμίζουσιν
920 5357 936 5381 ,
991 5317 1132 5371 ἀλλ’
1184 5317 1265 5382 ὼς
1310 5318 1562 5390 ἄγγελοι
1589 5317 1739 5373 Θεοῦ
1772 5319 1842 5372 ἐν
1868 5318 1949 5384 τῷ

2045 4582 2135 4639 nis
2154 4583 2262 4637 fuit
2289 4581 2563 4650 impletio.
2590 4578 2858 4636 Seuarius
2891 4593 3023 4649 ergo
3046 4590 3316 4631 numerus
3338 4566 3530 4629 allinis'
3547 4582 3634 4629 est

2045 4674 2309 4731 crassiori
2369 4674 2460 4729 isti
2513 4671 2743 4735 mundo,
2770 4671 2865 4740 qui
2902 4669 3271 4740 compositus,
3333 4682 3401 4722 ex
3428 4666 3631 4721 diebus

2044 4768 2290 4839 propriis
2320 4765 2657 4836 completur,
2694 4761 3073 4834 generationis
3099 4760 3376 4816 exsistcns
3409 4758 3633 4832 symbo-

2045 4859 2185 4924 lum,
2212 4874 2279 4914 ac
2309 4858 2366 4912 in
2396 4872 2457 4913 se
2486 4856 2700 4911 habens
2727 4869 2937 4909 marem
2968 4850 3034 4907 ac
3067 4850 3354 4916 feminam,
3389 4865 3627 4921 quorum

2049 4965 2380 5021 congressus
2402 4962 2701 5018 corporum
2731 4944 3148 5014 generationem
3178 4941 3329 4997 facit.
3364 4941 3497 4996 Post
3526 4939 3631 4994 ho-

2049 5059 2173 5098 rum
2217 5051 2400 5097 autem
2429 5042 2843 5112 generationem
2873 5037 3061 5093 veniet
3083 5035 3350 5105 deinceps
3374 5033 3632 5104 septima,

2050 5136 2105 5189 in
2142 5151 2254 5205 qua
2286 5151 2381 5188 nec
2409 5135 2630 5197 nubent,
2690 5149 2784 5188 nec
2807 5131 3023 5186 tradent
3051 5126 3243 5201 nuptui
3273 5168 3289 5193 ,
3329 5125 3427 5182 sed
3471 5132 3630 5179 erunt

2049 5229 2184 5281 sicut
2209 5225 2387 5298 angeli
2415 5225 2510 5280 Dei
2537 5227 2593 5279 in
2626 5223 2754 5279 coelo
2795 5225 2859 5279 ι’.
2896 5222 3055 5280 Unde
3080 5220 3246 5276 etiam
3280 5215 3637 5289 septenarius

2050 5331 2318 5372 numerus
2348 5315 2507 5389 virgo
2554 5315 2795 5381 dicitur;
2848 5328 2914 5368 ac
2946 5313 3066 5369 dies
3106 5308 3365 5380 septima,
3418 5313 3630 5370 sancta,

438 5465 487 5539 ff
523 5467 680 5524 JOan.
702 5486 756 5534 ν,
791 5468 880 5526 Π.
920 5470 988 5504 ³⁸⁵
1015 5471 1204 5527 Matth.
1240 5488 1348 5539 xw,
1372 5473 1462 5531 27.
1543 5476 1590 5509 ⁸⁸
1633 5475 1806 5531 Hebr.
1841 5492 1878 5538 I,
1913 5477 1935 5530 l

2075 5475 2117 5507 “
2158 5475 2263 5530 lsa.
2315 5486 2427 5537 Lm,
2451 5472 2506 5527 2.
2541 5471 2584 5504 "
2616 5469 2763 5527 Pssl.
2790 5484 2933 5536 xuv,
2983 5470 3036 5524 5.
3063 5468 3108 5501 ³⁸
3140 5466 3163 5522 l
3193 5464 3323 5523 Cor.
3388 5479 3482 5531 xv,
3541 5461 3632 5517 52.

364 5537 411 5571 ”
441 5537 628 5593 Matth.
662 5554 771 5606 xvs,
812 5540 902 5595 28.
968 5541 1014 5576 ’⁵⁸
1036 5542 1229 5599 Matth.
1281 5537 1409 5610 xvu,
1442 5547 1551 5602 1-5.
1634 5547 1676 5577 ’δι
1708 5537 1900 5600 Matth.

2042 5587 2050 5611 ,
2090 5544 2182 5601 28.
2253 5545 2298 5577 ’δ’
2330 5544 2522 5598 Matth.
2563 5558 2691 5607 xm,
2730 5542 2813 5600 50.

1651 5682 1892 5739 VARI/EI
1936 5680 2343 5739 LECTlONi-IS.

479 5779 503 5815 ε
529 5774 693 5842 Αὐτῷ
719 5776 903 5845 μόνῳ.
934 5775 1064 5848 ch.
1092 5777 1225 5832 αὐτὸ
1255 5778 1434 5848 μόνον.

1533 5779 1560 5819 Ιι
1612 5777 1674 5834 Ἠ
1710 5778 1929 5848 πρώτη.
1956 5778 2139 5843 Forte,
2168 5779 2228 5849 τῇ
2261 5774 2470 5848 πρώτη.
