4098 6428
513 363 654 424 1379

1646 357 1708 416 s.
1753 357 2150 416 ANASTASII
2190 317 2702 417 immensus

3633 350 3760 415 1384

509 471 708 525 Sancta
761 473 1101 531 sanctorum,
1155 465 1480 536 expiaturus
1512 480 1616 536 pro
1666 468 1871 538 pepulo
1907 485 1918 520 :
1955 467 2099 522 unde

2209 485 2294 520 ται
2333 469 2412 530 είς
2449 468 2518 520 τὰ
2551 471 2712 533 Ἅγια
2754 465 2860 518 τῶν
2901 465 3093 532 ἁγίων,
3127 461 3480 532 ἱλασκόμενος
3510 463 3649 532 ὑπὲρ
3671 464 3760 518 τοῦ

511 562 678 618 etiam
705 559 1030 615 solemnitas
1065 558 1178 623 illa,
1218 560 1526 629 propitiatio
1557 574 1656 614 seu
1685 559 1794 614 dies
1829 559 2089 630 prapitia-

517 655 673 709 tionis
707 668 774 708 ac
798 650 1199 708 humiliationis
1225 650 1364 714 dies,
1399 666 1768 722 magnumque
1796 651 2088 722 jejunium,

516 746 586 800 ab
629 745 712 798 eis
743 743 1076 813 appellatur.
1129 740 1456 796 Celebratur
1508 754 1695 796 autem
1747 741 1838 796 die
1878 742 2093 796 decima

517 834 728 890 mensis
765 833 1010 902 septimi.
1039 831 1133 901 qui
1182 831 1345 885 nobis
1373 831 1633 896 October,
1665 831 1860 886 Thersi
1889 832 1956 885 ab
1983 831 2091 885 He-

520 921 682 974 braeis
730 930 980 974 vocatur.
1034 917 1247 973 Hebrmi
1297 919 1444 973 enim
1487 921 1619 974 anni
1679 919 1970 974 exordium
2025 921 2093 975 ab

518 1010 691 1081 Aprili
737 1010 964 1065 ducunt.
1017 1009 1239 1063 Decima
1273 1026 1404 1080 ergo
1443 1012 1598 1082 juxta
1644 1012 1830 1066 lunam
1875 1013 2092 1081 septimi

521 1106 750 1174 mensis,
799 1105 1093 1160 Zacharias
1127 1105 1436 1160 sacerdotio
1485 1106 1744 1177 fungens,
1792 1108 2093 1177 angelicam

520 1197 660 1251 vidit
747 1197 1054 1256 visionem,
1099 1194 1450 1266 faustumque
1503 1199 1758 1253 nuntium
1829 1201 2092 1255 nascituri

523 1285 782 1348 Baptista:
807 1285 1019 1353 accepit
1047 1301 1060 1336 :
1094 1291 1221 1354 post
1253 1285 1401 1355 quod
1427 1285 1648 1356 impleta
1685 1302 1782 1342 sua
1817 1288 1960 1352 vice,
1993 1288 2096 1344 do-

525 1392 672 1431 mum
709 1376 894 1431 rediit.
932 1377 1104 1431 Porro
1138 1377 1397 1447 impletur
1426 1394 1489 1433 ea
1510 1419 1524 1442 ,
1549 1379 1695 1434 facto
1715 1381 1824 1450 jam
1856 1381 2098 1450 plenilu-

521 1469 637 1528 nio.
664 1485 728 1524 ac
754 1469 884 1524 luna
916 1484 1130 1524 summe
1169 1479 1350 1524 aucta.
1386 1471 1541 1526 Tunc
1570 1475 1801 1542 concepit
1827 1475 1938 1544 ejus
1965 1490 2099 1528 uxor

525 1559 817 1625 Elisabeth,
845 1569 892 1613 et
913 1577 970 1614 se
992 1559 1274 1615 occultavit
1297 1563 1557 1617 mensibus
1581 1565 1814 1635 quinque
1837 1567 1902 1618 7".
1935 1565 2099 1621 Forte

2200 555 2353 608 λαοῦ·
2387 556 2510 608 ὅθεν
2539 555 2633 608 καὶ
2663 553 2940 623 ίλασρὸς,
2972 554 3092 624 ἦτοι
3122 551 3314 620 ’ἡμέρα
3362 551 3644 620 ἱλασμοῦ,
3675 553 3761 604 καὶ

2203 650 2394 719 ἡμέρα
2429 647 2842 709 ταπεινώσεως,
2872 648 2967 699 καὶ
2991 644 3216 713 νηστεία
3251 643 3487 714 μεγάλη,
3513 643 3764 710 κέκληται

2204 739 2335 810 παρ’
2365 741 2548 802 αὐτοῖς
2592 740 2624 807 ἡ
2675 736 2898 804 τοιαύτη
2929 735 3114 804 ἑορτή.
3161 732 3523 785 Ἐπιτελείται
3554 731 3610 782 δὲ
3637 731 3764 802 αὕτη

2201 835 2264 900 τῇ
2297 831 2502 901 δεκάτῃ
2525 829 2618 882 τοῦ
2654 829 2882 898 ἑϐδόμου
2915 825 3113 896 μηνδς,
3147 825 3204 886 ὃς
3233 825 3382 877 ἐστιν
3427 821 3764 892 Ὀκτὼϐριος,

2204 924 2372 994 Θερσὶ
2393 922 2522 993 παρ’
2555 920 2828 990 Ἑϐραίοις
2850 917 3141 986 λεγόμενος
3161 933 3174 947 ο
3201 914 3309 969 ἀπὸ
3333 913 3440 984 γὰρ
3458 912 3558 965 τοῦ
3585 913 3766 981 "At-rpi-

2201 1015 2320 1068 λίου
2353 1015 2454 1084 τὴν
2500 1011 2675 1084 ἀρχὴν
2714 1012 2908 1079 ἄγουσι
2941 1008 3036 1061 τοῦ
3081 1007 3237 1070 ἔτους
3279 1005 3546 1075 Ἑϐραῖοι.
3578 1004 3656 1073 Τῇ
3686 1003 3766 1057 οὖν

2204 1110 2408 1182 δεκάτῃ
2437 1106 2583 1162 κατὰ
2623 1106 2852 1176 σελήνην
2882 1104 2976 1158 τοῦ
3007 1103 3244 1173 ἑϐδόμου
3282 1101 3448 1172 μηνὸς
3483 1099 3768 1170 ἱερατεύων

2203 1203 2230 1256 ὁ
2261 1199 2563 1270 Ζαχαρίας,
2591 1197 2690 1268 τὴν
2720 1197 3020 1268 ἀγγελικὴν
3058 1194 3327 1248 ὀπτασίαν
3360 1193 3644 1254 ἐθεάσατο,
3685 1193 3768 1246 καὶ

2203 1286 2572 1359 εὐηγγελίσθη
2620 1287 2718 1356 τὴν
2774 1285 2868 1338 τοῦ
2905 1282 3211 1338 Βαπτιστοῦ
3253 1283 3538 1353 γέννησιν·
3569 1282 3686 1348 μεθ’
3713 1284 3782 1352 ἦν’

2205 1380 2504 1452 πληρώσας
2562 1379 2660 1450 τὴν
2713 1376 3024 1448 ἐφημερίαν
3073 1374 3260 1439 αὐτοῦ,
3311 1374 3664 1446 ἀνεχώρησεν
3702 1377 3770 1438 είς

2203 1475 2296 1528 τὸν
2321 1469 2468 1527 οἷκον
2509 1470 2694 1526 αὐτοῦ.
2743 1468 3060 1540 Πληροῦται
3101 1467 3158 1521 δὲ
3191 1465 3538 1537 πλησιφαοῦς
3567 1465 3666 1535 τῆς
3699 1482 3773 1519 σε·

2206 1567 2376 1637 λήνης
2409 1562 2706 1634 γενομένης
2735 1562 2793 1614 ἒν
2837 1563 2904 1632 τῇ
2953 1559 3224 1629 λεγομένῃ
3261 1557 3612 1627 πανσελήνῳ.
3652 1556 3771 1609 Τότε

523 1654 886 1718 erubescens,
919 1653 1120 1708 canitie
1151 1653 1456 1721 eﬂlorente,
1489 1671 1553 1710 ac
1586 1655 1734 1724 quod
1769 1673 1886 1712 eam
1929 1673 2100 1724 agens

2209 1657 2546 1713 συνέλαϐεν
2583 1656 2622 1722 ἡ
2661 1653 2816 1725 γυνὴ
2867 1650 3056 1706 αὐτοῦ
3099 1649 3435 1710 Ἐλισαϐὲτ,
3469 1647 3574 1702 καὶ
3625 1663 3769 1715 περι-

523 1754 764 1808 atatem,
801 1747 922 1801 viro
971 1746 1026 1800 in
1071 1746 1272 1800 cubilis
1304 1746 1624 1803 societatem
1658 1749 1880 1804 coisset.
1916 1749 2102 1805 Occul-

2209 1748 2462 1816 ἐκρυϐεν
2481 1744 2710 1812 ἑαυτὴν
2724 1743 2867 1810 τοὺς
2891 1741 3074 1796 πέντε
3098 1741 3327 1810 μῆνας·
3356 1740 3490 1802 ἴσως
3521 1735 3771 1809 ἐρυθριῶ·

525 1838 678 1892 tabat
707 1846 891 1890 autem
944 1851 1018 1890 se.
1037 1833 1300 1888 mensibus
1329 1836 1588 1905 quinque,
1619 1834 1794 1890 dicens
1823 1851 1840 1889 :
1873 1834 2010 1901 Quia
2031 1838 2106 1890 sic

2211 1858 2301 1904 σα,
2339 1839 2428 1893 διὰ
2474 1838 2574 1908 τὴν
2608 1835 2952 1890 ἐπανθοῦσαν
2997 1835 3134 1904 αὐτῇ
3164 1831 3375 1894 πολιᾶν,
3412 1831 3498 1884 ὅτι
3529 1829 3771 1898 τοιαύτην

525 1928 649 1998 fecit
677 1927 806 1980 mihi
831 1924 1108 1979 Dominus.
1137 1923 1301 1979 Sexto
1330 1925 1497 1994 igitur
1523 1941 1710 1980 mense
1734 1941 1763 1980 a
1793 1927 2107 1997 conceptio-

524 2015 925 2090 ne'Elisabeth,
963 2015 1164 2069 missus
1201 2023 1285 2069 est
1314 2013 1556 2077 Gabriel,
1591 2016 1667 2070 uti
1697 2016 1964 2086 scriptum
1996 2025 2100 2081 est,

527 2106 595 2162 ad
643 2105 865 2161 Mariam
908 2121 923 2156 :
967 2117 1078 2158 non
1116 2103 1342 2158 omnino
1381 2103 1536 2158 linito
1565 2112 1720 2158 sexto
1760 2119 1969 2166 mense,
2006 2103 2104 2158 sed

527 2199 674 2254 intra
698 2199 820 2268 ejus
849 2205 1015 2251 totam
1051 2195 1423 2250 latitudinem.
1467 2195 1657 2265 Neque
1693 2196 1840 2250 enim
1874 2195 2104 2251 historia

523 2290 843 2361 evangelica
886 2289 1171 2358 impletum
1236 2287 1401 2342 habet
1437 2282 1661 2342 sextum
1688 2303 1965 2353 mensem,
1995 2303 2106 2358 quo

529 2393 776 2454 tempore
803 2382 943 2437 facta
971 2389 1056 2436 est
1089 2379 1334 2450 Virginis
1363 2379 1644 2445 salutatio,
1678 2395 1772 2434 seu
1802 2379 2103 2434 annuntia-

531 2476 646 2531 tio:
684 2489 863 2544 neque
897 2471 1169 2528 Gabriclis
1212 2471 1280 2526 ad
1327 2487 1450 2526 eam
1491 2471 1661 2526 verba
1701 2473 1807 2526 hoc
1838 2472 2100 2539 indicant,

527 2580 722 2622 verum
753 2565 830 2618 ita
855 2561 1080 2634 quidem
1120 2561 1354 2616 historia
1388 2579 1402 2614 :
1432 2559 1498 2614 In
1522 2568 1669 2614 sexto
1707 2576 1883 2614 mense
1913 2561 2104 2614 missus

531 2667 612 2711 est
644 2654 866 2727 angelus
902 2654 971 2709 "°.
1023 2653 1264 2724 Angelus
1299 2660 1480 2706 autem
1541 2651 1608 2706 ad
1651 2651 1932 2723 Virginem
1979 2668 1994 2704 :
2033 2651 2109 2706 Et

533 2767 648 2806 ecce
673 2756 896 2821 cognata
923 2755 1036 2811 tua,
1074 2754 1122 2800 et
1151 2747 1266 2817 ipsa
1291 2745 1523 2814 concepit
1544 2742 1718 2813 ﬁlium
1753 2744 1810 2798 in
1848 2751 2110 2798 senectute

525 2860 652 2907 sua,
684 2852 734 2898 et
762 2843 846 2898 hic
881 2840 1072 2896 mensis
1111 2847 1288 2893 sextus
1339 2845 1414 2890 est
1449 2835 1531 2890 illi
1569 2851 1686 2908 qua:
1717 2847 1934 2890 vocatur
1954 2837 2112 2890 steri-

540 2935 604 2990 lis
640 2931 709 2986 ⁸η.

2207 1932 2417 1998 ἄγουσα
2447 1927 2686 1998 ἡλικίαν,
2726 1925 2990 1997 συνῆλθεν
3019 1925 3174 1998 ἀνδρὶ
3207 1924 3348 1994 πρὸς
3373 1923 3668 1977 κοινωνίαν
3694 1921 3773 1976 εύ-

2205 2021 2322 2088 νῆς.
2359 2018 2753 2086 Περιέκρυσεν
2784 2017 2836 2070 δὲ
2894 2015 3122 2082 ἑαυτὴν
3168 2014 3310 2079 τοὺς
3337 2014 3528 2068 ’.πέντε
3565 2012 3771 2080 μῆνας,

2205 2112 2476 2182 λέγουσα
2503 2127 2515 2142 ·
2549 2111 2680 2164 ’Ὅτι
2726 2109 2914 2175 οὕτως
2961 2126 3064 2178 μοι
3112 2107 3443 2174 πεποίηκεν
3486 2108 3520 2160 ὁ
3551 2107 3770 2173 Κύριος.

2211 2203 2300 2275 Τῷ
2337 2199 2430 2258 οὖν
2461 2203 2606 2274 ἕκτῳ
2658 2201 2758 2268 τῆς
2813 2200 3128 2270 συλλήψεως
3165 2199 3263 2268 τῆς
3302 2198 3590 2251 Ἐλισαῦὲτ
3621 2197 3770 2268 μηνὶ,

2211 2295 2492 2366 ἀπεστάλη
2543 2297 2571 2349 ὁ
2608 2293 2872 2363 Γαϐριὴλ,
2901 2292 2976 2354 ὡς
3015 2291 3350 2360 γέγραπται,
3377 2291 3520 2360 πρὸς
3545 2290 3770 2358 Μαρίαν·

2209 2389 2271 2442 οὐ
2300 2389 2519 2449 πάντως
2557 2384 2982 2457 πεπερασμένου
3013 2381 3106 2436 τοῦ
3139 2382 3302 2435 ἕκτου
3349 2381 3545 2452 μηνὸς,
3583 2380 3694 2432 ἀλλ’
3723 2381 3772 2432 ἐν

2207 2479 2287 2549 τῷ
2335 2479 2527 2532 πλάτει
2559 2477 2654 2531 τοῦ
2698 2477 2902 2539 παντὸς
2951 2473 3140 2546 μηνός.
3174 2473 3313 2528 Οὖτε
3343 2472 3456 2544 γὰρ
3489 2475 3522 2544 ἡ
3563 2472 3773 2540 εὐαγγε-

2213 2570 2341 2642 λικὴ
2391 2570 2602 2642 ἱστορία
2632 2567 2973 2639 πληροῦσθαι
3017 2567 3164 2634 λέγει
3195 2566 3286 2620 τὸν
3315 2567 3477 2620 ἕκτον
3510 2565 3674 2635 μῆνα,
3694 2564 3771 2616 ὅτε

2209 2665 2238 2717 ὁ
2269 2661 2403 2733 πρὸς
2429 2661 2529 2732 τὴν
2563 2659 2842 2732 Παρθένον
2869 2656 3184 2730 ἀσπασμὸς,
3211 2657 3332 2728 ἦτοι
3363 2653 3770 2726 εὐαγγελισμδς,

2211 2753 2450 2822 ἐγένετο⁸
2484 2751 2607 2806 οὔτε
2646 2754 2694 2806 οἱ
2721 2751 2870 2820 λόγοι
2903 2750 2996 2803 τοῦ
3040 2747 3301 2819 Γαϐριὴλ,
3332 2749 3385 2800 οἱ
3429 2749 3566 2818 πρὸς
3594 2743 3768 2814 αὐτὴν,

2212 2841 2370 2896 τοῦτο
2405 2841 2782 2912 ἐμφαίνουσιν,
2827 2839 2942 2892 ἀλλ’
2977 2840 3011 2910 ἠ
3049 2839 3147 2908 μὲν
3182 2837 3398 2908 ἱστορία
3443 2837 3643 2907 φησιν,
3681 2834 3770 2888 Ἐν

2217 2931 2299 2999 τῷ
2321 2933 2467 3002 μηνὶ
2505 2931 2582 2996 τῷ
2608 2931 2758 2997 ἕκτῳ
2777 2928 3094 2997 ἀπεστάλη
3128 2933 3160 2984 ό
3184 2928 3466 3000 ἅγγελος.
3505 2928 3565 2981 '0
3605 2927 3656 2980 δὲ
3685 2925 3771 2994 ἄγ-

543 3024 702 3095 γελος
739 3022 878 3095 πρὸς
902 3021 1003 3093 τὴν
1031 3020 1310 3092 Παρθένον
1356 3019 1526 3088 φησί·
1572 3017 1682 3073 Kal
1725 3018 1857 3074 ιδοὺ
1891 3019 1929 3086 ἡ
1963 3024 2266 3092 συγγενής
2309 3041 2450 3091 σου,
2500 3025 2598 3080 καὶ
2633 3023 2786 3093 αὐτὴ
2855 3023 3233 3092 συνείληφεν
3291 3022 3430 3076 υἱὸν
3491 3021 3562 3075 ἐν
3622 3019 3770 3090 γήρει

529 3113 743 3182 αὐτῆς,
769 3113 866 3168 καὶ
897 3108 1076 3177 οὗτος
1101 3109 1222 3178 μὴν
1249 3109 1422 3176 ἕκτος
1465 3107 1620 3178 αὐτῇ
1648 3107 1723 3178 τῇ
1757 3109 2102 3180 καλουμένῃ
2139 3115 2372 3183 στείρᾳ.

603 3207 698 3264 IV.
734 3207 876 3262 Hinc
927 3220 1096 3276 porro
1140 3205 1314 3276 major
1345 3201 1506 3259 nobis
1545 3201 1771 3258 emersit
1797 3202 2108 3270 diﬂieultas,
2136 3211 2181 3268 c

531 3299 871 3370 objiciatque
894 3296 1162 3352 calentior
1187 3296 1406 3367 aliquis,
1444 3295 1670 3352 dicens:
1701 3295 1758 3352 Si
1781 3297 2004 3366 quidem
2035 3297 2114 3352 ait

539 3393 668 3460 iste,
707 3390 976 3447 accidisse
1022 3389 1432 3454 salutationem,
1485 3403 1580 3443 seu
1629 3387 2110 3468 annuntiationem

535 3484 756 3541 labente
787 3497 1006 3549 mense;
1037 3481 1164 3552 quis
1209 3483 1280 3536 ita
1311 3480 1594 3536 distribuit
1631 3489 1694 3534 ut
1724 3479 1889 3534 hodie
1915 3480 2114 3534 debeat

535 3571 840 3636 celebrari,
869 3571 980 3625 hoc
1033 3578 1116 3625 est
1155 3568 1245 3625 die
1281 3569 1352 3624 ‘25
1394 3568 1636 3634 mensis,
1671 3585 1781 3623 non
1836 3568 1926 3622 die
1965 3567 2112 3623 alia?

534 3663 618 3720 Ad
651 3678 816 3734 quem
851 3663 906 3716 in
940 3670 1198 3732 promptu
1241 3668 1359 3716 erat
1382 3659 1602 3725 dicere,
1639 3660 1889 3716 eamdem
1927 3660 2006 3714 illi
2043 3659 2114 3714 de

537 3757 737 3828 quovis
783 3755 891 3810 alio
936 3753 1024 3808 die
1055 3752 1292 3807 futuram
1323 3752 1701 3822 quaastionem.
1745 3751 1884 3818 Quia
1930 3761 2113 3806 tamen

535 3849 761 3904 videtur
809 3861 920 3902 non
967 3845 1164 3901 inscita
1212 3843 1598 3917 percontatio,
1657 3843 2110 3914 respondeamus.

536 3940 784 3996 Dicimus
815 3952 969 4009 ergo,
1006 3951 1118 3991 non
1169 3935 1251 3990 sic
1290 3949 1481 3990 revera
1516 3934 1718 3990 habere
1759 3933 2111 3999 aliirmantes,

537 4045 720 4100 neque
755 4037 818 4084 ut
861 4037 1112 4083 nostrum
1147 4025 1410 4081 duntaxat
1441 4040 1751 4080 sermonem
1786 4033 2109 4089 teneamus;

533 4121 633 4176 sed
669 4129 731 4175 ut
763 4119 910 4190 quod
933 4119 1176 4173 animum
1202 4116 1373 4172 subiit
1404 4115 1522 4172 sine
1546 4117 1748 4184 invidia
1775 4119 2112 4188 aperiamus,

539 4229 750 4282 vosque
777 4211 845 4267 ad
868 4213 1146 4267 veriorem
1175 4210 1507 4265 solutionem
1543 4211 1928 4280 inquirendam
1959 4226 2114 4266 exer-

535 4315 764 4358 ceamus
797 4319 811 4356 :
844 4318 1009 4372 quam
1035 4302 1083 4355 si
1109 4301 1454 4367 inveneritis,
1479 4309 1698 4356 maneat
1717 4303 1833 4357 haec
1853 4301 2110 4366 obscura,

539 4407 644 4448 nec
667 4399 944 4448 mereatur
972 4389 1272 4446 conscribi.

2297 3204 2580 3261 Ἐντεῦθεν
2611 3205 2668 3259 δὲ
2694 3206 2826 3275 ἡμῖν
2870 3203 3080 3275 ἀνεφύη
3113 3203 3372 3274 μείζωνὴ
3412 3203 3658 3272 ζήτησις,
3687 3199 3768 3255 καὶ

2215 3296 2525 3366 ὑπέκρουσε
2549 3314 2634 3359 τις
2672 3296 2780 3348 τῶν
2833 3295 3220 3366 θερμοτέρων,
3259 3293 3322 3348 El
3367 3297 3427 3347 ὲν
3461 3295 3538 3364 τῷ
3575 3294 3764 3358 πλάτει,

2210 3386 2406 3456 λέγων,
2441 3386 2536 3441 τοῦ
2573 3385 2742 3458 μηνὸς
2783 3385 3066 3454 γεγονέναι
3103 3385 3266 3454 φησὶν
3295 3381 3453 3449 οὗτος
3491 3385 3580 3438 τὸν
3613 3387 3768 3440 ἀσπα-

2216 3483 2376 3553 σμὸν,
2406 3481 2524 3552 1ἦτοι
2546 3481 2636 3535 τὸν
2663 3480 3084 3550 εὐαγγελισμδν,
3107 3480 3190 3544 τίς
3221 3483 3254 3551 ἡ
3282 3481 3685 3551 ἀποκλήρωτις,
3710 3481 3764 3547 τῇ

2216 3577 2455 3645 σήμερον
2517 3574 2676 3626 αὑτὸν
2733 3571 3140 3634 ἐπιτελεῖσθαι,
3196 3573 3454 3626 τουτέστι
3499 3576 3565 3643 τῇ
3613 3569 3764 3624 εἰκάδι

2217 3666 2464 3736 πέμπτῃ,
2501 3663 2598 3718 uad.
2622 3663 2696 3735 μὴ
2719 3666 2776 3716 ὲν
2806 3662 2940 3734 ἄλλῃ
2982 3662 3074 3716 τοῦ
3109 3663 3278 3734 μηνὸς
3303 3663 3525 3735 ἡμέρας
3565 3663 3692 3733 Πρὸς
3716 3659 3762 3712 ὃν

2214 3757 2563 3825 ἑτοιμότατον
2606 3751 2673 3826 ἦν
2702 3755 2902 3818 εἰπεῖν,
2939 3757 3023 3810 ὅτι
3073 3755 3184 3808 Καὶ
3217 3757 3348 3826 περὶ
3374 3756 3544 3824 ἄλλης
3576 3754 3763 3822 ἡμέρας

2215 3837 2285 3903 το
2325 3849 2458 3902 αὐτὸ
2505 3850 2790 3919 ἡπόρησας
2837 3848 2924 3902 ἂν.
2970 3846 3478 3918 Ἀπολογησώμεθα
3527 3847 3570 3902 δ’
3613 3847 3759 3916 ὅμως,

2215 3940 2406 4010 ἐπειδὴ
2433 3939 2534 3994 οὐκ
2563 3939 2810 4009 ἄκομψον
2852 3940 3003 3993 δοκεῖ
3041 3935 3180 3993 εἶναι
3217 3939 3276 3992 τὸ
3301 3939 3654 4010 ὲπαπόρημα.
3679 3934 3762 3990 Λέ·

2214 4046 2386 4098 γομεν
2416 4029 2496 4092 δὲ,
2525 4029 2587 4082 οὐ
2612 4027 3083 4099 διαϐεϐαιούμενοι
3109 4027 3280 4092 οὕτως
3311 4027 3459 4099 ἔχειν
3488 4028 3546 4083 τὸ
3572 4025 3758 4097 ἀληθὲς,

2214 4121 2325 4174 οἰδ*
2357 4120 2432 4182 ὡς
2483 4119 2642 4190 μόνον
2681 4119 2772 4173 τὸν
2819 4120 3030 4173 ἑαυτῶν
3066 4119 3225 4188 λόγον
3277 4121 3638 4189 κρατοῦντεςο
3663 4115 3758 4172 ἀλλ’

2215 4210 2466 4278 ἀξθὸνως
2513 4211 2575 4263 τὸ
2613 4209 2840 4263 ἐπελθὸν
2871 4212 3000 4282 ὑμῖν
3031 4211 3532 4278 ἀνακαλύπτοντες,
3559 4211 3644 4266 καὶ
3677 4226 3758 4276 γυ*

2217 4299 2513 4370 μνάζοντες
2575 4301 2720 4372 ὑμᾶς
2769 4299 2867 4371 τὴν
2921 4300 3287 4373 ἀληθεστέραν
3346 4303 3552 4372 ταύτης
3601 4300 3758 4368 ζητεῖν

2217 4393 2497 4446 ἐπίλυσιν·
2532 4392 2598 4462 ἣν
2632 4389 2773 4446 ἐπὰν
2849 4393 3073 4464 εὕρητε,
3106 4395 3284 4460 αἷολος
3326 4397 3471 4468 αὑτὴ
3500 4407 3527 4446 Ρ
3557 4393 3754 4466 μενέτω,

2215 4485 2310 4538 καὶ
2345 4485 2468 4554 μηδ’
2499 4485 2636 4550 ὅλως
2663 4485 2937 4552 ἀξιούσθω
2973 4489 3218 4557 γραφῆς.

611 4569 674 4627 V.
719 4568 858 4625 Cum
911 4567 1004 4624 hic
1047 4567 1288 4623 mundus
1325 4575 1545 4622 creatus
1602 4567 1695 4633 sit,
1749 4582 1813 4622 ac
1865 4575 2107 4638 tempore

2289 4532 2521 4646 Γένητδς
2551 4532 2632 4630 οξ
2653 4580 2679 4631 ὁ
2703 4532 2907 4647 κόσμος
2940 4532 3122 4644 θύτοςῖ
3150 4532 3243 4634 ζαὶ
3273 4581 3454 4654 χρόνῳ
3484 4577 3754 4652 μετρούμε·

538 4671 918 4724 mensuretur,
950 4661 1112 4730 plane
1139 4668 1360 4730 oportet
1390 4657 1663 4728 incepisse
1693 4658 1761 4713 ab
1785 4658 1972 4728 aliquo
2000 4673 2119 4712 mo-

539 4764 598 4810 tu
630 4773 644 4820 ;
669 4753 1006 4822 omninoque
1040 4751 1338 4820 temporale
1365 4749 1642 4819 quoddam
1665 4749 1994 4820 principium
2021 4749 2119 4803 ha-

537 4845 680 4900 buit.
725 4844 844 4899 Non
873 4843 1020 4898 enim
1052 4856 1154 4896 nos
1183 4841 1579 4912 sempiternum
1611 4840 1798 4896 dicere
1839 4840 2114 4903 novimus,

535 4952 640 4992 nec
670 4935 931 4992 Ecclesia:
979 4934 1098 4989 Dei.
1147 4933 1299 4988 Nihil
1339 4933 1544 5003 quippe
1576 4933 1976 5003 sempiternum
2009 4940 2114 4998 est,

534 5026 696 5096 cujus
729 5035 914 5095 partes
945 5023 1292 5095 corruptioni
1343 5038 1410 5079 ae
1453 5022 1746 5078 mutationi
1781 5022 2067 5092 subjacent
2101 5039 2114 5074 :

535 5117 764 5172 omnino
801 5126 1011 5182 autem,
1047 5117 1206 5188 cujus
1248 5123 1682 5187 corrumpuntur
1707 5125 1913 5186 partes,
1941 5123 2114 5171 totum

535 5222 758 5277 quoque
811 5208 992 5278 ipsum
1025 5207 1370 5280 corruptioni
1399 5207 1700 5263 obnoxium
1733 5215 1836 5262 est.
1879 5205 2038 5274 Quod
2067 5207 2114 5262 si

535 5300 731 5356 mundi
763 5311 950 5372 partes
983 5302 1340 5372 corruptione
1369 5301 1670 5366 intereunt,
1713 5301 1906 5372 utique
1943 5301 2116 5356 inten-

535 5391 742 5449 iturum
789 5402 875 5450 est
901 5401 960 5450 et
1001 5402 1203 5450 totum.
1235 5394 1353 5449 Non
1384 5410 1518 5467 ergo
1546 5393 1790 5448 mundus
1815 5393 2110 5463 sempiter-

597 5551 648 5583 τ’
675 5549 810 5605 Luc.
844 5565 884 5617 t,
903 5549 995 5604 ‘25.
1069 5550 1116 5582 ⁸⁸
1145 5550 1278 5605 ibid.
1303 5551 1395 5607 26.
1470 5553 1512 5586 ⁸⁵
1547 5552 1678 5609 ibid.
1711 5552 1800 5609 56.

2215 4683 2325 4728 νος,
2355 4667 2460 4720 ἀπὸ
2485 4683 2632 4730 τινος
2659 4667 2878 4730 πάντως
2911 4669 3182 4733 κινήσεως
3205 4671 3430 4741 ἢρξατο·
3459 4671 3510 4724 τί
3549 4669 3589 4723 δ’
3617 4665 3675 4722 ἂν
3698 4661 3753 4733 ἦν

2215 4759 2446 4828 χρονικὴ
2481 4758 2702 4822 πάντως
2751 4760 2924 4830 ἀρχῆς
2965 4761 3138 4814 ἀΐδιον
3169 4761 3278 4834 γὰρ
3321 4763 3485 4817 αὑτὸν
3520 4753 3750 4827 λέγεινού

2217 4849 2626 4920 μεμαθήκαμεν
2656 4851 2842 4921 ἡμεῖς,
2887 4851 3008 4906 οὐδὲ
3061 4855 3119 4918 ai
3154 4854 3473 4926 Ἐκκλησίαι
3502 4853 3591 4908 τοῦ
3618 4843 3748 4904 Θεοῦ.

2216 4939 2386 4993 Οὐδὲν
2412 4940 2522 5012 γάρ
2551 4943 2702 4996 ἐστιν
2733 4943 2928 5005 ἀΐδιον,
2959 4937 3022 4998 οὗ
3055 4945 3126 5000 τὰ
3159 4947 3298 5018 μέρη
3325 4947 3547 5019 φθοραῖς
3569 4944 3652 5000 καὶ
3673 4939 3748 4994 ἁλ-

2215 5028 2496 5084 λοιώσεσιν
2527 5029 2834 5086 ὑπόκειται·
2865 5033 3004 5088 ἀλλὰ
3025 5036 3268 5102 πάντως,
3295 5033 3359 5094 οὗ
3381 5040 3448 5093 τὰ
3469 5039 3600 5109 μέρη
3627 5028 3748 5099 φθείσ

2219 5138 2428 5193 ρονται,
2455 5123 2616 5176 τοῦτο
2645 5123 2741 5176 καὶ
2763 5124 2822 5178 τὸ
2845 5126 2966 5180 ὅλον
2992 5128 3204 5200 φθορᾶς
3240 5129 3505 5185 δεκτικόν.
3535 5128 3592 5181 El
3615 5125 3664 5179 δὲ
3695 5117 3746 5172 τά

2217 5213 2362 5283 μέρη
2409 5213 2506 5268 τοῦ
2548 5213 2758 5284 κόσμου
2802 5217 3144 5289 φθείρονται,
3175 5219 3424 5292 δηλονότι
3455 5219 3546 5275 καὶ
3571 5217 3626 5272 τὸ
3647 5212 3746 5268 ὃλθν

2212 5304 2578 5376 φθαρήσεται.
2632 5306 2845 5361 Οὐκοῦν
2895 5311 2998 5366 οὐκ
3047 5311 3239 5377 ἀΐδιος.
3277 5313 3342 5368 Et
3381 5313 3429 5370 δ’
3471 5314 3564 5368 οὐκ
3587 5306 3741 5368 ἀίδιος.

2209 5395 2382 5467 ἀρχὴν
2423 5395 2551 5468 ἔσχε
2589 5396 2687 5452 τοῦ
2727 5394 2898 5470 εἶναι,
2931 5402 3028 5456 καὶ
3068 5403 3240 5478 ἀρχὴν
3277 5405 3555 5476 γενέσεως,
3579 5402 3607 5456 ὁ
3640 5392 3746 5468 ὁρώ-

1826 5640 2056 5722 v'snm:
2101 5667 2508 5726 LECTIONES.

597 5763 629 5807 Ρ
658 5754 840 5829 Αὺτή.
879 5756 1063 5827 Forte,
1099 5757 1256 5830 αὕτη.
