4098 6504
365 357 502 421 Ῑὲοό

1103 350 1364 411 ΞΕΠΜΟ
1408 351 1526 410 ΙΙΙ.
1569 377 1637 385 --
1682 350 1763 410 IN
1806 340 2512 408 ANNUNTMTIONEM
2549 342 2609 400 S.
2654 337 2945 399 MARIE.

3519 331 3657 396 i336

359 466 600 534 ἐδέξατο,
646 465 729 519 δτι
785 462 855 518 δι’
895 460 1044 534 ἡμᾶς
1084 462 1278 531 γέγονε
1310 460 1436 515 καθ’
1484 463 1633 533 ἡμᾶς
1673 461 1701 512 6
1746 459 1961 522 πλάσας

2078 453 2158 524 ιιιί
2201 460 2304 508 n‘os
2328 451 2483 515 fecit,
2523 459 2827 505 vetcratam
2868 447 3042 519 ipsius
3073 462 3137 502 ac
3163 454 3479 517 corruptam
3514 448 3657 503 ima-

358 560 542 632 ἡμᾶς,
596 555 968 621 ἀνακαινίζων
1013 554 1113 624 τὴν
1170 553 1584 609 παλαιωϐεἶσαν
1637 552 1806 606 αὑτοῦ
1862 552 1961 605 καὶ

2078 547 2246 616 ginem
2274 558 2571 610 renovatis,
2589 558 2823 613 eamque
2850 540 3054 597 eximia
3070 540 3305 610 quadam
3337 540 3656 609 pulchritu~

358 650 667 720 φθαρεῖσαν
698 649 907 714 εἰκόνα,
940 647 1037 703 καὶ
1065 645 1402 717 ἀναμορφῶν
1429 645 1603 715 αὐτὴν
1626 647 1705 709 εἰς
1727 643 1961 709 κάλλους

361 754 724 812 περιουσιαν,
796 742 1082 813 μονονουχὶ
1141 738 1281 810 βοῶν
1311 738 1451 809 πρὸς
1505 739 1687 810 ἡμᾶς·
1735 736 1960 808 Ἐπειδὴ

2062 638 2193 695 dine
2233 638 2588 703 instaurans;
2642 637 2697 691 in
2749 636 2866 691 haec
2912 633 3031 690 fere
3069 632 3238 689 verba
3289 633 3359 687 ad
3393 649 3497 688 nos
3544 631 3660 689 cia-

2064 747 2223 788 mans
2255 732 2379 787 :Ex
2406 746 2519 802 quo
2548 730 2717 786 hodie
2765 729 2881 785 ﬁcti
2928 727 3265 797 formatique
3316 726 3657 791 diﬁluxistis,

364 837 609 908 σήμερον
642 834 977 898 πλασθέντες
1020 832 1361 905 άπερρύητε,
1405 832 1503 885 καὶ
1544 831 1681 902 πρὸς
1731 830 1961 885 θάνατον

2078 833 2231 894 atque
2272 823 2330 881 in
2362 830 2599 880 mortem
2627 818 2865 879 detracti
2884 821 3050 887 estis;
3076 819 3245 875 hodie
3272 818 3445 874 vestri
3467 834 3656 883 causa,

360 928 732 999 κατεσύρητε,
771 928 1014 999 σήμερον
1060 926 1126 980 δι’
1179 927 1326 996 ὑμᾶς
1359 926 1388 978 6
1436 924 1686 994 πλάστης
1730 921 1960 976 πλάττο-

366 1036 489 1090 μαι,
521 1019 608 1073 ἵνα
647 1036 749 1090 μου
790 1021 856 1090 τῇ
892 1017 1061 1090 σαρκὶ
1102 1015 1298 1088 ταύτῃ,
1338 1018 1407 1088 τῇ
1447 1014 1544 1069 νῦν
1590 1014 1960 1087 πλαττομένῃ,

2066 918 2229 975 ﬁctor
2261 932 2364 989 ego
2398 916 2598 989 ﬁngor,
2631 924 2693 972 ut
2723 930 2847 971 mea
2875 914 2981 971 hac
3018 928 3187 977 carne
3226 926 3379 967 nunc
3413 912 3561 977 ﬁcta,
3599 911 3661 965 in

2065 1012 2238 1066 vitam
2265 1025 2364 1067 vos
2392 1009 2687 1081 pristinam
2727 1007 3024 1073 reducam;
3067 1005 3278 1062 idcirco
3318 1020 3446 1060 cum
3478 1012 3662 1059 morte

363 1113 505 1183 πρὸς
559 1112 659 1183 τὴν
712 1112 990 1184 προτέραν
1050 1108 1391 1185 ἐπαναγάγω
1452 1106 1602 1179 ζωήν
1625 1123 1655 1147 ’ς
1698 1107 1764 1160 δι’
1828 1107 1964 1162 αὐτὸ

2078 1102 2455 1174 :Ongrediens,
2489 1112 2725 1172 eamque
2762 1098 3065 1171 perimens,
3101 1098 3184 1153 uti
3223 1096 3388 1168 plane
3429 1096 3661 1169 dignum

364 1203 825 1275 συμπλεκόμενος
887 1202 967 1274 τῷ
1014 1201 1268 1273 θανάτῳ,
1324 1201 1419 1255 καὶ
1462 1199 1712 1255 θανατῶν
1762 1200 1961 1265 αὐτὸν,

369 1296 562 1367 ὥσπερ
596 1292 675 1367 ἦν,
688 1296 860 1364 ἄξιον.
1352 1330 1359 1339 ι

438 1387 556 1440 Ἵνα
583 1386 638 1440 δὲ
667 1388 732 1440 ὲκ
749 1386 860 1441 τῶν
889 1382 1152 1459 ΙΙατέρων
1183 1384 1575 1458 βεϐαιώσωμεν
1600 1383 1665 1438 τὰ
1691 1384 1962 1455 ἡμέτερα,

366 1479 458 1533 καὶ
494 1478 689 1549 ὥσπερ
720 1478 843 1532 τινὰ
875 1466 1081 1550 κόσμον
1108 1478 1411 1551 ἐπιθῶμεν,
1432 1479 1500 1532 δι’
1526 1472 1591 1533 οὗ
1615 1478 1677 1531 τὸ
1701 1477 1966 1547 ὲπιχαρὲς

366 1570 606 1636 ἕξουσιν,
638 1569 819 1623 ἄκουε
843 1563 935 1624 οἷα
984 1569 1136 1639 λέγει
1185 1570 1335 1642 περὶ-
1363 1569 1466 1640 τῆς
1502 1567 1727 1640 ἐαρινῆς
1755 1567 1965 1640 τροπῆς

364 1666 395 1717 6
427 1663 465 1715 Γ
472 1663 768 1734 ρηγόριος,
816 1662 846 1714 ὁ
885 1663 986 1739 τὴν
1030 1663 1313 1732 θεολογίαν
1369 1662 1748 1734 προσηγορίαν
1805 1658 1964 1725 δεξά-

2064 1202 2206 1248 erat.

2139 1372 2232 1429 IX.
2263 1372 2334 1431 Ut
2377 1383 2564 1430 autem
2590 1375 2817 1433 Patrum
2852 1390 3075 1446 quoque
3108 1374 3440 1431 auctoritate
3470 1361 3673 1431 nostra

2066 1464 2482 1534 conﬁrmemus,
2518 1482 2698 1539 exque
2732 1468 2843 1524 illis
2871 1468 3024 1523 velut
3053 1468 3349 1539 quemdam
3378 1467 3460 1523 eis
3497 1482 3665 1528 orna-

2070 1566 2187 1612 tum
2238 1558 2530 1625 addamus,
2565 1572 2680 1630 quo
2731 1560 2964 1631 gratiam
3022 1559 3306 1627 habeant;
3353 1558 3484 1615 audi
3540 1575 3665 1629 quas

2036 1648 2367 1721 vGregorius
2400 1665 2432 1705 a
2480 1649 2761 1722 theologia
2795 1666 3105 1723 cognomen
3152 1652 3387 1717 habens,
3435 1650 3504 1706 de
3532 1667 3664 1707 ver-

368 1772 556 1826 μενος.
600 1754 786 1810 Κινῶν
816 1754 924 1827 γάρ
968 1757 1118 1827 ἡμᾶς
1156 1755 1291 1827 πρὸς
1315 1754 1414 1827 τὴν
1447 1754 1574 1810 νέαν
1596 1752 1882 1826 Κυριακὴν
1906 1755 1965 1807 ὲν

2078 1760 2139 1798 na
2169 1743 2320 1799 dicat
2349 1753 2698 1815 tempestate.
2733 1744 2848 1802 Nos
2874 1745 3025 1801 enim
3056 1744 3124 1801 ad
3163 1745 3375 1801 Novam
3408 1745 3662 1800 Domini-

363 1819 447 1919 τῷ
476 1819 947 1920 ἐπιγεγραμμένῳ
986 1819 1124 1920 πρὸς
1149 1819 1320 1918 adeo;
1346 1819 1479 1919 (ρησι
1517 1819 1698 1918 λόγῳῙ
1730 1865 1749 1899 ι
1790 1819 1972 1900 Ἔστω

2078 1852 2197 1892 cam
2230 1836 2504 1902 excitans,
2537 1852 2794 1893 sermone
2837 1838 2894 1893 in
2937 1853 3061 1894 eam
3094 1838 3391 1910 inscripto,
3422 1839 3504 1895 sic
3533 1838 3610 1893 ait
3646 1856 3660 1894 :

369 1956 457 1994 σοι
487 1941 514 1993 6
539 1940 775 2011 οὐρανὸς
800 1940 1015 2005 καινὸς,
1042 1940 1137 1994 καὶ
1168 1942 1203 2012 ἡ
1234 1942 1305 2012 γῆ
1348 1941 1511 2012 καινή
1536 1956 1550 1969 ’
1597 1940 1668 1996 τά
1710 1957 1771 1994 τε
1812 1938 1968 2008 ἄλλα,

368 2035 467 2090 καὶ
507 2035 601 2089 τὸν
633 2035 840 2090 τούτων
877 2035 1035 2106 λόγον
1074 2035 1579 2107 καταλαμϐάνοντι.
1634 2035 1740 2090 Ἴδε
1781 2030 1870 2089 οἷα
1902 2034 1972 2087 τὰ

368 2129 653 2202 ὁρώμενα.
706 2130 773 2186 ἸΙ
809 2130 1104 2202 βασίλισσα
1136 2131 1247 2186 τῶν
1278 2130 1440 2201 ὡρῶν
1483 2133 1551 2203 τῇ
1593 2130 1829 2203 βασιλίδι
1860 2130 1971 2185 τῶν

368 2224 599 2295 ἡμερῶν
627 2224 928 2293 πομπεύει,
959 2226 1055 2278 καὶ
1068 2224 1374 2295 δωροφορεῖ
1401 2224 1510 2277 πᾶν
1540 2225 1568 2278 ὃ
1592 2240 1647 2276 τι
1679 2223 1972 2279 κάλλιστον

371 2316 470 2368 καὶ
500 2314 892 2383 τερπνότατον.
925 2334 946 2368 ι
974 2316 1086 2370 Καὶ
1111 2315 1287 2369 πολλὰ
1317 2314 1563 2384 συνάψας
1590 2315 1847 2386 ἐγκώμια
1873 2316 1973 2387 τῆς

286 2406 289 2407 ⁷
369 2407 472 2462 τοῦ
522 2406 684 2479 ἔαρος
740 2407 914 2480 ὥρας,
972 2406 1175 2476 ἔδειξεν
1226 2410 1312 2462 ὅτι
1363 2408 1459 2462 καὶ
1510 2410 1821 2481 προοέμιον,
1880 2410 1974 2463 καὶ⁹

375 2499 576 2571 ἀρχὴν,
608 2500 703 2556 καὶ
737 2500 839 2554 ὅσα
869 2501 1127 2565 εἶποιτις
1148 2542 1164 2567 ,
1206 2500 1405 2569 ἄφεσιν
1428 2500 1525 2554 καὶ
1553 2501 1750 2571 χρόνου
1782 2500 1970 2570 πῆξιν,
1995 2510 2003 2517 ’

380 2591 534 2662 παρὰ
564 2591 656 2645 τὸν
678 2591 785 2663 πρὸ
820 2591 990 2646 αὑτοῦ
1021 2591 1215 2647 τοῦτον
1262 2587 1408 2648 εἶναι
1446 2593 1773 2663 προέλαὸεν.
1810 2588 1974 2647 Ἀλλὰ

382 2684 495 2756 γὰρ
528 2685 669 2756 ἐρῶν
707 2697 735 2727 ι
774 2685 1111 2758 παρατρέχω
1159 2685 1251 2743 τὸν
1291 2685 1509 2755 καιρὸν,
1555 2686 1652 2741 καὶ
1693 2688 1786 2740 τὸν
1818 2686 1973 2758 ἥλιον

262 2844 267 2849 ,
377 2774 564 2832 λοιπὸν
595 2777 732 2848 πρὸς
763 2776 980 2845 δυσμάς
1017 2776 1309 2846 γεγονότα,
1357 2776 1596 2831 ἐνταῦθά
1646 2793 1753 2830 που
1800 2792 1976 2830 κατα-

302 2946 316 2952 _
375 2868 578 2923 παύσω
604 2867 695 2921 τὸν
724 2862 906 2936 λόγον,
941 2868 1029 2923 ἵνα
1059 2870 1136 2942 μὴ
1167 2870 1343 2925 πολλὰ
1368 2872 1501 2942 περὶ
1528 2869 1743 2927 τούτων
1771 2869 1971 2939 λέγων,

375 2958 564 3013 autumo
596 2959 762 3031 ὑμᾶς,
792 2962 886 3015 καὶ
919 2962 1237 3035 προσκορὴς
1276 2963 1406 3034 ὑμῖν
1448 2963 1722 3032 γένωμαι.
1764 2961 1975 3034 ’Υμνή-

375 3069 567 3122 σωμεν
597 3053 692 3108 οὖν
719 3053 812 3108 τὸν
844 3054 913 3108 δι’
938 3056 1091 3126 ἡμᾶς
1127 3055 1508 3127 σαρκωϐἑντα,
1549 3055 1620 3109 δι’
1658 3054 1825 3109 αὐτοῦ
1877 3054 1975 3109 καὶ

2079 1948 2097 1982 ι
2138 1928 2223 1985 Sit
2260 1929 2605 1993 tibicoelum
2662 1945 2868 1986 novum
2902 1938 2959 1986 et
3001 1940 3148 1986 terra
3181 1946 3362 1997 nova;
3399 1931 3665 1986 nimirum

2075 2032 2138 2078 ut
2181 2023 2311 2088 alia,
2348 2022 2680 2079 sichorum
2712 2039 2935 2094 quoque
2984 2024 3257 2080 rationem
3308 2023 3661 2095 intelligenti.

2073 2114 2213 2170 Vide
2243 2114 2433 2185 qualia
2465 2124 2621 2183 sunt,
2660 2131 2784 2187 quae
2810 2115 2992 2172 oculis
3026 2115 3365 2173 oﬁ‘eruntur.
3396 2116 3667 2195 Princeps

2074 2207 2205 2263 anni
2258 2224 2413 2279 pars,
2449 2208 2692 2280 principi
2746 2210 2967 2266 dierum
3003 2225 3259 2281 pompam
3305 2209 3548 2282 peragit,
3601 2225 3669 2266 ac

2074 2300 2353 2371 quidquid
2404 2301 2846 2372 pulcherrimum
2911 2318 2975 2359 ac
3014 2304 3404 2361 suavissimum
3458 2302 3664 2368 habet,

2040 2391 2224 2455 'dono
2263 2392 2463 2449 tribuit
2494 2393 2543 2450 ιι.
2568 2393 2920 2466 »Μιιιιὶεῳιθ
2993 2411 3176 2452 vernae
3216 2397 3565 2467 tempestatis
3607 2395 3669 2450 in

2076 2500 2253 2540 unum
2303 2486 2554 2542 collectis
2597 2487 2889 2553 laudibus,
2934 2488 3212 2554 ostendit,
3253 2504 3369 2559 prae
3417 2504 3483 2545 ea
3545 2504 3670 2559 qua:

2076 2578 2253 2648 ipsam
2279 2578 2566 2650 praecedit,
2591 2589 3005 2652 occupasse,,ut
3028 2591 3086 2638 et
3112 2581 3403 2638 exordium
3433 2588 3491 2637 et
3518 2581 3672 2651 prino

2075 2670 2321 2742 cipium,
2361 2687 2429 2728 ac
2469 2672 2745 2744 quidquid
2795 2674 2947 2730 dicat
2988 2674 3214 2745 aliquis,
3265 2674 3546 2741 remissio,
3580 2673 3670 2729 in-

2075 2778 2265 2834 quam,
2295 2778 2363 2820 ac
2408 2766 2676 2836 temporis
2703 2766 3021 2837 compactio,
3045 2767 3138 2823 sit.
3158 2766 3465 2823 Enimvero
3489 2777 3562 2822 ne
3590 2765 3676 2821 di-

2075 2866 2210 2912 cens
2241 2865 2570 2928 praeteream
2601 2865 2851 2929 tempus,
2884 2860 3110 2931 jamque
3143 2860 3212 2916 ad
3241 2875 3502 2917 occasum
3543 2877 3674 2917 vcr-

2076 2956 2298 3018 gentem
2356 2948 2552 3016 solem,
2602 2948 2804 3025 faciam
2849 2950 2946 3006 hic
2994 2951 3218 3008 dicendi
3257 2951 3563 3020 ﬁncm,‘ut
3601 2967 3674 3007 ne

2076 3037 2316 3110 longiori
2351 3038 2423 3097 de
2456 3039 2546 3095 his
2580 3056 2839 3098 sermone
2864 3042 3028 3099 vobis
3062 3043 3352 3110 molestus,
3396 3043 3674 3115 taedioque

376 3119 484 3199 σὺν
511 3146 685 3218 αὐτῷ,
716 3145 794 3217 τῷ
826 3119 1027 3219 ﬂat-pi,
1062 3119 1158 3201 παὶ
1184 3119 1264 3219 τῷ
1306 3147 1449 3218 ἁγίῳ
1477 3146 1787 3218 Πνεύματι,
1815 3147 1973 3232 δόξαν

2080 3119 2315 3186 εῖῐίσὶιιτ.
2350 3131 2493 3187 Eum
2525 3132 2717 3205 itaque
2762 3134 2861 3206 qui
2905 3137 3083 3192 nostri
3119 3152 3291 3194 causa
3321 3152 3546 3194 cantem
3586 3154 3676 3195 asc

374 3236 478 3290 καὶ
509 3237 678 3307 τιμὴν
731 3235 1181 3307 ἀναπέμποντες,
1225 3238 1309 3292 ὅτι
1348 3236 1503 3320 αὐτῷ
1545 3237 1751 3308 πρέπει
1799 3231 1970 3303 αἶνος,

384 3325 478 3379 καὶ
514 3325 884 3399 μεγαλοσΰνη,
932 3327 1029 3381 καὶ
1074 3325 1549 3398 μεγαλοπρέπεια,
1600 3323 1699 3381 νῦν
1728 3325 1828 3381 καὶ
1863 3326 1973 3393 ἀεὶ,

377 3417 466 3481 εἰς
496 3417 622 3481 τοὺς
652 3417 857 3482 αἰῶνας
880 3417 989 3495 τῶν
1019 3416 1253 3474 αἰώνων.
1302 3418 1496 3490 Ἀμήν.

1007 3703 1231 3761 ΛΟΓΟΣ
1281 3704 1356 3759 ῐ⁹.

375 3793 488 3873 E
502 3793 608 3847 τὸν
623 3772 1085 3873 Εὐαγγενζιοξμὸν
1102 3796 1624 3873 τῆς-παν-υμνήτου
1640 3798 1978 3869 Δεσποίνης
2074 3769 2078 3773 ’

857 3867 1030 3948 ego?
1060 3867 1168 3936 τῆς
1192 3867 1511 3923 Θεοτόκουῤ

461 3979 528 4033 Τί
559 3980 723 4036 πάλιν
756 3982 849 4035 ἐπὶ
887 3982 987 4054 τῆς
1015 3982 1118 4053 γῆς
1155 3984 1183 4037 6
1219 3982 1393 4055 μέγας
1442 3982 1693 4054 βούλεται
1733 3985 1979 4058 Γαϐριὴλ

381 4076 557 4147 mihi;
599 4069 711 4146 ἆρα
752 4074 889 4146 πρὸς
932 4074 1080 4146 ἡμᾶς
1121 4069 1282 4139 αὖθις
1320 4074 1594 4145 ἁφίκετος
1632 4076 1810 4137 ποίοις
1839 4077 1979 4131 ἀπο-

383 4167 622 4241 κρῦφοις
671 4167 939 4237 ὑπηρετεί
993 4165 1323 4238 μυστηρίοις
1378 4166 1555 4234 Θεοῦ;
1607 4169 1711 4223 οὐκ
1754 4168 1846 4222 ἐπὶ
1891 4186 1980 4239 μι-

384 4264 568 4334 κροῖς,
621 4260 875 4331 φοϐεροῖς
927 4259 1101 4324 ὅντως
1144 4262 1173 4313 6
1215 4260 1450 4329 ἄγγελος
1495 4260 1830 4317 διακονεῖται
1862 4264 1980 4326 τοῖς

386 4340 802 4424 προστάγμασι.
830 4351 1061 4421 Μεγάλα
1086 4351 1234 4406 ἐστὶν
1257 4352 1403 4426 άπερ
1425 4353 1772 4410 πιστεύεται.
1799 4353 1979 4425 "Amp

387 4443 574 4499 οὐδενὶ
625 4441 897 4514 εὔληπτα,
952 4441 1021 4496 τὰ
1068 4442 1137 4496 δι’
1191 4444 1361 4498 αὐτοῦ
1414 4443 1745 4516 δηλούμενα.
1800 4445 1978 4509 Μόνος

2084 3225 2342 3295 sumpsit,
2369 3225 2632 3285 laudibus
2664 3244 3101 3301 prosequamur;
3135 3246 3237 3303 per
3258 3232 3439 3305 ipsum
3463 3249 3528 3289 ac
3546 3249 3677 3290 cum

2084 3317 2229 3387 ipso,
2262 3316 2414 3375 Patri
2444 3333 2511 3377 ac
2544 3319 2777 3391 Spiritui
2807 3332 3013 3379 sancto
3037 3323 3271 3395 gloriam
3298 3340 3365 3380 ac
3403 3325 3676 3384 honorem

2084 3410 2525 3468 submittentes:
2563 3414 2770 3486 quippe
2818 3431 2986 3486 quem
3034 3417 3230 3474 d'eceat
3276 3419 3418 3485 laus,
3459 3419 3675 3492 magni-

2086 3502 2327 3570 ﬁcentia,
2356 3504 2545 3573 decor,
2592 3522 2745 3564 nunc
2777 3517 2834 3565 et
2875 3524 3116 3582 semper,
3147 3522 3205 3568 et
3236 3513 3293 3568 in
3332 3514 3533 3570 saecula
3570 3530 3678 3571 sm-

2085 3597 2363 3653 culorum.
2398 3598 2598 3655 Amen.

2696 3714 2930 3772 SERMO
2976 3718 3067 3773 ΠΙ.

2156 3806 2222 3865 1η
2248 3805 2636 3863 laudatissima
2665 3807 2763 3862 Dei
2793 3808 3072 3865 Genitri‘cis
3103 3811 3596 3869 Anmmtiationrm.

2156 3987 2200 4042 ι.
2244 3984 2389 4053 Quid
2424 3986 2588 4042 nobis
2630 3986 2834 4041 iterum
2881 3986 2937 4041 in
2986 3995 3134 4043 terra
3166 4001 3398 4057 magnus
3428 3987 3678 4045 vultGa—

2086 4078 2272 4135 briel?
2300 4078 2446 4149 Ergo
2467 4078 2536 4133 ad
2567 4094 2669 4134 nos
2703 4093 2924 4134 rursum
2948 4079 3146 4135 venit?
3166 4079 3435 4146 Qualibus
3469 4081 3678 4136 abditis

2088 4169 2191 4225 Dei
2242 4169 2522 4241 mysteriis
2569 4169 2778 4225 servit?
2827 4171 2950 4226 Non
3002 4171 3338 4237 minoribus,
3398 4172 3494 4227 sed
3537 4181 3670 4222 vero

2088 4262 2396 4318 tremendis
2425 4263 2705 4318 ministrat
2744 4264 3041 4319 mandatis.
3070 4260 3260 4335 Magna
3300 4274 3435 4320 sunt
3472 4281 3594 4335 quae
3623 4267 3675 4320 ei

2091 4354 2421 4410 creduntur.
2450 4355 2626 4411 Nemo
2668 4356 2812 4411 alius
2851 4371 2952 4426 per
2978 4356 3159 4427 ipsum
3201 4356 3481 4413 declarata
3515 4356 3678 4413 facile

2087 4447 2377 4517 percipere
2405 4447 2599 4518 possit.
2632 4448 2697 4503 Ei
2733 4449 2837 4503 soli
2878 4450 3302 4505 committuntur
3332 4464 3547 4505 arcanae
3579 4449 3676 4503 Dei

387 4536 680 4613 οαῤῥεῖται
724 4535 851 4599 τοὺς
880 4536 1159 4606 ἀρρήτους
1190 4535 1295 4606 τῆς
1324 4536 1420 4590 τοῦ
1463 4537 1601 4591 Θεοῦ
1650 4538 1844 4607 σοφίας
1882 4537 1975 4609 οη·

2090 4539 2377 4608 sapientiae
2408 4540 2678 4605 thesauri,
2730 4555 2800 4596 ac
2839 4541 3178 4611 profundum
3221 4542 3679 4613 imperscrutahi-

391 4628 656 4699 σαυροὺς,
703 4627 799 4682 καὶ
855 4626 916 4680 τὸ
974 4625 1136 4697 βάθος
1167 4626 1277 4680 τῶν
1346 4625 1769 4699 άνεξιχνιάστων
1815 4627 1984 4683 αὐτοῦ

390 4719 683 4788 χριμάτων
736 4716 1065 4785 φωτίζεται,
1117 4717 1372 4786 mima
1426 4735 1559 4773 ποτε
1613 4717 1753 4788 πρὸς
1799 4720 1983 4788 ἡμᾶς,

391 4814 489 4868 ἵνα
513 4812 605 4866 τὸν
632 4812 804 4884 ἄνδρα
828 4811 939 4866 τῶν
982 4811 1294 4882 ἐπιθυμιῶν
1341 4810 1596 4883 συνετίσῃ
1642 4811 1862 4883 Δανιὴλ,
1890 4812 1986 4866 καὶ

393 4904 667 4977 βασιλέων
711 4904 901 4975 διδάξῃ
926 4902 1221 4974 ⁹διαδοχὰς,
1268 4904 1365 4958 καὶ
1407 4904 1614 4974 κόσμου
1664 4903 1839 4966 τέλος,
1869 4902 1987 4957 ικαὶ

394 4996 617 5071 δηλώσῃ
645 4997 970 5062 ἀνάστασιν,
1003 4997 1096 5050 καὶ
1126 4997 1309 5069 κρίσιν
1345 4996 1674 5069 προμηνύσῃ
1709 4996 1852 5051 κατὰ
1884 4996 1983 5068 τὴν

388 5088 554 5155 ’τάξιν
610 5089 829 5161 ἑκάστῳ
876 5087 1298 5161 ἀποδιδομένην,
1357 5088 1459 5147 καὶ
1511 5088 1624 5142 τῶν
1679 5088 1987 5160 μελλόντων

392 5180 699 5256 φανερὼσῃ
722 5181 1219 5253 τῆν’ἁποκάλυψιν.
1250 5178 1424 5236 ἾΙλθε
1456 5182 1640 5248 πάλιν,
1675 5184 1776 5252 τὴν
1808 5182 1989 5254 παρά-

389 5278 554 5343 δοξον
583 5277 677 5333 τοῦ
709 5278 854 5334 θείου
888 5277 1202 5333 Βαπτιστοῦ
1236 5278 1495 5349 γέννησιν
1524 5277 1602 5349 τῷ
1633 5279 1800 5348 πατρὶ
1828 5278 1989 5346 εὐαγ-

392 5371 756 5441 γελιζόμενος
782 5411 798 5437 ,

479 5622 691 5678 "Dan.
719 5636 799 5687 Ix,
828 5619 920 5675 23.
997 5621 1041 5652 νδ
1073 5620 1208 5675 Luc.
1260 5636 1299 5684 ι,
1345 5619 1398 5673 8.

852 5372 950 5426 καὶ
1005 5370 1105 5441 τὴν
1159 5370 1228 5424 δι’
1281 5369 1450 5445 αὐτοῦ
1503 5371 1643 5440 πρὸς
1696 5369 1829 5422 Θεὸν
1883 5369 1991 5422 τῶν

394 5451 711 5534 ἀνθρώπων
759 5465 1055 5534 συνάφειαν
1102 5462 1441 5533 ὑποφαίνων.
1494 5462 1605 5515 Καὶ
1639 5461 1747 5532 γάρ
1798 5465 1844 5514 εἰ
1899 5463 1993 5514 καὶ

2089 4630 2228 4685 lium
2270 4631 2395 4702 ejus
2433 4631 2774 4701 judiciorum
2798 4632 3052 4688 docetur.
3085 4634 3166 4688 Ad
3203 4649 3307 4689 nos
3342 4633 3677 4704 quandoque

2090 4723 2266 4791 venit,
2301 4732 2362 4778 ut
2392 4724 2573 4780 virum
2603 4724 3009 4780 desideriorum
3033 4725 3079 4759 ⁸³
3099 4726 3372 4796 sapientia
3405 4725 3675 4785 erudiret.

2090 4818 2428 4888 duceretque
2460 4832 2651 4889 regum
2687 4817 3089 4883 successiones,
3138 4833 3203 4874 ac
3249 4817 3443 4873 mundi
3476 4817 3674 4884 ﬁnem;

2092 4916 2154 4964 ut
2201 4909 2334 4964 item
2386 4909 2852 4971 resurrectionem
2900 4909 3271 4982 signiﬁcaret,
3307 4926 3373 4966 ac
3402 4910 3676 4981 judicium

2090 5001 2293 5072 cuique
2336 5000 2533 5057 ordine
2560 5000 2907 5057 reddendum
2932 5001 3356 5072 praenuntiaret,
3381 5001 3681 5072 futuraque

2092 5091 2386 5147 revelaret.
2425 5090 2585 5148 Venit
2629 5092 2853 5157 iterum,
2894 5100 2956 5147 ut
2985 5091 3299 5148 mirabilem
3351 5091 3529 5147 divini
3579 5092 3683 5147 Ba-

2090 5184 2275 5253 ptista:
2305 5181 2655 5238 nativitatem
2698 5183 2844 5255 patri
2874 5184 3231 5240 annuntiaret
3259 5184 3328 5251 ",
3362 5198 3430 5241 ac
3449 5200 3572 5242 eam
3608 5185 3680 5242 ad

2071 5274 2267 5353 "Deum
2312 5273 2602 5329 hominum
2631 5275 3108 5347 coniunctionem,
3145 5292 3270 5347 quas
3306 5292 3406 5349 per
3436 5292 3566 5334 eum
3590 5276 3682 5333 fu-

2093 5377 2218 5423 tura
2245 5366 2743 5433 esset,'indioaret.
2781 5368 2934 5440 Rogo
2963 5369 3134 5435 enim,
3173 5370 3271 5441 qui
3301 5370 3370 5428 iis
3395 5386 3519 5441 quae
3543 5368 3682 5425 scri-

2094 5468 2187 5531 pta
2222 5468 2357 5517 sunt
2407 5459 2571 5517 ﬁdem
2628 5461 2835 5519 habere
2885 5461 3037 5533 digni
3090 5463 3256 5529 estis,
3303 5463 3682 5531 considerate,

1719 5713 1951 5770 V'ARL‘E
1995 5712 2404 5770 LECTIONES.

480 5822 509 5853 ι
550 5808 750 5878 Ἐγὼν.
784 5810 967 5875 Forte,
995 5810 1133 5864 ὥστε
1174 5809 1246 5879 μὴ
1282 5808 1439 5878 ἐρῶν.
1519 5807 1546 5845 ι’
1583 5806 1733 5863 Orat.
1758 5808 1845 5874 45,
1868 5806 2033 5879 paulo
2062 5814 2188 5863 ante
2229 5807 2413 5862 tinem.

692 5901 965 5962 PATBOL.
1005 5902 1119 5963 Gn.
1162 5901 1262 5961 LX
1278 5898 1494 5960 XXIX.

1928 5982 2005 5993 s—‘l

2068 5974 2106 5993 ⁸.
2130 5983 2219 6006 ..9,-
