4016 6424
268 443 407 510 1397

1083 445 1340 506 SERMO
1381 444 1479 506 IV.
1513 469 1584 482 ⁸-
1609 439 1710 506 ΒΕ
1746 445 2032 506 TRIBUS
2073 447 2728 519 QUADRAGESIMIS.

3417 447 3552 512 i398

261 561 502 624 κοῦντὰς
525 579 577 614 τε
604 578 614 590 ·
636 557 755 614 εἶτα.
779 559 1086 635 είσελεύσῃ,
1102 562 1199 614 καὶ
1219 559 1479 630 ἀπολήψῃ
1504 559 1594 612 τὸν
1626 560 1859 630 ἡτοιμα·
1886 597 1896 615 ε

1977 561 2169 632 injuria
2216 561 2456 616 aﬂ‘ccere
2514 560 2762 628 vexasti,
2805 568 3003 629 postea
3055 558 3342 628 introibis,
3385 571 3554 631 atque

265 654 472 708 σμένον
498 669 580 705 σοι
607 653 790 707 τόπον.
809 651 1148 722 Ἀνενεγκὼν
1170 653 1228 706 δὲ
1251 654 1494 716 καὶτοὺς
1509 653 1863 723 κατενεχθέν-

1964 661 2334 722 praeparatum
2364 653 2463 708 tibi
2495 654 2679 709 locum
2702 651 2960 723 recipies.
2997 670 3016 704 ι
3049 652 3191 706 Tum
3230 667 3327 708 eos
3362 653 3458 723 qui
3497 653 3555 707 in

261 759 372 806 τας
396 744 452 796 ἐν
469 741 546 816 τῷ
569 743 691 816 ᾄδῃ,
716 743 950 816 ἀνῆλθεν
971 747 1049 809 είς
1076 745 1365 816 οὐρανούς·
1386 739 1508 799 εἶτα
1527 745 1862 799 διεστείλατο

1985 744 2245 800 nferuum
2304 746 2531 801 deducti
2578 746 2798 802 fuerant
2844 746 3143 811 reducens,
3195 745 3448 800 ascendit
3499 746 3555 800 in

263 837 295 889 ὁ
325 836 590 900 Φίλιππος
619 837 697 909 τῷ
726 839 1117 910 Βαρθολομαίῳ
1146 839 1240 892 καὶ
1267 841 1333 910 τῇ
1364 838 1692 911 Μαριάμνῃ,
1720 838 1862 892 ὥστε

263 929 446 982 εἰπεῖν
463 925 705 1002 Ἰακώϐῳ
727 931 955 995 καὶτοῖς
977 932 1189 996 λοιποῖς
1212 932 1552 998 ἀποστόλοις,
1568 930 1863 1000 νηστεῦσαι

263 1021 370 1073 καὶ
413 1021 822 1090 προσεύξασθαι
863 1024 994 1094 περ’*⁸
1031 1022 1222 1087 αὐτοῦ,
1256 1023 1678 1094 τεσσαράκοντα
1714 1023 1862 1094 ἡμέ-

267 1127 399 1181 ρας.
432 1114 542 1166 Καὶ
573 1112 750 1178 οὕτως
779 1115 828 1168 οἱ
859 1114 1150 1169 ἀπόστολοι
1188 1117 1327 1170 πᾶσι
1355 1119 1468 1181 τοῖς
1499 1118 1711 1180 πιστοῖς
1740 1133 1866 1168 τεσο

266 1205 591 1276 σαράκοντα
636 1207 861 1278 ἡμερῶν
908 1208 1166 1280 νηστείαν
1203 1204 1300 1263 καὶ
1331 1208 1645 1281 προσευχὴν
1679 1208 1866 1279 διωρί-

270 1311 462 1353 σαντο.
495 1297 606 1352 Καὶ
631 1298 911 1371 ἐφυλάχθη
947 1301 1100 1372 παρὰ
1122 1301 1230 1356 τῶν
1257 1301 1432 1370 ἁγίων
1463 1301 1726 1372 Πατέρων
1769 1299 1868 1353 καὶ⁸

264 1389 384 1442 τῶν
425 1388 472 1454 ζ’
506 1392 905 1463 οἱκουμενικῶν
960 1394 1217 1448 συνόδων.
1277 1395 1389 1447 Καὶ
1493 1392 1864 1464 ἐνομοθετήθη

262 1482 399 1553 οὐχὶ
427 1483 590 1538 πέντε
613 1486 646 1554 ἢ
668 1485 814 1540 ὀκτὼ
844 1486 877 1559 ἢ
903 1486 1278 1558 δέκαήμερῶν
1309 1487 1556 1558 νηστεία,
1589 1485 1868 1540 ἀλλὰτεσ-

265 1592 345 1628 σα
355 1577 612 1646 ρὰκοντα.
631 1578 757 1633 -Τῶν
778 1579 1018 1653 Χριστοῦ
1041 1580 1245 1649 γέννων
1272 1581 1328 1633 δὲ
1351 1580 1590 1648 λέγεται,
1607 1579 1688 1632 ὄτι
1710 1579 1768 1638 ἐν
1789 1577 1869 1649 τῷ

263 1667 426 1720 τέλει
471 1669 581 1723 τῶν
637 1678 690 1740 μ’
749 1671 975 1743 ἡμερῶν
1023 1671 1330 1742 συνέφῦασε
1365 1672 1461 1725 καὶ
1502 1672 1535 1742 ἠ
1601 1671 1870 1741 σωτήριος

267 1758 538 1830 γέννησις
590 1763 684 1816 τοῦ
727 1763 936 1835 Κυρίου
955 1766 1114 1836 ἡμῶν
1152 1763 1329 1834 Ἰησοῦ
1358 1763 1620 1834 Χριστοῦ.
1643 1761 1753 1816 Καὶ
1780 1760 1864 1829 γί-

266 1870 434 1907 νεται
466 1854 560 1909 δύο
587 1856 655 1910 τὰ
681 1857 845 1913 καλά.
879 1857 1204 1930 Πληροῦμεν
1231 1858 1340 1930 γὰρ
1369 1857 1468 1929 τὴν
1490 1856 1600 1911 τῶν
1642 1855 1871 1912 ἀποστό-

1963 840 2156 895 εωιοε.
2194 840 2393 908 Postea
2455 839 2750 910 Philippus
2813 837 3097 894 mandavit
3151 837 3558 893 Bartholoman

1964 947 2030 994 ac
2074 931 2411 1002 Mariamnae,
2439 932 2624 988 dicere
2655 931 2860 988 Jacobo
2887 929 3236 1000 'cacterisque
3267 929 3564 1000 apostolis,

1967 1034 2029 1080 ut
2067 1041 2168 1096 pro
2214 1041 2282 1081 eo
2331 1027 2648 1098 jejunarent
2683 1041 2749 1082 ac
2795 1034 3023 1080 orarent
3049 1039 3150 1095 per
3187 1017 3558 1094 quadraginta

1967 1119 2106 1182 dies.
2137 1119 2314 1190 Atque
2345 1121 2421 1174 ita
2464 1119 2700 1190 apostoli
2746 1117 3116 1191 quadraginta
3159 1117 3380 1172 dierum
3417 1117 3560 1187 jeju-

1968 1212 2125 1268 nium
2163 1222 2219 1268 et
2242 1228 2438 1288 preces
2458 1212 2679 1267 cunctis
2714 1211 2976 1266 ﬁdelibus
3011 1217 3353 1265 statuerunt.
3387 1207 3560 1278 idque

1968 1314 2249 1360 servatum
2280 1304 2387 1360 fuit
2419 1320 2450 1359 a
2477 1303 2686 1360 sanctis
2709 1302 2993 1368 Patribus,
3025 1309 3083 1358 et
3125 1309 3341 1372 septem
3375 1301 3562 1361 conci-

1966 1397 2060 1452 liis
2120 1396 2493 1468 generalibus.
2525 1397 2705 1466 Atque
2761 1395 3052 1449 decretum
3105 1391 3212 1446 fuit
3261 1391 3558 1464 jejunium,

1970 1505 2082 1544 non
2132 1490 2401 1560 quinque,
2432 1489 2520 1544 vel
2574 1497 2724 1552 octo,
2762 1494 2860 1541 aut
2907 1485 3102 1540 decem
3155 1484 3396 1549 dierum,
3463 1481 3559 1538 sed

1971 1581 2356 1652 quadraginta.
2390 1579 2631 1635 Vocatur
2695 1587 2883 1636 autem
2930 1577 3141 1634 Natalis
3167 1575 3375 1632 Christi
3412 1576 3560 1646 jeju-

1973 1675 2150 1739 nium,
2188 1674 2319 1744 quia
2361 1673 2423 1737 in
2460 1671 2568 1728 [ine
2614 1672 2836 1727 dierum
2901 1669 3269 1741 quadraginta
3315 1668 3564 1722 occurrit

1975 1769 2236 1825 salutaris
2292 1768 2568 1823 Nativit—as
2604 1765 2846 1832 ,‘Domini
2897 1764 3074 1820 nostri
3136 1763 3271 1820 Jesu
3329 1759 3559 1817 Christi.

1977 1863 2210 1933 Duoque
2251 1860 2396 1916 bona
2425 1865 2790 1930 peraguntur.
2821 1853 2959 1914 Nam
2997 1854 3359 1925 exsequimur
3394 1849 3566 1907 tradi-

267 1943 390 2000 λων
415 1947 734 2018 παράδοσιν,
763 1952 856 2004 καὶ
886 1923 1376 2022 προκαθαιρόμεθα
1403 1923 1482 2014 εἰς
1506 1949 1750 2020 ὑπαντὴν
1774 1949 1868 2003 καὶ

1977 1955 2182 2010 tionem
2238 1952 2642 2026 apostolorum,
2689 1948 2977 2018 simulque
3034 1959 3458 2018 praepurgamur
3505 1943 3563 1998 in

271 2041 658 2113 προσκύνησιν
685 2044 798 2098 ατοῦ
843 2045 909 2098 ἐκ
954 2043 1054 2114 τῆς
1081 2045 1242 2114 ἁγίας
1290 2043 1556 2098 Θεοτόκου
1595 2042 1690 2096 καὶ
1731 2042 1872 2095 Ἀει-

237 2131 556 2204 ,παρθένου
633 2134 974 2206 ἀρῤυπὰρως
1035 2139 1130 2192 καὶ
1200 2137 1460 2208 ἀρρήτως
1515 2132 1872 2205 γεννηθέντος

288 2225 472 2296 Ἰησοῦ
499 2228 735 2299 Χριστοῦ
768 2228 862 2282 τοῦ
897 2229 1102 2298 Κυρίου
1126 2229 1304 2299 ἡμῶν.

366 2319 432 2371 Ἡ
459 2319 517 2372 δὲ
549 2320 685 2390 μετὰ
709 2321 808 2392 τὴν
840 2323 1224 2392 Πεντηκοστὴν
1255 2320 1484 2391 νηστεία
1540 2319 1682 2390 αῦτη
1722 2320 1872 2373 ἐστὶν

275 2412 317 2482 ή
350 2412 407 2464 ὲν
439 2415 560 2475 ταῖς
598 2414 887 2480 Διατάξεσι
930 2413 1042 2469 τῶν
1072 2415 1246 2482 ἁγίων
1270 2413 1590 2469 ἀποστόλων
1614 2412 1868 2484 ῥηθεῖσα.

277 2507 426 2558 Φασὶ
456 2505 563 2577 γὰρ
595 2507 654 2559 ὲν
680 2507 932 2571 ταύταις,
959 2508 1042 2562 ὅτι
1071 2527 1089 2560 ι
1131 2505 1288 2562 Μετὰ
1333 2508 1435 2578 τὴν
1487 2505 1873 2576 Πεντηκοστὴν

279 2598 588 2670 ἑορτάσατε
614 2597 888 2672 ἑϐδομάδα
917 2602 1072 2670 μίαν,
1099 2603 1197 2656 καὶ
1234 2602 1353 2674 μετ’
1391 2599 1613 2670 ἐκείνην
1635 2597 1871 2670 νηστεύ-

280 2708 440 2746 σατε.
475 2692 694 2747 Δίκαιον
764 2693 872 2766 γὰρ
934 2694 1310 2766 εὐφρανθῆναι
1364 2694 1460 2748 ἐπὶ
1501 2695 1570 2766 τῇ
1601 2691 1697 2746 τοῦ
1735 2690 1870 2746 Θεοῦ

272 2780 484 2850 δωρεᾷ,
520 2784 614 2836 καὶ
656 2785 795 2853 μετὰ
848 2784 948 2855 τὴν
994 2785 1182 2840 ἄνεσιν
1233 2782 1554 2854 νηστεῦσαι.
1599 2784 1709 2838 Καὶ
1763 2782 1872 2852 γὰρ

271 2875 380 2926 καί
405 2875 650 2946 Μωῦσῆς
681 2877 778 2930 καὶ
819 2877 1008 2940 Ἠλίας
1047 2878 1381 2948 ὲνήστευσαν
1410 2874 1626 2948 ἡμέρας
1672 2890 1872 2926 τεσσα-

274 2965 550 3039 ράκοντα,
577 2969 673 3023 καὶ
716 2969 918 3040 Δανιὴλ
959 2969 1262 3041 ἑϐδομάδας
1297 2970 1450 3040 τρεῖς
1483 2967 1648 3037 ἄρτον
1681 2965 1872 3018 ἐπιθυ-

273 3061 431 3132 μιῶν
461 3063 560 3116 οὐκ
589 3061 784 3133 ἔφαγε,
810 3064 904 3118 καὶ
933 3063 1103 3134 κρέας
1129 3103 1143 3124 .
1179 3064 1275 3115 καὶ
1309 3057 1447 3124 οἶνος
1480 3061 1581 3114 οὐκ
1619 3057 1872 3128 εἰσῆλθεν

271 3154 368 3216 εἰς
386 3155 448 3205 τὸ
467 3153 646 3224 στόμα
670 3155 863 3209 αὑτοῦ.
887 3174 907 3208 ι
943 3156 1300 3227 Ἐνηστεύετο
1321 3151 1615 3223 τοιγαροῦν
1637 3150 1874 3223 ἡτοιαύ-

1971 2060 2269 2104 occursum
2298 2054 2355 2103 et
2381 2044 2768 2100 adorationem
2795 2043 2925 2100 Jesu
2966 2037 3178 2097 Christi
3205 2037 3427 2094 Domini
3460 2052 3563 2092 no-

1973 2141 2094 2206 stri,
2126 2139 2223 2211 qui
2244 2153 2312 2193 ex
2335 2145 2525 2195 sancta
2555 2137 2652 2192 Dei
2673 2135 2956 2193 Genitrice
2977 2149 3310 2205 semperque
3349 2130 3566 2202 virgine

1973 2233 2183 2304 absque
2199 2231 2413 2287 macula
2434 2237 2494 2286 et
2520 2228 2884 2284 ineﬂ'abiliter
2909 2234 3076 2283 natus
3099 2233 3202 2281 est.

2043 2325 2318 2381 Caeterum
2379 2321 2530 2394 quod
2585 2320 2950 2390 subsequitur
3005 2318 3376 2374 Pentecosten
3419 2316 3567 2387 jeju-

1973 2417 2128 2473 nium
2152 2416 2334 2486 ipsum
2364 2423 2450 2471 est
2477 2415 2547 2470 de
2580 2429 2694 2485 quo
2741 2412 2926 2485 agitur
2963 2411 3018 2466 in
3051 2407 3567 2466 Constitutionibus

1974 2517 2296 2562 sanctorum
2347 2503 2748 2574 apostolorum.
2797 2500 2971 2556 Aiunt
3025 2497 3232 2569 quippe
3285 2497 3344 2550 in
3400 2495 3562 2550 illis:

1979 2616 1997 2650 ι
2038 2600 2168 2654 Ροει
2193 2598 2586 2661 Pentecosten,
2614 2595 2898 2650 celebrate
2930 2590 3348 2647 hebdomadam
3371 2603 3564 2651 unam,

1973 2699 2030 2747 et
2063 2699 2186 2760 post
2211 2673 2360 2744 illam
2382 2688 2652 2760 jejunate.
2681 2686 2924 2758 {Equum
2947 2685 3098 2740 enim
3117 2693 3224 2748 est,
3260 2691 3323 2736 ut
3351 2679 3419 2736 de
3444 2696 3570 2734 mu-

1975 2799 2108 2840 nere
2134 2783 2231 2838 Dei
2275 2781 2564 2855 lactemini,
2600 2779 2823 2850 ac‘post
2854 2777 3244 2836 remissionem
3273 2761 3564 2846 jejunetis.

1975 2875 2262 2946 Siquidem
2282 2873 2496 2946 Moyses
2525 2880 2583 2928 et
2609 2872 2762 2928 Elias
2779 2872 3178 2943 jejunaverunt
3207 2865 3573 2939 quadraginta

1976 2969 2216 3035 diebus;
2248 2975 2306 3024 et
2336 2965 2527 3023 Daniel
2562 2965 2742 3021 tribus
2783 2962 3154 3021 hebdomadis
3179 2975 3382 3032 panem
3421 2957 3572 3014 desi-

1976 3045 2263 3116 deriorum
2290 3074 2402 3113 non
2452 3057 2731 3123 comedit,
2785 3065 2843 3113 et
2900 3071 3030 3112 caro
3081 3070 3147 3110 ac
3205 3053 3400 3108 vinum
3462 3067 3572 3107 non

1979 3151 2318 3208 introierunt
2365 3150 2421 3205 in
2483 3165 2548 3207 os
2600 3149 2723 3220 ejus
2757 3148 2798 3204 ".
2837 3167 2856 3200 ι
2891 3147 3257 3219 Jejunabatur
3285 3159 3421 3216 ergo
3469 3143 3577 3198 hoc

270 3262 354 3318 τη
421 3246 672 3318 νηστεία,
711 3249 877 3320 μέχρι
915 3249 1015 3319 τῆς
1067 3248 1378 3318 κοιμήσεως
1407 3246 1509 3318 τῆς
1553 3246 1822 3299 Θεοτόκου
1856 3260 1871 3275 ⁸

1977 3245 2271 3318 jejuni-um,
2303 3258 2483 3315 usque
2511 3242 2582 3297 ad
2607 3240 3009 3297 Dormitionem
3053 3255 3152 3295 seu
3183 3239 3415 3298 Mortem
3449 3235 3576 3291 Dei-

272 3340 396 3396 ὕπὸ
423 3343 479 3396 δὲ
508 3344 617 3397 τῶν
643 3344 816 3414 ἁγίων
858 3344 1120 3416 Πατέρων
1157 3344 1223 3397 δι’
1249 3343 1565 3414 οἰκονομίαν
1594 3341 1834 3411 ἐξεκόπη
1859 3355 1874 3370 ⁸

274 3436 490 3507 τὸμὲν,
509 3436 598 3491 διὰ
622 3437 681 3491 τὸ
697 3445 724 3474 ι
747 3436 1162 3508 παρεμπίπτειν
1177 3438 1296 3500 ταῖς
1314 3434 1553 3498 ἐθνικαῖς
1575 3433 1875 3505 νηστείαις,

280 3529 409 3602 ἠως
459 3530 784 3602 Ἀρμενίων,
834 3529 1190 3594 Ἰακωὸιτῶν,
1227 3527 1630 3600 Νεστοριανῶν,
1697 3524 1778 3578 ἔτι
1824 3523 1880 3578 δὲ

282 3623 558 3688 πολλάκις
590 3625 686 3678 καὶ
725 3623 1087 3697 Ἰσμαηλιτῶν
1116 3639 1130 3652 ·
1170 3622 1231 3675 τὸ
1265 3622 1344 3686 δὲ,
1375 3621 1452 3686 ὡς
1473 3621 1670 3694 ἔμοιγε
1704 3635 1877 3672 κατα-

287 3715 582 3787 φαίνεται,
603 3717 699 3770 καὶ
721 3717 810 3771 διὰ
849 3716 951 3786 τὴν
981 3715 1280 3784 ὀλιγωρίαν
1315 3713 1412 3768 καὶ
1462 3714 1524 3766 τὸ
1555 3710 1880 3782 ἀπρόθυμον

286 3808 406 3863 τῶν
435 3807 760 3881 ἀνθρώπων.
808 3805 1098 3878 Ἐτυπώθη
1129 3807 1209 3872 δὲ,
1239 3807 1369 3877 ἄχρι
1399 3805 1498 3874 τῆς
1529 3805 1727 3875 ἑορτῆς
1773 3800 1896 3856 τῶν·

291 3901 471 3971 ἁγίων
513 3901 828 3956 ἀποστόλων
872 3899 1157 3972 νηστεύειν
1180 3915 1195 3930 ·
1229 3897 1329 3953 εἷθ’
1377 3898 1551 3961 οὕτως
1589 3894 1879 3978 ὲπιλύεινς

295 3988 424 4048 εἶτα
453 3995 548 4047 ἀπ’
578 3995 753 4076 ἀρχῆς
780 3992 1099 4062 Αὐγούστου
1121 3990 1434 4063 νηστεύειν,
1468 3990 1602 4061 ἄχρι
1621 3989 1724 4059 τῆς
1749 3990 1880 4042 Κοι-

1978 3353 2169 3408 parte;
2205 3351 2400 3392 verum
2430 3351 2462 3390 a
2497 3334 2708 3405 sanctis
2755 3332 3014 3388 Patribus
3056 3347 3155 3402 per
3207 3328 3576 3388 oeconomiam

1983 3439 2040 3486 et
2063 3427 2534 3499 dispensationem
2561 3426 2891 3481 intercisum
2919 3433 3004 3480 est
3037 3466 3053 3492 ,
3091 3423 3296 3495 partim
3317 3421 3449 3492 quia
3484 3420 3576 3476 in-

1984 3521 2249 3588 currebat
2293 3521 2352 3576 in
2401 3520 2611 3593 jejunia
2654 3519 2910 3586 ethnica,
2981 3532 3080 3573 seu
3146 3513 3576 3580 Armeniorum,

1981 3615 2390 3680 Jacobitarum,
2405 3611 2890 3684 Nestorianorum,
2911 3599 3205 3680 adhucque
3240 3621 3385 3676 sazpc
3408 3605 3578 3661 etiam

1983 3707 2428 3774 lsmaelitarum;
2457 3705 2686 3778 partim,
2712 3719 2835 3760 mea
2860 3702 3088 3774 quidem
3117 3701 3416 3768 sententia,
3453 3715 3581 3771 pro-

1994 3811 2119 3873 pter
2165 3800 2456 3855 hominum
2499 3798 2897 3870 negligentiam
2947 3795 3237 3866 animique
3287 3793 3581 3848 relaxatio-

1989 3909 2140 3962 nem.
2187 3891 2473 3952 Sancitum
2526 3898 2715 3946 autem
2745 3888 2874 3954 fuit,
2903 3903 3081 3958 usque
3110 3885 3180 3942 ad
3215 3886 3416 3942 festum
3451 3899 3580 3940 san-

1989 3996 2208 4044 ctorum
2230 3986 2610 4058 apostolorum
2625 3985 2878 4058 jejunare
2899 4001 2915 4049 ;
2939 3983 3130 4052 sicque
3151 3991 3344 4053 postea
3364 3978 3579 4034 solvere

300 4085 526 4156 μήσεως
571 4072 671 4156 τῆς
691 4085 983 4151 Θεοτὸκου,
1015 4085 1113 4139 καὶ
1138 4085 1304 4139 πάλιν
1336 4080 1601 4147 διαλύειν,
1631 4081 1726 4134 καὶ
1759 4081 1883 4136 τότε

1985 4077 2304 4150 jejunium;
2339 4075 2470 4132 dein
2513 4074 2584 4131 ab
2633 4073 2792 4129 initio
2826 4072 3058 4145 Augusti
3093 4073 3344 4144 jejunare
3403 4083 3602 4158 usque.

296 4178 528 4251 ἔχοντας
574 4177 978 4250 παρακέλευσιν
1019 4165 1101 4232 ’ὲκ
1140 4176 1249 4232 τῶν
1281 4174 1657 4231 ἁποστολικῶν
1686 4174 1882 4228 Διατὰο

299 4268 360 4336 ξε
368 4285 462 4324 ων.

376 4527 396 4558 τ
431 4525 556 4581 Lib.
598 4541 652 4592 ν,
677 4540 798 4597 cap.
832 4524 937 4580 ult.

1991 4171 2061 4227 ad
2091 4169 2316 4226 Obilum
2351 4169 2631 4239 Deiparm;
2667 4168 2985 4236 iterumque
3014 4165 3233 4221 solvere
3262 4164 3534 4236 jejunium
3562 4202 3580 4228 ,

1992 4267 2160 4322 etiam
2214 4272 2349 4320 tunc
2394 4265 2550 4336 juxta
2618 4259 3060 4320 admonitionem
3102 4256 3579 4316 Constitutionmu

1995 4359 2450 4434 apostolicarum.

1605 4635 1835 4692 νΑιιιιιΕ
1866 4633 2160 4693 LECTION
2170 4634 2269 4691 ES.

383 4771 413 4805 κ
437 4783 564 4835 ιῖυίι.
