4016 6428
464 384 600 454 1403

529 506 710 563 Catec.
741 504 885 574 Quid
913 514 1002 563 est
1034 505 1221 562 Deus?

528 599 744 655 Catech.
772 598 831 653 Si
875 599 962 654 vis
1005 614 1169 654 nosse
1226 600 1362 671 quid
1407 601 1479 657 sit
1512 600 1659 657 Deus
1693 608 1749 656 et
1774 601 2056 673 quomodo

460 693 534 749 sit
579 692 920 757 adorandus,
950 676 1164 749 attente
1219 695 1493 762 ausculta,
1534 704 1591 750 et
1621 694 1910 751 veritatem
1958 710 2055 750 co-

392 796 393 799 ‘
458 801 688 856 gnosce.
733 785 935 851 Patris,
984 786 1112 841 Filii
1150 795 1208 842 et
1262 785 1507 858 Spiritus
1548 787 1726 844 sancti
1766 802 1940 842 unum
1969 794 2058 843 est

458 879 785 945 consilium,
827 879 1106 950 sapientia
1155 896 1288 946 una,
1343 881 1592 951 potentia
1640 897 1750 936 una
1815 900 1828 935 :
1873 896 2058 951 neque

459 987 610 1027 unus
627 970 855 1042 quidem
883 971 1100 1027 exstitit
1129 980 1261 1027 ante
1308 974 1530 1037 saecula,
1564 974 1709 1029 alter
1758 989 1894 1029 vero
1932 981 2059 1044 post

457 1065 687 1130 sarcula,
753 1064 854 1120 sed
914 1064 1081 1120 simul
1136 1065 1326 1131 Pater,
1367 1074 1425 1121 et
1474 1064 1672 1130 Filius,
1714 1074 1772 1121 et
1813 1065 2060 1136 Spiritus

463 1165 726 1212 sanctus:
757 1156 931 1213 Filius
966 1157 1022 1211 in
1052 1157 1237 1222 Patre,
1281 1165 1339 1213 et
1373 1156 1617 1228 Spiritus
1656 1158 1714 1213 in
1763 1158 1925 1226 Filio,
1959 1174 2055 1215 co-

462 1248 640 1305 lueret
670 1249 819 1304 enim
848 1249 967 1304 haec
985 1258 1183 1304 natura
1202 1234 1232 1315 ;¹
1254 1250 1404 1306 unde
1440 1266 1549 1306 una
1578 1258 1665 1306 est
1729 1260 1952 1317 natura,
2000 1262 2059 1309 et

466 1356 575 1396 una
602 1340 787 1395 Deitas
819 1357 833 1394 :
865 1340 1128 1396 distincta
1181 1342 1407 1412 quidem
1441 1341 1498 1396 in
1559 1350 1670 1398 tres
1708 1342 2054 1415 hypostascs,

457 1433 560 1489 sed
595 1433 652 1488 in
683 1431 949 1489 unitatem
980 1448 1300 1501 occurrens,
1332 1434 1527 1491 habitu
1547 1437 1803 1492 essentia:
1820 1438 2055 1494 ratione.

460 1522 676 1577 Idcirco
724 1523 894 1578 etiam
923 1539 1050 1579 cum
1107 1524 1329 1589 Patrem
1387 1526 1649 1592 dicimus,
1680 1538 1739 1583 et
1767 1527 1964 1584 Filium
1996 1545 2061 1584 ac

456 1612 731 1683 Spiritum
766 1624 1019 1670 sanctum
1066 1615 1418 1686 proﬁtemur,
1450 1617 1675 1672 unicum
1720 1618 2062 1674 Deumdici-

461 1720 607 1761 mus.
640 1706 741 1761 Est
772 1721 905 1760 vero
931 1704 1079 1762 Deus
1118 1722 1416 1762 commune
1446 1722 1651 1762 nomen
1680 1708 1853 1773 Patri,
1893 1709 2056 1773 Filio,

456 1805 520 1852 et
551 1796 782 1867 Spiritui
816 1808 1011 1854 sancto
1045 1796 1249 1855 :Pater
1286 1814 1442 1867 vero,
1482 1807 1541 1855 et
1570 1798 1765 1865 Filius,
1792 1808 1851 1856 et
1878 1799 2059 1870 Spiri-

454 1899 553 1945 tus
577 1900 824 1957 sanctus,
852 1908 963 1948 non
994 1901 1125 1948 sunt
1155 1892 1475 1949 communia
1505 1893 1756 1961 nomina,
1796 1894 1894 1950 sed
1926 1909 2061 1965 pro-

456 1982 599 2051 prim
626 1982 975 2054 singulorum
1005 1984 1352 2057 hypostases.
1387 1984 1553 2039 Pater
1582 1985 1733 2039 enim
1756 2000 1869 2040 non
1916 1984 2059 2040 dici-

462 2084 555 2130 tur
579 2074 777 2141 Filius,
808 2091 915 2132 nec
962 2076 1137 2133 Filius
1181 2076 1392 2131 dicitur
1425 2076 1611 2142 Pater,
1650 2064 1772 2131 nec
1820 2074 2062 2146 Spiritus

458 2175 688 2223 sanctus
714 2174 944 2223 vocatur
998 2168 1161 2225 Pater
1187 2176 1284 2224 aut
1306 2166 1480 2222 Filius
1516 2183 1531 2221 :
1564 2176 1624 2223 at
1658 2166 1806 2222 Deus
1839 2181 2060 2239 semper

442 2259 706 2343 ’Trinitas
745 2260 1074 2332 appellatur.
1133 2260 1326 2331 Itaque
1379 2274 1509 2315 cum
1561 2266 1677 2315 tres
1733 2259 2059 2332 bypostases

456 2354 579 2410 sive
603 2361 718 2410 tres
741 2369 1010 2426 personas
1033 2354 1294 2421 dicimus,
1317 2368 1432 2409 non
1465 2352 1708 2409 dicimus
1726 2360 1842 2409 tres
1867 2370 2060 2410 essen-

460 2449 569 2504 tias
597 2449 715 2504 sive
771 2461 886 2505 tres
912 2456 1167 2516 naturas,
1195 2448 1314 2506 sive
1347 2456 1463 2507 tres
1503 2444 1641 2502 deos
1680 2464 1695 2501 ε
1743 2445 1842 2503 sed
1880 2461 2057 2501 unum

455 2542 660 2607 Deum,
696 2557 864 2597 unam
887 2541 1211 2606 essentiam,
1236 2542 1354 2599 sive
1391 2558 1561 2599 unam
1593 2548 1853 2598 naturam
1884 2536 2056 2610 proﬁ-

456 2643 665 2703 temur,
690 2650 762 2691 ne
794 2634 1183 2692 arianizemus.
1207 2635 1278 2691 Et
1298 2652 1494 2694 rursus
1522 2651 1649 2694 cum
1678 2649 1848 2690 unam
1866 2647 2058 2690 essen-

461 2726 596 2781 tiam
650 2725 770 2782 sive
803 2734 1063 2782 naturam
1112 2727 1374 2795 dicimus,
1423 2743 1540 2784 non
1606 2726 1848 2783 dicimus
1884 2738 2061 2780 unam

457 2816 826 2890 bypostasim,
882 2833 956 2873 ne
1007 2817 1499 2876 sabellianizemus
1552 2835 1569 2874 :
1623 2817 1723 2874 sed
1778 2825 1893 2873 tres
1947 2814 2054 2886 hy-

456 2917 715 2980 postases
764 2910 882 2966 sive
939 2918 1052 2967 tres
1100 2926 1371 2981 personas
1409 2911 1467 2967 in
1491 2926 1601 2967 uua
1621 2909 1849 2975 deitate,
1888 2922 2054 2963 unam

457 3002 762 3059 essentiam
793 3011 851 3058 et
879 3010 1140 3079 naturam
1169 3004 1472 3061 credimus.
1504 3004 1604 3065 Est
1642 3013 1829 3059 autem
1881 3001 2052 3066 Deus,

458 3095 704 3151 essentia
754 3111 880 3167 qua:
936 3110 1159 3153 omnem
1223 3096 1751 3169 contemplationem
1803 3101 2051 3165 superat,

1598 394 1660 455 S.
1701 393 2106 456 ANASTASII
2148 397 2622 461 ANTIOCHENI

2082 515 2129 571 Δ
2232 510 2300 566 Τί
2333 514 2461 567 ἐστι
2504 514 2673 581 Θεός;

2196 238 2227 247 ,κ

3609 407 3730 477 1404

2231 603 2295 658 Ei
2331 604 2509 669 θέλεις
2533 605 2740 673 γνῶναι
2774 605 2827 659 τί
2849 606 2964 661 ἐστι
2991 608 3125 673 Θεὸς
3149 609 3245 664 καὶ
3274 599 3395 675 πῶς
3414 594 3733 683 προσκυνεῖ-

2157 711 2273 759 ται,
2307 695 2547 755 ἄκουσον
2576 698 2866 768 νουνεχῶς,
2909 700 3004 753 καὶ
3036 701 3209 769 γνῶθι
3249 702 3313 755 τὸ
3344 703 3570 774 ἀληθές.

2233 788 2473 860 Πατρὸς,
2505 788 2658 851 Υἱοῦ,
2710 790 2804 844 καὶ
2846 790 3005 859 ἁγίου
3047 791 3368 865 Πνεύματος
3412 793 3581 867 βουλὴ
3626 795 3732 866 μία,

2162 880 2326 949 σοφία
2364 880 2486 951 μία,
2526 881 2624 953 μία
2657 881 2911 954 δύναμις.
2943 884 3059 955 Οὐχ
3093 886 3123 939 6
3150 885 3252 956 μὲν
3299 886 3404 955 πρὸ
3448 886 3681 952 αἰώνων,
3709 890 3735 941 6

2159 968 2219 1021 δὲ
2252 969 2372 1039 μετ’
2401 968 2632 1036 αἰῶνκ,
2681 971 2796 1025 ἀλλ’
2829 971 2951 1043 ἅμα
2985 972 3179 1047 Πατὴρ
3202 1014 3219 1040 ,
3266 975 3394 1041 Υίὸς
3457 976 3556 1030 καὶ
3591 978 3736 1046 ἅγιον

2161 1060 2412 1132 Πνεῦμα,
2439 1061 2570 1126 Υἱὸς
2604 1064 2661 1117 ὲν
2699 1063 2881 1137 Ιῐατρὶ
2902 1066 2999 1120 καὶ
3047 1066 3276 1138 Πνεῦμα
3312 1067 3372 1121 ὲν
3415 1067 3541 1139 Υἱῷ
3569 1086 3585 1102 ο
3617 1087 3735 1125 συν-

2160 1148 2336 1217 ῆπται
2369 1148 2478 1222 γὰρ
2524 1152 2559 1223 ἡ
2607 1151 2792 1222 φύσις.
2818 1153 2986 1210 Ὅθεν
3023 1156 3123 1228 μία
3156 1157 3190 1228 ἡ
3233 1156 3399 1227 φύσις
3433 1159 3533 1214 καὶ
3575 1159 3669 1230 μία
3707 1161 3735 1230 ἠ

2161 1238 2376 1309 θεότης·
2415 1239 2779 1314 διαιρουμένη
2824 1244 2924 1316 μὲν
2959 1246 3040 1309 είς
3084 1246 3213 1318 τρία
3257 1246 3346 1301 διὰ
3373 1247 3481 1311 τὰς
3511 1250 3739 1304 ὑποστά-
3812 1310 3815 1315 _

2164 1348 2300 1398 σεις,
2336 1333 2417 1397 είς
2467 1334 2674 1403 μονάδα
2704 1335 2775 1388 δὲ
2818 1337 3148 1391 καταντῶσα
3193 1338 3284 1393 διὰ
3310 1339 3401 1393 τὸν
3429 1340 3535 1408 τῆς
3565 1341 3740 1407 οὐσίας

2160 1423 2339 1491 λόγον,
2372 1426 2470 1479 Διὰ
2513 1424 2674 1481 τοῦτο
2705 1428 2802 1482 καὶ
2829 1429 3054 1500 Πατέρα
3080 1430 3335 1499 λέγοντες
3368 1433 3627 1486 καὶΎίὸν
3654 1433 3738 1489 καί

2161 1517 2388 1588 Πνεῦμα
2416 1510 2577 1587 ’ἅγιον
2603 1520 3019 1591 ὁμολογοῦντες,
3053 1522 3152 1577 ἕνα
3181 1522 3318 1579 Θεὸν
3347 1524 3608 1597 λέγομεν.

2232 1608 2306 1663 Τὸ
2327 1610 2385 1665 δὲ
2406 1610 2540 1676 Θεὸς
2569 1611 2746 1678 ὄνομα
2773 1614 2958 1683 κοινόν
2986 1615 3104 1667 ἐστι
3129 1613 3225 1668 τοῦ
3256 1617 3498 1687 Πατρὸς,
3535 1616 3631 1670 καὶ
3654 1615 3738 1670 τοῦ

2161 1699 2295 1753 Υίοῦ
2326 1701 2425 1755 καὶ
2466 1700 2560 1755 τοῦ
2606 1701 2765 1770 ἁγίου
2815 1703 3161 1776 Πνεύματος.
3192 1706 3268 1760 Τὸ
3305 1706 3363 1760 δὲ
3405 1707 3625 1779 Πατὴρ,
3658 1708 3739 1760 καὶ

2162 1794 2293 1859 Υἱὸς
2338 1794 2434 1849 καὶ
2488 1781 2652 1865 ἆγιον
2696 1796 2948 1868 Πνεῦμα,
2993 1800 3057 1853 ού
3109 1799 3268 1854 κοινὰ
3313 1799 3590 1871 ὀνόματα,
3636 1800 3737 1855 ἀλλ’

2090 1858 2133 1914 Β
2166 1858 2304 1948 ἰδίας
2343 1858 2584 1938 ἑκάστου
2619 1858 3001 1953 ὑποστάσεως.
3046 1887 3105 1943 '0
3130 1889 3241 1962 γὰρ
3275 1858 3471 1964 Πατῆρ
3504 1858 3741 1959 οὖνλέγε-

2160 1994 2251 2030 ται
2283 1976 2436 2047 Υἱὸς,
2487 1977 2586 2031 xal
2622 1978 2652 2031 6
2701 1979 2832 2042 Υἱὸς
2879 1980 2942 2035 οὐ
2990 1980 3217 2052 λέγεται
3262 1984 3492 2056 Πατήρ’
3543 1985 3639 2040 καὶ
3687 1986 3739 2040 τὸ

2161 2068 2391 2141 Πνεῦμα
2417 2069 2479 2123 τὸ
2522 2068 2703 2140 ἅγιον,
2746 2070 2873 2128 οὕτε
2902 2073 3118 2147 Πατὴρ,
3154 2074 3278 2129 οὔτε
3310 2076 3447 2141 Υίὸς
3474 2093 3740 2149 προσαγο-

2165 2162 2412 2231 petierat.
2452 2162 2587 2227 Θεὸς
2610 2164 2666 2218 δὲ
2690 2165 2777 2219 ἀεὶ
2814 2169 2848 2238 ἡ
2885 2167 3058 2240 Τριὰς
3093 2160 3455 2240 ὀνομάζεταιξ
3485 2170 3739 2240 Δέγοντες

2159 2250 2255 2310 οὖν
2285 2257 2437 2327 τρεῖς
2468 2256 2820 2325 ὑποστάσεις,
2850 2259 2969 2330 ἤτοι
3006 2259 3280 2331 πρόσωπα
3306 2261 3462 2334 τρία,
3494 2261 3556 2317 οὐ
3597 2261 3740 2330 λέγο-

2163 2366 2266 2420 μεν
2298 2351 2451 2422 τρεῖς
2473 2350 2686 2419 οὐσίας,
2714 2350 2930 2423 ἥτρεῖς
2958 2352 3172 2422 φύσεις,
3198 2353 3230 2425 ἢ
3259 2354 3421 2419 θεοὺς
3442 2357 3615 2427 τρεῖς,
3637 2354 3738 2409 ἀλλ’

2158 2440 2260 2496 ενα
2289 2442 2445 2508 Θεὸν,
2474 2442 2607 2513 μίαν
2637 2443 2850 2509 ούσίαν,
2877 2445 2997 2516 ἦτοι
3022 2444 3209 2514 φύσιν,
3240 2445 3640 2517 ὁμολογοῦμεν,
3663 2446 3739 2501 ἕνα

2162 2535 2240 2605 μὴ
2285 2536 2709 2608 ἁρειανίσωμεν.
2747 2536 3018 2607 Λέγοντες
3063 2539 3123 2592 δὲ
3176 2539 3308 2611 μίαν
3358 2540 3576 2608 οὐσίαν,
3629 2542 3737 2612 ἦτοι

2161 2626 2345 2696 φύσιν,
2382 2630 2444 2681 οὐ
2479 2626 2717 2699 λέγομεν
2751 2629 2887 2701 μίαν
2929 2630 3247 2698 ὑπόστασιν,
3281 2632 3372 2687 ἴνα
3422 2632 3500 2706 μὴ
3555 2633 3738 2687 σαύελ-

2158 2718 2519 2791 λιανίσωμεν.
2571 2720 2738 2776 Ἀλλὰ
2787 2724 2942 2794 τρεῖς
2997 2722 3371 2792 ὑποστάσεις,
3440 2725 3563 2798 ἦτοι
3618 2724 3735 2797 τρία

2158 2811 2456 2883 πρόσωπα,
2509 2814 2567 2867 ὲν
2625 2815 2728 2886 μιᾷ
2782 2814 3239 2886 θεότητι,ούσίαν
3282 2818 3420 2889 μίαν
3449 2819 3545 2873 καὶ
3587 2819 3736 2889 φύσιν

2160 2904 2518 2977 πιστεύομεν.
2556 2906 2692 2971 Θεὸς
2724 2911 2875 2964 ἐστιν
2918 2908 3236 2981 ἀθεώρητος
3255 2911 3443 2980 οὐσία,
3472 2910 3735 2975 ἀκατάλη-

2159 3013 2295 3061 πτος
2349 2996 2475 3063 νοῦς
2501 3041 2517 3067 ,
2574 2999 2863 3071 ἀμήχανον
2913 3001 3154 3071 κάλλος,·
3188 3003 3430 3076 ἀόρατον
3498 3004 3733 3076 μέγεθος,

2158 3090 2522 3161 ἀπερινόητος
2588 3091 2732 3157 δόξα.
2788 3093 2917 3158 Υίός
2960 3094 3127 3151 ’ἐστιν
3188 3098 3436 3171 ἄρρητον
3473 3099 3726 3171 γέννημα,

458 3200 623 3242 mens
653 3200 778 3258 quae
808 3186 1209 3258 comprehendi
1234 3187 1456 3260 nequit,
1487 3185 1853 3259 pulchritudo
1891 3185 2053 3256 cujus

2158 3179 2473 3273 apu‘flsuro;
2494 3181 2673 3252 λόγος,
2705 3185 3125 3260 ἀνυπέρϐλητος
3149 3187 3297 3258 νοῦς,
3323 3190 3732 3273 ἀπαράλλακτος

459 3277 607 3335 ratio
633 3287 761 3336 ante
807 3279 960 3336 nulla
1006 3279 1137 3335 iniri
1174 3288 1379 3351 potest,
1407 3278 1733 3351 magnitudo
1757 3293 1880 3349 qua:
1900 3275 2054 3332 cerni

456 3386 573 3427 non
606 3371 803 3444 possit,
828 3373 1008 3443 gloria
1059 3387 1282 3428 omnem
1329 3371 1725 3445 cogitationem
1757 3369 2054 3442 eil‘ugiens.

458 3463 636 3520 Filius
663 3472 752 3521 est
784 3464 1090 3522 ineﬂ‘abilis
1146 3466 1356 3537 proles,
1397 3480 1584 3521 sermo
1628 3463 1782 3520 nulla
1835 3462 2056 3519 ratione

457 3556 834 3628 explicabilis,
858 3572 1018 3613 mens
1040 3557 1464 3629 insuperabilis,
1488 3556 1733 3613 essentia
1756 3554 2052 3620 invariata,

458 3658 661 3706 natura
709 3650 1015 3719 inaccessa,
1067 3653 1363 3709 character
1412 3651 1746 3709 subsistens.
1810 3650 2055 3722 Spiritus

452 3749 546 3800 est
594 3743 987 3801 intellectualis
1022 3752 1081 3801 et
1125 3746 1383 3817 simplex,
1438 3744 1683 3808 subtilis,
1737 3743 1939 3816 planus
1990 3759 2056 3800 ac

456 3834 793 3906 pellucidus,
821 3837 1006 3895 omnis
1026 3852 1185 3893 noxa:
1205 3845 1263 3893 et
1282 3837 1512 3893 macula:
1534 3851 1754 3906 expers,
1783 3844 1840 3891 et
1865 3834 2055 3895 omnia

456 3924 701 3981 intuens.
734 3925 920 3997 imago
945 3926 1130 3982 Patris
1152 3934 1239 3983 est
1260 3926 1364 3994 sol,
1390 3926 1582 3983 radius
1609 3924 1757 3992 Filii,
1791 3926 1933 3982 radii
1956 3942 2056 3982 ca-

457 4015 546 4073 lor
584 4023 671 4073 est
698 4016 939 4087 Spiritus
962 4018 1163 4075 sancti.
1196 4018 1389 4089 Itaque
1420 4019 1501 4075 sol
1528 4026 1613 4075 est
1645 4019 1833 4085 Pater,
1864 4018 2056 4073 radius

456 4105 655 4175 Filius,
703 4109 969 4179 splendor
1004 4109 1214 4181 ignitus
1246 4117 1333 4167 est
1383 4092 1626 4181 Spiritus
1675 4111 1765 4165 ille
1820 4125 2054 4180 prorsus

452 4206 700 4254 sanctus.
721 4199 794 4255 Et
827 4200 909 4257 sol
933 4200 1160 4271 quidem
1189 4204 1705 4273 nunquamrmlum
1751 4202 2003 4259 deseruit
2036 4221 2052 4258 :

455 4292 660 4349 Filium
704 4302 891 4351 autem
922 4305 985 4350 ut
1032 4295 1241 4361 radios,
1274 4295 1629 4366 splendorem
1685 4296 1947 4353 videlicet
1983 4296 2054 4352 ab

454 4387 580 4458 ipso
632 4386 1027 4459 refulgentem,
1086 4389 1274 4444 emisit
1326 4389 1384 4444 in
1418 4398 1621 4445 terram
1664 4397 1722 4445 et
1779 4389 2050 4461 Spiritum

448 4487 734 4547 sanctum,
771 4488 835 4535 ut
862 4481 1105 4537 calorem
1133 4497 1245 4553 quo
1271 4478 1619 4553 superior’em
1645 4489 1702 4537 et
1725 4481 2048 4538 inferiorem

451 4570 726 4628 mundum
751 4572 1121 4645 undequaque
1159 4574 1375 4630 foveret
1413 4582 1471 4631 et
1498 4573 1662 4630 bonis
1709 4573 2045 4630 cumularet.

452 4659 535 4714 ita
563 4660 725 4716 nobis
754 4661 1110 4733 cogitandum
1137 4671 1224 4719 est
1256 4664 1325 4720 de
1355 4664 1520 4719 unica
1562 4664 1620 4719 in
1652 4664 1834 4720 tribus
1869 4663 2047 4735 hypo-

449 4752 696 4808 stasibus
721 4748 955 4810 Deitate.
986 4754 1215 4822 Natura,
1235 4756 1499 4821 essentia,
1531 4756 1712 4811 forma
1744 4755 1911 4812 simul
1955 4771 2050 4812 ea-

445 4845 579 4901 dem
602 4856 708 4907 est.
744 4846 1060 4919 hypostasis
1079 4857 1136 4903 et
1172 4862 1409 4919 persona
1442 4847 1588 4902 idem
1616 4854 1721 4903 est.
1757 4846 1829 4902 Et
1863 4862 2050 4903 esseu-

446 4936 527 4993 tia
550 4936 778 5007 quidem
808 4936 928 4994 sive
976 4946 1175 4993 natura
1205 4937 1261 4993 id
1293 4938 1443 5010 quod
1491 4953 1788 4993 commune
1825 4944 1911 4993 est
1945 4937 2046 4994 de-

447 5030 634 5103 signat
666 5049 680 5085 :
710 5031 1028 5104 hypostasis
1061 5041 1246 5088 autem
1286 5032 1403 5089 sive
1449 5048 1708 5104 persona,
1737 5032 1887 5103 quod
1923 5031 2044 5088 sin-

446 5124 709 5193 gulorum
737 5123 1025 5194 proprium
1051 5133 1138 5180 est
1157 5123 1424 5183 declarat.
1461 5123 1533 5181 Ut
1560 5123 1821 5195 (exempli
1869 5121 2047 5194 gratia

450 5211 532 5268 sic
560 5209 834 5282 dicamus)
877 5213 935 5269 in
986 5213 1232 5279 homine,
1278 5228 1474 5270 omnes
1505 5213 1763 5269 homines
1794 5211 1963 5268 unius
1990 5219 2049 5268 et

354 5309 360 5322 ‘
450 5302 703 5376 ejusdem
729 5313 943 5362 natura:
984 5321 1200 5373 sumus,
1233 5322 1341 5363 una
1369 5306 1648 5363 eteadem
1692 5314 1891 5362 natura
1920 5320 2047 5360 om-

360 5382 369 5455 ξ
452 5396 608 5452 nium
632 5404 756 5452 est:
791 5396 1069 5468 siquidem
1100 5413 1294 5456 omnes
1341 5399 1599 5456 homines
1620 5416 1691 5457 ex
1739 5399 1924 5455 anima
1958 5398 2049 5454 in-

352 5480 379 5546 ":
454 5489 760 5548 tcllectuali
823 5499 884 5547 et
930 5507 1167 5564 corpore
1213 5507 1537 5553 constamus
1580 5513 1594 5549 :
1652 5492 2050 5566 liypostasibus

350 5578 378 5651 ἷέ
449 5601 588 5643 vero
610 5587 826 5651 multis,
852 5595 912 5644 et
937 5586 1170 5646 inﬁnitis
1194 5598 1252 5646 et
1276 5590 1802 5648 innumerabilibus.
1827 5590 1895 5646 Et
1918 5588 2118 5644 Petrus
2149 5602 2214 5644 ac
2234 5587 2442 5645 Paulus
2472 5589 2638 5645 unius
2669 5595 2724 5643 et
2773 5585 3028 5658 ejusdem
3096 5597 3228 5643 sunt
3251 5598 3481 5663 natum,
3542 5587 3687 5655 hypo-

1381 5695 1439 5744 et
1487 5695 1743 5744 naturain
1809 5681 2034 5758 quidem
2062 5682 2209 5739 inter
2241 5699 2299 5741 se
2327 5699 2673 5741 communem
2704 5682 2930 5744 habent,
2971 5681 3301 5739 dividuntur
3332 5694 3505 5740 autem
3539 5682 3678 5752 hypo-

449 5683 696 5740 stasihus
750 5692 942 5741 autem
999 5684 1238 5743 diversis
1295 5705 1312 5743 :

454 5778 705 5839 stasitus
732 5779 848 5836 sive
876 5780 1152 5850 personis.

2078 5929 2147 5944 ἠ

2158 3270 2342 3334 οὐσία,
2373 3271 2533 3341 φύσις
2564 3274 3012 3347 ἀνεπιχείρητος,
3039 3280 3333 3353 χαρακτὴρ
3356 3270 3728 3345 ὲνυπόστατος.

2158 3361 2390 3435 Πνεῦμα
2414 3364 2566 3418 ἐστιν
2590 3366 2779 3437 νοερὸν
2799 3367 2894 3421 καὶ
2920 3368 3150 3436 ἁπλοῦν,
3171 3369 3401 3443 λεπτὸν,
3435 3370 3622 3442 σαφὲς,
3646 3371 3731 3425 καὶ

2157 3456 2382 3523 τρανὸν,
2411 3455 2765 3527 ἀπήμαντον,
2797 3457 3122 3529 ἀμόλυντον,
3166 3462 3262 3517 καὶ
3300 3463 3719 3518 πανεπίσκοπον.

2157 3546 2341 3602 Είκὼν
2369 3546 2465 3602 τοῦ
2499 3549 2719 3622 Πατρὸς
2745 3551 2775 3605 6
2807 3550 2979 3621 ἥλιος,
3012 3553 3174 3619 ἀκτὶς
3203 3553 3361 3626 ἡλίου
3397 3557 3427 3609 6
3456 3555 3602 3619 Υίὸς,
3626 3554 3730 3625 θέρ·

2162 3658 2238 3712 μη
2269 3641 2374 3713 τῆς
2402 3643 2626 3708 ἀκτῖνος
2670 3643 2731 3697 τὸ
2761 3642 3119 3717 παράκλητον
3148 3646 3402 3721 Πνεῦμα.
3432 3649 3543 3703 Καὶ
3572 3646 3727 3709 οὕτως

2155 3734 2310 3806 ἣλιος
2351 3735 2381 3788 6
2432 3736 2647 3807 Πατὴρ,
2686 3736 2846 3801 ἀκτὶς
2891 3739 2921 3792 6
2958 3734 3111 3805 Υίὸςξ
3137 3735 3325 3813 ἀἴγλη
3363 3742 3647 3816 πυραυγὴς
3674 3739 3725 3793 τὸ

2158 3827 2429 3897 πανάγιον
2463 3825 2714 3899 Πνεῦμα.
2762 3831 2876 3885 Καὶ
2908 3832 2936 3885 6
2987 3832 3089 3903 μὲν
3139 3833 3292 3905 ἣλιος
3324 3836 3584 3891 οὐδέποτε
3610 3851 3724 3889 κατ-

2156 3918 2315 3973 έλιπε
2340 3919 2432 3974 τὸν
2461 3921 2719 3992 οὐρανὸν,
2749 3922 2877 3977 Υίὸν
2901 3923 2959 3977 δὲ
2991 3923 3068 3989 ὡς
3102 3927 3205 3991 τὰς
3243 3928 3476 3993 ἀκτῖνας
3499 3928 3725 3983 ἀπέστει·

2155 4014 2237 4077 λε,
2270 4013 2330 4067 τὸ
2363 4014 2712 4086 ἀπαύγασμα
2756 4016 2849 4071 ἐπὶ
2888 4017 2991 4089 τῆς
3026 4018 3153 4090 γῆς,
3186 4020 3289 4091 τὴν
3342 4020 3403 4076 δὲ
3451 4021 3649 4093 θέρμην
3670 4019 3721 4073 τὸ

2157 4106 2384 4185 Πνεῦμα
2441 4108 2503 4161 τὸ
2565 4108 2723 4179 διγιον
2762 4148 2779 4174 ,
2829 4111 3192 4182 πριθάλπειν
3268 4114 3364 4168 καὶ
3439 4114 3720 4186 εὐεργετεῖν

2154 4197 2248 4251 τὸν
2289 4197 2402 4252 ἄνω
2437 4201 2535 4253 καὶ
2578 4199 2673 4255 τὸν
2704 4201 2857 4256 κάτω
2895 4201 3125 4276 κόσμον.
3170 4204 3419 4279 Τοιούτῳ
3447 4206 3527 4260 δεῖ
3556 4205 3720 4278 τρόπῳ

2155 4290 2361 4344 ἐννοεῖν
2396 4292 2493 4345 καὶ
2525 4292 2656 4363 περὶ
2691 4292 2794 4363 τῆς
2824 4294 3040 4358 ἑνιαίας
3082 4298 3522 4366 τρισυποστάτου
3551 4296 3718 4364 θεότη-

2154 4400 2245 4445 τος
2274 4400 2288 4414 ·
2335 4383 2521 4455 φύσις,
2554 4384 2651 4439 καὶ
2699 4385 2879 4454 οὐσία,
2924 4387 3022 4441 καὶ
3075 4388 3263 4460 μορφὴ
3315 4389 3455 4459 όμοῦ
3513 4390 3545 4461 ἠ
3598 4386 3714 4453 αὐτή

2156 4476 2325 4527 ἐστιν’
2354 4475 2657 4541 ὑπόστασις
2682 4477 2779 4531 καὶ
2809 4478 3109 4549 πρόσωπον
3133 4479 3330 4534 ταύτόν
3359 4481 3529 4534 ἐστιν,
3566 4477 3663 4531 Καὶ
3687 4475 3714 4543 ἡ

2159 4567 2259 4639 μὲν
2289 4567 2447 4622 οὐσία
2477 4569 2596 4641 ἦτοι
2625 4568 2791 4639 φύσις
2830 4570 2892 4625 τὸ
2935 4573 3113 4629 κοινὸν
3154 4572 3577 4645 χαρακτηρίζει.
3611 4572 3640 4641 ἠ
3667 4567 3713 4621 δὲ

2157 4646 2458 4725 ύπόστασις
2499 4663 2619 4733 ἦτοι
2663 4663 2723 4716 τὸ
2759 4664 3083 4737 πρόσωπον,
3113 4665 3174 4718 τὸ
3202 4665 3336 4719 ῐδιον
3367 4667 3598 4720 ἑκάστου
3627 4677 3711 4729 πι-

2158 4754 2358 4825 μαίνει.
2402 4754 2491 4818 Ὣς
2519 4756 2614 4809 ἐπὶ
2642 4755 2959 4827 ἀνθρώπου,
3005 4755 3141 4825 φέρε
3190 4755 3460 4827 εἴπωμεν,
3510 4757 3587 4810 ὃτι
3632 4750 3711 4806 καὶ

2156 4849 2357 4911 πάντες
2387 4848 2665 4920 ἄνθρωποι
2695 4850 2824 4920 μιᾶς
2855 4850 2951 4905 καὶ
2979 4850 3079 4918 τῆς
3100 4850 3276 4920 αὐτῆς
3302 4850 3519 4921 φύσεώς
3539 4852 3706 4918 ἐσμεν,

2159 4940 2259 5011 μία
2289 4940 2385 4994 καὶ
2419 4940 2560 5013 αὑτὴ
2592 4940 2754 5014 φύσις
2794 4941 2945 5015 παρὰ
2977 4942 3150 4997 πᾶσίν
3179 4943 3350 4999 ἐστιν.
3382 4945 3587 5007 Πάντες
3617 4937 3707 5008 γὰρ

2155 5026 2432 5100 ἄνθρωποι
2485 5035 2551 5088 ἐκ
2593 5036 2772 5106 ψυχῆς
2834 5052 2895 5089 τε
2944 5036 3139 5106 νοερᾶς
3183 5037 3280 5090 καὶ
3313 5038 3559 5110 σώματος
3599 5047 3705 5087 aw-

2156 5126 2496 5198 εστήκαμεν,
2529 5128 2879 5182 ύποστάσεων
2917 5127 3220 5207 δὲκπολλῶν
3253 5131 3350 5185 καὶ
3375 5128 3608 5202 ἀπείρων
3627 5123 3702 5178 καὶ

2155 5216 2571 5289 ἀναριθμήτων.
2604 5218 2714 5273 Καὶ
2746 5217 2951 5290 Πέτρος
2983 5216 3077 5272 καὶ
3104 5214 3319 5283 Παῦλος
3348 5223 3475 5292 μιᾶς
3513 5218 3599 5274 καὶ
3618 5214 3699 5282 τῆς

2156 5309 2328 5379 αὐτῆς
2377 5310 2485 5363 εἰσι
2526 5312 2764 5379 φύσεως,
2802 5307 3155 5363 ύποστάσεων
3198 5309 3263 5363 δὲ
3301 5311 3583 5383 διαφόρων.
3609 5305 3698 5361 Καὶ

2157 5403 2476 5457 κοινωνοῦσι
2505 5402 2603 5474 μὲν
2638 5401 2886 5471 ἀλλήλοις
2915 5400 3061 5454 κατὰ
3089 5401 3192 5471 τὴν
3232 5402 3415 5471 φύσιν,
3453 5398 3696 5473 διαιροῦν-

2155 5510 2247 5546 ται
2275 5492 2332 5547 δὲ
2353 5494 2494 5547 κατὰ
2520 5494 2619 5560 τὰς
2648 5491 2998 5554 ὑποστάσεις,
3027 5491 3150 5564 ἦτοι
3181 5492 3255 5547 τὰ
3293 5496 3572 5567 πρόσωπα.
