4016 6434
508 293 646 360 lilii

1219 521 1622 532 -ο--δ-σι--ο-ο

1373 521 1824 551 m

1786 286 2152 347 ANTIOCHI
2191 285 2538 346 non.th
2575 259 2591 276 '

1839 520 1906 527 ..-
1931 517 2630 529 -η--ησ--ρ--ά-..ι--ι--σ-ν
2643 521 2721 528 ..ο
2731 520 2793 527 ..-

3633 286 3747 357 illi

1725 521 1824 528 _.—_.
1839 520 1906 527 ..-
1931 519 2630 529 m—.—_-—_———.
2643 519 3453 546 ..-ο-Ψ

3281 521 3742 554 m

663 717 1356 809 PANDECTES
1439 716 2154 807 scalprum
2239 651 2891 806 DIVINITUS
2969 719 3644 812 INSP'IBATIE

512 933 702 996 VEN.
741 933 1025 995 PATRIS
1065 930 1462 994 ANTIOCHI
1495 931 1714 992 ANTE
1751 927 2021 991 ANNOS
2056 929 2373 1005 QUIDEM
2419 931 2720 994 ABHINC
2761 933 3254 998 NONGENTOS
3285 937 3389 998 AB
3424 939 3765 1006 AUCTOBE

1996 1033 2288 1095 EDITUS
2315 1050 2333 1106 ;

995 1217 1356 1263 GODEFRIDO
1387 1217 1714 1262 TILMANNO
1753 1215 2119 1260 CARTHUSIE
2139 1213 2524 1260 PARISIENSIS
2544 1206 2854 1261 -ΜΟΝΑΟΗΟ
2887 1217 3303 1266 INTERPRETE.

1003 1372 1252 1442 (Domus
1282 1365 1557 1440 Supplem.
1594 1367 1665 1422 ad
1695 1365 1944 1422 Biblioth.
1979 1363 2229 1420 Patrum.
2257 1361 2348 1418 ed.
2378 1363 2550 1420 Paris.
2590 1364 2748 1431 1624,
2789 1348 2921 1422 tom.
2953 1368 2996 1433 Ι,
3032 1383 3086 1439 p.
3127 1366 3313 1437 1019.)

581 1677 712 1735 Fuit
741 1677 846 1732 iste
891 1673 1202 1730 Antiochus
1231 1673 1536 1729 monachus
1568 1674 1896 1729 Palaestinos
1925 1675 2096 1730 lauru:
2125 1679 2172 1736 Α
2199 1676 2506 1746 praesertim
2564 1675 2619 1730 in
2654 1676 3066 1749 Exomologesi,
3104 1694 3229 1749 qua:
3256 1687 3345 1735 est
3393 1681 3464 1737 ad
3517 1681 3671 1740 tinem
3697 1687 3771 1742 ho-

511 1767 700 1826 Sancti
760 1767 919 1824 Saba:
971 1765 1211 1832 abbatis,
1250 1766 1338 1820 vir
1389 1765 1684 1821 sanctitate
1737 1776 1791 1822 et
1849 1767 2102 1824 doctrina

512 1862 769 1934 insignis,
791 1861 888 1930 qui
920 1860 1024 1916 sub
1055 1861 1310 1916 Heraclio
1339 1859 1676 1930 imperatore
1708 1857 1867 1922 vixit,
1911 1867 1968 1915 et
2000 1861 2104 1916 sub

512 1956 727 2012 cladem
766 1954 1346 2026 llierosolymitanam,
1382 1969 1488 2024 qua
1517 1953 1654 2007 urbe
1679 1961 1858 2023 capta,
1885 1953 2106 2024 signum

511 2059 720 2104 sancta:
770 2049 952 2104 crucis
1009 2063 1039 2102 a
1084 2046 1330 2102 Chosroe
1362 2046 1418 2100 in
1472 2046 1752 2102 Persidem
1805 2046 2109 2101 abductum

514 2149 600 2198 est
641 2141 873 2214 (incidit
904 2155 970 2196 ea
1007 2141 1063 2194 in
1120 2153 1327 2194 annum
1377 2139 1574 2194 salutis
1627 2140 1776 2210 6M),
1815 2138 2106 2208 scripsisse

513 2233 759 2302 videtur,
787 2241 848 2288 ut
883 2241 1114 2304 apparet
1143 2248 1210 2288 ex
1265 2231 1496 2288 homilia
1535 2232 1637 2287 107
1684 2241 1740 2286 et
1776 2232 1902 2287 aliis
1942 2231 2102 2300 locis,

2211 1767 2492 1829 miliarum
2534 1767 2588 1822 in
2623 1768 2854 1839 epistola
2887 1769 3246 1825 dedicatoria.
3279 1771 3638 1830 Occasionem
3668 1795 3770 1836 vero

2212 1869 2270 1914 ct
2319 1859 2636 1914 institutum
2673 1861 2948 1916 scribendi
2997 1862 3104 1917 hoc
3133 1877 3275 1932 opus
3327 1863 3569 1934 ipsemet
3613 1871 3771 1924 Antio-

2215 1953 2356 2008 chus
2387 1953 2616 2023 exponit
2656 1953 2815 2008 initio
2869 1955 3112 2010 homiliae
3145 1956 3234 2011 66.
3283 1956 3362 2010 De
3403 1958 3601 2013 eodem
3646 1963 3772 2031 plura

2216 2044 2482 2101 exhibent
2519 2045 2616 2100 tibi
2641 2047 2882 2102 Annales
2911 2048 3299 2118 ecclesiastici,
3327 2061 3468 2108 tom.
3505 2053 3636 2121 VIII,
3659 2070 3772 2110 anno

2213 2136 2338 2194 6M.

956 2393 1040 2436 EX
1073 2393 1354 2438 EJUSDEM
1384 2391 1532 2438 GOD.
1565 2390 1870 2436 TILMANNI
1897 2387 2312 2436 PREFATIONE
2342 2386 2408 2432 IN
2449 2384 2818 2434 ANTIOCHUM
2847 2389 3364 2438 NUNCUPATORIA.

588 2525 732 2581 Sunt
787 2526 880 2596 qui
927 2525 1137 2598 majore
1195 2525 1516 2596 eloquentia
1584 2524 1930 2596 scripserint,
1967 2539 2102 2596 per-

515 2620 675 2674 multi
710 2637 724 2672 :
763 2627 820 2672 at
850 2619 1010 2688 pauci
1050 2623 1400 2689 perspicuam
1431 2617 1600 2690 hujus
1631 2617 1721 2690 (de
1753 2628 1946 2674 sancto
1989 2617 2107 2672 An-

515 2711 709 2767 tiocho
739 2709 1009 2784 loquitur)
1049 2711 1388 2766 brevitatem
1420 2710 1658 2766 feliciter
1683 2711 1921 2767 assecuti
1955 2719 2104 2766 sunt.

515 2804 792 2860 Rarenler
821 2803 937 2858 haec
975 2819 1084 2858 una
1121 2801 1222 2858 dos
1251 2803 1593 2873 unicuipiam
1618 2801 1888 2874 contingit
1916 2819 1928 2856 :
1958 2818 2112 2856 ama-

516 2896 650 2952 bilis
707 2896 1011 2966 plurimum
1061 2903 1270 2952 nostrae
1331 2893 1494 2952 istius
1551 2895 1730 2951 astatis
1769 2895 2108 2951 hominibus.

519 2989 698 3056 Quam
731 2988 936 3044 decore
980 2988 1331 3044 conservavit
1359 2988 1422 3042 τὸ
1455 2987 1688 3060 πρέπον,
1727 2987 1835 3042 hoc
1863 2995 1948 3043 est
1971 3029 1986 3054 ,
2021 3003 2113 3043 or-

519 3081 671 3136 dinis
717 3081 1006 3146 decorum,
1053 3079 1110 3134 in
1166 3079 1258 3135 bis
1307 3078 1630 3151 digerendis
1674 3079 1931 3136 Homiliis
1973 3079 2112 3135 libet

520 3173 854 3244 compendio
894 3173 1290 3246 perstringere.
1334 3172 1379 3228 A
1426 3171 1532 3228 Iide
1577 3172 1796 3228 orditur
1826 3174 1991 3229 telam
2021 3173 2110 3230 sui

519 3263 912 3334 operiszquae
975 3262 1310 3320 Christianae
1379 3261 1668 3333 religionis
1725 3263 2108 3334 virtutumque

519 3355 772 3410 omnium
817 3355 1152 3411 solidissima
1196 3353 1423 3426 crepido
1471 3363 1577 3421 est,
1632 3363 1690 3410 et
1745 3355 1896 3412 basis
1938 3355 2112 3412 totius

520 3445 831 3516 Spiritualis
866 3445 1108 3501 fabricae.
1151 3445 1437 3516 Siquidem
1471 3453 1613 3502 teste
1664 3445 1893 3502 Aurelio
1921 3450 2111 3518 Augu-

519 3539 693 3604 stino,
723 3539 816 3594 ubi
867 3539 1026 3594 deest
1057 3539 1265 3610 agnitio
1296 3537 1550 3594 veritatis
1581 3545 1824 3605 aeternae,
1857 3539 1992 3594 falsa
2024 3546 2110 3594 est

521 3629 704 3684 virtus
732 3629 934 3692 omnis,
959 3629 1126 3686 etiam
1165 3629 1222 3684 in
1263 3629 1493 3700 Optimis
1525 3629 1805 3698 moribus;
1841 3629 1972 3686 fidei
2008 3631 2110 3686 ad-

512 3719 701 3792 jungit
741 3719 1082 3776 individuam
1129 3720 1414 3788 comitem,
1453 3734 1640 3793 spem;
1683 3721 1910 3784 fabricae
1948 3722 2112 3778 istius

517 3813 825 3885 mastigium,
868 3813 1115 3870 eharitas
1169 3822 1292 3869 est:
1317 3830 1442 3885 quae
1495 3813 1778 3870 hominem
1841 3822 1990 3870 recta
2039 3814 2109 3870 ad

519 3921 752 3978 regnum
783 3907 1074 3978 provehit;
1103 3923 1276 3978 quare
1315 3905 1644 3963 charitatem
1672 3914 1730 3962 et
1753 3921 1984 3978 regnum
2039 3905 2108 3960 ad

517 3998 726 4054 calcem
751 3998 940 4070 operis
982 3997 1266 4068 relegavit.
1289 3998 1444 4054 Jacto
1471 3995 1708 4068 proinde
1742 3995 1871 4052 ﬁdei
1900 4011 1966 4050 ac
1987 3997 2110 4068 spei

518 4091 902 4159 fundamento,
938 4090 1252 4148 amolienda
1287 4091 1528 4161 primum
1577 4089 1810 4144 veniunt
1852 4105 1974 4160 qua:
2003 4089 2109 4144 im-

2214 2521 2466 2576 tulerunt
2534 2522 3012 2580 sententiolaazet
3081 2524 3186 2582 has
3238 2527 3476 2596 absolvi,
3531 2539 3771 2590 mutuatus

2213 2613 2362 2684 quod
2404 2613 2662 2676 deerate.
2687 2615 2876 2671 bibliis
2909 2616 3129 2674 Aldinis
3157 2637 3171 2672 :
3197 2636 3320 2690 qua:
3359 2623 3583 2694 quidem
3621 2625 3771 2682 Greca

2213 2705 2472 2760 feruntur
2518 2721 2640 2762 esse
2691 2721 2724 2763 e.
2775 2706 2916 2762 LXX
2941 2709 3192 2767 editione
3223 2729 3236 2765 :
3269 2727 3376 2785 ego
3411 2717 3598 2772 verius
3623 2719 3770 2774 credi-

2215 2796 2396 2852 derim
2444 2799 2848 2858 Theodotionis
2898 2815 3044 2867 esse,
3091 2817 3158 2858 ex
3213 2804 3516 2864 collatione
3561 2809 3770 2865 locoru

2217 2887 2537 2961 Hieronymi
2583 2891 2638 2946 in
2670 2893 2970 2963 prophetas
2999 2893 3262 2952 maxime.
3321 2898 3396 2953 Et
3429 2899 3514 2956 bte
3545 2917 3770 2974 perquam

2213 2998 2402 3053 pauca:
2431 3001 2445 3039 :
2469 2993 2532 3040 ut
2559 2983 2653 3040 illa
2671 2993 2752 3042 est
2781 3003 2846 3042 ex
2878 2985 3072 3042 homil.
3099 2988 3163 3044 91
3197 2989 3424 3048 :Omnis
3456 3011 3624 3050 sermo
3649 2998 3772 3064 ἐγκῦ-

2213 3089 2338 3138 πος.
2377 3075 2448 3130 Ει
2491 3077 2597 3132 sub
2629 3077 2876 3134 ntedium
2930 3081 3217 3150 sequentis
3243 3097 3310 3139 ex
3351 3084 3482 3152 Job,
3511 3085 3769 3142 detitnon-

2214 3175 2499 3238 nunquam
2531 3169 2754 3241 negatio
2784 3171 2887 3242 μή.
2932 3171 3184 3232 Alterum
3213 3183 3321 3243 est,
3352 3179 3505 3250 quod
3538 3179 3640 3237 nisi
3662 3195 3769 3235 mn-

2214 3261 2456 3317 ciscetur
2499 3278 2720 3334 aequum
2762 3267 3033 3336 temporis
3065 3277 3122 3324 et
3170 3285 3362 3326 rerum
3397 3273 3766 3338 aestimatorem,

2215 3359 2347 3408 nota
2375 3353 2454 3408 illi
2487 3353 2744 3410 inuretur
2775 3357 3061 3415 novitatis.
3093 3359 3213 3416 Duo
3241 3359 3524 3433 proferam
3548 3366 3771 3438 insignio-

2214 3459 2296 3500 ra.
2331 3445 2514 3512 Prius,
2549 3446 2742 3504 homil.
2797 3448 2888 3516 98,
2931 3451 3164 3524 Οἰκέτην
3189 3453 3486 3525 famulum,
3514 3458 3596 3514 vel
3638 3473 3766 3530 popl-

2215 3535 2327 3592 lum
2377 3555 2586 3595 seruum
2608 3557 2627 3597 :
2649 3556 2750 3612 pro
2771 3558 2883 3612 quo
2921 3542 3120 3614 Aldus,
3155 3547 3344 3620 ἱκέτην
3370 3551 3658 3624 supplicem
3693 3551 3765 3606 ha-

2214 3629 2369 3686 bent.
2405 3631 2660 3688 Alterum
2689 3633 2885 3690 homil.
2928 3636 3034 3692 119
3066 3637 3172 3693 sub
3206 3637 3404 3708 tinem,
3435 3645 3614 3716 Θήραν
3643 3659 3764 3698 vena-

2215 3726 2412 3780 tionem
2445 3727 2558 3796 ejus
2599 3727 2928 3796 benedicens,
2955 3745 3060 3802 pro
3104 3747 3216 3803 quo
3259 3731 3462 3804 Aldus,
3495 3736 3670 3808 Θύρπιν,
3691 3737 3761 3807 ja-

2216 3834 2408 3885 uuam,
2439 3820 2710 3886 Ecclesia,
2757 3824 2935 3894 χήραν
2989 3825 3229 3881 viduam.
3267 3827 3476 3885 Facilis
3525 3831 3760 3891 transitus,

2214 3909 2244 3964 θ
2303 3909 2361 3966 in
2407 3928 2462 3982 χ.
2496 3911 2642 3983 Lege
2675 3912 2902 3969 Hieron.
2933 3924 2990 3970 et
3020 3915 3256 3988 August.
3301 3917 3555 3990 Tertium
3605 3914 3760 3976 oecur-

2213 3999 2289 4054 rit
2321 4017 2334 4055 :
2366 4001 2591 4072 propria
2621 4001 3107 4075 llebraica,‘quam
3133 4021 3236 4062 nos
3267 4006 3453 4064 Latini
3494 4011 3760 4080 corruptius

2212 4089 2446 4146 inducit.
2472 4092 2542 4146 Et
2565 4091 2674 4148 hoc
2705 4093 2785 4148 illi
2816 4109 3111 4154 commune
3136 4107 3223 4154 est.
3253 4114 3383 4154 cum
3409 4101 3614 4158 caneris
3645 4101 3758 4160 Grie-

521 4183 840 4254 pedimento
865 4199 989 4240 esse
1035 4184 1250 4254 possint
1279 4201 1292 4237 :
1321 4183 1376 4237 in
1413 4199 1650 4253 quorum
1691 4197 1864 4238 censu
1900 4181 2109 4252 primas
2137 4197 2182 4258 ρ
2212 4183 2294 4238 cis
2321 4183 2668 4268 doctoribus.
2699 4185 2760 4241 ln
2789 4187 3046 4260 Prologo,
3073 4198 3130 4245 et
3151 4190 3355 4248 Homil.
3389 4195 3426 4250 2
3452 4193 3529 4248 De
3552 4211 3660 4266 spe;
3685 4191 3758 4248 Sno

523 4283 672 4330 tenet
721 4275 1102 4345 gastrimargia
1127 4315 1140 4340 ,
1191 4282 1332 4328 teste
1368 4273 1634 4328 Cassiano
1655 4287 1776 4342 cap.
1824 4272 1880 4335 5,
1919 4272 2020 4327 lib.
2055 4289 2108 4327 v.
2217 4275 2460 4340 immitis,
2485 4277 2701 4347 profert
2727 4286 2784 4333 et
2811 4279 3216 4352 interpretatur
3254 4284 3548 4352 Cwlcstem,
3572 4285 3704 4356 quasi
3732 4299 3754 4336 a

519 4367 832 4422 licmolilus
871 4367 1112 4444 primum
1147 4365 1301 4433 vitia,
1334 4365 1462 4422 mox
1505 4365 1864 4438 progreditur
1891 4365 1962 4420 ad
2002 4366 2115 4420 vir—
2215 4369 2517 4436 schamain,
2539 4370 2689 4438 coeli,
2734 4383 2979 4444 etymum
3015 4377 3288 4432 sortiatur
3315 4395 3478 4435 :cum
3513 4377 3753 4436 Suuamiti:

521 4468 703 4515 tutum
743 4443 1236 4514 substructionem.
1271 4457 1376 4513 Sed
1417 4466 1476 4513 et
1515 4460 1623 4513 hoc
1667 4457 1748 4511 illi
1781 4464 2114 4527 perpetuum
2217 4459 2289 4514 sit
2343 4460 2642 4518 dicendum
2717 4479 2748 4519 a
2800 4443 2961 4520 iSuna
3021 4467 3264 4537 oppedo,
3313 4479 3514 4542 nempe
3531 4453 3751 4542 \Abysay;

519 4561 626 4610 est.
677 4554 894 4609 Nullam
931 4569 1039 4608 non
1072 4555 1266 4610 harum
1295 4553 1398 4608 150
1419 4553 1783 4608 llomiliarum
1814 4552 1938 4607 ﬁnit
1967 4552 2116 4608 desi-
2216 4553 2528 4624 Σαραφοία,
2560 4555 2711 4610 hom.
2759 4556 2850 4622 20,
2905 4574 3006 4629 pro
3039 4558 3347 4632 Sareptena
3396 4565 3585 4631 uidua;
3607 4563 3751 4619 latior

521 4661 662 4701 nens
695 4647 777 4708 εἰς
823 4645 918 4699 τοῦ
975 4646 1112 4699 Θεοῦ
1165 4645 1500 4714 δοξολογίαν.
1526 4646 1596 4701 Ει
1632 4645 1859 4717 quidem
1898 4646 2018 4702 haec
2045 4645 2108 4702 de

2216 4659 2321 4714 pro
2363 4645 2570 4702 Jethro.
2599 4647 2812 4704 Similia
2843 4649 3048 4728 passim
3093 4652 3239 4722 apud
3269 4653 3690 4728 Chrysostomum
3711 4660 3750 4704 et

520 4753 709 4808 Opere.
731 4735 813 4793 Ad
850 4741 1073 4792 tertium
1105 4737 1414 4793 ﬂectendus
1438 4738 1572 4794 mihi
1603 4745 1685 4793 est
1719 4738 1986 4794 calamus.
2014 4736 2117 4795 Hic
2216 4735 2623 4792 Nazianzenum
2649 4753 2663 4803 ;
2697 4737 2848 4793 hom.
2869 4725 2958 4805 74,
2981 4740 3246 4808 Nabal/ie,
3265 4759 3369 4814 pro
3387 4725 3593 4800 'Naboth
3613 4759 3630 4797 :
3650 4751 3693 4796 ut
3711 4748 3749 4794 et

519 4831 656 4886 mihi
687 4831 1034 4902 cumprimis
1055 4829 1492 4886 commonendus
1510 4830 1723 4896 videre,
1745 4831 2020 4896 Iector,ut
2045 4845 2115 4886 ne
2217 4828 2453 4884 Basilius
2480 4847 2492 4883 :
2519 4827 2621 4895 Qui
2646 4829 2891 4886 Nabuthe
2929 4831 3275 4890 Jesraelitum
3323 4835 3747 4908 perdiditINonre

521 4927 932 4996 pra-properam
964 4925 1110 4979 feras
1149 4923 1483 4978 sententiam
1509 4923 1556 4978 si
1586 4922 1721 4990 quid
1747 4922 1895 4978 inter
1924 4923 2116 4994 Iegen-
2216 4922 2433 4976 A'clzaaz
2474 4923 2740 4994 cupiditas
2783 4925 2989 4980 vinea’?
3024 4925 3169 4994 QUin
3192 4938 3250 4982 el
3281 4927 3745 4995 Αηὶὺτοείυεοῧηε·

521 5015 653 5070 dum
683 5033 740 5071 se
770 5016 971 5071 oil‘eret
997 5015 1108 5071 tuis
1145 5013 1380 5084 auribus
1435 5013 1700 5080 insolens,
1732 5013 1878 5082 quod
1908 5013 1962 5068 in
1992 5029 2118 5084 spc-
2218 5012 2425 5068 canicae
2453 5014 2718 5071 dictionis
2759 5018 3014 5087 mmulus,
3047 5019 3257 5076 librum
3292 5023 3510 5094 scripsit
3537 5023 3607 5077 De
3631 5021 3740 5074 vinea

521 5109 664 5163 ciem
705 5109 964 5178 praeferet
987 5117 1173 5163 notam
1199 5107 1435 5162 curiosae
1467 5106 1754 5162 novitatis.
1782 5106 1992 5161 llabuit
2025 5107 2117 5162 hic
2216 5103 2480 5160 Nabuthe.
2508 5104 2716 5162 Horum
2739 5110 2970 5180 gratiam
2995 5112 3239 5170 arbitror
3262 5131 3364 5172 nos
3383 5115 3574 5173 debere
3594 5125 3743 5170 secun-

491 5203 652 5274 -pius
683 5219 807 5259 cum
865 5219 1066 5275 magno
1100 5204 1404 5260 Athanasio
1453 5217 1748 5259 commune
1795 5202 1932 5258 illud
1972 5201 2118 5256 διδὰ-
2219 5197 2350 5252 dum
2387 5197 2560 5253 Deum
2609 5203 2704 5255 uni
2759 5202 3116 5278 Hieronymo.
3164 5205 3430 5274 Quartum
3459 5210 3628 5272 est,in
3653 5217 3738 5256 am-

524 5293 748 5346 κτικὸν⁶
803 5310 978 5365 genus
1023 5296 1214 5366 utique
1273 5295 1514 5351 docendi
1565 5308 1820 5366 pressum
1864 5304 1920 5350 et
1947 5296 2114 5350 astri-
2221 5290 2534 5361 piiﬁcandis
2557 5292 2863 5350 virtutibus
2895 5305 2953 5352 et
2975 5301 3375 5370 exaggerandis
3404 5301 3544 5356 vitiis
3571 5289 3738 5354 censeri

524 5393 698 5449 ctum,
735 5385 806 5440 ab
842 5387 990 5441 omni
1027 5387 1399 5444 ostentatione
1423 5398 1479 5444 et
1507 5387 1858 5443 aﬂectatione
1888 5403 2117 5458 prorsus
2219 5384 2424 5454 poterit
2475 5374 2808 5442 immodicus
2847 5404 2860 5440 :
2903 5386 2999 5444 sed
3037 5402 3096 5446 et
3138 5391 3246 5448 hoc
3273 5391 3351 5448 illi
3399 5401 3656 5448 commune
3677 5385 3738 5437 est

525 5477 856 5534 abhorrens.
896 5479 1002 5534 Sex
1041 5487 1413 5535 occurrerunt
1461 5493 1527 5534 ex
1573 5479 1830 5534 versione
1883 5487 1940 5534 et
1975 5479 2115 5536 rele-
2149 5538 2190 5557 ἢ
2219 5492 2346 5531 cum
2364 5478 2568 5534 veteris
2596 5479 2867 5536 Ecclesiae
2885 5480 3234 5550 doctoribus,
3271 5483 3559 5557 praesertim
3577 5479 3735 5536 ltuit!!!c

524 5568 731 5635 ctione,
764 5584 888 5638 quze
925 5569 1123 5624 rudem
1154 5569 1355 5640 linguae
1395 5568 1722 5626 Grazcanicae
1747 5581 1804 5626 et
1825 5567 2118 5625 crassioris
2149 5538 2193 5596 D
2221 5571 2637 5643 Chrysostomo.
2665 5571 3014 5630 Crediderim
3043 5538 3379 5634 Antiochrum
3399 5593 3428 5633 a
3449 5578 3734 5649 paen-99191“

523 5660 716 5730 judicii
745 5663 1033 5742 .lectorem
1092 5662 1376 5718 offendere
1421 5670 1668 5734 possent.
1699 5661 1949 5717 Primum
1978 5671 2064 5718 est
2097 5680 2110 5716 :
2225 5663 2405 5719 coisse
2439 5664 2722 5736 ingenium
2769 5666 2824 5722 in
2861 5666 3177 5724 scribendis
3225 5667 3569 5742 Paucgyricis,
3595 5661 3730 5718 Enco'

532 5751 806 5812 Intercisa-
842 5755 1070 5829 aliquot,
1103 5755 1408 5830 prudentes
1451 5765 1506 5811 et
1542 5755 1869 5813 inabsolutae
1901 5771 1960 5812 se
2011 5757 2114 5814 ob-
2226 5757 2566 5812 minstiresct
2609 5758 2947 5822 Epidccticis
2990 5761 3354 5820 orationibus.
3387 5762 3612 5831 Quintum
3637 5756 3726 5805 εδῑε
