4016 6454
320 351 492 433 1417‘

1447 365 1618 426 GOD.
1677 361 2026 425 TILMANN
2033 361 2128 422 US
2181 357 2529 420 LECTORI.

3460 349 3592 412 1-518

319 481 496 552 negari
521 495 630 536 non
659 487 839 550 potest
893 479 1024 549 quin
1079 477 1280 533 alicubi
1327 477 1511 547 lapsus
1563 477 1634 530 sit
1695 477 1905 530 meme-
1931 481 1980 536 Α
2009 472 2131 541 ipso
2164 469 2317 525 aditu
2351 470 2470 540 ejus
2502 482 2624 536 qua:
2679 464 2747 520 de
2782 463 2885 518 ﬁde
2912 473 3017 528 est,
3051 463 3296 517 actutum
3342 461 3585 532 impegit-

320 576 435 629 ria:
463 583 522 628 ut
543 589 670 628 cum
703 574 853 628 hom.
881 573 966 636 78,
995 587 1098 642 pro
1130 569 1406 634 llaba'eue,
1445 569 1657 624 inducit
1684 568 1925 638 Sopho-'

319 670 499 732 niam;
533 681 633 736 pro
669 665 931 720 Malachia
966 664 1280 728 Michaeam;
1315 662 1419 717 sub
1447 660 1612 716 ﬁnem
1652 660 1773 723 107,
1801 674 1904 729 pro

320 759 702 815 Eeclesiastico
761 760 966 813 iterum
992 755 1349 826 Sophoniam.
1376 754 1482 810 Sed
1521 755 1646 816 haec
1669 754 1904 819 levicula

319 851 646 906 ascribenda
699 849 1025 905 amanuensi
1087 849 1284 903 scribae
1335 855 1392 902 et
1444 847 1752 917 exceptori,
1814 847 1904 900 cui

321 943 508 1000 forsan
527 944 596 999 de
620 944 888 1001 memoria
910 942 1176 997 dictabat.
1203 941 1470 1012 Superest
1491 949 1731 1004 sextum,
1757 939 1906 1010 quod

323 1046 384 1093 ut
411 1039 536 1107 plus
558 1037 726 1092 habet
757 1036 974 1092 caeteris
991 1035 1281 1102 momenti,
1299 1049 1474 1104 eoque
1496 1035 1618 1105 plus
1636 1034 1868 1104 periculi
1891 1051 1903 1086 :

325 1134 400 1186 ita
430 1142 486 1187 et
511 1132 578 1186 de
607 1132 713 1187 hoc
745 1131 883 1185 mihi
927 1131 1311 1186 disserendum
1342 1139 1426 1184 est
1449 1130 1774 1184 consultius.
1807 1128 1909 1186 Ubi

323 1224 472 1277 enim
509 1223 683 1293 majus
722 1223 960 1277 vertitur
992 1222 1320 1296 periculum,
1353 1221 1430 1276 ibi
1451 1222 1622 1291 magis
1661 1230 1748 1276 est
1776 1236 1910 1274 con-

326 1313 621 1368 sulendum
657 1330 669 1364 :
701 1313 740 1366 l.
765 1312 822 1366 ff.
867 1313 932 1366 14
956 1313 1032 1367 De
1065 1310 1415 1367 Carboniano
1437 1311 1642 1377 edicto,
1679 1310 1778 1374 1.1,
1808 1309 1908 1380 ξε.

328 1406 442 1461 Nec
478 1406 627 1460 enim
671 1404 1133 1475 praecipitandum
1182 1412 1269 1458 est
1319 1403 1635 1468 consilium,
1691 1402 1912 1472 quando

330 1510 422 1550 res
455 1497 574 1566 ipsa
604 1495 775 1564 exigit
808 1501 867 1548 ut
897 1493 1168 1558 maturius
1216 1509 1462 1563 agamus,
1494 1493 1622 1548 dist.
1658 1493 1727 1547 50
1768 1492 1912 1546 Pon-

332 1587 495 1640 deret.
521 1587 768 1654 Dixeris:
787 1585 930 1652 Quid
957 1585 1093 1640 illud
1117 1585 1237 1640 est?
1261 1585 1456 1640 Paucis
1478 1585 1684 1655 accipe.
1712 1583 1914 1650 Quanti

333 1679 502 1735 fuerit
529 1679 764 1750 periculi
791 1694 891 1748 per
912 1693 1106 1732 omnes
1144 1677 1393 1732 omnium
1433 1685 1659 1731 aetatum
1692 1676 1912 1748 gradus,

2010 565 2178 619 Lecto
2209 561 2480 632 siquidem
2511 560 2635 614 loco
2664 576 2674 610 :
2708 556 2862 611 Fides
2892 557 3029 609 enim
3053 557 3108 609 in
3133 553 3385 608 saeculum
3410 552 3587 615 stabit,

2005 657 2355 728 apprehenso
2389 653 2672 708 mordicus
2695 650 2854 706 labro
2876 649 3141 704 inferiore
3169 647 3412 702 restabat
3435 646 3589 718 quasi

2008 753 2062 806 in
2102 751 2318 806 salebra
2358 749 2612 803 haereret.
2639 746 2762 801 Mox
2788 743 3015 815 subjicit
3043 760 3055 795 :
3089 763 3106 794 ι
3132 742 3234 797 Hic
3259 742 3418 796 locus
3451 739 3596 811 sapit

2007 843 2300 908 haeresim;
2344 850 2498 896 certo
2545 837 2643 893 tibi
2692 835 2965 908 persuade
3000 850 3286 905 nunquam
3325 834 3598 888 admissu-

2009 953 2101 992 ros
2129 952 2250 993 esse
2270 951 2398 990 eum
2432 932 2738 1002 theologos,
2759 945 2900 1000 quos
2930 942 3102 998 penes
3128 927 3320 982 libella
3344 925 3600 982 consistit

2006 1027 2141 1098 justi
2163 1025 2433 1082 examinis
2467 1042 2478 1077 :
2509 1021 2873 1094 quamobrem
2906 1036 2937 1074 e
2971 1035 3030 1073 rc
3061 1029 3153 1073 tua
3184 1018 3354 1073 fuerit
3386 1017 3600 1088 tibique.

2011 1119 2288 1182 consules,
2325 1117 2370 1172 si
2405 1116 2572 1170 ducta
2599 1115 2763 1168 litura
2814 1112 3182 1167 interleveris.
3227 1129 3245 1162 ›
3286 1111 3426 1166 iluic
3450 1126 3595 1182 ego:

2020 1231 2038 1263 ί
2064 1212 2384 1282 Apostolum
2403 1210 2516 1264 scio
2539 1207 2838 1281 apostolice
2865 1205 3153 1276 scripsisse
3181 1203 3345 1260 ﬁdem
3375 1216 3429 1260 et
3447 1221 3600 1275 spem

2013 1319 2259 1368 casuras,
2317 1303 2640 1360 charitatem
2677 1317 2812 1356 vero
2856 1310 3124 1357 aeternum
3177 1307 3596 1354 constaturam:

2015 1396 2149 1460 imo,
2189 1394 2328 1448 nulli
2375 1394 2704 1463 explicabile
2733 1393 3132 1448 incrementum
3163 1400 3516 1460 accepturam
3543 1391 3603 1445 in

2014 1487 2212 1558 patria,
2233 1488 2390 1558 juxta
2418 1485 2570 1541 Isaia:
2597 1486 2884 1540 oraculum
2935 1483 3170 1538 dicentis
3208 1501 3220 1536 :
3256 1483 3388 1537 Vivit
3418 1482 3604 1537 Domi-

2018 1597 2116 1633 nus
2161 1581 2312 1649 cujus
2369 1579 2506 1650 ignis
2564 1581 2620 1632 in
2664 1577 2813 1643 Sion,
2842 1587 2890 1631 et
2945 1576 3272 1630 caminus-in
3309 1575 3608 1629 Jerusalem

2020 1675 2158 1744 (Isa.
2193 1692 2341 1740 xxxi,
2367 1675 2457 1736 9).
2494 1673 2650 1730 Fidei
2681 1674 2829 1728 enim
2887 1681 3042 1728 actus
3090 1681 3176 1726 est
3236 1670 3317 1726 rei
3360 1671 3607 1726 nondum

335 1773 582 1842 abusque
615 1771 775 1824 initio
815 1771 1174 1841 primogenia:
1217 1781 1274 1824 et
1324 1771 1572 1840 primum
1616 1770 1919 1825 exorientis
1952 1839 1982 1842 _
2018 1767 2366 1838 visam-spei.
2412 1765 2663 1820 nondum
2698 1765 2921 1819 habitae.
2963 1763 3325 1834 Consequens
3357 1778 3494 1818 sane.
3532 1763 3608 1818 sit

333 1839 596 1918 Ecclesia:
631 1839 850 1932 quidvis
883 1861 937 1915 in
968 1839 1220 1932 apricum
1258 1839 1585 1931 depromere
1619 1878 1649 1917 e
1671 1862 1918 1931 locuple-
1952 1839 1992 1892 Β
2026 1859 2172 1931 quod
2197 1874 2322 1913 cum
2351 1858 2632 1914 videbitur
2648 1857 2807 1913 sicuti
2839 1865 2923 1912 est
2951 1863 3007 1912 et
3033 1856 3351 1920 habebitur,
3372 1870 3607 1910 evacua-

334 1955 551 2010 tissimo
584 1969 732 2024 penu
763 1953 1114 2022 eloquiorum
1154 1953 1491 2018 divinorum,
1519 1954 1711 2008 testari
1743 1953 1922 2008 abun-

334 2047 406 2102 de
442 2054 624 2116 potest
650 2061 793 2100 unus
822 2045 915 2099 ille
944 2044 1272 2100 Christianae
1303 2045 1585 2117 religionis
1614 2045 1920 2104 acerrimus

335 2148 714 2210 propugnator
771 2138 1072 2210 Gregorius
1113 2139 1513 2199 Nazianzenus,
1555 2153 1665 2209 quo
1719 2153 1923 2209 praece-

335 2239 498 2302 ptore
547 2242 736 2287 noster
775 2231 1142 2304 Hieronymus
1195 2231 1582 2302 gloriari'non
1634 2245 1747 2286 uno
1799 2232 1922 2287 loco

339 2323 503 2377 solet.
531 2322 590 2375 In
617 2320 972 2392 Apologetico
995 2321 1200 2376 etenim
1228 2335 1329 2376 suo
1353 2321 1516 2376 docet
1542 2320 1597 2375 id
1625 2319 1921 2390 perspicue

341 2414 544 2484 triplici
569 2429 636 2467 ex
665 2413 832 2468 modo
861 2413 1019 2478 oriri,
1048 2428 1078 2469 e
1106 2428 1352 2479 sensu,.e
1392 2429 1669 2476 sermone,
1705 2427 1770 2466 ex
1801 2412 1922 2482 ipso

343 2508 562 2562 auditu.
607 2509 678 2561 At
725 2514 933 2576 quanto
978 2515 1066 2561 est
1107 2505 1273 2560 hodie
1319 2505 1452 2560 aleae
1505 2505 1922 2576 perieulosioris

346 2597 591 2651 scribere
619 2613 633 2650 :
676 2604 772 2651 aut
804 2596 953 2666 quod
984 2597 1041 2651 in
1063 2596 1377 2665 antiquario
1403 2597 1666 2666 quopiam
1689 2595 1922 2651 doctore

343 2689 554 2744 editum
579 2691 690 2761 jam
726 2689 858 2744 olim
895 2690 986 2755 sit,
1021 2690 1075 2744 in
1112 2690 1354 2744 alienam
1385 2687 1777 2744 transfundere
1815 2688 1925 2743 lin-

341 2796 526 2850 guam,
561 2795 626 2835 ac
671 2779 904 2850 proinde
955 2780 1026 2835 ad
1076 2794 1425 2835 communem
1463 2779 1713 2834 omnium
1760 2795 1922 2834 usum

344 2870 490 2942 typis
550 2870 933 2935 committere,
983 2869 1207 2940 quando
1283 2869 1558 2939 quidquid
1618 2869 1924 2940 quamlibet

341 2967 532 3014 sancte
576 2958 784 3014 dixeris
819 2959 938 3028 rapi
980 2958 1036 3013 id
1064 2959 1240 3014 soleat
1266 2958 1324 3013 in
1347 2947 1641 3029 peSsimam
1672 2959 1925 3030 partem?

341 3048 389 3104 Λ
423 3050 790 3104 novatoribus
826 3049 951 3110 istis
993 3057 1247 3104 veterum
1299 3050 1610 3114 haareseon,
1636 3049 1776 3104 nihil
1821 3065 1926 3105 ne-

342 3157 500 3197 cesse
535 3141 608 3196 sit
662 3149 724 3195 ut
770 3140 1001 3195 doceam
1038 3156 1202 3211 quam
1232 3140 1457 3211 oblique
1496 3151 1696 3197 cuneta
1734 3141 1924 3196 detor-

342 3244 643 3302 queantur,
677 3231 896 3301 quando
923 3247 1034 3286 non
1064 3233 1249 3296 Petro,
1283 3247 1394 3286 non
1439 3231 1635 3287 Joanni
1670 3241 1924 3302 parcunt,

343 3329 466 3379 non
493 3325 682 3380 vivido
719 3325 800 3380 illi
831 3341 1038 3397 organo
1073 3324 1316 3395 Spiritus
1346 3326 1521 3382 sancti
1546 3327 1738 3390 Paulo,
1773 3341 1836 3381 ac
1861 3341 1930 3381 ne

348 3419 647 3490 Evangelio
673 3419 916 3488 quidem.
945 3419 1053 3474 Sed
1076 3430 1132 3474 et
1163 3420 1269 3475 hoc
1301 3420 1530 3487 malum,
1557 3420 1704 3490 quod
1729 3421 1796 3476 ad
1831 3414 1933 3476 nes

342 3512 568 3577 attinet,
621 3519 903 3582 utcunque
976 3511 1261 3568 tolerabile
1310 3512 1489 3568 videri
1545 3513 1740 3583 possit.
1794 3512 1932 3569 Cum

340 3605 498 3659 enim
527 3604 642 3660 sint
676 3604 1032 3669 insanabiles,
1065 3604 1334 3675 praecipiti
1386 3605 1514 3677 fuga
1563 3605 1932 3676 praevertendi

340 3697 604 3761 veniunt,
641 3697 798 3767 juxta
833 3696 994 3751 Pauli
1015 3696 1348 3761 doctrinam,
1381 3706 1437 3762 et
1466 3697 1647 3754 modis
1673 3698 1933 3754 omnibus

339 3791 584 3847 vitandi.
621 3791 790 3862 Major
818 3807 1011 3846 eorum
1045 3807 1181 3848 cura
1242 3801 1349 3858 est,
1413 3795 1507 3864 qui
1559 3795 1775 3864 privata
1821 3812 1935 3851 non

343 3886 484 3941 item
511 3883 730 3954 publica
760 3884 1093 3939 auctoritate
1121 3900 1325 3941 nomen
1350 3887 1454 3943 sibi
1497 3897 1724 3942 sumunt
1774 3889 1932 3944 theo-

339 3978 620 4048 logorum,
659 3975 754 4046 qui
821 3975 1058 4032 frontem
1114 3977 1321 4034 habent
1362 3987 1473 4043 tam
1518 3979 1810 4036 eﬂ‘rontem
1870 3997 1937 4038 ac

340 4069 714 4141 pnefractam,
747 4077 799 4123 et
837 4084 905 4124 eo
954 4069 1280 4126 reciderunt
1319 4073 1650 4128 temeritatis
1684 4082 1745 4128 ut
1775 4075 1934 4145 quasi

337 4162 574 4232 quidam
594 4161 897 4218 Aristarchi
919 4178 1111 4218 eorum
1143 4163 1249 4218 sibi
1281 4165 1562 4220 vindicent
1586 4166 1933 4233 functionem

338 4257 730 4327 theologorum
758 4271 897 4327 quos
937 4271 1111 4326 penes
1156 4257 1517 4314 honorarium
1560 4247 1766 4330 pendet
1786 4261 1935 4332 judi-

336 4354 497 4411 cium
549 4353 910 4424 expendendi’
960 4353 1300 4424 Scripturas,
1344 4371 1477 4410 num
1530 4357 1790 4428 legitimae
1823 4357 1934 4412 sint

335 4453 603 4510 monetae,
635 4460 704 4499 an
744 4443 1076 4500 adulterinae
1106 4454 1202 4499 aut
1234 4446 1622 4516 supposititiae.
1646 4447 1932 4518 Ejusmodi

2028 1952 2180 2007 bitur
2211 1951 2360 2022 quod
2419 1961 2720 2021 utrumque
2760 1967 2827 2006 ex
2862 1957 3016 2020 parte
3051 1958 3156 2015 est,
3192 1957 3249 2004 et
3291 1949 3622 2020 perﬁcietur'

2027 2044 2176 2115 quod
2205 2054 2292 2100 est
2319 2044 2543 2100 fabrica:
2565 2043 2874 2114 spiritualis
2906 2059 3042 2114 apex
3071 2055 3126 2098 et
3156 2042 3487 2114 fastigium.»
3517 2043 3624 2098 Est'

2030 2137 2393 2192 nihilominus
2453 2137 2726 2192 catholica
2781 2137 2896 2192 haec
2960 2135 3488 2208 propositiozFides
3557 2137 3625 2190 in-

2028 2225 2282 2281 swcutum
2310 2227 2490 2281 stabit.
2523 2227 2680 2294 Quod
2709 2234 2794 2282 est
2844 2226 3091 2282 Hebraeis
3125 2211 3376 2288 350.hoc
3410 2225 3616 2281 Graecis

2031 2319 2184 2386 αἰών,
2219 2311 2382 2375 nobis
2412 2321 2682 2388 swculum,
2717 2336 2823 2375 vox
2845 2319 3046 2391 cuique
3082 2320 3283 2390 lingua:
3313 2319 3612 2390 polysema,

2031 2411 2265 2466 testibus
2299 2410 2632 2485 Hieronymo
2666 2413 2722 2467 in
2755 2413 3056 2482 prephetas
3090 2420 3147 2468 et
3170 2412 3382 2468 Joanne
3421 2412 3619 2466 Dama-

2031 2516 2220 2566 sceno,
2248 2517 2370 2573 cap.
2410 2503 2433 2556 1
2466 2503 2597 2558 libri
2626 2521 2688 2566 ιι,
2717 2519 2867 2559 nunc
2902 2503 3146 2558 hominis
3201 2511 3440 2568 atatem,
3470 2519 3620 2558 nunc

2031 2595 2441 2660 smculi-ﬁnem,
2472 2603 2536 2649 ut
2564 2594 2670 2650 hoc
2719 2594 2866 2660 loco,
2917 2596 3116 2665 signat.
3167 2595 3275 2651 Sed
3321 2603 3379 2649 et
3435 2595 3618 2649 locum

2032 2687 2218 2741 indico
2251 2686 2400 2743 unde
2439 2687 2784 2758 praescriptis
2830 2687 3019 2742 verbis
3058 2687 3113 2741 id
3152 2689 3368 2742 axioma
3397 2688 3620 2742 desum-

2032 2789 2187 2850 ptum
2225 2780 2315 2845 sit,
2348 2794 2550 2850 nempe
2606 2794 2637 2835 e
2666 2796 2732 2834 x1.
2767 2795 2887 2849 cap.
2931 2779 3144 2834 Eccles.
3189 2777 3345 2834 Tunc
3377 2780 3619 2849 primum

2031 2875 2101 2929 ab
2131 2889 2198 2930 eo
2237 2873 2561 2944 scrupulum
2597 2873 2747 2928 hunc
2780 2871 3020 2927 excussi.
3059 2872 3250 2941 Neque
3297 2872 3402 2926 hoc
3453 2871 3622 2927 velim

2031 2969 2314 3024 existimes
2341 2982 2409 3022 eo
2446 2983 2479 3022 a
2518 2981 2604 3021 me
2634 2967 2868 3030 dictum,
2893 2965 3038 3036 quod
3067 2965 3322 3020 damnem
3352 2966 3415 3020 D.
3461 2965 3621 3020 theo-

2031 3063 2283 3134 logorum
2317 3062 2441 3131 pios
2461 3060 2683 3115 labores
2710 3059 2764 3112 in
2788 3056 3144 3128 explorandis
3164 3056 3467 3128 Seripturis
3488 3074 3620 3112 num

2034 3151 2292 3222 legitimae
2331 3152 2441 3207 sint
2485 3161 2542 3206 et
2606 3151 2817 3206 lectore
2864 3148 3184 3205 Christiano
3227 3150 3426 3220 dignte.
3476 3149 3620 3216 Quin

2034 3244 2170 3299 adeo
2187 3260 2295 3298 non
2320 3244 2542 3310 damno,
2575 3253 2637 3298 ut
2662 3243 2826 3298 etiam
2874 3242 3092 3298 tuenda:
3122 3242 3248 3298 ﬁdei
3280 3241 3621 3306 orthodoxze,

2033 3346 2160 3392 ante
2220 3336 2764 3393 senatusconsultum
2792 3336 2847 3390 in
2891 3335 3035 3390 hanc
3083 3351 3200 3390 rem
3246 3334 3517 3390 sancitum
3569 3343 3620 3388 et

2033 3430 2264 3496 editum,
2319 3431 2634 3486 necessario
2705 3429 3020 3502 censuerim
3056 3443 3277 3498 semper
3327 3438 3383 3482 et
3428 3427 3621 3482 eadem

2036 3526 2273 3590 ratione,
2325 3523 2474 3594 vulgi
2528 3532 2693 3594 atque
2752 3523 3195 3577 Lutheranorum
3266 3520 3622 3591 negligendos

2035 3616 2397 3686 contemptim
2431 3616 2805 3685 rumusculos,
2841 3614 3168 3686 pervicacia:
3209 3621 3425 3692 tantum.
3453 3622 3510 3668 et
3540 3623 3622 3668 te-

2036 3708 2308 3763 meritatis
2331 3707 2651 3763 Dathanicas
2685 3716 2741 3762 et
2770 3707 3086 3762 Abironicee
3112 3721 3376 3777 perquam
3405 3708 3619 3778 plenos.

2036 3802 2113 3857 De
2164 3816 2268 3857 suo
2315 3799 2539 3871 opiﬁcio
2593 3791 2919 3870 pronuntiat
2966 3799 3148 3869 quivis
3202 3797 3407 3869 opifex,
3443 3807 3620 3864 sutor,

2036 3905 2235 3962 sartor,
2270 3895 2534 3965 piscator,
2562 3895 2766 3964 pollio;
2802 3894 2871 3950 de
2904 3893 3214 3963 theologica
3259 3908 3340 3958 re,
3371 3895 3621 3950 omnium

2036 4005 2159 4060 quae
2181 3989 2236 4043 in
2262 3988 2428 4043 terris
2449 3994 2578 4042 sunt
2601 3987 3013 4058 augustissima,
3039 3986 3142 4042 soli
3172 3986 3262 4042 isti
3297 3986 3419 4057 ejus
3443 3987 3616 4044 rudis-

2036 4081 2162 4138 simi
2201 4079 2506 4137 censebunt
2537 4079 2785 4150 opifices,
2819 4080 2916 4135 uni
2966 4081 3220 4152 theologo
3288 4096 3399 4135 non
3429 4080 3622 4136 licebit

2036 4175 2094 4230 in
2125 4186 2343 4232 suomet
2375 4192 2570 4248 campo
2596 4178 3001 4248 pronuntiare?
3032 4177 3096 4233 Et
3123 4178 3240 4232 haec
3280 4185 3388 4231 tam
3431 4178 3620 4234 multis

2035 4269 2204 4324 libuit
2227 4269 2500 4335 scribere,
2526 4279 2588 4326 ut
2620 4270 2900 4341 intelligas
2942 4271 2997 4325 in
3046 4271 3270 4341 quantis
3295 4271 3462 4327 hodie
3491 4288 3620 4327 ver—

2035 4370 2190 4416 setur
2237 4359 2501 4433 periculis
2557 4364 2810 4433 quisquis
2862 4364 3078 4419 scribit.
3110 4363 3194 4419 Ad
3245 4379 3309 4418 ca
3359 4373 3416 4419 et
3449 4380 3622 4434 pauca

2035 4453 2220 4520 venio,
2250 4469 2372 4524 quae
2403 4454 2659 4509 nonnihil
2687 4454 3009 4512 desiderant
3028 4457 3168 4512 lueis
3195 4473 3305 4528 qua
3334 4457 3622 4512 illustren-

330 4535 682 4611 przeproperi
730 4535 870 4591 adeo
909 4545 1038 4591 sunt
1080 4547 1132 4592 et
1167 4537 1470 4608 praecipitis
1507 4537 1729 4608 iudicii,
1763 4547 1825 4594 ut
1859 4539 1928 4596 de
1963 4550 2005 4604 ι)
2037 4553 2127 4599 tur
2166 4554 2222 4601 et
2277 4547 2690 4618 splendescant,
2725 4559 2782 4604 et
2813 4549 2964 4614 haec,
2993 4549 3244 4622 inquam,
3288 4550 3622 4622 paucissima

331 4630 544 4700 quovis
594 4629 840 4684 nondum
903 4637 1116 4684 malure
1169 4629 1313 4684 lecto
1370 4644 1598 4685 censere
1647 4632 1833 4687 ausint
1867 4648 1930 4688 ac

329 4737 541 4793 magna
583 4738 709 4777 cum
761 4723 1020 4793 libertate
1051 4721 1435 4791 pronuntiare.
1467 4722 1691 4778 Liberet
1719 4724 1930 4779 dictum

328 4820 451 4871 hoc
482 4830 664 4869 meum
695 4815 907 4885 duplici
935 4815 1319 4885 experimento
1350 4815 1699 4882 conﬁrmare,
1736 4826 1796 4871 ut
1829 4818 1922 4872 ad-

331 4907 591 4962 monitus
646 4908 822 4961 lector
854 4907 922 4979 (si
973 4908 1098 4977 quis
1165 4909 1382 4964 tandem
1443 4910 1746 4982 continget)
1809 4911 1930 4982 pios

322 4999 494 5070 juxta
545 5012 613 5052 ac
665 4997 860 5053 doctos
913 5015 1022 5052 non
1062 4999 1192 5054 satis
1215 5016 1372 5069 aequo
1402 4999 1598 5070 judicii
1636 5001 1930 5057 libramine

324 5105 617 5158 expenses
667 5090 974 5161 prospiciat
1017 5107 1088 5146 ne
1125 5092 1352 5146 damnet
1386 5093 1651 5148 immeriti
1697 5094 1928 5160 erroris,

322 5182 445 5237 hac
474 5182 780 5250 praesertim
826 5190 986 5236 aetate
1016 5182 1166 5237 omni
1205 5183 1732 5255 tragmdio-graphia
1762 5202 1929 5256 supe-

323 5271 506 5329 riore.
526 5271 681 5337 Quod
709 5271 895 5342 priore
929 5272 1053 5327 loco
1084 5273 1176 5328 hic
1199 5269 1498 5328 dicendum
1519 5275 1719 5341 fuerat,
1747 5277 1928 5332 visum

320 5374 425 5422 est
490 5364 717 5419 diﬁ'erre
758 5366 813 5419 in
867 5366 1306 5437 recognitionem
1365 5368 1556 5438 operis
1614 5369 1928 5440 imperfecti

321 5457 571 5516 Joannis
617 5457 998 5528 Chrysostomi
1030 5459 1085 5513 in
1120 5460 1457 5515 Matthaeum.
1485 5460 1604 5515 Jam
1645 5462 1710 5516 ad
1748 5463 1802 5518 id
1833 5463 1927 5519 de-

318 5533 550 5607 scendo
583 5548 734 5618 quod
776 5563 864 5604 me
897 5551 1129 5620 propius
1161 5559 1344 5622 urget.
1391 5551 1558 5606 initio
1593 5553 1779 5608 statim
1816 5556 1930 5624 pri-

318 5657 482 5702 mam
519 5643 930 5713 αὐτοσχεδίαςιν
958 5644 1050 5698 vix
1078 5659 1318 5712 versam,
1367 5645 1606 5701 amiculo
1671 5647 1797 5702 dedi
1845 5649 1926 5704 le-

316 5733 594 5809 gendam,
633 5733 797 5789 docto
841 5735 1090 5804 quidem,
1121 5737 1239 5803 sed,
1274 5747 1336 5792 ut
1375 5737 1558 5792 exitus
1596 5737 1807 5803 docuit,
1839 5756 1928 5794 ar-

317 5825 541 5902 gutiori
569 5842 736 5896 quam
784 5827 842 5881 in
893 5828 1214 5883 evolvendis
1251 5829 1444 5886 Bibliis
1473 5829 1832 5903 diligentiori.
1863 5833 1924 5890 In

579 5919 864 6001 Ρηιιοι.
913 5923 1023 5984 Gn.
1066 5920 1394 5989 LXXXIX.

1597 6008 1668 6015 --η

2031 4637 2338 4706 conferam,
2371 4641 2825 4710 quandoquidem
2860 4651 3022 4713 urget
3073 4643 3295 4712 prelum
3318 4644 3621 4719 vehemen-

2036 4740 2138 4785 ter.
2173 4731 2355 4787 Locus
2382 4733 2475 4802 qui
2508 4749 2565 4787 se
2602 4733 2764 4788 offert
2805 4733 3240 4797 discutiendum,
3267 4735 3483 4806 primus
3529 4736 3622 4792 ille

2031 4833 2118 4878 est
2147 4824 2203 4878 in
2260 4825 2381 4895 ipso
2407 4827 2627 4897 Prologi
2664 4827 2950 4882 vestibulo.
2973 4843 3002 4883 e
3030 4827 3276 4884 Canticis
3309 4827 3621 4884 Salomonis

2033 4911 2417 4984 depromptus,
2467 4933 2579 4987 quo
2613 4917 2786 4974 libros
2831 4917 3140 4974 Bibliorum
3190 4917 3426 4990 (eximite
3473 4919 3620 4974 inter

2032 5013 2264 5059 caeteros
2295 5007 2669 5077 auctoritatis)
2700 5009 3020 5079 parabolica
3058 5009 3354 5066 collatione
3401 5011 3622 5067 confert

2033 5095 2319 5170 sexaginta
2373 5098 2621 5168 reginis,
2677 5115 2803 5155 cum
2844 5101 3170 5170 neutiquam
3224 5100 3454 5157 totidem
3509 5101 3622 5158 sint

2029 5187 2184 5243 libri.
2217 5189 2493 5247 Caeterum
2546 5209 2658 5248 non
2705 5208 3000 5248 numerum
3053 5194 3144 5249 hic
3204 5195 3463 5256 attendit.
3521 5197 3620 5253 sed

2033 5282 2422 5339 auctoritatem
2481 5285 2598 5340 sive
2656 5285 2980 5356 dignitatem
3017 5303 3030 5339 :
3065 5287 3214 5357 quod
3267 5298 3354 5344 sat
3408 5297 3495 5345 est
3551 5292 3620 5345 ad

2031 5371 2358 5429 eliciendam
2406 5375 2695 5432 veritatem
2773 5378 3154 5448 Hommoseos,
3192 5379 3354 5450 cujus
3404 5380 3620 5451 species

2031 5474 2147 5520 tres
2189 5477 2340 5531 sunt,
2378 5466 2564 5534 εἰκὼν,
2599 5471 2692 5522 καὶ⁸
2748 5471 3123 5540 παράδειγμα,
3169 5473 3265 5525 καὶ
3305 5473 3618 5544 παραϐολή.

2031 5557 2239 5614 llomil.
2294 5558 2404 5626 ‘26,
2465 5561 2613 5631 quod
2660 5563 2918 5618 hortatur
2966 5565 3305 5630 monachos,
3359 5565 3620 5622 manibus

2031 5658 2258 5707 strenue
2299 5661 2361 5706 ut
2409 5652 2698 5721 laborent;
2743 5655 2887 5710 idem
2919 5655 3288 5730 Hieronymus
3334 5658 3402 5713 ad
3427 5659 3618 5714 Rusti-

2029 5755 2178 5807 cum,
2214 5743 2548 5801 Benedictus
2590 5757 2646 5802 et
2671 5751 2876 5804 caeteri.
2912 5749 3113 5806 llounl.
3149 5751 3218 5807 49
3250 5759 3402 5807 arcet
3441 5751 3617 5806 Simo-

2029 5835 2223 5892 niacos
2278 5854 2308 5895 a
2365 5839 2594 5912 judicio,
2628 5857 2740 5899 non
2776 5843 3174 5916 qualicunque,
3198 5845 3294 5900 sed
3321 5853 3589 5917 usurpato

3220 5935 3296 5999 45
