4016 6438
483 345 627 411 1419

1763 333 2133 399 ANTIOCHI
2172 332 2521 427 moment

3599 326 3718 394 1420

485 465 591 529 rio,
612 458 926 532 suspicioso
951 466 1010 514 et
1036 452 1333 513 temerario
1363 482 1378 517 ς
1411 450 1651 507 maxime
1688 460 1719 503 a
1748 446 1961 518 judicio
1986 460 2077 501 τε·
2103 453 2151 519 Α
2182 445 2261 501 De
2293 446 2487 518 spiritu
2522 452 2571 500 et
2615 446 2798 503 animo
2841 444 3198 514 exsequitur;
3239 442 3580 514 Hippocratis
3604 460 3723 514 quo-

485 552 833 626 probationis
846 548 1006 623 quod
1037 548 1214 605 solius
1232 554 1319 601 est
1342 544 1443 600 Dei
1478 557 1625 599 :non
1650 540 1785 597 item
1815 539 2077 615 prohibet

487 641 776 714 publicum
812 639 931 696 sive
955 637 1367 695 contentiosum
1403 633 1461 691 in
1504 632 1612 690 hoc
1647 631 1989 697 institutum,
2013 639 2078 686 ut

486 742 812 806 protegatur
839 731 1182 795 itmocentia,
1209 737 1268 783 et
1294 726 1505 785 malitia
1546 725 1831 797 puniatur,
1855 725 1911 791 2,
1937 740 1995 795 q.
2022 723 2074 790 l,

488 826 637 895 Quae
669 825 977 881 Lotharitu.
1030 822 1232 880 Homil.
1299 820 1406 886 65,
1464 818 1646 885 initio,
1670 816 1848 873 videri
1899 816 2077 888 possit

487 918 641 975 omni
667 918 1237 990 prorsusjuramento
1285 911 1623 970 interdicere
1654 911 1897 966 voluisse
1917 910 2079 967 Chri-

489 1012 705 1079 stianis,
759 1010 1055 1067 collatione
1108 1009 1402 1078 utriusque
1450 1006 1611 1076 legis,
1681 1019 1811 1060 cum
1864 1003 2074 1074 alioqui

484 1107 865 1178 juramentum
918 1103 1005 1159 sui
1043 1110 1243 1157 natura
1296 1101 1503 1163 malum
1544 1098 1684 1155 adeo
1734 1113 1844 1157 non
1886 1097 1984 1162 sit,
2016 1105 2079 1153 ut

489 1207 650 1255 actus
690 1198 858 1253 etiam
904 1194 1082 1251 latria:
1114 1188 1209 1260 sit,
1242 1193 1433 1249 adsint
1465 1190 1633 1248 modo
1680 1199 1795 1247 tres
1818 1190 2074 1255 comites,

487 1289 717 1352 veritas,
743 1286 1017 1358 judicium
1058 1293 1116 1341 et
1159 1282 1395 1355 justitia,
1429 1290 1569 1339 teste
1608 1281 1674 1337 D.
1706 1280 1940 1339 Thoma.
1967 1279 2077 1336 Ve-

488 1399 610 1439 rum
640 1380 863 1452 quando
896 1378 1023 1434 libri
1056 1378 1200 1450 juris
1234 1379 1525 1446 utriusque
1548 1374 1827 1433 fusissime
1850 1372 2075 1437 docent,

488 1475 693 1548 quibus
714 1472 784 1529 de
814 1471 1002 1529 causis
1030 1471 1200 1525 liceat
1242 1470 1455 1540 jurare.
1490 1467 1698 1537 quibus
1729 1480 1865 1530 non,
1891 1462 1990 1525 sed
2022 1471 2081 1520 et

487 1568 679 1626 schola
726 1564 1114 1636 theologorum
1157 1559 1269 1617 illis
1330 1559 1525 1617 eadem
1573 1557 1642 1615 de
1691 1571 1753 1613 re
1791 1555 2076 1613 concinit:

486 1660 624 1717 satis
647 1656 884 1715 videbor
921 1652 1119 1710 iecisse
1134 1652 1188 1708 si
1210 1651 1454 1715 docuero
1474 1646 1814 1703 Antiochum
1839 1645 2080 1699 voluisse

487 1765 521 1806 a
550 1744 791 1819 reproba
839 1740 1250 1801 consuetudine
1293 1736 1522 1810 jurandi
1572 1749 1806 1791 avocare
1853 1732 2076 1797 fratres,

2180 556 2288 612 que
2311 539 2748 595 commentarius
2770 537 3051 595 {tutissime
3083 538 3140 594 in
3163 537 3329 609 hujus
3352 535 3726 607 Apotelcsmata

2179 633 2248 691 de
2284 632 2540 693 somniis.
2567 631 2840 703 Apatbian
2874 634 3105 701 insuper
3125 631 3298 686 sumit
3320 645 3431 685 non
3458 646 3556 701 pro
3578 632 3730 693 omni-

2179 725 2338 782 modo
2395 726 2490 781 illa
2533 740 2662 795 erga
2714 724 3039 785 aﬂ‘ecuones
3088 724 3208 781 sive
3257 723 3542 794 passiones
3583 724 3729 781 animi

2178 817 2568 875 immobilitate
2599 834 2613 871 :
2640 804 2737 887 qui
2785 832 2943 875 error
2985 816 3443 887 philosophorum
3474 825 3621 883 erat;
3650 816 3732 873 ad-

2177 925 2377 969 versus
2409 924 2576 979 quem
2617 908 2896 974 Laertius,
2955 908 3228 980 Diogenes
3272 918 3334 969 et
3386 909 3733 968 Plutarchus:

2178 1018 2247 1057 ex
2295 1001 2534 1065 Latinis,
2586 999 2761 1055 Aulus
2810 998 3041 1066 Gellius,
3093 1009 3319 1061 sanctus
3372 998 3737 1074 Hieronymus,

2177 1104 2342 1165 atque
2373 1092 2716 1165 Augustinus
2765 1091 3038 1148 adversus
3066 1092 3383 1164 Pelagium;
3414 1092 3514 1149 sed
3544 1109 3638 1164 pro
3660 1111 3739 1151 eu-

2181 1186 2413 1259 thymia,
2442 1186 2497 1243 id
2523 1194 2630 1251 est,
2655 1200 2760 1256 pro
2792 1194 2934 1241 statu
2966 1186 3262 1255 compositi
3285 1186 3479 1252 animi,
3532 1186 3741 1255 requieti

2179 1296 2245 1343 ac
2280 1279 2457 1337 sedati
2511 1278 2582 1334 ab
2631 1277 2961 1347 intemperie
3012 1278 3470 1339 tumultuantium
3517 1277 3741 1333 affectio-

2179 1386 2353 1427 num:
2385 1370 2493 1425 hoc
2536 1378 2644 1436 est,
2694 1383 2795 1439 pro
2843 1368 3266 1439 tranquillitate.
3311 1369 3520 1437 Verum
3558 1384 3640 1435 me
3668 1368 3745 1425 hic

2180 1461 2391 1524 dicere,
2438 1459 2558 1529 ipse
2623 1458 2731 1513 sibi
2791 1457 2952 1513 testis
3008 1467 3096 1515 est
3141 1457 3394 1528 locuples
3448 1458 3553 1512 sub
3600 1456 3743 1513 linem

2180 1553 2375 1608 bomil.
2403 1551 2491 1615 79,
2523 1566 2647 1622 quae
2670 1549 2741 1605 de
2770 1565 2948 1621 agone
2976 1557 3087 1604 est.
3112 1548 3364 1619 Denique
3401 1547 3581 1604 videri
3611 1558 3744 1619 pule-

2181 1644 2257 1699 rit
2293 1642 2496 1701 alicubi
2549 1642 2742 1699 varius
2789 1641 2844 1699 in
2894 1642 3222 1711 acceptione
3283 1641 3615 1706 dictionum,
3646 1657 3749 1712 qua

2182 1746 2377 1825 suapte
2413 1742 2611 1792 natura
2643 1735 2941 1807 polysemus:
2967 1745 3115 1799 sunt.
3147 1734 3279 1791 Dum
3325 1742 3631 1790 occurrunt
3667 1749 3749 1806 po-

488 1858 630 1915 quos
650 1840 805 1898 nulla
836 1837 1068 1909 urgebat
1108 1830 1333 1906 jurandi
1378 1828 1686 1889 necessitas
1712 1845 1726 1881 :
1748 1841 1916 1901 quam
1945 1839 2079 1880 con-
2109 1824 2152 1879 Β
2184 1824 2480 1887 tissimum.
2504 1827 2800 1884 Homiliam
2829 1827 3152 1883 vicesimam
3198 1826 3480 1887 inscribit.
3505 1828 3635 1896 Περὶ
3660 1846 3747 1881 σω-

488 1932 867 1997 suetudinem,
895 1942 1061 1991 nemo
1104 1926 1236 1998 pius
1282 1922 1380 1995 qui
1431 1936 1545 1978 non
1587 1927 1927 1979 exsecretur.
1962 1917 2081 1972 Hoc

487 2027 733 2086 voluisse
804 2022 1183 2091 Antiochum,
1270 2017 1509 2077 verbum
1594 2008 2075 2085 σὲαρακελεύομαι,

488 2122 598 2184 hoc
621 2128 725 2186 est,
757 2098 1167 2190 προτρέπομαι,
1197 2111 1472 2174 adhortor,
1497 2107 1776 2171 admoneo,
1812 2103 1976 2160 facile
1996 2104 2085 2159 in-

490 2213 662 2270 dicat.
744 2208 985 2269 Proinde
1046 2221 1147 2277 per
1214 2201 1518 2276 juramenti
1592 2214 1707 2254 non
1777 2196 2082 2253 necessarii

490 2301 952 2361 consuetudinem
989 2297 1093 2371 ipsi
1124 2295 1444 2368 experimur
1475 2300 1682 2365 quanta
1733 2289 2083 2361 proclivitate

491 2400 781 2469 rapiantur
814 2392 883 2449 ad
928 2391 1173 2464 perjuria
1232 2387 1510 2452 homines,
1561 2394 1619 2440 et
1678 2381 2081 2453 blasphemiam

492 2490 820 2559 Sacrilegum
848 2503 861 2537 :
890 2499 1063 2555 quare
1097 2483 1280 2536 locum
1328 2480 1421 2534 hic
1466 2477 1639 2533 habet
1684 2474 1833 2546 quod
1866 2472 2086 2528 inducit

491 2581 643 2637 Glos.
674 2581 730 2635 in
759 2575 917 2641 illud,
946 2572 1055 2630 Sed
1087 2574 1213 2645 quia
1255 2571 1518 2649 pejerare,
1547 2568 1639 2630 22,
1688 2583 1745 2637 q.
1778 2566 1830 2625 1.
1860 2580 1981 2635 cap.
2017 2562 2083 2619 In

491 2671 645 2727 Nouo
670 2669 1024 2724 Testamento.
1065 2666 1467 2733 Argumentum
1501 2667 1606 2719 est.
1648 2656 1796 2728 quod
1828 2652 2083 2733 quando-

492 2778 603 2833 que
639 2758 971 2831 prohibetur
1024 2753 1232 2825 aliquid
1273 2767 1385 2807 non
1419 2759 1649 2821 propter
1681 2763 1766 2814 se,
1806 2746 1903 2802 sed
1944 2760 2080 2818 pro-

492 2859 618 2922 pter
650 2847 786 2903 illud
824 2844 980 2921 quod
1041 2842 1174 2899 inde
1236 2839 1397 2912 sequi
1434 2855 1559 2909 non
1600 2846 1803 2911 potest,
1833 2838 1995 2907 ll,q.
2025 2836 2080 2902 5,

406 2944 425 2967 ’
492 2944 691 3005 Nolite,
719 2948 767 2997 et
806 2939 874 2995 27
906 2938 1031 2992 dist.
1066 2934 1174 2992 Sed
1200 2943 1257 2991 et
1286 2932 1636 2991 Venerabilis
1672 2930 1908 2987 Beda-in
1944 2929 2082 2985 illud

493 3036 686 3095 Jacobi
723 3034 901 3090 :Ante
974 3030 1154 3085 omnia
1179 3068 1195 3096 ,
1260 3027 1459 3099 fratrea
1490 3066 1506 3092 ,
1556 3033 1692 3090 etc.,
1730 3018 2087 3097 consuetudi-

493 3142 623 3183 nem
657 3124 920 3196 prohibet
948 3118 1194 3193 jurandi,
1229 3133 1299 3173 ne
1327 3133 1396 3173 ex
1418 3132 1482 3171 ea
1507 3114 1838 3194 deveniatur
1863 3114 1919 3169 in
1950 3128 2083 3183 per-

489 3218 722 3289 jurium.
753 3213 953 3269 Homil.
978 3209 1068 3275 84,
1087 3225 1209 3281 quae
1234 3216 1320 3265 est
1346 3207 1415 3263 de
1444 3206 1755 3272 insomniis,
1786 3205 1951 3263 tidem
1979 3219 2092 3260 non

2180 1924 2480 1997 φροσύνης.
2528 1936 2697 1992 quam
2747 1919 3169 1990 inscriptionem
3223 1918 3550 1977 vertendam
3594 1918 3748 1987 docet,

2179 2015 2590 2091 uti_vertimus,
2625 2011 2984 2068 subiuductio
3026 2010 3413 2081 exemplorum
3445 2028 3459 2065 :
3496 2009 3575 2064 De
3617 2012 3751 2066 casti-

2181 2116 2291 2163 tate
2327 2108 2435 2162 siue
2495 2105 2787 2177 pudicitia..
2822 2103 3040 2159 Inducit
3084 2104 3234 2169 enim
3284 2103 3522 2174 Joseph,
3577 2102 3753 2159 Susan-

2180 2216 2330 2269 nam,
2358 2199 2766 2269 Sarephtanam
2826 2196 3454 2268 viduamHGregorium
3499 2197 3753 2283 Necessa-

2180 2293 2448 2358 riensem,
2475 2290 2703 2363 Cyrum,
2743 2289 2812 2347 de
2850 2305 2963 2360 quo
2991 2288 3140 2361 apud
3178 2289 3609 2360 Xenophontem
3636 2304 3752 2345 τηου

2181 2399 2290 2455 que
2317 2384 2468 2439 enim
2507 2382 2872 2439 sobrietatem
2919 2392 3017 2441 aut
3065 2383 3369 2456 sanitatem
3430 2383 3628 2438 meritis
3667 2382 3752 2438 hoe

2181 2476 2306 2531 loco
2326 2476 2507 2531 solum
2548 2475 2778 2531 indicat.
2818 2473 2926 2530 Sed
2957 2474 3160 2531 et.sub
3186 2489 3311 2545 ejus
3338 2472 3752 2531 homiliaelinem

2180 2569 2366 2629 locum
2428 2567 2703 2624 inducens
2746 2584 2816 2625 ex
2857 2582 2981 2637 cap.
3011 2581 3050 2622 .;
3101 2566 3173 2622 ad
3238 2566 3452 2632 Titum,
3486 2567 3750 2637 σωφρόνως

2183 2664 2278 2718 καὶ
2307 2662 2535 2726 δικαίως
2559 2662 2654 2716 καὶ
2683 2661 2951 2727 εὐσεϐῶς,
2975 2660 3032 2719 ni
3060 2659 3225 2721 fallor
3255 2660 3557 2730 σωφρόνως
3586 2661 3749 2725 sumit,

2182 2772 2308 2828 pro,
2343 2764 2509 2821 caste,
2543 2755 2774 2828 pudice:
2799 2762 2861 2810 ut
2900 2753 2975 2811 sit
3008 2753 3292 2809 acoluthia
3315 2754 3644 2809 sententiae:
3671 2767 3751 2807 nos

2184 2858 2371 2911 tamen
2420 2849 2743 2921 religiosum
2790 2848 3053 2903 duximus
3082 2846 3301 2903 variare
3344 2844 3749 2902 ecclesiasticam

2182 2943 2501 3007 lectionem,
2525 2941 2897 3012 interpretati,
2924 2941 3098 2994 sobrie
3118 2946 3175 2994 et
3194 2941 3363 3009 juste.
3401 2937 3592 2999 Simile
3605 2936 3751 3008 quid-

2184 3036 2310 3092 dam
2368 3036 2427 3091 in
2469 3035 2696 3091 homilia
2755 3034 2857 3090 106
2895 3033 3208 3103 comperies
3235 3048 3249 3086 :
3280 3032 3453 3103 εὐχὴν
3496 3032 3636 3087 enim
3670 3043 3750 3100 pro

2192 3128 2448 3191 citatione
2483 3128 2580 3182 ubi
2629 3126 2901 3197 sumpsit;
2936 3124 3041 3180 sub
3076 3124 3244 3179 tinem
3265 3124 3499 3180 videtur
3526 3139 3620 3196 pro
3645 3131 3750 3177 voto

2193 3220 2452 3290 accipere
2488 3237 2501 3272 :
2533 3217 2592 3273 Si
2615 3217 2839 3279 voceris.
2868 3225 2977 3273 etc.
3030 3213 3137 3271 Sed
3170 3230 3235 3270 ea
3265 3230 3379 3270 vox
3403 3230 3531 3270 cum
3562 3225 3749 3269 utrum-

498 3307 811 3367 habendam
856 3303 1149 3361 insomniis
1180 3302 1343 3358 docet
1369 3299 1993 3371 exelnploluculenter;
2032 3297 2092 3353 id
2194 3330 2304 3386 que
2348 3313 2580 3379 indicet,
2632 3313 2790 3368 ιοοω
2844 3320 2931 3368 εει
2983 3310 3352 3381 excusatum.
3391 3309 3465 3365 Ει
3510 3308 3623 3366 δα
3643 3321 3750 3362 sane

495 3417 630 3457 vero
662 3397 1107 3470 intelligendum,
1138 3395 1249 3450 nisi
1289 3393 1550 3467 discretio
1589 3391 1887 3462 spirituum
1923 3390 2090 3446 adsit.

2196 3412 2353 3470 sunt,
2391 3404 2633 3465 candide
2675 3404 2873 3470 lector,
2905 3417 3143 3474 quorum
3172 3402 3351 3474 gratia
3382 3403 3579 3459 anxius
3608 3402 3750 3456 haere-

491 3494 637 3553 Sunt
667 3495 816 3551 enim
850 3491 1066 3563 species
1097 3489 1287 3562 variae,
1323 3504 1461 3560 quas
1492 3486 1834 3563 Augustinus
1857 3485 1915 3559 in
1948 3485 2093 3541 libro
2194 3496 2343 3554 bam

568 3828 673 3874 tem
711 3826 763 3872 et
797 3824 1194 3888 congruentem.

835 3998 1203 4057 PROLOGUS
1239 3998 1362 4056 πω
1371 3997 1457 4054 US
1492 3996 1763 4054 OPERIS.

572 4114 881 4173 Antiochus
916 4113 1032 4180 ille,
1060 4113 1155 4185 qui
1201 4111 1409 4167 mundo
1455 4111 1681 4181 penitus
1727 4108 2087 4175 renuntiavit,

492 4210 637 4267 etin
672 4210 856 4280 magni
902 4207 1051 4262 illius
1103 4204 1261 4261 Sabae
1315 4202 1656 4259 monasterio
1709 4217 1822 4256 non
1892 4202 2090 4272 exiguo

2102 3612 2175 3626 “-

497 3678 654 3735 Liber
686 3676 783 3731 Dei
813 3682 1077 3747 prazcepta
1116 3673 1411 3747 continens,
1460 3670 1785 3747 insunergue
1829 3671 2093 3747 interpre-

570 3741 1029 3810 tationes'eorun't,
1072 3760 1274 3798 necnon
1300 3741 1602 3796 doctrinam
1656 3743 1723 3800 iis
1775 3742 2091 3796 conuenien-

2195 3680 2416 3747 Βίϐλος
2436 3681 2468 3751 Υ
2496 3683 2864 3751 περιέχουσα
2883 3678 2993 3747 τὰς
3016 3679 3119 3734 τοῦ
3136 3678 3363 3751 Κυρίου
3382 3677 3648 3751 ἐντολὰς,
3682 3676 3749 3751 ἔτι

2265 3768 2332 3822 τε
2375 3750 2526 3827 μὴτ,
2552 3749 2651 3827 vis!
2686 3753 2795 3817 τὰς
2836 3752 3158 3827 ἑρμηεεζας
3203 3749 3451 3827 αὑτῷνς
3479 3749 3748 3827 πρὸς-’τορ-

2262 3816 2392 3887 ⁸ἑοιςῖ
2433 3816 2530 3875 aedi
2562 3825 2669 3888 τὰς
2702 3816 3200 3890 συναρμοζούσας
3246 3816 3497 3887 tacta};
3522 3816 3639 3875 atat
3672 3816 3747 3882 ἐξ·

2260 3892 2724 3958 ακολουθούσας
2755 3890 3175 3957 διδασκαλίας.
3287 3937 3299 3943 -

2227 4002 2587 4059 ΠΡΟΛΟΓΟΣ
2626 4004 2766 4058 Tor
2803 4003 3176 4059 ΠΑΡΟΝΤΟΣ
3212 3992 3719 4059 ΣΥΝΤΑΓΜΑΤΟΣ

2281 4116 2579 4203 Ἀντίοχος⁴
2609 4116 2711 4209 μὲν
2763 4118 2971 4180 ἐκεῖνος
2997 4117 3025 4171 ὁ
3053 4116 3218 4170 παντὶ
3248 4116 3438 4187 πάντη
3479 4115 3556 4187 τῷ
3593 4115 3745 4184 κόσμῳ

2197 4209 2632 4300 ἀποταξάμενος,
2669 4208 2766 4265 καὶ
2797 4211 2864 4282 τῇ
2912 4208 3008 4263 τοῦ
3060 4209 3298 4280 μεγάλου
3341 4209 3497 4264 Σὰσα
3529 4212 3583 4264 ὲν
3621 4208 3742 4287 Ἱερστ

500 4313 750 4372 tempore
798 4300 854 4353 in
909 4311 1133 4352 secessu
1184 4296 1357 4352 vitam
1412 4293 1601 4374 duxit;
1636 4291 1771 4348 dum
1816 4292 1924 4348 sibi
1985 4290 2087 4363 ipsi

2202 4290 2459 4373 σολύμοις
2491 4305 2627 4374 μονῇ
2660 4301 3011 4373 ὲφησυχέισας
3032 4301 3228 4373 χρόνον
3254 4302 3382 4374 οὐχί
3402 4297 3740 4374 μικρόν-οὓτω

499 4370 728 4449 vacaret
768 4400 826 4447 et
867 4374 1211 4453 attenderet,
1242 4388 1479 4459 adeptus
1522 4370 1712 4442 rerum
1759 4385 2091 4471 salutarium

501 4483 758 4559 notitiam
813 4481 1121 4537 secundum
1174 4479 1311 4535 illud
1364 4486 1725 4550 praeceptum,
1785 4476 1981 4532 Vacate
2018 4484 2090 4531 ‘et

500 4577 707 4640 scitote,
730 4571 978 4629 collectis
1002 4570 1251 4642 Spiritus
1301 4570 1479 4626 sancti
1520 4568 1754 4636 divitiis,
1791 4583 1971 4639 neque
2002 4583 2092 4624 se-
2158 4570 2163 4577 “

502 4666 627 4737 gnis
658 4664 727 4718 ad
775 4677 871 4718 eas
931 4660 1229 4732 egentibus
1258 4660 1488 4732 largiter
1542 4659 1931 4727 eﬂ‘undendas,
1965 4675 2093 4715 cum

2196 4413 2258 4451 τε
2293 4395 2419 4451 καθ’
2450 4395 2648 4450 ἑαυτὸν
2676 4389 2938 4465 γεγονὼς,
2971 4396 3067 4449 καὶ
3099 4393 3375 4464 σχολάσας
3402 4396 3499 4451 καὶ
3521 4393 3666 4463 γνοὺς
3692 4389 3740 4442 τὸ

2196 4481 2441 4562 σωτήρία
2469 4488 2614 4543 κατὰ
2633 4488 2756 4559 τὴν,
2785 4488 3133 4557 Exclamare
3158 4487 3255 4542 καὶ
3300 4488 3508 4559 γνῶτε,
3532 4484 3732 4540 κελεύου

2195 4599 2296 4636 σαν
2351 4579 2615 4652 ἐντολήνο
2663 4578 2896 4633 πλοῦτόν
2950 4595 3012 4632 τε
3071 4577 3219 4632 οὕτω
3305 4579 3626 4651 συναγείρας
3669 4570 3737 4627 τοῦ

2194 4672 2657 4745 Πνεύματος,ηκαὶ
2688 4670 3014 4744 μεταδοῦναι
3036 4669 3230 4726 τούτου
3256 4671 3533 4736 πλουσίως
3554 4671 3609 4723 οὐ
3637 4682 3735 4720 κατ·

502 4752 886 4809 ecntenarium
913 4751 1153 4806 fructum
1191 4750 1473 4805 retulisset
1511 4759 1569 4806 et
1594 4750 1862 4805 talentum
1901 4750 2095 4805 multi-

503 4848 783 4919 plicasset,
815 4855 880 4917 ut
920 4852 1180 4916 tanquam
1236 4859 1434 4900 servus
1487 4843 1689 4911 ﬁdelis,
1741 4845 1989 4916 prudens
2039 4854 2097 4900 et

500 4941 683 4997 bonus
717 4954 749 4994 a
794 4940 1067 4995 clemente
1110 4937 1341 4993 domino
1391 4937 1843 4993 benedictionem
1878 4937 2098 5010 accipe-

506 5042 625 5090 ret:
651 5034 765 5098 bic,
806 5033 1056 5103 inquam,
1092 5032 1404 5087 Antiochus
1448 5040 1858 5104 quo‘tempore
1891 5032 2099 5087 eﬂ‘erus

504 5127 801 5183 Persarum
827 5124 1071 5192 animus,
1096 5126 1452 5197 impetusque
1484 5141 1680 5181 eorum
1705 5112 2098 5199 sanguinarius

506 5228 682 5274 totam
704 5217 1048 5274 Orientalem
1083 5219 1300 5290 plagam
1338 5220 1590 5274 Romano
1632 5232 1853 5291 sceptro
1892 5235 2096 5290 paren-

512 5320 621 5367 tem
645 5311 947 5366 miserabili
979 5311 1131 5366 exitu
1149 5311 1217 5366 ad
1241 5310 1405 5367 suum
1430 5314 1597 5366 traxit
1618 5311 1936 5382 imperium.
1966 5311 2097 5366 hinc

509 5410 879 5472 Opportunum
905 5411 1103 5456 nactus
1128 5401 1503 5466 occasionem,
1538 5416 1758 5455 sacrum
1803 5400 2098 5471 quemdam

508 5493 715 5550 librum
744 5507 813 5547 ex
845 5492 1051 5547 divinis
1077 5492 1317 5563 eloquiis
1350 5492 1664 5557 adornavit,
1701 5502 1761 5547 ut
1784 5474 1877 5548 ille
1903 5492 2098 5546 eodem

511 5586 570 5641 in
612 5586 762 5641 libro
816 5585 1269 5641 manifestissime
1295 5586 1563 5649 declarat,
1586 5576 1883 5657 eidemque
1909 5584 2102 5656 hujus-

511 5680 661 5736 modi
701 5678 925 5734 titulum
947 5679 1181 5747 indidit;
1220 5679 1489 5750 illumque
1511 5678 1569 5734 in
1591 5678 1839 5734 medium
1864 5678 2098 5751 protulit

2194 4767 2435 4837 οκνήσας
2474 4766 2587 4828 τοῖς
2623 4762 2912 4835 χρῄζουσι,
2939 4765 3374 4836 καρποφορήσας
3396 4764 3451 4817 δὲ
3479 4760 3661 4834 μᾶλλον
3680 4755 3735 4817 si,

2195 4856 2414 4922 ἑκατὸν,
2447 4857 2541 4912 καὶ
2571 4854 3020 4920 πολυπλασιάσας
3048 4855 3110 4908 τὸ
3141 4854 3429 4920 τάλαντον,
3452 4855 3535 4908 ἵνα
3555 4853 3623 4914 ὡς
3646 4845 3732 4902 δοῦ·

2196 4948 2289 5012 λος
2334 4948 2526 5013 πιστός
2560 4965 2622 5000 τε
2672 4946 2768 5001 καὶ
2818 4947 3080 5019 φρόνιμος
3111 4948 3207 5001 καὶ
3242 4946 3448 5017 ἀγαθὸς
3502 4941 3642 5013 παρὰ
3665 4934 3733 4990 τοῦ

2199 5040 2506 5112 φιλαγάθου
2524 5040 2796 5094 Δεσπότου
2828 5040 3097 5111 εὐλογηθῇ
3118 5055 3132 5068 ο
3164 5033 3321 5104 οὗτος
3349 5034 3485 5092 οὗνό
3514 5034 3730 5111 ’ᾼντὶοχος

2201 5135 2346 5188 κατὰ
2372 5135 2603 5206 καιροὺς
2630 5133 2895 5199 ἐκείνους,
2926 5133 3013 5193 ὅτε
3041 5135 3074 5203 ἡ
3113 5132 3225 5187 τῶν
3255 5126 3479 5203 Περσῶν
3507 5125 3728 5198 θηριώδης

2197 5224 2392 5298 γνώμη
2417 5226 2510 5278 καὶ
2543 5224 2825 5296 μιαιφόνος
2855 5224 3002 5297 ὁρμὴ
3047 5225 3229 5281 πᾶσαν
3260 5223 3442 5295 χώραν
3466 5224 3619 5292 opp-iw
3638 5210 3728 5285 lSicl

2199 5318 2339 5390 πρὸς
2374 5300 2667 5388 ἀνέσχοντο.
2721 5317 2874 5386 ἥλιον
2922 5316 3001 5387 τῷ
3047 5298 3343 5385 Ῥωμαῖίεῷ
3396 5304 3639 5382 σκήὲετρῳ
3661 5319 3723 5390 τες

2199 5407 2399 5463 λοῦσαν
2452 5408 2688 5479 ὑποτελῆ
2735 5408 2998 5480 *ἐλεεινῶς
3028 5407 3340 5472 εἱλκύσατο,
3368 5406 3548 5457 τούτου
3594 5388 3726 5450 αὑτοῦ

2200 5500 2393 5574 ὥσπερ
2422 5500 2685 5572 εὐκαίρου
2714 5502 2778 5571 δὴ
2802 5517 2947 5564 τινος
2970 5498 3311 5569 δραξάμενος
3334 5491 3591 5566 ἀφορμὴν,
3611 5482 3726 5553 ἱεράν

2182 5606 2325 5647 ’τινα
2348 5591 2535 5665 βίϐλον
2563 5594 2628 5645 ὲκ
2655 5590 2762 5644 τῶν
2791 5590 2950 5643 θείων
2976 5589 3172 5661 λογίων
3204 5586 3546 5652 συνετάξατο,
3571 5578 3720 5665 ὥσπερ

2204 5664 2368 5753 αὐτὸς
2403 5686 2461 5742 ὲν
2495 5686 2636 5757 αὐτῇ
2697 5681 3061 5757 ἀριδηλότατα
3097 5681 3340 5754 παριστᾷ
3366 5674 3499 5747 αὕτη
3521 5665 3627 5743 (Sic)
3649 5664 3719 5715 ἐπ’

571 5849 618 5926 ᾖ*
637 5846 1036 5915 Hontluucon.,
1060 5841 1366 5899 Bibiiothec.
1397 5841 1645 5913 Caicum,
1680 5858 1739 5916 p.
1770 5843 1906 5901 .189.
