4016 6454
466 386 604 451 1⁵’4ἐ3

1746 380 2114 445 ANTIOCHI
2156 380 2503 443 MONACliI

3610 377 3731 444 1121

467 520 686 565 onmem
711 509 1000 574 superent,
1017 497 1399 555 necessarium
1419 507 1712 569 propterea
1726 496 1856 552 duxi
1876 496 2057 551 brevi-

2188 498 2230 550 κά
2255 496 2386 567 περὶ
2420 494 2621 561 αὐτῶν,
2652 489 2753 547 εἷθ’
2771 491 2946 557 οὕτως
2978 492 3355 561 Milon-ordini
3381 492 3456 548 τά
3474 495 3571 566 τῆς
3599 495 3734 565 θείας

469 604 575 657 bus
602 598 701 654 tibi
725 598 883 669 prius
903 595 1125 666 aperire
1146 608 1270 665 quae
1293 591 1361 646 ad
1386 591 1510 648 illos
1530 590 1791 655 attinent,
1810 596 1875 644 ea‘
1907 587 2056 643 dein-

468 707 597 763 ceps
609 690 1037 762 subjicere,qua2
1049 686 1290 741 diximus
1301 700 1467 740 sacrae
1480 683 1781 753 Scriptura:
1793 682 2054 752 capitula.

540 781 619 835 De
645 778 914 834 laudabili
948 786 1132 832 autem
1159 774 1275 830 vita
1305 790 1499 830 eorum
1547 774 1603 828 in
1640 773 2057 844 praesentiarum

471 890 633 948 agere
675 874 729 929 id
771 872 1041 943 temporis
1075 886 1187 925 non
1230 870 1494 940 postulat,
1536 883 1643 924 nec
1696 884 1817 923 mea
1868 868 2055 939 lingua

473 969 565 1022 illa
590 973 780 1037 posset
808 965 966 1019 facile
1014 974 1350 1033 percurrere
1390 978 1403 1013 :
1435 960 1573 1016 illud
1605 968 1820 1015 tantum
1852 959 2056 1025 dicam,

474 1059 625 1131 quod
688 1072 884 1113 revera
942 1054 1198 1110 homines
1250 1059 1412 1108 erant
1460 1053 1633 1108 divini
1688 1053 1756 1125 (si
1803 1053 2060 1108 homines

475 1164 690 1211 tantum
726 1153 851 1208 illos
877 1158 1134 1222 Oporteat
1181 1149 1368 1205 dicere
1393 1149 1582 1220 potius
1604 1162 1769 1219 quam
1806 1146 2057 1218 angelos)

2159 585 2384 658 Γραφῆς
2413 584 2705 655 κεφάλαια.
2747 624 2760 635 .

2230 760 2343 816 Καὶ
2366 762 2496 831 περὶ
2528 760 2627 831 μέν
2647 760 2743 828 τῆς
2771 757 3031 831 ἐναρέτου
3052 757 3230 814 αὐτῶν
3260 756 3553 823 πολιτείας
3576 759 3636 812 οὐ
3661 757 3743 815 τοῦ

2160 855 2429 925 παρόντος
2445 853 2641 925 καιροῦ
2666 852 2787 905 οὐδὲ
2807 855 2906 922 τῆς
2923 853 3063 924 ἐμῆς
3090 851 3339 923 γλώττης
3363 850 3743 922 διηγήσασθαι.

2160 946 2333 999 Τοῦτο
2356 945 2412 999 δὲ
2449 946 2608 1016 μόνον
2637 944 2804 1013 λέγω,
2837 943 2920 997 ὅτι
2952 943 3028 1007 ὠς
3057 943 3273 1013 ἀληθῶς
3302 943 3597 1015 ἄνθρωποι
3623 940 3749 1016 ἦσαν

2161 1037 2296 1093 θεῖοι
2314 1038 2452 1109 (εἴγε
2476 1037 2556 1091 δεῖ
2581 1036 2903 1107 ἀνθρώπους
2922 1036 3121 1098 αὐτοὺς
3141 1035 3353 1102 καλεῖν,
3378 1037 3483 1090 καὶ
3506 1036 3582 1108 μὴ
3602 1039 3749 1106 ἀγγέ-

2161 1130 2330 1203 λους),
2362 1133 2427 1201 τῇ
2456 1147 2517 1182 τε
2544 1130 2776 1200 ἀσκήσει
2796 1129 2890 1182 καὶ
2924 1129 3128 1200 ἡσυχίᾳ
3160 1128 3251 1181 καὶ
3279 1131 3401 1192 τοῖς
3435 1129 3585 1200 ὑπὲρ
3614 1131 3751 1182 εὐσε-

476 1265 602 1306 cum
632 1249 687 1303 in
717 1245 1117 1302 exercitatione
1146 1242 1427 1314 spirituali
1480 1249 1539 1297 et
1586 1241 1897 1296 monastica
1943 1226 2060 1295 vita

2188 1224 2316 1287 ἱείας
2359 1223 2542 1286 πόνοις
2582 1223 2648 1274 ἐκ
2675 1221 2930 1291 νεότητος
2956 1220 3429 1291 ἐγγεγηρακότες,
3488 1222 3750 1292 γηραλέοι,

474 1341 835 1397 etlaboribus
866 1353 1008 1409 quos
1037 1352 1139 1406 pro
1170 1335 1378 1406 pietate
1413 1320 1787 1399 sustulerunt,
1808 1349 1836 1388 a
1857 1334 2059 1404 juven-

476 1447 593 1493 tute
643 1452 739 1492 sua
768 1433 1153 1491 insenuerint:
1179 1448 1343 1487 senes
1378 1431 1603 1503 quidem
1650 1429 1974 1492 venerandi,
2007 1435 2065 1484 et

473 1547 643 1587 canos
676 1530 907 1600 capillos
940 1527 1241 1592 habebant,
1269 1525 1364 1581 sed
1394 1534 1581 1580 mente
1607 1524 1782 1595 magis
1830 1530 2061 1592 praesta-

477 1626 608 1679 bant
641 1630 697 1677 et
717 1620 1058 1682 humilitate,
1083 1616 1326 1677 honesti.
1361 1614 1622 1677 modesti,
1648 1610 1902 1675 veridici,
1927 1609 2063 1663 irre-

473 1711 904 1784 prehensibiles,
945 1708 1106 1780 justi,
1149 1706 1247 1777 pii,
1284 1706 1354 1760 ab
1413 1704 1566 1758 omni
1613 1701 1958 1773 turpitudine
2007 1706 2065 1753 et

474 1806 751 1877 pravitate
799 1802 989 1862 alieni.
1020 1798 1281 1856 omnibus
1327 1796 1488 1853 bonis
1522 1794 1730 1858 ornati,
1768 1801 1825 1849 et
1871 1790 2064 1846 divino

2096 1338 2105 1343 ·
2165 1316 2210 1369 ίε
2221 1315 2538 1387 ροπρεπεῖς,
2560 1312 2735 1367 πολιοὶ
2752 1311 2850 1383 τὴν
2878 1312 3039 1381 τρίχα
3056 1312 3151 1364 καὶ
3170 1312 3269 1382 τὴν
3285 1312 3538 1376 σύνεσιν,
3555 1311 3753 1380 ἀγαθοὶ,

2162 1408 2613 1479 ταπεινόφρονες,
2646 1405 3214 1476 κόσμιοι,-σώφρονες,
3260 1404 3546 1476 ἀληθινοὶ,
3591 1407 3756 1476 ἄμεμ-

2164 1517 2310 1564 πτοι,
2331 1498 2548 1563 δίκαιοι,
2572 1497 2869 1561 θεοσεϐεῖς,
2892 1497 3223 1565 ἀπεχόμενοι
3241 1495 3351 1548 ἀπὸ
3371 1495 3586 1557 παντὸς
3606 1513 3758 1567 πονη-

2168 1596 2264 1668 ροῦ
2294 1595 2641 1667 πράγματος,
2666 1592 2974 1654 ἀνελλιπεῖς
3013 1591 3232 1645 πάντων
3253 1591 3367 1644 τῶν
3389 1588 3644 1658 ἀγαθῶν,
3676 1608 3757 1643 πε-

2165 1689 2517 1761 πληρωμένοι
2540 1686 2597 1740 δὲ
2628 1688 2724 1757 τῆς
2748 1685 2899 1749 θείας
2924 1683 3168 1755 ἀγάπης.
3200 1683 3367 1748 Τινὲς
3396 1683 3589 1736 αὐτῶν
3615 1684 3761 1754 ὑπερ

2166 1776 2462 1853 δεσηκότες
2479 1780 2588 1833 ἀπὸ
2604 1780 2948 1847 πεντήκοντα
2963 1777 3057 1832 καὶ
3069 1778 3337 1848 ἐξήκοντα
3352 1776 3525 1840 ἐτῶν,
3542 1778 3619 1846 μὴ
3636 1776 3759 1847 ἐξερ-

477 1896 673 1968 repleti
700 1909 890 1950 amore
919 1910 932 1947 :
959 1890 1213 1947 nonnulli
1240 1890 1492 1960 ipsorum
1536 1894 1761 1942 centum
1807 1897 2057 1940 excesse~

2188 1876 2393 1947 {opevm
2421 1874 2695 1937 παντοίως
2739 1874 2842 1945 τῆς
2879 1870 3132 1942 Δαῦρας·
3166 1872 3312 1935 τινὲς
3345 1871 3410 1924 δὲ
3470 1873 3612 1943 μήτε
3634 1871 3758 1941 ἐντῇ

477 1999 609 2043 runt
637 2001 812 2042 annos
834 1982 1332 2055 etquinquaginta
1363 1995 1480 2046 sex,
1519 1979 1576 2034 in
1608 1977 1801 2049 quieta
1845 1984 1903 2031 et
1942 1989 2065 2029 mo-

2173 1968 2445 2041 ὲκκλησίᾳ
2461 1966 2770 2039 προϊόντες,
2793 1967 2927 2038 μηδέ
2945 1966 3255 2037 ἑωρακότες
3275 1966 3382 2037 τὴν
3402 1966 3586 2030 πόλιν,
3608 1966 3695 2035 ἀφ’
3708 1958 3759 2021 οὗ

475 2081 690 2137 nastica
712 2079 827 2134 vita
860 2093 986 2133 cum
1014 2075 1383 2147 peregissent,
1413 2087 1517 2128 nec
1547 2088 1579 2127 a
1638 2071 1794 2126 laura
1821 2082 2067 2139 unquam

2188 2062 2468 2132 ὲμόνασαν,
2506 2062 2732 2131 ἀρεταῖς
2757 2056 3041 2123 παντοίαις
3068 2058 3515 2129 κεκοσμημένοι,
3548 2058 3761 2126 ἐπίγειοι

479 2179 833 2230 recesserunt
866 2170 1159 2225 :nonnulli
1215 2182 1347 2222 vero
1401 2180 1584 2236 neque
1628 2163 1704 2218 ad
1774 2160 2067 2216 ecclesiam

2188 2155 2418 2225 ἱγγελοι,
2432 2154 2528 2208 καὶ
2542 2152 2787 2226 οὐράνιοι
2804 2152 3105 2225 ἄνθρωπον
3120 2153 3243 2205 ὅθεν
3256 2153 3355 2206 καὶ
3368 2152 3615 2205 τοιοῦτον
3630 2149 3759 2211 τέλος

478 2270 883 2334 processerant,
922 2276 1024 2316 nec
1049 2260 1331 2315 civitatem
1378 2256 1621 2327 amplius
1671 2253 1946 2316 viderant,
1997 2265 2068 2306 ex

2188 2247 2579 2320 ὶπηνὲγκαντο,
2606 2247 2786 2302 καὶτὸ
2818 2245 3070 2319 βραϐεῖον
3092 2248 3192 2316 τῆς
3224 2244 3391 2313 νίκης
3427 2243 3758 2316 ἐκομίσαντο.

477 2371 588 2426 quo
640 2355 807 2409 vitam
854 2349 1212 2407 monasticam
1246 2348 1416 2403 semel
1454 2347 1675 2401 fuerant
1703 2341 2034 2411 amplexati;
2066 2340 2238 2395 variis
2275 2338 2445 2395 etiam
2492 2338 2799 2394 virtutibus
2845 2337 3176 2401 emicabant,
3218 2346 3527 2393 terrestres
3571 2324 3761 2391 scilicet

478 2452 657 2523 angeli
711 2458 767 2504 et
808 2448 1061 2504 caelestes
1111 2444 1389 2499 homines.
1429 2441 1778 2512 Quapropter
1841 2438 1992 2494 hunc
2029 2435 2195 2491 finem
2237 2443 2368 2490 sunt
2414 2432 2636 2505 adepti,
2696 2442 2754 2490 et
2792 2432 3039 2489 victoria).
3070 2432 3369 2503 prtemium
3420 2440 3555 2488 sunt
3588 2445 3762 2487 conse-

478 2549 609 2604 cuti.

549 2640 689 2697 Cum
740 2636 891 2708 enim
950 2633 1243 2691 lsmaelita:
1293 2630 1361 2686 ad
1408 2638 1664 2687 nostrum
1708 2628 2074 2685 accessissent

482 2728 903 2789 monasteriUm,
953 2741 1064 2783 una
1143 2724 1451 2795 septimana
1505 2733 1807 2793 antequam
1880 2728 2073 2777 sancta

474 2825 682 2882 civitas
730 2821 929 2876 fuisset
997 2827 1289 2887 occupata,
1322 2826 1380 2871 et
1424 2816 1686 2871 universa
1739 2830 1897 2870 sacra
1945 2826 2075 2868 vasa

480 2911 749 2968 Ecclesia:
781 2909 892 2979 jam
924 2906 1307 2977 diripuissent,
1334 2905 1589 2975 plerique
1631 2905 1823 2959 Patres
1845 2903 2077 2973 aufuge-
2119 2927 2136 2941 ο

487 3009 622 3057 runt
664 3015 832 3071 quam
870 2998 1134 3069 primum,
1158 3005 1551 3050 remanserunt
1585 3003 1772 3050 autem
1796 2995 1853 3049 in
1880 3007 2080 3047 mona-

486 3092 658 3149 sterio
702 3088 801 3161 qui
844 3088 1109 3143 fortiores
1148 3084 1362 3140 Christi
1407 3084 1629 3139 fuerant
1658 3084 1831 3150 servi,
1862 3097 2083 3139 sacrum

492 3188 647 3243 illum
676 3184 861 3238 locum
903 3180 1209 3236 destituere
1247 3177 1404 3233 nullo
1439 3187 1603 3249 pacto
1632 3177 1909 3233 volentes.
1952 3175 2087 3231 Bar-

2262 2623 2634 2680 Ἐπελθόντων
2680 2621 2790 2694 γὰρ
2841 2621 2953 2676 τῶν
2991 2620 3360 2693 Ἰσμαηλιτῶν
3409 2621 3480 2692 τῇ
3534 2618 3759 2690 ἡμετέρᾳ

2178 2717 2375 2788 Λαύρᾳ
2417 2715 2525 2787 πρὸ
2557 2714 2687 2786 μιᾶς
2733 2712 3031 2782 ἐὸὁομάδος
3069 2709 3161 2764 τοῦ
3202 2710 3640 2783 παραληφθῆναι
3676 2708 3757 2777 τὴν

2179 2812 2346 2881 ἁγίαν
2399 2810 2577 2874 πόλιν,
2641 2807 2737 2862 καὶ
2785 2808 2966 2862 πάντα
3011 2807 3080 2858 τὰ
3139 2804 3239 2876 τῆς
3290 2802 3602 2874 ἐκκλησίας
3656 2800 3757 2870 ιερὰ

2185 2901 2358 2973 σκεύη
2389 2898 2841 2974 διαρπασάντων,
2870 2900 2933 2953 τὸ
2975 2899 3076 2968 μὲν
3107 2896 3316 2969 πλῆθος
3358 2897 3478 2950 τῶν
3518 2894 3757 2962 Πατὲρων

2185 2997 2533 3067 παραχρῆμα
2588 2994 3051 3065 ὑπανεχώρησεν
3079 2989 3397 3058 ἀπέμειναν
3423 2985 3484 3040 δὲ
3515 2986 3565 3038 οἱ
3588 2998 3758 3053 καρτε·

2191 3089 2336 3162 ρικοὶ
2378 3086 2555 3142 δοῦλοι
2583 3077 2680 3141 τοῦ
2717 3083 2957 3159 Χριστοῦ
2981 3086 3039 3137 ἐν
3066 3085 3133 3153 τῇ
3162 3080 3382 3152 Λαύρᾳ,
3418 3080 3496 3152 μὴ
3526 3077 3757 3151 βουλόμε-

2188 3201 2271 3238 νοι
2306 3181 2632 3237 καταλιπεῖν
2667 3178 2765 3232 τὸν
2793 3180 2980 3233 τόπον.
3023 3176 3085 3229 Οί
3115 3175 3171 3228 δὲ
3203 3173 3482 3244 βάρϐαροι
3528 3167 3757 3225 συλλαϐό-

482 3279 609 3335 bari
642 3291 777 3332 vero
822 3289 950 3329 cum
990 3272 1118 3327 illos
1166 3268 1750 3340 comprehendissent,
1778 3277 1835 3324 et
1877 3269 2082 3323 multos

2191 3293 2346 3349 μενοι
2373 3273 2598 3341 αὐτοὺς,
2636 3273 2735 3325 καὶ
2772 3269 3018 3342 ἀνηλεῶς
3064 3269 3160 3322 ἐπὶ
3207 3266 3419 3332 πολλὰς
3446 3266 3655 3338 ἡμέρας
3677 3261 3756 3333 βα·

489 3373 612 3429 dies
639 3371 764 3425 illos
797 3367 1099 3423 inhumane
1127 3370 1481 3428 tractassem,
1517 3368 1576 3417 et
1616 3361 1915 3417 tormentis
1945 3359 2084 3415 affli-

482 3467 724 3528 xissent,
755 3459 1024 3532 pecunias
1054 3457 1161 3513 hoc
1185 3463 1349 3526 pacto
1379 3469 1500 3510 sese
1537 3455 1865 3517 inventuros
1886 3462 2086 3524 putan-

495 3569 600 3624 tes,
638 3554 785 3627 apud
823 3567 965 3624 quos
1005 3546 1147 3605 nihil
1189 3549 1360 3620 hujus
1408 3546 1596 3605 smeuli
1657 3545 2081 3617 reperiebatur:

488 3654 576 3707 illi
607 3650 773 3707 simul
803 3655 972 3718 atque
1005 3644 1426 3709 intellexerunt,
1459 3657 1560 3696 sua
1606 3655 1666 3696 se
1710 3639 1935 3715 tandem
1988 3652 2087 3709 spe

481 3762 562 3800 ~ac
593 3743 881 3816 proposito
927 3739 1221 3803 excidisse,
1252 3737 1308 3791 in
1340 3734 1789 3792 eﬂ'erat'issimam
1818 3732 1964 3789 versi
1996 3746 2088 3785 ra-

480 3838 672 3897 .biem,
702 3834 771 3890 ad
815 3846 987 3888 unum
1037 3829 1393 3886 membratim
1439 3827 1634 3884 beatos
1670 3827 1796 3882 illos
1832 3823 2091 3881 concide—

481 3936 652 3993 runt,
681 3925 777 3995 qui
808 3932 864 3979 et
904 3920 1105 3978 laetitia
1146 3918 1462 3974 incredibili
1510 3916 1725 3989 perfusi
1756 3931 1821 3972 ac
1854 3914 2090 3988 proinde

492 4021 671 4078 alacri
703 4019 863 4074 vultu
905 4015 1250 4078 renidentes,
1283 4011 1433 4069 omni
1448 4024 1591 4067 eum
1634 4010 1854 4066 actione
1891 4008 2094 4081 gratia-

503 4130 650 4178 rum,
699 4113 915 4167 animas
978 4107 1349 4164 reddiderunt
1408 4105 1649 4160 Domine
1681 4104 1939 4174 :~quippe
1994 4100 2092 4173 qui

498 4224 616 4263 non
650 4207 726 4260 ita
759 4202 975 4275 pridem
1008 4201 1066 4255 in
1109 4198 1258 4254 votis
1298 4197 1615 4252 habuerant
1661 4193 1935 4250 resolviet
1971 4207 2094 4247 cum

486 4300 714 4356 Utristo
743 4311 857 4352 esse
884 4293 1193 4364 ‘.Corpora
1241 4304 1377 4345 vero
1402 4288 1694 4359 plusquam
1726 4285 1932 4357 tragice
1954 4298 2094 4339 caesa

487 4406 632 4448 1mm
659 4404 771 4444 non
804 4399 1012 4459 paucos
1043 4383 1164 4438 dies
1196 4381 1254 4436 in
1296 4380 1530 4434 humum
1572 4378 1823 4449 disjecta,
1862 4375 1983 4431 sine
2010 4388 2098 4429 se-

507 4484 750 4557 pulturaa
782 4476 1061 4535 beneﬁcio
1091 4474 1417 4547 iacuissent,
1444 4471 1520 4527 ab
1551 4469 1760 4525 Arabia
1792 4468 1885 4523 illo
1919 4481 2097 4538 usque

501 4560 1022 4648 appro'peravimus.
1062 4569 1132 4625 Et
1169 4566 1396 4639 quidem
1436 4564 1675 4620 eximius
1727 4561 1899 4617 abbas
1936 4561 2100 4616 Nico-

2191 3369 2528 3435 σανίζοντες,
2567 3367 2808 3438 οἰόμενοι
2848 3365 3109 3435 χρήματα
3149 3362 3460 3433 εὑρίσκειν,
3513 3356 3640 3429 παρ’
3689 3350 3753 3417 οἷς

2195 3461 2365 3535 μηδὲν
2388 3458 2484 3517 τοῦ
2522 3450 2722 3522 α’ἰῶνος
2744 3455 2939 3510 τούτου
2971 3455 3240 3525 ὑπῆρχεν,
3266 3453 3430 3517 τέλος
3452 3451 3547 3505 τοῦ
3578 3442 3753 3503 σκοποῦ

2193 3552 2544 3616 ἐκπεσόντες,
2599 3551 2875 3622 ἐμμανεῖς
2938 3546 3227 3619 γενόμενοι
3277 3548 3495 3608 πάντας
3556 3539 3754 3615 μεληδὸν

2193 3645 2556 3716 κατέτεμνον.
2588 3643 2651 3698 Οί
2694 3640 2758 3696 δὲ
2801 3640 3064 3712 μακάριοι
3109 3636 3415 3708 γεγηθότες
3454 3633 3654 3706 φαιδρῷ
3693 3626 3754 3696 τῷ

2197 3735 2504 3811 προσώπῳ,
2539 3720 2883 3807 εὐχαρίστως
2900 3734 3003 3797 τὰς
3027 3731 3303 3804 ψυχὰςτῷ
3335 3730 3531 3800 Κυρίῳ
3575 3723 3755 3780 ἀπέδω-

2197 3849 2326 3898 καν,
2358 3830 2439 3896 ὡς
2464 3833 2531 3886 ἐκ
2558 3827 2757 3884 πολλοῦ
2786 3829 2887 3901 τὴν
2929 3825 3231 3897 ἐπιθυμίαν
3259 3824 3488 3895 ἔχοντες
3525 3816 3754 3874 ἀναλῦσαι

2198 3924 2296 3979 καὶ
2323 3923 2423 3979 σὺν
2453 3920 2678 3995 Χριστῷ
2709 3917 2870 3974 εἶναι.
2914 3916 3216 3988 Ῥιφὲντων
3242 3915 3311 3969 δέ
3361 3915 3473 3969 τῶν
3514 3906 3751 3979 σωμάτων

2200 4015 2385 4072 αὐτῶν
2432 4016 2528 4070 ἐπὶ
2558 4013 2764 4077 πολλὰς
2791 4011 3007 4085 ἡμέρας
3030 4010 3276 4080 ἀτάφων,
3314 3994 3752 4069 ἐπικατελάόομεν

2199 4110 2362 4181 ἡμεῖς
2392 4107 2504 4162 ἀπὸ
2539 4104 2841 4177 Ἀραὸίας’
2890 4104 2989 4158 καὶ
3017 4105 3047 4157 ὁ
3082 4103 3183 4173 μὲν
3237 4100 3419 4164 ἀϐὁᾶς
3460 4091 3745 4165 Νικομήδης

2204 4201 2546 4273 θεασάμενος
2576 4199 2647 4253 τὰ
2678 4197 2891 4252 ἐλεεινὰ
2916 4195 3170 4267 θεάματα
3198 4195 3308 4273 τῶν
3349 4191 3628 4266 Πατέρων,
3660 4185 3748 4236 λει-

2204 4270 2535 4364 ποθυμήσας
2566 4290 2756 4362 σχεδὸν
2786 4291 2964 4345 εἰπεῖν
2981 4289 3130 4361 ῆρθη
3152 4270 3371 4359 νεκρός.
3386 4285 3653 4342 ,Μόδεστος
3669 4273 3749 4329 8ὲύ

2202 4383 2513 4447 ὁσιώτατος
2552 4380 2871 4454 προσελθὼν
2898 4379 3105 4440 ,πάντα
3154 4378 3223 4432 τὰ
3273 4375 3605 4450 σκηνώματα
3663 4364 3747 4419 τῶν

2205 4477 2379 4546 ἁγίων
2430 4473 2743 4541 συστείλας,
2802 4471 2989 4526 ἔλουσε
3052 4464 3229 4525 πολλά
3281 4487 3346 4525 τε
3398 4459 3742 4534 ἐπιδακρύσαςν

2205 4569 2300 4624 καὶ
2357 4564 2839 4637 περιπτυξάμενος
2877 4564 2948 4618 τὰ
2994 4564 3141 4632 ἅγια
3195 4564 3290 4617 καὶ
3323 4555 3621 4633 καρτερικά
3669 4548 3745 4602 αὖ*

490 4634 702 4727 unedes
728 4664 1110 4740 spectaculum
1146 4634 1283 4717 illud
1331 4658 1650 4715 miserabile
1696 4670 1965 4712 caasorum
1988 4654 2082 4710 *Pa-

2201 4660 2312 4715 τῶν
2345 4634 2596 4730 λείψανα,
2624 4634 2890 4713 κατέθετο
2917 4658 2976 4709 ἐν
3008 4659 3131 4720 ταῖς
3157 4657 3358 4727 θήκαις
3379 4654 3485 4709 τῶν
3506 4646 3740 4716 Πατέρωνι

493 4777 658 4822 «trum
693 4759 1125 4830 contemplatus,
1160 4754 1408 4825 deliquio
1438 4753 1610 4808 animi
1643 4748 1909 4814 concidit,
1931 4758 2097 4818 atque

499 4860 663 4913 illinc
695 4857 905 4913 relatus
957 4862 1215 4908 mortuus
1248 4863 1435 4920 “prope
1477 4856 1582 4902 est.
1634 4844 1916 4900 Modestus
1955 4855 2101 4913 prae-

495 4962 683 5020 terea,
738 4958 793 5005 et
851 4949 971 5018 ipse
1028 4944 1448 5007 sanctissimus,
1497 4940 1799 4995 adventum
1848 4946 2102 4991 nostrum

2211 4752 2532 4815 Ἐκτελέσας
2548 4751 2610 4805 δὲ
2627 4751 2910 4812 ὲπάὐτσῖς
2933 4749 3024 4802 τὸν
3049 4749 3254 4821 συνήθη
3277 4749 3496 4809 κανόνα,
3520 4734 3745 4806 ἐπεφθέῖδ

2204 4846 2333 4911 ξατο
2360 4846 2544 4909 αὐτοῖς
2558 4844 2618 4898 τὸ
2646 4844 2744 4897 τοῦ
2786 4844 3012 4898 Ἡσαΐου
3068 4843 3247 4911 λόγιον
3276 4842 3338 4896 τὸ
3367 4831 3740 4911 φάσκονοιἈν·

2202 4939 2330 5007 δρες
2351 4937 2554 4991 δίκαιοι
2577 4935 2848 5006 αἴρονται,
2868 4936 2963 4989 καὶ
2986 4935 3163 4998 οὐδεὶς
3187 4936 3472 4989 κατανοεῖ·
3496 4927 3596 4983 ἀπὸ
3611 4931 3740 4992 προσ·

496 5061 638 5101 cum
672 5041 1086 5099 antevertisset.
1138 5044 1198 5092 et
1244 5044 1565 5090 sanctorum
1611 5032 1845 5086 illorum
1874 5028 2082 5083 lustras

2205 5024 2360 5082 ώπου
2412 5028 2630 5091 ἀδικίας
2676 5022 2846 5099 ἦρται
2892 5029 2922 5080 ὁ
2950 5026 3200 5091 δίκαιος⁴
3237 5028 3390 5080 ἔσται
3436 5025 3491 5076 ἐν
3529 5010 3734 5089 εἰρήνῖἶῆ

501 5145 597 5191 set
642 5134 798 5204 prius
844 5130 1158 5187 habitacula
1200 5126 1406 5192 omnia,
1447 5124 1637 5179 itidem
1676 5136 1883 5193 angore
1931 5117 2100 5175 animi

513 5233 873 5290 contractus,
912 5223 1110 5277 multis
1163 5234 1222 5275 se
1277 5217 1484 5288 proluit
1534 5216 1813 5287 lacrymis,
1866 5227 1932 5268 ac
1985 5224 2105 5267 san-

499 5328 603 5374 -cta
644 5332 767 5388 quae
813 5324 1047 5371 eatenus
1102 5310 1430 5368 resederant
1466 5309 1680 5378 lipsana
1704 5309 1725 5339 ²
1761 5305 2107 5375 circumple-

509 5428 639 5477 ams,
674 5412 727 5465 in
771 5410 997 5464 Patrum
1049 5400 1707 5476 superiorum‘deposuit
1753 5397 2103 5453 conditoriis.

2207 5121 2357 5192 ταφὴ
2393 5119 2583 5173 αὐτοῦ.
2629 5138 2648 5172 ι
2680 5114 2821 5173 Καί·
2862 5139 2878 5170 ι
2921 5120 3107 5188 Ψυχαὶ
3140 5118 3367 5172 δικαίων
3408 5118 3462 5168 ἐν
3489 5107 3620 5181 χειρὶ
3652 5102 3736 5192 Ki"

2214 5190 2353 5285 ρίουλ
2387 5213 2484 5267 καὶ
2513 5213 2575 5265 οὑ
2615 5212 2690 5283 μὴ
2727 5211 2934 5283 ἅψηται
2963 5211 3148 5265 αὐτῶν
3190 5212 3437 5279 βάσανος.
3465 5203 3662 5265 Ἐδοξαν
3690 5190 3733 5241 ἒν

2211 5305 2513 5376 ὀφθαλμοῖς
2542 5305 2797 5375 ἀφρόνων
2830 5304 3106 5369 τεθνᾶναι,
3143 5305 3191 5357 oi
3215 5302 3272 5356 δέ
3307 5305 3440 5357 εἰσιν
3464 5298 3516 5350 ἐν
3547 5288 3730 5358 εἰρήνην

2214 5399 2311 5452 καὶ
2337 5400 2370 5469 ή
2396 5398 2550 5460 ἐλπὶς
2572 5396 2753 5450 αὐτῶν
2779 5396 3079 5461 ἀθανασίας
3105 5396 3321 5466 πλήρης
3341 5411 3355 5424 ⁸
3379 5392 3465 5447 καί
3482 5384 3617 5451 ὀλίγα

593 5464 805 5575 i023
835 5501 886 5556 is
906 5499 975 5555 ad
998 5464 1147 5562 haec;
1185 5496 1287 5553 ubi
1306 5464 1620 5551 solemn—em
1660 5491 1931 5562 persolvit
1952 5498 2010 5544 ει
2037 5503 2082 5543 ει

2214 5464 2502 5550 δευθέντες
2558 5476 2816 5558 μεγάλως
2861 5464 3420 5558 εὐεργετηθήσονται,
3458 5481 3530 5534 ὅτι
3567 5474 3592 5526 ὁ
3629 5464 3727 5562 θεῇς

514 5611 673 5653 more
721 5600 1053 5650 consuetum
1100 5589 1413 5651 Canoncm,
1444 5584 1583 5640 illud
1636 5597 1767 5637 mox
1816 5580 2105 5636 oraculum

511 5690 675 5746 Isaiae
714 5693 935 5741 exserta
969 5698 1104 5739 voce
1160 5678 1548 5751 deprompsit:
1596 5694 1614 5728 ι
1647 5675 1764 5731 Viri
1809 5673 1946 5746 justi
2003 5673 2107 5728 tol-

2213 5581 2508 5651 ἐπείρασεν
2550 5580 2776 5644 αὐτοὺς,
2806 5580 2905 5634 καὶ
2939 5575 3096 5650 εὗρεν
3128 5578 3327 5642 αὒτοὺς
3361 5575 3524 5641 ἀξίους
3549 5552 3717 5651 ἑαυτοῦ,

2206 5674 2309 5727 καὶ
2334 5642 2409 5741 di;
2437 5642 2815 5747 ὀλο-διάρπωμα
2841 5642 3032 5738 θυσίας
3064 5672 3425 5746 προσεδέξατο
3447 5658 3629 5722 αὐτοὺς»
3652 5642 3721 5701 καὶ

595 5836 876 5914 ‘Philipp.
906 5840 1063 5907 1,25.
1132 5839 1156 5871 ξ
1182 5836 1265 5893 Τὰ
1298 5836 1428 5905 ἀγια
1458 5794 1710 5904 λείψανα,
1760 5838 1981 5888 sanctas
2017 5830 2301 5902 reliquias.
