4016 6484
406 384 544 456 ΜΞὶὸ

1537 400 1906 464 EPISTOL—A
1945 396 2044 457 AD
2082 394 2610 463 EUSTATHIUM.

3543 400 3566 464 i
3584 399 3679 465 {'26

403 509 461 561 tv
512 509 692 582 καιρῷ
743 510 1056 587 δπισκοπῆς
1112 516 1294 572 αὐτῶν
1346 518 1751 591 ἀναλάμψουσι.
1804 538 1822 570 ›
1871 516 1982 572 Καὶ

2106 521 2276 567 untur
2301 526 2359 570 et
2387 529 2553 570 nemo
2585 511 2873 585 recogitat.
2912 510 3114 569 Afacie
3146 500 3456 585 iniquitatis
3487 517 3679 571 δυωδε-

401 599 578 656 ταῦτα
604 604 735 676 περὶ
772 604 881 659 τῶν
911 608 1082 677 ἁγίων
1108 609 1368 679 Πατέρων
1393 611 1555 682 ἡμῶν
1580 607 1822 682 εἰρηκὼς
1844 624 1987 680 παρ-

400 686 586 747 εκάλει
602 697 970 770 πάνταςήμᾶς
989 702 1062 773 μὴ
1087 704 1480 775 ὲγκαταλεῖῷαι
1506 704 1600 758 τὸν
1618 703 1781 757 τόπον
1807 702 1985 774 ἡμῶν,

401 783 519 841 ἀλλ’
553 786 847 865 ύπομένειν
880 793 1145 859 γενναίως
1178 795 1235 847 ὲν
1266 798 1381 859 τοῖς
1413 798 1748 865 πειρασμοῖς
1779 810 1989 866 μνημο-

402 876 658 943 νεύοντας
685 880 780 933 τοῦ
806 883 1019 954 Κυρίου
1050 884 1319 954 λέγοντοςο
1359 904 1391 938 ιο
1423 888 1547 940 Ὀτι
1581 887 1743 957 στενὴ
1844 886 1987 956 πύλη

2089 614 2180 661 tus
2211 615 2297 661 est
2316 608 2521 677 justus.
2550 607 2672 662 Erit
2700 607 2756 663 in
2792 622 2926 678 pace
2962 607 3277 678 sepulcrum
3300 609 3419 679 ejus
3444 609 3485 662 ³.
3516 628 3534 659 ι
3570 608 3676 664 Et:

2097 717 2117 750 ι
2152 697 2291 768 Spes
2316 698 2537 753 illorum
2580 697 2994 754 immortalitate
3026 699 3209 768 plena.
3260 699 3318 753 ln
3357 700 3550 769 paucis
3582 718 3682 755 vc-

2090 791 2225 857 xati,
2257 791 2312 847 in
2341 791 2536 847 multis
2565 792 2707 847 bene
2735 792 3104 863 disponentur
3127 833 3140 855 ,
3177 793 3307 862 quia
3332 792 3481 848 Deus
3504 803 3684 849 tenta-

2089 884 2169 937 vit
2203 883 2326 940 illOs
2353 926 2367 950 ,
2397 892 2455 940 et
2483 885 2697 940 invenit
2735 890 2834 941 eos
2858 884 3076 957 dignos
3111 898 3169 940 se
3191 925 3206 950 ,
3242 893 3299 938 et
3327 886 3485 954 quasi
3527 885 3686 940 holo-

403 971 501 1024 καὶ
527 971 863 1045 τεθλιμμένη
897 977 930 1048 ἡ
960 977 1077 1039 ὁδὸς
1107 981 1139 1049 ἡ
1176 979 1469 1049 ἀπάγουσα
1498 980 1578 1043 είς
1609 979 1710 1050 τὴν
1740 980 1887 1051 ζωήν
1909 995 1922 1010 ·
1965 997 1984 1031 ι

2104 978 2265 1032 :austi
2287 978 2526 1033 hostiam
2544 978 2566 1011 ‘
2581 978 2795 1050 accepit
2813 992 2929 1043 eos,
2943 985 3001 1032 et
3022 976 3078 1032 in
3090 985 3339 1048 tempore
3351 978 3451 1034 visi
3462 979 3684 1036 talionis

402 1065 497 1118 καὶ
543 1065 637 1119 τοῦ
695 1067 1043 1135 Ἀποστόλου,
1072 1073 1173 1126 ὅτια
1202 1093 1221 1124 ι
1262 1073 1363 1127 Διά
1406 1072 1619 1127 πολλῶν
1645 1072 1880 1143 θλίψεων
1913 1072 1993 1126 δεῖ

401 1161 552 1229 ἡμᾶς
601 1160 867 1215 εἰσελθεῖν
907 1164 988 1226 είς
1034 1163 1137 1235 τὴν
1176 1164 1459 1235 βασιλείαν
1505 1165 1615 1218 τῶν
1655 1162 1923 1237 οὐρανῶν.
1966 1181 1985 1216 ι

403 1253 665 1320 Είξαντες
694 1255 789 1310 οὖν
832 1259 898 1328 τῇ
932 1258 1253 1330 παραινέσει
1288 1259 1452 1314 αὐτοῦ
1499 1258 1799 1330 ἐμείναμεν
1835 1258 1989 1333 ὲνΙτῇ

396 1346 599 1419 Δαύρᾳ
629 1345 705 1410 ὡς
735 1349 829 1401 ἐπὶ
866 1347 959 1402 δύο
996 1350 1196 1420 μῆνας.
1223 1350 1337 1406 Καὶ
1383 1351 1548 1404 πάλιν
1586 1350 1757 1420 ἀκοῆς
1789 1345 1993 1420 βαρϐα-

404 1440 569 1513 ρικῆς
598 1441 899 1512 γενομένης
929 1441 1265 1513 φοϐηθέντες
1294 1441 1681 1513 κατεφύγομεν
1716 1443 1797 1505 είς
1825 1456 1993 1511 μονα-

403 1532 629 1603 στήριον
659 1530 887 1601 πλησίον
916 1532 1018 1602 τῆς
1053 1533 1215 1602 ἁγίας
1249 1534 1483 1601 πόλεως,
1511 1534 1586 1596 ὡς
1613 1532 1723 1586 ἀπὸ
1763 1530 1994 1585 σταδίων

401 1625 584 1686 εἴκοσι
617 1664 632 1689 ,
662 1624 958 1696 λεγόμενον
994 1626 1089 1681 τοῦ
1142 1626 1291 1681 ἀὸϐᾶ
1344 1625 1704 1680 Ἀναστασίου
1730 1663 1748 1689 ,
1786 1623 1995 1696 μηδένα

397 1718 465 1771 τὸ
496 1717 798 1788 τηνικαῦτα
843 1717 989 1789 ἔχον.
1032 1720 1143 1773 Καὶ
1178 1719 1505 1788 ποιήσαντες
1535 1718 1610 1781 ὡς
1635 1717 1729 1771 δύο
1767 1716 1995 1789 χρόνους

400 1813 464 1865 ὲν
490 1810 660 1881 αὐτῷ,
693 1811 857 1865 πάλιν
911 1811 1374 1883 παρεκαλούμεθα
1421 1812 1529 1866 ὑπὸ
1566 1811 1661 1866 τοῦ
1696 1811 1993 1883 είρημένου

397 1904 702 1957 ὁσιωτάτου
728 1904 1005 1958 Μοδέστου
1036 1904 1377 1969 ἐπανελθεῖν,
1411 1905 1507 1959 καὶ
1540 1904 1761 1975 οί-κῆσαι
1793 1906 1874 1968 είς
1899 1898 1997 1957 τὸν

396 1995 571 2050 τόπον
613 1996 792 2066 ἡμῶν.
830 1996 1158 2061 Πεισθέντες
1202 1992 1295 2052 οὖν
1322 2000 1387 2069 τῇ
1423 1997 1600 2069 ἀγαθῇ
1645 1996 1813 2051 αὐτοῦ
1854 2014 1995 2068 συμ-

398 2087 617 2159 ϐουλίᾳ,
653 2089 703 2141 οἱ
740 2089 839 2158 μὲν
885 2090 1232 2161 παραχρῆμα
1262 2090 1681 2162 ἐπανήλθομεν,
1715 2091 1810 2144 καὶ
1843 2090 1994 2162 οίκή-
2050 2102 2054 2113 ’

401 2196 581 2250 σαμεν
610 2182 689 2244 είς
718 2182 818 2253 τὴν
859 2181 1102 2253 Λαῦραν,
1136 2184 1278 2246 τινὲς
1324 2183 1381 2237 δὲ
1425 2183 1519 2237 καὶ
1552 2183 1750 2254 μικρὸν
1786 2181 1991 2254 βραδύ-

396 2289 565 2343 τερον
594 2271 747 2343 φόϐῳ
767 2272 874 2325 τῶν
904 2274 1266 2341 γειτνιώντων
1295 2275 1427 2346 ἡμῖν
1458 2273 1812 2345 Σαρακηνῶν,
1847 2273 1995 2336 τινὲς

399 2364 464 2418 δὲ
508 2365 601 2417 καὶ
633 2365 691 2417 ἐν
728 2363 882 2435 αὐτῷ
922 2364 1000 2436 τῷ
1046 2367 1397 2437 μοναστηρίῳ
1443 2366 1827 2437 ἀπεμείναμεν
1872 2365 1995 2436 ἅμα

415 2457 695 2528 Ἰούστίνῳ
738 2456 817 2528 τῷ
841 2459 1127 2529 ὁσιωτάτῳ
1161 2458 1343 2513 αὐτῶν
1376 2459 1686 2531 ἡγουμένῳ,
1710 2458 1995 2526 ἀποταξα-

404 2549 559 2619 μένῳ
604 2550 663 2602 ὲν
689 2553 755 2621 τῇ
788 2551 982 2623 Λαύρᾳ
1007 2591 1020 2615 ,
1052 2553 1147 2605 καὶ
1180 2552 1469 2613 πλείστους
1496 2551 1726 2623 χρόνους
1764 2553 1823 2606 ἐν
1856 2553 1993 2623 αὐτῇ

410 2642 759 2712 πεποιηκότι,
786 2644 893 2698 καί
912 2647 971 2698 ἐν
1003 2644 1223 2709 πολλαῖς
1254 2646 1480 2716 ἀρεταῖς
1518 2644 1898 2716 διαπρέψαντι,
1919 2644 1995 2709 ὡς

406 2733 506 2786 καὶ
561 2736 627 2804 τῇ
682 2733 776 2788 τοῦ
836 2735 1211 2805 πρεσϐυτέρου
1267 2735 1398 2808 ἀξίᾳ
1453 2735 1618 2790 αὐτὸν
1666 2735 1991 2805 τιμηθῆναι.

403 2824 600 2901 ’Ὅστις
630 2824 1048 2891 θεοσεϐέστατος
1087 2829 1376 2892 Ἰουστῖνος
1414 2827 1617 2899 πολλὴν
1652 2827 1901 2882 συνοδίαν
1935 2828 1995 2881 ὲν

384 2915 487 2999 .τῷ
524 2917 673 2989 αὐτῷ
705 2921 1054 2995 μοναστηρίῳ
1081 2924 1147 2993 τῇ
1181 2921 1276 2976 τοῦ
1313 2921 1558 2995 Χριστοῦ
1606 2922 1792 2993 χάριτι
1833 2938 1994 2989 περι-

400 3000 707 3097 εποιήσατο
757 3012 976 3082 κρατῶν
1025 3012 1120 3066 τὸν
1151 3014 1351 3068 κανόνα
1401 3012 1840 3084 ἀπαραλλάκτως
1895 3014 1996 3083 τῆς

400 3086 634 3172 Λαύρέις
651 3104 747 3158 καὶ
776 3104 875 3176 τὴν
900 3106 1094 3178 λοιπὴν
1123 3108 1482 3172 κατάστασιν,
1509 3109 1604 3162 καὶ
1633 3108 1735 3162 οὐκ
1753 3105 1819 3161 ἂν
1842 3105 1994 3177 ε’ύροι

2091 1069 2366 1139 ipsorum,
2405 1069 2795 1142 Splendescent
2829 1085 2893 1126 ac
2920 1069 3339 1143 refulgebunt”.
3377 1092 3395 1124 ι
3444 1072 3513 1126 Et
3563 1071 3682 1133 haec

2093 1161 2162 1218 de
2193 1162 2400 1218 sanctis
2437 1163 2548 1218 illis
2591 1178 2719 1219 cum
2756 1163 3151 1220 edisseruisset
3178 1205 3193 1230 ,
3227 1179 3682 1234 unumquemque

2093 1262 2343 1309 nostrum
2375 1254 2658 1310 adhortari
2692 1254 2864 1325 coepit
2888 1269 2957 1310 ne
2989 1270 3100 1325 quo
3131 1255 3552 1327 emigraremus,
3575 1238 3683 1311 loci

2093 1347 2246 1402 illius
2271 1347 2450 1403 nostri
2478 1347 2795 1403 desertores
2820 1365 2833 1402 :
2869 1349 3042 1420 magis
3063 1364 3195 1403 vero
3224 1364 3318 1404 eas
3344 1365 3467 1419 qua:
3498 1336 3683 1403 immi-

2092 1440 2303 1495 nebant
2334 1440 2669 1495 tentati‘ones
2720 1456 2989 1512 generoso
3024 1452 3248 1511 pectore
3280 1441 3680 1513 perferremus,

2093 1530 2398 1587 Dominicae
2438 1531 2590 1588 illius
2641 1544 2918 1588 memores
2965 1533 3299 1588 sententiae:
3353 1553 3372 1585 ι
3401 1532 3539 1601 Quia
3579 1550 3680 1589 an~

2095 1633 2254 1696 gusta
2301 1630 2387 1680 est
2432 1633 2592 1694 porta
2618 1667 2633 1692 ,
2682 1633 2739 1680 et
2786 1635 2939 1681 arcta
2978 1625 3067 1681 via
3093 1627 3113 1658 ⁸
3144 1641 3267 1697 quae
3311 1626 3466 1681 ducit
3495 1625 3563 1681 ad
3596 1628 3680 1682 vi-

2097 1719 2276 1785 tam";
2306 1737 2326 1770 ι
2360 1717 2456 1772 sed
2473 1726 2529 1773 et
2555 1716 2802 1787 Apos‘toli
2830 1717 3067 1773 dicentis
3092 1738 3106 1773 :
3148 1737 3166 1770 ι
3195 1717 3334 1785 Quia
3364 1733 3462 1788 per
3483 1718 3684 1774 multas

2099 1810 2490 1866 tribulation’es
2508 1818 2728 1881 oportet
2754 1827 2855 1866 nos
2885 1812 3117 1867 introire
3140 1812 3195 1866 in
3223 1827 3453 1883 regnum
3477 1813 3571 1867 Dei
3602 1813 3674 1866 ⁸.»

2099 1903 2476 1975 Hujusitaque
2505 1901 2870 1958 admonitioni
2896 1904 3073 1959 visum
3094 1914 3180 1959 est
3205 1920 3398 1975 gerere
3436 1919 3645 1959 morem
3667 1946 3683 1970 ,

2100 2012 2276 2068 eoque
2321 1996 2377 2052 in
2430 1997 2589 2052 laura
2647 1996 2786 2052 duos
2840 2013 3010 2068 prope
3078 2012 3296 2053 menses
3358 1997 3684 2052 mansimus.

2100 2089 2347 2145 Rumore
2374 2090 2524 2145 enim
2562 2106 2758 2145 rursus
2805 2088 3058 2145 exterriti
3112 2104 3269 2145 nova;
3317 2088 3687 2144 Barbarorum

2100 2183 2462 2244 ex'cursionis.
2490 2183 2818 2254 suﬂ‘ugimus
2860 2183 2915 2238 in
2947 2183 3346 2238 monasterium
3376 2190 3581 2238 sanctae
3606 2181 3687 2244 ci-

2101 2276 2259 2331 vitati
2292 2277 2664 2347 propinquum
2689 2318 2705 2343 ,
2738 2276 2887 2348 quod
2912 2276 3139 2348 quidem
3173 2277 3244 2331 ab
3267 2292 3334 2332 ea
3368 2276 3688 2347 disparatur

2094 2370 2297 2426 stadiis
2322 2368 2437 2425 fere
2460 2370 2697 2442 viginti,
2734 2371 2825 2427 cui
2863 2386 3068 2426 nomen
3105 2368 3632 2445 abbatis‘Anastasii
3671 2389 3685 2425 :

2101 2465 2197 2520 ubi
2218 2466 2498 2521 neminem
2540 2480 2773 2536 prorsus
2803 2474 2918 2520 tum
2948 2464 3055 2520 loci
3086 2463 3321 2519 incolam
3355 2462 3687 2518 invenimus.

2104 2557 2212 2614 Sed
2239 2567 2298 2614 et
2327 2556 2535 2613 ibidem
2561 2558 2692 2623 loci,
2734 2556 2877 2611 duos
2906 2556 3043 2613 alios
3062 2572 3235 2627 prope
3256 2571 3384 2611 cum
3415 2554 3700 2610 demorati

2103 2663 2353 2704 essemus
2384 2663 2604 2704 menses
2630 2687 2644 2713 ,
2678 2658 2900 2702 rursum
2929 2647 3198 2702 admoniti
3232 2661 3425 2701 sumus
3459 2645 3691 2701 sanctis-

2094 2740 2230 2797 simi
2262 2741 2520 2812 superius
2550 2741 2684 2796 dicti
2716 2739 2948 2797 Modesti
2974 2739 3361 2795 adhortatione
3381 2780 3397 2805 ,
3440 2747 3501 2793 ut
3541 2746 3701 2808 post-

2102 2833 2321 2888 liminio
2347 2832 2561 2889 reversi
2595 2831 2653 2887 in
2678 2832 2909 2904 proprio
2944 2832 3326 2888 habitaremus
3355 2833 3498 2887 loco.
3529 2830 3692 2885 Tanti

2106 2924 2293 2994 itaque
2340 2923 2522 2979 Patris
2555 2925 2736 2994 probo
2779 2938 2844 2981 ac
2876 2922 3103 2978 salutari
3147 2922 3382 2977 consilio
3413 2908 3707 2993 persuasi,.

2105 3025 2164 3072 et
2192 3017 2418 3088 quidem
2440 3017 2695 3073 nonnulli
2715 3032 2746 3072 e
2766 3018 3001 3088 vestigio
3036 3016 3090 3071 in
3118 3015 3401 3071 Laurense
3414 3015 3695 3069 concessi-

2105 3127 2233 3168 mus
2258 3110 2652 3168 monasterium
2690 3111 2899 3167 ibidem
2936 3110 3043 3165 loci
3072 3099 3426 3174 habitaluri‘;
3469 3106 3693 3177 quidam

400 3212 495 3259 τις
526 3197 585 3249 ἐν
625 3197 722 3271 ὅλῃ
759 3199 1074 3274 Παλαστίνῃ
1106 3202 1140 3273 ἢ
1190 3203 1248 3285 ὲν
1270 3182 1429 3273 ’ἄλλῳ
1458 3200 1713 3271 κοινοὸίῳ
1737 3200 1998 3268 τοιαύτην

2104 3214 2288 3261 autem
2308 3206 2682 3277 remigrarunt
2699 3204 2984 3275 aliquanto
3023 3205 3205 3259 serius
3231 3202 3466 3263 lauram,
3483 3199 3701 3261 timore

403 3292 792 3361 πνευματικὴν
818 3293 1176 3349 κατάστασιν.
1217 3291 1397 3348 Ἀνθεῖ
1426 3294 1483 3347 δὲ
1509 3294 1604 3348 καὶ
1629 3293 1853 3360 αὐξάνει
1875 3292 1998 3347 καθ’

405 3381 691 3452 ἑκάστηνο
741 3384 836 3437 καὶ
880 3384 1194 3457 προϐαίνων
1254 3387 1399 3441 κατά
1442 3390 1534 3442 τὸν
1600 3387 1787 3441 Ἰσαὰκ
1826 3386 2003 3458 μέγας

406 3470 647 3540 γίνεται,
685 3472 762 3538 ὡς
796 3476 862 3528 ὲκ
888 3475 1078 3530 τούτου
1118 3476 1335 3548 χαίρειν
1381 3478 1533 3548 ἡμᾶς
1566 3477 2004 3548 στοχαζομένους

407 3565 619 3630 καλῶς,
652 3567 736 3620 ὅτι
776 3568 835 3621 ὲν
867 3567 1020 3641 πάσῃ
1049 3569 1206 3641 χώρᾳ
1254 3568 1552 3640 διαλάμπει
1591 3571 1897 3641 φωστήρων
1927 3568 2006 3623 δί-

406 3674 521 3727 κην
548 3658 609 3711 τὸ
643 3659 864 3731 σπέρμα
897 3660 992 3713 τοῦ
1021 3663 1176 3730 ἁγίου
1196 3662 1412 3734 [ἰατρὸς.-
1443 3661 1602 3733 ήμῶν
1625 3662 1795 3717 Σάϐα.
1812 3661 2005 3732 Ἡμεῖς

407 3750 472 3805 δὲ
504 3752 550 3804 οί
584 3753 833 3806 ταπεινοὶ
882 3756 947 3825 τῇ
983 3753 1078 3807 τοῦ
1114 3753 1252 3808 Θεοῦ
1307 3754 1494 3826 χάριτι
1540 3757 1635 3811 καὶ
1681 3754 2004 3827 σπουδῇτοῦ

408 3848 819 3917 προειρημένου
863 3842 1162 3901 ὁσιωτάτου
1193 3848 1472 3902 Μοδὲστου
1522 3842 1581 3901 ἑν
1618 3848 1818 3921 ἠσυχίᾳ
1874 3848 2007 3902 κάθ-

410 3937 599 4011 ήμεθα
630 3939 771 4011 ὑπὲρ
800 3939 870 3994 τὰ
889 3940 1080 4012 πρώην
1114 3940 1230 4011 ἔτη,
1255 3938 1711 4013 εὐχαριστοῦντες
1733 3942 1828 3996 καὶ
1849 3940 2007 4010 δοξά-

411 4033 601 4097 ζοντες
649 4031 741 4115 τὸν
791 4031 924 4085 Θεὸν
954 4032 1046 4086 τὸν
1097 4032 1435 4089 θανατοῦντα
1478 4036 1572 4088 καὶ
1612 4034 2004 4101 ζωοποιοῦντα,

412 4125 515 4181 καὶ
544 4124 801 4180 ποιοῦντα
821 4126 1101 4197 θαυμάσια
1121 4127 1335 4198 μεγάλα
1357 4127 1538 4205 μύνον.
1559 4125 2002 4198 Ἐσπλαγχνίσθη

412 4219 628 4289 γὰρ-είς
644 4220 795 4290 ἡμᾶς
813 4220 857 4290 ’ἡ
875 4219 1043 4273 αὐτοῦ
1067 4218 1468 4290 ἀγαθότης,κα“ι
1487 4221 1569 4285 είς
1594 4220 1879 4292 προκοπὴν
1910 4237 2010 4292 με-

413 4312 592 4385 γάλην
622 4314 821 4385 ἤνεγκε
844 4306 936 4368 τδν
971 4314 1133 4369 τόπον
1177 4317 1210 4386 ἡ
1221 4314 1361 4385 μῶν,
1392 4315 1518 4368 ὅσον
1556 4315 1694 4388 πρὸς
1724 4316 1854 4378 τοὺς
1883 4330 2009 4369 και-

416 4406 689 4478 ροὺς,»διά
703 4408 832 4471 τοὺς
856 4396 1360 4475 προδουλεύσαντας
1385 4407 1535 4479 αὐτῷ
1563 4409 1803 4481 γνησίως
1826 4411 1884 4462 εν
1911 4410 2008 4462 αὐ-

415 4495 511 4566 τῷ.
532 4496 723 4564 ἁγίους
754 4495 989 4560 δούλους
1022 4494 1212 4549 αὑτοῦ.
1258 4496 1584 4567 Ἐχαρίσατο
1625 4495 1681 4549 δὲ
1723 4497 1855 4566 ἡμῖν
1892 4494 2008 4549 Πα-

2104 3298 2356 3354 exterriti
2406 3298 2586 3370 gentis
2642 3295 2983 3354 Saracenicae
3031 3294 3178 3349 haud
3212 3292 3404 3365 procul
3440 3291 3695 3347 habitan-

2107 3393 2206 3457 tis;
2244 3390 2338 3445 alii
2370 3399 2563 3447 contra
2594 3390 2651 3445 in
2697 3389 2891 3446 eodem
2922 3402 3279 3458 permansere
3309 3376 3647 3440 monasterio
3679 3425 3693 3441 .

2107 3500 2219 3541 una
2251 3500 2379 3540 cum
2421 3482 2775 3539 sanctissimo
2807 3496 2910 3537 suo
2939 3479 3173 3551 praeside
3202 3478 3424 3534 Justino
3456 3518 3471 3543 ,
3508 3476 3600 3547 qui
3640 3476 3697 3531 in

2106 3580 2262 3634 laura
2283 3578 2636 3635 renuntiarat
2670 3574 2879 3631 mundo
2915 3574 3070 3637 huic,
3110 3587 3222 3643 quo
3250 3570 3357 3627 loci
3390 3570 3696 3640 plurimum

2107 3676 2369 3741 exegerat
2396 3666 2663 3736 temporis
2690 3707 2704 3732 ,
2734 3681 2798 3721 ac
2825 3673 2978 3719 tanto
3021 3663 3317 3734 splendore
3361 3661 3700 3716 inclaruerat

2107 3763 2405 3827 virtutum,
2431 3769 2494 3816 ut
2522 3760 2792 3832 dignitate
2824 3756 3158 3830 presbyterii
3188 3754 3541 3811 cohonestari
3569 3768 3697 3824 ιιι-ο⁴

2108 3851 2397 3907 meruerit.
2428 3850 2687 3906 Justinus
2720 3849 2833 3914 hic,
2869 3848 2968 3903 Dei
2992 3862 3122 3903 cum
3153 3847 3224 3902 sit
3249 3846 3713 3916 sapientissimus

2107 3944 2313 4009 cultor,
2370 3944 2430 3999 in
2475 3943 2573 3997 illo
2630 3957 2733 3997 suo
2782 3939 3162 4005 monasterio,
3214 3937 3389 4009 gratia
3442 3936 3699 4006 prmduce

2107 4038 2341 4103 Christi,
2370 4050 2724 4092 numerosam
2754 4033 3050 4089 admodum
3079 4031 3481 4087 conﬂuentium
3503 4045 3570 4083 eo
3593 4029 3715 4084 loci‘

2111 4130 2308 4186 ascivit
2336 4128 2845 4200 congregationem,
2878 4126 2960 4182 sic
2987 4131 3151 4181 tenax
3186 4134 3246 4181 et
3271 4123 3576 4179 observans
3610 4137 3703 4177 ca—

2082 4219 2277 4293 nonis
2315 4234 2383 4274 ae
2407 4226 2736 4274 czeterarum
2761 4216 3225 4273 constitutionum
3260 4214 3552 4269 Laurentii
3586 4228 3702 4268 coee

2111 4311 2289 4378 nobii,
2328 4319 2388 4366 ut
2411 4311 2480 4369 ab
2505 4311 2593 4367 his
2618 4310 2895 4368 neutrobi.
2916 4307 3133 4365 evariet
3172 4307 3259 4363 sui
3288 4322 3507 4377 semper
3550 4306 3705 4360 simio

2111 4404 2203 4470 lis,
2239 4403 2379 4460 adeo
2410 4412 2474 4458 ut
2501 4419 2611 4457 non
2646 4401 2809 4458 facile
2836 4400 2963 4472 quis
2997 4400 3216 4471 uspiam
3266 4398 3516 4454 inveniat
3560 4398 3706 4453 inter

2116 4499 2247 4551 vitae
2297 4494 2612 4551 communis
2642 4496 2671 4527 ν
2697 4493 3045 4565 professores
3091 4489 3321 4562 qn~i,sic
3362 4497 3596 4544 tueatur
3642 4502 3707 4541 ac

415 4561 557 4654 τέρα
581 4561 702 4639 ’καὶ
734 4587 970 4657 ποιμένα
1017 4587 1051 4658 ἡ
1076 4586 1243 4640 αὐτοῦ
1270 4561 1544 4658 ἀγαθότης
1562 4629 1577 4654 ,
1604 4561 1877 4655 ἄξιον-τῆς
1908 4586 2004 4639 αὐ-

2114 4595 2299 4647 servet
2353 4586 2635 4642 mordicus
2688 4584 3040 4656 spiritualem
3079 4580 3306 4637 viVendi
3337 4579 3703 4636 sanctionem.

418 4673 517 4726 τοῦ
537 4673 817 4744 προνοίας,
861 4675 1064 4743 Θωμᾶν
1086 4675 1180 4729 τὸν
1210 4674 1527 4742 ὁσιώτατον,
1546 4675 1851 4743 γνωστικόν
1876 4676 2008 4731 ὄντα

421 4766 521 4821 καὶ
563 4766 844 4831 παντοίαις
894 4767 1117 4836 ἀρεταῖς
1168 4769 1756 4840 κατακεκοσμημένον,
1803 4769 1898 4823 τὸν
1943 4769 2027 4822 ὲκ·

420 4861 622 4931 νεαρᾶς
642 4859 1089 4931 ῳικίαςὴσύχιον
1110 4862 1429 4932 ἀσκήσαντα
1457 4862 1592 4932 βίον·
1613 4862 1703 4916 τδν
1720 4862 1897 4935 πρᾶον
1920 4862 2014 4916 καὶ

422 4955 872 5025 φιλάδελφονυκαὶ
897 4956 1369 5025 συμπαθέστατον,
1394 4956 1484 5010 τὸν
1504 4955 1757 5034 ταπεινὸν
1782 4958 1848 5027 τῇ
1879 4973 2016 5027 καρ-

421 5047 533 5119 δίᾳ,
570 5047 663 5100 τὸν
692 5047 823 5118 περὶ
848 5047 949 5114 τὴν
976 5041 1145 5125 εὐχήν
1172 5049 1268 5102 καὶ
1306 5048 1509 5103 κανόνα
1531 5048 1889 5120 θερμότατον.
1920 5048 2013 5101 Διὸ

426 5138 522 5194 καὶ
557 5141 586 5193 ὁ
610 5139 744 5202 Θεὸς
775 5140 867 5193 ἐπὶ
904 5139 1004 5209 τῆς
1031 5139 1339 5211 ἡγητηρίας
1369 5139 1538 5195 αὐτοῦ
1569 5143 1650 5203 είς
1692 5139 2010 5210 πλατυσμδν

424 5232 626 5303 ἤνεγκε
649 5233 776 5295 τοὺς
802 5230 967 5285 αὐτοῦ
992 5233 1272 5302 φοιτητὰς.
1289 5234 1350 5287 '0
1378 5232 1436 5287 δὲ
1462 5233 1696 5304 ἀριθμὸς
1726 5233 1835 5287 τῶν
1860 5235 2015 5287 ἀναι-

432 5322 700 5393 ρεθέντων
721 5323 993 5392 Πατέρων
1046 5325 1196 5378 ἐστὶν
1251 5324 1538 5396 ὀνομάτων
1598 5326 2014 5395 τεσσαράκοντα

425 5412 732 5482 τεσσάρων.
803 5412 1167 5469 Ἐπιτελεῖται
1216 5414 1276 5468 δὲ
1329 5417 1361 5486 ἠ
1416 5416 1608 5486 μνήμη
1647 5414 1833 5468 αὐτῶν
1887 5415 2019 5485 μηνὶ

426 5505 595 5572 Μαΐῳ
659 5505 1149 5578 πεντεκαιδεκάτῃ.
1226 5506 1425 5577 Χάριτι
1501 5506 1559 5562 δὲ
1626 5504 1865 5575 Χριστοῦ
1922 5504 2017 5558 καὶ

431 5596 640 5668 σπουδῇ
673 5595 771 5650 τοῦ
827 5596 1221 5669 προλεχθέντος
1253 5596 1553 5652 ὁσιωτάτου
1581 5594 1801 5667 Πατρδς
1852 5595 2018 5665 ἡμῶν

2116 4680 2303 4736 Floret
2331 4678 2400 4742 is,
2436 4686 2495 4735 et
2533 4675 2865 4748 quotidiana
2905 4675 3175 4729 virtutum
3206 4672 3539 4753 accessione
3582 4687 3707 4725 suc-

2118 4772 2344 4836 crescit,
2379 4769 2550 4841 ﬁtque
2574 4765 3106 4841 magnus'temporis
3141 4774 3463 4836 progressu,
3508 4771 3570 4818 ut
3610 4763 3708 4817 ille

2121 4865 2253 4920 olim
2280 4863 2519 4919 eximius
2539 4863 2734 4918 Isaac:
2772 4861 2848 4914 ita
2892 4868 2957 4914 ut
3001 4868 3058 4913 et
3103 4872 3207 4912 nos
3260 4856 3482 4925 quoties
3530 4853 3705 4908 aciem

2123 4954 2327 5010 mentis
2351 4953 2409 5008 in
2434 4953 2587 5008 hunc
2606 4966 2775 5007 unum
2798 4949 3045 5021 pressius
3065 4947 3429 5012 intendimus,
3457 4960 3522 5000 ac
3538 4944 3707 4999 veluti

2123 5045 2193 5101 ad
2213 5060 2445 5115 scopum
2484 5050 2633 5100 recta
2665 5043 3033 5098 collineamus
3060 5081 3074 5105 ,
3108 5037 3429 5095 incredibiii
3477 5028 3707 5106 perfun-

2121 5136 2322 5191 damur
2346 5134 2572 5207 gaudio.
2601 5135 2663 5190 In
2682 5135 2835 5189 omni
2862 5134 3072 5189 circum
3092 5131 3338 5203 regione,
3369 5131 3506 5185 tanti
3534 5128 3709 5183 Patris

2121 5227 2418 5285 celebritas
2462 5228 2639 5283 instar
2690 5226 2980 5296 praelucidi
3023 5224 3318 5280 luminari‘s
3369 5221 3707 5284 intermicat,

2123 5320 2590 5392 splendoremque
2621 5334 2785 5374 suum
2832 5318 3161 5390 eiaculatur.
3226 5316 3430 5371 Semen
3486 5323 3570 5369 est
3618 5313 3710 5367 hic

2125 5414 2504 5471 sancti'Patris
2530 5412 2707 5469 nostri
2762 5412 2942 5468 Sabaz.
2976 5411 3090 5466 Nos
3121 5410 3353 5480 proinde
3392 5406 3630 5463 humiles
3654 5416 3711 5461 et

2124 5505 2348 5577 abiecti,
2384 5505 2553 5577 gratia
2581 5504 2826 5574 primum
2855 5500 2975 5566 Dei,
3012 5502 3214 5557 deinde
3240 5500 3384 5556 seria
3413 5497 3711 5554 admodum

2125 5607 2181 5654 et
2200 5608 2458 5655 accurata
2489 5578 2771 5667 diligentia
2798 5593 3205 5667 pramemorati
3237 5590 3572 5648 sanctissimi
3596 5588 3712 5643 Illo-

509 5775 533 5847 ξ
572 5773 679 5829 lsa.
709 5790 834 5838 LVII,
871 5774 922 5828 ί.
996 5774 1017 5808 ’⁵
1047 5775 1141 5847 Gr.
1170 5777 1320 5844 quasi
1369 5775 1637 5847 integram
1678 5772 2004 5847 oblationem

2104 5778 2259 5832 istia’.
2334 5778 2353 5807 ⁵
2380 5776 2506 5847 Sap.
2534 5792 2610 5841 ut,
2637 5774 2749 5831 ίιυϐ.
2828 5774 2848 5805 ⁸
2872 5773 2944 5828 Gr
2998 5773 3086 5827 για
3137 5771 3499 5847 αθίίειίοηξόυε
3538 5778 3711 5842 senta.

437 5846 680 5903 'Matth.
730 5862 835 5913 vn,
886 5847 968 5903 Η.
1046 5848 1067 5880 ⁸
1112 5845 1231 5905 Act.
1286 5862 1396 5913 xiv,
1449 5844 1538 5901 2‘1.
1616 5844 2044 5902 ’Cmnobiticx.
