4016 6438
3030 293 3044 324 l

527 312 660 382 1431
1813 336 2105 398 ANTIOC]

2220 337 2571 405 MONACHI

1040 434 1327 493 liOlllLlA
1366 439 1601 495 PRIMA.
2143 452 2194 507 Δ

1205 554 1282 609 De
1316 555 1442 624 ﬁde.

594 671 829 725 Domino
867 681 1232 742 cooperante,
1264 682 1320 728 et
1355 688 1671 729 sermonem
1720 654 2112 744 conﬁrmante,

522 763 880 833 aggredimur
913 763 1155 834 primum
1190 764 1342 820 hunc
1374 767 1467 841 qui
1503 767 1570 821 de
1607 766 1713 822 ﬁde
1754 775 1866 834 est,
1903 783 2115 853 sermo-

523 868 682 919 nem,
714 860 882 924 atque
915 854 993 909 ita
1022 853 1288 925 deinceps
1316 856 1410 926 qui
1444 865 1773 928 sequentur,
1803 859 1951 916 serie
1982 875 2117 916 con-

522 944 749 1001 tinenti.
772 945 834 1000 ln
864 945 1061 1015 primis
1085 960 1316 1002 necesse
1345 947 1436 1012 sit,
1461 955 1523 1002 ut
1545 949 1742 1005 credas
1772 950 1829 1004 in
1863 970 1881 1002 ι
1912 951 2110 1018 Deum,

522 1036 653 1106 quia
687 1043 792 1103 est,
824 1047 881 1091 et
913 1037 1337 1107 exq‘uirentibus
1371 1054 1431 1095 se
1464 1051 1855 1097 remunerator
1887 1043 1961 1098 sit
1982 1044 2104 1111 η.)

520 1129 687 1184 Fides
714 1130 863 1186 enim
897 1130 953 1185 in
984 1132 1251 1187 saeculum
1277 1132 1465 1189 stabit.
1492 1135 1560 1189 Et
1591 1153 1603 1188 :
1645 1153 1662 1186 ι
1695 1135 1889 1191 Justus
1909 1150 1977 1191 ex
2005 1134 2113 1192 ﬁde

519 1222 673 1278 vivet
693 1224 758 1276 ".
804 1241 824 1275 ι
872 1220 1066 1279 Justus
1114 1232 1302 1280 autem
1352 1226 1448 1296 qui
1493 1227 1680 1283 veraci
1731 1227 1839 1284 ﬁde
1886 1229 2107 1293 nititur,

519 1314 686 1370 ﬁdem
719 1315 887 1371 habet
919 1317 1061 1370 mire
1093 1315 1372 1373 eﬁicacem
1410 1336 1424 1371 :
1465 1319 1651 1383 ﬁdem,
1689 1321 1937 1391 inquam,
1973 1337 2112 1392 quo-

520 1404 737 1464 tidiana
782 1409 1105 1466 accessione
1150 1410 1587 1479 coalesc’entem;
1639 1410 1802 1468 ﬁdem
1850 1414 2004 1469 nulla
2042 1429 2110 1470 ex

517 1509 675 1569 parte
704 1500 1081 1583 haesitantem;
1108 1501 1273 1559 ﬁdem
1303 1503 1371 1559 ad
1401 1518 1573 1575 opera
1599 1504 1763 1560 laude
1791 1504 1957 1577 digna
1985 1505 2105 1561 illu-

2212 1516 2348 1570 ὅλων
2378 1514 2533 1580 Θεός.
2563 1510 2934 1593 Πίστις-ἀρχὴ
2964 1519 3279 1591 κολλήσεως
3307 1519 3471 1575 Θεοῦ.
3496 1500 3764 1587 "dcam,-

515 1601 808 1661 strantcm,
836 1603 898 1650 ut
929 1611 1028 1665 per
1057 1611 1123 1651 ea
1151 1596 1495 1667 gloriﬁcetur
1518 1598 1908 1655 universorum
1937 1600 2105 1656 Deus.

2213 1605 2406 1671 πιστὸς
2433 1605 2582 1671 λίθος
2609 1606 2741 1662 ναοῦ
2774 1620 2801 1649 ι
2834 1609 2971 1664 Θεοῦ
3006 1610 3246 1685 ὑπάρχει
3289 1612 3688 1684 ἡτοιμασμένος
3706 1616 3764 1677 είς

517 1686 682 1742 Fides
723 1688 1063 1758 principium
1101 1698 1186 1744 est
1225 1690 1428 1745 divinae
1468 1691 1800 1748 vocationis.
1842 1691 2105 1764 Quisquis

2211 1701 2503 1773 οἰκοδομὴν
2539 1699 2677 1755 Θεοῦ
2717 1702 2952 1771 Πατρὸς,
2999 1703 3419 1777 ἀναφερόμενος
3459 1705 3540 1770 είς
3574 1706 3638 1759 τὰ
3661 1704 3762 1775 ὕψη,

514 1778 764 1849 perfecte
791 1781 990 1846 credit,
1014 1780 1154 1852 lapis
1176 1790 1260 1837 est
1283 1783 1475 1854 templi
1498 1783 1618 1869 Dei,
1639 1785 1782 1856 lapis
1804 1796 1891 1840 est
1914 1785 2105 1840 solerti

2210 1793 2299 1848 διὰ
2331 1795 2430 1866 τῆς
2482 1796 2734 1868 μηχανῆς
2778 1797 2955 1868 Ἰησοῦ
2996 1798 3279 1870 Χριστοῦ’
3323 1800 3355 1853 ὅ
3403 1800 3526 1853 ἔστι
3574 1798 3763 1877 στανρδς

515 1884 785 1944 apparatu
816 1874 1102 1959 lazvigatus
1126 1886 1183 1931 et
1203 1887 1525 1947 exrcquatus
1549 1864 1613 1933 in,
1630 1870 2105 1935 substructionem

2212 1864 2411 1956 σχοίνῴ
2448 1864 2734 1961 χρῶμενος
2778 1864 2858 1959 τῷ
2899 1864 3212 1960 Πνεῦματι.
3261 1889 3327 1942 Ἦ
3386 1889 3446 1942 δὲ
3493 1864 3764 1969 πίστις-αν-

515 1965 615 2019 Dei
648 1965 849 2030 Patris,
882 1953 1114 2036 lapis'in
1150 1969 1389 2025 sublime
1422 1981 1650 2027 evectus
1683 1972 1939 2030 machina
1972 1988 2105 2044 qua-

2211 1953 2749 2045 Bpénounayoiystic
2779 1953 2952 2041 ἐστιν,
2986 1953 3112 2049 ἡδὲ
3145 1977 3338 2046 ἀγάπη
3369 1978 3492 2043 ὁδὸς
3522 1958 3579 2051 ἠ’
3599 1980 3762 2049 ἀναφέ-

515 2057 665 2127 piam
705 2058 1023 2115 admirabili
1059 2061 1191 2117 Jesu
1230 2060 1461 2128 Christi,
1493 2079 1615 2134 quae
1651 2079 1787 2119 crux
1822 2065 1944 2136 ejus
1987 2074 2105 2132 est;

2209 2081 2380 2138 ρουσα
2405 2065 2485 2130 εἰς
2510 2066 2599 2121 τὸν
2621 2066 2776 2123 Θεόν.
2805 2068 2916 2122 Καὶ
2947 2069 2976 2122 ὁ
2997 2066 3242 2132 τοιοῦτος
3264 2067 3482 2137 γίνεται
3513 2068 3763 2140 Θεοφόρος,

513 2149 776 2217 praesidio
808 2152 1034 2224 adjutus
1065 2152 1302 2210 funiculi
1337 2156 1435 2225 qui
1469 2156 1711 2227 Spiritus
1739 2167 1963 2214 sanctus
1995 2168 2100 2214 est.

2764 455 2982 512 ΛΟΓΟΣ
3015 460 3286 526 ΠΡΟΤΟΣ
3643 359 3746 429 1m

2783 573 2921 641 Περὶ
2956 574 3239 643 πίστεως.

2289 677 2399 732 Τοῦ
2429 679 2637 763 κυρίου
2668 685 3063 755 συνεργοῦντος
3093 690 3188 744 καὶ
3209 689 3303 745 τὸν
3326 690 3486 761 λόγον
3513 693 3748 763 βεϐαιοῦν-

2216 787 2307 833 τος
2337 762 2640 845 ἀρχώμεθα
2702 777 2921 850 πρῶτον
2972 780 3083 834 τῶν
3134 781 3268 854 περὶ
3314 784 3550 850 πίστεως
3595 787 3750 858 λόγων,

2216 861 2318 920 εἶθ’
2341 865 2517 932 οὕτως
2558 870 2667 924 τῶν
2694 871 2953 944 καθεξῆς.
2989 875 3216 946 Πρῶτον
3270 877 3356 931 δεῖ
3399 879 3659 935 πιστεύειν
3695 886 3754 948 ei;

2221 978 2240 1012 ι
2265 958 2421 1026 Θεδν,
2443 962 2526 1016 ὅτι
2549 960 2719 1028 ἔστιν,
2750 965 2982 1031 καὶτοῖς
3001 967 3326 1039 ἐκζητοῦσιν
3352 969 3519 1027 αὑτὸν
3538 973 3757 1043 μισθαπο-

2213 1049 2373 1122 δότης
2400 1051 2630 1122 γίνεται.
2663 1073 2682 1106 ι
2716 1055 2906 1121 Πίστις
2934 1056 3045 1129 γὰρ
3072 1061 3152 1120 εἰς
3180 1061 3271 1114 τὸν
3301 1062 3479 1115 αἰῶνα
3517 1064 3757 1134 στήσεται.

2213 1144 2348 1211 Kal,
2387 1163 2405 1197 ι
2429 1144 2488 1199 Ὁ
2517 1145 2726 1212 δίκαιος
2757 1149 2822 1202 ὲκ
2847 1149 3088 1216 πίστεως
3121 1150 3408 1224 ζήσεται.»
3450 1155 3509 1209 '0
3539 1155 3595 1209 δὲ
3625 1157 3761 1223 ὅντως

2211 1237 2420 1302 δίκαιος
2453 1238 2519 1293 ὲκ
2554 1228 2794 1306 πίστεως
2832 1242 3019 1296 πίστιν
3065 1244 3182 1317 ἔχει
3225 1246 3452 1319 ὲνεργῆ,
3490 1248 3660 1302 πίστιν
3687 1251 3763 1305 αὖ·

2214 1329 2502 1398 ξάνουσαν,
2538 1333 2722 1388 πίστιν
2761 1335 3366 1409 πεπληροφορημένην,
3406 1334 3591 1393 πίστιν
3629 1342 3764 1411 φωτί-

2214 1420 2415 1488 ζουσαν
2460 1425 2519 1477 ὲν
2548 1427 2662 1490 τοῖς
2715 1427 2907 1491 καλοῖς
2963 1428 3171 1500 ἔργοις,
3222 1429 3312 1483 ἵνα
3357 1430 3594 1503 δοξασθῇ
3620 1433 3646 1485 ὁ
3681 1435 3764 1487 τῶν

511 2241 682 2298 Fides
721 2243 993 2310 hominis,
1027 2246 1256 2321 praedux
1292 2246 1421 2303 vita:
1464 2259 1552 2304 est
1596 2267 1611 2299 :
1651 2248 1908 2306 Charitas
1948 2249 2101 2322 ipsa,

509 2335 601 2390 via
641 2344 756 2403 est,
780 2337 848 2392 ad
886 2337 1059 2393 Deum
1095 2354 1273 2410 usque
1309 2340 1628 2396 subvehens
1660 2342 1966 2399 hominem.
1998 2343 2103 2410 Qui

508 2428 782 2497 ejusmodi
824 2436 931 2493 est,
962 2422 1340 2500 Theophorus'
1372 2429 1455 2493 ﬁt,
1486 2432 1603 2487 sive
1640 2431 2099 2504 Christophorus,

510 2520 803 2592 Templum
836 2522 1066 2594 insuper
1089 2523 1188 2579 Dei
1218 2534 1276 2579 et
1297 2536 1617 2581 sanctorum
1650 2526 1878 2582 sedulus
1904 2528 2107 2583 lustra-

508 2618 601 2666 tor
631 2613 921 2680 locorum;
957 2614 1110 2670 nulla
1141 2630 1254 2670 non
1290 2615 1375 2671 sui
1410 2626 1587 2687 parte,
1620 2633 1722 2687 per
1752 2617 2105 2675 observatio-

509 2720 637 2759 nem
667 2703 1055 2760 mandatorum
1085 2706 1216 2761 Jesu
1250 2705 1483 2776 Christi,
1518 2710 1828 2780 perpolitus
1856 2694 2103 2767 et‘ador-

506 2803 696 2850 natus.
722 2794 861 2851 Vitae
893 2796 1047 2868 origo
1078 2804 1163 2852 est
1191 2806 1255 2853 ea
1288 2813 1410 2869 qua:
1439 2815 1540 2870 per
1570 2800 1734 2856 ﬁdem
1763 2810 1819 2857 et
1850 2801 2104 2859 dilectio-

505 2898 637 2940 nem
678 2893 966 2955 operatur,
1000 2887 1089 2941 cui
1132 2886 1271 2941 nihil
1312 2889 1693 2959 anteponitur.
1733 2891 1924 2948 Fidem
1964 2909 2101 2950 sane

507 2976 745 3033 dixerim
787 2994 899 3034 non
940 2979 1408 3051 qualemcunque,
1444 2982 1540 3038 sed
1579 2999 1748 3055 opere
1792 2986 1912 3057 ipso
1951 3002 2102 3043 com-

2205 2250 2303 2305 καὶ
2335 2249 2406 2305 τὰ
2433 2251 2616 2305 πάντα
2641 2251 3064 2322 κεκοσμημένος
3093 2251 3153 2305 ὲν
3184 2254 3311 2314 ταῖς
3344 2251 3590 2317 ἐντολαῖς
3625 2248 3763 2318 Ἰησοῦ

2205 2343 2470 2415 Χριστοῦ.
2497 2342 2605 2398 Kal
2637 2344 2785 2415 ἀρχὴ
2811 2342 2960 2414 ζωῆς
2986 2342 3020 2413 ἢ
3054 2343 3146 2397 διὰ
3176 2334 3426 2407 πίστεως
3448 2342 3544 2397 καὶ
3583 2340 3764 2409 ἀγάπης

2206 2440 2287 2502 εἰς
2314 2436 2469 2493 οὐδὲν
2503 2436 2894 2509 προκέκριται.
2940 2434 3105 2490 Ἀλλὰ
3151 2435 3340 2490 πίστιν
3391 2435 3539 2504 λέγω
3577 2430 3763 2505 ἐνεργῇ,

2204 2529 2327 2583 ἐπεὶ
2366 2529 2401 2600 ἡ
2440 2528 2625 2592 πίστις
2677 2528 2852 2601 χωρὶς
2900 2526 3011 2581 τῶν
3064 2525 3246 2598 ἔργων
3302 2525 3480 2597 νεκρά
3530 2524 3641 2578 ἐστι
3671 2520 3764 2576 καθ’

2206 2608 2429 2695 ἑαυτήν.
2452 2623 2535 2677 Τὰ
2550 2621 2606 2676 δὲ
2628 2621 2768 2693 ἔργα
2796 2621 2896 2692 τῆς
2919 2619 3167 2685 πίστεως
3187 2619 3365 2681 ἔστιν,
3392 2617 3601 2687 ἀγάπη,
3629 2613 3760 2685 χαρὰ,

2203 2716 2421 2788 εἰρήνη,
2457 2712 2832 2787 μακροθυμία,
2855 2713 3190 2785 χρηστότης,
3222 2710 3572 2780 ἁγαθοσύνη,
3606 2723 3762 2761 ταπει-

2202 2805 2513 2878 νοφροσύνη
2547 2806 2643 2860 καὶ
2692 2803 2928 2876 αῦχησις
2975 2804 3035 2857 ὲν
3084 2803 3305 2874 Κυρίῳ,
3360 2801 3678 2871 πεποίθησις
3702 2798 3761 2858 είς

2201 2898 2357 2966 Θεὸν,
2401 2896 2718 2970 σταυρῶσαι
2765 2896 2864 2969 τὴν
2919 2895 3123 2966 σάρκα,
3172 2894 3234 2948 τὺ
3281 2892 3635 2949 καταπαῦσαι
3675 2889 3760 2944 ἀπὸ

2201 2995 2424 3046 πάντων
2485 2989 2594 3045 τῶν
2647 2988 2847 3061 ἔργων,
2903 2986 3090 3051 καθὼς
3122 2986 3480 3041 κατέπαυσεν
3533 2984 3636 3040 ἀπὸ
3677 2981 3760 3034 τῶν

506 3069 920 3137 mendabilem,
955 3087 1083 3128 cum
1134 3072 1272 3129 ﬁdes
1312 3074 1433 3129 sine
1476 3076 1741 3145 operibus
1778 3086 1996 3136 mortua
2042 3080 2098 3135 in

2208 3084 2354 3139 ίδίων
2386 3085 2415 3138 ὁ
2440 3082 2596 3147 Θεὸς,
2616 3080 2679 3134 τὸ
2709 3075 2842 3152 ἆραι
2866 3080 2960 3134 τὸν
2984 3078 3218 3149 σταυρὸν
3248 3077 3421 3132 αὐτοῦ
3445 3070 3544 3133 καὶ
3569 3074 3758 3161 ακολου-

509 3162 812 3234 semetipsa
855 3165 948 3219 sit.
980 3163 1164 3235 Opera
1202 3165 1437 3236 proinde
1476 3166 1601 3223 ﬁdei
1645 3169 1806 3239 istius
1844 3184 2102 3242 operato-

2209 3176 2409 3248 θῆσαι,
2467 3173 2745 3245 πνεύματι
2807 3173 2944 3245 ζῇν,
3003 3169 3324 3242 πνεύματος
3379 3156 3598 3240 τυχεῖν-4
3650 3163 3758 3234 αῦτη

509 3254 611 3311 riae
642 3267 774 3311 sunt
816 3272 829 3309 :
876 3257 1140 3324 cliaritas,
1180 3258 1467 3329 gaudium,
1505 3260 1752 3323 bonitas,
1790 3263 2099 3334 humilitas,

2204 3267 2595 3339 λογισθήσεται
2629 3265 2710 3329 είς
2755 3262 3127 3335 δικαιοσύνην.
3165 3263 3361 3317 Ταῦτά
3404 3262 3523 3315 ἐστι
3563 3258 3627 3314 τὰ
3654 3258 3758 3333 ἔργα

507 3347 807 3403 exsultatio
830 3347 899 3403 in‘
911 3349 1169 3417 Domino,
1196 3349 1398 3407 ﬁducia
1424 3367 1554 3424 erga
1578 3354 1781 3422 Deum;
1809 3364 2100 3426 praeterea,

509 3456 736 3499 carnem
779 3442 1002 3515 aﬁigere
1043 3442 1228 3512 cruci,
1261 3444 1411 3515 quod
1456 3455 1570 3513 est,
1598 3461 1721 3502 eam
1762 3464 1997 3506 avocare
2038 3466 2105 3506 ac

510 3536 709 3593 sedare
749 3537 819 3593 ab
858 3536 1119 3594 omnibus
1160 3538 1280 3595 suis
1317 3541 1602 3612 operibus,
1633 3545 2103 3613 quemadmodum

510 3645 544 3685 α
586 3630 705 3687 suis
749 3630 1179 3703 interquievisse
1219 3633 1423 3706 legitur
1459 3634 1607 3703 Deus
1644 3636 1838 3693 tollere
1878 3654 2105 3696 crucem

510 3739 668 3802 suam
697 3731 755 3779 et
781 3733 1115 3783 sectatorem
1147 3742 1270 3785 esse
1297 3728 1503 3791 crucis,
1528 3730 1679 3800 quod
1708 3732 2107 3802 est,'spiritua-

509 3800 640 3870 liter
677 3816 867 3871 vivere
892 3835 918 3871 .:
957 3817 1107 3889 quod
1142 3819 1189 3874 si
1225 3818 1483 3891 praeduce
1521 3819 1730 3890 Spiritu
1773 3800 2102 3893 ingrederis,

518 3906 882 3976 imputabitur
907 3909 1008 3965 tibi
1038 3909 1107 3965 ad
1135 3911 1427 3981 justitiam.
1465 3912 1679 3983 1027
1711 3911 1839 3969 Haec
1874 3930 1941 3971 ea
1976 3926 2106 3971 sunt

513 3996 756 4055 ollicacis
785 3998 915 4055 ﬁdei
946 4017 1136 4073 opera.
1171 4001 1280 4070 Qui
1312 4002 1421 4059 ﬁde
1452 4006 1735 4075 percurrit
1765 4007 1910 4062 viam
1944 4025 2103 4064 man-

514 4092 811 4165 datorum,
858 4095 1145 4150 caelestem
1197 4096 1348 4151 illam
1397 4108 1730 4169 assequetur
1771 4099 2103 4159 Jerusalem.

514 4184 685 4240 Plane
720 4184 767 4240 si
800 4184 967 4241 ﬁdem
1001 4186 1344 4253 habeamus,
1373 4198 1431 4244 et
1464 4188 1518 4244 in
1557 4190 1668 4245 ﬁde
1700 4206 1922 4257 sumus,
1955 4200 2012 4247 et
2047 4193 2105 4246 in

2208 4198 2430 4268 ᾁγάπην
2452 4212 2469 4228 ο
2504 4213 2524 4247 ι
2555 4194 2650 4251 καὶ
2682 4184 2862 4258 αὖθις,
2893 4211 2912 4243 ι
2951 4187 3481 4258 Ἐποικοδομοῦντες
3514 4187 3569 4238 ὲν
3589 4176 3752 4283 ’τῇ-πί·

513 4277 709 4334 cadem
736 4277 924 4339 .solidi
969 4278 1334 4335 consistimus
1370 4296 1436 4335 ac
1478 4282 1731 4349 stabiles,
1762 4283 1824 4339 in
1866 4284 2105 4339 Domino

2209 4292 2351 4356 στει,
2378 4289 2611 4361 νήψατε.
2643 4286 3059 4361 γρηγορήσατε,
3091 4277 3173 4338 ac“:
3202 4281 3482 4376 ἀντίδικος
3507 4275 3648 4376 ὑμῶν

513 4369 750 4440 pulchre
786 4370 1126 4427 habitamus.
1155 4371 1379 4427 Etenim
1415 4389 1517 4443 per
1550 4374 1881 4445 Prophetam
1916 4376 2105 4447 loqui-

2209 4379 2385 4446 ϐολος,
2422 4378 2499 4442 ὡς
2543 4378 2684 4432 λέων
2717 4376 3034 4447 ὦρυόμενος
3078 4374 3401 4443 περιπατεῖ,
3446 4366 3615 4439 ζητῶν
3658 4366 3748 4413 τίνα

517 4474 609 4518 tur
633 4462 907 4518 Dominus
942 4481 955 4517 :
994 4482 1012 4515 ι
1046 4461 1204 4520 Oculi
1232 4465 1338 4520 mei
1369 4465 1560 4521 ﬁdeles
1597 4474 1758 4523 terrae
1787 4477 1849 4523 ut
1873 4468 2105 4525 sedeant

2209 4470 2483 4543 καταπίῃο
2528 4462 2573 4538 ᾧ
2613 4468 2905 4539 ἀντίστητε
2954 4466 3169 4538 στερεοὶ
3189 4466 3258 4536 τῇ
3292 4463 3479 4516 πίστει
3500 4460 3592 4560 Β..)
3622 4450 3748 4552 Kal?

516 4569 737 4610 mecum
758 4556 827 4609 “.
862 4574 881 4607 ι
921 4555 1036 4611 Nec
1069 4570 1232 4612 secus
1256 4555 1562 4612 Jeremias:
1593 4576 1612 4609 ‹
1644 4557 1812 4625 Ecce,
1843 4559 2101 4627 Domin’e,

2210 4562 2457 4628 Παῦλος,
2506 4581 2525 4615 ι
2576 4562 2667 4615 Ἐν
2714 4553 2760 4630 ᾧ
2818 4559 3216 4621 πιστεύσαντες
3264 4552 3748 4639 ἐσφραγίσθητξτῳ

514 4648 662 4704 oculi
710 4648 791 4704 tui
838 4649 1149 4720 respiciunt
1187 4642 1352 4705 ﬁdem
1378 4650 1444 4702 ³³.
1490 4669 1508 4702 ι
1556 4651 1702 4709 Dicit
1740 4660 1799 4707 et
1842 4653 2044 4709 Petrus
2084 4667 2102 4706 :

2209 4653 2497 4726 Πνεῦματι
2541 4651 2642 4723 τῆς
2681 4647 3022 4720 ἐπαγγελίας
3061 4645 3141 4718 τῷ
3187 4645 3352 4715 ἁγίῳ.
3386 4664 3405 4696 ι
3452 4636 3559 4697 Kal
3595 4635 3746 4690 πάλιν·

522 4764 541 4795 «
598 4730 911 4799 Ministrate
958 4742 1015 4798 in
1062 4741 1173 4799 ﬁde
1215 4752 1403 4799 vestra
1446 4744 1715 4821 virtutem
1759 4753 1816 4800 et
1859 4746 2099 4805 charita-

2218 4766 2238 4798 ι
2282 4745 2409 4800 Ἐπὶ
2443 4746 2612 4798 πᾶσιν
2652 4739 3021 4802 ἀναλαϐόντες
3056 4736 3149 4821 τον
3185 4736 3385 4809 Θυρεδν
3403 4735 3500 4805 τῆς
3529 4730 3744 4787 πίστεως’

516 4848 625 4894 tem
647 4838 716 4892 “.
751 4856 771 4889 ι
808 4836 1027 4894 Rursus
1065 4855 1079 4890 :
1125 4856 1143 4888 ι
1181 4835 1704 4907 Superaediﬁcantes
1736 4838 2105 4909 vosmetipsos

2212 4843 2272 4895 ὲν
2302 4832 2348 4909 ᾧ
2373 4835 2670 4910 δυνήσεσθε
2700 4834 2881 4889 πάντα
2915 4832 2984 4891 τὰ
3016 4829 3150 4903 βέλη
3188 4829 3286 4884 τοῦ
3316 4824 3562 4898 Πονηροῦ
3591 4821 3652 4874 τὰ
3671 4831 3743 4868 πε·

516 4931 569 4984 ἰη
616 4928 760 4996 ﬁde,
800 4928 974 4985 sobrii
1020 4935 1232 4996 cstote;
1277 4927 1531 5000 vigilate,
1572 4928 1705 4998 quia
1750 4928 2105 4986 adversarius

2214 4931 2519 5005 πυρωμένα
2556 4926 2774 4984 σϐέσαι.
2802 4945 2820 4980 ι
2850 4924 2964 4981 Kal
2995 4920 3174 4988 αὖθις*
3204 4941 3224 4975 ‹
3254 4916 3415 4976 Ἐστι
3444 4918 3615 4978 πίστις
3636 4910 3745 5005 ἐλπι-

514 5027 700 5075 vester
753 5018 1037 5099 diabolus,
1074 4999 1356 5090 tanquam?
1400 5017 1491 5101 leo
1555 5018 1787 5090 rugiens
1847 5020 2105 5076 circumit

2215 4999 2459 5096 ζομένων
2491 5021 2812 5083 ὑπόστασις.
2854 5020 2944 5073 Ἐν
2973 5017 3147 5089 ταύτῃ
3173 5014 3229 5057 δ’
3261 5015 3372 5085 γὰρ
3414 4999 3742 5101 ἐμαρτυρήθη·

515 5128 774 5181 quaerens
795 5129 961 5184 quem
988 5091 1241 5180 devoret,
1265 5113 1355 5169 cui
1381 5091 1627 5169 resistite
1651 5113 1833 5171 fortes
1859 5114 1969 5172 ﬁde
1987 5118 2053 5171 ’³.
2083 5137 2102 5170 ›

2220 5091 2318 5173 σαν
2364 5117 2417 5171 οἱ
2474 5113 2863 5186 πρεσϐύτεροι.
2925 5109 3088 5165 Κατὰ
3138 5110 3326 5163 πίστιν
3378 5105 3483 5189 γὰρ
3527 5091 3740 5189 ἁπέθσνῦξ

517 5204 588 5258 Et.
612 5204 821 5260 Paulus
849 5222 865 5259 :
902 5225 921 5256 ι
956 5206 1016 5260 ιη
1042 5221 1154 5277 quo
1180 5221 1307 5261 cum
1339 5204 1711 5273 credideritis,
1740 5208 1945 5279 signati
1972 5209 2105 5266 estis

2215 5203 2364 5266 οὗτοι
2394 5185 2618 5271 πάντες.
2648 5224 2667 5259 ι
2718 5205 2833 5258 Kal
2871 5196 3036 5259 πᾶλιν
3059 5216 3073 5232 ⁶
3131 5220 3150 5254 ‹
3183 5186 3533 5267 Δικαιοσύνην
3565 5189 3614 5300 οὲ
3636 5185 3736 5300 9:0”

519 5295 732 5365 Spiritu
781 5274 1177 5368 promissionis
1221 5308 1411 5355 sancto
1446 5300 1514 5353 ’°.
1564 5319 1582 5351 ι
1636 5274 1849 5357 lterum
1896 5320 1909 5355 :
1973 5321 1991 5354 ‹
2046 5303 2105 5358 In

2211 5303 2303 5359 διὰ
2316 5301 2557 5363 πίστεως
2581 5300 2660 5362 είς
2679 5296 2891 5361 πάντας
2910 5297 3038 5358 τοὺς
3059 5291 3434 5354 πιστεύοντας,
3447 5308 3464 5341 ι
3492 5274 3735 5387 Rettuli:-

520 5387 784 5443 omnibus
824 5384 1111 5446 sumentes
1148 5399 1368 5447 scutum
1413 5391 1573 5461 ﬁdei,
1611 5393 1668 5448 in
1722 5410 1835 5465 quo
1878 5396 2105 5465 possitis

2220 5397 2369 5452 «Ἵνα
2393 5386 2845 5465 τὴνέπαγγελίαν
2868 5388 2963 5443 τοῦ
2981 5386 3122 5443 Πνεύ
3130 5402 3302 5458 ματος
3318 5382 3559 5450 λάϐωμεν
3575 5369 3648 5423 διὰ
3660 5369 3731 5427 τῆς

2205 3365 2306 3434 τῆς
2356 3360 2616 3423 πίστεως.
2663 3358 2722 3412 'O
2768 3358 2951 3411 πίστει
2999 3355 3211 3427 τρέχων
3252 3354 3358 3409 ’διὰ
3415 3353 3525 3407 τῶν
3571 3347 3759 3405 ἐντολῶν

2205 3455 2358 3510 κάτω
2384 3452 2657 3524 λαμϐάνει
2703 3449 2805 3522 τὴν
2838 3451 2952 3505 ἄνω
2993 3448 3387 3521 Ἰερουσαλήμ.
3430 3444 3757 3516 Ἐὰνέχυιμεν

2206 3548 2412 3613 πίστιν,
2440 3546 2609 3618 ἐσμὲν
2634 3549 2707 3601 ιὲν
2742 3547 2810 3617 τῇ
2852 3544 3058 3609 πίστει,
3104 3542 3202 3596 καὶ
3245 3544 3531 3614 στήκομεν
3573 3539 3626 3591 ὲν
3650 3535 3757 3603 αὐτῇ

2207 3733 2306 3789 καὶ
2363 3734 2392 3786 ὁ
2452 3730 2654 3802 Κύριος
2681 3730 2770 3784 διὰ
2793 3729 2887 3783 τοῦ
2920 3729 3236 3799 Προφήτου·
3266 3745 3287 3778 ‹
3306 3728 3376 3780 Οἱ
3398 3720 3657 3795 ὀφθαλμοί
3680 3733 3757 3790 μου

2207 3826 2301 3882 ἐπὶ
2349 3825 2481 3891 τοὺς
2512 3824 2739 3888 πιστοὺς
2764 3823 2866 3892 τῆς
2887 3821 3014 3892 γῆς,
3038 3819 3133 3875 τοῦ
3167 3818 3555 3890 ωγκαθῇσθαι
3598 3810 3759 3905 αὐτοὺς

2210 3918 2330 3991 μετ’
2358 3918 2514 3990 ἐμοῦ.
2541 3936 2560 3970 ι
2605 3915 2839 3987 Ὁμοίως
2862 3915 2959 3968 καὶ
2983 3919 3011 3969 ὁ
3043 3913 3173 3987 Ἱερε
3184 3912 3389 3995 μίαςξι
3424 3909 3574 3975 Ἰδοὺ,
3599 3904 3754 3973 Κύριε,

2206 4015 2258 4066 οἱ
2289 4010 2566 4082 ὀφθαλμοί
2603 4026 2713 4082 om;
2730 4010 2811 4072 είς
2840 4007 3046 4061 πίστιν.
3086 4024 3105 4057 ι
3140 4003 3379 4073 Λέγειδὲ
3397 4002 3494 4057 καὶ
3521 4004 3548 4055 ὁ
3567 3998 3752 4082 Πέτρης.

2213 4124 2233 4156 ‹
2269 4076 2635 4175 Χορηγησατε
2683 4076 2742 4153 έν
2789 4102 2856 4172 τῇ
2890 4098 3075 4152 πίστει
3106 4095 3263 4166 ὑμῶν
3305 4095 3410 4168 τὴν
3451 4076 3657 4165 ἀρετὴν,
3684 4084 3754 4153 τὴν

593 5531 639 5611 ’_°
664 5528 830 5611 Hgbg‘:
854 5548 928 5611 ξι,
952 5532 1005 5586 6.
1081 5535 1125 5611 ’_f
1148 5535 1320 5611 Hebr.
1334 5552 1400 5611 ξ,
1425 5535 1514 5591 58.
1541 5536 1959 5611 FideAscilicet,
1989 5555 2110 5610 qua:
2163 5555 2266 5611 per
2301 5535 2656 5593 dilectionem
2709 5536 2992 5603 operatur.
3069 5532 3113 5563 ”
3135 5530 3279 5587 Psal.
3304 5545 3333 5585 c
3359 5569 3374 5596 ,
3397 5527 3446 5583 6.
3517 5515 3727 5571 "larem.

523 5618 576 5668 ν,
602 5603 657 5657 ὅ.
719 5603 762 5631 ’³
786 5602 827 5656 Il
854 5602 1002 5657 Petr.
1028 5621 1065 5669 l,
1091 5604 1144 5659 5.
1221 5607 1264 5638 ³⁵
1287 5607 1307 5660 1
1334 5606 1486 5661 Petr.
1511 5623 1563 5672 v,
1587 5606 1640 5673 8,
1664 5607 1718 5662 9.
1795 5610 1840 5639 "‘
1863 5602 2067 5679 Ephes.
2095 5627 2135 5677 ι,
2161 5602 2248 5666 ἱὸ.

1831 5718 2064 5775 VARI/f1
2097 5716 2498 5777 LECTIONES.

597 5816 622 5847 ο
654 5805 801 5871 ναός.
878 5807 1111 5881 ι»στεροῑ
1162 5812 1227 5882 τῇ
1286 5810 1483 5865 πίστει.
1562 5812 1617 5854 ιδ’
1651 5813 1811 5884 αὐτῇ.

2206 2150 2380 2229 ἤγουν
2410 2157 2790 2231 Χριστοςρόρος
2825 2160 2922 2214 καὶ
2962 2159 3091 2224 ναὸς
3128 2158 3267 2214 Θεοῦ
3309 2150 3423 2214 καῖ
3459 2160 3762 2229 ἁγιοδρὸμος,
3872 2200 3873 2219 ι

2207 3641 2432 3719 ἑδραῖοι,
2462 3638 2561 3694 καὶ
2593 3641 2651 3693 ὲν
2685 3638 2878 3711 Κυρίῳ
2918 3635 3287 3705 κατοικοῦμεν
3329 3632 3535 3697 καλῶς.
3572 3627 3694 3713 Φησὶ
3716 3624 3757 3677 δὲ
3872 3644 3873 3661 χ
