4016 6424
183 339 361 412 1433
1391 348 1722 410 HOMILIA
1761 349 1813 408 Ι.
1852 365 1921 382 -ἀ
1962 348 2060 408 DE
2096 347 2275 408 FIDE
3363 332 3499 397 ttat

186 467 481 525 τιίστεως.
524 479 552 513 ›-
577 461 687 515 Καὶ
706 461 965 531 ἀλλαχοῦ,
1009 481 1026 514 ι
1057 463 1167 517 Καὶ
1189 463 1511 518 ἐπίστευσεν
1557 462 1811 534 Ἀϐραὰμ

1932 463 2099 518 ιιιιιιία
2131 462 2240 518 tela
2270 456 2599 531 nequissimi
2630 458 2790 530 ignea
2821 457 3178 526 exstinguere
3197 452 3265 506 ’⁷.
3299 469 3318 502 ι
3360 450 3499 505 Βυτε

187 556 286 626 τῷ
323 554 475 625 Θεῷ,
507 555 601 608 καὶ
627 554 880 627 ἐλογίσθη
912 555 1064 626 αύτῷ
1107 557 1188 619 εἰς
1221 555 1592 627 δικαιοσύνην.
1626 555 1718 626 Τῷ
1755 556 1813 610 δὲ

1932 563 2011 610 ills
2048 571 2064 608 :
2117 573 2136 606 ι
2176 553 2342 609 Fides
2377 561 2468 608 est
2497 551 2903 622 sperandarum
2941 545 3251 602 substantia
3289 556 3499 597 rerum.

198 649 292 720 μὴ
331 647 710 721 ἐργαζομένῳ,
744 648 1052 703 πιστεύοντι
1099 648 1158 702 δὲ
1211 650 1305 703 ἐπὶ
1350 650 1442 702 τὸν
1497 647 1815 702 δικαιοῦντα

1932 648 1976 702 [ιι
2002 647 2106 701 hac
2134 646 2283 701 enim
2315 645 2700 700 testimonium
2731 638 3020 696 consecuti
3051 644 3184 691 sunt
3205 631 3458 689 seniores
3487 647 3501 684 :

195 740 308 793 τὸν
338 741 539 810 ἀσεϐῆ,
559 741 833 810 λογίζεται
857 743 890 812 η
919 740 1102 803 πίστις
1126 741 1276 810 αὐτῷ
1298 742 1377 803 είς
1403 740 1808 810 δικαιοσύνην.»

1941 745 2070 792 uxta
2096 736 2261 791 ﬁdem
2285 735 2435 790 enim
2460 732 2712 789 defuncti
2739 737 2869 786 sunt
2893 742 3088 783 omnes
3110 725 3168 778 hi
3190 724 3257 780 ³⁸,
3292 741 3310 774 ι
3341 721 3508 775 Item-

199 831 334 884 Καὶ
369 831 596 900 ἐπάγει·
628 851 646 884 ι
681 832 779 885 Διὰ
801 831 960 884 τοῦτο
985 832 1050 884 ὲκ
1076 831 1336 897 πίστεως,
1369 832 1456 885 ἵνα
1487 832 1633 885 κατὰ
1657 833 1816 902 χάριν

1932 845 2028 900 que
2065 848 2084 884 -:
2132 849 2151 881 ι
2191 827 2473 885 Justitiam
2516 835 2702 882 autem
2741 825 2838 878 Dei
2880 837 2982 892 per
3018 819 3181 873 ﬁdem
3223 819 3279 873 in
3317 827 3510 868 omnes

199 915 270 993 ᾗ,
310 923 396 979 είς
425 923 486 974 τὸ
522 917 661 976 εἶναι
713 921 940 993 βεϐαίαν
973 923 1136 977 παντὶ
1177 922 1256 994 τῷ
1292 925 1600 994 σπέρματι,
1647 924 1709 978 ού
1739 922 1819 994 τῷ

1932 921 2015 990 qui
2044 920 2305 984 credunt,
2335 928 2394 973 ut
2425 917 2854 988 promissionem
2886 910 3229 981 accipiamus
3262 904 3509 974 Spiritus

210 1015 290 1067 ὲκ
321 1013 492 1082 νόμου
529 1015 712 1085 μόνον,
761 1015 899 1069 ἀλλὰ
931 1015 1030 1069 καὶ
1057 1014 1132 1086 τῷ
1177 1017 1242 1069 ἐκ
1271 1016 1510 1080 πίστεως
1547 1015 1816 1086 Ἀϐραάμ.

161 1110 182 1122 ’
213 1106 344 1159 Οὐκ
379 1105 594 1175 ἐγράφη
622 1106 681 1159 δὲ
709 1106 774 1159 δι’
806 1106 970 1159 αὑτὸν
1021 1085 1203 1177 μόνον,
1244 1107 1382 1160 ἀλλά
1430 1108 1527 1160 καὶ
1552 1108 1618 1160 δι’

211 1189 310 1259 οἷς
344 1195 876 1264 μὲλλειλογίζεσθαι
903 1199 1018 1262 τοῖς
1064 1199 1414 1252 πιστεύουσιν
1445 1199 1539 1252 ἐπὶ
1584 1201 1675 1253 τὸν
1711 1199 1823 1253 Κύ-

222 1304 350 1357 ριον
389 1286 545 1357 ἡμῶν
589 1289 798 1358 Ἰησοῦν
843 1291 1096 1362 Χριστόν.
1159 1291 1563 1356 Δικαιωθέντες
1622 1287 1716 1348 οὖν
1758 1294 1824 1346 ὲκ

219 1379 470 1441 πίστεως
497 1380 721 1451 είρήνην
754 1380 953 1453 ἔχομεν
999 1382 1134 1454 πρὸς
1163 1383 1255 1436 τὸν
1289 1384 1423 1438 Θεὸν
1446 1385 1547 1440 διὰ
1580 1385 1678 1438 τοῦ
1709 1386 1825 1438 Κυ-

225 1469 531 1542 ρίουήμῶν
581 1472 755 1542 Ἰησοῦ
794 1475 1055 1544 Χριστοῦ.
1089 1494 1107 1526 ι
1143 1476 1254 1530 Καὶ
1284 1475 1562 1547 Τιμοθέῳ·
1602 1495 1621 1526 ι
1649 1477 1825 1530 Δίωκε

219 1559 608 1634 δικαιοσύνην,
644 1565 846 1631 πίστιν,
878 1566 1123 1635 ἀγάπην,
1171 1569 1398 1638 εἰρήνην
1436 1569 1576 1635 μετὰ
1609 1569 1827 1623 πάντων

221 1654 342 1706 τῶν
373 1655 822 1726 ὲπικαλουμὲ·.ων
855 1659 944 1710 τὸν
974 1658 1202 1728 Κύριον.
1235 1679 1254 1712 ι
1293 1659 1426 1713 Καίο
1468 1679 1488 1712 ‹
1516 1660 1701 1731 Χωρὶς
1732 1660 1825 1713 πί-

226 1764 408 1811 στεως
438 1749 704 1802 ἀδύνατον
728 1749 1093 1820 εὐαρεστῆσαι
1118 1750 1256 1821 Θεῷ.
1289 1770 1307 1803 ι
1337 1751 1447 1805 Kal.
1467 1753 1494 1805 ὁ
1533 1751 1786 1822 Ἰωάννης
1807 1768 1822 1783 ·

231 1857 254 1890 ι
286 1837 440 1909 Αὕτη
501 1840 652 1893 ἐστὶν
694 1841 935 1912 ἠὲντολὴ
979 1841 1182 1905 αὑτοῦ,
1231 1843 1319 1896 ἵνα
1366 1843 1714 1913 πιστεύωμεν
1751 1843 1828 1915 τῷ

225 1927 460 1999 ὀνόματι
490 1939 512 1968 ο
545 1928 640 1983 τοῦ
702 1928 834 1983 Υἱοῦ
868 1930 1043 1987 αὐτοῦ
1088 1931 1263 2001 Ἰησοῦ
1311 1933 1569 2003 Χριστοῦ,
1611 1933 1705 1987 καὶ
1743 1934 1829 1988 ἵνα

226 2021 586 2085 πιστεύοντες
635 2022 782 2092 ζωὴν
834 2021 1052 2077 αἰώνιον
1111 2023 1295 2094 ἔχητε.
1336 2043 1355 2076 ι
1416 2025 1473 2079 ’0
1519 2025 1576 2078 δὲ
1621 2024 1829 2097 Κύριος

228 2113 647 2185 ήμῶν-Ἰησοῦς
682 2115 917 2184 Χριστὸς
949 2118 976 2169 ὁ
1003 2115 1258 2188 ἀληθινὸς
1289 2117 1444 2191 ἡμῶν
1472 2117 1606 2181 Θεός
1642 2136 1826 2188 φησιν,

238 2226 259 2259 ι
301 2207 358 2261 '0
382 2208 653 2262 πιστεύων
684 2209 764 2272 εἰς
796 2210 818 2260 ὲ
830 2209 918 2280 μὲ,
949 2211 1184 2280 ποταμοὶ
1210 2211 1274 2263 ὲκ
1296 2210 1394 2280 τῆς
1425 2211 1633 2275 κοιλίας
1663 2211 1828 2264 αύτοῦ

235 2299 528 2373 ῥεύσουσιν
560 2301 753 2364 ὓδατος
793 2301 1238 2366 ξῶντος.›Τοῠτο
1267 2303 1326 2356 δὲ
1376 2303 1530 2371 ἔλεγε
1577 2305 1707 2375 περὶ
1735 2303 1828 2358 τοῦ

233 2393 581 2464 Πνεύματος,
619 2388 680 2448 οὗ
707 2393 941 2464 ἤμελλον
969 2395 1270 2465 λαμϐάνειν
1297 2396 1346 2449 οἱ
1377 2397 1730 2461 πιστεύοντες
1753 2399 1833 2462 εἰς

236 2481 426 2540 αὐτόν.
467 2521 470 2524 ν
513 2487 620 2538 Καὶ
651 2486 836 2538 πάλινο
873 2504 892 2536 ι
922 2488 1020 2551 Τίς
1055 2487 1162 2558 ἄρα
1195 2487 1342 2541 ἐστὶν
1371 2490 1399 2541 ὁ
1430 2489 1622 2552 πιστὸς
1645 2487 1833 2552 δοῦλος

240 2577 340 2630 καὶ
364 2577 661 2647 φρόνιμος;
699 2597 715 2629 ι
755 2579 851 2632 καὶ
871 2579 1008 2649 ἄλλῃ
1042 2578 1090 2617 (1·
1131 2599 1148 2631 ι
1177 2579 1240 2633 Ἡ
1273 2579 1460 2642 πίστις
1491 2597 1584 2634 σου
1624 2580 1830 2632 σέσωκέ

238 2686 328 2732 σε,
369 2669 596 2739 πορεύου
632 2671 713 2734 είς
739 2671 987 2742 εἰρήνην.
1023 2692 1041 2722 ι
1079 2673 1189 2724 Καὶ
1215 2674 1282 2742 τῇ
1313 2672 1514 2743 Μάρθα
1539 2688 1557 2736 ο.
1588 2691 1606 2724 ι
1653 2672 1712 2725 Ὀ
1740 2689 1832 2724 πι-

236 2763 451 2814 στεύων
495 2763 576 2826 είς
618 2763 738 2832 ἐμὲ,
779 2762 885 2816 κᾶν
925 2762 1194 2835 ἀποθάνῃ,
1244 2763 1490 2834 ζήσεται.
1528 2782 1546 2814 ι
1584 2764 1693 2816 Καὶ
1722 2765 1834 2826 τοῖς

234 2853 537 2925 μαθηταῖς,
579 2872 598 2905 ι
626 2854 801 2924 Ἀμὴν
849 2854 996 2923 λέγω
1033 2856 1184 2924 ὑμῖν,
1228 2857 1258 2908 ὁ
1299 2855 1572 2909 πιστεύων
1600 2858 1680 2918 εὶς
1710 2855 1829 2926 ἐμὲ,

227 2945 308 2999 τὰ
340 2945 479 3017 ἔργα
513 2946 549 3001 ἃ
583 2945 694 3014 ἐγὼ
725 2945 865 3000 ποιῶ
913 2947 1166 3009 κάκεῖνος
1199 2947 1439 3017 ποιήσει,
1472 2949 1568 3001 καὶ
1609 2948 1833 3017 μείζονα

227 3035 446 3089 τούτων
477 3038 718 3108 ποιήσει.
748 3057 767 3089 ›
820 3036 965 3090 Καί·
1005 3057 1023 3088 ι
1068 3035 1126 3090 ’0
1156 3037 1431 3090 πιστεύων
1462 3040 1541 3100 είς
1571 3039 1692 3105 ἐμὲ.
1722 3039 1832 3107 ἔχει

1921 1028 2020 1082 per
2057 1012 2225 1066 ﬁdem
2247 1012 2314 1065 ξ’.
2358 1029 2376 1062 ›
2426 1011 2495 1064 Et
2535 1027 2548 1062 :
2598 1028 2617 1060 ι
2666 1004 2917 1062 Credidit
2956 1000 3236 1057 Abraham
3275 998 3419 1056 Deo,
3452 1000 3512 1047 et

1923 1112 2242 1174 reputatum
2281 1110 2368 1157 est
2405 1101 2456 1156 ei
2499 1100 2568 1155 ad
2606 1097 2922 1171 justitiam.
2981 1094 3047 1148 Ei
3087 1105 3223 1146 vero
3264 1086 3359 1158 qui
3400 1099 3510 1139 non

1923 1203 2225 1266 operatur,
2275 1193 2526 1250 credenti
2577 1199 2764 1246 autem
2815 1189 2873 1243 in
2918 1201 3047 1240 eum
3101 1183 3197 1254 qui
3240 1178 3511 1252 justiﬁcat

1925 1288 2182 1358 impium,
2216 1287 2526 1357 imputatur
2567 1285 2706 1339 ﬁdes
2743 1281 2812 1336 ad
2845 1278 3120 1351 justitiam
3145 1276 3214 1328 '°.
3255 1291 3272 1325 ι
3323 1273 3512 1340 itaque

1927 1380 2144 1436 inducit
2197 1397 2210 1432 :
2272 1399 2291 1429 ‹
2343 1379 2580 1448 Propter
2627 1375 2736 1430 hoc
2784 1390 2850 1427 ex
2907 1371 3048 1435 ﬁde,
3093 1375 3156 1422 ut
3201 1363 3513 1421 secundum

1926 1472 2159 1544 gratiam
2194 1470 2360 1524 ﬁrma
2384 1479 2532 1524 esset
2559 1465 2856 1539 promissio
2885 1461 3037 1518 omni
3070 1457 3291 1519 semini,
3325 1471 3434 1509 non
3462 1453 3516 1508 ei

1927 1565 2024 1635 qui
2064 1579 2134 1618 ex
2171 1563 2291 1633 lege
2331 1572 2416 1617 est
2453 1562 2662 1618 solum.
2698 1557 2796 1614 sed
2840 1565 2896 1612 et
2940 1555 2988 1609 ei
3031 1552 3128 1622 qui
3173 1566 3240 1604 ex
3285 1547 3392 1602 ﬁde
3429 1553 3517 1601 est

1928 1655 2188 1711 Abrahae.
2225 1655 2347 1709 Non
2387 1665 2473 1709 est
2514 1663 2699 1710 autem
2741 1650 3012 1718 scriptum
3056 1651 3288 1716 propter
3331 1642 3516 1710 ipsum

1930 1750 2144 1813 solum,
2177 1747 2274 1820 sed
2313 1746 2482 1802 etiam
2521 1751 2750 1816 propter
2780 1756 2884 1796 nos
2917 1737 3126 1809 quibus
3164 1731 3516 1802 reputabitur

1862 1807 1904 1862 Β
1930 1807 2292 1895 credentibus
2311 1839 2364 1892 in
2387 1807 2684 1891 Dominum
2707 1807 2959 1887 nostrum
2979 1828 3167 1884 Jesum
3189 1822 3500 1880 Christum.

1929 1931 2227 1989 Justiﬁcati
2257 1932 2426 2002 igitur
2449 1946 2516 1984 ex
2547 1928 2675 1991 fide,
2701 1940 2892 1996 pacem
2919 1921 3230 1975 habeamus
3249 1916 3315 1970 ad
3342 1915 3518 1968 Deum

1930 2043 2030 2098 per
2059 2025 2646 2081 Dominumnostrum
2676 2019 2862 2074 Jesum
2899 2011 3186 2070 Christum
3211 2008 3278 2060 ³¹.
3317 2025 3334 2056 ι
3382 2005 3519 2059 Item

1933 2119 2233 2176 Timotheo
2269 2136 2282 2172 :
2322 2136 2339 2169 ι
2373 2117 2601 2172 Sectare
2629 2111 2923 2183 justitiam,
2951 2106 3136 2168 ﬁdem,
3166 2100 3517 2162 charitatem,

1930 2229 2124 2284 pacem
2165 2226 2288 2267 cum
2330 2209 2593 2264 omnibus
2631 2206 2727 2276 qui
2765 2205 3034 2260 invocant
3072 2192 3455 2252 Dominum".
3494 2209 3511 2241 ι

1929 2307 2001 2361 Ει
2039 2323 2053 2359 :
2101 2323 2120 2356 ι
2167 2303 2299 2359 Sine
2338 2301 2445 2357 ﬁde
2487 2298 2830 2370 impossibile
2868 2303 2954 2350 est
2992 2293 3214 2362 placere
3254 2287 3368 2341 Deo
3390 2285 3456 2338 ³³.
3494 2302 3512 2333 ι

1931 2399 2172 2456 Joannes
2203 2397 2508 2453 etiamnum
2547 2412 2561 2448 :
2605 2411 2624 2444 ι
2665 2391 2902 2446 Hoc'est
2932 2384 3254 2440 mandatum
3288 2379 3431 2448 ejus,
3459 2383 3522 2428 ut

1933 2492 2229 2548 credamus
2272 2489 2327 2543 in
2365 2486 2591 2543 nomine
2624 2483 2750 2539 Filii
2784 2483 2905 2551 ejus
2934 2479 3062 2534 Jesu
3100 2472 3337 2531 Christi.
3371 2479 3427 2524 et
3461 2476 3522 2522 ut

1931 2585 2258 2648 credentes,
2286 2581 2454 2636 vitam
2493 2589 2758 2634 aeternam
2800 2571 3058 2628 habeatis
3083 2569 3150 2622 “.
3190 2587 3208 2618 ι
3250 2563 3521 2620 Dominus

1933 2684 2122 2731 autem
2161 2682 2374 2736 noster,
2407 2672 2569 2727 Jesus
2608 2667 2866 2723 Christus
2904 2663 2998 2733 qui
3041 2675 3209 2715 verus
3249 2664 3335 2712 est
3377 2655 3524 2708 Deus

1933 2777 2148 2830 noster,
2178 2765 2256 2820 ait
2288 2783 2302 2817 :
2343 2782 2362 2814 ‹
2394 2761 2498 2828 Qui
2532 2758 2713 2814 credit
2743 2758 2800 2811 in
2831 2771 2942 2819 me,
2971 2751 3198 2807 ﬁumina
3229 2747 3298 2802 de
3327 2752 3522 2798 ventre

1935 2859 2057 2928 ejus
2086 2856 2261 2910 fluent
2287 2869 2445 2923 aqua:
2471 2850 2792 2910 vivamﬂoc
2809 2856 2994 2902 autem
3036 2840 3259 2897 dicebat
3293 2837 3362 2892 de
3395 2833 3524 2928 Spi-

1935 2927 2048 3003 ritu
2089 2962 2252 3017 quem
2293 2943 2582 3014 accepturi
2619 2947 2780 2996 erant
2817 2937 3111 2994 credentes
3150 2933 3204 2986 in
3245 2943 3375 2985 eum
3399 2927 3466 2980 ⁸⁵.

1935 3041 2151 3095 Rursus
2191 3038 2337 3092 idem
2383 3053 2396 3090 :
2449 3056 2466 3086 ι
2511 3033 2649 3102 Quis
2692 3041 2854 3104 putas
2895 3029 3074 3083 fidelis
3116 3035 3203 3081 est
3239 3035 3433 3079 servus
3469 3026 3527 3073 et

231 3127 388 3198 ζωὴν
414 3127 686 3182 αἰώνιον.»
718 3130 828 3192 Καὶ
853 3127 1030 3192 αὖθις·
1067 3146 1085 3178 ι
1113 3128 1408 3181 Πιστεύετε
1440 3129 1520 3190 εἰς
1554 3128 1643 3180 τὸν
1673 3127 1828 3184 Θεὸν.

1937 3132 2182 3202 prudens
2206 3130 2285 3183 “?
2329 3147 2348 3180 ι
2387 3128 2529 3182 Aliis
2570 3141 2793 3197 quoque
2829 3123 2970 3179 dixit
3009 3139 3021 3174 :
3077 3139 3094 3171 ι
3136 3118 3302 3174 Fides
3337 3124 3431 3169 tua
3472 3123 3525 3167 te

231 3218 337 3278 καὶ
367 3219 444 3282 εἰς
479 3217 580 3288 ἐμὲ
605 3218 914 3272 πιστεύετε.
959 3238 976 3270 ι
1036 3217 1262 3281 Ἰκανῶς
1311 3218 1512 3286 τοίνυν,
1555 3217 1630 3281 ὡς
1653 3212 1832 3285 οἶμαι,

238 3309 600 3382 παρεθέμεθα
621 3311 720 3374 τὰς
749 3313 813 3364 ἐκ
841 3310 950 3364 τῶν
986 3311 1147 3363 θείων
1178 3310 1411 3380 Γραφῶν
1439 3309 1567 3380 περὶ
1600 3309 1835 3369 πίστεως

244 3401 550 3472 μαρτυρίας
576 3417 590 3430 °
630 3402 812 3455 πίστιν
861 3402 917 3454 δὲ
949 3383 1191 3472 λέγομεν
1228 3400 1325 3472 τὴν
1363 3401 1443 3463 είς
1474 3399 1693 3470 Πατέρα
1741 3399 1835 3452 καὶ

238 3493 372 3547 Υἱὸν
404 3494 496 3546 καὶ
537 3493 690 3562 ἅγιον
718 3493 968 3564 Πνεῦμα,
992 3491 1090 3564 τὴν
1121 3492 1408 3562 ὁμοούσιον
1435 3491 1532 3543 καὶ
1572 3490 1836 3554 ζωοποιὸν

235 3587 450 3658 Τριάδα
479 3586 916 3656 ἀναφερομένην,
944 3587 1024 3648 εἰς
1041 3585 1107 3656 ἢν
1131 3585 1224 3637 καὶ
1249 3583 1604 3651 πιστεύομεν.
1639 3580 1836 3649 Ἀναγ-

237 3682 397 3733 καῖον
440 3677 497 3731 δὲ
550 3678 772 3742 καὶτὰς
802 3679 930 3749 περὶ
976 3677 1168 3730 τούτου
1216 3681 1442 3747 χρήσεις
1485 3675 1583 3728 καὶ
1623 3691 1832 3744 μαρτυ-

240 3771 370 3843 ρίας
397 3771 498 3840 τῆς
531 3769 683 3832 θείας
713 3770 942 3840 Γραφῆς
985 3767 1329 3840 παραθέσθαι
1365 3767 1504 3838 πρὸς
1556 3765 1836 3836 φωτισμὸν

234 3863 356 3916 τῶν
386 3861 848 3930 ἐντυγχανόντων.
884 3860 985 3912 Διά
1024 3860 1206 3929 πάσης
1235 3859 1417 3911 τοίνυν
1459 3857 1559 3924 τῆς
1598 3857 1837 3926 θεολογιι

237 3953 353 4022 κῆς
381 3938 773 4024 πραγματείας
794 3951 894 4022 τὴν
919 3950 1180 4023 θεαρχίαν
1204 3950 1421 4020 ὁρῶμεν
1448 3948 1607 4019 ίερῶς
1636 3950 1835 4018 ὑμνου-

245 4045 442 4116 μένην,
478 4046 553 4108 ὡς
581 4045 786 4114 μονάδα
824 4044 922 4114 μὲν
966 4044 1060 4097 καὶ
1093 4042 1258 4096 ὲνάδα
1286 4041 1376 4095 διὰ
1417 4041 1517 4110 τὴν
1557 4039 1837 4110 ἁπλότητα

241 4134 344 4189 καὶ
370 4135 594 4205 ἑνότητα
620 4135 718 4204 τῆς
757 4134 1072 4206 ὑπερφυοῦς
1109 4132 1396 4203 ἀμερείας,
1427 4131 1488 4196 ἐξ
1516 4125 1583 4202 ἧς
1612 4131 1689 4194 ὡς
1723 4133 1838 4184 ἐνο-

245 4225 406 4280 ποιοῦ
439 4225 724 4296 δυνάμεως
769 4225 1097 4294 ὲνιζόμεθα·
1143 4223 1218 4287 ὡς
1275 4223 1482 4293 Τριάδα
1511 4223 1569 4276 δὲ
1609 4222 1698 4276 διά
1737 4223 1838 4292 τὴν

241 4317 677 4389 τρισυπόστατον
706 4318 806 4387 τῆς
836 4317 1160 4389 ὑπερουσίου
1193 4315 1550 4386 γονιμότητος
1578 4314 1834 4384 ἔμφασιν.

247 4413 426 4466 Τοῦτο
455 4409 546 4466 οὖν
587 4430 770 4482 φαμεν
820 4413 896 4475 ὡς
946 4411 1126 4464 πάντα
1163 4410 1234 4462 τὰ
1273 4409 1544 4480 θεαρχικά
1596 4409 1837 4478 ὀνόματα

1937 3224 2141 3278 salvam
2175 3220 2484 3286 fecit,vade
2514 3220 2568 3273 in
2600 3234 2734 3288 pace
2755 3217 2821 3270 ³⁷.
2849 3235 2867 3267 ›
2903 3213 3131 3269 Martha:
3158 3211 3288 3265 item
3321 3225 3334 3262 :
3372 3227 3389 3257 ι
3419 3206 3524 3272 Qui

1936 3315 2116 3368 credit
2159 3315 2214 3367 in
2263 3329 2378 3378 me,
2422 3311 2641 3367 etiamsi
2690 3317 2946 3363 mortuus
2988 3302 3188 3364 fuerit,
3221 3298 3459 3354 vivet”.
3499 3316 3518 3347 ι

1935 3405 2239 3475 Discipulis
2267 3405 2344 3458 ait
2375 3423 2387 3458 :
2425 3422 2442 3453 ι
2481 3402 2677 3464 Amen,
2711 3414 2871 3453 amen
2903 3397 3028 3451 dico
3059 3393 3239 3457 vobis,
3266 3391 3360 3461 qui
3401 3405 3526 3444 cre-

1935 3499 2078 3554 didit
2119 3499 2173 3552 in
2216 3514 2323 3562 me,
2347 3512 2519 3567 Opera
2549 3507 2806 3566 quaacgo
2836 3491 2978 3546 facio
3007 3497 3062 3544 et
3093 3488 3184 3541 ille
3216 3486 3379 3539 faciet
3399 3483 3465 3536 ³⁹.
3499 3501 3518 3534 ι

1934 3593 2004 3647 Ει
2034 3610 2047 3645 :
2091 3611 2109 3642 ι
2141 3590 2244 3657 Qui
2277 3589 2455 3646 credit
2484 3589 2538 3642 in
2570 3603 2680 3653 me,
2704 3585 2877 3643 habet
2910 3583 3078 3638 vitam
3110 3587 3373 3634 mternam
3399 3577 3466 3629 ‘°.
3499 3595 3518 3626 ι

1937 3687 2150 3740 Rursus
2178 3702 2191 3736 :
2232 3702 2250 3734 ‹
2279 3681 2521 3738 Creditis
2553 3681 2608 3734 in
2637 3680 2843 3749 Deum,
2881 3677 3021 3732 etin
3048 3690 3136 3729 me
3162 3672 3374 3728 credite
3398 3671 3465 3725 “.
3500 3687 3518 3722 ι

1908 3777 2278 3846 'Et’quidcm
2321 3776 2592 3830 hactenus
2639 3772 2708 3827 dc
2744 3772 2849 3826 ﬁde
2890 3768 3110 3824 abunde
3147 3764 3527 3821 testimonium

1938 3867 2181 3931 arbitror
2223 3881 2312 3920 me
2357 3863 2771 3933 deprompsisse
2820 3877 2850 3915 e
2894 3857 3332 3928 locupletissimo
3380 3870 3526 3924 penu

1939 3959 2256 4013 divinarum
2309 3956 2748 4026 Scripturarum.
2781 3951 3100 4006 Astruimus
3148 3964 3315 4020 porro
3363 3945 3527 3999 ﬁdem

1937 4067 2091 4110 esse.
2125 4066 2235 4120 qua
2281 4049 2383 4120 ipsi
2428 4047 2710 4104 credimus
2752 4046 2808 4100 in
2846 4046 3100 4108 Patrem,
3133 4051 3190 4096 et
3229 4040 3430 4095 Filium
3475 4045 3531 4092 et

1940 4141 2210 4212 Spiritum
2253 4147 2527 4204 sanctum,
2562 4135 3092 4192 consubstantialem
3137 4139 3194 4188 et
3236 4129 3527 4184 viviﬁcan-

1939 4242 2051 4286 tem
2095 4232 2425 4286 Trinitatem
2475 4229 2695 4284 cunctis
2725 4228 2946 4298 1028
2992 4221 3524 4294 supereminentem.

1938 4325 2324 4380 Necessarium
2369 4321 2604 4392 proinde
2641 4321 2739 4387 sit,
2773 4320 2976 4374 divina:
3019 4315 3323 4385 Scriptura:
3365 4326 3528 4365 usum

1939 4431 2006 4472 ac
2036 4415 2357 4471 testimonia
2387 4415 2492 4468 hac
2516 4413 2584 4469 de
2614 4429 2671 4468 re
2699 4412 3029 4482 depromere
3065 4407 3134 4462 ad
3173 4404 3532 4462 illustrandas

246 4507 334 4565 είς
370 4505 468 4574 τὴν
503 4503 833 4573 ύπερούσιον
860 4505 953 4563 καὶ
977 4501 1263 4572 ὁμοούσιον
1295 4501 1500 4570 Τριάδα
1522 4503 1570 4555 οἱ
1594 4501 1832 4569 θεολόγοι

1939 4508 2242 4580 legentium
2277 4507 2506 4563 animus.
2540 4507 2730 4576 Itaque
2769 4521 2866 4575 per
2898 4518 3120 4558 omnem
3157 4501 3250 4570 qui
3287 4499 3355 4554 de
3391 4497 3533 4552 divi-

247 4594 726 4664 ὲκλαμὸάνουσιν·
756 4589 866 4648 οἷον
895 4595 975 4660 τὸ,
1012 4594 1144 4653 Θεὸς
1175 4592 1400 4664 Κύριος,
1433 4593 1646 4662 ”Αγιος,
1677 4594 1841 4662 Ἀγα-

249 4687 369 4750 θὸς,
405 4687 548 4750 Φῶς,
575 4688 720 4757 Ζωὴ,
741 4687 1018 4758 Ἀλήθεια,
1044 4685 1469 4763 Παντοκράτωρ,
1501 4671 1842 4752 Παντοδύναο

253 4796 376 4850 μος,
417 4779 621 4850 Κύριος
670 4779 933 4842 Σαϐαὼθ,
993 4780 1020 4833 ὅ
1077 4780 1194 4832 ἐστι
1237 4777 1554 4848 στρατιῶν,
1605 4780 1702 4832 καὶ
1741 4778 1841 4832 ὅσα

247 4871 386 4927 ἄλλα
414 4871 566 4942 παρά
602 4872 712 4924 τῶν
772 4854 1041 4940 θεολόγων
1088 4872 1250 4941 ἱερῶς
1297 4871 1574 4940 ὑμνεῖται,
1605 4871 1681 4936 ὡς
1726 4874 1843 4926 ἔστι

253 4960 447 5033 μαθεῖν
483 4963 614 5031 παρ’
647 4963 815 5032 αὐτῆς
852 4963 953 5031 τῆς
997 4962 1258 5034 θεαρχίας
1299 4963 1470 5034 αὐτὴν
1512 4965 1641 5035 περὶ
1672 4964 1842 5035 αὐτῆς

250 5053 676 5122 ὑφηγουμένην·
709 5072 726 5104 σ
760 5053 824 5106 Τί
885 5069 951 5124 με
1010 5054 1222 5124 ἐρωτᾷς
1270 5054 1401 5124 περὶ
1446 5053 1543 5107 τοῦ
1596 5054 1844 5123 ἀγαθοῦ;

249 5145 429 5208 οὐδεὶς
457 5145 683 5213 ἀγαθὸς,
731 5147 780 5198 εί
831 5147 904 5214 μὴ
953 5139 1033 5210 εἷς
1059 5147 1088 5198 ὁ
1125 5146 1279 5209 Θεός.
1309 5166 1327 5199 ι
1373 5148 1485 5201 Καὶ
1524 5150 1636 5210 τοῖς
1669 5150 1728 5201 ἐν
1770 5147 1848 5217 τῷ

1942 4601 2034 4656 nis
2072 4611 2181 4666 est,
2211 4608 2531 4660 tractatum.
2561 4597 3012 4668 augustissimam
3050 4595 3148 4650 Dei
3192 4595 3530 4664 majestatem

1943 4691 2117 4746 sacris
2151 4689 2526 4760 conspicimus
2558 4687 2828 4744 celebrari
2860 4685 3102 4757 hymnis,
3124 4700 3275 4738 nunc
3303 4682 3529 4752 quidem

1945 4791 2005 4838 ut
2032 4783 2370 4848 singularem
2401 4783 2692 4844 unitatem,
2723 4786 2951 4849 propter
2978 4776 3391 4846 simplicitatem
3424 4773 3532 4826 im-

1945 4874 2302 4948 partialitatis
2331 4883 2528 4928 natura
2558 4873 2707 4928 omni
2739 4870 3062 4941 superioris,
3091 4883 3268 4936 eoque
3304 4867 3533 4921 inenar-

1943 4963 2136 5018 rabilis
2172 4962 2323 5017 illius
2364 4979 2461 5033 per
2492 4978 2655 5033 quam
2695 4971 2954 5031 tanquam
2980 4961 3238 5014 virtutem
3272 4957 3530 5012 uniﬁcam

1943 5055 2048 5123 ipsi
2081 5055 2136 5109 in
2170 5070 2340 5108 unum
2371 5054 2737 5110 coaleseimus
2765 5061 2820 5108 et
2856 5049 3152 5107 counimur
3182 5067 3195 5103 :
3227 5064 3375 5103 nunc
3398 5062 3532 5102 vero

1945 5145 2232 5201 Trinitatis
2257 5145 2480 5200 nomine
2504 5144 2856 5215 prredicatur,
2874 5153 2935 5198 ut
2957 5149 3106 5199 tanta
3134 5141 3224 5195 illa
3252 5140 3528 5210 majestas.

251 5235 576 5305 ἀμπελῶνι·
615 5256 633 5286 ι
664 5235 791 5290 ’Ότι
851 5235 962 5302 ἐγὼ
1020 5235 1226 5305 ἀγαθός
1275 5239 1412 5307 είμι.
1452 5256 1471 5288 ι
1517 5237 1660 5289 Καί·
1719 5257 1736 5288 ι
1777 5237 1832 5289 Tl

1946 5237 2316 5308 qualicunque
2357 5236 2733 5291 delineatione
2776 5236 3094 5290 declaretur
3127 5233 3306 5288 tribus
3346 5230 3529 5286 subsi-

254 5327 482 5396 Πνεῦμά
527 5346 620 5382 σου
670 5328 732 5381 τὸ
767 5328 995 5397 ἀγαθόν.
1043 5347 1061 5379 ι
1097 5329 1210 5382 Καὶ
1245 5329 1321 5399 τῷ
1356 5331 1616 5384 Μωῦσεῖ·
1657 5350 1674 5382 ι
1706 5329 1850 5399 Ἑγὼ

332 5469 373 5500 ’τ
400 5468 604 5537 Ephes.
631 5483 705 5529 vr,
734 5467 818 5521 lG.
896 5469 940 5500 ’⁸
967 5467 1138 5523 Hebr.
1161 5484 1234 5533 ιιι,
1261 5468 1310 5533 l,
1334 5469 1386 5533 2,
1416 5469 1501 5522 15.
1580 5469 1832 5522 ²⁹·ῐὶοιη.ι

1932 5468 2018 5522 22.
2095 5469 2140 5500 ⁸⁸
2166 5469 2326 5522 Rom.
2352 5486 2426 5530 iv,
2447 5470 2562 5524 5-5.

253 5557 320 5603 ιι,
341 5539 430 5590 2‘2.
510 5539 556 5570 ³³
579 5537 748 5591 Hebr.
778 5553 851 5603 ιι,
875 5539 927 5593 6.
1007 5539 1092 5592 ³³1
1123 5539 1281 5594 Joan.
1310 5555 1386 5605 ιιι,
1413 5540 1504 5593 25.
1582 5540 1626 5570 ³⁵
1649 5539 1832 5592 .loan.‘

1947 5540 2036 5592 38.
2113 5540 2158 5571 ³⁸
2179 5541 2372 5594 Matth.
2399 5557 2540 5606 xxw,
2565 5539 2653 5594 45.

525 5609 568 5640 ⁸⁴⁵
589 5608 748 5663 Joan.
772 5625 881 5673 xw,
912 5611 993 5663 19..
1075 5608 1118 5640 ’⁵ο
1147 5609 1303 5664 Ioan.
1330 5626 1399 5672 rt,
1424 5612 1512 5664 47.
1593 5609 1633 5642 δ’
1656 5609 1812 5662 Joan.
1838 5625 1948 5672 xw,
1976 5610 2026 5662 l.

253 5610 455 5676 xr,‘25.

1948 5340 2094 5386 stere
2151 5330 2441 5400 personis,
2490 5330 2695 5401 alioqui
2749 5327 3172 5400 proliﬁcationis
3227 5327 3529 5380 immensae.

2641 5469 2682 5498 ³¹
2714 5467 2852 5522 ibid.
2878 5468 2931 5526 1,
2959 5466 3044 5527 17,
3069 5465 3160 5519 25.
3239 5464 3282 5495 ³²
3308 5462 3352 5518 11
3383 5461 3529 5516 Tim.

2735 5537 2936 5592 "Luc.
2977 5553 3070 5602 vn,
3119 5535 3209 5592 50.
3306 5534 3530 5591 “Joan.

1557 5722 1788 5777 VABUE
1826 5722 2230 5779 LECTIONliS-

334 5797 449 5858 θείς
481 5794 540 5846 τὸ
577 5792 766 5862 ὄνομα.
845 5791 867 5831 ἀ
896 5781 1094 5856 ἄλλοις.
