4016 6452
178 136 203 217 ‘l

138 339 341 408 1437'
1408 346 1743 413 nouum
1768 350 1866 411 ιιι.
1905 376 1977 387 -
2015 351 2116 413 DE
2154 350 2314 419 SPE.
3342 350 3481 413 1438
3530 328 3533 333 λ

145 454 383 528 Ἰησοῦ
431 458 509 529 τῷ
540 458 734 533 Κυρίῳ
767 458 945 532 ἡμῶν,
980 451 1027 529 ᾧ
1057 457 1092 531 ἠ
1125 456 1253 526 δόξα
1297 457 1378 523 εις
1413 461 1546 526 τοὺς
1572 461 1777 526 αἰῶνας

1884 462 2030 534 giam
2056 503 2071 529 ,
2119 463 2223 528 has
2276 462 2485 518 habent
2532 464 2989 518 nomenclaturas
3040 463 3211 519 totius
3263 463 3478 518 indices

121 548 274 601 τῶν
315 550 568 608 αἰώνων.
604 552 800 626 Ἀμήν.
1090 592 1102 600 .

1886 554 2122 610 Deitatis
2144 554 2190 587 “
2232 571 2248 608 :
2303 563 2435 625 puta
2480 553 2905 625 Superbonum,
2952 555 3284 619 Pulchrum,
3328 555 3477 616 Ens.

122 643 511 712 Viviﬂeans,
544 647 948 719 Augustissima
984 646 1274 716 divinitas,
1305 660 1581 721 perquam
1614 651 1778 720 plene
1816 658 2042 705 exstans
2076 648 2409 715 substantia,
2472 649 2606 717 Qum
2673 651 2869 704 vivunt
2901 659 3104 705 cuncta
3139 649 3479 720 producens,

128 724 458 807 Sapiens:
488 747 545 794 et
565 755 915 811 quaecunque
940 741 1009 795 id.
1055 756 1232 812 genus
1263 743 1722 807 nomenclaturae,
1781 757 1847 797 ex
1887 758 2052 813 quam
2078 742 2288 813 optima
2312 742 2490 812 ipsius
2516 750 2573 797 et
2595 740 3115 797 munificentissima
3143 737 3478 793 liberalitate

129 830 460 899 profecta;
492 840 815 901 occurrunt,
843 834 1049 905 quibus
1085 835 1364 891 bonorum
1401 837 1651 891 omnium
1724 845 1920 905 auctor
1953 852 2077 893 esse
2108 836 2527 905 denominatur.
2593 836 2676 891 Ad
2714 835 3014 892 discretam
3075 848 3211 889 vero
3260 830 3482 886 theolo-

130 926 323 997 giam
363 928 654 997 pertinent
716 928 1203 985 denominationes
1235 949 1247 984 :
1285 946 1385 986 ceu
1435 938 1588 997 sunt,
1652 932 2269 1001 supersubstantialitas
2337 939 2507 1001 atque
2572 931 2861 1002 opulentia
2893 930 3078 985 Patris
3116 946 3130 982 :
3171 910 3380 983 eaedem
3420 935 3480 981 et

134 1018 316 1075 Filio
376 1031 437 1075 et
481 1019 715 1092 Spiritui
764 1030 958 1078 sancto
1005 1038 1265 1094 peraeque
1311 1039 1673 1087 communes,
1716 1032 1780 1078 ut
1815 1024 1953 1081 nihil
1987 1024 2043 1078 in
2078 1024 2165 1080 his
2194 1024 2395 1081 debeat
2421 1024 2655 1096 intelligi
2717 1024 2926 1079 diversi
2993 1031 3091 1077 aut
3116 1017 3479 1076 dissimilitu-

141 1108 347 1176 dinis,
423 1124 792 1184 praeterquam
832 1116 953 1170 sola
998 1117 1195 1187 parilis
1267 1127 1484 1173 naturae
1523 1118 1841 1174 communio
1880 1120 2031 1175 inter
2053 1134 2178 1175 sese
2207 1122 2550 1177 coalescens.
2577 1120 2685 1175 Per
2717 1118 2882 1174 ﬁdem
2917 1118 3106 1186 itaque
3136 1128 3262 1169 cum
3295 1126 3481 1179 coepe-

132 1202 357 1258 rimus
409 1219 745 1276 cognoscere
791 1205 999 1272 Deum,
1043 1221 1144 1272 ne,
1190 1222 1409 1276 quaso,
1456 1207 1778 1279 ignoremus
1815 1218 2088 1279 quantum
2128 1210 2294 1267 nobis
2367 1212 2647 1267 indultum
2686 1211 2883 1281 gratia:
2924 1210 3025 1274 sit,
3102 1208 3263 1277 cujus
3308 1215 3478 1261 causa

144 1296 457 1353 Dominus
496 1298 617 1369 ipse
657 1299 950 1356 verissime
988 1316 1185 1371 passus
1225 1309 1330 1358 est.
1398 1300 1480 1358 Ob
1519 1302 1626 1358 hoc
1696 1300 1849 1357 enim
1886 1304 2020 1360 sivit
2067 1305 2187 1376 ipse
2235 1306 2508 1362 Dominus
2558 1313 2728 1376 caput
2777 1320 2939 1361 suum
2992 1304 3221 1376 myrrha
3266 1300 3477 1371 optima

140 1391 445 1464 perfundi
472 1392 538 1457 "',
573 1400 637 1447 ut
668 1393 1012 1449 suavissima:
1049 1384 1490 1450 immortalitatis
1522 1394 1882 1466 fragrantiam
1920 1412 2036 1452 suae
2067 1398 2343 1468 aspiraret
2411 1398 2695 1453 Ecclesiae.
2764 1392 2940 1453 Nemo
2974 1396 3149 1467 igitur
3212 1408 3271 1450 se
3333 1393 3476 1452 illini

141 1483 474 1553 permittat
496 1480 838 1549 graveolenti
864 1490 1069 1552 putore
1092 1481 1462 1550 inﬁdelitatis,
1490 1500 1590 1555 per
1615 1482 1925 1554 principem
1988 1485 2183 1542 saeculi
2208 1489 2372 1544 istius
2423 1490 2815 1561 suggerendae;
2879 1487 3181 1558 nequando
3244 1502 3476 1542 exerre-

110 1580 113 1581 ⁷
143 1593 297 1632 mus
335 1593 371 1632 a
409 1562 549 1631 calle
579 1576 964 1643 rectitudinis,
993 1594 1105 1649 quo
1131 1581 1220 1636 vel
1259 1579 1478 1634 tandem
1513 1595 1611 1649 spe
1643 1576 1855 1650 perfrui
1890 1565 2177 1654 contingat
2204 1585 2334 1639 vita:
2393 1593 2615 1641 aeternae
2679 1587 2736 1641 in
2764 1586 2988 1642 Christo
3044 1585 3176 1641 Jesu
3240 1583 3475 1639 Domino

144 1675 409 1736 nostro,
437 1668 528 1724 cui
558 1668 732 1740 gloria
765 1669 823 1724 in
850 1672 1052 1745 saecula
1083 1672 1437 1728 saeculorum.
1463 1672 1662 1727 Amen.
1694 1691 1699 1695 ο

812 1784 1034 1862 Auro}:
1068 1809 1144 1861 B'.
1202 1781 1211 1788 ’

761 1921 901 1991 Περὶ
934 1922 1210 1990 ἐλπίδος.

251 2034 403 2089 Ἀπὸ
427 2033 532 2104 τῆς
560 2036 802 2099 πίστεως
826 2036 1109 2106 προΐωμεν
1158 2036 1256 2090 ἐπὶ
1286 2037 1779 2113 τὴνδευτερεύου-

151 2140 276 2182 σαν
347 2128 587 2192 ἐλπίδα,
641 2128 766 2199 ἥτις
813 2129 874 2194 ἐξ
940 2129 1115 2199 αὐτῆς
1160 2130 1501 2203 ἀρδευομένη
1563 2148 1780 2204 καρπο-

155 2222 366 2291 φορεῖ,
392 2219 453 2273 ἓν
482 2220 806 2291 τριάκοντα,
831 2221 931 2273 καὶ
953 2220 1011 2274 ἓν
1039 2220 1328 2292 ἐξήκοντα,
1355 2223 1450 2276 καὶ
1471 2222 1530 2277 ἒν
1553 2224 1777 2279 ἑκατόν.

171 2312 451 2375 Ἐλπίδος
480 2312 589 2385 γὰρ
620 2311 974 2383 ήδρασμένης
1010 2312 1167 2366 ούδέν
1194 2312 1492 2386 ἀνώτερον.
1548 2315 1687 2387 Περὶ
1718 2314 1779 2369 δὲ

164 2404 284 2475 τῆς
318 2405 568 2474 ἀγάπης,
614 2403 740 2474 ἥτις
772 2403 932 2475 τρίτη
969 2404 1069 2473 μὲν
1102 2404 1461 2476 ὀνομάζεται,
1496 2407 1689 2478 πρώτη
1719 2407 1780 2460 δέ

173 2497 457 2568 τυγχάνει
490 2496 683 2550 πασῶν
710 2497 823 2549 τῶν
848 2498 1088 2568 ἀρετῶν,
1119 2500 1178 2552 ἐν
1202 2501 1321 2561 τοῖς
1351 2499 1585 2554 κατόπιν
1614 2497 1782 2573 δηλώ-

179 2604 390 2658 σομεν.
428 2587 651 2657 Πρῶτος
683 2586 853 2651 Ἑλνὼς
883 2590 911 2642 δ
937 2589 1033 2642 τοῦ
1065 2589 1173 2662 Σὴθ
1204 2590 1418 2653 δίκαιος
1446 2592 1512 2644 ἐκ
1539 2592 1807 2658 δικαίου,-

170 2673 354 2743 οὗτος
406 2680 638 2751 ἤλπισεν
693 2680 1084 2737 ἐπικαλεῖσθαι
1131 2682 1193 2735 τὸ
1232 2682 1408 2754 ὄνομα
1440 2683 1650 2754 Κυρίου
1680 2682 1778 2737 τοῦ

169 2773 348 2829 Θεοῦ.
397 2774 558 2827 Ὅσοι
601 2772 713 2844 γὰρ
765 2772 859 2827 διὰ
904 2774 1006 2843 τῆς
1053 2776 1135 2838 είς
1180 2774 1317 2829 Θεὸν
1364 2775 1585 2839 ἐλπίδος
1627 2792 1779 2847 χειρ-

170 2863 569 2936 αγωγοῦνται,
622 2860 764 2933 πρδς
790 2865 959 2937 αὐτὸν
989 2866 1292 2933 ἀνάγονται
1322 2866 1419 2921 καὶ
1451 2866 1778 2937 φωτίζονται

171 2957 250 3012 ὲκ
283 2956 390 3026 τῆς
420 2956 618 3027 αἴγλης
645 2956 778 3010 τοῦ⁶
827 2957 1002 3011 amco
1034 2958 1237 3027 φωτός.
1274 2958 1441 3013 Δασιδ
1464 2961 1494 3014 ὁ
1521 2959 1778 3028 βασιλεὺς

172 3049 465 3120 γηράσας,
490 3050 588 3105 'xal.
623 3048 697 3119 μὴ
722 3046 1157 3120 θερμαινόμενος
1185 3051 1244 3103 ἐν
1267 3051 1383 3114 τοῖς
1407 3050 1778 3122 δικαιώμασιν

177 3139 358 3198 αὐτοῦ
379 3180 396 3206 ,
449 3140 624 3213 ᾔτησε
658 3141 793 3212 μίαν
818 3140 1116 3212 παρθένον,
1154 3140 1245 3195 ἵνα
1281 3140 1557 3213 θερμαίνῃ
1590 3143 1776 3207 αὐτὸν,

181 3233 539 3302 Σουμανϊτιν.
600 3233 935 3304 Σουμανῖτιςν
971 3233 1030 3287 δὲ
1080 3230 1451 3304 ἑρμηνεύεται
1504 3235 1774 3305 οὐρανία.

201 3326 349 3380 Ἀλλ’
391 3327 491 3389 οὐκ
524 3326 667 3395 ἔγνω
688 3326 871 3398 ,αὐτὴν
917 3328 945 3380 ὁ
977 3326 1239 3398 βασιλεύς
1261 3326 1289 3358 ’⁷
1334 3328 1643 3396 τουτέστιν,
1677 3330 1780 3405 ούκ

189 3417 413 3492 ἔφθειρε
442 3419 545 3491 τὴν
573 3410 770 3474 ἐλπίδα
794 3419 963 3475 αὐτοῦ
996 3420 1097 3490 τὴν
1124 3419 1401 3491 οὐράνιον.
1439 3421 1583 3492 Ὅρα
1610 3423 1662 3475 τί
1688 3422 1779 3476 λέ-

184 3529 280 3580 γει
318 3515 351 3584 ἡ
383 3510 635 3584 Γραφή⁶’
672 3529 694 3564 ι
731 3504 934 3567 Effusi
966 3511 1095 3578 δύο,
1147 3512 1244 3565 καί
1280 3518 1343 3581 γε
1378 3512 1559 3582 θέρμη
1590 3515 1780 3581 αὐτοῖς

182 3606 363 3659 ἐστιν.
392 3622 437 3655 ιο
475 3602 542 3665 Ἦ
575 3598 762 3671 πίστις
786 3643 805 3667 ,η
852 3602 947 3665 ἐὰν
981 3601 1080 3675 ἔχῃ
1130 3600 1343 3668 ἐλπίδα,
1383 3602 1498 3674 ἔχει
1531 3604 1593 3657 τὸ
1645 3604 1779 3659 ἴδιον

186 3684 377 3766 ἔργον,
415 3692 511 3746 καὶ
541 3691 725 3762 θέρμη
757 3692 875 3761 ἐστὶ.
906 3690 986 3762 τῷ
1014 3692 1364 3763 κεκτημένῳ,
1396 3692 1581 3767 καθώς
1611 3711 1780 3765 φησιν

189 3786 224 3839 ὁ
273 3784 544 3856 μακάριος
584 3784 830 3854 Πέτρος·
872 3801 891 3836 ι
922 3783 1371 3856 Ἀναζωσάμενοι
1422 3786 1522 3851 τὰς
1564 3787 1780 3858 ὀσφύας

192 3875 297 3946 τῆς
325 3875 567 3939 διανοίας
601 3866 780 3947 ὗμῶν,
815 3877 1105 3946 νήφοντες,
1137 3877 1364 3941 τελείως
1392 3878 1654 3934 ἐλπίσατε
1687 3880 1780 3933 ἐπὶ⁵

192 3967 295 4039 τὴν
337 3967 648 4040 φερομένην
690 3968 821 4039 ὑμῖν
871 3969 1066 4040 χάριν,
1122 3970 1181 4024 ἐν
1218 3971 1569 4041 ἀποκαλύψει
1599 3970 1778 4044 Ἰησοῦ

190 4057 432 4132 Χριστοῦ
452 4100 471 4126 ,
517 4059 594 4124 ὡς
622 4058 803 4113 πτέκνα
839 4059 1115 4142 ὑπακοῆς.
1148 4080 1169 4114 ι
1220 4062 1331 4117 Καὶ
1362 4064 1391 4117 ὁ
1420 4063 1512 4118 τοῦ
1538 4063 1776 4135 Σειράχ⁶

197 4172 224 4208 ι
264 4154 357 4220 Τίς
384 4153 616 4226 ἡλπισεν
648 4154 742 4209 ἐπὶ
767 4153 1000 4227 Κύριον,
1033 4157 1128 4210 καὶ
1157 4157 1595 4228 ἐγκατελείφθη;
1628 4158 1669 4230 ἢ
1697 4159 1782 4235 τίς

191 4247 439 4318 ἐνέμεινε
482 4246 563 4314 τῷ
603 4247 756 4318 φόϐῳ
792 4246 959 4319 αὐτοῦ
981 4290 996 4313 ,
1050 4249 1149 4303 καὶ⁵
1195 4250 1488 4320 ὑπερεῖδεν
1518 4249 1687 4323 αύτύν
1709 4268 1731 4316 ',
1754 4270 1775 4305 ι

204 4338 269 4392 '0
292 4337 346 4392 δὲ
373 4338 704 4409 Ψαλμῳδός’
747 4357 768 4391 ι
794 4340 1087 4411 Μακάριος
1112 4340 1263 4415 ἀνὴρ.
1284 4336 1497 4409 obses:
1523 4341 1584 4395 τὸ
1605 4342 1781 4413 ὄνομα

2416 1774 2423 1781 ’
2473 1809 2762 1868 HouiuA
2813 1812 2881 1868 ιι.

2300 1902 2301 1905 Ἴ
2564 1925 2645 1980 De
2691 1942 2800 1996 spe.

1949 2034 1995 2091 A
2032 2034 2139 2092 fide
2195 2036 2458 2107 digressi,
2513 2037 2581 2091 ad
2610 2048 2743 2093 eam
2776 2037 3208 2108 progrediamur
3236 2055 3359 2109 qua:
3390 2053 3479 2095 se-

1882 2128 2113 2189 συιιὼιεῖ
2141 2129 2383 2193 obtinet,
2437 2144 2594 2199 spem
2646 2144 2823 2199 :quae
2858 2144 3013 2196 sane,
3073 2130 3199 2185 fidei
3257 2132 3477 2186 roscida

1881 2221 2175 2291 aspergine
2215 2220 2441 2291 perfusa
2492 2220 2735 2275 fructum
2765 2221 2980 2287 aﬂ‘eret,
3027 2238 3198 2277 unum
3249 2224 3474 2293 quidem

1883 2313 2254 2377 tricesimum,
2311 2313 2551 2368 alterum
2596 2312 3027 2384 sexagesimum.
3074 2315 3245 2369 alium
3282 2330 3481 2370 rursus

1881 2406 2246 2461 centesimum
2276 2406 2343 2459 ⁸³.
2368 2405 2477 2476 Spe
2503 2405 2656 2461 enim
2679 2404 3056 2469 constabilita,
3090 2407 3183 2461 vix
3221 2407 3333 2462 ulla
3367 2408 3476 2464 alia

1879 2496 2062 2551 virtus
2099 2511 2357 2566 peraeque
2383 2495 2666 2552 sublimis.
2703 2497 2787 2552 De
2805 2497 3080 2552 ebaritate
3106 2505 3317 2564 autem,
3352 2513 3479 2568 qua:

1881 2587 2102 2643 tertiam
2122 2587 2360 2642 sortitur
2390 2587 2446 2641 in
2479 2588 2656 2642 classe
2677 2588 2949 2641 virtutum
2972 2588 3475 2655 nomenclaturam,

1878 2679 2204 2752 primiceria
2253 2679 2464 2749 alioqui
2508 2692 2637 2735 eum
2685 2679 2782 2745 sit,
2832 2680 3478 2749 caeteramue‘omnibus

1881 2778 2238 2826 antevertens
2286 2770 2581 2840 dignitate,
2610 2770 2928 2840 posteriore
2971 2769 3098 2825 loco
3139 2770 3480 2839 explicatius

1880 2864 2244 2919 disseremus.
2301 2863 2524 2919 Primus
2561 2864 2712 2919 Enos
2742 2862 2893 2918 filius
2921 2862 3056 2917 Seth
3094 2864 3161 2926 ⁸⁸,
3191 2863 3378 2933 justus
3406 2878 3478 2917 ex

1858 2957 2029 3028 'justo
2076 2957 2325 3027 speravit
2376 2956 2644 3011 invocare
2681 2971 2891 3010 nomen
2939 2955 3161 3010 Domini
3191 2955 3311 3010 Dei.
3337 2953 3474 3021 Qui—

1882 3063 2105 3120 cunque
2153 3048 2412 3118 praesidio
2460 3048 2602 3120 spei,
2644 3049 2700 3103 in
2739 3049 2914 3103 Deum
2945 3047 3281 3110 constantis,
3331 3046 3473 3110 nixi,

1881 3140 2036 3198 velut
2063 3159 2229 3198 manu
2253 3142 2562 3207 ducuntur,
2589 3141 2731 3197 mire
2761 3141 2865 3195 hos
2890 3142 3044 3196 Deus
3076 3140 3144 3195 ad
3178 3139 3474 3195 sublimem

1881 3243 1938 3307 et
1989 3235 2300 3291 theoricam
2330 3250 2634 3305 anagogem
2660 3232 2946 3312 subvehit,
2977 3248 3043 3289 ac
3066 3235 3308 3304 propriae
3334 3222 3476 3287 lucis

1880 3327 2178 3399 splendore
2237 3342 2476 3383 corusco
2524 3326 2781 3381 irradiat.
2843 3325 3018 3381 David
3083 3325 3324 3381 eximius
3376 3340 3476 3379 rex

1880 3420 2337 3488 seniodefessus.
2366 3436 2496 3476 cum
2528 3420 2760 3476 suismet
2788 3418 3293 3489 justiﬁeationibus
3320 3419 3476 3474 nullo

1880 3523 2042 3585 pacto
2101 3513 2498 3576 recalesceret,
2549 3512 2749 3567 ascivit
2820 3511 2929 3566 sibi
2982 3508 3028 3542 ⁷ο
3092 3510 3473 3580 virgunculam

1878 3622 2069 3671 unam,
2107 3621 2305 3675 nempe
2348 3604 2719 3668 Suuamitem,
2770 3620 2894 3674 quae
2921 3603 3105 3674 ipsum
3137 3603 3478 3661 excaleface‘

1880 3706 1967 3754 ret
2013 3699 2363 3769 (Sunamitis‘
2387 3697 2625 3769 proinde
2675 3714 2776 3752 sua
2810 3697 3273 3767 interpretatione
3311 3706 3476 3752 sonat

1880 3790 2191 3860 caelestem),
2232 3797 2499 3846 caeterum
2538 3804 2653 3843 non
2711 3787 2945 3859 agnovit
2986 3782 3116 3841 eam
3168 3802 3301 3852 rex;
3364 3782 3473 3842 hoc

1879 3894 1987 3950 est,
2051 3884 2192 3938 nihil
2228 3883 2349 3939 vitii
2386 3890 2485 3937 aut
2527 3881 2863 3951 corruptelae
2925 3880 3121 3934 intulit
3179 3879 3302 3950 spei
3360 3895 3476 3934 sure

1880 3977 2116 4034 caelesti.
2144 3975 2276 4051 Mihi
2298 3975 2451 4041 vide,
2478 3989 2614 4029 num
2650 3973 2705 4027 id
2740 3972 3033 4043 Scriptura
3065 3973 3163 4029 illa
3192 3972 3471 4027 insinuet:

1888 4088 1911 4122 ι
1944 4064 2000 4124 Si
2062 4068 2275 4123 fuerint
2325 4067 2462 4133 duo,
2514 4066 2710 4133 utique
2769 4065 2924 4119 calor
2978 4064 3092 4118 illis
3144 4063 3478 4131 neutiquam

1881 4148 2180 4217 defuturus
2195 4161 2385 4229 est";
2426 4178 2444 4211 ι
2480 4158 2693 4229 ιο3ο
2719 4158 2984 4212 nimirum
3018 4157 3065 4212 si
3095 4156 3259 4211 fidem
3286 4155 3476 4210 vivida

1881 4246 2259 4323 constansque
2314 4248 2677 4304 comitabitur
2721 4263 2872 4318 spes.
2928 4246 3038 4301 Sed
3084 4256 3142 4302 et
3190 4246 3475 4317 peculiare

1883 4346 2001 4417 spei
2030 4346 2201 4415 'opus
2247 4352 2332 4398 est
2376 4341 2506 4408 hoc,
2557 4356 2617 4395 se
2666 4340 3072 4411 possidentem,
3109 4338 3295 4394 reddit
3335 4354 3479 4408 pra:-

193 4426 401 4503 Κυρίου
436 4430 595 4494 ἐλπὶς
621 4430 813 4486 αὐτοῦ.
840 4449 858 4482 ι
902 4432 1034 4499 Καὶ,
1069 4452 1089 4485 ‹
1124 4432 1607 4506 Εὐφρανθήτωσαν
1635 4435 1774 4490 πάν-

1882 4437 2180 4495 fervidum.
2217 4436 2377 4508 juxta
2411 4432 2560 4488 beati
2591 4433 2746 4489 Petri
2785 4431 3150 4496 sententiam,
3199 4431 3472 4504 dicentis:

193 4538 290 4585 τες
320 4524 364 4576 οἱ
392 4522 712 4588 ἐλπίζοντες
743 4523 837 4577 ἐπὶ
868 4525 972 4578 σοί.
998 4544 1017 4576 ›
1057 4525 1170 4579 Καὶ
1199 4522 1359 4590 αὖθις
1381 4543 1395 4558 ο
1438 4545 1457 4578 ι
1481 4527 1600 4581 Ἐπ’
1630 4525 1779 4598 αὺτῷ

202 4616 431 4688 ἧλπισεν
459 4618 493 4688 ἠ
518 4611 723 4691 ¹καρδία
751 4634 853 4689 μου
872 4633 885 4647 ’
915 4619 1010 4673 καὶ
1035 4619 1370 4692 ἐϐοηθήθην,
1399 4621 1495 4674 καὶ
1518 4621 1782 4679 ἀνέθαλεν

204 4708 244 4779 ἠ
272 4708 403 4779 σάρξ
429 4726 531 4780 μου
562 4711 659 4764 καὶ
686 4711 750 4764 ἐκ
775 4711 870 4775 τοῦ
900 4698 1033 4765 ἰδίου
1065 4711 1433 4783 βοηθήματος.
1465 4731 1483 4764 ι
1547 4712 1657 4766 Καὶ
1682 4711 1782 4791 a1-

205 4800 345 4867 λους.
379 4802 742 4873 ἐχειραγώγει
801 4802 1011 4871 λέγων·
1076 4822 1095 4855 ι
1132 4804 1420 4859 Ἐλπίσατε
1470 4805 1558 4858 ἐπ’
1590 4805 1780 4870 αὐτὸν,

208 4894 351 4959 πᾶσα
393 4895 424 4963 ἡ
479 4893 777 4965 συναγωγὴ
822 4893 1000 4960 λαῶν,
1057 4895 1287 4964 ἐκχέατε
1332 4894 1566 4951 ἐνώπιον
1608 4895 1779 4949 αὑτοῦ

203 4982 305 5046 τὰς
331 4972 559 5059 καρδίας
584 4986 777 5055 ὑμῶν,
802 4987 885 5039 ὅτι
915 4987 942 5038 ὁ
972 4986 1107 5050 Θεὸς
1135 4986 1331 5059 βοηθὸς
1357 4988 1535 5057 ὑμῶν.
1567 5007 1588 5040 ι
1622 4989 1778 5054 Καὶ,

218 5060 501 5131 «Ἕλπιάον
531 5079 624 5131 ἐπὶ
642 5068 883 5153 Κύριον,
919 5080 1013 5134 καὶ
1041 5062 1185 5134 ποίει
1211 5063 1624 5155 χρηστρτητκαδ
1647 5082 1782 5147 Καὶ,

216 5188 237 5222 ε
274 5170 639 5241 Ἀποκὰλυψον
683 5172 817 5241 πρὸς
854 5170 1061 5242 Κύριον
1100 5172 1199 5244 τὴν
1229 5171 1361 5244 ὀδόν,
1385 5189 1482 5225 σου
1508 5215 1522 5236 ,
1570 5173 1666 5227 καὶ
1696 5173 1783 5231 ἑλέ

216 5277 365 5314 πισον
384 5262 469 5316 ἐπ’
496 5260 685 5323 αὐτοῦ,
711 5264 806 5316 καὶ
834 5261 998 5326 αὐτὸς
1028 5265 1299 5334 ποιήσει.»
1333 5264 1446 5317 Καὶ
1470 5264 1746 5327 ὁἩσαῖας
1764 5277 1778 5292 ⁸

1886 4550 1904 4582 ι
1934 4527 2221 4586 Succincti
2264 4525 2491 4580 lumbos
2527 4525 2731 4580 mentis
2754 4533 2976 4590 vestrae,
3006 4522 3203 4584 sobrii,
3229 4521 3474 4592 perfecte

1879 4627 2103 4692 sperate
2136 4619 2193 4673 in
2228 4633 2350 4675 eam
2390 4632 2513 4685 qua:
2549 4602 2786 4697 offertur
2824 4615 2983 4670 vobis
3009 4614 3269 4685 gratiam,
3303 4615 3358 4669 in
3390 4630 3477 4669 re-

1879 4711 2161 4771 velatione
2211 4708 2341 4767 Jesu
2391 4705 2603 4761 Christi
2631 4706 2790 4775 quasi
2846 4706 2945 4759 filii
2981 4706 3407 4761 obedientiae".
3448 4725 3468 4756 ι

1880 4802 2090 4859 Eodem
2154 4792 2370 4870 spectat
2424 4797 2563 4853 illud
2614 4797 2745 4853 Jesu
2819 4797 2916 4851 ﬁlii
2970 4796 3163 4852 Sirach
3210 4816 3223 4851 :
3282 4817 3301 4848 ι
3338 4798 3473 4864 Quis

1882 4894 2126 4966 speravit
2172 4892 2229 4947 in
2280 4890 2598 4957 Deminum,
2632 4900 2688 4945 et
2734 4890 3041 4950 derelictus
3067 4890 3191 4946 est?
3226 4890 3472 4959 autquis

1880 4984 2189 5058 permansit
2226 4984 2283 5038 in
2336 4984 2537 5039 timore
2587 4985 2745 5055 ejus,
2779 4990 2836 5039 et
2867 4982 3121 5051 despexit
3174 4998 3300 5037 eum
3327 4980 3417 5035 7’?
3445 5002 3464 5033 ι

1882 5080 2114 5135 Melicus
2166 5078 2395 5147 insuper
2433 5078 2773 5147 psalmorum
2823 5070 3179 5144 COnceptor:
3220 5093 3238 5125 ι
3271 5073 3473 5128 Beatus

1880 5172 1969 5227 vir
2003 5171 2161 5242 cujus
2202 5178 2288 5223 est
2331 5184 2536 5223 nomen
2593 5168 2809 5222 Domini
2861 5183 2988 5237 spes
3039 5167 3161 5239 ejus
3191 5164 3256 5220 ⁷⁸.
3290 5185 3308 5217 ι
3353 5165 3467 5219 Et:

1891 5283 1909 5317 ι
1947 5263 2232 5318 Laetentur
2267 5274 2465 5315 omnes
2507 5260 2602 5331 qui
2629 5259 2930 5330 sperantin
2967 5266 3019 5314 te
3052 5259 3119 5312 ⁷⁸.
3152 5278 3169 5311 ›
3210 5258 3468 5313 Rursus:

280 5442 406 5515 '_‘De
427 5440 516 5497 his
537 5440 1018 5515 Δειζιιι-ῐιιίςξ,Ιξὶθιειγιθη
1055 5443 1258 5514 Areop.
1280 5459 1404 5515 cap.
1430 5444 1490 5498 Η
1535 5443 1613 5498 De
1643 5444 1836 5500 divinis
1891 5443 2209 5515 nominibus.
2238 5511 2251 5515 _
2279 5442 2331 5515 “7
2369 5440 2564 5515 Matth.
2592 5442 2861 5515 _-_xxvl,_'_7.
2934 5441 2982 5515 ξε
3009 5439 3179 5515 yattb
3251 5454 3366 5492 xm.

202 5506 411 5585 "Gem
434 5509 690 5585 Iv,'26_.A"
730 5509 798 5566 ΙΙΙ
813 5506 1010 5585 Κοεῖι,
1041 5516 1100 5570 5.
1177 5506 1224 5548 ’δ
1262 5506 1539 5580 Εοόιθ.ιν,
1566 5515 1652 5569 Η.
1729 5517 1777 5548 ’³

1882 5518 2010 5571 ’etr.
2039 5530 2078 5577 ι,
2111 5514 2200 5579 15,
2231 5511 2319 5569 14.
2394 5512 2442 5544 ⁷³
2476 5511 2649 5567 Eccli.
2690 5527 2748 5578 ιι,
2771 5512 2856 5566 l2.
2933 5513 2979 5543 τι
3008 5512 3150 5566 Psal.
3190 5526 3370 5573 XVIIX,
3406 5509 3464 5563 εἰ

215 5586 259 5618 ’⁵
305 5583 434 5639 Psal.
467 5599 522 5648 v,
582 5582 670 5639 12.

1483 5691 1719 5749 VARUE
1754 5692 2159 5751 LECTIONES.

289 5787 326 5829 τ’
350 5787 493 5842 ἰδίου.
