4016 6430
98 312 310 416 λιιι
993 309 1009 337 θ
1312 359 1613 420 IOMILIA
1653 357 1942 420 III.—DE
1976 358 2354 421 CONVIVIO.
3316 366 3460 433 tua

132 467 376 539 Κυρίῳ
422 464 632 531 ἐσθίει,
687 461 784 521 καὶ
826 466 1146 539 εὐχαριστεῖ
1183 467 1265 541 τῷ
1293 469 1448 540 Θεῷ·
1504 470 1599 525 καὶ
1630 471 1718 540 ὁομ

1876 478 1963 523 aut
2014 468 2166 523 cadit
2206 470 2274 522 ὀ.
2308 488 2327 521 ›
2366 468 2576 524 lterum
2610 485 2625 522 :
2663 486 2680 520 ι
2715 467 2820 537 Qui
2858 471 3179 539 manducat,
3224 475 3462 534 Domino

137 558 410 624 ἐσθίων,
460 557 655 629 Κυρίῳ
699 558 801 613 οὐκ
845 558 1040 613 ἐσθίει.
1068 578 1087 610 ι
1126 590 1194 600 -
1233 578 1252 613 t
1281 560 1374 633 Μὴ
1404 561 1594 614 ἕνεκεν
1622 558 1723 630 βριί

1874 561 2191 625 manducat,
2221 571 2280 616 et
2306 562 2512 632 gratias
2548 562 2661 634 agit
2685 562 2799 617 Deo
2839 563 2907 616 ⁹¹.
2946 584 2964 615 ι
2998 565 3214 623 Rursus
3242 586 3256 621 :
3292 588 3310 620 ι
3334 570 3460 627 Noli

143 666 357 719 ματος
414 648 592 701 κὼλυε
646 648 709 702 τὸ
752 649 916 719 ἔργον
965 650 1061 703 τοῦ
1107 650 1267 717 Θεοῦ.
1295 669 1315 704 ι
1376 652 1488 705 Καὶ
1533 651 1729 719 ἐπάγει

1871 660 2102 722 propter
2147 651 2335 706 cibum
2395 651 2631 721 perdere
2669 667 2810 722 opus
2858 653 2957 707 Dei
3006 656 3075 709 θ’.
3108 674 3127 706 ι
3187 657 3457 715 Inducit:

149 761 173 794 ε
236 742 445 796 Πάντα
496 740 597 812 μὲν
653 743 910 814 καθαρὰ,
969 744 1105 798 ἀλλά
1154 743 1327 798 κακὸν
1373 743 1451 815 τῷ
1495 742 1735 814 ἀνθρώπι

1881 761 1899 794 ι
1929 742 2126 799 Omnia
2176 743 2402 813 quidem
2438 742 2666 808 munda,
2713 743 2811 797 sed
2862 745 3067 797 malum
3098 755 3205 808 est,
3235 757 3464 820 propter

133 833 238 903 τῷ
296 832 395 886 διὰ
441 833 871 904 προσκόμματος
917 834 1177 888 ἐσθίοντι.
1208 853 1227 886 ι
1258 835 1391 899 Καὶ,
1428 853 1451 886 ι
1481 836 1719 906 Μακάριι

1874 832 2270 914 oﬂ’endiculum
2325 833 2666 889 manducare
2702 834 2769 886 ⁸³.
2812 853 2830 884 ι
2873 834 2939 887 Et
2985 852 2998 887 :
3055 853 3071 884 ι
3110 835 3313 893 Beatus
3364 842 3460 911 qui

134 925 178 977 ὁ
221 925 313 998 μὴ
354 925 557 995 κρίνων
585 925 778 979 ἑαυτὸν
813 927 871 978 ὲν
896 919 941 994 ᾧ
972 924 1279 995 δοκιμάζει.
1322 925 1387 979 Ὃ
1410 925 1475 978 δὲ’
1496 925 1720 996 διακριν‹

1875 938 1985 978 non
2031 923 2248 994 judicat
2278 924 2546 994 seipsum,
2595 925 2648 978 in
2687 940 2754 980 eo
2791 926 2937 995 quod
2970 927 3190 996 probat.
3225 928 3329 995 Qui
3360 947 3461 986 au-

154 1034 346 1087 μενος
377 1015 473 1069 ἐὰν
498 1012 672 1088 φάγῃ,
706 1018 1133 1088 κατακέκριται,
1161 1018 1244 1071 ὅτι
1268 1014 1369 1072 οὐκ
1384 1019 1454 1070 ὲκ
1475 1017 1730 1079 πίστεως.

1873 1021 1983 1068 tem
2028 1013 2320 1078 discernit,
2352 1014 2397 1069 si
2423 1015 2700 1078 comedat,
2747 1015 3162 1071 damnationem
3198 1018 3459 1087 incurrit,

146 1137 229 1150 -—-
263 1126 285 1160 ‹
325 1107 539 1180 Βρῶμα
563 1109 621 1162 δὲ
649 1110 800 1179 ἡμᾶς
829 1108 1135 1181 παρίστησι
1160 1109 1178 1149 ί
1215 1108 1293 1179 τῷ
1317 1106 1635 1177 Θεῷ.’οΰτε
1660 1106 1730 1177 γὰ

1876 1106 2003 1175 quia
2054 1120 2167 1161 non
2198 1123 2266 1162 ex
2301 1106 2405 1162 fide
2440 1106 2508 1161 “.
2548 1106 2702 1159 n—i
2746 1108 3140 1167 Verumtamen
3176 1125 3303 1166 esca
3357 1128 3462 1170 nos

148 1199 267 1254 ἑὰν
322 1201 629 1270 φάγωμεν,
686 1204 1132 1272 περισσεύομεν,
1209 1201 1335 1255 οὔτε
1390 1200 1486 1255 ἐὰν
1540 1201 1616 1272 μὴ
1666 1201 1734 1271 φά

1877 1196 2228 1251 commendat
2277 1196 2423 1262 Deo;
2470 1212 2658 1267 neque
2695 1196 2739 1251 si
2786 1197 3167 1263 comedamus,
3207 1199 3463 1256 abunda-

146 1294 394 1361 γωμεν,
421 1291 800 1364 ὑστερούμεθα
822 1294 836 1343 Ι
856 1302 913 1346 ,ιδ
940 1293 1054 1349 Καὶ
1083 1296 1112 1349 ὁ
1130 1295 1553 1365 Ηαροιμιαστής
1571 1311 1589 1327 ο
1631 1292 1650 1346 ἆ
1676 1296 1728 1348 Μ

1869 1283 2078 1346 bimus,
2132 1300 2315 1354 neque
2350 1286 2396 1339 si
2432 1301 2545 1340 non
2597 1286 3028 1352 comederimus,
3065 1289 3251 1344 minus
3288 1291 3453 1348 babe-

146 1385 475 1457 ἁπατηθῇς
523 1387 836 1459 χορτασίᾳιί
867 1388 1101 1452 κοιλίας.
1158 1389 1321 1460 Ψυχὴ
1355 1390 1465 1461 γὰρ
1524 1391 1583 1443 ὲν
1628 1388 1732 1459 πλη

1875 1374 2058 1431 bimus
2086 1376 2157 1430 ³⁸.
2187 1395 2205 1428 ι
2245 1375 2629 1433 Parmmiastes
2657 1395 2670 1430 :
2708 1396 2726 1430 ‹
2754 1378 2834 1433 Ne
2858 1387 2912 1433 te
2933 1378 3178 1450 decipiat
3199 1382 3461 1439 saturitas

154 1482 359 1550 σμονῇ
391 1475 529 1532 οὖσα
550 1479 767 1552 κηρίοις
799 1481 1063 1552 ἐμπαίζει
1086 1479 1106 1519 1
1128 1497 1141 1512 '
1176 1480 1326 1553 ψυχῇ
1357 1482 1414 1535 δὲ
1444 1481 1633 1542 ἐνδεεῖ,
1670 1498 1740 1535 κα

1875 1463 2107 1519 ventris.
2155 1462 2355 1518 Anima
2387 1466 2538 1520 enim
2569 1474 2758 1541 satura
2788 1468 2976 1523 illudit
3026 1469 3203 1537 favis;
3261 1474 3461 1530 anima:

144 1570 234 1625 τὰ
286 1572 473 1643 πικρὰ
526 1573 739 1642 γλυκέα
813 1573 1086 1643 φαίνεται.
1125 1592 1144 1626 ›
1206 1574 1266 1628 '0
1310 1554 1368 1628 δὲ
1422 1574 1730 1638 Ἀπόστολο,

1869 1565 2058 1611 autem
2079 1557 2373 1622 esurienti,
2400 1556 2568 1613 etiam
2594 1574 2804 1623 amara,
2831 1559 3016 1616 dulcia
3040 1561 3305 1618 videntur
3334 1566 3401 1620 ".
3434 1584 3453 1618 ι

148 1663 497 1735 καθαρίζων
528 1667 597 1720 τὰ
630 1665 918 1738 βρώματα,
947 1666 1146 1737 φησιν·
1191 1685 1210 1718 ι
1242 1668 1310 1720 Ἃ
1342 1669 1369 1720 ὁ
1395 1666 1527 1731 Θεὸς
1553 1666 1733 1721 ἔκτισε

1872 1644 2189 1717 Apostolus
2223 1647 2517 1702 insinuans
2554 1649 2768 1703 nullum
2803 1665 2915 1704 non
2955 1651 3067 1705 cibi
3117 1668 3292 1723 genus
3336 1669 3458 1711 esse

150 1757 251 1822 εἰς
294 1757 607 1828 μετάληψιν
665 1737 804 1830 μετὰ
842 1738 1202 1832 εὐχαριστίας
1230 1761 1343 1824 τοῖς
1368 1762 1615 1824 πτστοϊς,
1665 1778 1736 1816 κα

1875 1737 2163 1803 mundum,
2195 1738 2273 1793 ait
2305 1754 2321 1792 :
2373 1758 2393 1790 ι
2427 1738 2578 1806 Quos
2609 1740 2757 1796 Deus
2790 1742 3004 1797 creavit
3043 1744 3111 1797 ad
3147 1742 3461 1816 percipien-

150 1808 576 1918 ἐπεγνωκόσιιῖω
622 1808 722 1919 τήν
769 1808 1067 1920 ἀλήθειαν,
1121 1808 1203 1906 ὅτί
1242 1808 1354 1906 πᾶν
1382 1808 1736 1923 κτίσμαίθεοὲ

1867 1828 1998 1884 dum
2031 1845 2158 1885 cum
2211 1831 2518 1902 gratiarum
2572 1833 2794 1888 actione
2830 1834 3093 1891 ﬁdelibus
3128 1808 3188 1891 et
3237 1808 3322 1892 iis-
3359 1839 3453 1908 qui

152 1939 344 1993 καλὸν
363 1980 379 2005 ,
428 1940 525 1993 καὶ
553 1940 704 1994 οὐδὲν
731 1941 1039 2014 ἀπόϐλητον
1071 1936 1212 2013 μετὰ
1238 1921 1595 2016 εὐχαριστίας
1619 1944 1738 2017 λαμ·

1870 1929 2214 1990 agnoverunt
2260 1921 2583 1988 veritatem,
2632 1923 2764 1992 quia
2817 1925 3001 1980 omnis
3051 1935 3311 1982 creatura
3357 1929 3456 1984 Dei

154 2031 501 2104 ϐανόμενον.
549 2019 870 2102 Ἀγιάζεται
918 2010 1030 2105 γὰρ
1074 2010 1175 2089 *διὰ
1218 2010 1392 2104 λόῆὸιί
1434 2038 1527 2090 καὶ
1573 2010 1729 2091 ἐντεύ

1873 2010 2011 2066 bona
2060 2020 2167 2077 est,
2222 2021 2278 2067 et
2330 2014 2474 2069 nihil
2524 2014 2924 2084 abjiciendum.
2975 2018 3124 2087 quod
3174 2033 3300 2074 cum
3332 2034 3459 2091 gra-

156 2102 332 2191 Eswg.
364 2143 383 2177 ι
425 2124 560 2188 Καὶ,
605 2142 623 2175 ι
646 2124 840 2179 Πάντα
867 2102 1084 2197 καθαρά
1110 2128 1224 2190 τοῖς
1253 2102 1538 2200 καθαρόῖς.
1565 2148 1583 2180 ι
1622 2130 1742 2184 Καὶ

1873 2102 2073 2157 tiarum
2125 2105 2345 2160 actione
2399 2105 2691 2160 sumitur:
2736 2106 3119 2163 sanetillcatur
3150 2109 3298 2164 enim
3356 2126 3459 2182 per

162 2233 186 2267 ί
226 2215 333 2279 Εἰς
370 2215 431 2268 τδ
460 2212 671 2283 φαγεῖν
709 2214 981 2286 ἀλλήλους
1008 2195 1324 2289 ἐκδέχεσθε.
1354 2237 1373 2269 ι
1403 2195 1552 2290 ⁷φησὶ
1576 2219 1634 2272 δὲ
1663 2221 1748 2273 καΊ

1869 2195 2099 2250 verbum
2121 2195 2220 2250 Dei
2246 2205 2303 2251 et
2328 2197 2639 2252 orationem
2665 2198 2733 2252 ⁸⁷.
2776 2217 2796 2250 ι
2835 2199 2906 2254 Ει
2937 2216 2952 2254 :
2980 2219 2998 2250 ι
3020 2198 3217 2255 Omnia
3249 2203 3455 2258 munda

152 2305 187 2357 ὁ
210 2304 417 2375 νόμος·
454 2323 473 2357 ι
498 2302 698 2373 Φαγὼν
723 2307 820 2359 καὶ
848 2287 1210 2376 ἐμπλησθεὶς,
1236 2287 1532 2380 εὐλόγήσον
1554 2311 1738 2381 Κύριοι

1870 2288 2092 2353 mundis
2122 2290 2190 2346 ’⁸.
2225 2309 2244 2341 ι
2285 2290 2354 2344 Et
2386 2307 2402 2346 :
2445 2310 2464 2342 ι
2495 2290 2577 2345 Ad
2618 2291 3063 2346 manducandum
3091 2293 3327 2348 invicem
3357 2310 3456 2349 ex-

155 2395 260 2449 τὲνν
288 2395 425 2465 Θεόν
460 2411 578 2449 σου.
613 2414 632 2447 ι
691 2398 804 2450 Καὶ
852 2399 881 2452 ὁ
919 2398 1086 2454 Δαϐὶδ
1130 2396 1479 2472 εὐχαριστῶν
1529 2401 1741 2470 ἔλεγεν

1871 2388 2117 2450 spectate
2168 2383 2235 2436 ³⁸.
2281 2400 2300 2434 ι
2352 2381 2466 2437 Lex
2502 2383 2775 2452 insuper:
2824 2403 2843 2434 ι
2876 2384 3017 2438 Dum
3059 2386 3368 2441 comederis
3399 2394 3457 2442 et

164 2506 192 2540 τ
228 2489 487 2552 Ἐδωκας
531 2489 880 2561 εὐφροσύνην
936 2493 1016 2553 είς
1060 2492 1161 2563 τὴν
1202 2494 1433 2565 καρδίαν
1476 2510 1615 2565 μου,
1650 2494 1750 2548 ἀπὶ

1861 2482 2139 2529 saturatus
2159 2474 2352 2540 fueris,
2368 2474 2686 2530 benedicito
2701 2475 2994 2530 Dominum
3013 2477 3183 2537 Deum
3205 2487 3359 2532 tuum
3376 2479 3447 2534 ι.»

160 2579 400 2647 καρποῦ
456 2578 603 2631 σίτου
661 2580 759 2634 καὶ
800 2581 947 2635 οῐνου
981 2582 1076 2634 καὶ
1107 2581 1315 2637 ἐλαίου.
1349 2602 1369 2636 ι
1414 2584 1524 2637 Καὶ
1554 2584 1746 2638 πάλινι

1862 2566 2056 2628 David,
2080 2567 2193 2621 Deo
2213 2568 2537 2637 neutiquam
2602 2568 2888 2638 ingratus:
2919 2589 2938 2620 ι
2971 2570 3205 2635 Dedisti,
3242 2571 3448 2641 inquit,

168 2685 190 2719 ι
226 2668 358 2721 Ὅτι
389 2669 650 2738 ἐχόρτασε
683 2669 864 2742 ψυχὴν
890 2671 1057 2741 κενὴν
1076 2713 1090 2736 ,
1144 2673 1242 2725 καὶ
1270 2673 1451 2744 ψυχὴν
1481 2673 1754 2728 πεινῶσαν

1859 2658 2108 2713 laetitiam
2132 2658 2189 2714 in
2221 2660 2387 2714 corde
2415 2676 2556 2723 meo,
2590 2676 2620 2715 a
2650 2661 2836 2715 fructu
2863 2661 3130 2717 frumenti
3155 2672 3212 2717 et
3231 2662 3341 2718 olei
3363 2666 3406 2720 ³.
3425 2678 3445 2717 ι

148 2757 474 2827 ⁴ἐνέπλησεν
494 2759 740 2827 ἀγαθῶν.
756 2779 774 2812 ι
799 2761 857 2814 '0
873 2760 929 2814 δὲ
951 2760 1156 2825 ἀγαθὸς
1176 2762 1401 2831 Κύριος,
1423 2762 1592 2817 θέλων
1613 2764 1734 2834 ἡμᾶς

1863 2750 2067 2807 lterum
2107 2770 2122 2806 :
2165 2772 2184 2804 ι
2220 2753 2367 2821 Quia
2419 2756 2910 2811 satiavitanimam
2936 2758 3179 2824 inanem,
3231 2768 3289 2813 et
3321 2759 3449 2814 ani-

162 2854 613 2921 μετριοφρονεῖν,
636 2852 802 2922 φησίν
823 2868 837 2884 ⁸
866 2871 885 2905 ι
911 2853 1081 2907 Ὅταν
1111 2854 1380 2925 καθίσῃςη
1406 2858 1483 2920 είς
1511 2855 1748 2926 ἄριστον¹

1868 2860 2010 2900 mam
2043 2846 2385 2901 esurientem
2407 2849 2863 2904 saturavit‘bonis
2887 2851 2928 2904 '.
2951 2869 2970 2901 ›
3007 2848 3253 2919 Cupiens
3282 2866 3454 2920 porro

156 2942 249 3012 μὴ
280 2943 623 3014 κατακλιθῇς
654 2945 735 3008 είς
762 2945 1168 3016 πρωτοκλισίαν
1190 2985 1205 3012 ,
1272 2948 1348 3016 μή
1382 2964 1512 3000 ποτε
1541 2949 1742 3017 ἐντιμό-

1863 2937 2155 3006 Dominus,
2180 2939 2419 2994 modesti
2449 2950 2509 2993 ut
2539 2940 2715 2995 simus
2753 2956 2817 2996 ac
2844 2941 2988 3014 frugi
3018 2942 3295 3005 homines,
3331 2943 3410 2997 ait
3436 2961 3449 2997 :

159 3033 334 3104 τερός
365 3030 529 3105 σουῇ
559 3035 899 3105 κεκλημένος
935 3036 1029 3088 ὑπ’
1059 3035 1231 3090 αὐτοῦ
1258 3053 1272 3067 ·
1312 3037 1408 3091 καὶ
1440 3037 1609 3091 ἐλθὼν
1642 3040 1670 3091 ὁ
1698 3037 1745 3092 σέ

1871 3049 1892 3082 ι
1931 3030 2163 3096 Quando
2198 3032 2469 3087 invitatus
2514 3032 2690 3088 fueris
2734 3033 2803 3088 ad
2873 3034 3192 3104 prandium,
3238 3049 3308 3090 ne
3359 3050 3454 3117 eas

153 3125 271 3178 καὶ
290 3152 301 3157 -
323 3127 535 3179 ἐκεῖνον
582 3125 823 3190 καλέσας
846 3168 863 3192 ,
908 3125 1033 3198 ἐρεῖ
1067 3144 1149 3180 σοι
1172 3143 1187 3159 ο
1234 3129 1335 3192 Δὸς
1367 3127 1544 3199 τούτῳ
1574 3129 1736 3183 τόπον

1867 3121 2210 3178 discubitum
2244 3123 2299 3177 in
2338 3124 2516 3193 primo
2540 3126 2819 3192 accubitu,
2858 3142 2928 3181 ne
2952 3126 3095 3182 forte
3127 3128 3453 3182 honoratior

164 3217 271 3269 καὶ
318 3217 440 3271 τότε
498 3216 638 3289 ἄρξῃ
697 3218 817 3289 μετ’
860 3218 1128 3289 αἰσχύνης
1179 3220 1272 3273 τὸν
1325 3219 1556 3291 ἔσχατον
1602 3224 1750 3277 τόποι

1870 3221 1922 3268 te
1973 3215 2162 3268 veniat
2210 3215 2475 3269 invitatus
2529 3216 2599 3269 ab
2636 3216 2751 3277 illo,
2790 3227 2848 3272 et
2909 3218 3141 3272 veniens
3175 3218 3273 3287 qui
3306 3227 3357 3272 te
3395 3227 3452 3272 et

174 3309 453 3379 μετέχειν.
519 3309 663 3363 Ἀλλ’
707 3311 837 3363 ὅταν
884 3310 1258 3382 κατακλιθῇς,
1312 3313 1602 3383 πορευθεὶς
1628 3315 1760 3369 ἀνά-

1868 3306 2025 3361 ilium
2078 3306 2358 3369 invitavit,
2412 3306 2561 3360 dicat
2620 3307 2765 3361 tibi:
2825 3307 2903 3362 Da
2944 3308 3077 3363 huic
3122 3309 3331 3376 locum,
3392 3318 3449 3365 et

176 3417 316 3453 πεσε
369 3402 448 3479 είς
494 3402 587 3455 τὸν
643 3401 873 3473 ἔσχατον
912 3402 1113 3467 τόπον,
1171 3402 1237 3455 ἵν’
1266 3404 1395 3457 ὅταν
1459 3404 1762 3477 ἕλθῃὸκε-

1867 3405 2002 3452 tunc
2054 3397 2288 3468 incipies
2322 3412 2447 3451 cum
2493 3397 2703 3467 pudore
2752 3400 3118 3454 novissimum
3150 3402 3331 3455 locum
3364 3408 3449 3456 te-

164 3491 397 3562 κληκώς
415 3511 506 3559 σε,
546 3494 675 3566 είπῃ
712 3512 794 3547 σοι
819 3510 835 3526 ο
858 3494 986 3547 Φίλε
1004 3535 1019 3561 ,
1057 3495 1438 3567 προσανάϐηθι
1469 3496 1750 3568 ἀνώτερον⁴

1871 3505 2023 3546 nere.
2054 3490 2340 3545 Sedcutn
2388 3490 2653 3545 invitatus
2707 3490 2903 3557 fueris,
2962 3491 3123 3558 vade,
3160 3492 3446 3547 discumbe

167 3585 313 3638 Τότε
367 3584 524 3639 ἔσται
550 3576 654 3640 “oo:
696 3584 822 3650 δόξα
868 3584 1104 3638 ὲνὼπιον
1138 3588 1360 3641 πάντων
1389 3586 1499 3641 τῶν
1530 3603 1753 3643 συνανα-

1868 3580 1926 3636 in
1954 3581 2259 3636 novissimo
2294 3581 2438 3645 loco,
2465 3590 2671 3635 utcum
2702 3582 2921 3636 venerit
2946 3584 3040 3652 qui
3079 3591 3132 3637 te
3164 3583 3436 3642 invitavit.

165 3674 445 3744 κειμένων
495 3692 580 3729 σοι
605 3715 620 3737 ,
675 3675 760 3729 ὃτι
790 3675 899 3738 πᾶς
931 3677 958 3729 ὁ
990 3674 1141 3745 ὑψῶν
1169 3675 1389 3742 ἑαυτὸν,
1420 3676 1751 3747 ταπεινωθήι

1866 3673 2015 3729 dicat
2056 3673 2203 3727 tibi:
2239 3673 2451 3738 Amice,
2499 3675 2735 3729 ascende
2786 3676 3064 3744 superius.
3123 3675 3280 3732 Tunc
3336 3678 3445 3733 erit

152 3784 369 3834 -σεται,
421 3769 518 3821 καὶ
554 3768 582 3819 ό
609 3767 889 3820 ταπεινῶν
922 3767 1139 3831 ἑαυτὸν,
1179 3765 1550 3836 ὑψωθήσεται.
1581 3786 1600 3819 ι
1651 3769 1738 3820 Κα

1868 3766 1971 3821 tibi
2026 3766 2198 3837 gloria
2249 3780 2436 3821 coram
2471 3765 2731 3820 omnibus
2783 3766 2884 3821 tibi
2935 3767 3441 3833 accumbentibus;

164 3857 347 3913 ταῦτα
377 3858 479 3929 μὲν
512 3860 596 3921 είς
621 3859 840 3912 σύνεσιν
869 3858 964 3912 καὶ
986 3857 1264 3927 ὠφέλειαν
1292 3859 1473 3913 ἱκανά.
1502 3857 1684 3912 Καλὸν
1703 3858 1750 3911 δὲ

1861 3857 1992 3928 quia
2041 3857 2223 3912 omnis
2281 3858 2377 3926 qui
2435 3871 2495 3912 se
2539 3857 2763 3920 exaltat,
2803 3857 3215 3925 bumiliabitur,
3249 3868 3307 3913 et
3346 3862 3442 3929 qui

160 3951 271 4005 atati.
299 3934 708 4022 ἐπιμνησθῆναι
740 3950 838 4004 καὶ
864 3952 960 4005 τοῦ
993 3950 1138 4006 Ἰὼϐ.
1190 3950 1332 4020 Φησὶ
1363 3951 1474 4022 γάρ
1495 3967 1511 3981 ο
1564 3968 1584 4003 t
1612 3950 1680 4005 Εἰ
1704 3949 1746 4002 δὲ

1865 3965 1924 4004 se
1980 3947 2260 4014 humiliat,
2307 3948 2640 4003 exaltabitur
2664 3948 2707 4002 ⁸.
2744 3967 2763 4000 ι
2804 3948 2872 4003 Ει
2898 3948 3016 4004 διεδ
3048 3949 3272 4019 quidem
3303 3966 3441 4019 qua-

168 4042 273 4097 atati.
300 4042 392 4097 τὸν
422 4043 620 4115 ψωμόν
654 4043 817 4114 μόνος
846 4044 1075 4113 ἔφαγον,
1109 4045 1205 4097 καὶ
1235 4044 1360 4115 οὐχὶ
1383 4042 1607 4116 ὀρφανῷ
1632 4060 1754 4114 μετ-

1865 4049 2029 4096 tenus
2070 4040 2141 4096 ad
2178 4040 2600 4111 intelligentiam
2633 4056 2700 4097 ac
2746 4042 3032 4112 spirituale
3089 4044 3440 4099 commodum

166 4136 383 4202 έδωκα,
436 4137 521 4190 ὅτι
552 4137 618 4190 ὲκ
644 4124 903 4206 νεότητός
934 4153 1036 4207 μου
1067 4134 1362 4208 ὲξέτρεςρον
1391 4134 1467 4200 ὡς
1494 4138 1699 4208 πατήρ.
1733 4154 1752 4189 ι

1864 4133 2088 4197 attinet,
2126 4131 2262 4188 satis
2306 4131 2437 4187 sint.
2468 4132 2590 4187 Non
2638 4132 3055 4188 dissentaneum
3103 4133 3276 4190 fuerit
3320 4150 3441 4190 ine-

166 4227 288 4281 Καὶ
320 4222 484 4280 πάλιν
528 4227 556 4279 ὁ
585 4224 794 4296 Κύριος
819 4242 832 4257 ο
893 4245 911 4278 ι
944 4227 1119 4281 Ὅταν
1169 4230 1294 4297 ποιῇ
1324 4226 1553 4298 ¹ἄριστον
1585 4227 1619 4298 ἢ
1650 4227 1752 4280 δεῖ-

1860 4227 2096 4281 minisse
2124 4225 2414 4281 sententia:
2456 4225 2606 4281 illius
2633 4226 2777 4281 Job:
2819 4245 2838 4277 ι
2867 4225 3024 4292 Quod
3060 4227 3107 4281 si
3131 4226 3438 4283 buccellam

166 4332 327 4383 ¹πνον,
358 4317 434 4388 μὴ
461 4313 629 4387 φώνει
655 4316 784 4381 τοὺς
812 4316 1003 4385 φίλους
1027 4333 1146 4380 σου,
1176 4317 1313 4386 μηδὲ
1336 4317 1463 4380 τοὺς
1485 4316 1752 4386 ἀδελφούς

1861 4334 2041 4373 meam
2078 4317 2230 4373 solus
2281 4317 2518 4381 comedi,
2553 4324 2611 4373 et
2647 4332 2759 4373 non
2809 4318 3081 4389 pupillum
3112 4319 3439 4390 participem

170 4424 294 4471 σου,
328 4407 462 4478 μηδὲ
488 4409 616 4471 τοὺς
645 4410 932 4476 συγγενεῖς
962 4423 1079 4471 σου,
1131 4406 1268 4478 μηδὲ
1315 4407 1570 4474 γείτονας
1619 4406 1756 4479 πλη-

1858 4409 1987 4476 feci,
2039 4410 2298 4480 quoniam
2331 4410 2401 4464 ab
2433 4409 2807 4467 adolescentia
2857 4426 2981 4466 mea
3010 4413 3030 4443 ³
3065 4411 3307 4466 enutrivi
3372 4420 3433 4467 ut

170 4498 324 4554 ctov°
352 4517 471 4566 σου,
508 4502 720 4572 μήποτε
748 4500 844 4553 καὶ
871 4499 1027 4553 αὐτοί
1069 4515 1130 4552 σε
1187 4485 1612 4564 ἀντικαλέσωσι,
1657 4501 1752 4554 καὶ

1857 4501 2071 4572 pater‘.
2099 4520 2117 4550 ι
2142 4501 2371 4565 lterum,
2403 4502 2702 4557 Dominus:
2734 4501 2909 4558 «Cum
2933 4501 3130 4558 feceris
3144 4502 3439 4572 prandium

168 4591 398 4661 γένηταί
445 4609 529 4645 σοι
562 4591 935 4660 ἀνταπόδομα.
999 4589 1143 4644 Ἀλλ’
1170 4591 1300 4644 ὅταν
1356 4594 1517 4661 ποιῇς
1565 4591 1750 4662 δοχὴν,

1858 4603 1955 4647 aut
2001 4606 2242 4655 caenam,
2294 4608 2362 4648 ne
2417 4594 2703 4649 vocaveris
2752 4593 2962 4664 1032
3013 4594 3222 4649 amicos
3292 4603 3438 4660 tuos,

169 4682 329 4738 κάλει
363 4683 637 4753 πτωχοὺς,
693 4683 1035 4755 ἀναπήρους,
1074 4681 1305 4754 χωλοὺς,
1335 4681 1602 4750 τυφλοὺς,
1654 4685 1752 4736 καὶ

1863 4698 2049 4752 neque
2079 4682 2278 4737 fratres
2310 4690 2455 4747 tuos,
2481 4698 2663 4753 neque
2690 4692 2974 4753 cognatos,
3006 4699 3187 4753 neque
3224 4683 3441 4739 vicinos

176 4778 443 4845 μακάριος
492 4775 622 4847 ἔσῃ,
678 4775 761 4827 ὅτι
811 4774 915 4827 οὐκ
956 4773 1178 4845 ἔχουσιν
1221 4773 1615 4827 ἀνταποδοῦναί
1646 4790 1748 4828 σοι·

1864 4774 2090 4839 divites,
2132 4790 2203 4829 ne
2239 4774 2384 4830 forte
2417 4783 2474 4830 et
2526 4776 2630 4846 ipsi
2662 4774 2962 4829 reinvitent
2996 4783 3049 4828 te
3102 4783 3160 4829 et
3196 4773 3290 4829 fiat
3341 4774 3440 4830 tibi

175 4866 673 4936 ἀνταποδοθήσεται
709 4865 767 4919 δέ
801 4882 906 4931 σοι,
942 4866 998 4918 ἐν
1051 4867 1118 4936 τῇ
1167 4865 1467 4919 ἀναστάσει
1515 4865 1626 4919 τῶν
1677 4866 1757 4919 δι-

1870 4865 2208 4933 retributio;
2263 4866 2359 4921 sed
2404 4866 2624 4936 quando
2680 4865 2879 4921 feceris
2912 4864 3252 4927 convivium,
3305 4879 3440 4920 voca

177 4956 365 5022 καίων,
411 4958 562 5029 παρᾶι
618 4957 712 5012 τοῦ
763 4956 921 5012 Θεοῦ.
949 4976 968 5010 ι
1010 4957 1171 5029 Αὐτῷ
1221 4960 1255 5030 ἡ
1303 4956 1430 5023 δόξα
1489 4960 1571 5020 εἰς
1628 4959 1756 5021 τοὺς

1856 4972 2155 5029 pauperes,
2193 4956 2435 5025 debiles,
2463 4958 2715 5021 claudos,
2753 4972 2966 5024 caecos;
2998 4965 3055 5011 et
3080 4956 3278 5011 beatus
3305 4957 3437 5022 eris,

176 5050 394 5111 αἰῶνας.
441 5050 633 5119 Ἀμήν.

1858 5049 1989 5121 quia
2028 5034 2139 5103 non
2192 5049 2402 5105 habent
2444 5050 2759 5105 retribuere
2797 5050 2927 5115 tibi;
2967 5047 3315 5105 retribuetur
3344 5063 3444 5103 au-

185 5155 289 5200 tem
321 5141 416 5197 tibi
442 5141 498 5195 in
526 5142 1235 5212 resurrectionejustorum
1286 5148 1330 5198 ν.
1370 5161 1390 5195 ι
1434 5142 1544 5213 ipsi
1574 5141 1749 5213 gloria
1787 5143 1846 5197 in
1889 5142 2114 5203 saecula.
2147 5142 2342 5197 Amen.

255 5284 298 5315 ’°
326 5284 480 5340 Rom.
510 5302 624 5345 XN.
663 5286 718 5341 5.
797 5289 845 5320 ⁹¹
876 5288 1011 5348 ibid.
1044 5289 1098 5345 6.
1172 5286 1374 5344 "'ibid.
1426 5288 1514 5345 15.
1589 5289 1638 5322 ⁸³
1667 5286 1801 5342 ibid.
1862 5287 1956 5343 20.
2042 5287 2091 5320 “
2114 5289 2245 5345 ibid.
2275 5286 2368 5353 22,
2424 5288 2514 5345 εδ.
2592 5289 2639 5321 ’⁸
2673 5288 2691 5341 l
2724 5286 2850 5342 Cor.
2880 5301 2994 5349 vm,
3023 5285 3077 5340 8.
3155 5284 3203 5316 ”
3274 5284 3437 5341 Prov.

187 5370 344 5417 cxvu.
385 5356 434 5411 7.
513 5358 557 5389 "
591 5354 778 5412 lTim.
813 5375 885 5420 tv.
930 5359 1027 5415 5-5
1100 5361 1146 5393 ’⁸
1178 5359 1288 5415 Tit.
1318 5358 1468 5424 1,45.
1547 5360 1635 5414 "l
1671 5358 1773 5413 Cor

1852 5375 1908 5424 ιι,
1940 5359 2027 5413 35.
2112 5361 2128 5392 ¹
2155 5360 2313 5417 Deut.
2352 5375 2466 5420 vm,
2496 5358 2584 5414 10.
2680 5361 2700 5390 ²
2729 5358 2870 5412 Psal.
2905 5372 2981 5419 tv,
3019 5354 3070 5417 7,
3105 5357 3157 5411 8.
3254 5356 3438 5411 ’l’snl.

192 5425 369 5501 “1,9.
445 5427 465 5457 ‘
497 5427 769 5501 L_u_c._xuv,
806 5428 962 5501 8-711.
1039 5432 1060 5463 '
1094 5432 1389 5500 ἑξέτρεφον
1410 5431 1489 5496 ὡς
1526 5429 1729 5500 πατὴρ,
1768 5447 1778 5496 ι

1860 5450 1865 5477 ι
1894 5446 2002 5496 quo
2036 5427 2197 5501 Vulg.
2230 5431 2524 5501 grandivit,
2550 5429 2806 5493 adolevit,
2871 5427 2958 5484 vel
3008 5430 3170 5482 cret-it
3219 5443 3446 5483 mecum.

189 5498 211 5526 ⁸
234 5494 328 5549 Job
353 5510 499 5562 xxxi,
532 5498 616 5561 l7,
642 5499 726 5553 l8.
802 5501 820 5531 ⁷
851 5500 986 5558 Luc.
1020 5494 1342 5568 undi-13.

1471 5587 1560 5643 VA
1569 5586 1710 5644 81Ᾰί
1744 5585 2146 5643 LECTIONES.

265 5687 282 5726 ί
314 5684 674 5754 παραστήσει.
774 5678 788 5729 i
821 5678 1179 5754 ὑστεροῦμεν.
1259 5680 1282 5719 ιι
1311 5681 1594 5751 χορτάσαι.
1683 5677 2000 5751 tramae“,
2041 5677 2247 5733 rectius
2278 5687 2463 5732 nostra
2496 5674 2689 5740 editio,
2726 5671 2973 5728 enicabit.
3119 5677 3160 5707 ιη
3189 5665 3449 5738 ἐπιγινώ-

196 5749 401 5813 σκουσι.’
462 5749 738 5822 υκληθῇς.
815 5749 1174 5813 ’πλουσίους
