4016 6464
154 372 321 439 1445

1277 379 1606 463 ΗΟΜΙΙτΙΑ
1647 381 1716 443 v.
1750 403 1817 419 α-
1850 379 1949 441 DE
1972 369 2435 440 .EBRIETATE.

3320 378 3462 439 14ζό

151 486 229 538 οὐ
265 484 580 556 βρώμασι.»
616 487 728 545 Καὶ
753 488 945 543 πάλινο
979 509 995 542 ι
1026 491 1101 545 οὐ
1130 491 1240 563 γάρ
1265 493 1416 547 ἐστιν
1442 494 1475 563 ἡ
1499 492 1753 561 βασιλεία
1784 534 1793 555 λ

1891 491 2218 554 eolentiam,
2253 507 2285 546 a
2333 490 2520 561 seipso
2565 488 2610 545 si
2667 504 2777 559 qua
2830 488 2949 544 ﬁeri
3005 489 3202 559 possit,
3259 491 3459 559 quaerit

155 578 287 632 τῶν
333 577 579 648 οὐρανῶν
632 579 837 651 βρῶσις
882 583 976 636 καὶ
1016 583 1213 651 πόσις,
1255 584 1392 639 ἀλλὰ
1421 584 1763 654 δικαιοσύνη,

158 669 273 723 καὶ
300 669 499 740 εἰρήνη
532 669 627 723 καὶ
655 669 803 740 χαρὰ
840 673 898 724 ὲν
937 671 1217 743 Πνεῦματι
1250 675 1412 744 ἁγίῳ.
1458 694 1475 727 ι
1503 676 1615 729 Καὶ
1645 677 1768 746 οὐχὶ

160 761 365 833 τρυφὴ
394 763 488 815 καὶ⁵
512 763 787 835 σπατάλη,
808 762 991 829 καθὼς
1015 765 1253 837 εἴρηται,
1280 767 1412 837 βορὰ
1443 768 1763 839 σκωλήκων.

175 853 255 907 Ἠ
288 852 400 925 γὰρ
431 852 583 925 χλιδὴ
613 842 982 926 οὺδὲνξτερόν
1009 859 1188 920 ἐστιν,
1232 858 1265 931 ἢ
1298 859 1453 913 ἑστία
1480 860 1765 932 ἑρπετῶνο

163 947 252 1011 ὡς
274 947 375 1000 καὶ
396 949 425 1000 ὁ
449 947 703 1013 Ἱάκωὸος
724 948 1006 1014 ὀνειδίζων
1026 954 1145 1013 τοῖς
1166 950 1544 1015 κοιλιοδούλοις
1562 953 1770 1023 ἔγραφε

167 1036 360 1107 λέγων
383 1054 397 1068 ⁶
453 1057 472 1092 ι
505 1024 884 1111 Ἐτρυφήσατε
919 1043 1012 1095 ἐπὶ
1040 1041 1139 1111 τῆς
1166 1046 1292 1114 γῆς,
1330 1042 1428 1097 καὶ
1456 1043 1769 1116 ἐσπαταλή-

174 1146 354 1191 σατε,
410 1129 679 1215 captam
710 1130 832 1201 ⁴τὰς
884 1132 1117 1203 καρδίας
1159 1134 1315 1205 ὑμῶν
1369 1135 1445 1197 ὡς
1490 1136 1550 1189 ὲν
1583 1136 1773 1207 ἡμέρᾳ

174 1224 457 1294 σφαγῆς.»
495 1224 607 1278 Καὶ
634 1226 662 1276 ὁ
686 1224 893 1295 Κύριος
933 1225 990 1278 δὲ
1041 1230 1156 1290 τοῖς
1196 1227 1451 1292 ἀπίστοις
1494 1228 1773 1293 Ἰουδαίοις

174 1314 356 1386 φησίν
376 1332 391 1346 ⁸
457 1334 477 1368 ι
510 1302 692 1387 "Attigit
722 1316 867 1385 λέγω
897 1318 1311 1388 ὑμῖν,,ζητείτέ
1343 1338 1412 1390 με
1455 1323 1554 1392 οὐχ
1584 1323 1667 1375 ὅτι
1693 1322 1772 1376 εἴ.

173 1404 306 1458 δετε
344 1407 580 1474 σημεῖα,
632 1406 757 1461 an"
784 1407 868 1461 ὅτι
909 1409 1145 1478 ἐφάγετε
1178 1411 1244 1463 ὲκ
1303 1410 1412 1464 τῶν
1437 1410 1776 1485 ἄρτωνηκαὶ

177 1496 636 1571 ἐχορτάσθητε.)
673 1498 784 1551 Καὶ
815 1499 1100 1571 ἐπιφέρει·
1153 1520 1172 1554 ι
1196 1500 1532 1572 Ἐργάζεσθε
1568 1502 1644 1573 μὴ
1675 1501 1776 1573 τὴν

182 1587 397 1661 βρῶσιν
451 1587 549 1660 τὴν
580 1589 1023 1661 ἀπολλυμένην,
1086 1591 1225 1645 ἀλλὰ
1272 1591 1371 1663 τὴν
1418 1589 1726 1663 μέλλουσαν
1754 1602 1776 1630 ι’

180 1681 271 1745 εἰς
304 1679 453 1752 ζωὴν
484 1680 742 1746 αίὼνιον,
798 1682 865 1753 ὴν
894 1683 924 1735 ὁ
952 1682 1081 1747 ιΥίδς
1112 1682 1206 1738 τοῦ
1238 1682 1531 1753 ἀνθρώπου
1561 1684 1779 1738 δίδωσιν

184 1772 343 1846 ὑμῖν.
372 1792 393 1827 ι
435 1772 598 1845 Αὐτῷ
626 1774 659 1843 ἡ
689 1772 844 1841 δόξα,
874 1774 1057 1828 καὶτὸ
1076 1773 1284 1845 κράτος
1310 1777 1391 1839 είς
1417 1775 1544 1838 τοὺς
1572 1775 1780 1839 αἰῶνας

183 1865 302 1922 τῶν
331 1864 567 1922 αἰώνων.
605 1866 803 1938 Ἀμήν.

1865 583 2150 648 secedere.
2199 597 2371 654 seque
2424 582 2586 653 fugit.
2619 582 2686 638 Ut
2713 581 2865 636 enim
2900 582 3092 637 fumus
3139 583 3263 638 dire
3304 585 3461 653 angit

1865 691 2001 745 apes
2043 684 2101 732 et
2133 675 2511 746 persequitur,
2550 674 2626 730 ita
2659 684 2715 731 et
2767 674 3105 729 casatiandte
3152 675 3296 745 gula
3340 684 3462 730 stu-

1866 769 2080 832 diosus,
2102 767 2340 839 gratiam
2364 782 2395 822 a
2420 780 2479 823 se
2511 766 2733 837 repellit
2755 764 3000 836 Spiritus
3025 766 3235 837 [033
3262 766 3464 821 sancti.

1867 858 2205 917 Prastiterit
2253 857 2426 929 igitur
2467 856 2743 928 ejusmodi
2784 857 3032 913 lautitias
3068 857 3456 912 condimento-

1870 967 1995 1008 rum
2038 950 2251 1006 ventris
2274 950 2591 1021 ingluviem
2616 948 2981 1019 prolicientes
3008 948 3465 1018 praeter-currere,

1868 1056 1925 1103 et
1977 1060 2248 1116 perquam
2285 1043 2439 1099 tenui
2478 1042 2686 1113 pabulo
2740 1042 3130 1097 necessitatem
3181 1039 3465 1095 declinare

1869 1138 2148 1208 corporis,
2236 1134 2537 1206 nequando
2623 1133 2899 1190 assimiles
2975 1131 3466 1202 deprchendamur

1871 1231 2047 1287 fuisse
2078 1230 2286 1301 populo
2331 1228 2415 1284 illi
2441 1227 2538 1298 qui
2582 1242 2687 1282 suo
2723 1225 2910 1281 ventri
2945 1232 3055 1279 tam
3089 1224 3254 1278 anxie
3287 1223 3469 1277 inser-

1870 1323 2021 1378 visse
2052 1321 2277 1392 legitur.
2308 1339 2326 1373 ι
2349 1320 2509 1376 Sedit
2536 1319 2710 1384 enim,
2738 1317 2837 1381 ait,
2862 1317 3106 1387 populus
3131 1314 3468 1370 manducare

1872 1423 1929 1470 et
1962 1413 2179 1479 bibere,
2214 1422 2270 1469 et
2308 1419 2679 1467 surrexerunt
2714 1408 2909 1465 ludere
2946 1408 2989 1463 ⁸.
3019 1426 3037 1460 ι
3069 1407 3212 1463 Dum
3230 1405 3381 1461 enim
3411 1413 3468 1461 et

1873 1505 2052 1561 edunt
2096 1513 2154 1559 et
2199 1504 2402 1559 bibunt
2436 1502 2878 1565 immoderatius,
2922 1500 2979 1555 in
3011 1499 3353 1554 oblivionem
3377 1496 3467 1551 di-

1874 1597 1988 1651 vini
2010 1610 2231 1653 'venere
2257 1596 2539 1662 mandati;
2575 1609 2679 1650 nec
2713 1595 2916 1658 solum,
2966 1592 3063 1647 sed
3111 1600 3168 1648 et
3198 1592 3254 1646 in
3300 1590 3469 1645 male-

1878 1689 2108 1744 suadam
2159 1704 2225 1744 ac
2270 1689 2653 1744 vesanientcm
2689 1688 3045 1758 impegerunt
3076 1684 3470 1740 idololatriam.

1882 1781 2058 1836 Recte
2111 1779 2740 1851 igitur‘successoribus
2774 1778 2970 1834 talium
3004 1777 3308 1847 Apostolus
3335 1775 3474 1830 scri-

1808 1863 1848 1916 B
1878 1869 1962 1924 bit
1999 1887 2011 1921 τ
2059 1890 2079 1921 «
2103 1870 2352 1937 Quorum
2384 1870 2531 1924 Deus
2564 1875 2765 1923 venter
2795 1875 2905 1933 est,
2943 1875 3001 1922 et
3039 1866 3213 1937 gloria
3244 1865 3300 1918 in
3330 1878 3472 1918 con-

182 1959 412 2019 fusione
444 1960 720 2033 ipsorum,
745 1960 843 2030 qui
868 1967 1090 2015 terrena
1124 1958 1354 2029 sapiunt
1396 1959 1440 2012 ’.
1470 1977 1491 2011 ι
1562 1959 1805 2015 lterum:
1855 1980 1874 2012 ι
1905 1962 2081 2027 Escae,
2130 1963 2345 2025 ventri;
2397 1970 2454 2018 et
2501 1969 2721 2025 venter,
2784 1961 2975 2017 escis:
3017 1959 3166 2015 Deus
3205 1967 3392 2013 autem
3418 1963 3477 2011 et

184 2058 296 2112 has
331 2064 389 2111 et
420 2054 571 2115 hunc
611 2054 867 2109 destruet
919 2054 985 2108 ιο.
1027 2073 1046 2106 ι
1093 2054 1309 2115 Rursus
1342 2070 1355 2106 :
1403 2072 1422 2106 ι
1456 2052 1512 2109 Si
1544 2063 1775 2124 propter
1813 2054 1999 2110 cibum
2034 2057 2428 2112 constristatur
2464 2054 2637 2111 frater
2686 2064 2836 2121 tuus,
2858 2071 2978 2111 non
3030 2055 3143 2124 jam
3172 2053 3475 2108 secundum

185 2152 523 2208 charitatem
552 2150 829 2215 ambulas,
873 2149 988 2205 noli
1032 2149 1162 2229 cibo
1203 2158 1301 2206 tuo
1368 2149 1526 2207 illum
1591 2150 1849 2219 perdere,
1888 2167 1993 2222 pro
2027 2167 2140 2221 quo
2165 2150 2424 2208 Christus
2458 2161 2719 2207 mortuus
2750 2160 2838 2206 est
2869 2150 2934 2203 ¹¹.
2966 2169 2985 2203 ι
3025 2150 3286 2205 luducit:
3324 2169 3345 2200 ι
3369 2147 3477 2215 Qui

188 2244 347 2299 enim
384 2244 522 2300 tales
546 2252 699 2309 sunt,
733 2243 972 2299 Domino
1006 2250 1202 2297 nostro
1236 2256 1351 2296 non
1385 2240 1657 2306 serviunt,
1690 2241 1790 2296 sed
1831 2257 1935 2297 suo
1965 2243 2170 2305 ventri,
2215 2252 2273 2297 et
2299 2258 2401 2313 per
2467 2243 2882 2313 Suaviloquium
2935 2253 2994 2296 et
3026 2239 3477 2296 benedictionem

192 2324 475 2397 seducunt
511 2339 684 2396 corda
747 2339 1109 2395 innocentum
1178 2337 1248 2393 “.
1281 2359 1300 2391 υ
1349 2332 1590 2394 Rursum
1623 2354 1635 2390 :
1677 2355 1695 2387 ι
1724 2335 2027 2395 Prudentia
2062 2336 2274 2402 carnis,
2316 2353 2507 2404 mors;
2540 2337 2840 2409 prudentia
2872 2350 3009 2391 vero
3078 2336 3333 2405 spiritus,
3364 2334 3480 2389 vita

194 2444 253 2491 ct
289 2451 396 2506 pax
429 2435 472 2469 ¹⁸
496 2452 510 2491 :
537 2433 748 2491 bonum
768 2432 921 2489 enim
942 2441 1031 2489 est
1054 2431 1231 2503 gratia
1257 2431 1510 2488 stabilire
1536 2446 1668 2494 cor,
1698 2444 1809 2485 non
1848 2431 1994 2487 escis
2023 2430 2088 2486 “.
2127 2450 2148 2483 ι
2195 2430 2403 2486 lterum
2438 2448 2451 2484 :
2492 2450 2509 2482 σ
2532 2431 2654 2487 Non
2692 2432 2844 2486 enim
2894 2439 2980 2485 est
3046 2445 3278 2501 regnum
3308 2430 3479 2485 catio-

206 2543 328 2583 rum
359 2542 485 2585 csca
519 2535 577 2581 et
612 2535 802 2597 potus,
836 2526 933 2583 sed
965 2526 1180 2596 iustitia
1209 2535 1268 2582 et
1297 2541 1403 2597 pax
1439 2535 1497 2581 et
1530 2526 1793 2597 gaudium
1837 2527 1895 2581 in
1932 2524 2145 2596 Spiritu
2196 2533 2392 2580 sancto
2462 2525 2527 2580 ¹⁸.
2576 2545 2597 2578 ι
2658 2524 2767 2580 Sed
2822 2540 2928 2580 nec
2972 2525 3198 2594 quidem
3251 2525 3483 2594 genialis

202 2618 334 2677 vitae
384 2619 644 2688 splendor
709 2629 808 2675 aut
852 2619 1180 2675 ille'cebrosa
1235 2619 1492 2688 voluptas
1574 2618 1697 2690 (ceu
1733 2620 1848 2690 jam
1887 2618 2098 2675 dictum
2125 2617 2267 2673 mihi
2297 2616 2405 2688 est)
2430 2632 2552 2688 quae
2574 2617 2632 2671 in
2667 2617 2815 2672 diem
2842 2616 3040 2672 mortis
3060 2617 3324 2686 pabulum
3352 2631 3485 2670 con-

201 2707 1339 2779 ditetthesauriaatvermibusﬁpsaenim
1364 2708 1795 2780 indulgentioris
1829 2710 1958 2765 vita:
2021 2709 2309 2774 illecebra,
2339 2708 2489 2764 aliud
2555 2708 2695 2764 nihil
2740 2716 2825 2762 est
2862 2723 3027 2777 quam
3065 2707 3380 2761 molliculus
3427 2716 3486 2762 et

200 2803 453 2873 epularis
487 2804 648 2860 cibus
676 2805 985 2875 reptilium,
1010 2805 1100 2860 vel
1132 2813 1271 2861 teste
1300 2805 1528 2870 Jacobo,
1553 2806 1648 2877 qui
1681 2805 2035 2876 opprobrans
2056 2805 2360 2868 scribebat,
2414 2819 2518 2860 suo
2576 2802 2759 2858 ventri
2789 2802 2953 2856 anxie
3008 2802 3175 2855 nimis
3238 2798 3488 2854 servien-

201 2893 356 2949 tibus
389 2910 405 2948 :
451 2913 469 2946 ι
495 2892 751 2950 Deliciati
783 2897 922 2953 estis
946 2912 1120 2966 super
1148 2905 1356 2952 terram
1388 2906 1445 2951 et
1472 2896 1793 2962 lascivistis,
1832 2903 1889 2953 et
1935 2897 2231 2951 enutristis
2268 2895 2439 2950 corda
2477 2904 2665 2950 vestra
2700 2904 2765 2948 ut
2798 2894 2856 2947 in
2914 2892 3005 2947 die
3038 2892 3334 2947 occisionis
3362 2890 3425 2943 η.
3462 2906 3481 2940 ι

198 2984 481 3045 Dominus
502 2989 741 3059 insuper
785 2990 1094 3047 incredulis
1134 2991 1340 3047 Iudaeis
1376 2992 1456 3047 ait
1488 3010 1502 3047 :
1570 3011 1591 3045 ι
1651 2995 1852 3056 Amen,
1892 3008 2055 3048 amen
2090 2992 2215 3047 dico
2242 2992 2446 3047 vobis:
2482 2990 2742 3057 Quaeritis
2791 3004 2900 3054 me,
2936 3003 3047 3042 non
3090 2988 3218 3058 quia
3269 2984 3491 3040 vidistis

198 3079 379 3150 signa,
418 3080 516 3136 sed
547 3082 679 3151 quia
718 3082 1042 3139 comedistis
1077 3098 1143 3138 ex
1174 3084 1434 3154 panibus,
1460 3092 1517 3139 et
1550 3085 1789 3140 ’saturati
1827 3085 1964 3140 estis
1997 3085 2060 3140 ".
2094 3104 2111 3137 ι
2150 3084 2326 3139 Infert
2357 3101 2372 3137 :
2411 3102 2428 3134 ι
2472 3082 2795 3153 Operamini
2828 3097 2941 3136 non
2975 3080 3162 3135 cibum
3191 3080 3286 3149 qui
3321 3078 3487 3148 perit,

202 3173 303 3229 sed
377 3164 474 3242 qui
549 3182 837 3242 permanet
900 3174 955 3229 in
1005 3174 1176 3230 vitam
1228 3186 1494 3232 aeternam
1573 3193 1740 3249 quem
1780 3177 1953 3233 Filius
2012 3164 2253 3233 hominis
2285 3175 2441 3232 dabit
2471 3175 2632 3231 vobis
2663 3175 2726 3230 ³⁸.
2765 3193 2783 3225 ι
2833 3174 2940 3244 lpsi
2979 3171 3154 3243 gloria
3185 3168 3242 3224 in
3289 3170 3489 3224 saecula

206 3267 558 3323 saeculorum.
596 3266 772 3323 Amen

838 3382 1061 3435 ΛΟΓΟΣ
1095 3383 1170 3437 Ε’.
1800 3381 1867 3440 ὦ

813 3496 953 3560 Περὶ
980 3494 1194 3565 μέθης.

283 3604 444 3674 Μέθη
484 3603 656 3658 πλείω
702 3606 801 3675 τῆς
850 3604 1167 3675 ἀδηφαγίας
1204 3604 1485 3677 βαρυτέρα
1536 3607 1797 3679 ὑπάρχει,
1828 3622 1851 3647 ο

210 3697 313 3752 καὶ
358 3697 503 3751 πάνυ
542 3698 926 3767 ἀπηγόρευται
959 3697 1115 3769 παρὰ
1156 3699 1229 3768 τῇ
1276 3697 1399 3768 θείᾳ
1438 3698 1653 3769 Γραφῇ.
1691 3698 1801 3751 Καὶ

210 3792 328 3862 γὰρ
369 3789 629 3861 ἀθέμιτόν
682 3791 801 3843 ἔστι
835 3789 1009 3860 ταύτῃ
1060 3790 1480 3860 ὲναὸρύνεσθαι,
1528 3790 1605 3854 ῶς
1654 3807 1801 3854 τινες

211 3883 615 3955 κοσμρφρονες,
656 3883 713 3935 ὲν
763 3881 840 3952 τῷ
885 3881 1162 3935 οἰνοῦσθαι
1208 3883 1431 3947 αὐτοὺς,
1468 3881 1799 3953 καυχῶνται.

227 3973 297 4029 Ἦ
335 3974 445 4046 γὰρ
484 3971 986 4041 οἰνοφλυγίαούδὲν
1025 3958 1214 4044 ἕτερον
1253 3974 1504 4043 παρέχει,
1542 3972 1575 4044 ἢ
1607 3973 1801 4026 ἔκστα-

218 4082 306 4119 σιν
339 4063 457 4126 νοὸς
491 4063 586 4117 καὶ
616 4062 830 4127 πενίαν,
860 4063 968 4116 Καὶ
991 4061 1053 4115 τὸ
1078 4063 1243 4131 σῶμα
1268 4062 1513 4129 ἐξίτηλον
1535 4064 1630 4116 καὶ
1669 4062 1804 4134 χαῦ-

217 4172 311 4207 νον
347 4152 750 4225 ἀπεργάζεται.
784 4153 964 4207 Καλὸν
994 4149 1089 4207 οὖν
1121 4154 1217 4207 καὶ
1247 4154 1545 4208 ἀποδεκτόν
1570 4156 1684 4208 ἐστι
1715 4154 1804 4209 διὰ

217 4249 321 4319 τὴν
352 4248 644 4303 ἀσθένειαν
673 4246 768 4301 τοῦ
806 4245 1060 4317 σώματος
1092 4246 1260 4317 ὀλίγῳ
1302 4247 1434 4319 οϊνῳ
1472 4247 1802 4318 κεχρῆσθαι.

225 4339 329 4392 ’ον
355 4338 557 4410 τρόπον
586 4337 750 4409 γάρὴ
783 4338 856 4408 γῆ
890 4353 953 4390 συ
962 4336 1193 4409 μμ’έτρῳ
1223 4338 1323 4409 μὲν
1352 4338 1545 4409 ὗμϐρῳ
1577 4340 1804 4411 ἀρδευο-

227 4431 392 4503 μένη,
426 4414 673 4503 καθαρὸν
708 4430 769 4483 τὸ
802 4432 880 4494 είς,
912 4431 1087 4500 ⁵αὐτὴν
1138 4429 1361 4500 σπέρμα
1392 4422 1807 4500 καταϐαλλόμε-

220 4541 314 4576 νον
363 4522 502 4594 μετὰ
551 4522 877 4594 προσθήκης
922 4523 1158 4592 ἀνίησιν,
1207 4521 1313 4575 ὑπὸ
1359 4522 1571 4577 πολλῶν
1608 4523 1665 4577 δὲ
1704 4523 1805 4594 δμε-

224 4615 374 4687 6ρων
427 4613 811 4686 μεθυσκομένη
853 4615 1099 4680 ἀκάνθας
1142 4615 1298 4685 φέρει
1353 4614 1448 4669 καὶ
1524 4615 1808 4687 τριϐόλους

2499 3377 2780 3434 HOMILIA
2824 3377 2887 3433 V.

2462 3488 2467 3495 ’
2507 3491 2587 3547 De
2615 3470 2885 3545 ebrietate.

1973 3580 2237 3663 Ebrietas
2279 3605 2458 3661 multo
2498 3614 2797 3675 exsuperat
2825 3612 3023 3674 suapte
3060 3603 3329 3675 gravitate
3364 3604 3490 3660 eda-

1901 3702 2149 3769 citatem,
2177 3709 2233 3755 et
2274 3699 2397 3769 ejus
2427 3712 2552 3761 usu,
2586 3697 2748 3752 nobis
2784 3711 3039 3766 Prorsum
3076 3695 3379 3765 Scriptura:
3406 3696 3496 3750 di-

1900 3790 2045 3857 vinae
2076 3790 2294 3844 sanctio
2323 3785 2628 3841 interdixit.
2655 3786 2767 3839 Nec
2795 3784 2944 3839 enim
2980 3785 3062 3838 fas
3091 3785 3350 3854 cuiquam
3379 3793 3503 3838 tur-

1902 3880 2158 3953 pitudine
2188 3880 2352 3934 istius
2378 3876 2605 3948 gloriari
2628 3875 2940 3936 ebrietatis,
2963 3890 3065 3930 ceu
3088 3874 3316 3945 quidam
3344 3888 3496 3929 asso-

1904 3972 2022 4028 lent
2049 3990 2062 4026 :
2096 3971 2191 4042 qui
2217 3970 2357 4026 nihil
2385 3979 2492 4023 tam
2531 3969 2804 4039 resipiunt
2829 3978 2994 4037 atque
3023 3967 3215 4021 mundi
3250 3968 3498 4037 pruden-

1906 4066 2073 4130 tiam,
2109 4079 2232 4119 sese
2285 4063 2389 4117 hoc
2445 4060 2668 4117 nomine
2718 4060 3075 4114 venditantes
3124 4059 3495 4126 insolentius,

1905 4157 2052 4229 quod
2085 4156 2319 4228 pulchre
2347 4165 2596 4209 ventrem
2630 4169 2783 4208 mero
2812 4153 3116 4208 onerarint.
3139 4153 3301 4207 Aliud
3334 4155 3507 4223 plane

1906 4248 2234 4307 temulentia
2285 4246 2423 4301 nihil
2463 4245 2599 4300 meri
2645 4244 2839 4299 bibulo
2870 4243 3108 4306 confert,
3141 4259 3306 4313 quam
3341 4258 3499 4299 emo-

1908 4342 2119 4398 tionem
2140 4341 2344 4396 mentis
2360 4348 2525 4410 atque
2549 4337 3245 4408 paupertatem.Exolescit
3265 4337 3507 4406 proinde

1906 4451 2007 4506 per
2031 4450 2152 4490 eam
2178 4448 2398 4503 corpus.
2422 4447 2487 4500 ac
2516 4430 2720 4485 friatile
2747 4430 3001 4485 redditur
3029 4438 3086 4485 et
3106 4446 3325 4485 enerve.
3356 4431 3503 4487 Sane

1908 4543 2075 4600 quam
2107 4527 2316 4581 bonum
2353 4524 2425 4579 sit
2472 4540 2577 4578 nec
2622 4522 3048 4594 improbandum
3085 4530 3321 4593 propter
3345 4522 3502 4576 inﬁr-

1909 4622 2160 4677 mitatem
2186 4620 2439 4691 corporis
2469 4617 2692 4672 modico
2722 4616 2805 4671 uti
2832 4615 2985 4670 vino.
3022 4613 3238 4686 1035
3260 4613 3333 4669 Ut
3352 4613 3505 4669 enim

227 4705 424 4777 μόνον·
453 4702 598 4758 οὕτω
636 4706 732 4759 καὶ
778 4707 812 4777 ὴ
864 4705 938 4775 γῆ
980 4706 1082 4774 τῆς
1133 4705 1383 4777 καρδίας,
1436 4707 1533 4759 ἐὰν
1590 4707 1793 4777 συμμέ‹

1914 4724 2062 4770 terra
2112 4712 2402 4767 moderato
2455 4708 2678 4781 perfusa
2735 4708 2951 4773 imbre,
3000 4723 3191 4763 semen
3248 4706 3399 4778 quod
3448 4707 3507 4765 in

222 4813 371 4866 τρως
415 4795 493 4867 τῷ
536 4794 666 4867 οἴνῳ
711 4795 998 4868 χρώμεθα,
1031 4795 1253 4869 καθαρὰ
1296 4796 1363 4851 τὰ
1399 4796 1604 4867 φυσικὰ
1628 4798 1809 4873 αὐτῆς

226 4887 521 4942 ἀναδίδωσι
576 4887 891 4959 σπέρματα.
932 4888 1060 4943 Ἐὰν
1096 4889 1158 4965 δὲ
1186 4888 1477 4961 διάϐροχος
1508 4889 1613 4944 ὑπὸ
1640 4890 1807 4945 πολυο

227 4980 427 5044 ποσίας
460 4980 989 5052 γένηταιι-ἁκάνθας
1026 4982 1193 5046 ὅντως
1222 4984 1377 5053 φέρει
1403 4984 1531 5049 τοὺς
1562 4984 1810 5048 ἅπαντας

226 5070 403 5141 αὐτῆς
428 5072 749 5143 λογισμούς.
776 5073 849 5125 Οὐ
886 5074 1049 5144 μόνον
1074 5074 1128 5127 δὲ
1160 5073 1340 5135 τοῦτο,
1374 5074 1510 5129 ἀλλὰ
1541 5078 1633 5130 καὶ
1666 5078 1812 5129 ποιεῖ

226 5161 323 5213 τὸν
379 5160 647 5231 μεθύοντα
690 5163 859 5245 ίπαρὰ
909 5164 1007 5231 μὲν
1062 5163 1171 5235 τῶν
1214 5165 1467 5235 ἀφρόνων
1506 5166 1809 5236 γελᾶσθαιο

230 5251 387 5321 παρὰ
411 5252 469 5305 δὲ
498 5253 607 5305 τῶν
634 5254 920 5324 φρονίμων
950 5252 1289 5309 πενθεῖσθαι.
1319 5257 1447 5311 Νῶε
1483 5258 1614 5330 γὰρ,
1646 5260 1814 5330 φησιν

232 5344 273 5415 ἡ
304 5343 424 5399 θεία
455 5345 669 5418 Γραφὴ,
700 5345 842 5418 ἀνὴρ
877 5347 1107 5415 δίκαιος,
1138 5348 1294 5403 ἔπιεν
1335 5345 1501 5416 οἶνον,
1552 5355 1647 5405 καὶ
1684 5352 1819 5423 ὲμε-

308 5503 544 5579 '_Exod.
588 5519 756 5579 χχιιι,
806 5505 878 5579 6.-
923 5476 1289 5579 _5_Philipp.
1345 5525 1426 5577 nt,
1484 5509 1573 5565 l9.

240 5570 285 5601 “
323 5574 485 5632 Rom.
526 5590 641 5640 vm,
678 5570 748 5631 6.
843 5577 888 5609 ιδ
923 5574 1091 5635 Hebr.
1132 5570 1252 5647 nit;
1307 5579 1375 5638 9.’

1630 5570 1637 5577 ,
1690 5509 1787 5565 ¹⁰Ι
1832 5504 1962 5566 COr.
1996 5527 2072 5577 vt,
2129 5510 2216 5566 l3.

1459 5581 1502 5614 ³⁵
1546 5581 1710 5638 Dom.
1758 5597 1869 5648 le,
1925 5582 2014 5635 l7.

1911 4807 2129 4863 viscera
2181 4820 2280 4859 sua
2327 4802 2604 4874 deiectum
2639 4815 2838 4871 purum
2870 4797 3121 4867 excepit,
3154 4798 3331 4853 multo
3377 4812 3510 4852 cum

1912 4895 2105 4950 tenore
2137 4893 2379 4950 emicare
2425 4891 2572 4961 cogit
2615 4896 2674 4945 et
2720 4903 3036 4959 emergere;
3086 4903 3118 4942 e
3165 4887 3409 4955 diverso,
3457 4886 3507 4946 si

1914 4986 2227 5042 immodica:
2270 4983 2472 5055 pluviae
2513 4982 2792 5041 madescat
2840 4981 3038 5050 illapsu
3074 4990 3132 5036 et
3166 4979 3506 5044 inebrietur,

1914 5078 2105 5149 Spinas
2137 5076 2345 5148 profert
2377 5075 2554 5129 solum
2590 5083 2646 5128 et
2672 5074 2927 5137 tribulos,
2958 5073 3032 5126 ita
3061 5080 3117 5127 et
3144 5080 3290 5125 terra
3321 5069 3511 5126 cordis

1915 5170 2117 5233 nostri,
2152 5167 2430 5238 siquidem
2473 5181 2598 5220 cum
2644 5164 2912 5235 temperie
2946 5164 3079 5218 vino
3112 5173 3353 5224 utemur,
3386 5175 3515 5230 quae

1913 5270 2111 5332 suopte
2147 5261 2311 5331 genio
2340 5259 2553 5314 semina
2582 5274 2720 5329 pura
2749 5257 2993 5329 accepit,
3011 5255 3195 5323 reddit
3216 5253 3513 5325 multiplici

1916 5370 2042 5411 cum
2102 5334 2453 5419 accessione;
2518 5351 2562 5407 si
2632 5359 2743 5405 tota
2811 5348 2927 5403 vini
2990 5348 3225 5403 humore
3288 5361 3514 5418 perma~

2972 5507 3014 5538 ¹¹
3054 5506 3214 5562 Rom.
3249 5521 3359 5564 xvr.
3421 5502 3509 5557 18.

3167 5576 3212 5609 ⁸⁸
3254 5574 3393 5632 ibid.
3416 5574 3509 5636 27.

2328 5511 2370 5543 ¹¹
2403 5508 2566 5568 Rom.
2607 5524 2717 5573 xlv,
2771 5507 2860 5562 l5.

2119 5583 2288 5643 “lac.
2343 5599 2400 5649 ν,
2444 5580 2499 5639 5.
2584 5581 2623 5614 "
2662 5579 2820 5636 ὅου).
2859 5594 2935 5645 v1,
2975 5577 3065 5633 26.

1544 5739 1782 5799 VARIE
1823 5740 2228 5798 LECTIOAES.

312 5831 332 5861 r
365 5808 534 5890 μένου
542 5824 660 5864 σαν.
