4016 6434
605 359 735 426 1447

1873 341 2241 420 ANTIOCHI
2283 357 2633 419 MONACHI

3718 355 3816 424 1448

601 474 814 538 duerit,
849 487 1019 542 seque
1053 487 1206 528 mero
1235 473 1546 543 copiosiore
1573 473 1866 543 proluerit,
1896 470 2183 543 jam,-velis

2301 469 2498 542 θύσθη,
2524 470 2617 524 καὶ
2639 471 2820 525 ἔκειτο
2846 468 3074 540 γυμνὸς,
3105 469 3196 525 καὶ
3225 468 3324 539 οὐχ
3344 469 3423 522 ὅτι
3454 468 3690 539 πάροινος
3725 463 3817 542 ἦν6

601 563 769 628 nolis,
803 564 991 633 Spinas
1011 571 1068 616 et
1089 562 1240 617 aliud
1271 561 1411 616 nihil
1438 571 1646 629 exeret,
1679 577 1878 633 nempe
1908 561 2190 632 improbas

601 655 990 726 cogitationes.
1018 655 1209 725 Neque
1234 655 1288 709 id
1316 657 1502 722 modo,
1533 656 1627 711 sed
1649 665 1704 711 et
1727 656 2008 711 ebriaeum
2035 656 2190 709 illum

599 745 769 801 eilicit
813 747 898 801 sui
934 747 1234 812 similibus,
1269 747 1374 802 hoc
1430 755 1514 803 est
1549 748 1754 810 stultis.
1797 747 2187 811 deridiculum,

602 840 975 907 prudentibus
1015 848 1226 902 autem,
1259 855 1356 908 per
1393 839 1935 894 commiserationem
1977 839 2190 897 luctum

600 938 914 1000 extorquet.
940 931 1054 987 Noe
1086 933 1256 998 enim,
1285 933 1362 987 ait
1410 932 1599 987 divina
1643 930 1954 1000 Scriptura,
1983 931 2068 984 vir
2096 931 2157 999 ju

599 1034 721 1079 stus
753 1026 971 1079 biberat
1002 1025 1212 1088 vinum,
1246 1041 1417 1094 seque
1449 1039 1516 1078 eo
1549 1025 1835 1094 proluerat
1869 1022 2186 1086 immodice,

599 1127 655 1171 et
694 1119 917 1188 jacebat
960 1118 1143 1172 nudus
1192 1111 1316 1188 (nec
1351 1126 1535 1173 tamen
1577 1132 1645 1172 eo
1688 1117 1957 1171 scribitur
1982 1117 2186 1186 justus,

597 1210 747 1278 quod
785 1208 915 1262 vino
958 1207 1365 1271 immaduisset,
1399 1208 1495 1262 sed
1539 1217 1772 1262 eatenus
1813 1223 2013 1276 expers
2054 1223 2189 1263 usus

599 1300 760 1370 vini),
789 1308 846 1354 et
872 1300 942 1353 ab
968 1300 1322 1370 imprudente
1357 1302 1453 1354 illo
1475 1299 1668 1363 Cham,
1699 1300 1926 1354 habitus
1947 1299 2188 1355 ludibrio

599 1401 704 1456 est,
736 1408 763 1444 a
797 1393 1168 1462 prudentibus
1199 1403 1383 1448 autem
1419 1394 1547 1448 ﬁliis
1582 1403 1724 1448 tecta
1759 1403 1846 1448 est
1884 1393 2187 1463 ignominia

600 1485 870 1539 nuditatis
921 1487 984 1538 ¹⁹.
1038 1486 1286 1540 Vitemus
1334 1486 1503 1556 igitur
1559 1485 1830 1557 (fratres)
1897 1485 2188 1541 ebrietatis

597 1577 926 1643 dte-monent,
958 1586 1018 1631 ut
1051 1593 1119 1632 ne
1148 1577 1369 1632 demum
1401 1577 1481 1633 illi
1517 1593 1618 1631 nos
1645 1577 2010 1631 exhibeamus
2038 1576 2188 1631 deri-

597 1669 835 1731 diculos,
867 1671 1119 1740 quinimo
1153 1686 1254 1724 nos
1299 1672 1450 1740 ipsos
1501 1670 1929 1740 praemuniamus
1972 1669 2186 1724 sobrie-

601 1770 732 1828 tate,
767 1779 889 1833 quzc
917 1763 1066 1817 hunc
1100 1774 1351 1818 nostrum
1383 1762 2035 1818 hominem'ineolumem
2071 1755 2189 1816 ser-4

594 1864 688 1909 vet
729 1871 853 1910 eum
890 1856 1156 1924 primaria
1202 1857 1322 1926 ejus
1365 1857 1645 1926 portione,
1678 1856 1941 1910 videlicet
1973 1863 2179 1921 mente,

595 1948 740 2003 sicut
755 1959 811 2003 et
828 1949 1219 2003 Paroemiastes
1241 1965 1342 2003 suo
1363 1949 1676 2019 praescribit
1692 1947 1953 2002 mandato
1976 1966 1988 2001 :
2013 1966 2031 1998 ι
2059 1947 2183 2001 Noli

594 2056 716 2096 esse
734 2050 952 2110 potator
969 2042 1112 2106 vini;
1132 2041 1313 2096 omnis
1332 2042 1477 2096 enim
1499 2041 1709 2104 ebrius,
1730 2057 1942 2111 pauper
1962 2049 2047 2095 est
2067 2041 2133 2093 ²⁰.
2157 2059 2176 2092 ι

593 2133 800 2189 lterum
829 2152 841 2187 :
875 2153 894 2186 ι
923 2133 1026 2190 Cui
1055 2151 1156 2199 vae,
1190 2143 1246 2190 et
1271 2136 1361 2190 cui
1390 2134 1690 2188 tumultus?
1709 2134 1800 2188 cui
1823 2133 2070 2205 judicia?
2093 2134 2183 2188 cui

593 2225 899 2282 insuavitas
944 2237 1000 2282 et
1048 2227 1244 2298 nugae?
1295 2227 1385 2282 cui
1442 2225 1808 2282 contritiones
1858 2224 2184 2296 superﬂua?

591 2320 753 2390 cujus
786 2319 942 2373 lividi
978 2320 1159 2374 oculi?
1187 2335 1372 2373 nonne
1405 2319 1474 2374 iis
1501 2319 1600 2389 qui
1645 2320 2014 2374 immorantur
2055 2318 2182 2373 diu-

593 2411 707 2464 tius
735 2412 1115 2466 exhauriendo
1158 2411 1324 2467 vino?
1351 2412 1602 2482 nunquid
1650 2428 1763 2467 non
1803 2412 1890 2466 his
1917 2411 2013 2482 qui
2063 2427 2188 2481 per-

592 2503 869 2572 vestigant
895 2503 989 2557 ubi
1023 2503 1164 2558 [lunt
1186 2503 1628 2574 eompotationes
1650 2503 1736 2557 “1?
1769 2523 1786 2555 ι
1819 2503 1959 2557 Tum
1985 2503 2141 2558 addit
2168 2521 2183 2558 :

599 2612 620 2644 ι
655 2593 776 2649 Noli
806 2595 1071 2649 inebriari
1098 2595 1246 2661 vino,
1278 2595 1374 2650 sed
1410 2611 1740 2650 conversare
1775 2610 1902 2650 cum
1940 2595 2185 2649 homini-

593 2684 882 2756 busjustis
908 2688 976 2740 ".
1013 2707 1030 2739 ι
1061 2686 1217 2742 Alius
1243 2688 1372 2742 item
1401 2705 1413 2741 :
1447 2707 1466 2739 ι
1495 2689 1574 2744 Ne
1595 2698 1716 2744 esto
1737 2688 1919 2742 virilis
1946 2687 2003 2741 in
2031 2687 2184 2752 vino,

594 2778 799 2831 multos
825 2777 976 2831 enim
1009 2779 1250 2848 perdidit
1279 2779 1469 2833 vinum
1494 2780 1561 2834 ’³.
1594 2799 1612 2831 ι
1641 2780 1845 2834 lterum
1871 2795 1886 2830 :
1919 2799 1937 2829 ‹
1964 2778 2067 2845 Qui
2091 2780 2184 2850 ju-

589 2865 811 2920 cundus
838 2878 924 2921 est
952 2867 1005 2920 in
1037 2867 1151 2921 vini
1182 2869 1591 2938 congressibus,
1627 2860 1684 2923 in
1714 2868 1830 2924 suis
1856 2869 2185 2923 munitioni-

594 2957 700 3012 bus
743 2957 1096 3026 derelinquet
1137 2957 1498 3028 ignominiam
1527 2959 1593 3014 ⁸⁵.
1638 2979 1657 3011 ι
1693 2959 1934 3014 Rursum
1963 2977 1976 3013 :
2011 2979 2029 3010 ι
2060 2959 2186 3014 Noli

594 3065 717 3105 esse
752 3059 972 3118 potator
996 3050 1133 3113 vini,
1167 3066 1277 3105 non
1307 3051 1456 3106 enim
1506 3051 1801 3106 conferunt
1845 3053 2014 3106 stulto
2045 3051 2186 3106 deli-

2291 561 2526 629 δίκαιος,
2561 563 2676 617 ἀλλ’
2718 564 2944 634 ἄπειρος
2993 562 3095 632 τῆς
3130 563 3224 615 τοῦ
3259 563 3400 615 οῐνου
3452 562 3702 632 χρήσεως,
3752 569 3819 618 καὶ

2292 653 2446 725 παρά
2494 653 2595 723 μὲν
2639 652 2734 707 τοῦ
2775 655 3010 723 ἄφρονος
3035 653 3166 722 Χάμ
3189 649 3482 721 ἐγελάσθη,
3509 650 3649 720 παρά
3673 650 3722 704 δὲ
3741 653 3819 704 τῶν

2293 740 2573 810 φρονίμων
2611 742 2743 795 υἱῶν
2795 739 3141 811 ἐσκεπάσθη.
3191 739 3461 811 Φύγωμεν
3489 735 3600 804 οὖν,
3625 741 3819 811 ἀδελφοὶ,

2290 833 2382 885 τὸν
2405 835 2710 905 τῆςμέθης
2739 835 2996 904 δαίμονα,
3034 835 3120 888 ἵνα
3147 833 3222 904 μὴ
3255 833 3733 904 καταγελασθῶμεν
3755 837 3819 891 ὑπ’

2291 925 2480 990 αὐτοῦ,
2511 926 2645 981 ἀλλὰ
2672 927 2875 997 μᾶλλον
2891 928 2958 999 τῇ
2981 926 3141 998 νήψει
3167 927 3392 990 ἑαυτοὺς
3424 925 3819 997 ἀσφαλισώμεθα,

2292 1017 2380 1069 ἵνα
2411 1019 2641 1089 γένηται
2669 1020 3169 1091 ἄρτιος-ἄνθρωπος
3198 1020 3298 1072 σὺν
3315 1018 3398 1089 τῷ
3426 1018 3750 1090 ἡγεμονικῷυ
3768 1020 3820 1084 ὡς

2290 1113 2384 1164 καὶ
2405 1113 2862 1186 ὁΠαροιμιαστὴς
2895 1114 3205 1170 ἐντέλλεται
3235 1114 3434 1186 λέγων·
3477 1133 3496 1166 ι
3523 1114 3614 1186 Μὴ
3651 1115 3742 1168 ῐσθι
3762 1117 3821 1168 ol-

2289 1205 2551 1275 νοπότης·
2579 1208 2689 1270 πᾶς
2719 1207 2828 1278 γὰρ
2857 1206 3090 1277 μέθυσος
3139 1206 3430 1276 πτωχεύει.
3459 1224 3480 1258 ι
3536 1206 3642 1260 Kal
3682 1208 3818 1273 πάλιν,

2296 1315 2315 1348 ι
2340 1297 2458 1349 Τίνι
2485 1297 2627 1363 οὐαὶ,
2656 1299 2751 1352 καὶ
2785 1299 2893 1352 τίνι
2921 1298 3152 1369 θόρυὸος
3177 1315 3191 1365 ;
3228 1299 3336 1351 τίνι
3377 1297 3613 1371 κρίσεις,
3637 1300 3720 1350 καὶ
3746 1300 3820 1352 τίνι

2290 1388 2454 1458 ἀηδία
2486 1391 2582 1443 καὶ
2611 1389 2803 1460 λέσχαι
2837 1407 2852 1457 ;
2889 1389 2995 1444 τίνι
3037 1388 3430 1460 συντρίμματα
3481 1389 3738 1461 διακενῆς;
3763 1391 3818 1443 τί·

2289 1499 2397 1536 νων
2445 1481 2683 1535 πελιδνοὶ
2709 1483 2759 1534 οί
2790 1480 3080 1552 ὸφθαλμοί;
3111 1482 3173 1534 οὐ
3217 1479 3328 1533 τῶν
3358 1478 3758 1550 ἐγχρονιζόντων
3781 1483 3818 1532 ἐν

2289 1575 2474 1642 οίνοιςς
2499 1577 2560 1628 οὐ
2579 1575 2690 1628 τῶν
2713 1590 3068 1627 κατασκόπου
3076 1571 3257 1642 μένων
3278 1570 3383 1625 ποῦ
3402 1572 3561 1624 πότοι
3578 1570 3814 1639 γίνονται;ι

2289 1670 2400 1724 Kal
2421 1669 2647 1737 ἐπάγει·
2677 1687 2696 1718 ε
2837 1666 3179 1738 μεθύσκεσθε
3205 1665 3356 1736 οἴνῳ,
3387 1665 3507 1719 ἀλλ’
3529 1665 3744 1734 ὁμιλεῖτε
3757 1669 3818 1718 ἀνα

2290 1759 2532 1829 θρώποις
2566 1758 2816 1820 δικαίοις.
2845 1776 2864 1809 ι
2899 1756 3011 1810 Kal
3065 1755 3225 1818 ἄλλος
3251 1755 3441 1826 φησίνο
3484 1773 3504 1806 ι
3537 1754 3624 1808 Ἑν
3645 1747 3752 1824 οίνῳ
3769 1756 3816 1825 μὴ

2219 1814 2263 1870 Β
2289 1814 2542 1922 ἀνδρίζου
2567 1867 2582 1883 ο
2619 1814 2850 1914 πολλοὺς
2869 1848 2978 1921 γὰρ
3000 1814 3284 1904 ἀπώλεσεν
3307 1814 3477 1911 οἶνος.
3503 1864 3522 1899 ι
3555 1847 3660 1900 Kal
3683 1814 3815 1899 πάλῖνί

2295 1961 2314 1996 ι
2341 1944 2441 2007 Ὃς
2471 1946 2621 1997 ἐστιν
2656 1943 2786 2014 ἡδὺς
2807 1944 2866 1996 ὲν
2895 1942 3054 1996 οῐνων
3083 1939 3416 2012 διατριϐαῖς,
3457 1941 3516 2000 ἐν
3549 1941 3655 2002 τοῖς
3678 1939 3815 1992 ἑαυτιῦ

2286 2036 2610 2108 ὀχυρώμασι
2643 2034 2969 2105 καταλείψει
3013 2034 3264 2104 ἀτιμίαν.
3293 2051 3313 2085 ι
3354 2033 3471 2087 Kal
3500 2033 3685 2087 πάλιν·
3724 2033 3813 2100 (Μὴ

2289 2130 2401 2184 ἴσθι
2449 2132 2765 2200 οἰνοπότης
2799 2128 2861 2182 ού
2905 2127 3015 2200 γὰρ
3072 2127 3357 2198 συμφέρει
3395 2125 3596 2198 ἄφρονι
3636 2127 3809 2197 τρυφή.»

2287 2221 2398 2274 Kal
2433 2220 2619 2274 πάλιν
2660 2239 2679 2273 ι
2717 2218 3044 2273 Ἀκόλαστον
3069 2219 3166 2271 καὶ
3191 2217 3535 2288 ὑϐριστικὸν,
3573 2217 3810 2287 μέθη-πᾶς

2287 2312 2344 2365 δὲ
2372 2313 2401 2364 ὁ
2434 2312 2766 2384 μιγνύμενος
2809 2311 3043 2376 τούτοις,
3081 2312 3188 2365 οὐκ
3234 2309 3393 2364 ἔσται
3438 2310 3621 2379 σοφός.
3649 2327 3667 2361 ›
3699 2309 3802 2362 Κιὶέ

2290 2403 2584 2473 προφήτης
2621 2401 2806 2473 Ὀσηέ,
2835 2401 2965 2472 περὶ
2994 2399 3094 2454 τοῦ·
3116 2399 3355 2454 παλαιοῦ
3381 2400 3539 2454 λαοῦ·
3571 2418 3588 2451 ι
3607 2395 3804 2452 Οἶνον

2291 2494 2548 2566 μέθυσμα
2586 2493 2809 2558 ἐδέξατο
2851 2492 3050 2564 καρδία
3091 2492 3222 2546 λαοῦ
3249 2510 3378 2563 μου.
3407 2513 3426 2545 ι
3457 2494 3568 2547 Kal
3591 2492 3620 2544 ὸ
3655 2492 3810 2552 Ἡσαΐας

2286 2587 2590 2651 ταλανίζων
2629 2587 2759 2650 τοὺς
2795 2587 2853 2639 ἐν
2877 2585 3006 2656 οἴνῳ
3037 2584 3418 2657 χρονίζοντας,
3449 2585 3660 2653 ἔλεγενι
3693 2583 3812 2635 «Dial

2288 2682 2337 2734 οῖ
2367 2683 2710 2752 ἐγειρόμενοι
2748 2679 2914 2752 πρωῒ,
2947 2681 3042 2734 καὶ
3067 2681 3117 2733 οἱ
3146 2681 3344 2752 σίκερα
3369 2679 3670 2746 διώκοντες,
3692 2679 3731 2730 οἱ
3754 2677 3812 2746 μὲ-

2288 2789 2470 2836 νοντες
2502 2772 2564 2826 τὸ
2606 2772 2725 2842 ὀψέ.
2764 2772 2824 2825 Ὀ
2867 2773 2978 2844 γὰρ
3025 2768 3168 2836 οἶνος
3213 2773 3419 2838 αὐτοὺς
3468 2771 3808 2841 συγκαύσειΜ

2287 2864 2398 2919 Kal
2429 2864 2614 2916 πάλιν·
2652 2884 2672 2915 ‹
2699 2863 3280 2936 Πεπλανημένοι-είσὶν
3309 2864 3427 2918 ἀπὸ
3453 2867 3554 2934 τῆς
3593 2863 3737 2934 μέθης
3753 2859 3812 2913 τοῦ

2287 2957 2456 3019 οἴνου,
2477 2975 2494 3007 ι
2537 2956 2614 3019 ὡς
2641 2957 2806 3020 αὐτὸς
2839 2957 2934 3010 καὶ
2978 2957 3134 3028 Ίωὴλ
3170 2956 3291 3028 βοᾷο
3320 2977 3338 3009 ι
3378 2957 3672 3028 Ἐκνήψατε
3689 2956 3730 3008 oi
3751 2971 3813 3024 με·

2289 3047 2508 3112 θύοντες
2541 3049 2600 3116 ἐξ
2647 3047 2794 3101 οἴνου
2848 3048 3052 3114 αὐτῶν,
3091 3048 3372 3104 κλαύσατε
3427 3050 3523 3104 καὶ
3571 3049 3814 3121 θρηνήσετε

595 3141 696 3195 cia:
726 3141 823 3192 ³⁵.»
855 3140 958 3194 Et:
989 3161 1006 3192 ι
1038 3141 1348 3197 Luxuriosa
1375 3158 1463 3197 res
1490 3152 1546 3197 et
1570 3144 1974 3199 contumeliosa
2004 3144 2183 3199 ebrie-

2289 3141 2491 3205 πάντες
2520 3143 2570 3194 οἱ
2607 3140 2856 3204 πίνοντες
2889 3136 3032 3194 οἶνον
3075 3144 3158 3206 εἰς
3207 3141 3404 3212 μέθην.
3430 3161 3449 3194 ι
3511 3141 3714 3195 κλαίειν
3752 3139 3812 3191 καὶ

597 3246 714 3298 tas;
746 3233 926 3287 omnis
974 3241 1161 3287 autem
1199 3234 1292 3302 qui
1329 3249 1386 3288 se
1438 3235 1713 3289 immiscet
1762 3235 1871 3300 his,
1925 3251 2038 3290 non
2082 3236 2190 3290 erit

593 3325 817 3395 sapiens
844 3327 910 3380 “.
949 3345 965 3376 ι
995 3325 1166 3380 Oseas
1194 3327 1486 3396 propheta,
1511 3327 1578 3382 de
1601 3338 1789 3382 vetere
1809 3328 1904 3383 illo
1932 3330 2138 3399 populo
2172 3346 2186 3383 :

599 3439 617 3468 ι
662 3419 863 3474 Vinum
891 3428 948 3473 et
975 3418 1308 3473 ebrietatem
1341 3420 1562 3490 excepit
1593 3436 1690 3475 cor
1714 3421 1904 3490 populi
1931 3422 2038 3476 mei
2063 3422 2130 3474 “.
2162 3439 2180 3471 ι

592 3511 761 3564 Isaias
779 3510 932 3573 item,
953 3511 1186 3564 miseros
1212 3527 1309 3566 eos
1336 3512 1624 3566 insinuans
1639 3513 1734 3582 qui
1751 3514 1963 3568 diutius
1990 3515 2188 3568 immo-

595 3611 789 3656 rantur
804 3602 955 3669 vino,
981 3602 1203 3658 dicebat
1229 3622 1242 3657 :
1276 3624 1294 3657 ι
1316 3605 1406 3660 Va:
1440 3606 1535 3675 qui
1557 3616 1898 3677 consurgunt
1928 3622 2108 3672 mane,
2132 3616 2190 3662 et

593 3694 828 3748 siceram
855 3703 1140 3749 sectantur
1175 3707 1463 3751 manentes
1487 3713 1662 3768 usque
1685 3699 1741 3753 in
1762 3714 1968 3765 serum,
1994 3698 2187 3753 vinum

592 3788 894 3841 succendet
926 3803 1024 3842 eos
1051 3789 1122 3858 ’⁸,
1153 3807 1170 3840 ι
1204 3789 1410 3844 lterum
1439 3790 1556 3845 Joel
1606 3792 1744 3846 nihil
1790 3792 1922 3846 huic
1967 3791 2186 3847 dissen-

595 3886 791 3934 taneus
821 3881 1066 3935 clamat:
1099 3899 1117 3931 ι
1160 3881 1430 3952 Evigilate
1471 3882 1614 3938 ebrii
1649 3900 1678 3938 a
1708 3884 1859 3950 vino,
1889 3883 2014 3940 ﬂete
2060 3900 2188 3940 vos-

596 3971 765 4040 ipsos,
796 3983 853 4026 et
882 3972 1065 4042 lugete
1121 3988 1316 4028 omnes
1343 3974 1441 4044 qui
1467 3975 1658 4030 bibitis
1691 3976 1878 4030 vinum
1908 3977 1977 4032 ad
2006 3977 2185 4032 ebrie-

597 4075 765 4119 tatem
789 4066 855 4118 ²⁹.
889 4085 906 4116 ι
944 4066 1101 4120 Flere
1126 4067 1274 4120 enim
1297 4076 1354 4122 et
1379 4067 1566 4138 lugere
1596 4070 1964 4124 constitutum
1988 4079 2074 4126 est
2096 4071 2185 4127 his

595 4158 692 4226 qui
739 4157 979 4212 artiﬁces
1008 4167 1140 4212 sunt
1171 4168 1228 4214 et
1257 4159 1500 4228 operarii
1531 4160 1873 4217 vinolentire.
1907 4163 2004 4218 Est
2031 4163 2191 4219 enim

595 4249 842 4303 ebrietas
887 4249 1081 4302 vitium
1117 4248 1240 4304 istis
1285 4251 1566 4320 peculiare
1607 4253 1701 4322 qui
1744 4254 1980 4324 pessime
2011 4255 2183 4310 vitam

596 4337 740 4393 hanc
781 4340 1185 4404 transmittunt,
1237 4350 1295 4396 et
1335 4358 1367 4395 a
1409 4343 1742 4398 rectitudine
1788 4345 1842 4400 in
1895 4346 2183 4417 pudendos

593 4447 817 4487 errores
850 4433 1211 4498 deﬂexerunt,
1263 4435 1351 4488 vel
1402 4443 1541 4491 teste
1586 4437 1712 4503 Job,
1765 4439 1863 4508 qui
1912 4442 2178 4510 quosdam

2294 3234 2516 3305 θρηνεῖν
2559 3233 2962 3304 προστέτακται
3010 3236 3126 3296 τοῖς
3189 3233 3290 3304 τῆς
3332 3233 3677 3303 οἰνοφλυγίας
3724 3232 3811 3299 ἐρι-

2275 3331 2468 3396 ,,σταῖς.
2519 3329 2630 3380 Kal
2673 3326 2782 3395 γὰρ
2827 3325 3045 3397 ἀληθῶς
3080 3326 3187 3379 τῶν
3219 3326 3525 3396 αἰσχίστων
3577 3323 3812 3395 ἀνθρώπων

2291 3420 2438 3474 ἐστὶν
2477 3421 2510 3490 ἡ
2542 3417 2723 3490 ιμέθη,
2770 3419 2864 3472 καὶ
2919 3418 3389 3490 πεπλανημένων,
3427 3419 3502 3483 ὡς
3527 3422 3554 3472 ό
3596 3417 3700 3472 Ἰὼϐ
3743 3415 3810 3468 ὑπᾶ

2290 3530 2456 3566 τινων
2491 3511 2882 3581 κατεχόμενος,
2935 3509 3103 3580 φησι·
3149 3529 3167 3562 ι
3195 3510 3611 3582 Πλανηθείησαν
3650 3511 3712 3570 ὡς
3749 3522 3809 3576 με·

2237 3593 2256 3606 ⁸
2291 3605 2456 3661 θύων.
2491 3625 2510 3658 ι
2551 3605 2614 3658 Οἱ
2645 3605 2702 3658 δὲ
2744 3603 2962 3674 σεμνῶς
2990 3603 3312 3675 βουλόμενοι
3349 3603 3722 3665 πολιτεύεσθαι,
3750 3599 3809 3651 καὶ

2288 3701 2355 3770 τῇ
2390 3696 2578 3768 εὐθείᾳ
2626 3695 2733 3766 όδῷ
2785 3695 3045 3759 ἀπλανῶς
3104 3695 3410 3765 βαδίζουσι,
3457 3695 3718 3755 ἀκούοντες
3748 3689 3806 3743 τοῦ

2301 3789 2658 3853 Ἀποστόλου,
2707 3788 2962 3856 λέγοντος
2991 3803 3005 3817 ·
3051 3807 3070 3840 ι
3099 3787 3190 3858 Μὴ
3263 3786 3599 3858 μεθύσκεσθε
3634 3783 3738 3852 οϊνῳ
3771 3783 3805 3830 ἐν

2288 3876 2332 3952 ᾧ
2358 3884 2506 3937 ἐστιν
2543 3881 2771 3935 ἀσωτία.
2797 3901 2815 3933 ι
2867 3881 2981 3934 Kal
3037 3879 3203 3934 πάλιν
3226 3897 3240 3912 ο
3280 3897 3301 3930 ι
3323 3880 3565 3933 Μὲθυσοι
3595 3871 3803 3947 βασιλείαν

2287 3975 2426 4030 Θεοῦ
2482 3975 2544 4028 οὐ
2593 3973 3122 4045 κληρονομήσουσιν.
3153 3989 3170 4024 ι
3221 3970 3335 4023 Kal
3383 3969 3464 4035 τὸ,
3507 3989 3524 4020 ι
3561 3969 3621 4022 Ἠ
3652 3979 3802 4019 σπατα-

2285 4067 2438 4121 λῶσα
2482 4067 2649 4137 χήρα,
2676 4062 2828 4129 ζῶσα
2872 4064 3158 4134 τέθνηκεν.
3186 4081 3206 4114 ι
3263 4062 3379 4115 Kal
3436 4060 3658 4129 ἐπάγει·
3712 4051 3801 4106 «Διά

2285 4162 2448 4217 τοῦτο
2477 4162 2552 4233 μὴ
2569 4159 2788 4229 γίνεσθε
2817 4158 3077 4230 ἄφρονες,
3108 4155 3243 4210 ἀλλὰ
3271 4155 3482 4210 συνίετε
3508 4154 3557 4207 τί
3574 4151 3628 4206 τὸ
3651 4149 3799 4217 θέλημα

2285 4254 2378 4308 τοῦ
2400 4253 2558 4309 Θεοῦ.
2589 4272 2608 4304 ι
2641 4252 2828 4307 Πάντα
2857 4251 2968 4322 γὰρ
2995 4237 3063 4303 τά
3089 4249 3295 4320 αἰσχρά
3322 4249 3468 4319 πάθη
3496 4250 3556 4302 ἐκ
3575 4248 3662 4316 τῆς
3680 4240 3797 4312 μέθης

2285 4347 2644 4416 ἀναφύονται·
2705 4349 2779 4408 ὡς
2807 4337 2902 4398 καὶ
2937 4342 3105 4397 Δαὸίδ
3135 4358 3304 4410 φησιν
3325 4357 3340 4369 '
3376 4361 3394 4392 ι
3414 4341 3528 4405 Νὺξ
3568 4329 3793 4408 φωτισμῢςι

2286 4443 2345 4495 ἐν
2373 4443 2442 4512 τῇ
2475 4441 2657 4511 τρυφῇ
2699 4455 2824 4511 μου,
2846 4455 2866 4490 ι
2902 4435 3192 4489 τουτέστι·
3236 4433 3354 4501 Νὺξ
3385 4429 3452 4504 ἦν
3481 4431 3600 4503 περὶ
3635 4426 3713 4497 ἐμὲ
3735 4421 3791 4473 τὸν

593 4526 904 4595 percellens
936 4526 1163 4590 acriter,
1209 4526 1344 4581 dicit
1378 4545 1390 4581 :
1435 4547 1452 4578 ι
1488 4529 1689 4585 Errent
1718 4531 1862 4586 sicut
1889 4534 2032 4588 ebrii
2055 4517 2127 4592 ‘°.
2153 4555 2171 4589 ι

2285 4533 2537 4599 δείλαιον,
2572 4533 2670 4586 καὶ
2699 4530 2949 4601 ¹ίιιγνόουν,
2987 4531 3089 4602 τὴν
3119 4530 3334 4602 τρυφὴν
3362 4528 3530 4582 νύκτα
3561 4519 3788 4592 ὀνομάζωνο

594 4617 808 4682 Quibus
831 4628 1013 4670 autem
1043 4617 1196 4670 cordi
1222 4625 1306 4672 est
1330 4618 1530 4687 pudice
1552 4635 1615 4675 ac
1639 4621 1810 4690 probe
1834 4626 2176 4692 conversari,

594 4707 664 4761 ab
684 4707 976 4772 ebrietate,
1004 4709 1153 4762 omni
1181 4707 1362 4762 studio
1384 4709 1488 4763 sibi
1519 4718 1829 4780 temperant
1848 4722 2013 4783 atque
2039 4715 2181 4770 inof-

595 4802 748 4857 fense
788 4818 886 4872 per
938 4803 1082 4856 viam
1133 4812 1372 4873 pergunt
1422 4803 1803 4871 rectitudinis,
1855 4821 1956 4876 per
1991 4811 2178 4865 omnia

592 4895 851 4965 morigeri
906 4895 1222 4965 apostolicae
1277 4895 1488 4965 1035
1541 4899 1830 4952 sententiae
1873 4917 1944 4952 ενι
1996 4901 2178 4958 Nolite

594 4987 856 5040 inebriari
891 4987 1020 5040 vino
1072 4987 1126 5040 in
1179 5003 1289 5056 quo
1335 4996 1421 5040 est
1469 4988 1687 5043 luxuria
1719 4990 1784 5043 ³¹.
1837 5010 1854 5042 ι
1905 4991 2111 5048 lterum
2159 5013 2173 5048 :

601 5098 618 5129 ι
646 5073 798 5133 Ebrii
823 5095 1051 5150 regnum
1075 5079 1171 5132 Dei
1199 5095 1307 5133 non
1330 5078 1735 5136 hatreditabunt
1760 5084 1823 5137 ".
1859 5103 1876 5135 ι
1903 5083 1971 5139 Et
1995 5085 2130 5141 illud
2161 5107 2175 5142 :

2283 4626 2394 4680 Kal
2420 4625 2531 4695 γὰρ
2563 4623 2733 4694 ἀχλὺς
2777 4623 2876 4676 καὶ
2925 4622 3114 4685 σκότος
3138 4624 3253 4686 τοῖς
3299 4619 3571 4692 μεθύουσι,
3600 4611 3713 4668 κατὰ
3731 4606 3788 4695 τὸν

2294 4694 2641 4770 Ἀπόστολον.
2675 4714 2786 4784 Τὴν
2819 4714 2928 4786 γὰρ
2957 4714 3086 4785 περὶ
3114 4712 3223 4765 τῶν
3270 4711 3577 4781 θυγατέρων
3601 4694 3788 4793 τοῦ-Λὼτ

2284 4809 2528 4880 ἱστορίαν
2557 4805 2698 4860 ἐκὼν
2725 4806 2826 4858 ὑπε
2837 4805 3134 4875 ρόήσομαι.
3152 4801 3212 4856 Ὀ
3233 4801 3436 4873 Κύριος
3453 4788 3784 4882 ἐπιόεόαιὼν

2283 4901 2648 4972 προκείμενα,
2699 4898 2867 4951 πᾶσιν
2899 4896 3208 4949 ἐντέλλεται
3247 4894 3440 4964 λέγων·
3477 4885 3712 4972 (Βλέπετε
3736 4886 3781 4942 μη

2287 4968 2630 5066 βαρυνθῶσιν
2659 4992 2716 5044 αἱ
2741 4989 2961 5062 καρδίαι
2984 4990 3013 5040 ὑ
3023 4987 3139 5059 μῶν
3163 4990 3222 5041 ἐν
3249 4982 3522 5059 κραιπάλῃ
3537 4979 3620 5033 καὶ
3643 4968 3776 5044 μέθῃδ

2284 5087 2444 5158 Αὐτῷ
2473 5088 2506 5158 ἡ
2539 5085 2666 5152 δόξα
2694 5087 2774 5148 εἰς
2797 5084 2922 5146 τοὺς
2947 5082 3148 5144 αἰῶνας
3169 5079 3278 5133 τῶν
3306 5075 3526 5132 αἰώνων.
3569 5065 3720 5158 ’Ᾱμήγο

599 5189 618 5220 ι
670 5171 850 5225 Vidua
893 5148 1026 5241 qua:
1088 5171 1142 5224 in
1206 5171 1421 5226 deliciis
1479 5173 1648 5240 vivit,
1711 5175 1903 5231 vivens
1969 5190 2190 5238 mortua
2247 5193 2332 5240 est
2352 5148 2427 5236 ⁸³..
2471 5148 2506 5233 δ’
2551 5148 2829 5234 lnducit:
2883 5196 2901 5228 ι
2935 5176 3236 5246 Propterea
3301 5171 3466 5228 “Ome
3531 5161 3633 5219 ﬁeri

594 5265 829 5334 pientes,
861 5263 957 5319 sed
990 5265 1360 5335 intelligentes
1393 5282 1514 5335 qua:
1545 5267 1615 5320 sit
1643 5269 1902 5325 voluntas
1929 5271 2024 5327 Dei
2056 5273 2122 5328 “.
2157 5295 2174 5326 ι
2211 5276 2495 5347 Quotquot
2562 5273 2711 5327 enim
2745 5272 3001 5327 obscenae
3047 5243 3195 5323 isunt
3223 5275 3280 5321 et
3323 5257 3663 5336 ignominiosa:
3685 5243 3769 5301 εσθ-

665 5423 706 5500 :9
739 5421 875 5476 Gen.
916 5439 989 5488 ιιι,
1022 5424 1267 5500 ᾍῖ-Ξῦεμ
1297 5426 1355 5500 3°
1393 5424 1557 5479 Prov.
1596 5427 1831 5500 xxr,_l7.
1883 5431 1960 5500 7""
1987 5429 2148 5483 Prov.

2285 5448 2336 5498 ιι,
2367 5431 2559 5494 29,50.
2632 5432 2677 5464 ²²
2707 5430 2911 5500 Ephes.
2963 5448 3016 5496 v,

1223 5496 1268 5527 ³⁵
1297 5496 1458 5549 Prov.
1497 5512 1649 5566 xxiii,
1681 5496 1802 5566 2οη
1850 5499 1895 5530 ³⁸
1942 5499 2106 5553 Prov.
2143 5501 2232 5566 20,
2267 5504 2316 5556 l.

594 5493 636 5521 "
661 5493 826 5547 Prov.
892 5510 985 5551 xu.
1025 5495 1110 5548 Η.

3279 5431 3323 5461 ’³
3366 5424 3531 5494 Εςοιί.
3559 5427 3693 5494 gxxfr

3496 5492 3534 5523 η
3562 5482 3657 5542 Jac}
3685 5491 3711 5538 ι,
3734 5488 3766 5520 οο

3077 5431 3166 5485 18.

2397 5504 2439 5533 ’⁷
2467 5501 2608 5558 Osee
2661 5519 2735 5568 ιν,
2772 5502 2854 5554 ll.
2979 5503 3024 5534 ³⁸
3055 5502 3157 5555 lsa.
3215 5519 3269 5568 ν,
3315 5500 3396 5553 Η.

593 5563 637 5594 ³
662 5563 767 5619 Job
803 5579 895 5630 xu,
929 5567 1018 5618 νδ.
1097 5565 1137 5597 ³¹
1171 5565 1372 5636 Ephes.
1408 5584 1463 5632 ν,
1499 5565 1584 5620 18.
1663 5569 1708 5599 ³²
1786 5565 1947 5624 ICOP-
1974 5570 2158 5633 V1.10-

2310 5574 2329 5628 Ι
2362 5573 2503 5627 Tim.
2531 5589 2584 5639 ν,
2620 5572 2672 5629 6.
2722 5563 2792 5607 ’³⁵
2823 5572 3026 5644 Ephes.
3057 5574 3208 5638 v,l7.
3253 5563 3260 5586 ⁵

1890 5721 2129 5779 VARIAC
2173 5724 2584 5785 LECTIONES.

665 5825 687 5853 ⁸
716 5820 1030 5889 συγκαύσει,
1055 5826 1366 5891 succcndet;
1399 5823 1686 5894 συγκάψει,
1707 5820 1882 5877 Aldus
1911 5821 2096 5879 habet.
