4016 6468
469 351 602 422 ubi

1734 354 2100 416 ANTIOCHI
2136 348 2482 417 MONACHI

3613 350 3743 417 lii!

462 470 586 538 guis
621 482 850 537 regnum
897 465 995 522 Dei
1042 480 1152 521 non
1197 458 1427 534 possunt
1453 465 1736 536 possidere
1765 466 1828 517 “.
1864 484 1881 514 ι
1911 464 2046 517 Caro

2154 465 2262 518 τῶν
2303 466 2608 531 ἐπιθυμιῶν
2641 482 2732 518 σου
2788 466 2861 536 μὴ
2910 464 3162 533 πορεύου,
3208 466 3299 519 καὶ
3332 467 3459 519 ἀπο
3487 468 3603 519 τῶν
3626 471 3742 540 ὀρί-

462 559 736 630 cjusniodi
768 559 1030 632 pabulum
1060 559 1370 615 daemonum
1397 569 1482 614 est
1510 578 1523 613 :
1561 579 1578 609 ι
1617 558 1753 612 Dum
1782 557 1931 612 enim
1954 570 2052 624 ap-

464 653 719 723 propiant
753 651 1054 723 adversum
1102 667 1189 707 me
1234 660 1517 714 nocentes,
1553 658 1614 704 ut
1650 649 1820 704 edant
1852 663 2050 703 carnes

464 746 724 802 meas“.
774 764 793 797 ι
840 745 1031 816 Itaque
1075 745 1328 817 quisquis
1360 751 1599 803 macerat
1632 758 1847 808 carnes,
1880 750 1936 796 et
1979 741 2048 796 ad

467 840 647 893 tabem
674 837 874 891 nititur
891 837 1098 892 virtute
1118 836 1469 890 abstinentiae
1498 835 1827 906 perducere,
1854 833 2048 902 utique

463 933 742 985 (lietnnnes
765 928 909 983 fame
934 935 1151 993 enecat,
1173 936 1231 981 et
1250 927 1317 981 ad
1349 926 1694 995 procinctum
1718 922 2046 980 conferendi

463 1024 757 1077 uzlversum
805 1035 865 1074 se
911 1018 1093 1073 reddit
1139 1019 1312 1073 multo
1347 1017 1764 1072 imbecilliores.
1808 1016 2045 1071 Necesse

465 1116 634 1185 igitur
675 1115 823 1185 juxta
875 1111 1249 1182 praescriptam
1292 1109 1658 1173 sententiam,
1696 1124 1805 1162 non
1845 1118 1907 1163 ut
1950 1124 2048 1177 per

465 1223 636 1264 unum
705 1220 966 1261 sensuum
1025 1204 1308 1259 abstinens
1340 1202 1440 1267 sis,
1490 1201 1586 1256 sed
1641 1217 1738 1270 per
1790 1215 1983 1253 omnes
2029 1217 2043 1252 :

464 1309 595 1370 puta
623 1315 721 1369 per
751 1297 952 1360 visum,
983 1311 1083 1366 per
1123 1294 1400 1359 auditum,
1447 1308 1546 1363 per
1588 1293 1902 1357 odoratum,
1934 1291 2045 1345 lin-

462 1407 646 1460 guam,
670 1397 922 1443 ventrem
944 1397 1002 1442 et
1023 1396 1253 1451 tactum,
1276 1402 1375 1457 per
1398 1386 1673 1440 incessum
1698 1384 2042 1446 indecorum,

461 1496 520 1537 et
549 1493 745 1537 cmtera
781 1480 835 1534 id
866 1494 1040 1549 genus
1076 1476 1284 1533 omnia.
1318 1479 1567 1547 Oportet,
1598 1478 1843 1546 inquam,
1872 1475 2045 1529 absti-

462 1584 714 1637 nentem,
764 1572 1126 1641 praesentiore
1174 1585 1299 1624 esse
1342 1570 1530 1633 animo
1580 1583 1646 1623 ac
1688 1557 2043 1631 sublim’iore,

460 1680 626 1737 quam
657 1663 958 1735 aliquando
997 1675 1193 1717 manus
1232 1669 1299 1714 ut
1335 1661 1432 1716 det
1453 1660 1628 1715 victas
1660 1660 1757 1714 ulli
1792 1659 2047 1713 obseonze

461 1756 731 1826 voluptati
773 1763 869 1809 aut
900 1752 1368 1822 concupiscentiae
1389 1751 1620 1805 vitiosae.
1651 1750 1940 1804 Amatores
1968 1748 2044 1803 si-

2154 553 2289 620 ξεών
2318 575 2413 610 σου
2455 558 2688 623 κωλύου,
2720 560 2814 611 καὶ
2852 561 2926 629 μὴ
2954 560 3248 628 εὐφραίνου
3277 560 3376 611 ἐπὶ
3409 559 3595 629 πολλῇ
3626 579 3747 628 τρν-

2126 650 2244 720 φῇ.
2283 650 2390 701 Καὶ
2422 649 2498 720 μὴ
2522 649 2869 719 ὰπληστεύου
2891 652 2949 702 ἐν
2978 650 3126 721 πάσῃ
3161 654 3370 722 τρυιρῇ,
3408 651 3514 703 καὶ
3557 652 3635 721 μὴ
3663 655 3746 705 ἐκ-

2149 741 2322 811 χυθῇς
2375 742 2472 796 ἐπὶ
2536 742 2751 796 πολλῶν
2805 743 3141 812 ἐδεσμάτων.
3218 744 3302 795 Ἑν
3365 742 3602 803 πολλοῖς
3649 748 3752 814 γὰρ

2151 833 2439 905 βρώμασιν
2464 834 2622 890 ἔσται
2670 838 2847 899 νόσος.
2889 837 2946 890 ὐ
2976 836 3032 890 δὲ
3086 839 3385 909 προσέχων
3410 851 3467 901 ο,
3506 841 3751 909 προσθή-

2151 941 2235 978 σει
2268 924 2437 996 ζωήν.
2494 944 2514 977 ι
2558 926 2616 980 '0
2665 927 2722 981 δὲ
2787 928 3057 999 μακάριος
3110 928 3293 993 Δαυῖδ,
3356 928 3651 981 δεικνύων
3698 932 3755 982 τὺ

2146 1016 2353 1070 τέλειον
2393 1018 2492 1087 τῆς
2537 1019 2889 1089 ἐγκρατείας,
2936 1021 3101 1091 φησίν
3131 1039 3144 1050 ·
3182 1040 3200 1071 ι
3246 1020 3554 1090 Ἐπλήγην
3625 1022 3752 1074 ὡσεὶ

2147 1112 2365 1181 χόρτος,
2397 1112 2493 1165 καὶ
2529 1112 2802 1182 ἐξηράνθη
2829 1115 2862 1183 ὴ
2898 1113 3093 1184 καρδία
3117 1132 3240 1184 μου,
3269 1114 3355 1167 ὅτι
3390 1112 3754 1185 ἐπελαθόμην

2145 1201 2242 1255 τοῦ
2284 1206 2483 1272 φαγεῖν
2534 1204 2628 1259 τὸν
2654 1205 2821 1276 ἄρτον
2866 1223 2988 1276 μου.
3023 1225 3041 1256 ι
3067 1234 3126 1244 -
3152 1225 3170 1258 ι
3205 1206 3343 1258 Ἀπὸ
3403 1205 3614 1275 φωνῆς
3663 1207 3751 1261 τοῦ

2148 1294 2456 1362 στεναγμοῦ
2497 1312 2600 1365 μου
2649 1296 2915 1366 ἐκολλήθη
2949 1297 3009 1350 τι
3048 1296 3240 1350 ὀστοῦν
3296 1314 3413 1367 μου
3480 1300 3555 1367 τῇ
3597 1299 3754 1368 σαρκί

2150 1401 2277 1454 μου.
2307 1404 2325 1436 ι
2376 1387 2486 1440 Καὶ
2542 1386 2731 1451 πάλιν,
2786 1406 2804 1438 ι
2837 1388 2963 1442 Ὅτι
3000 1388 3196 1441 σποδὸν
3255 1388 3398 1440 ώσεὶ⁵
3438 1387 3621 1458 ἄρτον
3657 1407 3751 1457 μου

2146 1475 2372 1544 ἔφαγον,
2430 1477 2525 1530 καὶ
2570 1476 2632 1530 τὸ
2681 1478 2834 1548 πόμα
2893 1496 2995 1548 μου
3051 1479 3188 1548 μετὰ
3241 1479 3548 1550 κλαυθμοῦ
3610 1482 3755 1552 ἐκίρ-

2146 1572 2271 1622 νων.
2297 1588 2314 1620 ι
2362 1569 2421 1622 '0
2469 1568 2527 1622 δὲ
2565 1568 2802 1635 Παῦλος·
2842 1571 3217 1643 (Νεκρώσατε
3268 1573 3339 1626 τὰ
3402 1572 3557 1643 μέλη
3604 1573 3750 1643 ὑμῶν

2144 1658 2213 1711 τὰ
2252 1657 2346 1710 ἐπὶ
2391 1658 2490 1729 τῆς
2539 1659 2665 1729 γῆς.
2693 1678 2711 1711 ι
2749 1661 2860 1714 Καὶ
2903 1656 3093 1724 αὖθις·
3128 1660 3609 1732 ιΚαθαρίσωμεν
3631 1664 3751 1716 ἑαυ-

2144 1750 2295 1812 τοὺς,
2325 1749 2546 1820 ἀδελφοὶ
2565 1758 2615 1814 ν,
2665 1750 2774 1805 ἀπὸ
2829 1752 3031 1817 παντὸς
3062 1753 3347 1823 μολυσμοῦ
3384 1753 3631 1826 σαρκὸς,
3670 1758 3749 1810 καὶ

461 1848 688 1918 quidem
752 1843 1105 1900 abstinentiae
1170 1841 1453 1911 propalam
1503 1839 1944 1909 conspiciuntur,
1993 1846 2046 1892 et

2151 1842 2487 1913 πνεύματος,
2522 1844 2902 1909 ἐπιτελοῦντες
2940 1845 3253 1917 ἁγιωσύνην
3285 1848 3347 1900 ἐν
3379 1848 3552 1917 φόϐῳ
3595 1847 3750 1912 Θεοῦ,

460 1938 715 2008 corporis
736 1934 880 1989 tueri
909 1933 1365 1995 incolumitatem,
1395 1939 1452 1985 et
1475 1929 1780 1985 secundum
1806 1929 2043 2008 animam

459 2046 592 2101 erga
621 2030 792 2084 Deum
822 2043 931 2081 non
955 2024 1222 2080 mediocri
1241 2022 1501 2094 perfundi
1526 2022 1760 2093 gaudio:
1782 2003 2049 2077 nimirum

460 2138 587 2178 eum
614 2135 777 2176 meus
797 2135 855 2173 se
878 2136 907 2172 a
932 2117 1169 2171 terrenis
1190 2114 1314 2170 istis
1343 2124 1399 2169 et
1420 2113 1646 2169 caducis
1668 2110 2044 2174 extricaverit,

458 2213 609 2268 et’ad
658 2210 903 2271 caelestia
937 2206 1245 2279 expetenda
1277 2222 1337 2261 se
1369 2214 1538 2260 totam
1578 2201 1926 2273 expanderit.
1963 2200 2046 2253 Ab

459 2306 611 2360 omni
658 2305 809 2358 enim
845 2317 970 2358 cum
1006 2316 1065 2356 se
1098 2299 1481 2356 submoverint
1530 2295 1862 2366 intemperie
1893 2292 2048 2347 voln-

461 2398 651 2469 ptatis,
677 2396 946 2465 deinceps
975 2394 1113 2447 ﬁunt
1146 2390 1416 2462 ejusmodi
1446 2390 1781 2443 vitiosarum
1798 2386 2048 2440 aﬂ‘eetio-

460 2504 592 2542 num
625 2502 848 2550 osores;
882 2486 993 2539 Deo
1023 2482 1257 2554 proinde
1286 2481 1496 2551 accepti
1529 2478 2043 2550 deprehenduntur.

459 2581 651 2635 Oratio
682 2580 812 2634 item
849 2578 1062 2640 talium,
1086 2576 1155 2631 ad
1190 2574 1503 2636 Dominum,
1551 2575 1766 2628 sincera
1801 2582 1906 2636 est,
1948 2586 2045 2627 eo-

459 2674 696 2741 demque
739 2667 927 2724 studio
953 2666 1320 2735 cum'angelis
1353 2666 1524 2719 Deum
1570 2664 1848 2734 praecipuo
1882 2677 2047 2715 vene-

461 2772 658 2817 rantur
720 2763 955 2816 honore.
1018 2757 1126 2813 Sed
1187 2765 1245 2813 et
1301 2756 1586 2826 Scriptura
1647 2755 1724 2809 ait
1771 2772 1784 2808 :
1842 2774 1859 2804 ι
1918 2755 2048 2809 Post

459 2852 940 2922 «goricupiscentias
969 2857 1093 2905 tuas
1126 2864 1196 2903 ne
1230 2863 1346 2911 eas,
1380 2847 1534 2902 etab
1565 2845 1898 2916 appetentiis
1939 2846 2048 2900 tuis

462 2941 873 2998 avertere“.Ne
927 2940 1137 2997 laeteris
1191 2954 1360 3009 super
1404 2938 1595 2992 multis
1648 2936 1884 3000 deliciis,
1948 2950 2048 2992 ne-

462 3049 570 3104 que
599 3044 653 3091 te
683 3033 922 3090 exsaties
966 3032 1022 3087 in
1050 3032 1309 3088 omnibus
1339 3029 1574 3092 deliciis,
1603 3043 1783 3099 neque
1827 3039 1879 3083 te
1907 3030 2049 3084 eﬁ‘u-

461 3126 614 3180 deris
656 3125 715 3180 in
765 3125 936 3180 multa
973 3124 1204 3180 fercula.
1237 3123 1296 3178 in
1345 3121 1536 3176 multis
1580 3121 1728 3174 enim
1765 3121 1906 3176 cibis
1936 3122 2046 3176 erit

2150 1935 2236 1987 ἵνα
2289 1935 2578 2005 γενώμεθα
2634 1939 2755 1992 ναοὶ⁸
2798 1937 2936 1991 Θεοῦ
3003 1937 3268 2004 ζῶντος.»
3333 1940 3463 1993 Καὶ
3523 1939 3748 2012 Πέτρος

2155 2044 2173 2076 ι
2212 2026 2680 2097 Ἐπιχορηγήσατε
2730 2028 2789 2081 ὲν
2835 2029 2902 2098 τῇ
2959 2027 3144 2081 πίστει
3197 2028 3362 2098 ὑμῶν
3412 2027 3665 2100 ἀρετὴν,
3699 2030 3748 2080 ὲν

2148 2118 2206 2170 δὲ
2235 2120 2303 2188 τῇ
2337 2118 2506 2189 ἀρετῇ
2539 2117 2635 2188 τὴν
2683 2119 2920 2187 γνῶσιν·
2953 2121 3011 2172 ἐν
3043 2119 3097 2173 δὲ
3131 2122 3196 2191 τῇ
3236 2120 3455 2188 γνώσει
3502 2120 3611 2190 τὴν
3663 2122 3748 2186 t7-

2149 2210 2412 2279 κράτειαν
2447 2212 2505 2263 ὲν
2533 2210 2590 2263 δὲ
2615 2214 2682 2282 τῇ
2734 2211 3054 2282 ἐγκρατείᾳ,
3086 2211 3186 2281 τὴν
3216 2211 3547 2282 ὑπομονήν.
3582 2231 3603 2264 ι
3641 2212 3751 2281 Χρὴ

2148 2297 2240 2354 οὖν
2271 2301 2360 2356 ἀεὶ
2388 2302 2603 2370 νήφειν,
2654 2303 2748 2355 καὶ
2783 2303 3127 2372 ὲγρηγορεῖν,
3166 2302 3261 2355 καὶ
3287 2303 3363 2355 τὰ
3400 2302 3528 2355 ἄνω
3551 2302 3749 2373 ζητεῖν,

2151 2394 2246 2445 καὶ
2276 2395 2516 2461 φρονεῖν,
2550 2395 2694 2447 κατὰ
2718 2395 2818 2466 τὴν
2853 2396 3075 2464 ἐντολὴν
3119 2395 3214 2448 τοῦ
3259 2395 3487 2466 Κυρίου
3514 2397 3620 2467 τὴν
3652 2397 3750 2465 φά-

2151 2501 2411 2539 σκουσαν·
2455 2505 2473 2537 ι
2497 2485 2784 2540 Ἔστωσαν
2830 2488 2887 2541 αἱ
2928 2486 3128 2556 ὀσφύες
3164 2486 3322 2557 ὑμῶν
3355 2486 3748 2558 περιεζωσμέ-

2147 2592 2257 2639 ναι,
2295 2575 2391 2629 καὶ
2436 2576 2485 2629 oi
2528 2576 2713 2647 λύχνοι
2736 2577 3040 2649 καιόμενοι,
3066 2580 3169 2633 ’καὶ
3209 2579 3376 2649 ὑμεῖς
3421 2581 3612 2650 ὅμοιοι
3656 2581 3744 2631 ἀν-

2149 2667 2391 2738 θρώποις
2426 2669 2899 2740 προσδοκωμένοις
2933 2673 3025 2723 τὸν
3059 2670 3266 2741 Κύριον
3311 2670 3574 2736 ἑαυτῶν,
3625 2669 3745 2722 πότι

2150 2760 2410 2815 ἀναλύσει
2440 2762 2504 2815 ὲκ
2535 2761 2646 2816 τῶν
2675 2763 2900 2835 γάμων·
2929 2762 3017 2817 ἵνα
3060 2763 3308 2826 ἐλθόντος
3336 2764 3441 2815 καὶ
3473 2761 3740 2835 κρούσανο

2148 2871 2242 2916 τος
2273 2853 2477 2917 εὐθέως
2523 2854 2809 2918 ἀνοίξωσιν
2845 2853 3014 2924 αὐτῷ.
3047 2873 3065 2906 ι
3095 2855 3204 2907 Καὶ
3234 2855 3476 2921 ἐπάγει·
3519 2873 3538 2905 ι
3565 2853 3742 2906 Μακά-

2154 2964 2263 3017 ριοι
2298 2947 2349 3000 οἱ
2399 2946 2581 2999 δοῦλοι
2613 2947 2835 3012 ὲκεῖνοις
2870 2946 2963 3010 οὓς
2991 2945 3162 3000 ἐλθὼν
3190 2950 3218 3001 ὁ
3246 2947 3492 3017 Κύριος,
3524 2946 3736 3016 εὑρήσει

2150 3038 2586 3109 γρηγοροῦντας.
2631 3037 2803 3109 Ἀμὴν
2864 3038 3008 3107 λέγω
3043 3038 3193 3106 ὑμῖν,
3227 3038 3312 3091 ὅτι
3348 3035 3734 3108 περιζώσεται,

2151 3130 2244 3183 καὶ
2267 3128 2549 3198 ἀνακλινεῖ
2573 3129 2801 3193 αὐτούς’
2837 3131 2930 3183 καὶ
2963 3129 3250 3199 παρελθὼν
3290 3129 3618 3200 διακονήσει
3647 3126 3733 3181 αὖα

466 3218 721 3284 morbus;
740 3217 837 3289 qui
861 3225 1046 3272 autem
1067 3215 1320 3271 attendet
1341 3213 1471 3277 sibi,
1492 3213 1713 3282 adjiciet
1733 3214 1901 3268 vitam
1919 3213 1993 3269 δι’.
2019 3218 2046 3266 »“

2152 3220 2283 3282 τοῖς.
2309 3236 2328 3268 ι
2364 3218 2525 3289 Αὐτῷ
2558 3208 2853 3289 ἡδόξαλείς
2884 3220 3009 3283 τοὺς
3041 3220 3265 3283 αἰῶνας.
3313 3220 3525 3290 Ἀμήν.

462 3313 664 3368 Beatus
696 3311 826 3366 item
864 3308 1036 3364 David
1068 3306 1467 3378 perfectionem
1500 3304 1752 3360 indicans
1781 3305 2152 3373 abstinentiae,
2185 3311 2302 3365 ait:
2338 3328 2359 3362 ι
2390 3312 2691 3366 Percussus
2740 3326 2861 3366 sum
2895 3321 2956 3365 ut
3019 3311 3229 3375 fenum,
3281 3319 3341 3366 et
3399 3310 3623 3366 exaruit
3644 3322 3729 3362 cor

466 3419 669 3467 meum,
689 3403 818 3473 quia
847 3400 1053 3455 oblitus
1082 3412 1202 3452 sum
1231 3396 1525 3450 comedere
1558 3409 1755 3464 panem
1807 3410 1995 3471 meum
2020 3396 2089 3451 “.
2130 3397 2197 3452 Et
2228 3388 2257 3450 :'
2275 3419 2291 3450 ι
2327 3401 2372 3452 Α
2403 3415 2540 3454 voce
2582 3400 2819 3469 gemitus
2846 3401 2953 3455 mei
2982 3400 3215 3455 adbzesit
3248 3415 3312 3456 os
3343 3417 3537 3455 meum
3589 3396 3729 3453 carni

462 3514 598 3554 mea:
621 3499 696 3552 δε.
724 3517 743 3548 ι
788 3497 993 3552 lterum
1023 3512 1036 3548 :
1088 3511 1107 3544 ‹
1154 3490 1293 3558 Quia
1336 3489 1578 3545 cinerem
1624 3496 1881 3559 tanquam
1917 3505 2113 3560 panem
2151 3494 2574 3557 manducabam,
2609 3503 2663 3551 et
2692 3496 2949 3565 poculum
2982 3512 3162 3553 meum
3195 3511 3322 3552 cum
3355 3497 3492 3553 ﬂetu
3532 3506 3727 3566 tempe-

466 3591 653 3648 rabam
704 3588 774 3640 ³⁷.
825 3606 842 3637 ι
896 3585 1105 3641 Paulus
1153 3583 1285 3638 item
1311 3599 1343 3646 g:
1381 3600 1399 3632 ι
1440 3580 1765 3636 Mortificate
1802 3583 2047 3638 membra
2087 3594 2269 3640 vestra
2305 3602 2428 3656 qua:
2471 3598 2601 3642 sunt
2637 3604 2804 3657 super
2874 3598 3075 3643 terram
3097 3587 3169 3644 ".
3210 3609 3228 3641 ι
3289 3590 3552 3645 Rursus:
3585 3609 3607 3640 ι
3634 3589 3728 3642 Ex-

470 3693 770 3753 purgemus
803 3693 902 3731 nos
936 3677 1083 3745 ipsos
1114 3669 1472 3743 (charissimi)
1514 3669 1584 3724 ab
1616 3669 1766 3723 omni
1802 3671 2219 3739 inquinamento
2287 3675 2471 3730 carnis
2518 3691 2582 3730 ac
2615 3675 2859 3746 Spiritus,
2927 3677 3279 3747 perﬁcientes
3346 3679 3727 3736 sanctiﬁcatio-

465 3788 590 3829 netn
644 3771 700 3825 in
755 3770 949 3822 timore
1004 3765 1123 3830 Dei,
1202 3774 1263 3818 ut
1316 3761 1618 3823 eﬁiciamur
1674 3763 1935 3833 templum
1991 3764 2084 3819 Dei
2125 3765 2234 3820 vivi
2270 3766 2333 3798 δυ
2379 3786 2396 3818 ι
2435 3768 2630 3823 Petrus
2680 3785 2693 3821 :
2759 3786 2777 3818 ι
2827 3769 3250 3823 Subministrate
3300 3771 3355 3824 in
3406 3770 3516 3824 ﬁde
3558 3776 3725 3821 vestra

470 3872 757 3929 virtutem,
807 3862 862 3917 in
909 3861 1117 3915 virtute
1153 3868 1337 3913 autem
1386 3853 1698 3921 scientiam,
1768 3855 1825 3910 in
1862 3855 2092 3911 scientia
2126 3868 2311 3913 autem
2346 3859 2764 3926 abstinentiam,
2809 3862 2863 3915 in
2891 3861 3281 3917 abstinentiam
3308 3858 3497 3916 autem
3526 3859 3722 3929 patien-

467 3963 602 4016 iiam
634 3959 701 4015 δ”,
750 3976 769 4007 ι
803 3956 964 4010 Juxta
1033 3953 1200 4024 igitur
1244 3947 1564 4004 mandatum
1606 3947 1953 4007 Dominicum
2025 3965 2249 4006 necesse
2293 3953 2365 4005 sit
2410 3967 2627 4023 semper
2670 3953 2841 4008 sobrii
2883 3953 3228 4007 inveniamur
3281 3970 3352 4009 ac
3422 3950 3718 4024 pervigiles.

362 4076 374 4090 ·
465 4054 556 4120 Ait
584 4051 731 4107 enim
764 4067 778 4102 :
808 4066 826 4098 ε
866 4047 991 4101 Sint
1021 4043 1193 4099 lumbi
1235 4040 1405 4096 vestri
1440 4040 1748 4109 praecincti,
1774 4050 1833 4095 et
1862 4033 2102 4097 lucerna:
2140 4042 2418 4106 ardentes,
2447 4054 2502 4098 et
2532 4059 2631 4099 vos
2672 4045 2884 4098 similes
2927 4045 3246 4099 hominibus
3286 4043 3720 4112 exspectantibus

471 4143 766 4201 Dominum
797 4153 958 4193 suum
1000 4135 1222 4206 quando
1266 4142 1577 4190 revertatur
1622 4149 1652 4186 a
1698 4130 1939 4201 nuptiis,
1988 4140 2047 4185 ut
2084 4146 2211 4187 cum
2233 4133 2448 4188 venerit
2466 4141 2521 4188 et
2544 4135 2864 4203 pulsaverit,
2891 4134 3178 4190 confestim
3243 4135 3502 4203 aperiant
3540 4132 3669 4186 ei”.
3697 4148 3713 4177 ι

469 4236 722 4292 lnducit:
753 4249 771 4281 ι
817 4228 965 4284 Beati
999 4226 1144 4283 servi
1185 4225 1260 4280 illi
1304 4236 1478 4295 quos,
1520 4236 1643 4279 eum
1675 4222 1894 4277 venerit
1924 4222 2212 4288 Dominus,
2256 4223 2530 4278 invenerit
2572 4225 2878 4295 vigilantes.
2951 4227 3124 4280 Amen
3169 4225 3296 4279 dico
3364 4226 3541 4288 vobis,
3602 4221 3712 4291 quia

466 4327 765 4401 praecinget
792 4337 850 4378 se
875 4331 932 4377 et
953 4319 1116 4375 faciet
1138 4319 1266 4374 illos
1288 4318 1657 4384 discumbere,
1681 4327 1736 4372 et
1763 4314 2037 4372 transiens
2074 4316 2408 4372 ministrabit
2437 4316 2545 4371 illis
2571 4317 2639 4370 ⁸¹.
2675 4338 2690 4368 ι
2720 4319 2826 4390 Ipsi
2851 4318 3022 4390 gloria
3050 4319 3103 4371 in
3133 4319 3356 4371 saecula.
3383 4323 3574 4372 Anien.

916 4458 1127 4529 1037
1169 4456 1454 4513 llOMlLlA
1491 4458 1605 4512 Vl].

1097 4571 1174 4626 De
1207 4571 1444 4643 Jejunio.

2767 4456 2989 4508 ΛΟΓΟΣ
3023 4456 3095 4507 Ζ’.

2688 4568 2824 4636 Περὶ
2866 4570 3178 4635 νηστεὲας.

538 4686 836 4741 Monachus
865 4684 959 4755 qui
978 4683 1199 4737 .merito
1228 4680 1422 4752 jejunii
1469 4681 1792 4736 sincerioris
1822 4658 2046 4750 magno-

2222 4683 2470 4752 Μοναχδς
2505 4682 2828 4753 βουλόμενος
2857 4683 2945 4737 διὰ
2983 4683 3231 4754 καθαρᾶς
3262 4683 3518 4754 νηστείας
3539 4675 3705 4732 ἑαυτὸν

466 4792 599 4848 pere
632 4778 785 4847 cupit
811 4775 906 4831 Dei
950 4777 1181 4846 gratiam
1222 4772 1483 4837 emereri,
1513 4772 1729 4840 sibique
1756 4770 2051 4825 conciliare

465 4884 589 4924 eam
616 4868 983 4929 familiariter,
1011 4881 1239 4938 prorsus
1269 4867 1315 4920 is
1346 4865 1513 4920 debet
1546 4863 1781 4933 primum
1804 4863 2048 4917 omnium

465 4960 574 5015 sibi
624 4960 894 5032 jejunium
949 4960 1258 5021 asciscere,
1314 4972 1423 5010 non
1477 4956 1897 5025 qualecunque,
1954 4957 2051 5010 sed

467 5051 615 5120 quod
666 5040 1024 5120 purissimum
1080 5050 1152 5104 sit
1201 5047 1410 5117 peccati
1492 5047 1703 5111 omnis,
1754 5062 2051 5116 secumque

467 5142 690 5197 decreto
718 5142 981 5196 immobili
1011 5154 1111 5195 ceu
1142 5139 1337 5194 trabali
1369 5138 1523 5193 clavo
1542 5120 2047 5202 constituat,»nulli,

470 5232 599 5282 dum
649 5231 703 5284 in
741 5231 882 5284 vivis
921 5230 1121 5293 fuerit,
1165 5229 1377 5283 servire
1406 5244 1644 5297 unquam
1684 5229 1885 5282 vitioso
1914 5229 2048 5282 all‘e-

470 5319 607 5378 ctui.
647 5319 742 5372 sed
794 5328 851 5373 et
892 5319 1095 5374 silentii
1149 5319 1395 5387 perpetis
1440 5317 1656 5371 excolat
1702 5317 2049 5373 taciturnita-

542 5431 585 5465 "
620 5434 635 5486 l
666 5434 792 5487 Cor.
830 5450 918 5496 xv,
1151 5435 1196 5466 δ’
1226 5428 1539 5496 Ρεοῑίκκνι,
1572 5435 1626 5487 ‘2.

467 5502 676 5625 ξθῗίὶιὶίί.
710 5505 762 5555 ϋ.
840 5505 882 5536 ⁵⁷
916 5506 995 5559 ib.
1021 5501 1100 5555 I‘J.
1143 5503 1187 5536 ³⁸
1211 5504 1421 5560 Coloss.
1451 5521 1527 5566 tu,
1567 5506 1618 5558 Si.

470 5598 504 5625 ι)
547 5616 554 5625 .

470 5598 554 5627 Ol.

1700 5448 1706 5455 '
1739 5434 1784 5503 ’ξ’
1809 5434 2152 5503 ‘EecliJvm,
2187 5441 2275 5494 30.

1693 5499 1815 5557 ιδίι
1848 5506 1972 5559 (lor.
2005 5525 2097 5569 vn.
2138 5497 2183 5564 i.
2268 5513 2311 5544 ιο
2343 5513 2383 5565 n
2422 5497 2630 5595 llr-ini,
2667 5497 2889 5581 έξζῦζέδ
2924 5497 3052 5572 [ἧς.
3077 5497 3187 5581 si},
3225 5519 3311 5584 '55,
3345 5497 3428 5570 se,
3501 5509 3538 5540 ιι
3571 5497 3682 5556 ibid.

2152 4773 2231 4845 τῷ
2261 4774 2381 4845 Θεῷ
2421 4774 2868 4846 προσοικειῶσαι,
2905 4776 3005 4846 τὴν
3036 4776 3207 4840 ὅντως
3258 4772 3702 4847 ἀκραιφνεστάτην

2153 4867 2412 4934 νηστείαν
2464 4854 2729 4938 χρεωστεῖ
2778 4862 3088 4939 αἱρεῖσθαι,“
3123 4869 3219 4921 καὶ
3285 4868 3360 4939 μὴ
3414 4859 3701 4919 δουλοῦσθαι

2156 4958 2376 5015 atillam.
2417 4959 2508 5010 xui
2542 4958 2785 5029 μεγάλην
2823 4960 3053 5030 ἡσυχίαν
3091 4961 3360 5031 γεωργεῖν
3387 4957 3470 5011 διὰ
3503 4949 3695 5009 παντός·

2154 5051 2267 5104 Ka‘t
2323 5053 2351 5102 ὁ
2401 5050 2645 5114 τοιοῦτος
2686 5054 2798 5115 τοῖς
2846 5054 3102 5125 ᾀγγὲλοις
3158 5050 3567 5123 συναμιλλᾶται,
3605 5041 3697 5098 τοῖς

2152 5141 2385 5204 δικαίοις
2475 5142 2819 5213 συγχορεύει.
2895 5142 3377 5216 Ἐλευθερούμενος
3437 5138 3541 5209 γὰρ
3605 5129 3696 5184 τῶν

2158 5232 2384 5298 γηΐνων.
2438 5233 2518 5295 εἰς
2556 5234 2627 5286 τὰ
2664 5233 2892 5305 οὐράνια
2938 5235 3236 5305 ἁδολεσχεῖ.
3288 5230 3538 5290 Ἐνταῦθα
3581 5238 3691 5277 στυ-

2159 5324 2396 5391 γνάξων.
2443 5326 2654 5379 ἔκεῖθεν
2705 5328 3091 5400 φαιδρύνεται·
3147 5328 3335 5383 ἐνθάδε
3386 5320 3689 5397 βιαζόμενος,

2388 5443 2432 5473 ⁸⁵
2467 5444 2634 5499 Eceli.
2677 5461 2878 5508 xxxv",
2924 5447 3155 5502 52-54.
3271 5450 3314 5480 ’θ’
3350 5442 3480 5501 Psal.
3531 5428 3684 5508 cii-.5

1742 5665 1972 5722 VARI/6
1999 5668 2397 5727 LECTIONES.

541 5773 569 5803 ιι
595 5758 908 5825 Προσέχων
973 5756 1089 5820 Dic,
1124 5757 1359 5824 ἀπέχων,
1384 5756 1693 5811 abstinens.
1774 5768 1796 5794 ν
1818 5759 2111 5829 ἀγαπητοί.
