4016 6428
624 331 758 396 14(ῗῖ

1886 343 2249 403 ANTIOCHI
2294 344 2637 406 MONZXCIII

3705 355 3804 422 1468

622 467 641 500 ι
679 450 757 502 Ad
787 451 1348 519 suprralmmlautiam
1384 471 1490 508 non
1533 455 1688 510 dabis
1709 456 1863 511 cibos
1891 466 2017 511 tuos
2051 460 2118 512 ".
2167 477 2176 510 I

2295 458 2356 510 τὸ
2401 459 2531 530 παρ’
2579 461 2746 513 αὐτοῦ
2790 463 2870 524 εἰς
2921 462 3124 515 κακίαν
3161 463 3326 533 αὐτῷ,
3371 465 3463 518 καὶ
3503 465 3805 528 ἀπολεῖταιό

616 543 978 598 Ecclesiastes
1025 544 1099 599 de
1149 545 1270 599 istis
1320 549 1424 616 qui'
1463 563 1562 616 per
1609 548 1954 618 iniquitatem
2007 549 2192 605 usuris

615 644 884 689 extortam
907 636 1312 707 locupletantur
1331 680 1344 702 ,
1372 639 1626 693 edisserit
1651 639 1798 694 hunc
1829 641 1882 693 in
1913 641 2136 694 modum
2171 660 2186 696 :

624 747 641 776 ι
681 727 776 781 Est
813 727 1103 783 inﬁrmitas
1125 729 1306 799 gravis
1331 746 1495 798 quam
1529 729 1641 784 vidi
1677 731 1784 785 sub
1818 732 1954 794 sole,
1993 747 2190 803 nempe

614 833 740 872 cum
774 819 902 888 quis
923 821 1146 874 divitias
1171 821 1414 874 custodit
1447 823 1499 876 in
1539 822 1745 876 malum
1783 823 2091 893 proprium,
2132 833 2190 880 et

613 912 876 980 peribunt
905 912 1109 968 divitiae
1138 913 1241 967 illae
1274 913 1327 966 in
1358 915 1718 983 occupatione
1751 915 1912 980 mala,
1942 925 2000 971 et
2035 923 2188 972 certe

612 1019 804 1058 omnes
830 1005 950 1058 dies
977 1005 1124 1059 illius
1155 1005 1210 1058 in
1241 1006 1484 1060 tenebris
1506 1016 1562 1060 ct
1586 1007 1740 1068 luctu
1766 1014 1822 1062 et
1844 1007 1901 1060 in
1931 1008 2186 1078 indigna-

614 1095 769 1150 tione
788 1097 956 1150 multa
979 1107 1034 1151 et
1058 1097 1390 1152 inﬁrmitate.
1419 1098 1485 1152 Et
1503 1099 1660 1152 labor
1682 1099 1844 1154 istius
1882 1101 1939 1154 in
1960 1109 2184 1155 ventum

611 1185 820 1241 illit'".
861 1207 880 1238 ι
912 1187 1200 1244 Consentit
1224 1189 1310 1244 his
1349 1189 1482 1244 illud
1508 1191 1662 1246 Pauli
1689 1191 1756 1246 ad
1785 1193 2137 1248 Timotheum
2167 1211 2181 1248 :

615 1293 631 1323 ι
669 1275 942 1330 Divitibus
973 1275 1138 1346 hujus
1182 1278 1362 1331 saeculi
1407 1279 1642 1349 praecipe
1683 1296 1794 1336 non
1823 1283 2062 1337 sublime
2091 1299 2183 1338 sa-

609 1378 738 1432 pere
789 1380 890 1418 nec
941 1380 1166 1434 sperare
1217 1367 1272 1420 in
1319 1367 1533 1422 incerto
1585 1369 1930 1436 divitiarum,
1969 1373 2066 1428 sed
2125 1374 2181 1428 in

610 1453 738 1512 Deo.
770 1455 862 1523 qui
883 1465 1105 1524 praestat
1131 1456 1294 1512 nobis
1318 1459 1504 1513 omnia
1524 1459 1744 1516 abunde
1769 1463 1836 1517 ad
1861 1461 2181 1532 fruendum,

607 1545 748 1598 bene
796 1561 978 1616 agere,
1029 1547 1228 1603 divites
1269 1564 1390 1605 esse
1421 1551 1475 1605 in
1512 1554 1775 1622 operibus
1804 1556 1981 1620 bonis,
2022 1555 2181 1614 facile

609 1637 876 1705 tribuere,
925 1640 1360 1705 communicare,
1405 1642 1782 1699 thesaurizare
1834 1645 1939 1700 sibi
1985 1647 2184 1704 funda-

607 1738 853 1782 mentum
899 1729 1103 1784 bonum
1138 1731 1192 1784 in
1229 1731 1497 1797 fututum,
1533 1744 1594 1789 ut
1623 1738 2042 1806 apprehendant
2078 1757 2180 1798 ve-

2293 549 2527 614 πλοῦτος
2563 553 2772 616 ἐκεῖνος
2817 557 2876 606 ὲν
2933 557 3308 625 περισπασμῴ
3363 558 3599 628 πονηρῷ,
3639 562 3720 614 καί
3758 582 3804 632 τε

2291 642 2464 696 πᾶσαι
2498 644 2554 696 αί
2585 643 2796 714 ἡμέραι
2817 645 2983 698 αὑτοῦ
3005 649 3064 699 ὲν
3089 647 3292 709 σκότει.
3330 650 3422 702 καὶ
3449 651 3509 702 ὲν
3533 651 3720 718 πένθει,
3739 663 3808 710 καὶ

2291 735 2350 786 ὲν
2383 733 2540 804 θυμῷ
2581 735 2782 807 πολλῷ,
2815 737 2908 790 καὶ
2932 737 3242 808 ἀρρωστίᾳ,
3279 741 3378 792 καὶ
3404 740 3432 794 ό
3453 724 3646 812 μόχθος
3668 745 3808 800 αὐτῶν

2291 827 2371 890 εἰς
2413 827 2635 898 ἄνεμον.
2677 848 2695 878 ι
2739 830 2974 900 Ὁμοίως
3005 827 3100 884 θεαὶ
3129 833 3159 884 ὁ
3209 832 3533 896 Ἀπόστολος
3577 841 3809 906 παραινῶν

2290 916 2543 988 Τιμοθέῳ
2590 917 2800 988 ἔλεγεν·
2839 939 2858 968 ι
2896 921 3024 984 Τοῖς
3062 922 3342 987 πλουσίοις
3372 927 3428 977 ὲν
3467 925 3544 994 τῷ
3573 927 3661 980 νῦν
3692 931 3810 985 alim

2289 1009 2658 1079 παράγγελλε,
2693 1013 2767 1082 μὴ
2803 1011 3217 1084 ὑψηλοφρονεῖν,
3267 1015 3403 1086 μηδὲ
3441 1017 3715 1086 ἠλπικέναι
3743 1025 3812 1076 ἐπὶ

2291 1099 2524 1156 πλούτου
2577 1103 2890 1176 ἀδηλότητι,
2946 1107 3060 1160 ἀλλ’
3118 1108 3213 1160 ἐπὶ
3264 1109 3388 1180 Θεῷ
3435 1110 3514 1180 τῷ
3549 1115 3814 1185 ’παρέχοντι

2288 1193 2420 1263 ἡμῖν
2459 1196 2640 1249 πάντα
2682 1197 2978 1276 πλουσίως,
3009 1199 3089 1262 είς
3117 1199 3418 1254 ἀπόλαυσιν
3437 1241 3452 1264 ,
3483 1201 3810 1274 ἀγαθοεργεξν,

2287 1283 2546 1340 πλουτεῖν
2581 1289 2856 1359 ὲνέργοις
2891 1289 3098 1354 καλοῖς.
3129 1291 3528 1360 εὐμεταδότους
3560 1289 3706 1356 εἶναι.
3727 1315 3812 1350 κοι-

2286 1379 2568 1443 νωνικούς,
2597 1379 3144 1451 ἀποθησαυρίζοντας
3175 1385 3394 1447 ἑαυτοῖς
3413 1384 3659 1455 θεμέλιον
3687 1390 3812 1442 καλὸν

2285 1468 2369 1532 είς
2428 1469 2490 1524 τὸ
2554 1470 2784 1541 μέλλον,
2858 1474 2948 1528 ῐνα
3015 1475 3384 1530 ἐπιλάϐωνται
3469 1477 3572 1547 τῆς
3639 1479 3812 1534 αἰωνίου

2287 1560 2452 1630 ζωῆς.
2509 1580 2526 1613 ι
2591 1563 2908 1634 Πειθόμενοι
2940 1560 3053 1628 οὖν,
3087 1566 3334 1634 ἀδελφοὶ,
3359 1570 3426 1638 τῇ
3477 1567 3599 1640 θείᾳ
3645 1569 3808 1641 Γραφῇ,

2285 1653 2616 1724 ἀποστῶμεν
2643 1655 2740 1724 τῆς
2763 1654 2942 1727 δεινῆς
2973 1655 3312 1720 πλεονεξίας.
3347 1658 3447 1712 καὶ
3477 1659 3578 1730 τῆς
3605 1659 3811 1730 pseups;

2285 1745 2527 1810 ἐπινοίας
2557 1745 2763 1817 ταύτης
2789 1747 2899 1800 τῶν
2931 1750 3130 1805 τόκων.
3169 1751 3232 1803 '0
3259 1751 3370 1820 γὰρ
3407 1751 3589 1816 τόκος.
3622 1752 3692 1822 τῷ
3713 1754 3810 1825 δόλῳ

607 1836 719 1875 ram
754 1821 925 1874 vitam
953 1821 1054 1876 ⁸’.ι
1083 1823 1426 1878 Auctoritatc
1459 1825 1632 1895 igitur
1666 1829 1912 1897 persuasi
1936 1829 2176 1900 (fratres)

2287 1835 2643 1908 συνεζεύχθη.
2675 1839 2784 1892 Kal
2827 1839 3026 1910 μᾶλλον
3067 1839 3406 1911 ζηλώσωμεν
3442 1841 3540 1894 τὸν
3571 1820 3718 1896 καλδν
3740 1820 3807 1912 ﬁ;

604 1909 906 1977 Scaptura:
929 1908 1150 1975 divinre,
1182 1910 1251 1964 ab
1287 1911 1604 1982 inexplebili
1631 1915 1721 1970 illa
1753 1916 2018 1973 aviditate
2047 1935 2178 1974 con-

602 2003 828 2072 gerendi
880 2003 1101 2059 divitias
1151 2020 1444 2061 avocemus
1488 2018 1726 2063 mentem
1784 2029 1797 2065 :
1858 2012 2178 2084 longissime

601 2093 1027 2148 submoveamus
1055 2110 1157 2149 nos
1181 2097 1252 2150 ab
1297 2095 1400 2151 hac
1427 2100 1752 2154 exsecrabili
1783 2117 2012 2171 prorsus
2047 2121 2180 2161 usu-

602 2199 788 2237 rarum
840 2186 1240 2256 excogitatioue
1281 2206 1293 2240 :
1331 2189 1515 2258 potius
1570 2192 1852 2246 imitemur
1877 2193 2023 2248 beati
2069 2195 2176 2252 Za-

601 2277 734 2331 chazi
783 2277 932 2346 pium
967 2279 1167 2340 zelum,
1213 2293 1340 2333 eum
1377 2279 1569 2334 eodem
1607 2281 1856 2337 dicentes
1901 2300 1916 2336 :
1964 2303 1983 2336 ι
2031 2285 2175 2342 Ecce

598 2368 886 2422 dimidium
921 2369 1189 2424 bonorum
1229 2387 1497 2436 meorum,
1540 2372 1786 2436 Domine,
1813 2374 1886 2428 do
1917 2379 2175 2446 pauperi-

599 2461 724 2522 lzus,
751 2467 808 2515 et
841 2461 890 2515 si
913 2461 1047 2532 quid
1073 2461 1310 2532 aliquem
1334 2462 1682 2528 defraudavi,
1719 2465 1892 2520 reddo
1929 2468 2174 2537 quadru-

2286 1929 2377 1982 λον
2417 1929 2512 1982 τοῦ
2559 1929 2837 2000 μακαρίου
2879 1931 3182 2001 Ζακχαίου,
3223 1931 3481 1999 λέγοντες
3530 1932 3628 1986 σὺν
3666 1933 3805 2002 αὐτῷ’

2291 2039 2310 2072 ι
2367 2021 2498 2074 Ἰδοὺ
2541 2021 2603 2074 τὺ
2637 2023 2810 2092 ἥμισυ
2837 2023 2948 2076 τῶν
2983 2023 3346 2094 ὑπαρχόντων
3378 2042 3496 2095 μοι,
3533 2024 3806 2096 Κύριε,τοίς

2283 2117 2519 2184 πτωχοῖς
2541 2112 2758 2178 δίδωμι.
2795 2115 2904 2168 Καὶ
2935 2114 2989 2166 sl’
3007 2115 3152 2178 τινός
3173 2131 3234 2168 τι
3257 2116 3694 2186 ἐσυκοφάντησα,
3721 2117 3805 2170 ἀτο-

2275 2205 2478 2274 ιδίδωμι
2534 2206 2907 2274 τετραπλοῦν·
2943 2225 2966 2259 ι
3060 2209 3146 2262 ἵνα
3197 2209 3295 2262 καὶ
3325 2203 3504 2278 ’ἡμεῖς
3546 2210 3803 2277 ἀκούσωμεν

2279 2298 2431 2366 παρᾶ
2458 2297 2553 2350 τοῦ
2585 2294 2642 2350 εὖ
2668 2299 2868 2360 εἰδότος
2897 2299 2968 2350 τὰ
2993 2302 3214 2370 κρυπτὰ
3241 2299 3404 2369 ἡμῶν
3441 2301 3708 2354 Δεσπότου
3748 2301 3791 2352 tul

2279 2384 2552 2455 Σωτῆρος·
2596 2405 2614 2438 ι
2663 2389 2911 2456 Σήμερον
2937 2389 3181 2460 σωτηρία
3206 2389 3452 2460 τῷ,οίκῳ
3480 2391 3652 2460 τούτῳ
3679 2390 3795 2458 trin-

2277 2492 2358 2530 το.
2406 2496 2423 2528 ι
2460 2477 2616 2548 Αὐτῷ
2647 2481 2678 2548 ἡ
2717 2479 2845 2545 δόξα
2870 2479 2952 2542 είς
2977 2482 3106 2544 τοὺς
3130 2478 3359 2542 αἰῶνας.
3399 2483 3598 2552 Ἀμήν.

598 2553 748 2620 plum
783 2555 850 2608 ⁸³.
893 2574 910 2605 ι
946 2555 1114 2624 quue
1147 2563 1206 2608 ut
1237 2555 1306 2609 ab
1358 2571 1425 2610 eo
1457 2572 1870 2634 promereamur
1895 2561 2108 2624 audire.
2145 2565 2240 2632 qui
2305 2570 2554 2624 cordium
2613 2583 2929 2628 nostrorum
2991 2589 3224 2628 arcanos
3278 2588 3541 2629 recessus
3564 2573 3804 2644 perspicue

598 2645 752 2699 novit
799 2645 1032 2700 Domino
1099 2653 1286 2701 nostro
1349 2663 1416 2702 ac
1469 2648 1786 2705 Salvatore:
1818 2669 1836 2698 ι
1877 2650 2052 2706 Ilodic
2101 2656 2250 2712 salus
2289 2659 2478 2716 domui
2511 2662 2645 2718 huic
2685 2663 2828 2720 facta
2869 2673 2960 2721 est
2996 2663 3063 2719 “.
3107 2683 3126 2718 ι
3168 2665 3277 2738 Ipsi
3315 2665 3498 2737 gloria
3543 2667 3596 2720 iu
3637 2664 3803 2722 secula.

597 2743 794 2796 Amen.

1143 2852 1425 2911 HOMILIA
1491 2855 1631 2910 XIII.

598 2967 811 3039 105,5
833 2967 902 3020 De
923 2968 1270 3024 immoderata
1295 2971 1567 3053 affeetione
1583 2973 1944 3042 conquirendi,
1971 2976 2169 3030 sive-de

1251 3049 1502 3094 avaritia.

2882 2871 3102 2926 ΛΟΓΟΣ
3149 2871 3252 2926 ll".

2784 2982 2922 3050 Περὶ
2975 2983 3359 3050 πλεονεξίας.

667 3152 758 3207 Ait
817 3153 1124 3209 Dominus:
1171 3173 1191 3205 ι
1223 3153 1397 3209 Nemo
1448 3116 1635 3225 potest
1673 3155 1894 3212 duobus
1932 3158 2174 3215 dominis

2343 3156 2516 3226 Φησὶν
2543 3158 2572 3211 ὁ
2611 3157 2839 3228 Κύριος·
2879 3177 2898 3208 ι
2939 3159 3132 3224 Οὐδεὶς
3174 3159 3406 3216 δύναται
3454 3162 3607 3216 δυσὶν
3643 3162 3807 3234 κυρίοις

594 3246 806 3301 servire
825 3262 840 3309 ;
861 3255 958 3300 aut
986 3247 1134 3300 enim
1165 3261 1335 3301 unum
1364 3255 1685 3302 contemnet
1711 3259 1767 3302 et
1793 3249 2027 3304 alterum
2053 3266 2177 3308 sus-

596 3339 812 3401 tinebit,
848 3347 946 3394 aut
993 3353 1165 3393 unum
1193 3339 1378 3393 oderit
1410 3347 1466 3393 ct
1521 3339 1760 3394 alterum
1791 3339 1985 3412 diliget
2015 3359 2028 3396 :
2061 3358 2173 3398 non

595 3429 827 3500 potestis
894 3429 1007 3484 Deo
1081 3429 1290 3484 servire
1349 3439 1408 3485 et
1471 3445 1799 3486 mammonae
1825 3431 1893 3486 ".
1931 3432 2173 3489 Liberati

593 3522 742 3575 enim
781 3537 811 3574 a
841 3529 1092 3590 peccato.
1123 3521 1268 3576 servi
1303 3521 1430 3575 facti
1469 3521 1604 3577 estis
1633 3522 1862 3594 iustitiae
1886 3525 1952 3590 ³⁸,
2001 3543 2022 3578 ι
2068 3539 2175 3580 nec

591 3613 703 3682 jam
741 3612 972 3682 potestis
996 3612 1108 3669 Deo
1141 3612 1353 3668 servire
1391 3619 1448 3668 et
1485 3629 1814 3670 mammona:
1847 3633 1860 3669 :
1897 3617 2056 3686 cujus
2091 3616 2176 3672 in-

595 3705 928 3774 terpretatio
975 3713 1062 3760 est
1099 3707 1295 3761 divitia:
1322 3748 1336 3772 ,
1367 3706 1514 3762 sicut
1566 3707 1660 3763 ille
1691 3708 1869 3764 dicit:
1907 3728 1924 3761 ι
1960 3710 2175 3766 Divitiae

591 3797 639 3852 si
669 3797 912 3862 affluant,
935 3799 1107 3854 nolite
1125 3813 1221 3854 cor
1247 3813 1526 3868 apponere
1547 3799 1592 3832 "
1623 3819 1636 3854 :
1672 3821 1688 3848 ο
1721 3801 2172 3872 quandoquidem

589 3887 746 3956 juxta
798 3887 938 3958 legis
981 3889 1386 3959 praescriptum,
1425 3905 1552 3960 pars
1583 3906 1690 3945 una
1723 3893 1974 3962 corporis
2021 3893 2172 3964 lepra

591 3977 639 4032 si
689 3979 1023 4050 aspergitur,
1082 3981 1255 4036 altera
1321 3991 1506 4036 autem
1574 3983 1790 4038 sincera
1845 3976 1960 4046 est:
1991 3995 2168 4040 totutn

594 4069 815 4124 interim
841 4079 1102 4125 censetur
1125 4071 1469 4126 immundum
1497 4071 1561 4126 ⁵⁸.
1594 4073 1759 4128 Plane
1784 4075 1978 4130 aliena:
2001 4075 2170 4130 l‘acul-

595 4163 721 4216 tatis
767 4163 1150 4232 appetentior,
1189 4163 1536 4232 quantalibet
1583 4165 1835 4234 pecunia:
1900 4166 2172 4222 exuberet

593 4255 772 4324 copia,
804 4270 1089 4323 nunquam
1141 4254 1466 4309 exsatiatur.
1501 4254 1639 4310 Cum
1706 4256 1856 4312 enim
1898 4259 2170 4327 permulta

593 4345 984 4414 indipiscetur,
1021 4359 1208 4399 rursus
1271 4345 1377 4399 alia
1427 4353 1579 4400 tanto
1637 4355 1856 4417 expetet
1901 4347 2168 4414 avidius;

2272 3244 2570 3302 δουλεύειν.
2605 3248 2676 3300 Ἦ
2717 3249 2828 3319 γὰρ
2864 3247 2958 3301 τοῦ
2998 3249 3118 3312 ἑνὸς
3151 3253 3603 3323 καταφρονήσει,
3634 3255 3714 3306 καὶ
3739 3250 3805 3305 τοῦ

2274 3335 2462 3407 ἑτέρου
2489 3336 2774 3403 ἀνθέξεται
2797 3355 2812 3368 ’
2839 3339 2872 3408 ἢ
2901 3339 2995 3392 τὸν
3015 3340 3116 3395 ἕνα
3143 3343 3394 3411 μισήσει,
3431 3345 3528 3398 καὶ
3554 3345 3641 3397 τὸν
3663 3343 3805 3414 ἕτερον

2272 3427 2576 3499 ἀγαπήσει.
2601 3429 2677 3483 Οὐ
2704 3430 2934 3484 δύνασθε
2957 3430 3078 3502 Θεῷ
3103 3433 3386 3488 δουλεύειν
3412 3437 3509 3491 καὶ
3540 3435 3800 3506 Μαμμωνᾷ.

2285 3519 2778 3593 Ἐλευθερωθέντες
2804 3522 2915 3592 γὰρ
2930 3525 3041 3578 ἀπὸ
3063 3524 3167 3594 τῆς
3183 3522 3494 3597 ἁμαρτίας,
3527 3527 3804 3594 ἐδουλώθητε

2271 3615 2340 3684 τῇ
2377 3613 2716 3685 δικαιοσύνῃ.
2751 3633 2770 3666 ι
2803 3615 2915 3668 Καὶ
2939 3615 3002 3668 οὐ
3031 3615 3266 3671 δύνασθε
3297 3616 3426 3690 Θεῷ
3451 3619 3708 3673 δουλεύειν
3735 3619 3802 3670 καὶ

2273 3701 2591 3773 Μαμμωνᾷ,
2627 3703 2658 3756 δ
2684 3703 3080 3774 ἑρμηνεύεται,
3111 3707 3408 3776 πλοῦτος,
3439 3709 3619 3772 καθὼς
3663 3709 3798 3776 λέγει·

2279 3811 2300 3844 ι
2341 3794 2581 3859 Πλοῦτος
2609 3795 2706 3850 εὰν
2730 3797 2858 3868 ρἑ,⁴
2888 3797 2963 3867 μὴ
2993 3797 3357 3868 προστίθεσθε
3391 3801 3636 3870 καρδίαν.
3665 3799 3800 3852 »οὐαὶ

2273 3883 2384 3956 γὰρ
2413 3886 2726 3958 ἁμαρτωλῷ
2756 3888 3096 3942 ὲπιόαίνοντι
3125 3889 3220 3943 ἐπὶ
3239 3890 3336 3944 δύο
3368 3892 3624 3962 τρίϐουςε
3655 3891 3798 3955 ἐπειδὴ

2272 3978 2370 4031 ἐὰν
2471 3977 2614 4032 κατὰ
2667 3979 2757 4032 τὸν
2816 3978 2988 4048 νόμον
3038 3980 3206 4052 μέρος
3269 3981 3479 4053 λεπρδν
3504 4024 3518 4048 ,
3548 3985 3638 4038 καὶ
3675 3982 3798 4052 μέρος

2273 4068 2556 4138 καθαρὸν,
2592 4070 2714 4122 ὅλον
2745 4071 3056 4142 ἀκάθαρτον
3099 4075 3270 4126 ἐστιν.
3308 4072 3369 4126 ’0
3399 4069 3496 4128 οὖν
3525 4071 3796 4134 πλεονέκτης

2270 4159 2436 4227 κόρον
2464 4159 2704 4250 οὐκιὲχει
2729 4159 2830 4228 τῆς
2859 4160 3324 4231 φιλοχρηματίας.
3346 4163 3526 4218 Ὅταν
3549 4163 3650 4234 γὰρ

2271 4248 2758 4320 κτήσηται,’πάλιν
2788 4251 2966 4306 ἄλλων
2987 4253 3266 4324 ὀρέγεται.
3293 4255 3408 4308 Καὶ
3439 4256 3566 4308 ὅταν
3593 4254 3676 4306 καὶ
3690 4248 3792 4304 αὐτὰ

2270 4342 2640 4414 οἱκειώσηται,
2680 4343 2838 4407 αὖθις
2887 4344 3052 4416 ἕτερα
3101 4343 3392 4415 ἐπιθυμεῖ,
3429 4346 3540 4400 Καὶ
3585 4343 3790 4398 οὐδέποτε

594 4446 836 4504 cumque
863 4434 968 4489 sibi
995 4435 1115 4490 hinc
1151 4436 1482 4498 conciliarit,
1511 4438 1636 4492 aliis
1667 4454 1889 4497 rursum
1921 4455 2168 4509 expanso

2280 4433 2510 4487 παύεται
2543 4433 2643 4501 τῆς
2674 4433 2915 4504 ματαίας
2943 4433 3149 4506 ταύτης
3169 4434 3426 4504 ὀρέξεως.
3447 4436 3558 4490 Καὶ
3583 4435 3674 4488 οὐκ
3687 4427 3790 4484 οἶδεν

592 4526 1063 4596 concupiscentia:
1113 4527 1238 4580 sinu
1289 4527 1464 4580 inhiat
1511 4529 1880 4592 cumulandis,
1913 4544 2019 4584 nec
2061 4546 2167 4584 un-

593 4632 756 4688 quam
783 4617 1158 4672 vesanientem
1179 4618 1328 4673 hunc
1359 4619 1516 4674 sedat
1533 4623 1858 4688 appetitum.
1883 4621 1999 4676 Nec
2019 4622 2170 4676 enim

595 4707 642 4761 is
656 4708 828 4772 novit,
855 4707 982 4777 quia
1000 4719 1260 4778 quantam
1281 4707 1448 4762 habet
1462 4709 1746 4764 materiam
1773 4710 1984 4765 vitiosa:
2009 4711 2174 4766 istius

593 4798 904 4854 alfectionis
936 4799 1244 4853 secundum
1285 4799 1726 4870 proportionem,
1759 4808 1914 4856 tanto
1959 4803 2173 4862 recedit

593 4909 621 4946 ιι
647 4891 797 4954 υοο,ι
819 4891 988 4960 fitque
1017 4891 1295 4960 particeps
1325 4891 1636 4960 apostasia.
1667 4890 1868 4962 Utique
1896 4893 2018 4948 talis
2049 4895 2173 4948 nul-

593 4983 706 5037 lum
733 4985 982 5052 operitur
1012 4983 1137 5037 vitae
1171 4983 1330 5036 istius
1364 4982 1567 5048 ﬁnem;
1603 4998 1784 5052 neque
1828 4983 2089 5056 intelligit
2115 4986 2170 5040 in

597 5074 699 5128 hac
724 5075 834 5128 vita
870 5073 1204 5144 inquilinum
1232 5087 1292 5128 se
1323 5087 1446 5128 esse
1482 5079 1649 5142 atque
1684 5073 2029 5138 incolam,‘et
2051 5093 2175 5146 quae

597 5167 832 5236 adeptus
887 5177 975 5219 est
1023 5181 1136 5221 non
1175 5181 1300 5220 esse
1357 5180 1478 5220 sua.
1508 5164 1676 5221 Plane
1713 5165 1760 5220 is
1797 5167 2176 5222 accensendus

597 5257 749 5310 venit
797 5257 978 5311 ordini
1030 5259 1350 5312 stultorum.
1379 5256 1665 5325 Particeps
1711 5256 1860 5311 enim
1905 5266 1992 5312 est
2025 5257 2176 5313 illius

598 5347 789 5401 divitis
811 5349 900 5402 cui
924 5357 1180 5418 suspecta
1209 5357 1330 5404 erat
1365 5348 1468 5402 loci
1502 5349 1588 5403 sui
1613 5350 1888 5419 angustia,
1923 5349 1996 5404 De
2029 5351 2176 5417 ejus-

601 5423 748 5491 modi
791 5437 1074 5507 eleganter
1115 5437 1400 5508 Scriptura
1430 5436 1722 5506 loquitur:
1756 5457 1774 5488 ι
1805 5436 2176 5502 Quemadmo—

603 5529 734 5584 dum
769 5527 1017 5585 infernus
1057 5540 1116 5585 et
1147 5531 1386 5601 perditio
1424 5543 1533 5582 non
1566 5528 1890 5600 implentur.
1925 5530 1996 5583 ita
2025 5529 2170 5582 oeuli

2269 4524 2354 4576 ὅτι
2391 4523 2494 4577 ὃσα
2533 4523 2602 4578 ἂν
2635 4524 2757 4578 κατ’
2793 4523 3084 4588 ἀναλογίαν
3104 4525 3170 4594 ἢν
3199 4523 3314 4593 ἔχει
3342 4527 3373 4577 ὁ
3404 4523 3676 4592 ἄνθρωπος
3700 4517 3789 4586 περὶ

2272 4612 2373 4680 τὴν
2415 4611 2553 4684 ἰὓλην
2584 4613 3122 4685 προσπαθείας,τῆς
3147 4613 3258 4668 ἆπὸ
3289 4614 3388 4668 τοῦ
3423 4613 3556 4668 Θεοῦ
3596 4612 3786 4665 ἀποπα-

2277 4703 2409 4765 σίαςτ
2461 4703 2698 4774 μετέχει.
2734 4705 2843 4758 Καὶ
2899 4705 2928 4758 ὁ
2978 4704 3224 4768 τοιοῦτος
3267 4705 3330 4758 οὐ
3365 4704 3633 4775 προσδοκᾷ
3677 4698 3787 4756 τέλος

2279 4792 2419 4864 βίου,
2446 4793 2570 4847 οὐδὲ
2595 4793 2888 4848 ιπίσταται
2945 4795 3027 4848 ὅτι
3061 4797 3322 4867 παροικεῖ
3343 4798 3405 4849 ιν
3429 4794 3560 4867 τῷδε
3590 4791 3660 4860 τῷ
3683 4789 3782 4860 βίον

2275 4887 2371 4940 καὶ
2396 4886 2542 4958 ἅπερ
2567 4886 2852 4954 κέκτηται,
2887 4888 2970 4940 ὅτι
2999 4887 3100 4940 οὐκ
3127 4883 3296 4940 αὐτοῦ
3339 4889 3500 4942 εἰσιν.
3532 4884 3636 4938 Kal
3657 4881 3783 4934 οὕτως

2274 4979 2454 5032 τοίνυν
2479 4979 2536 5031 ὲν
2567 4981 2681 5040 τοῖς
2710 4977 2912 5047 ἄφροσι
2933 4977 3217 5033 τέτακται.
3248 4977 3518 5039 Κοινωνὸς
3550 4975 3650 5044 γάρ
3676 4974 3782 5022 ἐστιν

2273 5069 2370 5128 ⁸τοῦ
2427 5070 2681 5124 πλουσίου
2723 5069 2964 5128 ἐκείνου.
3022 5063 3237 5132 οὗτινος
3263 5069 3572 5140 ηὐπόρησεν
3596 5066 3625 5133 ἡ
3651 5061 3779 5129 χώρα·

2275 5159 2387 5213 Καὶ
2421 5159 2601 5222 καλῶς
2647 5159 2794 5227 λέγει
2849 5157 2981 5228 περὶ
3017 5157 3128 5210 τῶν
3163 5157 3480 5226 τοιούτωνή
3509 5150 3698 5234 Γραφὴ.
3721 5146 3778 5197 ὅτι

2281 5271 2300 5303 ι
2349 5253 2558 5320 Ὥσπερ
2610 5250 2744 5322 ᾅδης
2785 5251 2940 5320 καὶή
2989 5249 3240 5304 ἀπώλεια
3283 5249 3384 5302 οὐκ
3430 5241 3774 5318 ἑμπιπλῶνται.

2273 5343 2447 5406 οὕτως
2474 5344 2567 5396 καὶ
2595 5345 2644 5397 oi
2672 5341 2947 5412 ὀφθαλμοὶ
2991 5341 3101 5395 τῶν
3149 5339 3452 5412 ἀνθρώπων
3485 5336 3731 5403 ἄπληστοι.
3759 5343 3772 5373 ³

2276 5433 2608 5502 Βουλόμενος
2637 5429 2730 5486 οὖν
2763 5434 2790 5484 ὁ
2823 5430 3094 5502 μακάριος
3136 5428 3393 5491 Ἰάκωϐος
3421 5413 3773 5496 θεραπεῦσαιτδ

2273 5526 2511 5580 τοιοῦτον
2535 5525 2748 5595 νόσημα
2788 5525 2886 5594 τῆς
2924 5523 3240 5591 πλεονεξίας
3279 5519 3570 5576 ἐπιστέλλει
3593 5513 3761 5578 λέγων·

679 5683 718 5712 ⁸⁸
763 5682 890 5735 Lor.
922 5701 1043 5746 xxv,
1069 5685 1158 5739 57.
1229 5689 1294 5718 "“
1325 5680 1770 5743 Erolc.\'.l?.-l.’i.
1825 5683 1869 5714 "
1907 5683 2082 5736 ITim.
2124 5698 2191 5734 γι.
2231 5652 2408 5735 l7-I9.
2492 5679 2686 5734 "Luc.
2717 5697 2824 5744 xix,
2855 5678 2903 5732 8.
2983 5678 3028 5710 "
3067 5677 3198 5733 ibid.
3230 5680 3280 5734 9.
3335 5680 3376 5710 ⁵⁵
3411 5672 3582 5729 Matth.
3606 5681 3672 5730 Vl,
3699 5658 3762 5712 Ἅι

611 5751 656 5782 ⁸⁶
677 5751 835 5806 Ilum.
870 5771 916 5806 γι
939 5797 952 5818 ,
986 5755 1065 5807 I8.
1144 5759 1184 5788 δτ
1219 5757 1356 5809 Psal.
1397 5758 1596 5820 t.\t,ll.

1674 5756 1717 5783 ⁵⁸
1751 5755 1924 5807 Levit.
1999 5769 2114 5816 .\"ll,
2148 5753 2228 5804 Ιῖἰ.
