4016 6420
182 369 320 433 1469

1128 379 1457 438 IIOMILIA
1497 379 1648 438 XIV.
1677 403 1740 412 -
1767 378 1864 437 DE
1904 378 2481 438 DISTRACTIONE.

3292 375 3430 439 1470

186 497 210 536 ι
251 481 317 532 Ἀ
334 495 384 544 τε
410 479 526 544 νῦν,
555 479 603 532 οἱ
645 479 922 545 πλούσιοι,
963 481 1235 536 κλαύσατε
1265 483 1615 546 ὀλολύζοντες
1662 482 1754 534 ἐπὶ

1874 483 2150 536 ῖιοιιιὶιιιιιη
2192 481 2533 537 insatiabiles
2559 481 2626 534 δ’.
2667 500 2686 532 ι
2715 481 2918 536 Beatus
2964 481 3151 552 itaque
3187 484 3432 538 Iacobus

182 575 305 634 ταῖς
363 570 762 644 ταλαιπωρίαις
825 575 978 644 ὑμῶν
1031 579 1152 636 ταῖς
1205 576 1630 646 ἐπερχομέναις.
1695 575 1756 626 ’0

181 659 416 723 ’πλοῦτος
451 663 610 732 ὑμῶν
648 665 908 734 σέσηπεν,
944 666 1040 718 καὶ
1063 664 1132 716 τὰ
1155 665 1347 734 ἱμάτια
1383 665 1536 734 ὑμῶν
1597 664 1760 734 σητό-

177 751 372 822 6ρωτα
419 754 664 820 γέγονεν.
725 775 742 806 ι
792 757 850 808 ὐ
889 755 946 808 δὲ
982 753 1144 810 Δαυτδ
1194 755 1323 825 περὶ
1356 754 1464 807 τῶν
1493 753 1762 807 ετοιούτων

181 841 566 896 ἀποτείνεταιο
637 863 656 894 ι
705 843 972 911 Μέντοιγε
1040 845 1100 896 ὲν
1146 843 1319 896 είκόνι
1383 843 1764 914 διαπορεύεται

181 930 494 1001 ἄνθρωπος,
560 931 700 1002 πλὴν
755 935 933 1005 μάτην
983 934 1358 1002 ταράσσεται*
1395 931 1760 1002 θησαυρίζει,

186 1027 290 1078 καὶ
321 1025 380 1078 οὐ
403 1025 664 1094 γινώσκει
692 1027 796 1081 τίνι
823 1029 1040 1092 συνάξει
1067 1030 1228 1082 αὐτὰ.
1257 1047 1275 1078 ι
1321 1028 1434 1080 Ἀεὶ
1461 1027 1570 1097 γὰρ
1591 1031 1638 1081 οἱ
1670 1028 1766 1098 θη-

188 1117 509 1186 σαυρισταὶ,
545 1121 932 1188 ματαιοκόποι,
957 1119 1452 1190 ἀλλοτριονάματοι
1485 1119 1770 1188 εὑρίσκονο

183 1225 302 1264 ται.
337 1228 356 1260 ι
390 1209 457 1263 Οί
483 1209 604 1280 ,γὰρ
639 1210 958 1280 βουλόμενοι
989 1211 1264 1273 πλουτεῖν,
1293 1209 1660 1280 ἐμπίπτουσιν
1687 1209 1768 1270 είς

185 1303 498 1376 πειρασμὸν
549 1302 646 1356 καὶ
685 1303 887 1370 παγίδα
929 1303 1022 1356 τοῦ
1061 1301 1343 1364 διαϐόλου,
1380 1321 1398 1353 ι
1437 1301 1532 1355 καὶ
1578 1300 1768 1353 ἐπιθυ-

189 1391 324 1462 μίας
355 1390 558 1455 πολλὰς
593 1393 861 1462 ἀνοήτους
919 1393 1014 1448 καὶ
1045 1392 1337 1464 βλαὸεράς.
1373 1393 1585 1453 Λῖτινες
1619 1390 1768 1460 βυθί-

184 1481 377 1544 ζουσιν
406 1482 535 1544 τοὺς
575 1481 900 1553 ἀνθρώπους
952 1485 1034 1546 εἲς
1067 1483 1290 1553 ὄλεθρον
1328 1483 1423 1536 καὶ
1459 1482 1764 1546 ἀπώλειαν,

187 1571 345 1625 κατὰ
363 1571 456 1624 τὸν
490 1572 839 1628 Ἀπόστολον.
882 1575 993 1628 Καὶ
1043 1571 1200 1638 αὖθις
1230 1575 1603 1644 παραγγέλλει
1634 1573 1762 1642 φεύ-

185 1679 312 1729 γειν
334 1662 434 1732 τὴν
475 1663 811 1729 πλεονεξίαν·
856 1685 874 1716 ι
914 1666 1074 1730 Ἥτις
1129 1667 1276 1720 ἐστὶν
1326 1665 1765 1736 εἰδωλολατρεία,

184 1751 258 1804 δι’
288 1748 356 1826 ἧς
409 1755 708 1824 ἐπέρχεται
757 1758 790 1828 ὴ
833 1758 972 1828 ὀργὴ
1005 1757 1100 1810 τοῦ
1143 1757 1280 1812 Θεοῦ
1329 1758 1424 1811 ἐπὶ
1455 1757 1582 1820 τοὺς
1616 1758 1768 1818 υἱοὺς

182 1844 292 1909 τῆς
338 1846 616 1909 ἀπιστίας.
655 1866 672 1898 ι
709 1849 889 1902 Καλὸν
931 1849 1024 1902 οὖν
1069 1853 1219 1902 ἐστιν
1264 1847 1570 1920 ἅποῤῥίῲαι
1597 1848 1658 1900 τὸ
1705 1849 1768 1900 ὲκ

187 1936 288 1992 τοῦ
325 1936 557 1992 πλούτου
593 1939 880 2007 ἀλόγιστον
907 1942 1192 2012 καύχημα,
1219 1941 1315 2002 τὰς
1341 1939 1550 2003 οἰκείας
1582 1937 1771 1992 ἐπιθυ-

192 2027 326 2093 μίας
379 2030 694 2100 μισήσαντα
729 2047 742 2060 ·
781 2032 917 2102 ὅπερ
967 2033 1116 2084 ἐστὶν
1167 2035 1394 2102 μισῆσαι
1429 2031 1528 2100 τὴν
1571 2027 1770 2083 ἑαυτοῦ

187 2117 392 2188 ψυχὴν,
429 2121 524 2172 καὶ
577 2120 990 2195 ἀποκτήσασθαι
1037 2124 1217 2176 πάντα
1261 2123 1448 2176 ἕνεκεν
1477 2122 1576 2190 τῆς
1611 2121 1772 2191 δόξης

189 2207 288 2262 τοῦ
315 2208 649 2276 Εὐαγγελίου
681 2211 771 2263 τεῦ
797 2211 958 2266 Θεοῦ.
1001 2213 1062 2264 Ὀ
1091 2212 1200 2282 γὰρ
1225 2211 1397 2282 αἴρων
1427 2210 1526 2280 τὴν
1557 2209 1770 2264 ἔννοιαν

189 2299 360 2352 αὐτοῦ
385 2300 492 2353 ἀπὸ
520 2301 700 2371 πάσης
725 2303 1064 2368 πλεονεξίας,
1094 2301 1317 2356 δύναται
1345 2303 1474 2358 ίδεῖν
1508 2302 1608 2365 τὰς
1639 2301 1771 2371 μεθ-

191 2391 344 2454 οδίας
387 2391 481 2446 τοῦ
517 2393 798 2450 διαϐόλου.
839 2396 1010 2448 Ὅταν
1075 2395 1184 2466 γὰρ
1221 2393 1416 2466 ἐξέλθῃ
1437 2394 1478 2466 ίό
1507 2392 1632 2456 νοῦς
1662 2393 1772 2450 τῶν

199 2483 531 2552 σωματικῶν
581 2487 881 2556 φροντίδων
907 2526 921 2548 ,
963 2487 1150 2558 βλέπει
1181 2487 1325 2542 κατὰ
1349 2487 1643 2554 ἀναλογίαν
1675 2480 1773 2546 τὰς

201 2579 535 2650 πανουργίας
583 2579 690 2632 τῶν
723 2579 955 2650 ἐχθρῶν.
991 2583 1162 2651 Φησὶν
1192 2580 1249 2633 δὲ
1279 2580 1373 2633 καὶ
1403 2583 1430 2634 ὁ
1460 2581 1772 2649 Παροιμια-

195 2670 357 2736 στῆς
389 2689 407 2720 ι
446 2671 559 2723 Οὐκ
583 2670 957 2740 ὠφελήσουσιν
984 2671 1252 2740 θησαυροὶ
1279 2673 1508 2741 ἀνόμους
1529 2687 1541 2700 ο
1567 2671 1778 2724 δικαιο-

193 2759 334 2824 σύνη
383 2761 438 2812 δὲ
495 2762 560 2814 ὲκ
605 2761 836 2814 θανάτου
888 2761 1142 2832 ῥύεται.»
1178 2763 1304 2816 Καὶ·
1338 2781 1356 2810 ι
1397 2757 1774 2830 Αἱρετὼτερον

189 2849 369 2920 ὖνομα
418 2852 602 2908 καλὸν.
638 2852 671 2922 ἢ
708 2853 938 2916 πλοῦτος
981 2853 1149 2916 πολύς
1174 2869 1190 2884 ⁸
1222 2853 1362 2922 ὑπὲρ
1405 2852 1460 2906 δὲ
1507 2850 1772 2921 ἀργύριον

191 2943 296 2998 καὶ
354 2946 602 3014 χρυσίον,
625 2946 786 3016 χάρις
835 2946 1038 3016 ἀγαθή.
1083 2966 1102 2997 ι
1139 2975 1209 2986 --
1239 2965 1257 2996 ι
1300 2944 1362 3000 Ὀ
1423 2944 1480 2997 δὲ
1534 2944 1774 3012 συνέχων

195 3038 369 3094 σῖτον,
400 3036 750 3090 ἀπολείποιτο
799 3038 961 3091 αὐτὸν
1021 3041 1133 3101 τοῖς
1177 3036 1406 3090 ἔθνεσιν.
1437 3055 1454 3087 ι
1489 3034 1618 3090 Καί·
1655 3055 1672 3086 ι
1717 3034 1775 3088 Ὀ

192 3127 537 3198 τιμιουλκῶν
591 3131 758 3192 σῖτον,
793 3130 1245 3200 δημοκατὰρατος
1270 3145 1284 3158 ⁶
1335 3127 1556 3196 εὐλογία
1593 3129 1650 3181 δὲ
1683 3128 1776 3181 ἐπὶ

193 3221 300 3290 τὴν
335 3219 578 3288 κεφαλὴν
611 3219 712 3273 τοῦ.
759 3221 1154 3290 μεταδιδόντος.
1197 3240 1213 3270 ι
1253 3221 1384 3279 Καὶ.
1419 3241 1438 3271 ι
1489 3220 1548 3270 ’0
1579 3236 1777 3272 πεποι-

197 3309 312 3372 θὼς
333 3311 424 3376 ἐπὶ
452 3311 672 3381 πλούτῳ
695 3313 884 3374 αὐτοῦ,
916 3317 1160 3368 πεσεῖται
1181 3331 1194 3344 ο
1226 3315 1254 3366 ό
1281 3313 1338 3366 δὲ
1373 3311 1768 3380 ἀντιλαμϐανό-

203 3417 368 3471 μενος
423 3401 669 3467 δικαίων,
724 3399 880 3469 οὗτος
937 3404 1221 3460 ἀνατέλλει
1290 3424 1308 3456 ι
1351 3404 1411 3458 ’0
1458 3404 1517 3458 δὲ
1573 3403 1780 3476 Κύριός

199 3505 344 3561 φησι
395 3493 528 3562 περὶ
581 3493 674 3547 τοῦ
730 3494 1058 3564 βουλομένου
1109 3495 1208 3556 τὰς
1257 3493 1452 3548 ἑαυτοῦ
1494 3492 1782 3566 ἀποθήκας

197 3579 478 3648 καθελεῖν,
501 3585 595 3638 καὶ
627 3586 881 3654 μείζονας
908 3585 1264 3655 οἰκοδομῆσαι
1289 3601 1302 3614 '
1337 3604 1356 3636 ι
1387 3587 1636 3655 Ἄφρων,
1659 3584 1785 3638 ταύ-

196 3691 270 3746 τῃ
325 3677 390 3746 τῇ
425 3677 604 3741 νυκτὶ,
627 3678 678 3730 οἱ
727 3678 948 3744 ἄγγελοι
998 3677 1098 3748 τὴν
1146 3677 1326 3747 ψυχήν
1381 3694 1474 3729 σου
1517 3675 1781 3730 ἀπαιτοῦ-

202 3781 296 3818 σιν
351 3766 460 3820 ἀπὸ
493 3767 590 3820 σοῦ
615 3784 633 3811 ε
666 3768 702 3822 ἃ
744 3768 803 3822 δὲ
842 3769 1179 3840 ἡτοίμασας,
1213 3769 1320 3820 τίνι
1372 3769 1566 3833 ἐσταις
1616 3787 1635 3819 ι
1669 3770 1782 3822 Καὶ

199 3857 426 3926 ἐπάγειο
465 3879 484 3911 ι
521 3859 709 3924 Οὕτως
756 3862 865 3924 πᾶς
907 3863 937 3914 ό
976 3860 1322 3932 θησαυρίζων
1359 3861 1416 3912 ὲν
1446 3859 1652 3929 ἐαυτῷ,
1684 3860 1782 3916 καὶ

205 3949 288 4021 μὴ
319 3951 397 4012 εἰς
435 3951 569 4005 Θεὸν
589 3951 866 4010 πλουτῶν.
905 3973 921 4004 ι
953 3951 1112 4022 Αὑτῴ
1140 3953 1174 4022 ἡ
1199 3951 1327 4016 δόξα
1361 3953 1442 4014 είς
1491 3951 1617 4014 τοὺς
1646 3949 1782 4006 αίῶο

200 4059 308 4105 νας
336 4041 446 4097 τῶν
475 4040 708 4098 αίῶνων.
755 4044 949 4114 Ἀμήν.

1862 573 2094 642 cupiens
2121 573 2313 627 morbo
2340 572 2430 626 isti
2459 572 2782 642 cupiditatis
2816 571 3100 628 immensa:
3135 573 3282 628 ferre
3317 589 3433 628 me-

1861 666 2064 729 delam,
2093 675 2193 735 per
2221 665 2522 734 Epistolam
2557 665 2695 718 dicit
2727 682 2740 716 :
2781 683 2799 716 ι
2829 664 2988 734 Agite
3015 679 3186 726 nunc,
3211 665 3434 731 divites,

1863 756 2074 825 plorate
2137 756 2414 810 ululantes
2470 770 2640 824 super
2689 754 2932 808 miseriis
2961 770 3087 824 qua:
3132 755 3438 810 advenient

1865 849 2024 902 vobis
2067 866 2078 900 :
2111 847 2318 901 divitiae
2350 854 2548 900 νοείτω
2574 845 2898 916 putrefaclte
2925 856 3077 912 sunt,
3105 848 3437 904 vestimenta

1865 949 2046 994 vestra
2081 957 2111 994 ιι
2165 941 2307 994 tinea
2341 947 2583 993 comesta
2639 948 2772 994 sunt
2795 940 2862 992 ‘°.
2904 959 2921 990 ι
2952 939 3115 994 Tales
3165 949 3223 994 et
3269 941 3436 994 David

1869 1031 2193 1101 perstringit
2221 1049 2234 1084 :
2281 1049 2298 1082 ι
2332 1031 2726 1084 Verumtamen
2771 1029 2827 1083 in
2861 1029 3099 1100 imagine
3135 1031 3442 1101 pertransit

1869 1121 2056 1185 homo,
2079 1121 2174 1176 sed
2202 1122 2408 1175 frustra
2439 1121 2825 1185 conturbatur,
2855 1121 3190 1175 thesaurizat
3210 1131 3266 1176 et
3289 1122 3443 1192 igno-

1868 1219 1955 1266 rat
1981 1211 2071 1266 cui
2099 1211 2458 1281 eongregabit
2485 1226 2551 1264 ea
2581 1211 2646 1263 ⁸³.
2688 1228 2706 1260 ο
2741 1209 2837 1263 Isti
2869 1209 3018 1264 enim
3053 1211 3441 1266 thesaurorum

1867 1309 2227 1372 congestores
2244 1301 2451 1356 frustra
2481 1299 2709 1354 sudasse
2741 1299 3180 1368 comperiantur,
3210 1316 3315 1355 nec
3337 1300 3442 1355 sibi

1869 1402 2135 1463 unquam,
2167 1392 2262 1448 sed
2289 1392 2413 1446 aliis
2443 1391 2748 1446 laborasse.
2778 1409 2794 1439 ι
2822 1389 2928 1456 Qui
2957 1395 3109 1446 enim
3143 1392 3338 1446 volunt
3367 1391 3449 1446 di-

1865 1484 2010 1538 vites
2029 1483 2174 1543 ﬁeri.
2209 1483 2464 1539 incidunt
2488 1483 2542 1537 in
2567 1481 2926 1537 tentationem
2961 1491 3017 1538 et
3049 1483 3306 1554 laqueum
3335 1485 3450 1538 dia-

1870 1575 2038 1630 boli"
2063 1593 2075 1628 :
2105 1596 2122 1625 ι
2148 1591 2415 1644 suamque
2439 1585 2500 1629 ut
2520 1573 2818 1644 plurimum
2839 1575 3202 1644 experiuntur
3225 1575 3444 1630 tandem

1855 1666 2261 1741 cupiditatem,
2289 1667 2619 1723 inamwnam
2647 1685 2769 1725 esse
2790 1676 2954 1736 atque
2982 1666 3390 1737 dispendiosam
3427 1685 3442 1722 :

1871 1773 1992 1827 quo
2013 1767 2069 1811 et
2080 1757 2234 1826 juxta
2256 1757 2582 1826 Apostolum
2603 1759 2875 1828 demergit
2899 1759 3154 1812 homines
3181 1759 3234 1812 in
3254 1759 3445 1828 perni-

1803 1827 1840 1882 "
1872 1849 2012 1903 ciem
2064 1863 2128 1902 ac
2189 1847 2608 1916 perditionemu
2639 1849 2805 1904 Jubet
2839 1863 3056 1902 rursum
3091 1847 3158 1910 is,
3187 1847 3358 1900 multa
3385 1856 3446 1901 ut

1873 1940 2371 2007 circumspectione
2395 1939 2638 1994 vitemus
2658 1939 2992 2008 superﬂuam
3017 1938 3163 1993 hanc
3193 1953 3295 1992 nec
3321 1938 3448 1992 ullis

1875 2032 2079 2088 ﬁnibus
2104 2032 2580 2102 circumscriptam
2605 2031 2896 2086 avaritiam
2932 2047 2946 2084 :
2985 2052 3002 2080 ι
3045 2029 3176 2095 Quae
3209 2037 3295 2084 est
3331 2028 3450 2084 ido-

1873 2125 2053 2178 lorum
2117 2123 2320 2187 cultus,
2350 2139 2448 2192 per
2501 2139 2664 2194 quam
2725 2123 2883 2177 venit
2930 2123 3010 2176 ira
3066 2123 3164 2176 Dei
3205 2121 3260 2175 in
3309 2120 3450 2174 ﬁlios

1873 2215 2192 2270 diﬁidcntize
2225 2215 2290 2268 ⁸³.
2332 2234 2350 2266 ι
2392 2215 2536 2273 Sane
2577 2232 2742 2284 quam
2793 2215 3056 2269 decorum
3105 2214 3200 2279 sit,
3236 2223 3298 2267 ut
3349 2229 3448 2269 cx-

1874 2315 2076 2378 puncta
2107 2307 2292 2361 animo
2319 2307 2582 2376 iactantia
2608 2307 2745 2362 citra
2784 2309 3052 2362 rationem
3082 2305 3247 2360 ullam
3281 2305 3449 2375 proii-

1874 2395 2115 2449 cisccnte
2136 2410 2200 2448 ex
2223 2394 2452 2459 divitiis,
2477 2395 2664 2449 oderis
2691 2395 2918 2465 insuper
2943 2393 3216 2450 incentiva
3245 2395 3452 2463 qmevis

1875 2485 2110 2556 propria:
2140 2485 2608 2554 concupiscentia:
2641 2504 2654 2540 :
2690 2487 2742 2540 id
2774 2487 2923 2554 quod
2969 2495 3073 2551 est,
3110 2485 3293 2541 odisse
3327 2485 3448 2539 ani-

1875 2592 2017 2631 mam
2041 2592 2219 2638 suam,
2250 2585 2304 2630 et
2327 2592 2356 2630 a
2379 2592 2436 2632 se
2461 2577 2770 2632 excussisse
2793 2593 2956 2631 onme
2985 2594 3145 2631 suum
3174 2578 3450 2646 peculium

1877 2683 1976 2738 pro
2019 2667 2194 2737 gloria
2251 2665 2533 2735 Evangelii
2585 2664 2702 2718 Dei.
2742 2665 2956 2736 105.6
3005 2665 3268 2732 Quisquis
3303 2665 3450 2716 enim

1877 2753 2274 2823 cogitationem
2301 2753 2551 2806 funditus
2586 2753 2852 2806 amolitur
2888 2762 2945 2806 et
2967 2763 3164 2806 avocat
3192 2753 3260 2806 ab
3303 2751 3453 2805 omni

1879 2857 2288 2912 supervacanea
2341 2842 2668 2910 cupiditate,
2716 2841 2762 2894 is
2809 2857 2919 2895 non
2977 2856 3174 2910 magno
3217 2839 3456 2910 negotio

1878 2933 2246 3004 deprehendit
2281 2933 2582 2988 insidiosas
2613 2933 2817 2987 diaboli
2844 2932 3089 3002 pedicas.
3128 2933 3278 2986 Meus
3307 2932 3454 2986 enim

1881 3042 2211 3108 simulatque
2239 3055 2266 3093 a
2305 3055 2364 3094 se
2390 3039 2608 3107 depulit
2639 3038 2830 3092 anxias
2858 3037 3110 3106 corporis
3141 3051 3324 3100 curas,
3359 3051 3455 3091 ve-

1801 3163 1844 3220 c
1883 3131 2172 3189 teratorias
2221 3131 2344 3185 illas
2389 3145 2457 3184 ac
2499 3130 2727 3186 fallaces
2766 3129 3053 3186 machinas
3084 3129 3456 3187 inimicorum.

1881 3240 1982 3294 pro
2021 3225 2232 3281 ratione
2261 3223 2460 3276 virium
2495 3237 2634 3291 quas
2663 3222 2858 3277 sortita
2898 3231 3006 3285 est,
3043 3221 3340 3291 perspicue
3370 3221 3458 3274 vi-

1879 3315 1991 3370 det.
2029 3314 2116 3368 Ait
2179 3313 2409 3382 proinde
2460 3313 2883 3368 Parosmiastes:
2919 3332 2938 3364 ι
2973 3313 3094 3368 Non
3149 3313 3460 3382 proderunt

1883 3405 2128 3463 thesauri
2151 3405 2360 3474 iniquis
2384 3421 2399 3470 ;
2419 3406 2635 3474 iustitia
2657 3415 2842 3460 autem
2869 3421 2898 3460 a
2932 3414 3110 3461 morte
3131 3406 3333 3460 liberat
3354 3406 3453 3458 ⁸⁸.»

1885 3500 2059 3554 Ειει
2103 3497 2298 3552 Melius
2352 3505 2439 3552 est
2494 3511 2695 3551 nomen
2756 3497 2964 3552 bonum
3023 3513 3190 3566 quam
3248 3496 3456 3550 divitiae

1883 3590 2090 3651 multas,
2123 3603 2292 3657 super
2321 3597 2609 3658 argentum
2639 3595 2698 3641 et
2729 3603 2929 3643 aurum
2956 3587 3128 3658 gratia
3162 3588 3306 3642 bona
3339 3587 3406 3639 ⁸⁸.
3437 3608 3454 3638 ι

1883 3681 2044 3736 Ειει
2086 3677 2390 3734 Continens
2479 3678 2820 3734 frumentum
2901 3679 3254 3749 derelinquet
3327 3679 3461 3746 ipsis

1885 3771 2140 3840 gentibus
2167 3771 2232 3825 ‘°.
2291 3790 2310 3823 ›
2373 3770 2480 3826 Et:
2518 3793 2536 3821 ι
2575 3770 2678 3836 Qui
2727 3770 3003 3840 appretiat
3083 3771 3458 3830 frumentum,

1889 3859 2226 3914 maledictus
2251 3859 2305 3913 in
2337 3859 2586 3929 populis;
2633 3859 2955 3915 benedictio
3075 3869 3260 3915 autem
3297 3875 3464 3928 super

1887 3949 2534 4021 caputdispertientis“.
2559 3970 2578 4001 ι
2605 3950 2702 4004 Et:
2733 3970 2750 4002 ι
2780 3950 2885 4016 Qui
2908 3949 3139 4006 conlidit
3159 3950 3212 4004 in
3227 3949 3460 4012 divitiis,

1887 4041 2258 4111 corruet,.qui
2288 4049 2475 4096 autem
2523 4041 2760 4110 benigne
2804 4040 3082 4096 succurrit
3121 4041 3308 4112 iustis,
3335 4055 3466 4094 exo-

203 4133 386 4188 rietur
419 4135 485 4188 “.
531 4153 549 4186 ι
583 4136 849 4190 Dominus
875 4135 1028 4198 item,
1068 4134 1136 4189 de
1161 4149 1228 4187 eo
1263 4133 1358 4202 qui
1383 4132 1528 4202 apud
1589 4149 1648 4188 se
1711 4134 2079 4190 constituerat
2126 4149 2254 4188 suas
2295 4131 2552 4187 demoliri
2615 4147 2681 4187 ac
2713 4132 2833 4188 solo
2879 4133 3174 4204 aquuare
3231 4133 3465 4204 apothe-

203 4239 326 4288 cas,
357 4223 504 4293 qnod
530 4225 878 4294 angustiores
907 4225 1248 4284 viderentur,
1288 4223 1507 4292 illisque
1572 4223 1912 4280 exaediﬁcare
1963 4225 2324 4294 capaciores:
2362 4243 2380 4274 ι
2417 4223 2595 4278 Stulte
2630 4265 2644 4288 ,
2715 4225 2832 4290 ait,
2905 4225 3006 4280 hac
3060 4233 3224 4280 nocte
3285 4223 3464 4293 angeli

201 4316 312 4370 .tbs
351 4324 402 4370 te
437 4324 692 4386 repetent
735 4318 975 4373 animam
1007 4326 1196 4381 tuam;
1231 4331 1354 4384 quae
1417 4324 1602 4374 autem
1662 4321 2021 4389 praeparasti,
2051 4319 2211 4388 cujus
2275 4328 2438 4372 erunt
2463 4318 2558 4372 ⁸⁸2
2595 4338 2613 4370 ›
2649 4318 2907 4374 lnducit:
2945 4338 2962 4369 ι
3005 4318 3098 4373 Sic
3147 4319 3327 4373 omnis
3369 4316 3464 4387 qui

207 4404 316 4468 tibi
347 4403 449 4483 ipsi
483 4404 836 4469 thesaurizat,
863 4421 972 4460 non
999 4407 1127 4460 item
1156 4403 1302 4474 apud
1329 4403 1500 4457 Deum
1533 4405 1783 4462 recondit
1819 4407 2044 4462 divitias
2075 4409 2143 4461 ⁷ο.
2182 4427 2200 4458 ι
2235 4407 2340 4476 lpsi
2364 4408 2536 4478 gloria
2561 4407 2616 4462 in
2655 4407 2891 4482 smcula.’
2915 4408 3108 4462 Amen.

809 4519 1028 4579 ΛΟΓΟΣ
1061 4521 1154 4574 ΙΔ’.

671 4633 814 4700 Περὶ
869 4639 1319 4706 περισπασμοῦ.

280 4745 418 4816 Περὶ
457 4743 554 4799 τοῦ
577 4745 988 4816 περισπασμοῦ,
1027 4749 1332 4817 ἀναφανδὸν
1361 4752 1605 4806 διδάσκει
1633 4750 1784 4820 ἡμᾶς

208 4840 244 4892 ὁ
289 4837 728 4909 Ἐκκλησιαστὴς
783 4837 957 4900 οὕτως
983 4851 999 4866 ⁸
1057 4859 1075 4890 ι
1119 4843 1339 4896 Ἔδωκα
1399 4845 1498 4912 τὴν
1556 4842 1784 4914 καρδίαν

211 4945 322 4999 μου
365 4926 462 4982 τοῦ
515 4930 820 5000 ἐκζητῆσαι
873 4930 966 4986 καὶ
1015 4929 1109 4984 τοῦ
1152 4935 1605 5002 κατασκέψασθαι
1634 4935 1692 4986 ἐν
1719 4935 1786 5004 τῇ

211 5020 384 5092 σοφίᾳ
441 5021 572 5091 περὶ
602 5022 819 5076 πάντων
851 5021 961 5074 τῶν
989 5024 1298 5094 γενομένων
1335 5026 1442 5080 ὑπὸ
1479 5026 1572 5079 τὸν
1615 5025 1788 5097 ἥλιον,

207 5111 299 5164 ὃτι
339 5109 725 5180 περινσπασμδν
781 5108 1018 5182 πονηρὸν
1053 5112 1254 5166 ἔδωκεν
1292 5117 1320 5168 ό
1344 5117 1476 5178 Θεὸς
1507 5118 1620 5178 τοῖς
1654 5118 1790 5179 υίοῖς

208 5199 326 5253 τῶν
385 5199 718 5271 ἀνθρώπων,
751 5201 812 5254 τὸ
847 5203 1224 5270 περισπᾶσθαι
1281 5208 1340 5259 ἐν
1402 5207 1573 5278 αὐτῷ.
1621 5231 1636 5256 ι
1675 5207 1789 5260 Καὶ

215 5291 339 5360 μετ’
375 5291 570 5360 ὀλίγα·
606 5308 627 5344 ι·
666 5293 773 5346 Καὶ
807 5293 1082 5362 ἐπέϐλεψα
1107 5294 1218 5362 ἐγὼ
1251 5297 1308 5350 ἐν
1338 5299 1502 5352 πᾶσιν
1546 5298 1790 5367 ποιήμα-

209 5382 300 5438 σίν
333 5399 456 5454 μου,
485 5379 567 5446 οἷς
610 5384 878 5454 ἐποίησαν
907 5386 962 5437 αἱ
996 5385 1190 5455 .χεῖρές
1222 5405 1348 5453 μου,
1375 5389 1469 5442 καὶ
1507 5391 1565 5440 ὲν
1603 5389 1790 5459 μόχθῳ

208 5466 256 5542 ᾧ
287 5473 574 5544 ὲμόχθησα
603 5471 696 5526 τοῦ
748 5478 943 5538 ποιεῖν,
988 5475 1083 5527 καὶ
1119 5475 1232 5529 ἰδοὺ
1255 5477 1324 5532 τὰ
1354 5479 1532 5530 πάντα
1563 5479 1794 5547 ματαιό-

285 5629 330 5660 ⁸⁹
359 5628 520 5683 Prov.
564 5645 731 5691 xxv",
753 5628 840 5682 20.

213 5699 260 5731 ⁸³
286 5699 448 5752 Prov.
478 5715 610 5762 χχιι,
642 5699 688 5752 I.
757 5700 801 5730 "
824 5701 1073 5760 Provm.
1101 5703 1190 5756 26.

212 5767 263 5808 ⁷⁸
303 5768 418 5825 Ibid
489 5769 568 5820 H.

1271 5702 1314 5730 ‘7
1340 5701 1476 5757 Ibid.

925 5630 970 5661 ⁶⁰
991 5629 1104 5684 Jac.
1134 5647 1186 5692 ν,
1244 5631 1288 5690 l,
1321 5632 1371 5684 Ξ.
1455 5632 1494 5661 ⁶¹
1518 5632 1660 5685 Psztl.
1695 5647 1918 5691 invni,
1949 5631 2000 5686 7.

1583 5706 1625 5732 ⁵⁸
1661 5701 1796 5754 Ibid.
1835 5701 1924 5755 9.8.

2442 4519 2534 4576 ΗΟ
2544 4521 2733 4575 ΜΠᾹΛ
2773 4520 2915 4576 XIV.

1996 4636 2074 4691 De
2099 4637 2460 4701 distractione,
2487 4634 2646 4694 alias.
2669 4635 2975 4706 importuna
2999 4636 3360 4706 occupatione.

1961 4747 2032 4808 Et
2055 4747 2274 4823 quidem
2309 4746 2378 4800 de
2409 4745 2768 4801 distractione
2810 4745 3123 4800 luculenter
3167 4745 3463 4800 admodum

1889 4837 2054 4894 docet
2114 4835 2222 4892 nos
2271 4838 2636 4893 Ecclesiastes
2671 4873 2686 4898 ,
2741 4835 2892 4891 hisce
2947 4836 3134 4891 verbis
3185 4851 3199 4891 :
3268 4855 3288 4886 σ
3325 4836 3461 4890 Dedi

1894 4921 1991 4985 cor
2021 4945 2202 5010 meum
2243 4938 2306 4983 ut
2323 4929 2670 4998 exquirerem
2709 4937 2766 4982 et
2809 4927 3217 4983 considerarem
3249 4926 3471 4996 sapien-

1897 5030 1982 5076 ter
2032 5020 2102 5078 de
2147 5021 2408 5076 omnibus
2461 5035 2584 5090 quae
2641 5020 2778 5076 ﬁunt
2833 5020 2938 5074 sub
2988 5020 3142 5082 soie,
3183 5019 3312 5088 quia
3369 5033 3468 5074 oc-

1894 5112 2482 5182 cupationem-malam
2530 5112 2684 5166 dedit
2741 5113 2886 5168 Deus
2937 5111 3064 5168 ﬁliis
3095 5113 3379 5167 hominum
3407 5120 3468 5166 ut

1895 5211 2304 5273 occuparentur
2339 5205 2392 5258 in
2417 5219 2479 5258 ea
2507 5205 2614 5258 τ’.»
2648 5206 2776 5260 Post
2809 5220 2982 5274 pauca
3012 5222 3028 5259 :
3059 5224 3078 5256 ι
3109 5200 3176 5258 Et
3221 5203 3334 5258 vidi
3365 5219 3468 5274 ego

1899 5297 1953 5350 in
2007 5295 2265 5350 oumibus
2312 5296 2577 5364 operibus
2621 5298 2761 5351 lueis
2813 5313 2936 5367 qua:
2983 5297 3235 5351 fecerunt
3277 5311 3472 5349 manus

1901 5402 2056 5449 meae,
2080 5395 2137 5440 et
2183 5387 2240 5440 in
2289 5387 2477 5441 labore
2515 5401 2626 5457 quo
2649 5385 2842 5442 sudavi
2875 5396 2936 5441 ut
2971 5385 3232 5448 facerem.
3264 5393 3471 5440 etccce

1902 5477 2158 5532 universa
2191 5476 2402 5531 vanitas
2439 5477 2508 5528 τ’.
2543 5496 2560 5526 ι
2605 5475 2817 5530 Rursus
2844 5493 2858 5529 :
2890 5493 2910 5527 ι
2950 5477 3090 5528 Ante
3137 5474 3331 5530 faciem
3373 5473 3470 5526 ho.

2078 5631 2162 5708 "_I
2191 5630 2327 5683 Tim.
2361 5647 2436 5708 vn2
2461 5631 2516 5682 tl.
2572 5629 2934 5708 _“3-EPIII‘§.-V',
2959 5628 3026 5708 6._
3164 5628 3467 5708 I’_rov.x,2.

2039 5704 2082 5733 δν
2119 5701 2250 5754 Luc.
2283 5717 2376 5766 xu,
2406 5701 2494 5754 ‘20.
2572 5700 2616 5732 "
2643 5695 2782 5754 Ibid.
2815 5699 2904 5753 2|.
3009 5700 3047 5730 "
3085 5699 3266 5753 Eccle.
3289 5714 3305 5754 I
3328 5737 3342 5764 ,
3377 5695 3464 5750 13.
