4016 6434
137 340 286 406 14ἷ3

925 340 1255 403 HOMILIA
1295 341 1505 403 XV."
1536 339 1634 401 DE
1674 335 1831 399 NON
1871 338 2295 402 DILIGEN‘DO
2335 340 2630 403 MUNDO.

3276 341 3413 409 1478

135 459 241 511 καὶ
275 458 441 527 ἡμεῖς
487 455 801 524 ἀφορῶντες
840 457 921 520 είς
968 457 1094 529 τοὺς
1140 455 1480 527 θαυμασίους
1527 455 1727 526 ἄνδρας

1844 444 2111 509 lomicilia
2144 455 2635 526 transcripserunt,
2665 454 2757 525 qui
2782 462 2840 511 et
2882 473 2899 506 ι
2930 456 3333 516 circumierunt
3357 463 3411 516 in

138 553 258 617 τοῖς
304 550 508 619 ῑχνεσιν
552 548 731 601 αὐτῶν
768 549 1325 621 ὲπακολουθήσωμεν,
1365 550 1503 621 πρδς
1561 550 1728 621 μηδὲν

1844 547 2072 614 melotis,
2102 547 2156 603 in
2190 548 2431 618 pellibus
2456 548 2730 618 caprinis,
2760 556 3009 620 egenus.
3041 549 3230 607 aﬂlicti
3260 552 3303 585 "
3339 570 3353 607 :
3389 573 3409 605 ι

135 642 338 712 ἕτερον
375 639 691 710 βλέποντες,
731 640 809 713 μὴ
844 643 979 714 πρδς
1009 642 1170 707 δόξαν
1204 641 1576 711 ἀνθρωπίνην,
1606 640 1730 711 μηδ’

136 732 288 795 ὅλως
311 733 379 786 τά
403 731 499 785 τοῦ
535 732 731 794 αἰῶνος
760 731 974 799 τούτου,
1010 733 1097 787 ἵνα
1147 734 1523 804 ἐξισχύσωμεν
1561 748 1733 785 κατα-

135 821 336 876 λαϐεῖν
361 824 459 877 σὺν
480 824 667 886 αὐτοῖς
693 823 762 876 τά
794 824 1180 895 ἡτοιμασμένα
1203 828 1316 888 τοϊς
1342 844 1360 877 ι
1398 822 1688 891 ἀγαπῶσιν
1709 840 1728 872 ι

137 916 241 970 τὸν
258 916 394 969 Θεὸν
428 916 631 984 ἀγαθά.
647 916 917 987 Φύγωμεν
942 913 1058 979 οὖν,
1082 920 1379 988 ἀγαπητοὶ,
1415 916 1504 969 τὸν
1532 917 1736 984 κόσμςν

141 1008 247 1060 καὶ
282 1007 349 1060 τά
402 1010 461 1061 ὲν
496 1006 574 1078 τῷ
605 1008 815 1079 κόσμῳ.
854 1028 872 1060 ι
922 1008 979 1063 '0
1013 1011 1121 1079 γὰρ
1169 1008 1383 1078 κόσμος
1406 1008 1528 1070 ὅλος
1568 1008 1626 1061 ὲν
1665 1005 1737 1075 τῷ

148 1098 380 1172 πονηρῷ
443 1103 642 1161 κεῖται,
679 1119 698 1152 ι
735 1099 922 1164 καθὼς
945 1102 971 1154 6
998 1099 1140 1163 θεῖος
1180 1100 1501 1169 ἀπεφήνατο
1529 1098 1685 1166 λόγος
1720 1113 1734 1127 ·

142 1191 301 1262 ψυχὴ
329 1191 440 1263 γὰρ
473 1192 552 1262 μὴ
586 1191 694 1249 τῶν
720 1193 1004 1262 κωμικῶν
1034 1192 1415 1261 ἀπαλλαγεῖσα
1439 1192 1739 1263 φροντίδων

144 1284 279 1337 οὔτε
314 1284 403 1338 τὸν
438 1284 571 1337 Θεδν
601 1286 883 1354 ἀγαπήσει
915 1285 1190 1356 γνησίως,
1217 1283 1340 1338 οὕτε
1375 1285 1464 1337 τὸν
1492 1284 1739 1337 διάϐολον

147 1372 471 1442 ⁴ξἰδελύξετιιιι
505 1374 692 1439 ἀξίως·
729 1374 994 1446 κάλυμμα
1017 1376 1127 1447 γὰρ
1160 1374 1311 1440 ἅπαξ
1339 1374 1451 1446 ἔχει
1480 1373 1739 1446 φορτικὸν

146 1466 255 1537 τὴν
303 1466 575 1538 μέριμναν
628 1465 724 1519 τοῦ
772 1465 912 1536 βίου.
971 1467 1096 1519 Ἐἀν
1122 1462 1216 1530 οὖν
1243 1467 1323 1529 είς
1352 1466 1466 1533 ἓξιν
1494 1465 1739 1536 ἔλθωμεν

148 1558 251 1611 τοῦ
288 1542 650 1628 καταφρονεῖν
680 1558 787 1611 τῶν
813 1560 872 1612 ἐν
898 1558 974 1629 τῷ
1002 1559 1193 1630 κόσμῳ
1222 1558 1403 1612 καλῶν
1421 1600 1433 1616 .
1462 1557 1740 1628 δυνάμεθα

153 1650 253 1703 καὶ
302 1651 401 1720 τὴν
435 1649 614 1719 γεώδη
661 1651 760 1719 τῆς
791 1632 968 1720 ψυχῆς
1010 1649 1191 1721 ὄρεξιν
1225 1653 1292 1721 τῇ
1328 1648 1521 1720 λογικῇ
1565 1650 1739 1719 αὐτῆς

154 1742 398 1810 συνάψαι
418 1742 677 1807 διαθέσει,
696 1744 796 1813 τῆς
812 1740 1101 1805 κοινωνίας
1123 1741 1215 1795 τοῦ
1241 1742 1399 1809 ἀγίου
1420 1742 1736 1812 Πνεύματος

150 1834 318 1888 τοῦτο
364 1833 758 1904 οἰκονομούσης
809 1835 967 1904 ἡμῖν.
1006 1834 1068 1886 Et
1112 1832 1206 1886 οὖν
1241 1835 1336 1887 ἐπὶ
1370 1832 1527 1904 ξένης
1554 1852 1738 1892 κατοι-

156 1926 364 1996 κοῦμεν
386 1968 400 1986 ,
428 1928 519 1980 καὶ
551 1928 584 1996 ἡ
622 1925 776 1989 πόλις
809 1924 969 1994 ἡμῶν
1001 1924 1220 1996 μακρὰν
1267 1926 1461 1996 ἀπέχει
1493 1926 1601 1980 ἀπὸ
1643 1928 1741 1998 τῆς

154 2018 370 2079 πόλεως
420 2016 625 2086 ταύτης
652 2057 668 2080 ,
696 2017 791 2069 κα)⁸
824 2017 1046 2095 οἴδαμεν
1084 2019 1182 2084 τὴν
1223 2018 1379 2073 πόλιν
1414 2019 1572 2089 ἡμῶν
1611 2021 1670 2073 ὲν

157 2109 433 2177 μέλλομεν
465 2111 771 2181 κατοικεῖν’
807 2107 862 2161 τί
887 2094 968 2170 εἰς
995 2109 1095 2178 τὴν
1120 2110 1411 2182 ἀλλοτρίαν
1455 2094 1743 2182 έτοιμάζοέ⁵

160 2218 266 2268 μεν
302 2199 510 2267 ἀγροὺς
558 2200 654 2252 καὶ
696 2199 986 2269 οἰκοδομὰς
1037 2202 1131 2254 καὶ
1180 2203 1459 2271 οἰκήματα
1510 2205 1741 2273 μάταια,

158 2294 253 2345 καὶ
274 2290 610 2360 παρατάξεις
646 2291 998 2359 adorabile;
1036 2293 1223 2347 Ταῦτα
1260 2290 1356 2348 οὖν
1379 2297 1407 2349 6
1435 2295 1744 2365 ὲτοιμάζων

159 2386 245 2447 εἰς
304 2382 589 2452 ἀλλοτρίαν
637 2381 790 2435 πόλιν
832 2383 992 2454 δῆλός
1038 2385 1207 2449 ἐστιν,
1235 2386 1318 2439 ὅτι
1363 2387 1423 2438 ού
1471 2386 1745 2458 προσδοκᾷ

165 2470 566 2540 ὲπανακάμψαι
592 2473 672 2533 εἰς
700 2473 800 2545 τὴν
819 2472 972 2546 ,ἰδίαν
1012 2473 1189 2539 πόλιν,
1220 2475 1497 2529 τουτέστιν
1533 2478 1613 2538 si;
1644 2476 1744 2546 τὴν

162 2564 287 2617 ἄνω
328 2562 703 2633 Ἰερουσαλήμ.
756 2542 1243 2634 Ἶίγάρλογισμὸς
1282 2558 1462 2629 οὗτος,
1493 2542 1744 2635 ἀφρόνων

167 2655 268 2706 καὶ
286 2651 521 2723 διψύχων
542 2654 637 2705 καὶ
654 2651 1016 2723 ταλαιπώρων
1034 2653 1130 2706 ἀνθ
1141 2654 1337 2723 ρώπων
1362 2656 1533 2709 ἐστίν.
1546 2658 1620 2708 υύ
1639 2659 1745 2728 γὰρ

165 2746 345 2798 συνίει
372 2745 452 2796 ὅτι
476 2744 651 2811 ταῦτα
681 2745 859 2801 πάντα
884 2745 1143 2816 ἀλλότρια
1178 2748 1305 2812 alat,
1339 2749 1432 2801 καὶ
1466 2748 1572 2801 ὑπὸ
1594 2749 1748 2819 ἐξου-

156 2838 288 2898 σῖας
319 2837 509 2902 ἑτέρου
542 2837 649 2887 εἰσὶ
671 2843 702 2896 ,’
722 2837 971 2890 τουτέστι
998 2836 1093 2891 τοῦ
1135 2837 1392 2908 ἄρχοντος
1420 2840 1515 2891 τοῦ
1550 2840 1748 2905 αἰῶνος

151 2930 378 2981 τούτιυ.
411 2927 527 2980 Οὔκ
547 2923 639 2980 οὖν
661 2926 953 2995 ὀφείλομεν
970 2927 1044 2989 ὡς
1074 2928 1337 2999 ἐπἰξένης
1362 2930 1747 2995 κατοικοῦντες

154 3021 336 3090 μηδὲν
358 3020 519 3073 πλέον
534 3020 849 3090 ἑτοιμάζειν
873 3020 1173 3084 ἑαυτοῖς,εἱ
1200 3021 1275 3090 μὴ
1294 3022 1392 3090 τὴν
1413 3022 1747 3093 αὐτάρκειαν

1835 648 1894 692 ιιι
1923 640 2010 694 vel
2053 639 2451 699 deliciarentur
2482 656 2654 710 seque
2682 640 3027 701 oblectarent
3064 646 3414 714 contempla-

1835 731 1985 787 tione
2016 733 2206 789 mundi
2244 733 2408 789 istius
2434 732 2671 803 opificis,
2699 732 2836 790 nulli
2868 749 2980 789 non
3007 734 3099 804 pio
3134 737 3277 791 votis
3298 752 3417 791 omv

1834 824 2000 878 nibus
2030 825 2347 895 expetendi.
2378 842 2557 896 eoque
2587 834 2643 882 et
2675 842 2776 881 nos
2808 826 2862 880 in
2888 826 3245 885 admirabiles
3266 831 3416 887 viros

1836 915 2014 971 oculis
2038 916 2207 971 animi
2239 916 2456 981 defixis,
2492 928 2642 975 recta
2687 918 2907 976 illorum
2938 920 3187 989 vestigiis
3231 923 3385 993 ingre

1837 1006 2075 1072 diamur,
2104 1008 2157 1062 in
2191 1011 2397 1067 nullam
2428 1028 2657 1082 prorsus
2687 1029 2801 1067 rem
2843 1014 3005 1068 aliam
3033 1014 3230 1069 attenti
3259 1031 3273 1077 ;
3304 1030 3414 1069 non

1837 1096 1905 1153 ad
1962 1097 2249 1153 hominum
2289 1099 2358 1156 de
2400 1101 2564 1157 nobis
2610 1101 3066 1160 aestimationem.
3099 1116 3209 1156 non
3263 1100 3416 1162 aliud

1839 1186 1971 1245 item
2028 1189 2253 1258 quidvis
2302 1201 2681 1261 respectantes
2727 1192 2911 1249 saeculi
2951 1192 3160 1247 istius:
3194 1200 3253 1246 ut
3290 1208 3416 1246 cum

1840 1281 1975 1351 ipsis
2032 1282 2309 1352 possimus
2350 1284 2649 1353 aliquando
2699 1284 2860 1339 bonis
2893 1284 3003 1338 illis
3049 1283 3260 1354 perfrui
3297 1300 3422 1354 qua:

1840 1380 2032 1441 parata
2080 1382 2211 1432 sunt
2266 1394 2284 1428 ι
2326 1374 2664 1444 diligentibus
2716 1394 2735 1433 ι
2788 1375 2960 1433 Deum
2991 1374 3057 1425 ⁸³.
3124 1374 3423 1444 Fugiamus

1843 1460 2028 1529 itaque
2082 1462 2349 1517 mundum
2380 1462 2734 1534 (charissimi
2762 1463 2780 1534 )
2810 1472 2867 1519 et
2919 1480 3042 1534 qua
3097 1463 3153 1518 in
3184 1464 3423 1525 ’mundo

1842 1559 1971 1605 sunt
1996 1566 2009 1604 :
2056 1571 2071 1602 ι
2105 1551 2341 1617 Mundus
2382 1553 2532 1608 enim
2559 1553 2651 1609 hic
2679 1562 2826 1609 totus
2857 1553 2912 1608 in
2942 1554 3184 1625 maligno
3206 1554 3423 1624 positus

1843 1653 1927 1697 cst
1950 1642 2017 1703 ⁸³,
2052 1662 2069 1694 ι
2112 1653 2281 1713 prout
2315 1645 2536 1700 divinus
2571 1646 2965 1714 praenuntiavit
2992 1662 3195 1701 sermo.
3223 1647 3421 1703 Anima

1843 1730 1991 1785 enim
2025 1747 2147 1800 qua:
2173 1733 2419 1789 nondum
2447 1750 2507 1789 se
2537 1735 2830 1790 extricavit
2874 1736 3064 1792 mundi
3095 1737 3257 1792 istius
3294 1754 3422 1808 per-

1843 1822 2018 1895 plexis
2058 1827 2239 1903 curis,
2267 1835 2324 1880 et
2352 1825 2583 1881 liberam
2628 1825 2869 1882 reddidit
2904 1827 3119 1887 :Deum
3160 1844 3423 1896 germane

1843 1931 1906 1969 ac
1934 1915 2226 1971 sinceriter
2256 1933 2365 1972 non
2398 1927 2583 1989 potest
2610 1917 2867 1989 diligere,
2897 1918 2993 1977 sed
3017 1936 3201 1989 neque
3229 1920 3425 1977 diabo-

1846 2008 1958 2062 lum
2019 2015 2185 2078 prout
2235 2020 2503 2075 meretur,
2558 2011 2744 2066 odisse
2802 2020 2859 2069 et
2911 2012 3211 2067 διεξίοι-τινί.
3264 2011 3420 2074 Esto,

1844 2100 2089 2153 colorem
2142 2111 2445 2171 pra-texere
2481 2103 2923 2174 qualemcunque
2954 2105 3129 2174 possit
3162 2104 3422 2161 tetricum

1844 2200 1900 2249 et
1953 2209 2197 2261 gravem,
2258 2210 2460 2267 nempe
2512 2195 2947 2255 sollicitudinem
3013 2197 3234 2255 anxiam
3293 2199 3424 2255 vita:

1848 2283 2011 2337 istius
2040 2301 2051 2335 :
2092 2278 2308 2358 1048
2335 2300 2467 2341 sane
2495 2285 2539 2340 si
2565 2285 2830 2356 deinceps
2854 2303 2924 2342 eo
2948 2298 3230 2347 vertamus
3263 2304 3423 2345 men-

1847 2383 1978 2438 tem,
2016 2386 2074 2433 ut
2101 2392 2224 2446 quae
2251 2378 2306 2433 in
2338 2378 2547 2442 mundo
2570 2378 2832 2434 videntur
2863 2379 3008 2437 bona
3037 2396 3421 2451 aspernemur,

1844 2482 2143 2535 possumus
2193 2468 2485 2524 nobiscum
2530 2470 2887 2540 dispensante
2944 2470 3151 2540 Spiritu
3208 2480 3424 2536 saneto.

1847 2560 2219 2631 appetentjam
2246 2560 2389 2616 hanc
2408 2562 2604 2617 animm
2625 2563 2693 2616 ad
2720 2571 2939 2623 terrena
2961 2564 3423 2633 propendenleni,

1847 2652 2177 2707 concordem
2208 2651 2441 2709 reddere
2487 2653 2739 2709 rationali
2783 2652 2961 2723 ipsius
2998 2654 3242 2713 alloctui.
3270 2655 3425 2728 Quod

1847 2742 1915 2800 si.
1944 2752 2003 2796 ut
2029 2744 2296 2814 hospites,
2322 2744 2638 2801 habitamus
2657 2745 2767 2811 hic,
2788 2746 2831 2801 si
2857 2746 3055 2803 civitas
3088 2756 3278 2803 nostra
3310 2747 3429 2802 lon-

1847 2830 1999 2901 giore
2050 2832 2460 2904 intercapedine
2498 2833 2777 2903 disjuncta
2810 2844 2895 2890 est
2943 2845 3000 2890 ct
3048 2837 3326 2907 disparata
3358 2838 3428 2892 ab

1850 2922 1952 2977 hac
1984 2939 2150 2992 quam
2186 2924 2507 2989 incolimus,
2531 2934 2587 2980 et
2630 2927 2790 2995 plane
2838 2928 3096 2983 novimus
3142 2928 3425 2984 civitatem

1851 3012 1999 3071 illam
2024 3031 2188 3083 quam
2214 3027 2366 3071 certo
2397 3017 2681 3073 credimus
2707 3034 2810 3075 nos
2833 3018 3263 3085 inbabitaturos,
3292 3022 3425 3090 quid

152 3113 263 3180 τὴν
288 3111 554 3182 ἀρκετὴν.
574 3112 636 3163 Οἱ
668 3111 779 3178 γὰρ
805 3108 1133 3177 ἀγαπῶντες
1154 3109 1247 3162 τὸν
1279 3110 1489 3164 ἑαυτῶν
1517 3111 1741 3182 Κύριον,

1852 3105 1904 3159 ἰιι
1957 3106 2137 3161 aliena
2180 3122 2514 3177 apparamus
2543 3124 2726 3179 agros,
2755 3110 3221 3175 substructiones,
3250 3114 3427 3167 aedili-

157 3204 262 3256 καὶ
292 3202 507 3273 ἔχοντες
548 3200 708 3255 αὐτὸν
735 3202 823 3258 ἀεὶ
854 3203 911 3254 ἐν
941 3202 1005 3271 τῆ
1039 3200 1251 3254 ἑαυτῶν
1282 3201 1501 3273 καρδίᾳ,
1536 3204 1594 3254 ὲν
1622 3207 1745 3267 ταῖς

160 3291 528 3359 ἐπαγγελίαις
586 3288 753 3343 αὑτοῦ
801 3288 1120 3342 πιστεύουσι
1185 3290 1279 3342 καὶ
1357 3291 1745 3361 καραδοκοῦσι.

169 3384 349 3437 Καλδν
389 3380 481 3435 οὖν
512 3384 659 3434 ἐστιν
693 3379 813 3433 ἀντὶ
859 3379 969 3431 τῶν
1005 3381 1324 3451 κτισμάτων
1349 3390 1377 3430 ι’
1406 3383 1499 3435 καὶ
1529 3386 1748 3454 χρημά-

162 3491 278 3526 των
326 3472 433 3525 τῶν
494 3472 738 3541 σήμερον
792 3467 893 3537 μὲν
939 3469 1245 3541 ἡμετέρων,
1284 3468 1475 3541 αὔριον
1504 3471 1563 3525 δὲ
1589 3473 1745 3525 ἀλλο-

160 3561 722 3634 τρίων,ὠνήσασοαι
778 3558 956 3630 ψυχὰς
1012 3560 1363 3631 θλιϐομένας,
1428 3563 1609 3626 καθώς
1666 3583 1748 3631 τις

158 3658 419 3722 δύναται,
477 3660 570 3708 καὶ
612 3656 787 3724 χήρας
835 3654 931 3709 καὶ
963 3653 1243 3722 ὀρφανοὺς
1289 3655 1744 3724 ἐπισκέπτεσθαι,

162 3750 264 3803 καὶ
304 3749 377 3818 μὴ
410 3747 783 3817 παραϐλέπειν
809 3745 1032 3805 αὐτούς.
1065 3744 1342 3807 Ὡσαύτως
1374 3747 1468 3800 καὶ
1492 3749 1550 3799 ὲν
1584 3766 1749 3818 μονα-

162 3842 441 3909 στηρὶοις,
484 3840 579 3893 καὶ
612 3837 754 3892 οὕτω
784 3838 962 3902 καλῶς
989 3839 1215 3892 διοικεῖν
1237 3838 1306 3893 τά
1341 3840 1463 3893 καθ’
1495 3842 1743 3907 ἑαυτούς’

160 3934 265 3986 καὶ
298 3932 384 3984 τὸν
414 3931 676 3995 πλοῦτον,
703 3930 762 3983 ὃν
796 3929 948 3995 παρά
978 3929 1113 3983 Θεοῦ
1174 3930 1478 4000 εἰλήφαμεν
1514 3935 1572 3986 έν
1610 3934 1748 4005 τῷδε

158 4024 249 4093 τῷ
284 4023 403 4092 βίῳ,
437 4025 517 4086 εἰς
559 4022 761 4086 αὐτοὺς
802 4022 1143 4077 ἀναλίσκειν.
1178 4025 1269 4087 Εἰς
1306 4024 1464 4079 τοῦτο
1501 4026 1611 4096 γάρ
1651 4027 1748 4081 καὶ

161 4116 444 4185 παρέσχεν
473 4116 605 4184 ἡμῖν
639 4114 780 4168 αύτά
811 4116 839 4167 6
868 4114 1073 4183 ἀγαθὸς
1121 4118 1278 4187 ἡμῶν
1321 4118 1622 4189 Δεσπότης,
1659 4119 1747 4173 ἵνα

161 4208 251 4271 εἰς
270 4208 367 4275 τὴν
391 4206 666 4259 διακονίαν
684 4204 890 4277 ταύτην
914 4207 1290 4277 δαπανηοῶσι,
1313 4211 1407 4263 καὶ
1424 4210 1537 4263 ἀντ’
1566 4211 1749 4264 αὐτῶν

157 4297 529 4367 κομισώμεθα
582 4297 860 4366 θησαυρὸν
908 4300 1284 4354 ἀνέκλειπτον.
1320 4303 1460 4356 Πολῦ
1491 4294 1583 4357 οὖν
1620 4304 1745 4374 βέλ-

158 4391 282 4443 τιόι
314 4391 432 4441 ἐστι
452 4430 465 4446 ,
496 4374 774 4449 τοιούτους
801 4387 1005 4457 ἀγροὺς
1032 4390 1130 4440 καὶ
1161 4391 1399 4460 κτήματ’
1426 4392 1741 4461 ἀγοράζειν,

1850 3200 1980 3254 cia?
2009 3200 2151 3255 addo
2180 3202 2498 3271 magnificas
2543 3217 2608 3257 ac
2653 3203 2973 3273 splendidas
3030 3205 3432 3273 prolatationes

1848 3290 2229 3347 trdiflciorum.
2286 3292 2484 3361 Utique
2537 3294 2791 3364 quisquis
2846 3294 2902 3351 in
2966 3296 3147 3353 aliena
3202 3297 3430 3352 civitate

1848 3384 2131 3439 studiosus
2163 3395 2392 3455 apparat
2423 3386 2560 3447 ha-c,
2592 3388 2774 3455 reipsa
2799 3387 2978 3443 innuit
3010 3388 3147 3443 nihil
3177 3390 3288 3459 jam
3318 3391 3425 3445 sibi

1849 3477 1965 3546 spei
2018 3493 2331 3546 superesse,
2377 3488 2435 3533 ut
2464 3478 2760 3548 aliquando
2793 3478 3048 3533 deﬂectat
3084 3479 3191 3534 iter
3224 3479 3278 3533 in
3303 3496 3426 3534 eam

1848 3582 1971 3635 qure
1998 3568 2221 3638 propria
2255 3576 2362 3630 est,
2392 3568 2696 3633 civitatem,
2733 3583 2930 3639 nempe
2962 3570 3243 3625 emit-stem
3274 3570 3428 3625 illam

1846 3659 2179 3715 Jerusalem.
2209 3659 2407 3714 lstbzec
2436 3660 2699 3729 cogitatio
2726 3660 3164 3730 imprudentium
3198 3670 3285 3715 est
3324 3665 3427 3716 bo-

1849 3749 2085 3815 minum,
2124 3749 2261 3805 nihil
2308 3750 2465 3820 pensi
2517 3750 2585 3806 de
2632 3751 2808 3807 salute
2837 3751 3035 3806 anima:
3074 3752 3427 3815 habentium,

1849 3858 2026 3912 eoque
2078 3843 2500 3897 miserabilium.
2535 3843 2654 3898 Non
2702 3843 2849 3897 enim
2902 3843 3161 3913 intelligit
3209 3844 3426 3900 exotica

1848 3930 1965 3985 haec
1994 3931 2158 3986 alieni
2188 3947 2310 3987 esse
2334 3932 2499 4003 juris,
2525 3942 2582 3987 et
2609 3932 2867 4002 potestati
2896 3932 3126 3987 subesse
3150 3932 3380 3987 alterius
3409 3950 3425 3989 :

1847 4023 2113 4077 nimirum
2163 4022 2324 4079 istius
2366 4023 2554 4079 saeculi
2605 4022 2892 4092 principis.
2933 4024 3071 4079 Cum
3112 4024 3283 4095 igitur
3336 4025 3430 4085 hic

1849 4115 2165 4170 habitamus
2217 4123 2278 4169 ut
2335 4114 2594 4184 inquilini
2643 4123 2698 4169 et
2722 4114 2914 4179 alieni,
2946 4115 3087 4170 nihil
3145 4125 3231 4171 est
3275 4118 3424 4187 quod

1847 4205 2008 4260 nobis
2054 4205 2191 4274 ipsis
2234 4205 2517 4277 impendio
2537 4221 2887 4274 apparcmus,
2917 4214 3116 4275 praeter
3140 4207 3424 4277 frugalita-

1849 4308 1957 4353 tem
2008 4296 2137 4353 vitae
2179 4311 2244 4351 ac
2292 4296 2577 4352 virtutem.
2605 4295 2709 4363 Qui
2756 4312 2883 4367 erga
2924 4312 3084 4350 suum
3127 4297 3425 4351 Dominum

1848 4392 2068 4446 sincera
2105 4387 2378 4442 charitate
2422 4387 2521 4442 toti
2550 4387 2929 4452 inardescunt,
2953 4388 3106 4443 nullo
3145 4404 3254 4442 non
3284 4397 3425 4443 tem-

157 4485 325 4536 ᾶτινα
376 4482 468 4535 καὶ
517 4479 809 4551 παράμονά
877 4482 1005 4543 stat,
1036 4481 1134 4533 καὶ
1165 4484 1500 4551 προάγουσιν
1532 4486 1611 4545 είς
1647 4484 1742 4555 τὴν

1850 4498 1983 4553 pore
2027 4480 2429 4537 circumferunt
2468 4479 2625 4533 illum
2669 4479 2724 4532 in
2757 4478 3019 4534 cordibus
3047 4480 3171 4534 suis
3192 4520 3208 4545 ,
3243 4488 3299 4535 et
3328 4497 3431 4550 per

154 4574 323 4645 ἡμῶν
352 4573 708 4643 μητρόπολιν,
764 4574 893 4628 ὅταν
939 4572 1388 4643 ἀποδημήσωμεν
1425 4577 1504 4638 εἰς
1550 4578 1743 4647 αὐτήν.

155 4669 665 4736 ’Λμεριμνησωμεν
682 4665 803 4727 οὖν,
827 4666 1124 4735 ἀγαπητοὶ,
1141 4666 1250 4718 τῶν
1275 4668 1643 4736 προσκαίρων,
1660 4669 1747 4724 ἵνα

153 4759 271 4810 τῶν
303 4758 490 4811 ἀϊδίων
510 4758 884 4831 ὲπιτύχωμεν·
917 4757 1368 4827 παραδραμωμεν
1391 4758 1483 4811 τὸν
1510 4760 1741 4829 κόσμον,

154 4850 252 4904 ἵνα
279 4849 371 4901 τὸν
399 4852 730 4919 κοσμοποιδν
759 4851 1183 4919 καταλάϐωμεν.
1213 4849 1648 4919 Καταλείπωμεν
1675 4854 1744 4907 τὰ

154 4939 240 5011 μὴ
297 4940 566 5009 ἡμέτερα,
614 4939 702 4992 ἵνα
744 4939 811 4992 τὰ
843 4940 1090 5008 ἡμέτερα
1122 4938 1489 5009 ἀπολαύωμεν
1522 4941 1606 5011 (τὸ
1631 4943 1741 5013 γὰρ

151 5030 349 5099 σχῆμα
398 5028 491 5082 τοῦ
548 5029 755 5098 κόσμου
797 5028 994 5081 τούτου
1050 5030 1293 5099 παράγει
1322 5030 1396 5092 ὡς
1426 5029 1605 5099 ὄναρ),
1646 5033 1742 5086 καὶ

147 5121 264 5175 κᾶν
302 5136 357 5174 τι
398 5117 661 5189 χρώμεθα
682 5118 761 5189 τῷ
794 5120 984 5189 κόσμῳ
1019 5119 1212 5191 τούτῳ,
1248 5119 1535 5190 γενώμεθα
1563 5123 1639 5185 ὡς
1664 5122 1740 5193 μὴ

144 5212 622 5281 καταχρώμενον
666 5211 848 5273 καθὼς
914 5194 1025 5263 καὶ.
1067 5212 1095 5263 6
1153 5212 1423 5282 μακάριος
1488 5212 1741 5282 Ἰωάννης

139 5303 463 5360 ἐντέλλεται
485 5343 500 5367 ,
530 5300 728 5371 λέγων·
764 5320 784 5353 ι
825 5302 917 5371 Μὴ
945 5303 1196 5369 ἀγαπᾶτε
1228 5301 1320 5355 τὸν
1347 5303 1574 5373 κόσμον,
1606 5309 1743 5373 μήτε

141 5396 228 5450 τὰ
272 5398 333 5449 ἐν
365 5393 442 5465 τῷ
466 5395 679 5465 κόσμῳ.
726 5393 854 5451 Ἐάν
898 5409 985 5459 τις
1028 5393 1229 5465 ἀγαπᾷ
1262 5393 1355 5448 τὸν
1383 5395 1611 5464 κόσμον,
1643 5396 1745 5454 οὐκ

223 5548 270 5581 ⁸¹
304 5549 473 5604 Hebr.
504 5546 583 5612 in,
616 5545 708 5602 37.
786 5546 833 5578 "
869 5544 1037 5603 lCor.
1067 5561 1127 5612 ιι,
1158 5545 1214 5604 9.
1290 5545 1335 5579 ⁸³
1371 5546 1579 5603 lloan.
1606 5566 1660 5613 v,
1690 5549 1776 5605 49o

1844 4575 2021 4646 ipsius
2068 4574 2326 4628 mandata
2375 4571 2646 4627 inoﬂ'ensc
2712 4571 3082 4642 gradiuntur.
3137 4575 3429 4643 promissis

1844 4669 1967 4738 ejus
2010 4666 2119 4721 ﬁde
2165 4665 2307 4721 nihil
2360 4664 2529 4719 dubia
2568 4663 2953 4732 acquiescunt.
2980 4677 3046 4719 ac
3073 4678 3299 4733 scopum
3332 4679 3429 4719 cx-

1843 4755 2209 4826 spectationis
2259 4770 2372 4810 suae
2417 4755 2486 4809 iis
2527 4754 2776 4824 adigunt.
2806 4753 3018 4813 Bothum
3044 4769 3211 4825 ergo,
3236 4765 3296 4810 ut
3323 4772 3430 4826 pro

1844 4846 1968 4902 istis
2022 4844 2399 4908 facultatibus,
2436 4859 2538 4914 pro
2592 4841 2814 4913 peculio
2859 4843 3429 4914 qualicunque,qua:

1846 4938 2013 4993 hodie
2038 4937 2263 5007 quidem
2287 4952 2458 5007 penes
2485 4951 2587 4990 nos
2615 4943 2784 5000 sunt,
2809 4943 2865 4990 at
2892 4935 3142 4991 crastino
3173 4944 3268 4991 aut
3300 4951 3427 5005 per-

1845 5029 2010 5084 endie
2037 5029 2093 5082 in
2138 5027 2371 5085 alterius
2407 5027 2826 5082 constituentur
2864 5025 3138 5090 arbitrio;
3178 5041 3279 5094 pro
3312 5025 3425 5088 bis,

1848 5120 2097 5189 inquam,
2122 5118 2338 5175 animas
2391 5116 2731 5174 redimamus
2787 5118 2988 5173 misere
3044 5115 3293 5182 afﬂictas,
3322 5133 3428 5188 pro

1842 5211 2117 5281 cujusque
2167 5206 2336 5271 virili,
2371 5206 2558 5266 viduis
2610 5206 3004 5277 prospiciendo
3061 5217 3119 5264 et
3172 5209 3425 5278 pupillis,

1844 5317 1956 5358 non
2025 5300 2160 5357 item
2208 5298 2519 5358 aversanda
2565 5298 2711 5354 illos.
2745 5298 2926 5369 thue
2969 5299 3026 5357 in
3073 5299 3425 5359 monasteriis

1844 5394 2268 5464 disponantur,
2336 5392 2411 5446 ita
2468 5391 2731 5451 convenit
2812 5406 2912 5460 per
2971 5407 3424 5461 unumquemque

1433 5662 1668 5715 VARI/li
1698 5662 1759 5714 I.’
1788 5660 2103 5717 tiTlONis.

222 5743 252 5785 >τ
275 5732 426 5790 Fort.
459 5735 775 5801 κτημάτων.
