4016 6436
614 316 625 325 “
669 335 807 401 ιρι-ιε

1945 336 2311 421 AN'rIocm
2354 336 2698 401 MONACHI

3767 345 3852 411 liii

669 463 974 519 pauperum
1039 449 1144 503 rite
1207 449 1507 520 disponere
1568 466 1633 506 ae
1695 449 1982 521 dispertiri
2028 453 2253 506 divitias

2289 463 2330 513 Α
2360 451 2509 505 ἔστιν
2542 454 2574 522 ἠ
2608 451 2797 522 ἀγάπη
2847 450 2939 504 τοῦ
2985 449 3200 521 Πατρὶς
3234 452 3292 505 ἐν
3323 451 3491 523 αὐτῷ,
3525 454 3604 506 ὅτι
3632 460 3723 507 πᾶν
3745 462 3790 510 τὸ
3820 468 3851 516 ti

664 557 805 608 quas
855 541 1093 612 quisque
1130 556 1160 594 a
1207 542 1317 597 Deo
1347 544 1562 611 accepit
1594 544 1650 597 in
1685 544 1818 606 vita,
1846 554 1903 598 et
1947 543 2254 598 liberaliter

667 636 950 689 insumere
988 634 1044 688 in
1099 634 1339 705 indiges.
1371 636 1430 690 In
1479 637 1627 690 hunc
1663 636 1935 705 siquidem
1968 652 2129 691 usum
2160 652 2255 692 cas

669 726 832 780 nobis
893 726 1205 796 impertivit
1257 728 1551 783 clementia
1602 728 1845 795 Domini,
1883 737 1941 783 ut
1989 730 2043 785 in
2092 731 2255 786 obse-

667 815 863 883 quium
918 816 1270 870 iusumantur
1320 818 1578 886 pietatis,
1615 833 1679 874 ac
1711 819 1933 873 demum
1971 836 2072 890 pro
2103 822 2253 890 ejus-

667 907 813 960 modi
833 907 885 960 in
903 923 1175 976 pauperes
1189 910 1542 974 liberalitate,
1564 911 1886 965 thesaurum
1905 921 2255 982 reportemus

664 999 819 1052 nullo
866 1015 1106 1069 unquam
1159 1016 1276 1054 αξνο
1312 1000 1834 1071 'intercipiendum.
1876 1003 2022 1057 Sane
2078 1005 2254 1058 multo

666 1091 982 1157 praestiterit
1011 1090 1189 1153 nobis,
1219 1100 1280 1145 ut
1307 1092 1445 1146 tales
1465 1108 1786 1148 coemamus
1817 1111 1999 1165 agros,
2030 1096 2137 1150 tale
2160 1112 2255 1166 pe-

666 1182 870 1235 culium
895 1183 1042 1252 quod
1065 1182 1335 1238 aeternum
1359 1185 1543 1250 duret,
1563 1201 1777 1257 nosque
1800 1195 1949 1242 recta
1978 1188 2250 1258 provehat

662 1274 732 1327 ad
764 1275 909 1328 illam
940 1275 1103 1330 nobis
1134 1277 1463 1345 promissam
1491 1278 1773 1333 civitatem
1805 1292 1930 1349 qua:
1958 1290 2045 1335 est
2075 1288 2253 1334 mater

663 1376 875 1431 nostra,
912 1370 1137 1437 quando
1185 1370 1254 1424 ad
1308 1370 1456 1425 illam
1499 1372 1820 1441 quotidiana
1863 1373 2252 1429 contendimus

661 1465 1129 1534 peregrinatione.
1208 1466 1287 1520 Ne
1356 1466 1523 1537 igitur
1562 1468 1956 1538 (dilectissimi)
1987 1485 2086 1523 ceu
2129 1469 2250 1522 dic-

664 1563 778 1608 tum
840 1564 946 1616 est,
984 1566 1093 1611 tam
1143 1560 1304 1615 anxie
1363 1558 1555 1613 mttudi
1602 1559 1743 1615 bona
1792 1562 2121 1631 cogitemus,
2188 1570 2251 1615 ιιι

662 1648 746 1700 vel
782 1648 1002 1702 tandem
1037 1652 1260 1705 aeternis
1300 1651 1466 1705 detur
1515 1651 1750 1720 perfrui.
1788 1652 2051 1707 Mundum
2100 1652 2251 1707 hunc

663 1740 813 1794 velut
845 1756 1012 1795 cursu
1049 1742 1320 1812 praecipiti
1357 1744 1820 1807 transmittamus,
1849 1760 1959 1813 quo
1985 1744 2053 1799 ad
2087 1760 2249 1798 mun-

2362 545 2440 614 τῷ
2471 544 2725 614 κόσμῳμὴ
2772 544 3039 614 ἐπιθυμία
3066 544 3167 612 τῆς
3205 545 3428 616 σαρκὸς,
3468 546 3563 598 καὶ
3588 548 3621 615 ἡ
3666 550 3857 621 ἐπιθυμίς

2365 636 2473 689 τῶν
2518 636 2833 707 ὀφθαλμῶν.
2869 638 2967 689 καὶ
3019 638 3053 707 ὴ
3104 636 3396 700 ἀλαζονεία
3460 637 3554 690 τοῦ
3606 638 3858 707 ﬂint),th

2362 727 2510 781 ἔστιν
2562 729 2630 782 ὲκ
2663 726 2760 781 τοῦ
2809 728 3044 799 Πακρὺς.
3085 728 3200 783 ἀλλ’
3239 729 3303 781 ἐκ
3350 727 3448 780 τοῦ
3501 731 3693 799 κόσμου
3725 736 3856 788 ἐστὶ.»

2356 820 2502 872 Καί,
2542 838 2559 870 ε
2621 820 2680 872 ου
2709 820 2915 889 κόσμος
2948 821 3286 891 παράγεται,
3313 821 3409 873 καὶ
3431 822 3466 889 ἠ
3494 821 3740 892 ἐπιθυμία
3759 842 3770 854 ³
3791 829 3858 882 ὀᾶ

2363 911 2532 964 ποιῶν
2579 911 2640 964 τὸ
2671 911 2884 982 θέλημα
2915 911 3010 964 τοῦ
3041 911 3202 976 Θεοῦ,
3235 911 3388 981 μένει
3432 913 3517 975 εἰς
3553 912 3643 966 τὸν
3672 915 3819 971 αἰῶνα.
3848 940 3857 971 ι

2360 1003 2530 1072 Φησὶν
2577 1003 2635 1055 δὲ
2687 1005 2789 1056 καὶ
2832 1005 2861 1056 ὁ
2907 1003 3189 1067 Ἰάκωϐος·
3225 1022 3243 1055 ι
3292 1006 3386 1067 ’ος
3423 1003 3494 1056 ἂν
3526 1003 3739 1076 βουληθῇ
3764 1010 3859 1075 φίλος

2363 1092 2504 1147 εἶναι
2564 1092 2661 1147 τοῦ
2709 1092 2942 1165 κόσμου,
2979 1094 3176 1165 ἐχθρὸς
3217 1095 3312 1149 τοῦ
3350 1096 3504 1157 ’Θεοῦ
3563 1095 3855 1152 καθίσταται.ι

2375 1185 2434 1239 Ὀ
2457 1185 2515 1239 δὲ
2548 1185 2781 1247 Παῦλος,
2813 1204 2833 1237 ι
2871 1185 3336 1255 Ἀπεκδυσὰμενοι
3360 1186 3457 1239 τὸν
3472 1185 3697 1249 παλαιὸν
3720 1188 3858 1259 ἀνθρω-

2360 1293 2463 1328 πον
2497 1277 2593 1329 σὺν
2623 1279 2746 1340 ταῖς
2778 1276 3046 1346 πράξεσιν
3093 1275 3281 1343 αὐτοῦ,
3317 1281 3417 1331 καὶ
3460 1278 3780 1349 ὲνδυσᾶμενοι
3809 1284 3859 1336 τὲ)

2359 1369 2849 1439 ἀνακαινούμενον.
2887 1389 2906 1422 ι
2942 1372 3050 1424 Καὶ
3081 1371 3357 1441 ἐπιφέρει·
3386 1391 3405 1422 ι
3427 1371 3597 1425 Οὐδὲν
3623 1375 3855 1443 εἰσηνέγασ

2364 1477 2465 1529 μεν
2500 1461 2581 1523 εἰς
2626 1462 2717 1514 τὸν
2756 1462 2984 1531 κόσμον,
3035 1461 3280 1532 δηλονότι
3339 1461 3468 1516 οὐδὲ
3523 1462 3791 1531 ἐξενεγκεῖν
3829 1485 3857 1521 τι

2357 1552 2658 1621 δυνάμεθα·
2690 1552 2905 1623 ἔχοντες
2963 1554 3018 1607 δὲ
3076 1555 3375 1624 διατροφὰς
3426 1555 3526 1608 καὶ
3566 1557 3855 1626 σκεπάσματα,

2357 1643 2576 1707 τούτοις
2637 1644 3117 1714 ἀρκεσθησόμεθα,
3153 1664 3173 1698 ι
3214 1645 3406 1700 Ταῦτα
3464 1646 3560 1698 καὶ
3612 1648 3639 1700 ὁ
3688 1648 3855 1719 Σολομὼν

2359 1736 2524 1800 αἰτεῖ,
2558 1735 2760 1802 λέγων·
2804 1755 2824 1787 ι
2868 1736 3106 1791 Πλοῦτον
3164 1738 3259 1790 καὶ
3312 1738 3517 1791 πενίαν
3567 1739 3639 1809 μή
3674 1756 3745 1808 μοι
3766 1740 3852 1809 δῷς·

660 1830 717 1883 di
758 1832 1014 1901 opificem
1050 1834 1430 1904 pertingamus
1458 1834 1711 1889 beatilica
1737 1836 2039 1891 fruitione:
2075 1837 2246 1906 siqui-

2286 1824 2329 1878 Β
2357 1825 2620 1891 σύνταξον
2655 1826 2713 1880 δέ
2741 1844 2832 1897 μοι
2862 1828 2931 1880 τὰ
2955 1827 3144 1881 δέοντα
3176 1830 3271 1882 καὶ
3299 1830 3585 1900 αὐτάρκη.
3613 1848 3631 1881 ι
3661 1828 3849 1894 Καὶεύἓις

661 1924 787 1977 dem
825 1925 1016 1978 mundi
1061 1926 1224 1980 istius
1274 1927 1448 1996 figura
1499 1928 1567 1981 ad
1604 1925 1900 1995 imaginem
1928 1929 2127 1982 transit
2161 1928 2247 1982 in-

660 2016 882 2071 somnii.
956 2016 1201 2072 Tametsi
1260 2018 1382 2087 ipso
1452 2020 1665 2074 utimur
1747 2019 1979 2083 mundo,
2037 2035 2108 2074 ne
2167 2018 2249 2075 sic

660 2108 887 2176 quidem
922 2124 990 2163 co
1014 2109 1520 2183 abutamur,juxta
1563 2111 1710 2166 beati
1755 2111 1985 2168 Joannis
2029 2111 2255 2165 manda-

664 2205 783 2248 tu-m
824 2213 837 2248 :
878 2215 898 2247 ι
933 2197 1114 2252 Nolite
1142 2197 1374 2270 diligere
1407 2201 1700 2262 mundum,
1731 2216 1913 2271 neque
1942 2216 2007 2256 ea
2042 2217 2163 2270 qu:e
2198 2199 2254 2254 in

662 2287 872 2341 mundo
896 2297 1063 2342 sunt:
1098 2290 1144 2343 si
1173 2290 1300 2359 quis
1329 2291 1514 2362 diligit
1542 2293 1834 2356 mundum,
1869 2309 1981 2348 non
2009 2301 2095 2348 est
2124 2293 2255 2349 cha-

662 2378 804 2431 ritas
844 2379 1025 2433 Patris
1076 2379 1133 2432 in
1163 2396 1251 2447 eo,
1279 2382 1409 2452 quia
1440 2398 1605 2438 omne
1629 2384 1777 2453 quod
1821 2392 1905 2438 est
1933 2384 1988 2437 in
2022 2383 2252 2449 mundo,

660 2470 1117 2539 concupiscentia
1146 2474 1330 2527 carnis
1353 2483 1463 2536 est,
1490 2483 1543 2529 et
1576 2475 2029 2544 concupiscentia
2065 2474 2259 2529 oculo-

660 2576 808 2623 rum,
847 2572 905 2615 et
949 2564 1210 2632 superbia
1258 2565 1406 2630 vitas,
1442 2581 1566 2636 qu:e
1613 2581 1724 2621 non
1783 2574 1914 2621 sunt
1971 2581 2039 2620 ex
2070 2566 2257 2632 Patre,

665 2651 881 2724 1049
905 2654 1002 2707 sed
1025 2671 1093 2710 ex
1116 2656 1322 2711 mundo
1343 2659 1556 2712 sunt“.
1582 2681 1602 2711 υ
1633 2658 1738 2713 Et:
1767 2674 1784 2708 ι
1818 2648 2057 2712 Mundus
2078 2667 2259 2712 trans-

667 2746 711 2799 it
746 2753 803 2797 et
852 2747 1309 2817 concupiscentia
1374 2750 1497 2817 ejus
1526 2769 1541 2814 ;
1576 2752 1669 2819 qui
1698 2758 1883 2805 autem
1913 2749 2258 2803 voluntatem

664 2840 758 2893 Dei
795 2841 948 2905 facit,
974 2852 1162 2896 manet
1195 2843 1249 2895 in
1280 2840 2068 2896 aeternum”.iAitJacohus:
2100 2860 2117 2891 ι
2154 2840 2257 2906 Qui

662 2932 905 2986 voluerit
947 2934 1162 2987 amicus
1197 2932 1387 2986 mundi
1437 2927 1585 2995 csse,
1612 2933 1879 2986 inimicus
1919 2933 2014 2986 Dei
2048 2932 2258 2986 consti-

668 3025 848 3079 tuitur
882 3026 950 3079 ⁸⁵.
995 3045 1012 3076 ι
1046 3026 1250 3080 Paulus
1305 3041 1566 3094 quoque:
1597 3044 1615 3076 ι
1659 3024 2047 3094 Exspoliantes
2098 3033 2255 3078 vete-

2352 1921 2381 1972 ὁ
2406 1919 2637 1985 Παῦλος,
2660 1919 2988 1991 βουλόμενος
3011 1921 3161 1992 ἡμᾶς
3184 1924 3650 1992 μετεωροπορεῖν,
3666 1924 3741 1975 καὶ
3758 1922 3848 1992 οὐρα.

2354 2011 2648 2073 νοπο>.ίτας
2710 2008 3090 2080 καταστῆσαι,
3128 2013 3393 2082 παραινεῖ
3451 2011 3629 2079 λέγων
3653 2027 3666 2043 ·
3700 2033 3716 2064 ι
3741 2011 3845 2065 Εῐσὲν

2356 2101 2743 2174 συνηγέρθητε
2770 2104 2850 2173 τῷ
2876 2103 3120 2174 Χριστῷ,
3152 2104 3221 2156 τὰ
3257 2103 3375 2157 ἄνω
3413 2102 3634 2172 ζητεῖτε
3663 2099 3714 2159 οὗ
3738 2107 3840 2175 6X9:-

2354 2196 2491 2260 -στός
2535 2198 2686 2250 ἐστιν
2728 2198 2802 2249 ,ὲν
2843 2196 2997 2267 δεξιᾷ
3025 2195 3121 2249 τοῦ
3174 2195 3310 2249 Θεοῦ
3359 2195 3702 2266 καθήμενος’
3728 2198 3837 2249 sitim

2357 2290 2640 2359 φρονεῖτε,
2670 2288 2747 2358 μὴ
2777 2288 2845 2341 τὰ
2874 2287 2969 2340 ἐπὶ
2998 2288 3100 2356 τῆς
3123 2287 3246 2359 γῆς.
3277 2286 3609 2343 Ἀπεθάνετε
3638 2287 3734 2359 γὰρ
3755 2288 3826 2357 ini

2357 2379 2604 2451 Χριστῷ,
2638 2381 2733 2433 καὶ
2763 2381 2796 2449 ἡ
2831 2379 2949 2451 ζωὴ
2984 2380 3140 2451 ὑμῶν
3183 2381 3501 2451 κέκρυπται
3548 2383 3606 2434 ὲν
3632 2381 3702 2450 τῷ
3731 2379 3827 2448 Grip

2358 2472 2540 2525 Θέλων
2589 2472 2648 2525 δὲ
2680 2472 2828 2542 ἡμᾶς
2871 2474 2972 2542 τὴν
3009 2471 3181 2542 καλὴν
3220 2471 3518 2525 ἀλλοίωσιν
3561 2471 3841 2540 ἀλλοιωθῆναι.

2359 2564 2582 2632 ἐπάγει·
2619 2582 2638 2614 ι
2674 2564 2766 2634 Μὴ
2804 2563 3209 2634 σχηματίζεσθε
3259 2563 3340 2634 τῷ
3390 2564 3552 2618 αἰῶνι
3594 2561 3845 2632 redimam

2366 2655 2829 2727 μεταμορφοῦσθε
2873 2659 2940 2727 τῇ
2976 2654 3344 2709 ἀνακαινώσει
3377 2654 3478 2709 τοῦ
3523 2655 3638 2715 νοὸς
3663 2652 3793 2724 ἡμῶν.
3817 2649 3846 2703 ‘0

2359 2751 2415 2803 δὲ
2446 2750 2649 2818 ἀγαθὸς
2698 2749 2860 2820 ἡμῶν
2914 2750 3123 2821 Κύριος
3178 2749 3469 2821 ὲπικυρῶν
3515 2749 3606 2802 τὸν
3650 2743 3847 2813 λόγονςιῖε

2358 2839 2558 2892 ἑαυτοῦ
2597 2839 2882 2910 μαθητῶν,
2906 2840 3033 2908 ἔφη’
3066 2859 3085 2890 ι
3126 2840 3192 2892 Τί
3219 2841 3332 2910 γὰρ
3360 2839 3636 2910 ὠφελήσει
3658 2835 3845 2908 ἄνθρωπε

2363 2932 2458 2985 ἐὰν
2498 2931 2591 2985 τὸν
2641 2934 2846 3001 κόσμον
2900 2933 3025 2985 ὅλον
3074 2933 3346 3006 κερδήσῃ,
3385 2932 3491 3007 τὴν
3534 2935 3589 2987 δὲ
3628 2934 3770 3003 ψυχὴν
3797 2929 3846 2995 it,-

2359 3023 2534 3094 μιωθῇ
2563 3039 2577 3090 ;
2617 3023 2650 3095 ἢ
2681 3024 2733 3076 τί
2766 3023 2929 3078 δώσει
2955 3023 3316 3096 ἀντάλλαγμα
3344 3025 3449 3095 τῆς
3468 3011 3642 3095 ψυχῆς
3664 3020 3789 3076 αὐτοῦ
3808 3035 3844 3081 ;¹

665 3131 785 3170 rem
839 3118 1124 3171 hominem
1179 3132 1305 3171 cum
1357 3116 1598 3179 actibus,
1637 3117 1852 3171 induite
1905 3132 2108 3169 novum
2163 3117 2251 3186 qui

2037 3132 2108 3169 tm
2163 3117 2256 3186 qui
2289 3113 2330 3170 C
2363 3117 2523 3187 Αὐτῷ
2576 3119 2608 3186 ἡ
2663 3116 2790 3180 δόξα
2833 3119 2915 3180 εἰς
2974 3118 3102 3180 τοὺς
3156 3116 3390 3181 αἰῶνας.
3434 3119 3623 3188 Ἀμήν.

666 3220 972 3263 renovatur
999 3210 1066 3261 ⁸⁸.
1110 3227 1128 3259 ι
1170 3209 1383 3262 Infert:
1427 3229 1443 3258 ι
1476 3208 1626 3261 Nihil
1672 3210 1820 3261 enim
1883 3208 2177 3262 intulimus
2236 3210 2292 3262 in
2335 3210 2628 3273 mundum,
2694 3208 3048 3264 nranifcstum
3114 3218 3199 3263 est
3246 3212 3382 3279 quia
3441 3225 3545 3264 nec
3586 3198 3847 3268 eﬂ‘erreqtid

663 3315 981 3367 possumus.
1020 3303 1299 3356 llahentes
1368 3311 1553 3356 autem
1624 3303 1886 3357 alimenta
1927 3319 1993 3357 ac
2042 3314 2377 3374 tegumenta,
2447 3305 2535 3358 his
2591 3305 2837 3360 contenti
2892 3307 3103 3360 erimus
3132 3306 3196 3360 ⁸⁷.
3239 3325 3258 3357 ι
3289 3306 3363 3361 Ει
3410 3306 3528 3359 haec
3578 3295 3846 3373 paslttlalSa-

665 3392 850 3446 lomon
885 3409 916 3447 a
972 3393 1248 3447 Domino:
1298 3413 1311 3443 ι
1356 3393 1589 3447 Divitias
1631 3404 1687 3448 et
1737 3405 2121 3464 paupertatem
2174 3412 2243 3449 ne
2283 3395 2509 3451 dederis
2540 3397 2698 3459 mihi,
2734 3398 2830 3451 sed
2864 3390 3132 3452 coordina
3163 3398 3297 3452 mihi
3335 3396 3644 3452 necesSaria
3700 3401 3743 3446 et
3780 3401 3847 3456 qui!

664 3484 943 3540 sufficiant
977 3486 1043 3540 ⁸⁸.
1089 3487 1377 3541 iRnrsum
1411 3486 1637 3549 Paulus,
1692 3487 1926 3556 cupiens
1990 3503 2325 3557 magnopere
2369 3500 2429 3544 ut
2476 3489 2744 3560 neglectis
2791 3489 3052 3554 terrenis,
3085 3490 3334 3546 coelestia
3387 3480 3843 3545 inambulemus.si-

668 3579 895 3646 mulque
955 3581 1148 3635 volens
1214 3596 1317 3634 nos
1370 3582 1713 3634 constituere
1775 3580 2021 3634 cmlestis
2068 3581 2259 3648 patriae
2330 3582 2681 3650 municipes,
2750 3574 3014 3635 admouet
3053 3581 3294 3635 dicens:
3343 3602 3361 3631 ι
3400 3579 3459 3634 Si
3504 3579 3660 3649 igitur
3696 3586 3844 3629 consur-

669 3674 897 3728 rexistis
956 3690 1082 3728 cum
1127 3676 1371 3736 Christo,
1410 3691 1533 3744 qua:
1584 3690 1802 3729 sursum
1883 3682 2013 3728 sunt
2079 3677 2335 3744 quaerite,
2376 3676 2470 3729 ubi
2524 3675 2780 3730 Christus
2819 3675 2874 3728 in
2926 3675 3149 3729 dextera
3186 3673 3272 3729 dei
3304 3674 3677 3742 sedenszqua:
3705 3676 3841 3722 sursum

664 3774 796 3819 sunt
837 3766 1033 3836 sapite,
1072 3782 1179 3821 non
1213 3784 1336 3837 qu:e
1368 3783 1535 3836 super
1603 3778 1805 3820 terram
1840 3783 1853 3819 :
1889 3767 2091 3820 mortui
2137 3767 2286 3821 enim
2326 3766 2461 3822 estis
2517 3783 2643 3822 cum
2689 3764 2933 3829 Christo,
3001 3775 3058 3821 et
3118 3766 3225 3820 vita
3273 3774 3466 3820 vestra
3510 3758 3840 3818 absconditam

666 3872 793 3910 cum
833 3856 1057 3911 Christo
1125 3859 1193 3910 ειν.
1226 3878 1243 3907 ι
1315 3856 1481 3927 Optat
1539 3872 1726 3911 autem
1796 3873 1896 3913 nos
1936 3859 2241 3928 permutari
2283 3859 2523 3929 eleganti
2574 3857 2873 3912 admodum
2928 3857 3416 3922 transmutatione,
3456 3868 3625 3925 eoque
3670 3845 3838 3904 inducit:

675 3970 692 4003 ι
740 3949 922 4004 Nolite
948 3948 1289 4004 conformari
1318 3951 1451 4004 huic
1518 3950 1744 4011 saeculo,
1815 3949 1910 4003 scd
1953 3936 2329 4004 reformamini
2369 3951 2423 4004 in
2480 3950 2724 4005 novitate
2796 3950 3000 4002 mentis
3049 3956 3247 4003 vestra:
3276 3948 3346 4001 ’°.
3391 3966 3410 3999 ι
3475 3938 3840 4000 Cleutentissimus

669 4043 939 4097 Dominus
964 4051 1155 4096 noster
1196 4042 1598 4112 discipulorum
1634 4057 1862 4096 suorum
1897 4056 2211 4096 sermonem
2244 4084 2257 4106 ,
2300 4054 2415 4098 suae
2445 4042 2688 4113 pondere
2748 4042 3054 4112 majestatis
3077 4038 3331 4095 sanciens
3350 4047 3407 4090 et
3425 4037 3743 4092 corroborans
3766 4026 3835 4113 ιῐιξ

673 4153 696 4187 ι
736 4134 874 4200 Quid
900 4133 1049 4187 enim
1075 4135 1328 4203 proderit
1378 4134 1589 4188 homini
1618 4134 1662 4188 si
1693 4134 1942 4189 lucretur
2010 4135 2332 4188 universum
2373 4134 2662 4197 mundum,
2700 4134 2897 4187 animae
2932 4148 3063 4187 vero
3091 4148 3204 4187 sua:
3225 4131 3614 4186 detrimentum
3651 4111 3838 4195 patiatur?

670 4234 768 4278 aut
812 4240 976 4294 quam
1006 4222 1161 4277 dabit
1196 4224 1364 4277 homo
1395 4223 1905 4279 commutationem
1938 4237 2042 4293 pro
2090 4223 2271 4278 anima
2311 4236 2411 4278 sua
2439 4224 2522 4276 9‘?
2564 4243 2582 4275 ι
2616 4222 2723 4293 Ipsi
2757 4222 2930 4292 g’loria
2960 4221 3013 4274 in
3037 4221 3254 4276 saecula.
3287 4221 3487 4275 Amen.

1227 4333 1513 4388 liOilllLlA
1561 4332 1701 4389 XVI.

808 4453 884 4507 De
917 4450 1200 4505 immodica
1231 4459 1278 4502 et
1308 4450 1595 4502 audaciora
1625 4448 1824 4517 ﬁducia
1854 4448 2119 4520 loquendi.

745 4562 1066 4619 Temeraria
1093 4562 1184 4615 illa
1210 4560 1588 4629 etimpudcns
1613 4560 1880 4630 loquendi
1912 4562 2144 4614 libertas
2175 4560 2261 4614 vi-

673 4659 795 4712 deri
823 4657 1002 4727 possit
1064 4655 1333 4709 assimilis
1383 4654 1564 4708 titioni
1607 4670 1808 4724 magno
1858 4670 1873 4720 ;
1910 4654 2050 4707 febri
2092 4653 2254 4708 nimi-

672 4768 795 4806 rum
814 4748 1165 4811 exaastuanti,
1185 4748 1348 4817 cujus
1375 4744 1698 4801 incendium
1723 4746 1909 4799 cteteri
1936 4746 2260 4813 neutiquam

672 4844 922 4898 ferentes
971 4841 1129 4894 illinc
1175 4854 1235 4893 se
1273 4839 1615 4909 proripiunt,
1669 4846 1952 4904 cursuque
1985 4834 2260 4905 praecipiti

674 4938 734 4990 in
765 4937 951 4990 locum
997 4933 1316 4987 concedunt
1349 4930 1707 4984 umbratilem
1730 4969 1745 4989 ,
1783 4929 1984 4982 animat
2023 4928 2261 4997 refrige-

674 5027 865 5083 randae
903 5026 1105 5096 gratia.
1137 5023 1346 5078 Umbra
1408 5021 1524 5074 haec
1564 5018 1948 5089 refrigeratrix
2002 5027 2262 5073 censetur

674 5120 725 5174 is
770 5119 867 5188 qui
915 5119 970 5172 in
1006 5115 1289 5186 loquendo
1322 5114 1633 5167 modestior
1657 5122 1744 5166 est
1765 5151 1781 5175 ,
1808 5126 1986 5179 eoque
2015 5111 2259 5164 circuat-

675 5211 942 5281 spectior.
983 5209 1119 5262 Nam
1144 5209 1212 5262 ab
1247 5207 1344 5261 illo
1385 5205 1617 5274 quidem
1658 5218 1764 5258 nec
1810 5204 2055 5256 salutato
2107 5202 2270 5255 delu—

677 5304 857 5373 giunt,
892 5312 953 5355 ut
974 5302 1043 5355 ab
1079 5302 1194 5355 acri
1240 5310 1297 5355 et
1341 5313 1503 5352 nares
1536 5297 1839 5350 obturante
1880 5293 2034 5347 fumo
2064 5294 2265 5362 lingua:

678 5396 936 5465 procacis
956 5436 969 5457 ,
1002 5408 1126 5448 sese
1158 5390 1517 5446 commodum
1556 5390 1898 5457 recipientes
1926 5385 1997 5440 ad
2031 5395 2261 5455 captan-

678 5488 805 5541 dam
830 5502 1021 5541 auram
1050 5485 1326 5540 amoenius
1358 5482 1688 5551 spirantem,
1719 5480 1787 5533 ad
1814 5494 1980 5532 suave
2010 5478 2228 5547 fragran
2248 5505 2262 5517 -

682 5576 754 5629 tis
783 5576 999 5630 incensi
1033 5575 1473 5636 exhalationem,
1501 5586 1624 5643 qu:e
1653 5569 1941 5624 silentium
1986 5578 2091 5621 est.
2129 5567 2264 5637 Ejus

2954 4333 3176 4386 ΑοΓοΣ
3226 4333 3344 4402 ις’.

2881 4450 3019 4519 Περὶ
3051 4451 3416 4518 παῤῥησιάς.

2441 4564 2661 4615 Ἔοικεν
2689 4564 2720 4631 ἠ
2757 4563 3044 4633 παρρησία
3070 4564 3309 4634 καύσονιξ
3357 4566 3585 4638 μεγάλῳ·
3619 4553 3772 4618 οὗτινος
3786 4552 3826 4620 μῆ

2366 4653 2627 4724 φέροντες
2679 4652 2772 4705 τὸν
2815 4654 3062 4723 φλογμὸν
3094 4655 3390 4722 φεύγουσιν
3439 4657 3486 4708 οἱ
3531 4652 3755 4721 ἄνθρωποι
3773 4640 3825 4694 ἀπ’

2365 4745 2557 4807 αὐτοῦ,
2589 4746 2686 4797 καὶ
2714 4747 2779 4815 τῇ
2803 4745 2935 4815 σκιᾷ
2965 4748 3400 4816 προστρέχουσιν
3418 4738 3505 4800 διᾶ
3535 4745 3591 4797 τὸ
3607 4739 3821 4808 ἀναψύχειν

2368 4838 2492 4906 ἥτις
2525 4837 2675 4889 ἐστὶν
2714 4837 2775 4889 τὸ
2806 4838 3260 4911 ἀπαρρησίαστον
3305 4840 3400 4892 καὶ
3452 4836 3668 4897 εὐλαϐές.
3705 4831 3821 4882 Ἀπαν·

2367 4931 2690 4999 τομολοῦσιν
2722 4931 2813 4983 τοῦ
2843 4931 3064 5001 δριμέος
3110 4931 3320 4984 καπνοῦ
3343 4932 3441 5001 τῆς
3469 4926 3743 5001 παῤῥησέας.
3763 4913 3819 4967 Ιίαἱ

2369 5020 2767 5090 αὐτομολοῦσιν
2814 5023 2953 5092 πρὸς
2989 5022 3087 5089 τὴν
3120 5023 3323 5091 ἀτμίδα
3358 5022 3450 5076 τοῦ
3479 5019 3679 5078 εὐώδους
3700 5013 3818 5075 θυμιιῶ

2371 5127 2562 5180 ματος·
2594 5111 2717 5180 ἦτις
2783 5113 2931 5165 ἐστὶν
2993 5115 3025 5181 ἡ
3070 5115 3292 5184 ἡσυχία.
3340 5114 3612 5180 Φεύγουσιν
3652 5106 3725 5171 τὴν
3749 5099 3818 5149 δυσ·

2370 5204 2539 5256 ωδίαν
2563 5202 2663 5256 τοῦ
2692 5205 3127 5276 σκοροδοφὰγου,
3164 5209 3259 5259 καὶ
3302 5206 3657 5275 πλησιάζουσιν
3680 5194 3735 5263 τῷ
3754 5206 3811 5257 .W‘

2375 5295 2596 5365 ροφόρῳ
2648 5297 2748 5347 καὶ
2782 5297 3174 5368 γλυκορήμονι,
3210 5300 3289 5371 τῷ
3340 5294 3700 5370 ἐξερευγομένῳ
3726 5282 3809 5344 147"

2372 5388 2604 5454 ἀγαθὸν,
2641 5389 2734 5441 καὶ
2781 5391 3089 5459 πηγάζοντι
3134 5370 3293 5462 λόγια
3337 5382 3523 5463 Κυρίου
3562 5387 3690 5453 ἁγνά.

2371 5480 2480 5548 γὰρ
2509 5480 2685 5544 οὕτως
2718 5482 3064 5551 ἐξαφανίζειν
3114 5485 3211 5555 τὴν
3260 5487 3452 5557 ἀρετὴν
3497 5460 3810 5557 πέφυκενν

2372 5569 2732 5642 εὐτραπελία,
2776 5576 2871 5627 καὶ
2899 5572 2963 5627 τὸ
3004 5574 3243 5644 παίζειν,
3276 5578 3369 5631 καὶ
3401 5579 3430 5645 ἡ
3468 5564 3717 5643 ἀργολογία.
3748 5553 3808 5604 Κπ

770 5706 812 5735 ⁸⁸
848 5706 861 5758 Ι
893 5707 1050 5777 Joan;
1082 5720 1144 5766 tt,
1189 5706 1273 5765 15.
1311 5705 1396 5759 l6.
1473 5705 1543 5735 “'
1579 5706 1707 5758 ihid.
1736 5707 1824 5761 l7.
1901 5706 1945 5738 ⁸⁸
1970 5705 2084 5761 Jac.
2118 5721 2193 5759 ιν.
2221 5709 2273 5760 4.
2351 5708 2356 5738 ¹

2221 5709 2273 5760 ι.
2351 5705 2395 5739 σε
2421 5706 2628 5761 Culuss.
2664 5723 2740 5777 ιιι,
2768 5706 2824 5763 9.
2902 5706 3268 5774 "l'l‘im.vr,
3318 5705 3446 5776 7,8.
3513 5694 3800 5754 "amnt.

692 5779 746 5830 8.
827 5778 872 5807 ⁸⁸³
903 5775 1116 5832 Coloss.
1149 5777 1282 5840 m,l
1319 5777 1381 5832 5.

1456 5777 1500 5807 ⁹⁰
1538 5777 1700 5833 Ιὶοιιι.
1736 5793 1830 5846 λιι,
1855 5779 1909 5833 9..
1986 5779 2027 5808 "
2058 5777 2251 5831 Matth.
2280 5794 2389 5842 xw,
2431 5778 2523 5832 ‘26.
