4016 6450
169 341 344 408 ΗἘΊ

857 356 1186 419 HOMILIA
1231 359 1386 422 XVI.
1421 389 1486 398 -
1527 357 1626 424 DE
1669 365 2045 426 IMMODICA
2090 360 2480 438 L'OQITENDI
2525 371 2854 430 l’lDUClA.

3352 369 3486 436 1:78

167 453 400 517 πάλιν,
435 453 594 509 οὐδὲν
621 456 798 524 οὕτως
825 464 926 534 τὴν
955 468 1424 540 πεπαλαιωμένην
1467 469 1644 542 ψυχὴν
1675 473 1790 524 ἁνα-

1908 473 2087 527 vitant
2117 476 2553 544 graveolentiam
2581 518 2594 539 ,
2625 477 2718 544 qui
2762 476 2888 530 aliis
2917 478 3160 530 vescitur
3185 518 3198 540 ,
3233 488 3288 532 et
3327 481 3379 532 ei
3425 497 3484 535 se

162 547 472 613 καινίζει,
509 547 586 614 ὡς
637 552 666 604 ὀ
705 552 873 622 φόϐος
911 557 1005 609 τοῦ
1034 557 1192 622 Θεοῦ,
1245 561 1398 634 καὶὴ
1445 562 1584 634 καλὴ
1625 582 1796 634 προσ-

161 639 370 711 ευχὴ,
400 641 510 706 ,καὶ
559 642 622 697 τὸ
665 645 898 718 μελετᾷν
944 649 1242 716 ἀπαύστως
1285 653 1353 706 τὰ
1382 653 1540 722 λόγια
1569 657 1824 727 Κυρίου..

162 733 295 783 καὶ.
339 731 412 803 τῇ
449 738 732 807 προσευχῇ
777 738 864 790 ἀεὶ
909 737 1106 794 ἑαυτὸν
1147 741 1518 808 καθοπλίξειν,
1565 749 1661 799 καὶ
1699 748 1798 816 τῆς

163 824 526 894 ἀγρυπνίας
559 826 620 880 τὸ
656 829 845 899 κέρδος
877 832 1208 902 ῐχνηλατεῖν.
1255 834 1320 888 Ἡ
1355 837 1463 906 γὰρ
1511 837 1797 908 παρρησια

167 913 478 992 βδελυκτή
525 923 697 988 ἐστιν,
747 924 934 989 καθὼς
979 927 1294 999 γέγραπται
1343 931 1402 984 ὲν
1440 931 1520 1003 τῷ
1561 932 1796 1003 Ἐκκλη-

167 1013 431 1082 σιαστῇ,
487 1013 571 1066 δτι
607 1013 897 1086 Βδέλυγμα
944 1017 1138 1090 Κυρίῳ
1185 1021 1461 1093 στηρίζων
1493 1021 1794 1092 ὀφθαλμόν·

168 1107 292 1160 καὶ
335 1107 393 1160 οἱ
433 1107 774 1176 ἀπαίδευτοι,
823 1113 1085 1182 ἀκρατεῖς
1119 1113 1392 1189 γλώσσης.
1437 1117 1564 1172 Ἐὰν
1597 1126 1796 1189 past-f-

165 1199 398 1272 γὼσῃς
427 1200 641 1270 ἄφρονα
683 1203 741 1254 ἐν
779 1202 932 1276 μέσῳ
964 1206 1242 1277 συνεδρίου
1271 1208 1580 1279 ἀτιμάζων,
1614 1211 1676 1263 οὐ
1717 1210 1794 1282 μὴ

169 1289 488 1360 περιελεϊς
513 1284 614 1363 τὴν
643 1292 958 1364 ἀφροσύνην
987 1295 1180 1350 αὑτοῦ.
1214 1299 1324 1352 Καὶ
1363 1295 1543 1362 αὖθις·
1575 1317 1594 1351 ι
1627 1300 1796 1370 Σοφία

166 1377 504 1453 ἀνθρώπου
534 1385 728 1452 φωτιετ
753 1386 1048 1456 πρόσωπον
1076 1387 1266 1442 αὑτοῦ·
1297 1390 1517 1460 ἀναιδὴς
1540 1391 1597 1446 δὲ
1624 1408 1794 1461 προσ-

167 1471 340 1543 ώπῳ
378 1471 568 1540 αὑτοῦ,
601 1474 990 1546 μισηθήσεται.
1022 1498 1041 1530 ι
1069 1479 1180 1551 Καὶ
1211 1479 1270 1532 ἐν
1295 1482 1416 1544 ταῖς
1441 1481 1790 1556 Παροιμίαις·

178 1581 210 1614 ι
256 1565 512 1619 Σπάνιον
545 1564 736 1636 εἴσαγε
765 1560 857 1622 σὺν
888 1569 1026 1624 πόδα
1057 1569 1192 1642 πρὸς
1221 1571 1314 1626 σὺν
1347 1571 1524 1641 φίλον,
1559 1575 1634 1644 μή
1662 1591 1792 1628 ποτε

171 1654 473 1724 πλησθεὶς
507 1655 782 1728 μισήσειε.
815 1677 834 1711 ι
865 1691 936 1700 -
961 1680 981 1712 ί
1004 1658 1375 1734 Ἀπόστρεψον
1427 1660 1536 1716 ἀπὸ
1568 1663 1662 1717 σοῦ
1693 1665 1793 1719 ἑπ-

174 1747 542 1812 ονειδιστους
582 1747 796 1818 λόγους.
839 1771 858 1805 ι
904 1751 1016 1806 Καὶ
1045 1754 1230 1808 πάλινο
1273 1774 1292 1806 ι
1339 1755 1436 1818 Ὃς
1487 1755 1554 1809 ἂν
1593 1757 1790 1828 εὐλογῇ

173 1836 362 1905 φίλον
393 1838 543 1910 πρωῒ
595 1841 810 1914 μεγάλῃ
853 1845 920 1914 τῇ
961 1841 1136 1914 φωνῆ,
1194 1845 1592 1918 καταρωμένου
1640 1848 1795 1901 οὐδὲν

172 1929 490 2000 διαφέρειν
527 1930 692 1996 δόξει.
731 1953 752 1986 ι
787 1935 898 1988 Καὶ
921 1935 1107 1990 πάλιν·
1137 1937 1271 2002 «Ὃς
1295 1936 1564 2007 φυλάσσει
1587 1940 1647 1992 τὸ
1683 1941 1798 1994 στό-

183 2037 278 2088 μα
315 2019 490 2074 αὑτοῦ
549 2022 643 2076 καὶ
676 2021 777 2094 τὴν
823 2023 1099 2093 γλῶσσαν,
1148 2025 1401 2099 διατηρεῖ
1451 2029 1518 2082 ὲκ
1561 2028 1796 2098 θλίψεως

177 2110 299 2180 τὴν
327 2111 513 2184 ψυχὴν
565 2113 756 2170 αὑτοῦ.
808 2133 828 2168 ι
879 2115 1308 2190 Ἀγωνισὼμεθα
1342 2117 1458 2200 οὖν,
1489 2121 1792 2194 ἀγαπητοὶ,

195 2203 366 2276 πάσῃ
414 2205 646 2276 δυνάμει
681 2208 757 2278 μὴ
794 2208 978 2264 δοῦναι
1021 2209 1208 2282 χώραν
1248 2211 1345 2266 τοῦ
1373 2213 1794 2284 κατακυριεύειν

185 2293 363 2365 ἡμῶν
395 2295 456 2349 τὸ
477 2296 649 2361 πάθος
677 2297 778 2369 τῆς
810 2300 993 2371 δεινῆς
1023 2303 1368 2376 παρρησίας.
1397 2305 1650 2362 Χαλεπὸν
1685 2310 1792 2381 γάρ

191 2387 356 2439 ἐστιν
395 2385 540 2452 λίαν,
575 2389 672 2444 καὶ
711 2393 1028 2463 γεννητικὸν
1059 2395 1278 2448 πάντων
1307 2397 1418 2450 τῶν
1451 2399 1667 2462 παθῶν,
1697 2403 1794 2454 καὶ

197 2477 520 2565 διαφθεῖρον
558 2479 717 2546 ὅλους
741 2483 870 2542 τοὺς
904 2487 1178 2556 καρποὺς,
1205 2488 1304 2542 καὶ
1331 2489 1432 2556 τὰς
1465 2491 1666 2565 ἀρετὰς
1696 2493 1792 2547 τοῦ

197 2563 516 2642 ἀνθρώπου·
545 2575 925 2645 μεμισημένον
952 2577 1011 2630 δέ
1031 2580 1180 2632 ἐστιν
1207 2581 1304 2635 καὶ
1331 2583 1485 2654 παρὰ
1507 2563 1604 2637 τοῦ
1628 2583 1788 2639 Θεοῦ.

198 2661 375 2716 ’Ὀθεν
407 2665 498 2719 καὶ
525 2666 618 2720 τὸν
669 2667 859 2732 Ὠζᾶν,
893 2669 1246 2742 τολμήσαντα
1269 2673 1512 2729 ἐκτεῖναι
1539 2675 1639 2740 τὴν
1673 2679 1792 2747 χεῖ-

190 2773 296 2828 ρα,
330 2756 426 2808 καὶ
457 2757 872 2830 περισώσασθαι
917 2761 1017 2833 τὴν
1065 2763 1302 2818 κιϐωτὸν
1336 2765 1432 2819 τοῦ
1486 2765 1646 2822 Θεοῦ.
1680 2785 1790 2822 πα-

179 2832 486 2918 ραχρῆμα,
511 2845 586 2910 ὡς
610 2848 778 2920 ἐναγῆ
806 2851 900 2904 καὶ
927 2832 1142 2924 ἀνίερον
1165 2853 1528 2911 ἐθανάτωσεν.
1553 2856 1628 2910 Τὸ
1649 2857 1790 2930 παῤ-

193 2937 564 3009 ῥησιάζεσθαι
605 2935 720 3004 οὗν,
771 2943 867 2995 καὶ
923 2945 1280 3018 ἐπαίρεσθαι,
1324 2947 1658 3020 δυσάρεστον
1709 2947 1790 3022 τῷ

190 3030 320 3102 Θεῷ
355 3031 452 3084 καὶ
487 3031 800 3104 ἀνθρώποις
841 3036 1016 3114 ἐστιν.
1075 3039 1188 3092 Καὶ
1239 3038 1398 3093 τοῦτο
1452 3041 1641 3110 σαφῶς
1688 3041 1792 3095 ἑπ-

201 3124 502 3194 ιστάμενος
555 3128 584 3180 ὁ
614 3125 798 3191 Δαυῒδ,
847 3111 1053 3196 ξλεῆεν·
1085 3149 1104 3181 ι
1140 3129 1372 3198 Ἀγαθὸν
1420 3149 1512 3203 μοι
1557 3133 1640 3187 ὅτι
1667 3129 1790 3188 ἑταο

199 3217 480 3282 πείνωσάς
517 3237 610 3290 με,
648 3220 798 3285 ὃπως
833 3222 900 3275 ἂν
933 3221 1092 3291 μάθω
1119 3222 1192 3278 τὰ
1230 3225 1580 3297 δικαιώματά
1611 3245 1724 3281 σου.
1761 3247 1780 3280 ι

1907 563 2502 636 adjunguntpropius,
2543 567 2634 636 qui
2671 567 2931 637 quopiam
2955 565 3348 638 fragratnobili
3387 587 3485 624 un-

1905 665 2142 726 guento,
2177 657 2283 712 hoc
2308 667 2395 712 est
2419 698 2433 720 ,
2466 659 2826 728 suaviloquo,
2875 660 2970 730 qui
3001 661 3193 715 sedula
3226 660 3488 732 indagine

1905 757 2289 818 perscrutatur
2329 749 2567 804 verbum
2623 751 2829 805 bonum
2859 793 2872 817 ,
2931 760 2987 806 et
3041 752 3140 822 qui
3189 763 3338 809 casta
3388 754 3487 810 Dei

1901 839 2124 910 eloquia
2158 841 2381 896 abunde
2413 842 2674 898 effundit.
2699 843 2854 898 Nihil
2886 842 3036 898 enim
3075 845 3158 898 sic
3181 845 3486 902 obscurare

1903 931 2196 986 consuevit
2227 939 2282 985 et
2310 930 2537 985 abolere
2565 932 2916 1002 splendorem
2955 933 3202 998 virtutis,
3231 941 3294 987 ιιι
3326 936 3487 990 blatt-

1903 1019 2126 1091 diloqua
2163 1032 2330 1092 atque
2359 1024 2628 1078 urbanior
2662 1023 2974 1080 scurrilitas
3001 1066 3014 1088 ,
3067 1037 3128 1081 ιιι
3156 1027 3374 1082 ludicra
3421 1045 3487 1084 ac

1903 1115 2164 1183 petulans
2195 1117 2514 1187 nugacitas,
2568 1129 2630 1172 ιιι
2679 1119 2897 1174 otiosus
2945 1133 3128 1176 sermo
3173 1129 3233 1176 et
3285 1139 3488 1190 expers

1901 1202 2081 1274 frugis
2129 1205 2308 1260 bonae.
2359 1207 2494 1261 Item
2544 1207 2682 1262 nihil
2731 1205 2811 1263 sie
2845 1219 3076 1265 renovat
3109 1221 3166 1265 et
3213 1213 3486 1280 quodam-

1902 1295 2070 1349 modo
2107 1297 2480 1366 repubescere
2510 1299 2643 1354 facit
2671 1302 2911 1356 animam
2946 1302 3486 1373 alioqui'invetera-

1903 1393 2036 1451 tam,
2072 1396 2131 1440 ut
2161 1387 2326 1442 timor
2349 1389 2447 1443 Dei
2473 1429 2489 1454 ,
2526 1399 2585 1444 ut
2617 1391 2798 1445 oratio
2837 1408 2970 1447 sane
3000 1409 3168 1464 quam
3198 1397 3482 1466 speciosa,

1903 1484 1964 1530 ut
2001 1493 2206 1548 perpes
2249 1489 2306 1535 et
2350 1481 2626 1538 indefessa
2657 1485 2944 1539 meditatio
2975 1487 3328 1558 eloquiorum
3375 1487 3486 1543 Do-

1875 1566 2038 1622 ~mini
2068 1610 2084 1635 ,
2115 1579 2174 1625 ut
2205 1569 2252 1626 si
2288 1573 2528 1642 teipsum
2557 1575 2819 1631 obarmes
2872 1585 2928 1631 et
2974 1580 3324 1634 communias
3364 1581 3482 1652 jugi

1901 1660 2224 1734 precatione
2251 1705 2264 1727 ,
2303 1663 2350 1719 si
2386 1666 2580 1720 sedulo
2625 1682 2690 1721 ac
2729 1667 2908 1744 veluti
2951 1684 3052 1738 per
3090 1671 3322 1743 vestigia
3368 1675 3483 1729 sci-

1903 1749 2110 1807 scitere
2169 1763 2438 1824 quantum
2488 1771 2555 1811 ex
2615 1759 2824 1829 vigiliis
2871 1762 3084 1816 resiliat
3141 1765 3480 1834 compendii.

1829 1834 1870 1893 B
1905 1839 2120 1912 1050
2147 1839 2242 1896 Illa
2277 1859 2446 1914 porro
2477 1845 2744 1900 audacior
2773 1857 2939 1918 atque
2975 1849 3272 1920 imperiosa
3305 1852 3482 1908 liber-

1901 1942 1985 1988 tas
2031 1923 2300 2004 loquendi
2383 1935 2724 1992 abominatio
2765 1931 2892 2005 est,
2947 1953 3116 2011 utque
3190 1943 3482 2016 Scriptura

1896 2023 2151 2078 continet
2178 2026 2230 2078 in
2259 2027 2590 2083 Ecclesiaste
2623 2047 2636 2080 :
2673 2030 3006 2095 exsecratio,
3047 2032 3296 2102 inquam,
3329 2035 3480 2105 apud

1895 2109 2218 2178 Dominum,
2251 2115 2346 2184 qui
2398 2113 2580 2170 firntat
2609 2117 2864 2185 oculum;
2907 2119 3004 2174 sed
3031 2129 3089 2176 et
3135 2123 3366 2187 indocti,
3400 2124 3482 2178 in-

1893 2209 2264 2276 temperantis
2289 2209 2491 2280 lingua:
2521 2213 2738 2266 sunt”.
2767 2212 2824 2268 Si
2861 2214 3250 2271 verberaveris
3271 2217 3481 2287 impru-

1893 2294 2138 2361 dentem,
2187 2297 2242 2352 in
2297 2301 2482 2354 medio
2537 2301 2756 2356 consilii
2801 2303 2880 2358 illi
2933 2304 3482 2376 opprobrans,nun—
3557 2360 3566 2368 ,

1892 2403 2058 2456 quam
2111 2389 2415 2446 abstuleris
2471 2392 2764 2448 stultitiam
2824 2394 2998 2450 illius.
3027 2397 3286 2452 Rursus:
3343 2398 3484 2454 «Sa-

1891 2481 2098 2552 pientia
2152 2482 2395 2540 hominis
2441 2486 2684 2542 illustrat
2729 2485 2926 2542 t'aciem
2978 2487 3134 2558 ejus;
3186 2489 3480 2558 impudens

1891 2584 2078 2626 autem
2140 2572 2280 2628 faeie
2337 2573 2567 2630 odtbilis
2612 2577 2723 2632 erit
2751 2576 2818 2630 ”.
2857 2596 2876 2627 ι
2911 2576 2978 2632 Ει
3015 2578 3069 2631 in
3107 2576 3474 2633 Proverbiis:

1899 2683 1918 2716 (
1954 2665 2158 2721 Rarius
2193 2667 2336 2722 infer
2368 2669 2564 2738 pedem
2600 2678 2755 2724 tuum
2793 2670 2848 2724 in
2894 2671 3118 2725 domum
3155 2672 3356 2735 amici,
3409 2689 3480 2727 ne

1889 2755 2034 2812 forte
2055 2759 2288 2813 satiatus
2311 2761 2496 2816 oderit
2523 2771 2576 2816 te
2603 2761 2807 2814 ⁹⁸.›ρ-‹
2838 2762 3041 2818 Averte
3070 2761 3168 2818 abs
3189 2773 3242 2818 te
3267 2779 3480 2818 sermo-

1890 2864 1992 2904 nes
2023 2851 2306 2920 opprobrii
2338 2853 2406 2904 ”.
2456 2871 2474 2904 ι
2536 2852 2740 2908 lterum
2771 2872 2784 2906 :
2824 2871 2841 2903 ι
2878 2853 2979 2920 Qui
3011 2853 3291 2907 benedicit
3319 2868 3479 2908 mane

1889 2940 2130 2996 amicum
2167 2955 2382 2998 exserta
2413 2960 2572 3009 voce,
2621 2945 2760 2999 nihil
2789 2945 3014 3000 differre
3043 2944 3267 3000 videtur
3302 2947 3370 3001 ab
3411 2961 3480 3000 eo

1889 3035 1987 3102 qui
2047 3035 2416 3090 maledicit“.
2457 3056 2476 3088 ι
2527 3037 2770 3092 Rursum
2827 3055 2840 3090 :
2915 3057 2933 3088 ι
2971 3035 3074 3104 Qui
3116 3037 3362 3092 custodit
3416 3055 3480 3094 os

1889 3141 2051 3180 suum
2075 3125 2132 3180 el.
2156 3126 2422 3198 linguam,
2457 3137 2753 3184 conservat
2781 3145 2810 3183 a
2850 3129 3212 3184 tribulatione
3233 3130 3476 3184 animam

1889 3198 2044 3271 suam
2073 3218 2138 3272 ³⁷.
2174 3237 2192 3270 ι
2233 3219 2303 3274 Ει
2337 3235 2438 3274 nos
2484 3221 2655 3290 igitur
2689 3237 2792 3290 pro
2837 3221 3029 3287 virili,
3059 3221 3264 3278 fratres
3289 3265 3303 3287 ,
3361 3231 3479 3279 toto

203 3310 338 3374 Καὶ,
383 3329 401 3362 ι
458 3305 890 3384 Καθήλωσονὲιι
927 3313 1020 3368 τοῢ
1069 3315 1237 3385 φόϐου
1290 3333 1382 3370 σου
1431 3317 1529 3383 τὰς
1581 3319 1790 3389 σάρκας

1892 3311 2018 3367 nixu
2043 3311 2458 3382 provideamus,
2484 3329 2554 3368 ne
2577 3330 2744 3383 quem
2769 3315 2950 3369 locum
2972 3315 3024 3369 in
3050 3316 3214 3371 nobis
3242 3315 3480 3371 vitiosus

210 3419 332 3464 μονο
367 3403 472 3456 ἀπὸ
502 3405 612 3476 γὰρ
637 3405 745 3458 τῶν
775 3407 1064 3477 κριμάτων
1096 3425 1190 3461 στου
1225 3408 1528 3480 ἐφοϐήθην.
1569 3429 1587 3460 ι
1611 3412 1728 3464 Καὶ
1760 3413 1788 3464 ὁ

207 3492 416 3556 Παῦλος
444 3512 628 3564 φησιν·
668 3517 686 3548 ι
725 3497 914 3568 Ἐδόθη
942 3516 1032 3568 μοι
1054 3499 1292 3569 σκὼλωψ
1323 3503 1390 3570 τῇ
1424 3501 1588 3571 σαρκὶ
1616 3502 1786 3571 ἄγγε-

200 3582 296 3646 λος
325 3585 518 3648 Eat-civ,
557 3589 644 3641 ἵνα
677 3606 744 3660 με
775 3591 1069 3662 κολαφίζῃ,
1107 3593 1194 3645 ἵνα
1224 3593 1299 3664 μὴ
1329 3594 1776 3664 ὑπεραίρωμαι..

201 3674 316 3726 Καὶ
342 3674 516 3739 ἄλλος·
561 3696 578 3728 ι
626 3677 733 3745 Τίς,
759 3683 1099 3751 καυχήσεται
1140 3682 1312 3753 ἁγνὴν
1344 3681 1490 3752 ἔχειν
1521 3682 1620 3754 τὴν
1649 3700 1784 3755 καρ-

197 3766 351 3830 δίαν;
385 3769 418 3838 ἢ
447 3768 531 3831 τίς
575 3771 1014 3842 παῤῥησιάσεται
1051 3772 1282 3826 ἐνώπιον
1311 3773 1518 3840 αὐτοῦς
1560 3793 1579 3826 ι
1616 3763 1782 3827 Ὅθεν

202 3856 301 3910 καὶ
327 3858 354 3910 ὁ
380 3839 588 3929 Κύριος
610 3839 1124 3934 παρρησιασαμένῳ
1139 3861 1217 3934 τῷ
1247 3864 1458 3935 Πέτρῳ,
1481 3839 1576 3917 xal.
1596 3865 1782 3918 εἰπόν-

198 3963 278 4002 τι·
317 3967 335 4000 ι
370 3948 560 4015 Ἵλεώς
599 3969 703 4016 σοι,
747 3954 946 4024 Κύριε,
981 3955 1042 4007 οὐ
1093 3955 1170 4024 μὴ
1210 3953 1366 4008 ἔσται
1409 3971 1492 4008 σοι
1531 3955 1710 4021 τοῦτο,
1757 3975 1774 4006 ι

202 4041 557 4114 ἐπετίμησεν,
580 4043 776 4098 εἰπών·
807 4066 825 4098 ι
857 4047 1079 4115 Ὕπαγε
1105 4047 1282 4100 ὀπίσω
1321 4064 1449 4116 μου,
1485 4049 1720 4118 Σατανᾶ.
1755 4066 1773 4098 ι

222 4129 616 4204 Ἐπερωτηθεὶς
664 4135 720 4188 δὲ
759 4137 899 4206 μετὰ
932 4125 1030 4208 τῆν
1074 4121 1372 4191 ἀνάστασιν
1403 4138 1510 4191 ὑπὸ
1537 4137 1632 4190 τοῦ
1666 4139 1778 4216 Κίν-

207 4223 342 4294 ρίου’
376 4244 390 4276 ι
433 4227 629 4296 Πέτρε,
657 4227 834 4297 φιλεῖς
873 4247 987 4299 μες
1036 4248 1054 4282 ι
1091 4231 1188 4284 σὺν
1221 4230 1371 4302 πάσῃ
1406 4228 1663 4301 εὐλαϐείᾳ
1682 4231 1788 4282 ἀπ-

205 4312 418 4384 εκρίθη,
455 4333 473 4364 ι
505 4316 634 4382 Ναὶ,
670 4317 864 4390 Κύριε,
891 4318 956 4372 σὺ
991 4313 1138 4383 οἶδας
1163 4319 1244 4372 ὅτι
1289 4317 1430 4389 φιλῶ
1457 4335 1537 4398 σε’.
1573 4337 1592 4370 ι
1621 4317 1782 4390 Αὖτῷ

204 4405 243 4472 ἡ
271 4402 408 4468 δόξα.
451 4401 647 4482 Ἀμήν.

1886 3401 1978 3457 hic
2009 3405 2369 3459 nanciscatur
2383 3404 2840 3476 aﬂectuslingute
2871 3407 3145 3476 procacis,
3182 3407 3478 3475 nequando

1889 3494 2184 3550 adversum
2256 3511 2359 3574 nos
2423 3495 2725 3574 invalescat
2785 3495 3160 3566 imperiosius.
3197 3497 3478 3566 Perquam

1889 3583 2122 3638 molesta
2147 3591 2232 3638 est
2275 3567 2393 3638 haec
2425 3567 2623 3638 animae
2651 3583 3032 3654 intemperies,
3066 3600 3096 3638 e
3117 3599 3224 3654 qua
3246 3600 3345 3640 ceu
3379 3600 3476 3654 pa-

1891 3679 2047 3726 rente
2082 3679 2296 3726 caterae
2355 3671 2779 3741 progerminant
2809 3679 2866 3726 et
2916 3679 3248 3742 emergunt:
3299 3687 3478 3741 eoque

1889 3763 2392 3820 fructus-exercitii
2441 3753 2608 3834 hujus
2643 3762 2820 3817 nostri
2880 3779 3082 3818 omnes
3137 3760 3478 3833 putrilagine

1890 3869 1956 3908 ac
1989 3869 2241 3909 marcore
2271 3855 2456 3924 perdit
2486 3895 2500 3918 ,
2538 3853 2776 3909 virtutes
2803 3853 2952 3924 ipsas
2991 3853 3239 3908 hominis
3295 3852 3478 3908 reddit

1891 3945 2088 4000 inanes
2135 3944 2314 4016 frugis
2363 3944 2544 4000 honre.
2595 3945 2651 3998 In
2689 3959 2787 4000 eos
2817 3944 2967 4000 cadit
2991 3943 3230 4000 vitiosus
3265 3942 3356 3999 hic
3391 3942 3478 3997 af-

1883 4037 2092 4099 fectus,
2119 4053 2262 4107 quos
2284 4037 2402 4092 odit
2432 4037 2578 4091 Deus
2613 4035 3010 4092 iufensissime.
3034 4036 3190 4092 Unde
3231 4045 3287 4090 et
3325 4035 3473 4089 Ozan

1887 4131 1980 4200 qui
2013 4147 2112 4200 per
2137 4130 2506 4186 temeritatem
2535 4129 2894 4200 exporrigere
2917 4143 3140 4184 manum
3167 4143 3336 4182 ausus
3363 4135 3469 4190 est,

1887 4229 1947 4275 ut
1980 4237 2108 4276 arca
2135 4221 2232 4276 Dei
2267 4231 2586 4277 servaretur
2620 4221 2950 4287 incolumis;
2984 4219 3472 4276 ut'exsecrabilem

1884 4325 1950 4366 ac
1976 4311 2273 4380 profanum
2307 4312 2362 4366 in
2396 4313 2636 4382 vestigio
2659 4319 2836 4366 morte
2875 4310 3128 4366 multavit
3151 4310 3216 4365 ".
3235 4309 3471 4363 Temere

1880 4421 2017 4476 ergo
2053 4405 2205 4476 loqui
2239 4420 2304 4460 ac
2335 4420 2457 4460 sese
2496 4405 2696 4459 efferre
2745 4403 3106 4474 impotentius
3135 4443 3147 4463 ,
3172 4410 3473 4469 utrumque

203 4495 345 4564 apud
380 4497 550 4553 Deum
579 4511 635 4554 οι
685 4499 945 4558 homines
975 4511 1128 4558 caret
1181 4503 1378 4579 gratia,
1437 4501 1597 4569 Quod
1649 4491 1775 4558 eum
1814 4499 2106 4570 perspicue
2167 4505 2356 4552 nosset
2425 4496 2635 4562 David,
2679 4496 2951 4552 dicebat:
3017 4514 3034 4546 ι
3071 4494 3282 4549 Bonum
3333 4491 3472 4548 mihi

204 4585 348 4653 quod
403 4587 712 4652 humiliasti
768 4605 855 4644 nte
884 4630 899 4654 ,
969 4599 1031 4644 ut
1087 4590 1294 4645 discam
1347 4589 1774 4662 justiﬁeationes
1815 4597 1940 4644 tuas
1963 4589 2033 4640 ³ο.
2065 4605 2083 4638 ι
2156 4587 2273 4642 Et:
2339 4605 2356 4637 ι
2397 4585 2622 4656 Conﬁge
2649 4585 2845 4642 timore
2875 4594 2970 4640 tuo
2991 4599 3190 4639 carnes
3212 4599 3406 4648 meas;
3439 4599 3472 4639 a

204 4677 422 4748 iudiciis
467 4679 615 4732 enim
645 4679 759 4734 tuis
786 4678 958 4735 timui
993 4680 1034 4734 ¹.
1071 4699 1089 4730 ι
1125 4680 1230 4736 Sed
1263 4687 1319 4735 et
1383 4679 1620 4736 Paulus:
1661 4700 1678 4732 ι
1715 4680 1890 4734 Datus
1915 4687 2000 4733 est
2031 4677 2169 4733 mihi
2235 4675 2494 4732 stimulus
2541 4675 2730 4732 carnis
2777 4674 3004 4745 angelus
3062 4673 3277 4728 Satanae
3301 4714 3317 4738 ,
3376 4673 3471 4742 qui

206 4783 292 4822 me
344 4767 690 4838 colaphizet,
727 4777 790 4823 ut
839 4785 910 4824 ne
971 4769 1206 4824 extollar
1249 4772 1290 4824 ².
1331 4789 1348 4821 ι
1405 4768 1564 4824 Alius
1606 4768 1782 4822 item:
1833 4787 1852 4819 ι
1891 4766 2028 4834 Quis
2047 4765 2380 4837 gloriabitur
2400 4763 2669 4818 mundum
2729 4777 2788 4816 se
2841 4761 3194 4817 habereeor?
3217 4761 3324 4815 Aut
3347 4762 3473 4831 quia

205 4860 372 4914 libere
421 4859 686 4930 loquetur
735 4877 922 4916 coram
991 4879 1059 4916 eo
1099 4863 1212 4916 "Pi
1249 4862 1407 4919 Unde
1482 4869 1538 4917 et
1590 4860 1859 4916 Dominus
1895 4860 2061 4915 Petro
2119 4851 2386 4913 audacius
2439 4871 2603 4927 quam
2661 4854 3030 4911 conveniebat
3064 4854 3292 4919 locuto;
3341 4869 3468 4908 cum

202 4954 344 5009 enim
371 4955 418 5009 is
451 4955 728 5010 dixisset:
771 4975 787 5005 ι
821 4943 1106 5026 Pr0pitius
1161 4967 1284 5010 esto
1333 4957 1462 5020 tibi,
1521 4955 1783 5017 Domine,
1825 4969 1935 5042 non
1966 4954 2076 5008 erit
2107 4953 2208 5008 tibi
2238 4951 2365 5015 hoc,
2399 4969 2418 5003 ι
2479 4949 2692 5006 acriter
2755 4963 2882 5003 eum
2907 4945 3240 5048 “coarguit:
3280 4945 3471 5048 «Vade

207 5042 372 5111 retro,
405 5047 607 5103 Satana’
633 5047 676 5103 εἰ
713 5068 732 5100 ι
771 5048 937 5118 Atq‘ui
970 5049 1116 5104 idem
1185 5065 1310 5103 mox
1349 5066 1378 5103 a
1420 5033 1834 5104 resurrectione
1865 5064 1894 5102 a
1915 5046 2154 5102 Domino
2185 5045 2597 5114 interrogatus:
2631 5060 2648 5091 ι
2679 5041 2864 5106 Petre,
2891 5037 3074 5109 diligis
3107 5053 3195 5092 me
3216 5038 3240 5090 ?
3265 5057 3284 5088 ι
3321 5037 3469 5092 omni

204 5157 324 5195 cum
356 5141 556 5196 timore
589 5156 652 5196 ac
688 5142 1001 5196 reverentia
1035 5133 1360 5211 respondit:
1407 5163 1423 5194 ι
1449 5141 1643 5206 Certe,
1677 5141 1930 5206 Domine,
1956 5151 2013 5197 tu
2044 5139 2174 5201 scis,
2207 5137 2336 5207 quia
2395 5150 2520 5190 amo
2578 5143 2632 5192 te
2655 5135 2698 5189 '.
2719 5153 2738 5186 ι
2801 5133 2910 5204 ipsi
2961 5131 3134 5204 gloria
3163 5130 3218 5184 in
3245 5131 3466 5186 smnia-

201 5233 388 5290 Amen.

835 5410 880 5443 ⁸³
909 5409 1092 5465 Eecle.
1117 5429 1234 5478 vm,
1271 5413 1320 5466 1.
1398 5410 1442 5444 ³³
1473 5411 1637 5466 Prov.
1673 5426 1790 5474 xxv,

1892 5413 1926 5463 ἵ.
2004 5411 2051 5442 ’³
2086 5407 2258 5478 Eccli.
2287 5423 2394 5474 xu,
2425 5407 2516 5464 28.
2593 5407 2639 5440 ’⁸
2662 5407 2829 5464 Prov.
2879 5405 3041 5472 χιιιτιι,
3079 5407 3168 5478 14.
3221 5405 3468 5478 _"77Pro_v.

233 5413 497 5468 '"Ece'e.
533 5426 629 5470 ιιι.
665 5409 757 5464 22.
835 5410 880 5443 ⁸³
909 5409 1092 5465 Eecle.
1117 5429 1234 5478 vm,
1271 5413 1320 5466 1.
1398 5410 1442 5444 ³³
1473 5411 1637 5466 Prov.
1673 5426 1790 5474 xxv,

233 5497 315 5542 :zu,
345 5481 432 5534 ‘25.
504 5483 554 5514 "
589 5481 632 5535 11
658 5482 792 5545 Reg.
815 5497 890 5542 vr,
925 5483 978 5536 6.
1058 5482 1104 5514 ”
1137 5483 1278 5538 Psal.
1307 5498 1489 5545 cum,
1520 5486 1606 5542 7|.
1689 5483 1704 5512 ¹
1733 5480 1790 5535 ih

1892 5413 1926 5463 ἵ.
2004 5411 2051 5442 ’³
2086 5409 2258 5464 Eccli.
2287 5423 2394 5474 xu,
2425 5409 2516 5464 28.
2593 5409 2639 5440 ’⁸
2662 5409 2829 5464 Prov.
2879 5409 3041 5472 xxvii,
3082 5409 3168 5462 14.
3229 5409 3275 5438 ’⁷
3304 5409 3466 5460 Prov.

1900 5479 2024 5535 120.
2099 5481 2119 5510 ³
2149 5479 2194 5534 ll
2219 5477 2349 5536 Cor.
2382 5495 2474 5545 xu,
2535 5479 2590 5534 7.
2703 5479 2724 5510 ³
2757 5479 2919 5533 Prov.
2956 5494 3043 5534 xx.
3065 5477 3119 5533 9.
3217 5476 3242 5508 ⁸
3270 5476 3466 5532 Matth.

206 5497 315 5542 χιιι,
345 5481 432 5534 25.
504 5483 554 5514 ’⁸
589 5481 632 5535 ll
658 5482 792 5550 Reg.
815 5497 890 5542 vr,
925 5483 978 5536 6.
1058 5482 1104 5514 ”
1137 5483 1278 5538 Psal.
1307 5498 1489 5546 cum,
1520 5486 1606 5542 7|.

207 5569 311 5615 m,
337 5551 426 5614 22,
461 5551 551 5606 25.
631 5551 652 5583 ⁸
676 5551 837 5605 Joan.
871 5567 982 5616 xxi;
1017 5551 1105 5616 15,
1139 5553 1224 5612 17.
