4016 6432
554 356 691 419 Ηέη

559 464 811 518 Similem
830 461 887 518 in
913 460 1448 523 modum-Salomon,
1477 475 1602 514 cum
1630 459 1676 514 is
1697 460 1906 531 alloqui
1927 463 2138 534 sapien-

2248 465 2388 534 πρὸς
2439 465 2644 520 κακίαν
2686 465 2965 534 γυναικός.
3013 484 3032 517 ι
3067 465 3178 519 Καὶ
3209 461 3363 529 αὖθις
3393 481 3406 498 ·

551 557 684 610 tiam
742 553 994 619 haberet,
1042 551 1421 622 prudentiam,
1469 550 1919 622 profusissimam
1955 554 2141 610 cordis

547 647 921 711 latitudinem,
978 646 1201 701 divitias
1253 645 1479 714 insuper
1521 652 1580 700 et
1641 645 1871 715 gloriam
1906 654 2136 709 tantam,

542 749 809 813 quantam
841 754 1007 795 nemo
1028 739 1319 793 hominum
1345 737 1506 792 alius.
1559 737 1628 792 Et
1659 736 1752 793 hic
1802 745 1988 796 tantus
2037 755 2140 810 per

547 830 818 886 mulieres
851 823 1202 898 periclitatus
1234 837 1320 882 est
1347 867 1361 892 ,
1399 831 1608 898 perque
1638 841 1831 882 earum
1859 829 2136 886 malesua-

549 923 683 976 dum
717 936 962 976 amorem
997 928 1246 990 apostata
1278 936 1308 974 a
1331 919 1569 974 Domino
1600 919 1780 974 factus
1806 929 1910 978 est.
1937 920 2138 977 Senio.

550 1030 642 1070 res
682 1013 760 1068 illi
795 1013 890 1084 qui
918 1013 1193 1084 judicium
1229 1019 1602 1066 exercuerunt
1633 1012 1904 1068 adversus
1925 1013 2136 1068 Susan-

550 1123 700 1171 nam,
743 1106 780 1161 ii
808 1121 908 1176 per
930 1104 1212 1159 assiduam
1246 1103 1698 1174 congressionem
1743 1120 1871 1159 cum
1900 1106 2138 1168 alienam

1826 354 2198 416 'ANTIOCHI
2236 355 2579 418 MONACHI

3661 359 3774 426 ιλιι

3442 485 3460 518 ι
3497 468 3783 540 Συνοικῆσαι

2247 555 2423 610 λέοντι
2455 555 2548 609 καὶ
2569 555 2847 627 δράκοντι,
2877 558 3123 628 ἄμεινον,
3162 559 3196 630 ἢ
3223 558 3363 630 μετὰ
3379 559 3626 628 γυναικὸς
3647 580 3784 635 πονηο

2249 647 2370 720 ρᾶς.
2412 664 2432 699 ι
2465 648 2575 701 Καὶ
2600 649 2628 700 ό
2657 647 3070 718 Παροιμιαστής
3093 664 3109 680 ·
3153 667 3171 700 ι
3208 641 3438 719 Μακρᾶν
3468 651 3678 720 ποίησον
3713 654 3788 707 ἀπ’

2245 738 2418 808 αὐτῆς
2448 739 2545 809 τὴν
2575 737 2717 792 ὁδόν.
2751 737 2844 810 Μὴ
2873 739 3105 810 ἐγγίσῃς
3139 739 3273 810 πρὸς
3308 739 3494 811 θύραις
3523 742 3674 796 οἴκων
3710 745 3765 796 αὖ

2243 831 2369 903 τῆς,
2418 832 2510 885 ἴνα
2561 831 2636 903 μὴ
2692 831 3007 901 πλησθῶσιν
3046 831 3320 904 ἀλλότριοι
3355 835 3449 903 σῆς
3494 833 3682 902 ἰσχύος,
3717 839 3791 890 καὶ

2248 923 2639 996 μεταμεληδῇς
2675 925 2764 978 ἐπ’
2787 926 3055 996 ἐσχάτων.
3092 943 3112 976 ι
3151 925 3335 980 Καλὸν
3377 921 3470 979 οὖν
3499 925 3792 995 ἕπεσθαιτῷ

2241 1013 2478 1085 λέγοντι,
2529 1017 2754 1086 φεύγειν
2813 1017 2907 1070 τὸν
2958 1019 3167 1086 κόσμον
3226 1020 3322 1071 καὶ
3371 1021 3472 1081 τὰς
3515 1017 3689 1089 ὄψεις·
3726 1022 3792 1075 ὅτι

2254 1127 2272 1159 ι
2313 1108 2430 1172 Πᾶς
2455 1110 2482 1160 ὁ
2505 1107 2719 1178 βλέπων
2742 1111 2978 1179 γυναῖκα
3004 1112 3143 1182 πρὸς
3179 1111 3240 1164 τὸ
3274 1109 3613 1180 ἐπιθυμῆσαι
3630 1111 3789 1181 αὐτὴν,

549 1195 1022 1267 pulchritudinem
1050 1204 1238 1249 essent
1275 1194 1482 1258 edocti,
1521 1209 1586 1250 ac
1623 1194 1844 1250 demum
1869 1196 2138 1252 abiissent

2247 1198 2348 1269 ἤδη
2382 1199 2706 1270 ἐμοίχευσεν
2756 1201 2931 1271 αὐτὴν
2965 1203 3024 1254 ὲν
3058 1205 3124 1272 τῇ
3179 1201 3380 1274 καρδία
3410 1201 3593 1254 αὑτοῦ.
3627 1219 3644 1252 ι
3665 1202 3796 1273 Δίιτῷ

547 1289 861 1360 praecipites
901 1289 958 1342 in
1004 1287 1337 1342 immensum
1377 1286 1606 1356 pelagus
1640 1289 2130 1358 concupiscentia,

2245 1293 2281 1361 ή
2307 1290 2435 1355 δόξα
2467 1292 2546 1355 είς
2577 1307 2702 1355 τους
2732 1294 2952 1357 αἰῶνας.
2986 1295 3181 1365 Ἀμήν.

547 1383 975 1436 insurrexerunt
1028 1380 1084 1434 in
1140 1379 1358 1434 beatam
1418 1379 1566 1433 illam
1623 1379 1956 1436 Susannam.
2010 1382 2140 1439 Haec
2175 1383 2400 1454 quidem
2441 1383 2508 1438 de
2554 1385 3009 1456 concupiscentia
3071 1394 3157 1441 sat
3199 1386 3331 1442 sint.
3368 1383 3577 1454 1053
3618 1383 3714 1440 Sed
3751 1396 3794 1441 et

546 1477 765 1531 illarum
813 1474 1116 1545 nequitiam
1167 1473 1330 1529 Jesus
1385 1473 1579 1530 Siraeh
1654 1473 1801 1532 ﬁlius
1839 1478 2197 1547 conspicuam
2251 1477 2480 1543 reddit,
2545 1487 2602 1534 et
2676 1477 2939 1534 omnibus
3005 1477 3517 1549 perspectissimam
3581 1477 3792 1531 dicens:

553 1589 571 1619 σ
607 1568 842 1623 Omnem
891 1567 1200 1638 nequitiam
1259 1577 1316 1622 et
1355 1585 1467 1623 non
1518 1568 1827 1638 nequitiam
1899 1571 2173 1627 mulieris.
2209 1571 2546 1627 Cohabitare
2597 1572 2744 1628 leoni
2792 1583 2849 1628 et
2899 1571 3128 1627 draconi
3188 1572 3392 1625 melius
3449 1585 3608 1639 quam
3662 1571 3792 1624 habi-

546 1673 665 1718 tare
705 1677 830 1716 cum
861 1660 1097 1714 muliere
1125 1674 1366 1730 nequam
1390 1661 1455 1715 “.
1496 1679 1514 1712 ι
1550 1661 1765 1717 Rursus
1793 1679 1807 1716 :
1852 1679 1870 1713 ι
1906 1661 2079 1717 Parva
2100 1663 2284 1716 omnis
2312 1661 2522 1720 malitia
2552 1659 2620 1715 ad
2646 1662 2913 1718 malitiam
2945 1661 3198 1716 mulieris
3228 1663 3290 1716 ³³.
3336 1681 3355 1714 ι
3394 1662 3790 1718 Ρατωηιὶσειρει

553 1775 573 1807 ι
611 1755 811 1810 Procul
835 1755 904 1808 ab
929 1770 995 1810 ea
1040 1753 1210 1807 facito
1250 1752 1418 1806 viam.
1446 1750 1525 1807 Ne
1564 1751 1862 1824 appropies
1894 1751 2108 1808 foribus
2146 1752 2347 1809 domus
2375 1753 2518 1824 ejus,
2564 1767 2634 1809 ne
2667 1752 3004 1824 impleantur
3031 1752 3196 1808 alieni
3231 1753 3440 1809 robore
3475 1763 3589 1816 tuo.
3615 1761 3666 1808 et
3699 1767 3791 1823 puto

547 1849 723 1903 niteat
765 1856 817 1902 te
867 1847 922 1901 in
963 1843 1286 1901 novissimis
1321 1843 1434 1899 tuis
1463 1845 1528 1898 ⁸³.
1560 1863 1579 1897 ι
1618 1844 1804 1901 Satius
1824 1845 1994 1916 igitur
2017 1846 2140 1916 ejus
2161 1845 2319 1916 sequi
2352 1845 2648 1901 consilium
2678 1885 2693 1910 ,
2728 1844 2822 1915 qui
2853 1844 2988 1899 dicit
3030 1861 3044 1897 :
3100 1864 3118 1895 ι
3153 1843 3260 1910 Qui
3295 1845 3418 1900 sine
3484 1861 3649 1900 uxore
3707 1855 3788 1910 est,

545 1941 754 2014 cogitat
777 1956 900 2010 quae
927 1939 1150 1994 Domini
1177 1945 1330 2004 sunt,
1361 1935 1641 2008 quomodo
1663 1936 1880 2007 placeat
1913 1935 2183 2002 Domino;
2212 1935 2310 2006 qui
2344 1951 2478 1990 vero
2509 1949 2739 1990 uxorem
2767 1933 2936 2014 habet
2959 1974 2974 2000 ,
3001 1938 3206 2004 cogitat
3252 1950 3378 2004 qua:
3431 1941 3562 1988 sunt
3609 1932 3788 1997 mundi,

545 2034 828 2105 quomodo
859 2033 1075 2103 placeat
1140 2030 1340 2096 uxori,
1375 2037 1432 2085 et
1458 2027 1673 2084 divisus
1730 2038 1817 2084 est
1851 2029 1915 2082 “.
1961 2048 1979 2080 ι
2018 2027 2500 2086 Clementissimus
2539 2042 2762 2098 quoque
2793 2005 3080 2081 hominum
3120 2036 3338 2080 amator
3377 2026 3660 2091 Dominus,
3695 2041 3792 2081 cum

546 2133 595 2188 is
647 2131 962 2188 clarissime
1013 2137 1240 2192 nosset,
1279 2135 1542 2196 quantam
1574 2126 1914 2198 perniciem,
1943 2141 2224 2198 quamque
2282 2124 2694 2180 ineluctabilem
2743 2121 3119 2193 corruptelam
3170 2122 3405 2177 vitiosus
3451 2121 3543 2176 hic
3599 2119 3792 2176 allectus

545 2220 1020 2293 concupiscentia:
1053 2219 1137 2273 im
1151 2218 1346 2272 eherct
1375 2217 1671 2272 animabus
1707 2219 1934 2282 nostris,
1965 2218 2065 2272 tali
2092 2215 2523 2280 scivitdecreto,
2555 2215 2936 2286 adversusque
2958 2216 3109 2272 hunc
3137 2214 3565 2286 pronuntiavit:
3596 2234 3613 2264 ι
3639 2211 3791 2268 Omnis

543 2318 640 2388 qui
678 2313 885 2370 viderit
925 2313 1217 2366 mulierem
1244 2309 1312 2364 ad
1336 2308 1845 2380 concupiscendum
1883 2325 2036 2375 eam,
2071 2309 2183 2379 jam
2211 2305 2521 2362 mmchatus
2556 2313 2642 2360 est
2667 2321 2790 2360 eam
2813 2307 2868 2360 in
2892 2305 3060 2361 corde
3087 2319 3191 2359 suo
3216 2303 3282 2358 ¹⁸.
3310 2322 3329 2355 ι
3375 2303 3548 2357 Deum
3577 2309 3786 2356 nostrum

544 2411 778 2468 addecet
810 2408 986 2480 gloria
1017 2407 1074 2462 in
1101 2406 1322 2461 saecula.
1349 2404 1551 2460 Amen.

1077 2519 1371 2584 IIOMILIA
1409 2517 1598 2574 XVIII.

545 2639 694 2706 Quod
722 2637 937 2693 minime
963 2635 1242 2690 conveniat
1267 2635 1450 2688 crebro
1479 2629 1713 2686 assidere
1743 2625 2134 2683 cantatriculis.

614 2753 830 2811 Crebro
878 2749 1128 2806 assidere
1178 2745 1604 2802 cantillantibus
1653 2729 2005 2797 mulierculis
2047 2737 2138 2793 vix

545 2861 705 2918 aque
747 2843 912 2899 nobis
954 2839 1371 2898 incommodum
1416 2836 1569 2892 aliud
1609 2834 1877 2890 occurrit.
1910 2831 1994 2887 0h
2030 2830 2139 2884 hoc

543 2944 746 2998 domus
787 2939 874 2993 hre
915 2936 1078 2990 dictae
1127 2932 1463 2988 monasteria
1506 2929 1732 3007 nomine
1779 2928 1902 2997 ipso
1945 2932 2139 2979 arcent

545 3051 651 3091 nos
683 3034 755 3088 ab
789 3046 982 3087 earum
1019 3026 1338 3097 colloquiis,
1362 3025 1489 3097 jure
1518 3022 1768 3094 quidem.
1803 3019 1929 3075 Sola
1961 3017 2140 3088 siqui-

545 3131 673 3185 dem
700 3122 1069 3198 apprehensio
1091 3117 1278 3176 vultus
1301 3118 1524 3176 feminei
1549 3115 1710 3170 initio
1733 3114 1922 3170 statim
1947 3112 2138 3166 nescio

547 3237 714 3296 quam
749 3218 952 3291 ingerit
983 3214 1137 3272 cordi
1177 3212 1421 3269 hominis
1452 3210 1830 3266 turbulentam
1864 3207 2138 3276 intempe-

548 3317 712 3377 riem.
739 3330 770 3368 a
805 3309 1211 3382 tranquillitate
1245 3306 1302 3361 in
1335 3305 1617 3360 diversum
1649 3309 1842 3357 avocat
1871 3309 2135 3365 mentem,

547 3423 615 3464 ac
644 3406 905 3462 transfert
925 3390 1038 3458 alio
1065 3419 1078 3454 :
1106 3415 1230 3454 cum
1259 3399 1378 3470 ipsa
1409 3396 1556 3451 inter
1579 3393 1850 3450 orandum
1875 3391 2139 3460 deinceps

548 3499 737 3557 hiulca
782 3498 940 3552 fauce
986 3494 1256 3555 oblatret,
1287 3506 1392 3546 nec
1433 3489 1685 3560 requiete
1731 3493 1892 3542 vacet
1933 3483 2140 3539 divinis

546 3589 847 3654 laudibus;
888 3583 1026 3656 quin
1075 3583 1264 3653 potius
1312 3580 1445 3634 huic
1494 3579 1590 3633 uni
1637 3575 1909 3632 incumbit
1953 3587 2136 3637 curae,

547 3698 749 3753 nempe
779 3679 848 3735 de
879 3679 999 3733 istis
1029 3675 1297 3746 cogitans.
1325 3673 1428 3740 Qui
1463 3686 1658 3726 earum
1694 3667 1987 3738 colloquiis
2014 3682 2140 3721 creo

547 3775 652 3837 ber
684 3771 942 3829 incubuit
975 3767 1282 3823 monachus
1321 3764 1601 3820 simillima
1636 3761 1691 3815 in
1727 3759 1897 3815 corde
1939 3758 2141 3812 tacitus

2853 2512 3073 2566 ΛΟΓΟΣ
3106 2513 3211 2566 IH'.

2238 2622 2380 2692 Περὶ
2407 2622 2516 2678 τοῦ
2545 2623 2633 2692 μὴ
2663 2621 3068 2692 ἐνδελεχίζειν
3104 2625 3501 2694 ψαλλούσαις
3529 2628 3788 2696 γυναιξίν.

2311 2737 2422 2790 Καὶ
2462 2736 2524 2790 τὸ
2557 2735 2918 2807 ἑνδελεχίζειν
2965 2737 3304 2806 ψαλλούσαις
3343 2739 3659 2812 ἀσύμφορον
3686 2744 3792 2812 ἡμῖν

2239 2829 2412 2896 ἐστιν,
2461 2827 2860 2900 βλαπτομένων
2905 2829 3063 2902 ήμῶν
3112 2833 3235 2894 ταῖς
3284 2832 3472 2885 αὐτῶν
3522 2835 3794 2903 συντυχίαις

2237 2919 2348 2976 τῶν
2396 2919 2712 2990 λεγομένων
2771 2920 3137 2992 μοναστριῶν.
3190 2922 3263 2974 Τὸ
3292 2922 3408 2993 γὰρ
3455 2923 3672 2992 ῐνδαλμα
3713 2924 3793 2992 τῆς

2238 3013 2414 3083 ὄψεως
2443 3011 2554 3066 τῶν
2577 3013 2879 3081 γυναικῶν,
2915 3014 3145 3083 ἄρχεται
3174 3013 3449 3078 κλονίζειν
3477 3019 3573 3084 τὴν
3597 3015 3792 3086 καρδίαν

2238 3102 2333 3157 τοῦ
2359 3101 2676 3173 ἀνθρώπου,
2709 3103 2804 3155 καὶ
2837 3103 3094 3172 ἀποσπᾷν
3130 3102 3222 3154 τίαν
3267 3102 3396 3158 νοῦν
3425 3105 3533 3158 ἀπὸ
3566 3105 3658 3174 τῆς
3682 3108 3792 3174 ήσυο

2238 3196 2385 3266 χίας,
2422 3195 2519 3249 καὶ
2547 3195 2778 3248 κατόπιν
2806 3194 2970 3246 αὐτὸν
3012 3194 3234 3263 φέρειν·
3271 3197 3364 3248 καὶ
3399 3195 3605 3254 λοιπὸν.
3651 3197 3702 3247 ἐν
3737 3196 3790 3264 τῇ

2239 3290 2376 3358 εὐχῇ
2407 3290 2681 3358 κεχηνότα
2707 3287 2804 3341 καὶ
2848 3286 3268 3356 ἁπασχολοῦντα
3299 3287 3391 3341 τὸν
3437 3288 3562 3342 νοῦν
3589 3287 3685 3341 ἀπὸ
3715 3286 3793 3355 τῆς

2239 3379 2551 3448 δοξολογίας
2581 3379 2675 3433 τοῦ
2712 3377 2871 3444 Θεοῦ,
2905 3381 3000 3432 καὶ
3031 3380 3368 3450 σχολάζοντα
3398 3384 3465 3453 τῇ
3496 3383 3620 3453 περὶ
3642 3381 3792 3434 αὐτῶν

2243 3473 2507 3544 μερίμνῃ.
2565 3473 2638 3525 Τὸ
2693 3472 2803 3543 γὰρ
2861 3471 3059 3536 εἰωθὸς
3113 3473 3217 3541 τῆς
3271 3474 3458 3527 αὐτῶν
3512 3473 3808 3543 συντυχίας.-

2240 3565 2420 3618 εοικεν
2455 3566 2512 3617 ὲν
2547 3567 2613 3636 τῇ
2669 3564 2868 3635 καρδίᾳ
2915 3563 3008 3616 τοῦ
3061 3566 3328 3635 μοναχοῦ,
3380 3565 3569 3636 ὥσπερ
3613 3562 3795 3630 σκώληξ

2241 3657 2298 3709 ὲν
2330 3656 2471 3726 ξύλῳ
2503 3657 2598 3708 καὶ
2632 3657 2732 3725 σὴς
2766 3659 2823 3708 ὲν
2857 3657 3062 3726 ίματίῳ
3089 3657 3362 3724 γίνεσθαι.
3399 3658 3526 3712 Ἐὰν
3553 3653 3640 3710 οὖν
3663 3655 3794 3726 Θὲλῃς

2245 3749 2566 3818 σωφρονεῖν,
2598 3745 2769 3815 φεῦγε
2805 3746 2904 3817 τὴν
2939 3745 3122 3799 αὐτῶν
3154 3750 3466 3819 συντυχίαν,
3499 3748 3679 3818 καὶμὴ
3709 3746 3792 3813 δῷς

545 3864 1014 3926 comminiscitur,
1039 3870 1098 3915 ut
1128 3860 1182 3914 in
1209 3859 1359 3930 ligno
1381 3855 1610 3919 vermis,
1632 3865 1693 3909 ut
1719 3854 1867 3908 tinea
1893 3852 1949 3905 in
1974 3850 2138 3906 vesti—

2242 3841 2434 3930 αὑταῖς
2491 3838 2807 3910 παρρησίαν
2868 3837 3148 3910 θαρρῆσαί
3209 3855 3318 3893 σοι.
3390 3842 3478 3894 Ἐν
3531 3843 3664 3909 ἀρχῇ
3707 3838 3792 3903 γὰρ

499 4009 502 4011 .
547 3968 760 4017 mento.
793 3958 942 4028 Fuge
980 3955 1150 4028 igitur
1173 3952 1396 4008 illarum
1435 3949 1738 4004 familiares
1773 3958 2138 4016 congressus,

547 4065 690 4109 neve
735 4051 858 4105 illas
894 4045 1218 4120 permiseris
1255 4043 1546 4098 audaciam
1588 4054 1810 4096 sumere
1845 4037 2139 4091 adversum

548 4154 625 4202 te.
658 4141 942 4212 Principio
989 4137 1239 4210 quidem,
1269 4133 1600 4190 reverentiae
1641 4127 1898 4185 nonnihil
1941 4124 2140 4196 praele-

548 4243 702 4302 runt,
729 4245 897 4306 atque
929 4233 1004 4287 ita
1031 4246 1187 4286 suam
1218 4236 1408 4299 tegunt
1433 4224 1739 4295 nequitiam
1769 4219 1937 4291 pallio
1967 4218 2141 4288 hypo-

547 4328 792 4393 cri-seos;
827 4324 1100 4393 deinceps
1130 4318 1383 4374 nonnihil
1419 4315 1629 4370 audent
1661 4310 2016 4383 impudenter
2041 4308 2142 4360 im-

548 4420 806 4490 periosae.
830 4417 890 4472 In
916 4415 1039 4485 ipso
1065 4412 1213 4468 enim
1237 4411 1432 4466 auditu
1456 4409 1650 4480 prima:
1671 4401 2142 4460 contabulationis

551 4483 727 4568 multa
762 4483 1154 4564 cumlenitate
1184 4506 1515 4575 loquuntur,
1546 4509 1604 4558 et
1636 4512 1811 4571 prono
1844 4495 1900 4552 in
1935 4483 2136 4550 terram

549 4607 709 4661 vultu
735 4600 1090 4659 continenter
1117 4597 1578 4668 illacrymantur:
1607 4597 1926 4647 reverenter
1952 4585 2142 4641 admo-

550 4696 686 4752 dum
740 4692 998 4749 habitum
1047 4697 1372 4758 motumque
1425 4682 1682 4755 corporis
1733 4677 2139 4742 ementiuntur,

549 4787 794 4858 suspiria
823 4783 1086 4843 attollunt
1111 4777 1498 4836 amarulentize
1529 4775 1712 4846 plena.
1741 4771 1812 4828 de
1844 4769 2141 4827 sanctimo-

550 4883 642 4937 nia
667 4888 766 4934 aut
787 4877 1048 4934 castitate.
1068 4874 1373 4930 etiamnum
1400 4871 1766 4939 interrogant,
1791 4877 1988 4935 magna
2011 4877 2139 4917 cum

548 4973 840 5042 voluptate
889 4965 1206 5022 auscultant
1253 4961 1643 5017 disserentem.
1686 4956 1928 5014 Alteros
1961 4953 2141 5024 primo

549 5078 889 5137 congressu,
922 5058 1211 5129 superiora
1251 5056 1342 5109 illa
1376 5051 1581 5108 sensim
1616 5047 1838 5120 repellit
1868 5061 1933 5115 ac
1967 5062 2139 5116 repu-

549 5132 688 5212 diat‘.
720 5156 780 5209 In
819 5150 1016 5216 tertio,
1047 5147 1182 5218 quid
1222 5146 1298 5200 ita
1336 5143 1663 5199 ardentibus
1689 5132 1866 5195 oculis
1893 5152 1958 5191 ac
1984 5138 2138 5192 reni-

2240 3929 2532 3984 εὐλάϐειαν
2566 3929 2802 4000 ἔχουσιν,
2841 3930 2935 3983 καὶ
2959 3929 3134 3993 οὕτως
3165 3932 3571 4002 ὑποκρίνονται,
3601 3931 3791 3998 ὕστερον

2239 4022 2296 4075 δὲ
2347 4021 2581 4085 ἀναιδῶς
2632 4022 2813 4082 πάντα
2861 4021 3169 4091 τολμῶσιν·
3234 4025 3343 4094 πρὸ
3393 4023 3493 4092 τῆς
3542 4020 3792 4089 συντυχίας

2240 4113 2496 4166 λαλοῦσιν
2519 4113 2764 4183 πραέως,
2794 4113 2888 4166 καὶ
2921 4112 2982 4165 τὸ
3014 4112 3234 4184 βλέμμα
3263 4114 3439 4178 κάτω,
3475 4115 3564 4167 καὶ
3589 4109 3788 4180 συνεχῶς

2238 4204 2598 4276 δακρύουσαι,
2639 4203 3075 4272 σχηματίζονται
3107 4205 3350 4274 σεμνῶς,
3384 4205 3475 4256 καὶ
3507 4207 3667 4274 πικρὰ
3697 4217 3788 4254 στι-

2239 4296 2516 4360 νάζουσιν.
2587 4294 2902 4364 Ἑρωτῶσιν
2974 4295 3104 4366 περὶ
3170 4297 3441 4361 ἁγνείας,
3507 4296 3600 4348 καὶ
3649 4295 3788 4363 ἡδέως

2240 4390 2557 4453 ἀκούουσιν.
2591 4388 2834 4459 Δευτέρᾳ
2865 4386 3130 4458 συντυχία
3155 4387 3251 4440 καὶ
3301 4386 3496 4458 μικρὸν
3537 4386 3787 4437 ἀνένευσαν

2239 4484 2388 4538 ἄνω·
2440 4481 2640 4552 τρίτῃ,
2695 4481 2760 4534 σὺ
2815 4478 3180 4550 ἐμειδίασας,
3231 4479 3468 4548 κάκείνη
3516 4475 3786 4546 κεχυμένως

2241 4575 2524 4644 ἐγέλασεν.
2550 4572 2753 4629 Λοιπὸν
2779 4571 2879 4626 καὶ
2921 4571 3120 4641 λόγους
3147 4570 3408 4625 λαλοῦσιν
3458 4569 3785 4640 μαλάσσοντας

2240 4666 2304 4722 τὺ
2331 4665 2561 4738 αίσχρδν
2591 4663 2786 4728 πάθος.
2821 4651 3018 4718 Ταῦτα
3057 4662 3114 4717 δὲ
3142 4663 3394 4730 γίνονταί
3415 4678 3514 4718 ,σοι
3558 4660 3784 4728 ἄγκιστρα

2239 4758 2568 4824 δελεάζοντα
2591 4758 2673 4820 είς
2710 4756 2965 4811 θάνατον.
3017 4756 3294 4824 Κρεῖττον
3335 4753 3432 4809 οῦν
3473 4748 3784 4824 προσεγγίσαι

2241 4853 2378 4924 πυρὶ
2419 4852 2720 4924 καιομένῳ,
2757 4850 2794 4923 ἢ
2824 4850 3049 4918 γυναικὶ
3076 4849 3196 4921 νέᾳ,
3245 4849 3368 4914 νέος
3401 4845 3478 4904 ῶν
3505 4846 3597 4900 καὶ
3635 4841 3781 4898 αὐτός.

2242 4945 2424 5018 Πυρὸς
2451 4945 2557 5018 μὲν
2597 4944 2908 5014 ἁπτόμενος
2936 4941 3034 4997 καὶ
3071 4941 3380 5012 ὀδυνηθεὶς,
3419 4936 3685 5007 damnet};
3709 4947 3782 4982 τα-

2241 5038 2382 5110 χέως
2413 5053 2428 5069 ⁶
2465 5037 2730 5107 γυναικὸς
2783 5036 2840 5090 δὲ
2893 5037 3106 5106 ῥήμασι
3155 5033 3493 5104 χαυνωθεὶς,
3544 5023 3778 5096 δυσχερῶς

2241 5132 2644 5200 ἀναχωρήσεις.
2664 5129 2843 5182 Καλὸν
2867 5123 2960 5181 οὖν
2986 5131 3133 5180 ἐστιν
3162 5127 3256 5178 καὶ
3279 5125 3568 5196 εὐάρεστον
3594 5121 3662 5187 τῲ
3687 5113 3778 5180 Θεῷ

550 5249 718 5300 dente
745 5245 901 5298 vultu
929 5239 1198 5296 arrisisti?
1226 5237 1429 5292 Adhaec
1459 5236 1552 5290 illa
1583 5234 1641 5288 in
1674 5233 1847 5287 risum
1879 5232 2133 5301 solvitur.

2245 5223 2340 5274 καὶ
2391 5219 2704 5291 ἀνθρώποις
2747 5218 3171 5291 παραιτεῖσθαι,
3218 5217 3312 5269 καὶ
3350 5209 3424 5286 μή
3471 5207 3776 5278 ὲνδεὶιεκίξειν

552 5338 694 5394 Τυιη
719 5335 982 5404 deinceps
1005 5347 1290 5388 sermones
1318 5337 1530 5395 terunt,
1557 5342 1682 5398 qua:
1705 5326 1971 5397 prznmolli
2000 5339 2138 5394 quo-

551 5427 682 5482 dam
713 5424 991 5480 lenocinio
1025 5421 1379 5476 demulccant
1413 5428 1578 5487 atque
1615 5417 1851 5472 invitent
1885 5413 2133 5470 affectio-

551 5533 679 5574 nem
729 5513 1112 5586 turpitudinis.
1143 5513 1213 5568 Et
1259 5512 1376 5566 haec
1417 5512 1582 5580 plane
1622 5509 1774 5564 aliud
1819 5509 1957 5563 nihil
2006 5515 2134 5573 sunt

551 5623 718 5682 quam
751 5602 1093 5661 irritamenta
1125 5617 1247 5674 qua:
1286 5610 1337 5656 te
1375 5601 1624 5655 inescent
1650 5613 1714 5652 ac
1746 5596 2040 5668 proliciant
2065 5595 2134 5648 ad

2243 5315 2460 5380 αὑταῖς,
2497 5302 2584 5366 ἵνα
2621 5311 2695 5384 μὴ
2741 5311 3122 5383 ἐμπλακέντες
3165 5311 3246 5372 είς
3276 5305 3346 5360 τὰ
3393 5305 3566 5360 αὐτῶν
3599 5301 3774 5351 δίκτυα.

2241 5407 2685 5477 κινδυνεύσωμεν
2728 5405 3015 5476 ῥυσθῆναι,
3052 5403 3127 5464 ὡς
3165 5405 3235 5456 τὰ
3273 5402 3574 5470 ἐμπεσόντα
3601 5389 3773 5457 ζωΰφια

2241 5503 2300 5555 ἐν
2330 5501 2407 5572 τῷ
2455 5476 2596 5571 ἱστῷ
2632 5499 2734 5568 τῆς
2783 5501 3064 5568 ἀράχνης·
3125 5495 3360 5566 μάλιστα
3409 5493 3559 5561 ἡμεῖς
3605 5486 3647 5536 οἱ
3687 5476 3771 5572 rip

2240 5594 2460 5647 οἰκείων
2489 5591 2919 5662 ἅποταξάμενοι,
2965 5589 3056 5642 καὶ
3103 5586 3330 5648 ἑαυτοὺς
3364 5582 3438 5651 τῷ
3480 5577 3587 5647 Θεῷ
3613 5564 3771 5629 ἀναθθ

629 5811 1280 5880 “Eccli.xxv,19,23.
1363 5808 1690 5864 "ibid.26.
1766 5785 2281 5872 "Prov.v,8-IO.
2397 5801 2648 5858 “ICor.
2679 5818 2772 5869 vn,
2806 5800 2896 5866 δε,
2932 5801 3022 5857 εδ.
3125 5788 3555 5860 “Ihlth.v,‘18.
