4016 6486
326 369 468 438 1135
955 377 1287 438 HUMlLlA
1325 375 1633 438 XVIII.-—
1663 371 2276 435 CANTATRICULIS
2315 369 2470 431 NON
2509 367 3031 429 ASSIDENDUM.
3471 363 3608 428 1436

327 505 504 564 μενοι,
555 487 618 542 ού
669 487 864 560 χρείαν
906 488 1106 562 ῖχομεν
1160 489 1262 561 τῆς
1304 487 1548 558 ματαίας
1591 484 1771 540 αὐτῶν
1821 485 1918 540 καὶ

2049 491 2257 539 nortem
2289 498 2306 536 :
2336 492 2508 553 quare
2537 478 2859 550 prtestiterit
2887 475 3104 532 ardenti
3141 477 3253 564 igni
3286 477 3517 548 propius
3551 496 3609 531 se

322 579 704 653 ψυχοϐλασοῦς
728 581 1041 651 συντυχίας,
1075 581 1163 634 ἵνα
1193 580 1268 652 μὴ
1305 580 1532 652 γένηται
1563 577 1728 647 ἄλγος
1761 578 1819 630 ἐν
1846 579 1912 648 τῇ

2055 573 2342 640 dmovere,
2371 587 2536 644 quam
2568 569 2788 626 mulieri
2822 590 2836 624 :
2869 568 3175 639 praisertim
3201 567 3428 638 juvenis
3459 579 3609 623 uter-

325 673 474 746 ψυχῇ
502 671 682 745 ἡμῶν.
723 672 781 726 '0
807 674 918 745 γὰρ
963 672 1308 744 φιλάμαρτος
1349 671 1564 741 δαίμων
1604 669 1779 724 πολλὰ
1813 686 1918 740 μη-

329 767 561 839 χανᾶται
611 762 734 820 καθ’
757 765 918 836 ἡμῶν
937 779 950 794 ⁸
993 763 1292 818 ὑποϐάλλει
1340 764 1535 826 αὐταῖς
1577 759 1920 834 παρακαλεῖν

335 858 476 930 μετά
508 857 849 928 ποτνιασμοῦ
875 857 974 910 καῖ
1001 855 1280 928 δακρύων,
1317 855 1560 926 συνεχῶς
1591 853 1922 910 ἐπισκέπτε-

335 947 461 1006 σθαι
489 949 682 1015 αὐτᾶς,
707 949 804 1004 καὶ
831 949 1084 1022 προνοεῖν
1111 949 1198 1004 διὰ
1220 949 1312 1003 τὸν
1341 947 1435 1002 τοῦ
1466 943 1677 1020 Κυρίου
1705 947 1918 1020 μισθόν.

337 1043 656 1112 Πειθὸμενοι
687 1041 744 1095 δὲ
770 1041 986 1106 αὑταῖς,
1023 1039 1258 1112 αῖρομεν
1293 1041 1664 1119 ἀντιμισθίαν,
1691 1040 1923 1096 δυσίατα

336 1135 473 1206 ἕλκη
513 1135 570 1188 ὲν
598 1137 666 1204 τῇ
701 1133 872 1204 ψυχῇ,
917 1133 1012 1187 καὶ
1064 1133 1365 1206 λογισμοὺς
1415 1133 1772 1202 αίσχίστουςς
1828 1133 1926 1186 καὶ

337 1223 550 1289 λοιπὸν,
578 1227 611 1297 ἡ
637 1227 836 1297 καρδία
864 1229 1250 1299 ταρασσομένη
1288 1210 1576 1292 κολάζεται
1607 1225 1684 1291 ὡς
1713 1225 1925 1296 δημίων

339 1313 724 1373 ἐπιτεινόντων
767 1316 938 1388 αὐτὴν
979 1317 1110 1372 ἔνθα
1152 1319 1249 1372 καλ⁴
1293 1315 1454 1382 ἔνθα,
1499 1318 1594 1372 τοῦ
1653 1317 1774 1382 νοὸς
1831 1317 1926 1372 καὶ

337 1408 436 1466 τοῦ
489 1410 718 1474 πάθους.
779 1405 1132 1484 Ματαιοσύνη
1183 1411 1278 1466 οῦν
1327 1411 1460 1485 ἡμῖν
1515 1415 1686 1479 ἐστιν,
1741 1413 1928 1478 καθὼς

341 1504 692 1576 προείρηται,
723 1503 964 1572 ἀφέντας
1003 1504 1204 1574 γονεῖς,
1241 1507 1338 1560 καὶ
1373 1501 1663 1571 ἀδελφοὺς,
1693 1506 1926 1560 κτᾶσθαι

344 1595 637 1666 συντυχίας
681 1594 762 1658 εἰς
797 1593 976 1665 ψυχῆς
1029 1582 1333 1650 ἀπώλειαν.
1367 1577 1546 1660 Ὅλως
1593 1595 1702 1665 γὰρ
1757 1595 1928 1666 ἀναρ-

346 1689 531 1760 μόδιον
567 1689 717 1740 ὲστιν
769 1687 1046 1758 ἀνθρώπῳ
1099 1687 1344 1758 ἀσκῆσαι
1397 1689 1731 1760 βουλομένῳ,
1790 1687 1930 1760 μετὰ

343 1777 607 1848 γυναικὸς
637 1776 841 1830 ἐσθίειν
891 1777 987 1831 καὶ
1020 1776 1218 1842 πίνειν,
1238 1777 1274 1849 ἢ
1305 1777 1410 1832 ὑπὸ
1433 1778 1690 1846 γυναικὸς
1721 1779 1932 1848 ὑπηρε-

2021 683 2130 738 que
2159 667 2206 722 si
2231 673 2338 722 est.
2363 665 2582 721 Etenim
2608 678 2844 720 excusso
2875 661 3019 732 igne,
3047 654 3266 714 tametsi
3295 661 3608 716 vehementi

2022 759 2215 816 dolore
2247 757 2514 823 allectus,
2549 756 2708 810 ocius
2745 755 2800 809 in
2833 761 3039 808 terram
3071 749 3284 806 desilis.
3315 752 3386 807 At
3414 754 3611 808 mulie-

2023 854 2112 909 bri
2155 851 2630 922 blandiloquentia
2678 841 3077 919 prmmollitus,
3125 864 3234 902 non
3280 847 3392 918 jam
3437 865 3609 918 parvo

2027 945 2249 1017 negotio
2289 953 2344 1000 te
2382 944 2453 1000 ab
2496 933 2591 998 illa
2635 942 2894 998 excutere
2935 940 3183 1011 potueris
3218 956 3282 996 ac.
3319 941 3611 1006 secedere,

2033 1022 2248 1109 105E.
2277 1020 2485 1092 bonum
2519 1027 2709 1107 igitur,
2738 1033 2834 1088 sed
2870 1041 2926 1088 et
2953 1033 3065 1086 Deo
3099 1033 3264 1102 atque
3296 1032 3616 1089 hominibus

2029 1146 2156 1186 cum
2188 1130 2385 1200 primis
2413 1138 2724 1198 acceptum,
2751 1135 2811 1181 ut
2837 1141 2938 1180 nos
2966 1125 3037 1180 ab
3067 1123 3282 1179 illarum
3315 1138 3616 1182 consuetu-

2031 1215 2162 1278 dine
2207 1222 2544 1276 extricemus
2597 1218 2928 1282 vitabundi,
2974 1233 3078 1272 nec
3133 1217 3216 1272 eis
3267 1218 3620 1275 continentur

2032 1311 2411 1376 assideamus,
2457 1325 2528 1365 ne
2580 1295 2804 1380 quando
2851 1321 3045 1363 earum
3101 1307 3315 1362 retibus
3363 1299 3618 1380 impliciti

2032 1402 2435 1476 periclitemur,
2461 1403 2597 1474 quin
2633 1403 2946 1458 libertatein
2974 1415 3138 1470 quam
3168 1401 3428 1458 Ocissime
3461 1403 3624 1458 nobis

2033 1496 2402 1561 vindicemus,
2435 1509 2537 1551 ceu
2569 1495 2817 1550 assolent
2848 1491 3182 1548 animalcula
3210 1493 3420 1562 quaevis
3452 1497 3622 1550 semel

2037 1589 2159 1645 tela:
2209 1588 2506 1645 aracbneae
2539 1580 2754 1657 illapsa.
2796 1587 2910 1642 Nos
2936 1582 3185 1640 omnium
3231 1587 3488 1654 maxime,
3529 1587 3623 1658 qui

2037 1681 2235 1737 relicto
2309 1680 2532 1752 peculio
2575 1689 2726 1736 totos
2785 1695 2887 1736 nos
2955 1666 3070 1736 Deo
3139 1681 3624 1748 consecravimus,

2037 1777 2178 1833 nihil
2223 1778 2280 1833 in
2322 1787 2608 1849 posterum
2651 1792 2880 1832 necesse
2925 1780 2998 1832 sit
3040 1793 3165 1832 cum
3214 1777 3322 1834 illis
3363 1781 3624 1851 congredi

343 1870 578 1936 τεῖσθαι,
617 1871 652 1943 ἢ
701 1872 954 1942 προνοεῖν
993 1870 1292 1940 γυναικῶν,
1342 1871 1375 1944 ἢ
1425 1871 1564 1934 ὅλως
1602 1873 1724 1942 μετ’
1753 1873 1934 1926 αὐτῶν

2049 1869 2395 1936 familiarius,
2422 1885 2662 1941 quarum
2693 1868 2920 1939 quidem
2951 1869 3352 1936 confabulatio,
3383 1881 3441 1927 et
3466 1874 3625 1942 plena

345 1963 492 2034 ἔχειν
513 1963 739 2032 γνῶσιν.
777 1960 1010 2033 Ὁμοίως
1038 1963 1094 2015 δὲ
1123 1963 1219 2016 καὶ
1242 1966 1561 2026 κανονικαῖς
1589 1964 1933 2035 ἀνάρμοστόν

345 2059 468 2110 ἐστι
503 2055 822 2120 συνδυάζειν
855 2056 994 2126 μετά
1019 2055 1252 2126 ἀνδρῶν,
1284 2055 1424 2128 πρὸς
1450 2057 1511 2110 τὸ
1530 2058 1734 2130 μηδένα
1765 2075 1934 2112 σκαν-

349 2148 667 2212 Ξαλίζεσθαι
715 2149 782 2202 δι’
815 2148 972 2220 ἡμῶν
993 2188 1008 2214 ,
1039 2147 1154 2202 ἀλλ’
1187 2149 1276 2202 ἵνα
1317 2143 1470 2220 ὦμεν
1520 2152 1685 2206 πᾶσιν
1725 2152 1936 2223 ἀπρόσ.

348 2258 532 2296 κοποι.
570 2260 590 2295 ι
624 2242 839 2305 Είδότες
873 2243 1001 2314 γὰρ,
1052 2235 1239 2313 φησίν,
1271 2243 1364 2294 τὸν
1395 2240 1563 2312 φόϐον
1591 2241 1680 2296 τοῦ
1707 2241 1934 2314 Κυρίου,

348 2334 679 2406 ἀνθρώπους
712 2335 997 2404 πείθομεν,
1029 2333 1152 2405 Θεῷ
1181 2335 1238 2388 δὲ
1269 2333 1677 2405 φανερούμεθα.
1714 2355 1732 2388 ι
1761 2335 1938 2406 Φοϐη-

350 2423 539 2496 θῶμεν
576 2425 784 2487 τοίνυν,
822 2424 898 2488 ὡς
932 2424 1178 2497 εἴρηται,
1219 2423 1317 2478 τοῦ
1367 2425 1722 2480 σκανδαλίσαι
1760 2425 1938 2493 τινὰς,

355 2516 649 2582 ἀκούοντες
688 2517 783 2590 τοῦ
834 2517 1067 2588 Κυρίου,
1109 2517 1384 2584 λέγοντος,
1414 2519 1500 2572 ὅτι
1553 2518 1826 2590 συμφέρει
1853 2519 1942 2574 ἵνα

358 2607 508 2672 λίθος
541 2586 768 2678 μυλικδς
794 2586 1088 2678 κρεμασθῇ
1136 2607 1268 2679 περὶ
1302 2607 1398 2660 τὸν
1434 2586 1708 2679 τράχηλον
1744 2586 1940 2674 αὑτοῦ,

361 2699 458 2752 καὶ
487 2699 652 2770 mea
690 2699 772 2762 είς
807 2699 909 2768 τὴν
953 2697 1316 2769 θάλασσαν,ἢ
1354 2698 1442 2752 ἵνα
1488 2699 1822 2772 σκανδαλίσῃ
1847 2701 1946 2755 ἕνα

355 2789 469 2844 τῶν
513 2791 728 2863 μικρῶν
778 2789 1009 2845 τούτων.
1055 2790 1177 2862 Χρὴ
1218 2787 1314 2845 οὖν
1349 2791 1426 2854 ὡς
1491 2791 1599 2845 ἀπὸ
1651 2793 1945 2863 προσώπου

353 2881 534 2951 opem;
583 2883 679 2934 καὶ
718 2881 998 2952 ἁμαρτίας
1053 2881 1305 2952 μεγάλης
1336 2881 1564 2950 φεύγειν
1609 2883 1706 2935 ἀπ’
1737 2883 1944 2949 αὐτῶν,

353 2973 448 3028 διὰ
478 2974 540 3028 τὺ
577 2975 964 3045 θανατηφόρον
1003 2970 1290 3038 εἶναιτοῖς
1337 2974 1684 3046 βουλομένοις
1733 2977 1944 3042 ἀσκεῖν,

353 3067 420 3122 ού
457 3066 620 3138 μόνον
655 3065 758 3139 τὴν
786 3064 967 3120 αὐτῶν
1010 3063 1250 3134 ὁμιλίαν,
1283 3065 1420 3120 ἀλλὰ
1448 3067 1542 3120 καὶ
1575 3067 1676 3138 τὴν
1707 3067 1949 3138 ἐνθύμη-

360 3175 468 3212 σιν.
495 3157 748 3210 Διδάσκει
777 3155 834 3210 δὲ
860 3157 1010 3227 ἡμᾶς
1039 3154 1200 3208 τοῦτο
1234 3157 1263 3208 ὁ
1294 3157 1712 3229 Παροιμιαστὴς
1747 3157 1945 3227 λέγων

364 3269 384 3302 ι
419 3249 512 3321 Μὴ
539 3247 647 3320 δῷς
678 3247 771 3301 σὸν
805 3247 1040 3301 πλοῦτον
1073 3247 1330 3316 γυναικί·
1371 3266 1392 3301 ι
1425 3248 1640 3302 καὶτὸν
1673 3249 1766 3304 σὺν
1801 3249 1947 3317 νοῦν,

361 3344 445 3407 είς
473 3341 600 3394 ύστε
611 3338 919 3410 ροδουλίαν.
937 3339 1050 3392 Καὶ
1074 3339 1235 3401 ἄλλος
1259 3353 1273 3368 ·
1303 3355 1322 3390 ι
1348 3339 1504 3392 Μετά
1529 3338 1842 3411 ψαλλούσης
1875 3343 1951 3413 μὴ

365 3431 689 3504 ἑνδελέχιξε,
727 3433 802 3502 μή
835 3447 967 3486 ποτε
991 3430 1135 3500 ἁλῷς
1166 3433 1225 3484 ἐν
1253 3433 1368 3494 τοῖς
1397 3433 1824 3502 ἐπιχειρήμασιν
1855 3433 1954 3486 αύ-

363 3527 486 3595 τῆς.
512 3545 532 3576 ι
557 3519 730 3594 Οἶμαι
755 3523 814 3576 δὲ
847 3523 945 3576 καὶ
975 3523 1068 3576 τὸν
1103 3523 1351 3589 Ἡσαΐαν,
1384 3525 1515 3594 περὶ
1541 3524 1724 3578 αὐτῶν
1749 3524 1954 3594 λέγειν,

370 3633 392 3668 ι
431 3611 574 3670 Ἄνθ⁹
611 3609 688 3671 ὧν
717 3615 1017 3688 ὑψώθησαν
1053 3616 1112 3668 αἱ
1157 3615 1457 3688 θυγατέρες
1490 3615 1648 3682 Σιὼν,
1700 3619 1794 3672 καὶ
1827 3620 1958 3672 ἑπο-

367 3707 644 3781 ρεύθησαν
687 3706 878 3779 ὑψηλῷ
911 3708 1172 3780 τραχήλῳ
1216 3709 1315 3763 καὶ
1354 3712 1414 3764 ὲν
1449 3709 1720 3779 νεύμασιν
1757 3711 1960 3778 ὀφθαλ-

371 3801 512 3872 μῶν,
544 3821 562 3853 :
603 3801 700 3855 καὶ
751 3800 822 3854 τὰ
869 3801 1020 3871 ἑξῆς.
1069 3803 1178 3855 Καὶ
1224 3802 1424 3870 ἐπάγει
1450 3817 1466 3832 ⁸
1502 3802 1654 3856 «Καὶ
1691 3805 1720 3857 ὁ
1752 3803 1958 3876 Κύριος

369 3893 715 3964 ἀποκαλύψει
748 3893 811 3946 τὸ
839 3895 1028 3964 σχῆμα
1060 3893 1240 3948 αὐτῶν
1271 3896 1330 3948 ὲν
1375 3897 1442 3966 τῇ
1474 3897 1660 3969 ἡμέρᾳ
1687 3897 1896 3971 ἐκείνῃ.
1933 3917 1954 3950 ι

371 3986 557 4056 Ὅπερ
617 3985 829 4056 ἀπέϐη,
865 3986 944 4048 ὡς
1005 3985 1400 4056 ὑπολαμϐάνω,
1435 3989 1531 4041 ἐπὶ
1595 3989 1697 4058 τῆς
1752 4007 1960 4060 παρου-

371 4077 495 4142 σίας
520 4075 632 4131 τῶν
657 4077 968 4132 Χαλδαίων.
1004 4077 1172 4146 Λέγει
1200 4079 1255 4132 δὲ
1279 4080 1375 4133 καὶ
1398 4079 1637 4151 ἀλλαχοῦ
1659 4097 1672 4112 ο
1699 4099 1718 4134 ι
1748 4081 1961 4152 Παρθέ-

371 4187 466 4224 νον
491 4169 568 4242 μὴ
591 4169 1005 4240 καταμάνθανε,
1047 4171 1120 4242 μή
1163 4187 1295 4224 ποτε
1333 4173 1734 4248 σκανδαλισθῇς
1763 4177 1822 4230 ἐν
1847 4179 1962 4243 τοῖς

373 4259 671 4330 ἐπιτιμίοις
694 4258 884 4328 αὐτῆς.
909 4275 930 4310 ι
964 4259 1074 4312 Καὶ
1100 4255 1256 4324 αὖθις
1277 4275 1322 4312 ⁸(
1349 4255 1530 4325 Οἷνος,
1559 4262 1654 4316 καὶ
1674 4265 1956 4331 γυναῖκες,

371 4350 776 4422 ἀποστήσουσιν
803 4350 1035 4422 καρδίας
1065 4351 1326 4406 συνετῶν.
1373 4371 1394 4404 ι
1431 4353 1542 4407 Καὶ
1579 4353 1609 4407 ὁ
1630 4353 1959 4426 Ἐκκλησια-

373 4442 512 4512 στής
530 4457 544 4472 ο
575 4459 595 4493 ι
617 4441 955 4514 Πικρότερον
979 4441 1122 4514 ὑπὲρ
1147 4443 1380 4498 θάνατον
1413 4445 1668 4516 συζητεῖν
1698 4449 1958 4516 γυναῖκα,

2035 1969 2122 2014 est
2158 1961 2425 2016 vanitatis
2461 1968 2519 2016 et
2555 1959 2852 2014 animabus
2895 1957 3035 2014 mire
3071 1959 3493 2017 detrimentosa.
3527 1962 3634 2018 Fas

2038 2053 2207 2124 igitur
2241 2047 2609 2126 defugiamus,
2638 2069 2708 2108 ne
2741 2050 2934 2124 ﬂagitii
2971 2052 3254 2124 quidpiam
3286 2055 3631 2112 adhaereseac

2039 2145 2334 2203 animabus
2353 2147 2566 2202 nostris
2595 2164 2609 2200 :
2645 2147 2762 2217 ipse
2788 2145 2940 2201 enim
2966 2145 3181 2200 daemon
3208 2148 3416 2216 peccati
3442 2165 3632 2203 aman-

2043 2233 2310 2306 tissimus,
2329 2248 2641 2295 commenta
2670 2237 2964 2293 adversum
2991 2253 3096 2292 nos
3126 2254 3238 2294 non
3267 2255 3440 2310 pauca
3468 2246 3632 2296 exeo-

2040 2331 2177 2404 gitat
2197 2348 2264 2388 ac
2285 2332 2514 2389 molitur
2539 2330 2826 2386 insidiose.
2851 2330 2978 2386 Istis
3000 2331 3344 2388 mulierculis
3365 2335 3630 2404 suggerit.

2043 2435 2208 2480 orent
2249 2439 2351 2480 nos
2394 2439 2523 2478 eum
2573 2423 2833 2494 lacrymis
2881 2432 2938 2478 et
2982 2423 3388 2490 obtestatione,
3429 2441 3525 2481 cas
3571 2431 3635 2480 ut

2043 2518 2265 2573 assidite
2307 2518 2626 2582 visitemus,
2661 2517 2882 2571 illarum
2927 2516 3092 2572 saluti
3141 2523 3203 2570 ut
3245 2519 3632 2580 consulamus,

2045 2625 2140 2681 spe
2167 2611 2440 2666 mercedis
2469 2626 2497 2664 a
2526 2609 2760 2664 Domino
2785 2608 3123 2671 obtinendae.
3149 2608 3233 2664 Ab
3261 2610 3380 2666 istis
3410 2609 3636 2668 interim

2046 2700 2300 2772 persuasi
2334 2695 2640 2755 auferimus
2672 2699 3214 2765 remunerationem,
3247 2699 3434 2754 ulcera
3469 2701 3638 2755 nimi~

2049 2809 2170 2849 rum
2202 2794 2402 2848 animae
2425 2793 2520 2847 vix
2545 2791 2674 2846 ullis
2703 2791 2948 2846 curanda
2979 2791 3266 2856 antidotis,
3293 2793 3504 2848 salaces
3534 2793 3640 2848 sei.

2047 2886 2181 2940 licet
2205 2894 2260 2939 et
2281 2884 2552 2939 obscenas
2576 2881 2962 2954 cogitationes.
2982 2881 3134 2937 Adeo
3157 2882 3422 2955 deinceps
3443 2896 3541 2939 cor
3565 2893 3644 2939 tot

2050 2975 2314 3048 agitatum
2339 2973 2688 3044 intemperiis
2715 2988 2912 3044 poenas
2939 2973 3048 3028 luit
3072 2973 3272 3028 merito
3299 2990 3401 3030 suo
3427 2974 3641 3047 dignas,

2051 3066 2182 3122 dum
2215 3081 2375 3121 mens
2405 3074 2570 3136 atque
2596 3065 2816 3120 aﬁ'ectio
2845 3065 3103 3135 concepti
3129 3063 3394 3121 facinoris
3419 3082 3517 3122 cor
3544 3067 3648 3120 mi-

2054 3173 2242 3215 serum
2280 3158 2627 3226 distrahunt,
2659 3157 2830 3229 inque
2874 3157 3199 3214 carniﬁcum
3244 3174 3454 3214 morem
3496 3175 3648 3214 nunc

2053 3253 2165 3308 huc
2185 3251 2302 3316 ille,
2327 3266 2480 3306 nunc
2500 3251 2634 3306 illuc
2661 3252 2804 3307 alter
2828 3251 2956 3322 plus
2977 3257 3146 3323 quam
3179 3253 3388 3322 tragice
3419 3267 3650 3308 concer-

2054 3351 2216 3416 punt.
2253 3343 2487 3400 Omnem
2530 3343 2700 3415 igitur
2741 3349 2969 3414 superat
3005 3345 3341 3410 vanitatem,
3377 3361 3480 3401 nos
3519 3361 3646 3402 eum

2055 3445 2314 3508 parentes
2354 3436 2752 3507 reliquerimus
2793 3445 2850 3493 et
2892 3437 3127 3502 fratres,
3163 3438 3466 3494 conciliare
3505 3440 3648 3494 velle

2053 3529 2328 3603 ejusmodi
2382 3531 2684 3585 mulierum
2739 3529 3243 3598 consuetudinem,
3288 3530 3346 3584 in
3397 3541 3646 3600 apertam

2055 3624 2427 3694 perditionem
2465 3623 2682 3679 animae.
2717 3623 2953 3678 Prorsus
2990 3624 3194 3678 rationi
3235 3623 3646 3680 dissentaneum

2055 3713 2298 3777 videtur,
2321 3721 2384 3769 ut
2405 3714 2574 3769 homo
2597 3714 2786 3784 cupiat
2807 3714 3262 3772 exercitationem
3288 3715 3647 3772 monasticam

2058 3803 2342 3876 proﬁteri,
2395 3811 2453 3859 et
2495 3803 2641 3858 idem
2680 3816 2805 3858 cum
2851 3803 3086 3858 muliere
3130 3805 3217 3859 vel
3265 3805 3523 3860 comedat
3562 3807 3648 3860 vel

2059 3897 2234 3961 bibat,
2269 3905 2366 3952 aut
2393 3905 2544 3952 certe
2581 3911 2612 3950 a
2649 3895 2884 3954 muliere
2921 3903 3146 3966 expetat
3177 3897 3283 3952 sibi
3320 3889 3647 3961 ministrari.

2059 3988 2176 4043 sive
2201 3987 2445 4058 ipsarum
2472 4001 2666 4058 gerere
2695 4001 2911 4052 curam,
2936 3995 3107 4058 utque
3135 3988 3419 4044 absolvam
3450 4002 3650 4046 cuncta

2060 4079 2421 4148 compendio,
2443 4078 2514 4134 ad
2538 4093 2730 4133 earum
2757 4079 3073 4150 pertingere
3099 4080 3496 4150 cognitionem.
3524 4079 3651 4138 Pari

2055 4168 2180 4240 jure
2209 4181 2513 4240 congruum
2543 4167 2646 4232 sit,
2675 4183 2772 4224 eas
2799 4183 2922 4239 quae
2955 4183 3012 4223 se
3049 4169 3347 4226 canonicas
3379 4169 3650 4241 profitenn

2061 4266 2172 4324 tur,
2207 4273 2558 4315 communem
2603 4273 2734 4314 cum
2779 4259 2918 4315 viris
2960 4259 3200 4316 tolerare
3243 4262 3447 4329 vitam,
3478 4271 3541 4318 ut
3583 4280 3651 4320 ne

2061 4351 2196 4423 quid
2230 4351 2474 4407 scandali
2509 4352 2795 4408 exoriatur
2826 4351 3003 4408 nostri
3037 4368 3233 4419 causa;
3265 4353 3400 4424 quin
3429 4353 3652 4411 studea-

2061 4457 2188 4499 mus
2219 4443 2408 4515 potius
2439 4443 2710 4501 exhibere
2741 4459 2844 4500 nos
2876 4445 3093 4500 cmteris
3124 4445 3384 4502 omnibds
3416 4446 3656 4518 irreprc-

368 4533 496 4605 ἥτις
541 4535 691 4589 ἑστιν
745 4533 1021 4606 θήρευμα,
1073 4536 1172 4590 καὶ
1227 4538 1442 4610 σαγὴνη
1495 4538 1696 4610 καρδία
1749 4540 1946 4612 αὐτῆς·

2064 4535 2386 4594 hensibiles.
2440 4553 2462 4588 ι
2527 4535 2816 4601 Scientes,
2866 4537 2946 4591 ait
3005 4536 3343 4607 Apostolus,
3394 4534 3649 4594 timorem

367 4624 572 4697 δεσμὸς
621 4626 706 4690 είς
737 4629 931 4698 χεῖρας
979 4628 1186 4704 αὐτῇςο
1241 4629 1449 4698 ἀγαθὸς
1503 4630 1612 4704 πρὸ
1662 4630 1961 4704 προσώπου

367 4716 472 4772 τοῦ
504 4717 642 4772 Θεοῦ
672 4718 1112 4790 ἀφαιρεθήσεται
1139 4719 1236 4774 ἀπ’
1265 4721 1458 4793 αὐτῆς,
1494 4723 1590 4777 καὶ
1629 4721 1962 4796 ἁμαρτάνων

372 4807 818 4883 συλληφθήσεται
849 4813 909 4866 δν
937 4811 1098 4885 αὐτῇ.
1133 4832 1153 4866 ι
1187 4813 1301 4868 Kat
1343 4815 1634 4886 ἐπιφέρειο
1668 4834 1688 4868 ι
1717 4816 1964 4888 Εὐφραί-

369 4915 491 4964 νου,
523 4901 804 4969 νεανίσκε,
823 4903 883 4956 ἐν
897 4902 1118 4972 νεότητί
1145 4921 1265 4972 σου,
1285 4905 1382 4960 καὶ
1413 4907 1710 4978 περιπάτει
1739 4909 1800 4962 ὲν
1825 4909 1964 4974 ὁδοῖς

370 4991 643 5064 ἀμώμως,
669 4993 767 5046 καὶ
798 4994 955 5065 μὴ-ὲν
979 4995 1172 5066 ὁράσει
1200 4997 1494 5068 ὀφθαλμῶν
1520 5015 1635 5064 σου,
1667 5001 1762 5054 καὶ
1791 4999 1962 5070 γνῶθι
1985 5051 1990 5060 ,

371 5084 472 5137 ἐπὶ
502 5085 668 5140 πᾶσιν
697 5084 932 5154 τούτοις,
970 5087 1054 5141 δτι
1087 5087 1206 5154 ἄξει
1241 5105 1300 5142 σε
1332 5090 1360 5144 ὁ
1387 5090 1522 5156 Θεὸς
1575 5091 1658 5156 είς
1693 5090 1897 5164 κρίσιν.
1935 5111 1954 5146 ι

391 5173 668 5240 Ὡσαύτως
719 5177 814 5232 καὶ
855 5179 885 5232 ὁ
944 5179 1302 5246 Ἀπόστολος·
1359 5200 1379 5234 ι
1409 5183 1550 5248 Τοὺς
1597 5184 1705 5257 γὰρ
1753 5185 1963 5250 πάντας

369 5269 526 5339 ἡμᾶς
566 5269 950 5340 φανερωθῆναι
993 5271 1075 5324 δεῖ
1108 5271 1422 5346 ἔμπροσθεν
1463 5275 1560 5330 τοῦ
1593 5277 1838 5350 βήματος
1865 5278 1963 5333 τοῦ

375 5359 656 5434 Χριστοῦ·
697 5361 786 5416 ἵνα
826 5361 1128 5434 κομίσηται
1165 5363 1398 5430 ἕκαστος
1453 5367 1520 5420 τὰ
1568 5367 1664 5420 τοῦ
1709 5367 1963 5438 σώματος

375 5452 518 5528 πρὸς
561 5455 598 5512 ἃ
635 5455 896 5528 ἔπραξεν,
938 5458 1049 5513 εῐτε
1083 5457 1284 5528 ἀγαθὰ,
1334 5460 1446 5516 εἴτε
1494 5463 1662 5519 κακά.
1705 5481 1726 5514 ι
1767 5463 1965 5534 Ἡμεῖς

375 5543 475 5603 οὖν
501 5551 550 5603 oi
575 5549 864 5612 δοκοῦντες
889 5550 1090 5606 εἰδέναι
1121 5550 1217 5616 τὰς
1241 5551 1487 5624 Γραφάς,
1523 5555 1618 5608 καὶ
1650 5554 1725 5627 μὴ
1757 5555 1962 5625 ιρυλέισ⁸

380 5657 589 5706 σοντες,
619 5641 1027 5714 περισσοτέρως
1061 5642 1261 5715 ἔχομεν
1298 5645 1635 5716 ἐγκληθῆναι
1668 5647 1807 5720 ὑπὲρ
1836 5648 1964 5711 τοὺς

459 5819 573 5876 "ll
605 5819 734 5880 Cor.
775 5837 829 5888 ν,
884 5821 970 5876 Η.
1065 5821 1107 5854 ⁸⁷
1156 5819 1350 5877 Ihttb.
1381 5836 1536 5886 xvrn,
1577 5819 1632 5877 6.

2065 4626 2306 4693 Domini,
2336 4627 2636 4684 suademus
2671 4627 3016 4688 hominibus.
3048 4629 3162 4685 Deo
3196 4639 3384 4686 autem
3423 4631 3655 4688 mantica-

2065 4719 2137 4776 sti
2165 4735 2360 4776 sumus
2383 4719 2448 4776 ¹⁶.
2483 4738 2504 4772 ι
2537 4718 2894 4776 Metuendum
2930 4727 3062 4775 sane
3090 4720 3274 4787 nobis,
3306 4737 3409 4778 ceu
3443 4722 3651 4778 dictum

2065 4821 2170 4875 est.
2201 4829 2272 4869 ne
2311 4813 2406 4884 qui
2447 4828 2550 4884 per
2586 4827 2688 4869 nos
2725 4813 2782 4867 in
2821 4812 3142 4868 scandalum
3174 4814 3350 4869 ullum
3381 4814 3650 4876 incidant.

2065 4916 2193 4960 cum
2221 4902 2366 4960 dicat
2394 4902 2688 4970 Dominus,
2715 4902 2846 4974 quia
2881 4901 3082 4958 melius
3110 4911 3195 4960 est
3226 4910 3289 4958 ιιι
3314 4903 3456 4974 lapis
3486 4904 3655 4958 mola-

2065 4995 2145 5072 ris
2169 4995 2409 5067 pendeat
2437 5011 2469 5050 a
2501 4995 2666 5058 collo,
2691 5003 2749 5050 et
2773 4995 2822 5050 is
2849 4994 3174 5067 projiciatur
3202 4993 3258 5049 in
3291 5005 3462 5059 mare,
3488 5002 3654 5066 quam

2064 5097 2128 5144 ut
2159 5087 2496 5145 scandalizet
2525 5103 2700 5144 unum
2736 5098 2806 5144 ex
2838 5089 2929 5143 bis
2962 5089 3182 5159 pusillis
3205 5087 3266 5144 ".
3299 5088 3490 5160 Itaque
3533 5081 3590 5146 ut
3626 5107 3654 5143 τι

2067 5183 2210 5240 facie
2241 5183 2543 5254 serpentis,
2573 5192 2631 5240 et
2657 5199 2689 5238 a
2718 5183 2982 5254 perplexo
3011 5182 3271 5254 qu’opiam
3303 5193 3550 5256 peccato,
3581 5185 3654 5238 ita

2066 5287 2122 5333 et
2151 5277 2221 5332 ab
2255 5276 2376 5332 istis
2409 5287 2576 5348 porro
2609 5275 3008 5342 secedendum,
3033 5275 3182 5347 quod
3219 5285 3655 5348 prmsentanearu

2067 5370 2265 5427 aﬂ‘erat
2307 5379 2543 5424 mortem
2591 5369 2810 5424 illarum
2854 5369 3199 5424 consuetudo
3243 5371 3312 5425 iis
3348 5369 3444 5442 qui
3485 5370 3658 5426 vitam

2067 5469 2330 5519 exercent
2349 5461 2731 5518 monasticam.
2751 5461 2863 5518 Nec
2885 5461 3108 5518 illarum
3131 5462 3456 5519 declinanda
3477 5463 3658 5520 solum

2069 5554 2380 5627 colloquia,
2421 5554 2519 5611 sed
2569 5561 2626 5612 et
2669 5552 2738 5610 de
2785 5554 2867 5610 eis
2915 5559 3310 5625 cogttatinnem
3356 5556 3426 5612 ab
3474 5556 3658 5612 radice

2072 5647 2307 5703 convelli
2353 5656 2615 5720 oportere
2657 5646 2823 5704 docet
2864 5631 3258 5706 Partemias‘t'es
3303 5665 3318 5704 :
3373 5668 3390 5701 ι
3438 5649 3515 5705 Ne
3560 5647 3659 5704 des
