4016 6432
522 380 655 442 lit"!
1761 376 2130 437 ANTIOCHI
2170 375 2520 437 MONAClll
3645 381 3754 442 lit-8

515 489 738 544 divitias
774 485 992 542 mulieri
1017 485 1059 516 ’⁸
1093 503 1112 536 ι
1151 501 1166 538 :
1197 491 1442 539 mentem
1479 491 1648 547 tuam,
1672 482 1842 538 vitam
1873 483 2102 554 denique

2221 483 2297 558 μὴ
2329 483 2561 546 εἰδότας,
2593 481 2734 535 κατὰ
2765 480 2855 536 τδν
2884 482 3042 550 λόγον
3068 480 3159 535 τοῦ
3193 481 3417 552 Κυρίου,
3450 483 3529 536 δτι
3558 505 3573 535 ι
3616 487 3759 544 Ἐκεῖ.

516 591 572 637 ct
598 579 914 636 consilium.
944 577 1102 632 Alius
1141 595 1153 631 :
1193 595 1214 628 ι
1247 576 1387 632 Cum
1421 575 1719 631 cautatrice
1752 575 2012 630 assiduus
2043 593 2102 632 nc

2217 593 2308 639 νος
2343 576 2371 630 ὁ
2393 574 2579 638 δοῦλος
2618 576 2646 627 ὁ
2672 575 2834 642 γνοὺς
2862 574 2923 628 τὸ
2959 573 3173 645 θέλημα
3209 573 3301 627 τοῦ
3358 578 3562 648 κυρίου,
3587 579 3671 630 καὶ
3702 581 3761 652 μὴ

515 681 659 736 esto,
676 669 970 742 nequando
990 667 1230 740 capiaris
1249 668 1303 722 in
1323 669 1534 735 argutis
1550 666 1816 737 operibus
1835 665 1986 722 illius
2001 667 2065 722 ¹⁹.
2085 686 2102 718 ι

2215 671 2450 738 ποιήσας
2483 667 2619 738 πρὸς
2655 667 2716 720 τὸ
2744 665 2959 736 θέλημα
2991 665 3181 732 αὐτοῦ,
3211 665 3505 738 δαρήσεται
3545 669 3714 726 πολλὰ,
3741 691 3756 724 ι

515 763 658 831 Quin
697 771 754 818 et
792 763 988 817 lsaiam
1028 761 1098 816 de
1139 760 1262 815 istis
1300 759 1539 813 arbitror
1578 757 1726 827 loqui
1771 774 1784 812 :
1836 776 1854 807 ι
1899 757 2008 811 Pro
2043 772 2102 812 ec

2214 760 2326 813 Kal.
2355 759 2554 828 ἐπάγει
2583 773 2598 789 ⁶
2631 777 2650 810 ι
2687 759 2857 812 Παντὶ
2901 752 2946 826 ᾧ
2986 757 3139 828 ἐδόθη
3179 758 3366 819 πολλὰ.
3408 762 3764 833 περισσότερον

514 857 665 928 quod
694 857 948 911 exaltatm
975 862 1105 909 sunt
1132 853 1258 907 filim
1281 860 1408 918 tuae,
1429 850 1585 910 Sion.
1605 859 1662 905 et
1686 849 2102 904 ambulaverunt

2215 853 2620 922 ἀπαντήσουσιν
2653 853 2839 907 αὐτόν.
2884 870 2903 903 ι
2935 851 3096 922 Αὐτῷ
3130 853 3162 922 ἡ
3189 851 3316 917 δόξα
3349 855 3430 915 εἰς
3454 854 3572 917 τοὺς
3593 857 3762 922 αἰῶνας

513 957 744 1003 extenso
791 947 962 1009 collo,
1001 953 1057 1001 et
1103 943 1347 999 nictibus
1391 943 1679 996 oculorum
1704 943 1771 1007 ‘°,
1814 961 1832 994 ι
1885 951 1942 996 et
1989 957 2102 1012 qua

2215 944 2325 994 τῶν
2361 942 2596 996 αἰώνων.
2653 942 2848 1013 Ἀμήν.

514 1047 842 1114 sequuntur.
867 1041 936 1096 Et
963 1037 1214 1094 inducit:
1255 1057 1273 1088 ι
1303 1037 1370 1092 Ει
1394 1031 1662 1090 Dominus
1687 1034 1957 1090 revelabit
1983 1034 2236 1090 habitum
2263 1036 2317 1092 in
2349 1035 2438 1090 die
2470 1035 2561 1089 illa
2585 1036 2652 1090 ".
2689 1054 2707 1088 ι
2737 1035 2795 1090 1d
2824 1036 2970 1105 quod
2999 1051 3149 1091 nunc
3209 1037 3475 1105 temporis
3503 1038 3763 1109 contigisse

513 1135 772 1199 arbitror,
805 1148 904 1202 per
939 1129 1236 1184 adventum
1269 1127 1678 1184 Chaldmorum.
1711 1125 1924 1197 1055
1961 1127 2105 1181 Dicit
2142 1136 2407 1183 autemet
2427 1129 2534 1181 alio
2558 1127 2678 1182 loco
2722 1145 2734 1180 :
2781 1147 2798 1178 ι
2837 1127 3118 1198 Virginem
3159 1143 3230 1183 ne
3269 1131 3682 1198 comtempleris,
3709 1147 3764 1189 ne

515 1227 656 1282 forte
709 1221 1102 1280 scandalizeris
1153 1221 1209 1276 in
1257 1219 1734 1292 increpationibus
1786 1219 1934 1276 illius
1993 1221 2062 1274 ²¹.
2104 1239 2124 1272 ι
2172 1222 2385 1276 Rursus
2429 1237 2444 1274 :
2499 1239 2517 1270 ι
2563 1220 2764 1275 Vinum
2809 1230 2866 1277 et
2904 1221 3170 1274 mulieres
3208 1231 3519 1290 apostatare
3587 1221 3766 1277 faciunt

515 1318 684 1372 corda
729 1315 1156 1388 intelligentium
1221 1312 1288 1366 ⁸³.
1335 1332 1354 1364 ι
1411 1311 1650 1367 Proinde
1704 1311 2068 1367 Ecclesiastes
2119 1329 2135 1366 :
2185 1331 2202 1363 ι
2235 1312 2491 1394 Amarius
2516 1322 2693 1367 morte
2719 1322 2826 1377 est,
2883 1313 3202 1366 conversari
3227 1328 3352 1367 cum
3381 1313 3633 1375 muliere;
3671 1315 3764 1383 ipsa

511 1411 661 1466 enim
700 1411 935 1480 laqueus
975 1407 1256 1464 venatoris
1329 1414 1448 1471 est,
1519 1413 1575 1460 et
1614 1420 1816 1476 sagena
1859 1422 1956 1460 cor
1998 1404 2176 1470 illius,
2216 1405 2499 1459 vinculum
2543 1405 2598 1459 in
2642 1421 2838 1460 manus
2875 1407 3014 1476 ejus.
3049 1405 3236 1460 Bonus
3276 1415 3404 1460 ante
3445 1405 3634 1459 faciem
3667 1406 3763 1470 Dei,

513 1503 934 1559 submovebitur
967 1501 1035 1556 ab
1071 1516 1171 1566 ea;
1208 1500 1300 1570 qui
1339 1509 1564 1569 peccat,
1598 1501 2105 1571 comprehendetur
2145 1501 2199 1555 in
2231 1516 2292 1555 ea
2316 1502 2383 1554 “.
2421 1519 2439 1552 ι
2476 1500 2648 1556 lnfcrt
2687 1519 2700 1554 :
2739 1521 2758 1554 ι
2791 1501 3024 1562 Laetare.
3055 1501 3296 1571 juvenis,
3332 1501 3387 1555 in
3428 1502 3764 1556 adolescentia

515 1603 628 1659 tua,
658 1599 714 1648 ct
745 1591 966 1646 ambula
1000 1591 1056 1645 in
1080 1590 1188 1644 viis
1221 1588 1492 1644 innocens
1550 1598 1608 1644 et
1640 1589 2048 1656 immaculatus,
2115 1599 2171 1646 ct
2212 1591 2266 1644 in
2297 1591 2546 1645 contuitu
2577 1591 2865 1646 oculorum
2898 1601 3143 1657 tuorum,
3169 1600 3225 1646 et
3255 1593 3395 1647 scito
3423 1594 3550 1662 quia
3583 1609 3675 1662 pro
3698 1594 3767 1649 his

511 1687 773 1742 omnibus
818 1685 1058 1740 adducet
1100 1691 1153 1738 te
1201 1684 1350 1740 Deus
1401 1683 1458 1738 in
1499 1683 1772 1756 judicium
1801 1685 1869 1739 “.
1921 1707 1939 1738 ι
1991 1686 2104 1741 Nec
2141 1685 2302 1739 aliter
2337 1685 2634 1755 Apostolus
2677 1703 2689 1739 :
2745 1706 2762 1737 ι
2811 1689 3012 1742 Omnes
3088 1688 3236 1742 enim
3308 1703 3415 1742 nos
3457 1677 3762 1744 manifestan'

514 1787 735 1850 oportet
767 1786 896 1834 ante
932 1777 1170 1832 tribunal
1205 1776 1434 1845 Christi,
1503 1787 1564 1833 ut
1598 1779 1804 1834 referat
1873 1780 2254 1851 unusquisque
2288 1782 2510 1852 propria
2544 1781 2815 1852 corporis,
2845 1798 2968 1854 qure
3032 1783 3222 1854 gessit,
3253 1783 3371 1838 sive
3441 1783 3642 1839 bonum
3673 1787 3764 1842 sive

513 1873 719 1928 malum
742 1873 807 1925 ".
848 1891 867 1924 ι
919 1871 1032 1928 Nos
1071 1873 1250 1943 igitur
1289 1872 1385 1943 qui
1426 1873 1640 1930 caeteris
1679 1873 2092 1946 Scripturarum
2132 1877 2506 1948 cognitionem
2576 1877 3052 1942 administramus,
3119 1893 3224 1933 nec
3259 1886 3450 1934 tamen
3483 1893 3576 1935 eas
3606 1881 3763 1949 exple-

515 1979 640 2020 mus
671 1979 859 2034 opere,
891 1964 1066 2019 multo
1099 1981 1211 2035 prae
1246 1964 1452 2036 ignaris
1488 1964 1609 2020 istis
1675 1968 1921 2022 atrocius
1987 1975 2174 2022 manet
2206 1967 2514 2038 judicium,
2537 1967 2690 2039 juxta
2725 1968 2953 2022 verbum
2989 1967 3206 2021 Domini
3241 1967 3486 2023 dicentis
3531 1987 3545 2023 :
3597 1988 3614 2020 ι
3653 1970 3763 2036 Quia

515 2074 711 2115 servus
742 2058 837 2128 qui
879 2057 1034 2112 novit
1067 2058 1407 2114 voluntatem
1445 2059 1656 2114 domini
1693 2060 1802 2124 sui,
1837 2075 1940 2115 nec
1971 2059 2103 2116 fecit
2141 2058 2450 2130 secundum
2503 2060 2685 2126 illam,
2721 2061 3008 2131 vapulabit
3089 2061 3279 2115 multis
3337 2063 3409 2116 ³⁷.
3453 2082 3472 2114 ι
3524 2064 3719 2121 lnducit
3751 2083 3762 2122 :

521 2172 538 2204 ι
577 2150 660 2206 Ab
692 2150 843 2206 omni
875 2149 964 2206 cui
996 2151 1230 2205 multum
1264 2150 1530 2206 donatum
1565 2159 1670 2217 est,
1698 2152 1824 2222 plus
1849 2159 2106 2222 repetent
2140 2150 2211 2206 ab
2238 2167 2305 2208 eo
2327 2152 2391 2207 ’⁸.
2429 2170 2448 2204 ι
2482 2150 2590 2223 ipsi
2619 2152 2796 2224 gloria
2827 2153 2882 2206 in
2916 2150 3112 2207 satcula
3145 2152 3502 2208 smeulorum.
3531 2155 3712 2213 Amen.

1077 2264 1363 2320 llOMlLlA
1401 2265 1542 2320 XIX.

2815 2266 3038 2320 ΛΟΓΟΣ
3075 2263 3177 2320 ΙΘ’.

1067 2355 1144 2409 De
1179 2357 1551 2427 fornicatione.

588 2446 998 2502 Fornicationis
1022 2446 1254 2503 affectus
1275 2449 1583 2505 multifidus
1607 2449 1830 2520 quidem
1857 2466 1924 2506 ex
1946 2449 2104 2506 fami-

516 2538 641 2595 liari
697 2539 949 2594 cooritur
997 2547 1055 2593 et
1106 2539 1282 2610 surgit
1334 2539 1628 2595 mulierum
1675 2543 2100 2599 consuetudine.

513 2631 676 2686 Nullo
702 2631 852 2686 enim
878 2629 1100 2702 negotio
1128 2633 1462 2687 assentatrix
1490 2633 1581 2688 illa
1609 2643 1666 2688 et
1691 2633 1820 2688 illex
1844 2649 2103 2706 congres-

513 2727 598 2782 sio
640 2725 960 2797 procacium
995 2726 1312 2792 mulierum,
1341 2744 1402 2783 se
1442 2728 1685 2784 hominis
1721 2729 1916 2784 inserit
1947 2731 2102 2785 cordi

517 2819 808 2884 illecebra,
837 2820 1186 2875 veteratorize
1217 2821 1354 2875 artis
1390 2837 1656 2891 perquam
1699 2823 1880 2892 plena.
1910 2823 2101 2894 Neque

515 2910 572 2965 id
628 2910 862 2981 simplex
907 2910 1150 2974 malum,
1193 2926 1318 2965 cum
1367 2911 1752 2967 fornicationis
1795 2913 2100 2969 daemonem

515 3001 791 3072 duplicem
825 3016 945 3056 esse
984 3010 1220 3057 constet.
1252 3003 1347 3056 Est
1375 3003 1523 3058 enim
1554 3004 1650 3074 qui
1679 3005 1946 3061 adversus
1975 3007 2101 3061 ani-

515 3109 684 3159 mam,
713 3102 798 3148 est
823 3103 876 3148 et
905 3093 999 3163 qui
1035 3094 1328 3148 adversum
1364 3109 1570 3165 corpus
1603 3097 1905 3168 conspiret.
1937 3099 2102 3154 Istius

517 3185 596 3240 rei
634 3184 806 3256 gratia
840 3201 980 3257 agon
1014 3185 1218 3256 duplex
1251 3187 1412 3243 nobis
1446 3189 1806 3260 excipiendus
1835 3191 2103 3248 adversus

517 3277 794 3347 impurum
828 3277 995 3332 hunc.
1025 3277 1216 3349 Neque
1254 3279 1405 3334 enim
1447 3266 1778 3336 sustinendo
1805 3282 1936 3338 huic
1966 3299 2102 3338 con-

515 3368 689 3424 ﬂictui
745 3368 876 3424 satis
923 3369 1091 3424 fuerit
1137 3371 1424 3440 corporale
1475 3371 1781 3443 jejunium,
1825 3372 2005 3427 solum
2055 3373 2102 3428 si

515 3461 693 3526 adsit,
738 3469 800 3514 ut
853 3460 1012 3515 hoste
1073 3460 1410 3532 triumphato
1467 3464 1795 3532 palmarium
1852 3473 2104 3536 reportes

517 3553 773 3625 perfectae
800 3552 1116 3608 sobrietatis
1152 3562 1208 3608 et
1236 3554 1594 3610 castimoniae.
1626 3555 1844 3610 Etenim
1877 3572 2102 3612 necesse

517 3645 610 3710 sit,
638 3645 822 3701 adsint
853 3645 936 3700 hze
965 3645 1218 3711 comites,
1248 3646 1433 3701 cordis
1471 3648 1756 3712 contritio,
1781 3649 2101 3719 deprecatio

512 3737 664 3809 jugis
693 3737 760 3792 ad
789 3737 982 3801 Deum,
1006 3737 1199 3792 crebra
1227 3737 1518 3795 meditatio
1551 3739 1978 3810 Scripturarum.
2005 3743 2102 3796 llis

516 3829 689 3893 adde,
734 3828 1013 3894 laborem,
1059 3837 1114 3883 et
1163 3830 1507 3885 manuariam
1559 3831 1912 3887 industriam.
1957 3833 2102 3888 Sane

517 3930 749 3994 possunt
775 3920 887 3976 haec
919 3921 1316 3978 insolescentes
1341 3930 1506 3991 atque
1533 3923 1882 3993 importunos
1903 3925 2102 3979 anima:

517 4022 700 4068 motus
752 4013 1123 4084 supprimere.
1168 4013 1288 4068 Prte
1341 4013 1428 4069 his
1484 4015 1744 4070 omnibus
1800 4016 2101 4086 plurimum

516 4103 682 4162 aﬂert
708 4105 1069 4161 emolumenti
1101 4106 1299 4161 animae
1338 4122 1459 4162 sese
1497 4106 1812 4178 dejicientis
1841 4109 2101 4164 humilia-

518 4201 596 4256 tio
631 4217 646 4256 :
680 4216 788 4271 qua
823 4199 963 4264 sine,
995 4214 1108 4253 non
1142 4183 1586 4264 fornicationem,
1619 4215 1727 4254 non
1763 4201 1930 4254 ullam
1965 4201 2102 4254 alia-

518 4307 642 4346 rum
673 4291 992 4362 passionum
1027 4289 1356 4360 pervincere
1393 4289 1517 4359 quis
1550 4291 1815 4360 potuerit.
1840 4291 2100 4362 Pet-vigili

520 4377 706 4453 itaque
750 4382 1003 4437 custodia
1045 4380 1438 4436 asservandum
1489 4398 1606 4447 cor,
1641 4397 1708 4437 ne
1751 4383 1886 4452 quid
1923 4383 2100 4438 insin-

519 4491 664 4530 cerae
719 4471 1074 4544 cogitationis
1139 4473 1349 4542 irrepat
1406 4473 1680 4528 alicunde.
1734 4473 1897 4530 Juxta
1953 4475 2102 4529 enim

519 4567 861 4624 Dominicam
888 4581 1079 4620 vocem
1117 4582 1130 4618 :
1168 4583 1186 4615 ι
1220 4565 1299 4620 Ex
1323 4565 1490 4622 corde
1513 4575 1718 4622 exeunt
1741 4567 2104 4638 cogitationes

520 4659 766 4714 malm”.
809 4676 828 4710 ›
875 4657 1115 4713 Tametsi
1158 4656 1214 4711 in
1259 4667 1448 4712 nostra
1492 4660 1794 4729 repositum
1834 4667 2104 4729 potestate

518 4761 635 4819 est,
665 4751 826 4823 juxta
866 4749 1118 4821 Apostoli
1166 4749 1529 4813 sententiam,
1564 4757 1627 4805 ut
1673 4766 1905 4821 agonem
1955 4751 2106 4807 hunc

519 4845 892 4902 sustineamus
927 4843 1176 4914 legitime
1209 4851 1267 4896 et
1300 4858 1633 4898 coronemur
1655 4842 1700 4873 ³ο
1737 4859 1750 4896 :
1795 4843 1841 4898 si
1883 4846 2106 4914 quando

2757 2361 2900 2429 Περὶ
2924 2362 3227 2430 πορνείας.

2275 2451 2348 2506 Τὸ
2370 2451 2546 2517 πάθος
2567 2451 2668 2523 τῆς
2703 2454 2964 2524 πορνείας
2995 2455 3057 2507 τὺ
3093 2453 3422 2524 πολυσχιδὲς
3455 2455 3522 2506 ὲκ
3548 2453 3643 2523 τῆς
3668 2469 3761 2507 συν-

2201 2547 2394 2619 τυχίας
2448 2545 2558 2599 τῶν
2618 2545 2902 2613 γυναικῶν
2964 2547 3350 2601 ἐπανίσταται.
3409 2545 3632 2618 Ῥᾳδίως
3677 2545 3760 2616 γὰρ

2201 2638 2583 2695 ἐναποτίθεται
2623 2639 2682 2690 ὲν
2711 2639 2777 2708 τῇ
2806 2637 3005 2710 καρδίᾳ
3046 2637 3142 2690 τοῦ
3186 2637 3480 2708 ἀνθρώπου
3510 2638 3608 2701 τὰς
3629 2638 3760 2691 κολσρ

2206 2733 2465 2796 κευτικὰς
2491 2731 2707 2803 ὁμιλίας
2735 2731 2844 2786 τῶν
2889 2731 3132 2784 σοδάδων
3175 2731 3461 2800 γυναικῶν
3513 2731 3574 2785 τὸ
3620 2731 3764 2784 δεινὸν

2201 2826 2418 2898 δέλεαρο
2450 2828 2512 2881 οὐ
2552 2826 2716 2898 μόνον
2745 2825 2804 2878 δὲ
2838 2824 3018 2891 τοῦτο,
3074 2824 3213 2878 ἀλλὰ
3263 2826 3361 2878 καὶ
3399 2823 3618 2888 διπλοῦς
3649 2823 3758 2878 καθ-

2203 2920 2438 2988 έστηκεν
2465 2921 2494 2972 ὁ
2525 2918 2627 2988 τῆς
2673 2918 2934 2984 πορνείας
2961 2917 3196 2988 δαίμων,
3228 2919 3288 2970 ἐν
3319 2920 3388 2989 τῇ
3415 2917 3560 2988 ψυχῇ
3593 2919 3674 2971 καὶ
3697 2914 3760 2985 τῷ

2205 3009 2422 3081 σώματι
2473 3011 2886 3078 συνιστάμενος.
2941 3009 3054 3062 Καὶ
3108 3007 3310 3062 τούτου
3366 3011 3546 3080 χάριν,
3595 3009 3757 3076 διπλῆν

2203 3102 2327 3156 κατ’
2374 3099 2542 3155 αὑτοῦ
2593 3101 2700 3172 χρὴ
2747 3099 2848 3171 τὴν
2900 3098 3079 3170 πάλην
3127 3101 3519 3166 ἀναδέξασθαι.
3565 3101 3634 3154 Οὐ
3671 3100 3758 3168 γὰρ

2205 3191 2366 3263 ἱκανὴ
2417 3193 2654 3263 ὑπάρχει
2705 3193 2844 3263 μόνη
2901 3193 2996 3245 καὶ
3051 3194 3346 3262 σωματικὴ
3407 3192 3646 3264 νηστεία,
3683 3191 3758 3244 ἴνα

2205 3286 2476 3357 κτήσηταί
2507 3303 2592 3349 τις
2639 3285 2855 3338 τελείαν
2905 3284 3288 3355 σωφροσύνην,
3329 3286 3428 3339 καὶ
3469 3287 3692 3354 ἁγνείαν,
3717 3286 3756 3336 εί

2207 3377 2284 3448 μὴ
2309 3377 2542 3448 καρδίας
2587 3377 2818 3446 γένηται
2858 3377 3220 3446 συντριμμὸς,
3255 3377 3354 3430 καὶ
3391 3379 3524 3448 εὐχὴ
3566 3376 3757 3446 ὲκτενὴς

2206 3469 2341 3537 πρὶις
2379 3468 2535 3530 Θεὸν,
2580 3467 2676 3520 καὶ
2729 3465 2838 3520 τῶν
2895 3467 3130 3537 Γραιρὼν
3185 3467 3372 3540 πυκνὴ
3428 3468 3637 3539 μελέτη,
3682 3465 3758 3518 καὶ

2206 3559 2452 3629 κάματος
2495 3557 2590 3611 καὶ
2638 3557 2980 3628 ὲργὸχειρον,
3034 3557 3180 3629 ἅπερ
3221 3558 3483 3612 δύνανται
3529 3560 3624 3622 τὰς
3650 3557 3758 3610 ἀτά-

2210 3668 2371 3714 κτους
2428 3651 2527 3720 τῆς
2583 3648 2762 3719 ψυχῆς
2823 3649 3002 3720 ὁρμὰς
3054 3650 3388 3704 συστέλλειν.
3419 3650 3531 3720 Ηρό
3565 3665 3620 3717 γε
3643 3647 3756 3700 πᾶν·

2209 3759 2316 3795 των
2391 3741 2762 3812 συμϐάλλεται
2828 3740 3162 3804 ταπείνωσις
3214 3743 3415 3812 ’ψυχῆς
3443 3782 3458 3805 ,
3506 3737 3572 3813 ἦς
3616 3740 3756 3811 χωρίς

2208 3834 2333 3888 οὔτε
2373 3835 2655 3905 πορνείας,
2697 3832 2820 3886 οὔτε
2855 3833 2965 3886 τῶν
3001 3833 3178 3886 ἄλλων
3216 3834 3414 3887 παθῶν
3457 3831 3666 3887 δύναταί
3689 3846 3756 3891 τις

2209 3927 2620 3998 περιγενέσθαι.
2652 3927 2773 3995 Χρὴ
2811 3926 2869 3978 δὲ
2898 3926 2958 3978 τὸ
2989 3926 3090 3996 τὴν
3120 3926 3354 3997 καρδίαν
3383 3928 3529 3998 πάσῃ
3575 3923 3752 3993 φυλακῇ

2208 4023 2399 4092 τηρεῖν
2440 4021 2550 4074 ἀπὸ
2586 4017 2849 4090 ῥυπαρῶν
2899 4017 3196 4088 λογισμῶν.
3229 4036 3248 4069 ι
3293 4019 3392 4072 Ἐκ
3438 4023 3543 4088 γὰρ
3585 4015 3754 4082 ταύτης

2208 4113 2547 4182 ἐξέρχονται,
2580 4109 2722 4164 κατὰ
2745 4109 2842 4180 τὴν
2863 4107 2956 4160 τοῦ
2981 4107 3186 4182 Κυρίου
3217 4111 3427 4178 φωνὴν,
3453 4105 3754 4176 διαλογισμοὶ

2210 4205 2458 4276 πονηροί.
2493 4223 2512 4255 ι
2547 4205 2610 4256 El.
2639 4199 2732 4256 οὖν
2777 4201 2926 4254 ἔστιν
2975 4203 3109 4271 ἡμῖν
3152 4202 3297 4254 κατὰ
3341 4203 3433 4256 τὸν
3471 4198 3753 4257 ’Δπόστολον

2208 4295 2458 4364 νομίμως
2489 4293 2722 4362 ἀθλῆσαι
2767 4290 2864 4344 καὶ
2899 4291 3340 4360 στεφανωθῆναι,
3381 4293 3686 4362 νικήσαντας
3705 4287 3752 4337 τὸ

2208 4385 2523 4456 ἀκάθαρτον
2567 4383 2786 4453 πνεῦμα
2834 4382 2933 4450 τῆς
2979 4380 3258 4452 πορνείας,
3313 4383 3389 4454 μὴ
3435 4385 3497 4453 τῇ
3543 4381 3750 4451 ἡμετέρᾳ

2208 4475 2486 4548 δυνάμειῆ
2516 4475 2748 4545 ἀσκήσει
2783 4474 3170 4546 θαρρήσωμεν,
3199 4475 3339 4530 ἀλλὰ
3381 4479 3445 4546 τῇ
3473 4474 3566 4526 τοῦ
3585 4468 3748 4524 Δεσπό·

2211 4584 2303 4620 του
2342 4565 2479 4619 Θεοῦ
2511 4564 2755 4636 βοηθείᾳ.
2789 4566 2866 4619 Οὐ
2898 4565 3130 4619 παύεται
3165 4567 3276 4636 γὰρ
3304 4566 3583 4638 ἄνθρωπος
3621 4560 3745 4614 πολε·

2214 4659 2483 4728 μούμενοὲ
2543 4656 2683 4727 ὑπὲρ
2739 4655 2836 4722 τοῦ
2891 4656 3200 4726 πνεύματος
3235 4658 3449 4722 τούτου,
3493 4656 3588 4717 ἕως
3613 4646 3668 4708 οὗ
3705 4651 3748 4700 ὲν

2211 4747 2442 4820 ἀληθείᾳ
2465 4747 2758 4818 πιστεύσῃ,
2785 4747 2868 4800 ὅτι
2891 4736 3012 4818 οῦχὶ
3038 4748 3143 4818 ἰδίᾳ
3163 4749 3392 4819 σπουδῇ.
3417 4748 3508 4802 καὶ
3537 4745 3746 4814 καμάτῳ,

2212 4840 2348 4896 ἀλλὰ
2379 4844 2443 4910 τῇ
2474 4840 2570 4894 τοῦ
2615 4840 2752 4893 Θεοῦ
2797 4840 2973 4910 σκέπῃ
3008 4839 3104 4892 καὶ
3141 4839 3364 4910 βοηθείᾳ
3391 4837 3746 4893 ἀπαλλάττεται

521 4949 705 4994 tamen
738 4937 964 4993 dabitur
993 4935 1262 4991 adversus
1293 4935 1442 4990 hunc
1479 4934 1897 5006 spurcissimum
1930 4936 2102 4990 forni-

2214 4933 2313 5001 τῆς
2339 4932 2496 4986 νόσου
2529 4933 2753 5002 ταύτης.
2801 4931 2983 4986 Καλὴν
3032 4931 3128 4985 οῦν
3171 4935 3322 4985 ἐστιν
3362 4933 3441 4994 είς
3477 4923 3746 4996 ἀποτροπὴν

518 5029 752 5086 cationis
785 5027 1066 5098 spiritum,
1091 5025 1378 5080 victricem
1407 5025 1647 5095 palmam
1676 5024 1956 5092 obtinere;
1991 5042 2103 5084 non

518 5137 587 5177 eo
633 5119 948 5191 pertingere
995 5131 1097 5173 nos
1138 5117 1382 5188 potuisse
1428 5117 1818 5172 confidendum
1864 5119 2107 5190 propriis

2209 5026 2309 5081 τοῦ
2341 5025 2610 5092 ἐναντίου,
2643 5026 2739 5080 καὶ
2780 5023 3005 5093 ἁγνείαν
3037 5022 3313 5093 σώματος,
3348 5022 3454 5094 πρὸ
3483 5021 3639 5074 ὕπνου
3674 5014 3745 5069 ἐπὶ

2211 5118 2400 5188 κοίτης
2427 5116 2508 5181 τὸ,

521 5214 735 5270 viribus
782 5221 878 5267 aut
923 5209 1226 5266 monastica
1307 5209 1740 5274 exercitatione,
1783 5211 1881 5267 sed
1930 5213 2151 5268 Domini
2192 5211 2416 5269 auxilio.
2487 5207 2694 5278 Neque,
2721 5207 2872 5262 enim
2915 5207 3126 5262 homini
3175 5206 3439 5276 contingit
3479 5201 3744 5274 requietum

521 5325 645 5368 esse
675 5306 744 5362 ab
774 5305 1191 5378 impugnatione
1225 5303 1387 5360 istius
1417 5303 1622 5374 impuri
1655 5305 1907 5376 spiritus,
1936 5305 2114 5362 donec
2148 5305 2437 5362 verissime
2507 5301 2809 5358 crediderit
2875 5315 2936 5355 se
2966 5301 3121 5354 nullo
3152 5308 3332 5370 pacto.
3355 5306 3448 5350 aut
3477 5293 3642 5348 studio
3667 5295 3742 5342 aut

521 5400 807 5459 laboribus
861 5397 1102 5470 propriis
1190 5396 1408 5470 1056
1500 5399 1842 5469 emancipari
1896 5414 2059 5470 posse
2116 5399 2186 5454 ab
2223 5397 2496 5471 ejusmodi
2547 5394 2780 5462 morbo,
2821 5395 2918 5450 sed
2967 5394 3068 5450 Dei
3118 5396 3294 5450 solum
3343 5388 3656 5461 protectione
3690 5395 3739 5434 ac

523 5493 806 5568 praesidio.
838 5493 958 5548 Non
993 5491 1163 5564 igitur
1190 5491 1396 5546 malum
1426 5490 1595 5548 fuerit
1622 5492 1690 5546 ad
1723 5493 2106 5564 depulsionem
2143 5491 2466 5555 adversarii,
2494 5489 2854 5560 corporisque
2889 5487 3151 5542 tuendam
3220 5486 3534 5544 castitatem,
3587 5475 3736 5546 prius—

521 5604 689 5660 quam
714 5601 810 5641 vos
839 5601 1005 5658 sopor
1029 5592 1264 5656 premat,
1295 5584 1438 5639 hanc
1466 5592 1526 5639 ut
1550 5585 1615 5641 ad
1647 5586 1821 5641 Deum
1851 5586 2153 5645 eﬂ'undatis
2183 5587 2237 5640 in
2271 5585 2441 5642 cubili
2473 5583 2784 5639 orationem
2813 5598 2826 5634 :

598 5701 640 5732 "'
663 5700 826 5755 Prov.
849 5715 998 5761 χχχι,
1019 5699 1074 5754 5.
1155 5699 1196 5732 ⁸⁸
1221 5699 1392 5755 Eccli.
1418 5715 1492 5760 Ix,
1517 5699 1570 5753 4.
1646 5699 1694 5730 ’⁸
1715 5699 1821 5754 lsa.
1847 5716 1928 5760 ιιι,
1957 5701 2042 5753 Ni.

2209 5698 2428 5755 hid.t8.
2507 5698 2553 5728 η
2576 5695 2848 5754 Eccli.tx.
2872 5693 2922 5747 5.
3000 5691 3234 5746 "Eccli.
3274 5683 3488 5761 tum};
3527 5667 3729 5761 ἷξξιτξζτ·

712 5736 974 5754 ωυρμ.
1019 5736 1074 5754 υ.
1221 5736 1466 5755 μευ-...ιι
1517 5736 1570 5753 -..
1715 5736 1821 5754 η...

519 5788 596 5828 vn
637 5736 730 5824 2‘7.
805 5772 850 5802 "
876 5741 1057 5824 Ecclc.
1080 5786 1155 5832 xi,
1178 5769 1230 5824 9.
1310 5771 1356 5802 ²⁶
1379 5770 1422 5824 ll
1449 5739 1577 5824 (lor.
1595 5786 1647 5834 ν,
1675 5769 1757 5823 10.
1837 5772 1880 5804 ’⁷
1906 5740 2040 5825 Luc.
2068 5786 2102 5824 ι

2207 5736 2324 5825 i=5.“
2350 5736 2428 5800 π’
2448 5736 2747 5822 imor/Ls"
2774 5736 2848 5798 ’ῖδ
2861 5736 3428 5838 ἔιὶιιιιι.’ἱϊ,’ξίὲ’.””ιο
3450 5736 3490 5807 n
3527 5736 3724 5802 τίωοιιι.

521 5858 584 5911 u,
605 5840 660 5898 ὸ.
