4016 6454
364 407 502 472 MBD

359 631 446 668 σιν
475 612 748 684 σώματος,
780 617 876 670 καὶ
903 616 1229 685 διαφύλαξον
1259 618 1410 686 ἡμᾶς
1441 617 1550 670 ἀπὸ
1579 616 1673 668 τοῦ
1707 615 1942 686 ζοφεροῦ

357 705 528 759 ὕπνου
560 709 659 777 τῆς
700 708 1010 780 ἁμαρτίας·
1061 709 1222 778 ρύσαι
1257 710 1409 776 ἡμᾶς
1457 708 1564 762 ἀπὸ
1606 708 1810 772 παντὸς
1846 725 1945 776 μο⁴

356 797 568 870 λυσμοῦ
600 801 802 866 σαρκὸς
826 801 922 855 xai.
957 801 1292 872 πνεύματος.
1323 803 1422 866 Δὸς
1467 803 1598 872 ἡμῖν
1630 801 1944 869 ἁγιωσύνην

355 890 418 943 ὲν
451 892 600 960 φόϐῳ
631 908 721 945 σου
747 907 761 922 ·
795 893 890 946 καὶ
922 892 1083 964 ρύσαι
1123 894 1272 964 ἡμᾶς
1299 893 1406 945 ἀπὸ
1439 893 1622 963 πάσης
1659 891 1945 960 σκοτεινῆς

359 983 450 1036 καὶ
487 984 809 1054 νυκτερινῆς
839 984 1200 1053 ἡδυπαθείας.
1247 984 1466 1036 Παῦσον
1494 983 1593 1046 τὰς
1623 983 1799 1054 ὁρμὰς
1835 982 1946 1036 τῶν

357 1073 588 1126 παθῶν”·
623 1075 816 1128 σϐέσον
841 1075 940 1148 τὴν
967 1075 1058 1129 τοῦ
1106 1076 1358 1146 σώματος
1403 1074 1678 1148 πύρωσιν·
1714 1076 1814 1138 τὰς
1843 1077 1945 1146 τῆς

359 1167 561 1248 σαρκὸς
618 1168 1020 1233 ἐπαναστάσεις
1087 1169 1465 1238 κατάργησονο
1525 1167 1595 1221 τὰ
1652 1168 1946 1236 σωματικά

359 1259 532 1328 πάθη,
581 1258 682 1328 τῆς
711 1276 769 1313 τε
801 1261 1006 1328 σαρκὸς
1050 1260 1120 1314 τὰ
1151 1263 1478 1332 φρονήματα
1527 1260 1780 1330 κοίμισον
1801 1277 1814 1290 ·
1845 1257 1948 1312 δὼ-

363 1367 528 1423 ρησαι
577 1353 730 1422 ἡμῖν,
759 1352 787 1404 ὁ
831 1353 987 1418 Θεὸς,
1017 1355 1292 1424 γρήγορον
1333 1353 1476 1418 νοῦν,
1514 1352 1767 1424 σώφρονα
1799 1349 1947 1420 λογι-

360 1439 523 1510 σμὸν,
557 1440 786 1508 καρδίαν
820 1443 1114 1512 νήφουσαν,
1151 1441 1319 1496 ὕπνον
1349 1443 1608 1512 ἐλαφρὸν,
1644 1444 1737 1496 καὶ
1764 1441 1947 1511 πάσης

359 1529 664 1598 σατανικῆς
691 1533 996 1600 φαντασίας
1037 1533 1496 1604 ἀπηλλαγμένον
1530 1534 1624 1588 καὶ
1669 1535 1946 1605 ἐξέγειρον

357 1623 508 1693 ἡμᾶς
539 1623 675 1694 προς
698 1623 798 1688 τὰς
827 1625 1150 1694 νυκτερινὰς
1186 1627 1278 1679 καὶ
1325 1625 1555 1690 ἑωθινὰς
1581 1627 1944 1697 λειτουργίας.

357 1713 661 1784 Παννύχιον
709 1717 843 1785 ἡμῖν
895 1717 994 1786 τὴν
1045 1719 1147 1788 σὴν
1200 1717 1509 1786 δοξολογίαν
1564 1719 1814 1788 χάρισαι,
1851 1717 1944 1772 τοῦ

359 1805 551 1874 ὑμνεῖν
580 1805 640 1859 τὸ
675 1807 1098 1877 μεγαλοπρεπὲς
1125 1809 1296 1879 ὖνομά
1326 1826 1441 1873 σου,
1459 1809 1554 1863 τοῦ
1583 1811 1819 1882 Πατρδς,
1849 1810 1942 1864 τοῦ

1313 413 1642 474 ΠΟΜΙΙᾸΛ
1678 413 1840 472 XIX.
1866 435 1937 444 -
1967 411 2063 470 DE
2108 411 2696 472 FORNICATIONE.

437 543 452 573 ι
478 521 578 584 Δὸς
609 524 758 592 ἡμῖν.
785 524 1054 588 Δέσποτα,
1086 524 1164 588 εἰς
1193 523 1360 577 ὕπνον
1391 523 1668 588 ἀπιοῦσιν,
1700 523 1946 578 ἀνάπαυ-
1979 535 2018 588 Α

3495 408 3627 474 1492

2129 542 2145 572 ι
2191 523 2267 576 Ad
2308 523 2551 592 quietem
2595 523 2830 592 soporis,
2861 521 3022 576 nobis
3060 519 3516 583 concedentibus,
3548 537 3632 573 m-

2049 614 2234 686 dulge,
2273 615 2346 668 mi
2391 615 2646 681 Domine,
2688 613 2934 684 requiem
2977 613 3261 683 corporis;
3309 621 3463 667 tuere
3507 627 3632 675 nus,

2047 727 2118 768 ne
2153 714 2502 768 tenebricosa
2537 713 2748 784 peccati
2787 712 2947 767 istius
2980 710 3330 764 involvamur
3365 707 3634 778 caligine;

2047 803 2201 876 eripe
2234 819 2334 858 nos
2361 804 2432 857 ob
2463 805 2613 857 omni
2645 803 3061 872 inquinamento
3087 798 3272 854 carnis
3299 807 3357 852 et
3381 797 3633 868 Spiritus,

2048 892 2313 960 concede,
2343 893 2398 948 in
2431 897 2628 950 timore
2661 904 2754 949 tuo
2781 895 2887 948 rite
2919 903 2978 947 ut
3002 891 3255 961 corporis
3283 888 3636 962 perficiamus

2048 986 2562 1042 sanctiﬁcationem.
2606 984 2882 1040 Submove
2936 998 3038 1038 nos
3089 983 3157 1037 ab
3209 981 3360 1036 oumi
3417 977 3636 1032 demul-

2049 1087 2207 1134 cente
2238 1078 2514 1133 lenocinio
2544 1077 2882 1133 illecebrosas
2905 1074 3224 1145 voluptatis,
3253 1086 3350 1143 per
3379 1069 3638 1125 tenebras

2049 1170 2230 1224 noctis
2257 1171 2424 1236 huius
2452 1170 2689 1240 impetus
2715 1169 3035 1238 passionum
3063 1164 3214 1230 seda,
3245 1177 3309 1218 ac
3333 1162 3468 1234 jube
3497 1175 3634 1214 con-

2049 1260 2357 1330 quiescere.
2391 1259 2622 1330 lgnitam
2664 1259 2952 1327 exstingue
2988 1255 3350 1310 tentationem
3386 1249 3638 1320 corporis

2049 1353 2234 1408 istius.
2288 1352 2669 1406 Rehellionem
2730 1351 2912 1404 carnis
2968 1347 3154 1403 acrius
3209 1345 3635 1399 insolescentem

2049 1442 2264 1514 disjice.
2305 1442 2574 1498 Vitiosam
2623 1441 2976 1496 affectionem
3023 1437 3306 1508 corporis,
3350 1444 3409 1490 et
3455 1433 3639 1490 carnis

2049 1535 2403 1607 prudentiam
2436 1534 2690 1604 consopi,
2716 1543 2772 1588 et
2803 1533 2886 1588 fac
2915 1533 2974 1586 in
3006 1530 3168 1586 nobis
3198 1527 3637 1584 obdormiscere.

2049 1629 2128 1684 Da
2168 1629 2328 1682 nobis
2367 1624 2650 1696 tranquilli
2693 1625 2909 1695 soporis
2931 1623 3134 1680 cubile.
3162 1620 3463 1691 Pervigiles
3501 1632 3638 1674 cou-

2050 1721 2184 1776 cedc
2211 1719 2574 1790 cogitationes
2600 1733 2664 1774 ac
2692 1725 2930 1773 mentem
2956 1713 3220 1778 sobriam,
3241 1729 3311 1768 ne
3335 1727 3436 1766 nos
3459 1711 3640 1783 gravis

2050 1813 2331 1884 opprimat
2359 1827 2545 1882 sopor,
2574 1811 2670 1866 sed
2704 1810 2800 1880 qui
2833 1825 2933 1864 nos
2963 1807 3158 1863 reddat
3186 1804 3542 1862 excitatiores
3572 1803 3640 1856 ad

359 1897 630 1952 Υίοῦ.καὶ
675 1898 771 1952 τοῦ
828 1899 984 1969 ἁγίου
1037 1876 1380 1971 Πνεῦματος,
1415 1902 1492 1966 εἰς
1538 1901 1668 1965 τοὺς
1708 1876 1942 1964 ἀίῶνας.

2058 1905 2427 1961 exhibendum
2484 1903 2585 1959 tibi
2643 1919 2842 1959 munus
2897 1911 3184 1956 nocturnae
3238 1911 3304 1954 ac
3356 1895 3642 1952 matutinae

369 1989 427 2042 Ἀ
439 1991 566 2060 μήν.
604 2009 622 2041 ι

2051 1995 2311 2066 liturgim.
2337 1993 2696 2065 Pcrvigilium
2728 1993 2908 2046 noctis
2943 1989 3104 2045 nobis
3135 1985 3391 2042 clementi
3429 1986 3640 2054 imper—

356 2081 462 2136 tire
507 2083 682 2152 gratia
731 2090 855 2148 tua,
891 2083 960 2138 ad
1006 2085 1390 2140 illustrandam
1439 2077 1660 2157 hymnis
1709 2066 1939 2156 gloriam
1972 2086 2509 2160 magniﬁcentissimi
2543 2086 2622 2140 tui
2685 2083 2946 2153 nominis,
2973 2081 3174 2148 Patris,
3199 2078 3323 2136 Filii
3351 2087 3408 2135 et
3469 2078 3644 2148 Spiri-

358 2181 451 2226 tus
479 2175 675 2237 sancti,
705 2173 759 2228 in
787 2177 1006 2230 saecula.
1039 2176 1233 2232 Amen.
1269 2195 1288 2228 ι

434 2265 612 2318 Καλὸν
639 2262 731 2320 οὖν
758 2267 926 2332 ἐστιν,
967 2267 1043 2330 ὡς
1072 2268 1417 2340 προείρηται,
1449 2269 1548 2332 τὰς
1579 2271 1825 2341 σαγήνας
1856 2271 1951 2323 καὶ

358 2357 433 2410 τά
463 2359 735 2431 ἄγκιστρα
783 2358 892 2413 τῶν
938 2361 1217 2429 γυναικῶν
1259 2361 1618 2430 ἀποφεύγειν,
1665 2364 1760 2416 καὶ
1796 2361 1950 2415 στέλ-

360 2451 550 2506 λεσθαι
577 2454 672 2508 ἀπ’
699 2451 898 2506 αὐτῶν.
936 2453 996 2505 '0
1023 2453 1132 2522 γὰρ
1167 2452 1478 2519 σοφώτατος
1512 2453 1764 2520 Σολομὼν
1794 2453 1952 2508 τοῦτο

369 2545 531 2616 πείρᾳ
563 2545 922 2616 παρειληφὼς
951 2547 1084 2600 πᾶσι
1107 2549 1364 2618 παραινεῖ
1389 2545 1592 2616 λέγων,
1613 2568 1630 2600 ι
1657 2547 1750 2620 Μὴ
1779 2547 1952 2620 πρόσ-

366 2650 458 2703 εχε
509 2634 687 2706 φαύλῃ
736 2634 983 2703 γυναικίο
1029 2635 1152 2704 μέλι
1196 2635 1307 2706 γὰρ
1343 2637 1649 2701 ἀποστάζει
1699 2640 1806 2692 ἀπὸ
1832 2657 1950 2710 χει-

363 2725 504 2778 λέων
536 2725 795 2794 γυναικὸς
825 2726 1054 2799 πόρνης,
1089 2727 1122 2800 ἢ
1155 2729 1291 2800 πρὸς
1341 2731 1536 2802 καιρὸν
1577 2730 1820 2784 λιπαίνει
1863 2731 1954 2787 τὺν

364 2815 662 2885 φάρυγγαο
697 2817 926 2887 ὕστερον
969 2819 1154 2888 μέντοι
1200 2817 1528 2890 πικρότερον
1577 2820 1741 2891 χολῆς
1787 2821 1954 2893 εὑρή-

363 2923 516 2970 σεις’
575 2908 651 2980 μὴ
689 2909 994 2980 ἐπιστήσῃς
1047 2908 1144 2964 οῦν
1197 2911 1288 2962 σὺν
1345 2910 1504 2980 ὄμμα
1554 2911 1643 2963 ἐπ’
1683 2913 1877 2984 αὒτήν.
1928 2931 1948 2966 ι

362 3002 473 3054 Καὶ
502 3003 663 3056 πᾶλιν
697 3019 710 3032 ·
745 3022 764 3054 ‹
793 3003 884 3072 Μὴ
917 3004 1156 3073 πρύτεχε
1208 3004 1389 3074 φαύλῃ
1416 3008 1672 3072 γυναικι-
1717 3005 1818 3076 τῆς
1843 3005 1950 3076 γὰρ

361 3095 682 3168 ἀφροσύνης
747 3097 794 3149 οἱ
865 3095 1026 3159 πόδες
1088 3097 1390 3163 κατάγουσι
1450 3099 1578 3162 τοὺς
1631 3097 1952 3169 χρωμένους

361 3192 506 3260 αὐτῇ
553 3191 692 3260 μετὰ
723 3189 956 3243 θάνατον
997 3191 1079 3252 είς
1123 3189 1214 3242 τὸν
1247 3189 1412 3262 ᾅδην,
1453 3191 1690 3264 Μακρὲιν
1724 3191 1954 3260 ποίησον

2123 2271 2416 2342 Egregium
2466 2271 2628 2340 plane
2672 2269 2752 2324 uti
2793 2268 2951 2340 prius
3001 2267 3212 2323 dictum
3261 2274 3374 2330 est,
3413 2280 3644 2334 sagenas

2051 2361 2173 2416 illas
2207 2369 2373 2431 atque
2414 2361 2755 2415 irritamenta
2791 2359 3092 2412 mulierum
3129 2371 3234 2411 nos
3267 2355 3336 2410 ad
3373 2371 3432 2410 se
3468 2354 3643 2424 proli-

2052 2453 2318 2510 cientium
2347 2453 2612 2516 aversari,
2636 2460 2695 2506 et
2720 2452 2788 2506 ab
2817 2465 3008 2505 earum
3039 2464 3096 2504 se
3124 2449 3452 2503 submovere
3477 2448 3647 2502 collo-

2051 2546 2220 2616 quiis.
2270 2545 2387 2602 lloc
2437 2547 2585 2602 enim
2637 2544 3080 2616 sapientissimus
3127 2541 3336 2612 alioqui
3389 2539 3645 2596 Salomon

2053 2639 2321 2696 docti-inte
2348 2639 2694 2710 experientia
2726 2629 2855 2694 cum
2885 2636 3198 2702 didicisset,
3225 2649 3420 2690 omnes
3453 2650 3557 2688 nos
3591 2634 3648 2688 in

2053 2748 2346 2788 commune
2375 2731 2658 2796 admonet,
2681 2731 2874 2786 dicens
2906 2747 2919 2783 :
2955 2747 2973 2780 ι
3006 2729 3084 2784 Ne
3107 2727 3332 2783 attende
3360 2727 3426 2780 ad
3453 2725 3650 2779 mulie-

2051 2838 2168 2878 rem
2219 2822 2451 2885 mala’m,
2493 2821 2598 2875 mel
2645 2821 2796 2876 enim
2841 2819 3072 2873 distillat
3113 2833 3146 2872 a
3190 2817 3355 2872 labiis
3398 2815 3649 2870 mulieris

2051 2915 2396 2979 fornicariae,
2429 2923 2482 2970 et
2521 2914 2591 2968 ad
2627 2923 2848 2985 tempus
2882 2913 3191 2983 impinguat
3223 2917 3416 2982 guttur
3446 2898 3646 2974 suum;

2055 3007 2115 3063 in
2153 3007 2458 3063 novissimo
2499 3014 2685 3061 autem
2721 3005 2846 3060 felle
2889 3003 3132 3059 amarius
3169 3003 3304 3074 quid
3347 3001 3597 3056 invenies
3631 3015 3647 3052 :

2059 3115 2129 3154 ne
2164 3100 2332 3169 igitur
2359 3099 2584 3154 oculum
2618 3105 2774 3152 tuum
2810 3096 3067 3153 intendas
3103 3095 3156 3150 in
3192 3110 3314 3151 eam
3335 3093 3402 3148 ".
3444 3113 3460 3145 ι
3505 3093 3650 3148 Ilur-

2060 3209 2155 3248 sus
2194 3210 2206 3245 :
2253 3211 2270 3244 ι
2310 3192 2389 3246 Ne
2425 3191 2644 3245 obviam
2679 3189 2948 3260 procedas
2982 3187 3200 3243 mulieri
3237 3187 3548 3251 meretrici,
3581 3201 3652 3242 ne

332 3281 460 3362 ’ἀπ’
491 3283 666 3350 αὐτῆς
693 3281 790 3352 σὴν
823 3281 958 3334 ὁδόν.
999 3301 1016 3332 ι
1058 3281 1166 3334 Kal.
1195 3281 1357 3334 πάλιν
1387 3299 1401 3315 ο
1427 3300 1447 3332 ι
1494 3283 1585 3351 Μὴ
1619 3282 1832 3336 ὑπάντα
1861 3298 1956 3350 γυ-

2058 3285 2200 3339 forte
2236 3281 2449 3337 incidas
2476 3283 2531 3336 in
2565 3282 2794 3350 laqueos
2823 3280 2973 3336 illius
2993 3280 3060 3334 ³³.
3096 3299 3116 3329 ι
3152 3277 3372 3334 lnducit
3403 3295 3417 3332 :
3461 3296 3478 3328 ι
3516 3276 3653 3343 Quis

363 3373 514 3426 ναικὶ
544 3368 952 3441 ἑταιριζομένῃ,
988 3371 1060 3439 μή
1095 3370 1502 3450 ποτ-ειέμπέσῃς
1532 3373 1613 3435 εἰς
1655 3372 1754 3434 τὰς
1786 3371 1954 3439 παγί-

361 3463 463 3520 δας
507 3461 702 3531 αὐτῆς.
731 3477 748 3512 ι
808 3460 917 3514 Καὶ
963 3459 1180 3527 ἐπάγει,
1227 3475 1246 3511 ι
1295 3459 1582 3530 Ἀποδήσει
1611 3476 1696 3521 τις
1738 3457 1848 3528 πῦρ
1896 3459 1955 3510 ἐν

363 3553 576 3622 κόλπῳ,
606 3553 672 3605 τὶ
701 3551 758 3605 δὲ
789 3552 981 3622 ἱμάτια
1008 3553 1070 3604 ού
1109 3551 1454 3604 κατακαύσει
1477 3569 1492 3617 ;
1517 3551 1550 3622 ἢ
1579 3551 1953 3623 περιπατήσει

361 3665 452 3714 τις
479 3649 562 3702 ἐπ’
589 3647 879 3716 ἀνθράκων
914 3647 1106 3716 πυρδς,
1141 3647 1266 3708 τοὺς
1293 3645 1350 3698 δὲ
1383 3645 1546 3708 πόδας
1573 3646 1634 3698 οὐ
1671 3643 1956 3698 κατακαύ-

364 3759 454 3794 σει
483 3758 497 3808 ;
532 3739 792 3803 ὡσαύτως
818 3739 922 3792 οὐκ
954 3737 1346 3808 ἀθωωθήσεται
1389 3739 1494 3801 πᾶς
1520 3732 1825 3807 ἁπτόμενος
1853 3737 1956 3790 αύ-

361 3825 484 3902 τῆς.
525 3851 542 3882 ι
589 3831 698 3884 Ka‘t
745 3831 774 3882 ὁ
824 3829 989 3898 νόμος
1041 3827 1249 3898 φησιν’
1304 3847 1322 3881 ι
1361 3829 1434 3882 Οὐ
1483 3827 1843 3898 πορνεύσεις,
1893 3827 1953 3880 οὐ

368 3921 684 3996 μοιχεύσεις
709 3938 722 3952 ·
773 3920 830 3984 ὃς
865 3921 931 3973 ἂν
971 3919 1236 3995 μοιχεύσῃ
1272 3919 1371 3988 τὴν
1400 3921 1638 3988 γυναῖκα
1683 3917 1776 3972 τοῦ
1814 3918 1955 3988 πλη-

365 4019 492 4072 σίου
512 4013 697 4079 αὐτοῦ,
735 4013 952 4084 θανάτῳ
979 4013 1302 4066 τελευτάτω.
1341 4031 1360 4062 ι
1406 4011 1516 4066 Καὶ
1543 4011 1572 4063 ὁ
1597 4011 1781 4065 Δαυῒὸ·
1818 4030 1836 4064 ι
1866 4010 1957 4081 Μὴ

365 4109 586 4180 γίνεσθε
614 4107 690 4172 ὡς
718 4107 904 4184 ἵππος,
956 4105 1053 4158 καὶ
1092 4103 1335 4174 ἡμίονος,
1373 4098 1453 4167 οἷς,
1496 4103 1599 4157 οὐκ
1647 4101 1796 4156 ἔστι·
1831 4101 1958 4156 σύν-

369 4217 509 4265 εσις.
543 4221 560 4253 ι
611 4201 722 4254 Kal.
763 4199 793 4252 ὁ
819 4185 1106 4267 προφήτης
1148 4196 1328 4266 Ὠσηὲ,
1367 4194 1670 4266 ἀχθόμενος
1701 4194 1831 4266 περὶ
1862 4193 1957 4248 τοῦ

368 4295 502 4349 λαοῦ
532 4293 684 4362 ἔλεγε
709 4309 724 4326 ο
758 4309 777 4342 ι
807 4290 1084 4360 Πνεύματι
1131 4286 1392 4358 πορνείας
1423 4286 1831 4358 ἐπλανήθησαν,
1863 4287 1961 4340 καὶ

369 4393 400 4442 ὁ
430 4387 558 4451 λαὸς
605 4387 634 4439 ὁ
661 4383 858 4439 συνιὼν
908 4380 1272 4435 συνεπλέκετο
1335 4381 1473 4451 μετὰ
1523 4379 1746 4450 πόρνης.
1792 4399 1811 4432 ι
1850 4381 1960 4434 Καὶ

371 4476 549 4540 αὖθις,
595 4495 611 4528 ι
652 4473 1016 4546 Πορνεύοντες
1059 4470 1489 4542 ἐξεπύρνευσαν·
1525 4469 1824 4540 ἠγάπησαν
1851 4471 1962 4523 ἀτι-

376 4569 531 4642 μίαν.
563 4585 583 4620 ι
634 4568 746 4622 Καὶ
813 4565 1015 4621 πάλιν·
1067 4563 1344 4633 «Πνεῦμα
1391 4560 1650 4632 πορνείας
1695 4562 1844 4614 ἐστὶν
1903 4561 1962 4613 ὲν

370 4663 584 4724 αὐτοῖς.
613 4659 704 4713 τὸν
731 4659 787 4712 δὲ
815 4657 1020 4730 Κύριον
1047 4658 1148 4711 οὐκ
1174 4657 1438 4722 ἔγνωσαν.
1469 4673 1488 4706 ι
1525 4653 1584 4707 '0
1609 4653 1665 4706 δὲ
1707 4653 1964 4706 Ἀπόστο-

371 4757 468 4818 λος
488 4744 797 4808 ἐπιστέλλει
823 4753 999 4821 λέγων
1019 4767 1034 4783 ·
1065 4769 1084 4802 ι
1115 4748 1350 4818 Φεύγετε
1396 4747 1498 4818 τὴν
1527 4745 1808 4816 πορνείαν,
1849 4748 1960 4801 πᾶν

373 4847 706 4918 ἁμάρτημα,
746 4843 775 4898 ὃ
813 4842 906 4896 ἐὰν
942 4843 1145 4912 ποιήσῃ
1191 4840 1495 4911 ἄνθρωπος,
1528 4837 1687 4899 ἐκτὸς
1719 4837 1814 4891 τοῦ
1851 4839 1961 4891 σώ-

377 4937 547 5008 ματός
569 4940 745 4990 ἐστιν’
775 4937 802 4990 ὁ
829 4935 886 4988 δὲ
914 4933 1218 5006 πορνεύων,
1250 4935 1328 4996 είς
1355 4931 1415 4984 τδ
1447 4933 1580 4987 ἴδιον
1609 4933 1768 5002 σῶμα
1794 4933 1966 5002 ἀμαρο
1989 4973 1997 4982 .

371 5030 548 5086 τάνει.
585 5049 604 5082 ι
643 5029 754 5083 Καὶ
781 5027 1034 5098 ἐπιφέρει
1057 5042 1072 5056 ο
1121 5045 1140 5078 ι
1172 5025 1286 5079 Οὐκ
1314 5023 1494 5078 οἴδατε
1525 5027 1608 5080 ὅτι
1641 5023 1710 5079 τὰ
1734 5023 1965 5094 σώματα

375 5123 532 5195 ὑμῶν
561 5124 689 5186 ναὸς
740 5119 835 5175 τοῦ
878 5121 934 5172 ὲν
967 5120 1098 5188 ὑμῖν
1143 5117 1298 5185 ἁγίου
1355 5116 1674 5187 Πνεύματός
1721 5118 1892 5180 ἐστιν,
1935 5115 1965 5168 ὅ

376 5217 532 5287 ἔχετε
569 5215 678 5270 ἀπο
709 5212 803 5266 τοῦ
840 5209 976 5264 Θεοῦ
999 5251 1012 5273 ,
1048 5209 1140 5263 καὶ
1177 5209 1278 5264 οὐκ
1319 5209 1442 5262 ἐστὲ
1475 5209 1686 5264 ἑαυτῶν
1711 5226 1725 5274 ;
1753 5207 1963 5280 ἠγορά-

378 5309 546 5379 σθητε
573 5309 680 5376 γὰρ
711 5305 896 5376 τιμῆς.
931 5323 950 5354 ι
986 5301 1095 5356 Καὶ
1130 5305 1188 5356 ἐν
1230 5305 1344 5366 τοῖς
1376 5301 1548 5364 ὅντως
1583 5305 1816 5367 πιστοῖς,
1849 5303 1965 5366 τοῖς

382 5397 606 5472 Πνεῦμα
635 5399 769 5452 Θεοῦ
798 5395 1035 5468 ἔχουσιν,
1071 5395 1224 5448 οὐδὲν
1249 5395 1509 5467 σαρκικδν
1535 5394 1763 5450 δύναται
1786 5391 1929 5448 εἶναι
1953 5411 1965 5426 ο

380 5493 537 5549 ἅτινά
575 5495 709 5554 ἐστι,
743 5490 987 5562 πορνεία,
1018 5487 1356 5558 ἀκαθαρσία,
1401 5489 1660 5556 ἀσέλγεια
1689 5529 1703 5552 ,
1761 5489 1858 5542 καὶ
1893 5487 1963 5542 τὰ

379 5584 526 5657 ἑξῆς.
579 5585 642 5638 0!
674 5584 781 5655 γὰρ
831 5580 1184 5652 σαρκοφύροι,
1228 5579 1508 5650 βασιλείαν
1555 5579 1691 5634 Θεοῦ
1724 5581 1784 5633 οὐ
1829 5579 1962 5650 κλη-

455 5782 496 5813 ²¹
522 5783 682 5836 Prov.
709 5797 760 5836 ν.
786 5783 908 5836 2-4.

383 5854 420 5886 ⁸ῖ
455 5853 593 5908 Osce
625 5871 696 5914 rv,
729 5854 807 5906 li.

1053 5781 1223 5865 βαι-Ξί-
1285 5782 1436 5865 1¥~

885 5853 927 5883 ³⁸
954 5853 1088 5908 ibid.
1123 5853 1204 5908 l8.
1283 5853 1324 5884 ³³
1349 5858 1486 5908 Osee
1517 5867 1568 5914 v,
1595 5852 1646 5906 4.

1517 5781 1560 5810 ³³
1585 5781 1743 5834 Prov.
1771 5797 1845 5841 vl.
1872 5781 2050 5834 ’ΞΤ-29.
2102 5775 2143 5806 ³³
2169 5777 2342 5831 Exod.
2369 5791 2456 5837 tu.
2488 5775 2567 5827 Η-
2622 5783 2665 5812 ³⁵
2695 5781 2870 5836 Levit.
2902 5798 2988 5842 xx,
3022 5782 3101 5836 ιο.

1727 5852 1770 5882 ⁸⁰
1798 5851 1816 5905 l
1849 5851 1976 5907 Cor.
2001 5868 2073 5914 vi,
2109 5852 2186 5904 l8.

2056 3376 2305 3446 alligabit
2333 3375 2512 3444 ignem
2550 3373 2604 3427 in
2642 3374 2791 3437 sinu,
2821 3372 3154 3427 vestimenta
3179 3385 3314 3424 vero
3348 3385 3458 3424 non
3493 3384 3650 3424 com-

2057 3467 2256 3522 buret?
2289 3473 2384 3519 aut
2415 3463 2724 3518 ambulabit
2753 3463 2955 3533 aliquis
2987 3477 3154 3532 super
3181 3459 3452 3516 carbones
3486 3459 3648 3530 ignis.

2055 3569 2112 3615 et
2152 3557 2324 3629 pedes
2362 3557 2442 3612 illi
2487 3571 2596 3610 non
2637 3555 2948 3610 ardebunt?
2981 3554 3064 3610 sic
3097 3569 3209 3609 non
3244 3553 3510 3608 innocens
3541 3553 3652 3606 erit

2057 3651 2239 3707 omnis
2269 3651 2362 3720 qui
2402 3649 2573 3720 tangit
2603 3665 2725 3705 eam
2751 3649 2818 3702 ³³.
2850 3668 2868 3702 ι
2909 3648 3015 3703 Sed
3045 3656 3102 3702 et
3132 3647 3220 3701 lex
3252 3645 3392 3700 dicit
3421 3663 3435 3700 :
3477 3665 3494 3696 ι
3530 3642 3650 3699 Non

2056 3741 2492 3803 fornicaberis“
2535 3763 2546 3797 :
2597 3743 2694 3814 qui
2742 3743 3051 3798 fornicatus
3095 3742 3265 3796 fuerit
3306 3757 3432 3796 cum
3481 3737 3654 3796 [uxore

2057 3838 2292 3910 proximi
2339 3837 2452 3902 sui,
2478 3845 2656 3892 morte
2704 3835 3064 3890 moriatur”.
3105 3855 3124 3887 ι
3175 3833 3350 3890 David
3393 3841 3576 3888 autem
3630 3852 3642 3886 :

2065 3950 2083 3984 ι
2119 3931 2299 3991 Nolite
2331 3929 2452 3986 fieri
2482 3931 2627 3986 sicut
2657 3945 2838 4000 equus
2870 3939 2926 3984 et
2954 3929 3161 3994 mulus,
3189 3927 3393 3998 quibus
3422 3941 3532 3981 non
3569 3935 3655 3981 est

2061 4023 2380 4078 intellectus
2399 4023 2467 4078 ³⁸.
2495 4041 2514 4073 ι
2547 4023 2824 4092 Propheta
2850 4020 2990 4077 Osee
3020 4021 3290 4075 adversus
3314 4019 3500 4090 populi
3528 4007 3656 4088 pec-

2058 4124 2181 4170 cata
2221 4131 2281 4170 se
2315 4114 2683 4180 discrucians,
2711 4115 2976 4170 diccbat:
3017 4133 3035 4166 ι
3076 4113 3293 4183 Spiritu
3329 4111 3654 4166 fornicatio-

2061 4209 2152 4263 nis
2196 4207 2413 4262 seducti
2459 4216 2623 4269 suut.
2665 4215 2722 4262 et
2766 4206 3004 4278 pOpulus
3059 4204 3374 4277 intelligens
3421 4203 3655 4258 adhaesit

2061 4299 2341 4356 meretrici
2364 4301 2431 4352 δ’.
2465 4319 2484 4350 ι
2533 4299 2744 4354 Rursus
2789 4316 2804 4354 :
2853 4317 2872 4350 ι
2918 4298 3276 4376 Fornicantcs
3323 4297 3654 4352 exfornicati

2062 4401 2214 4459 sunt,
2244 4393 2561 4449 dilexerunt
2587 4391 2946 4463 ignominiam
2969 4392 3035 4448 ³⁸.
3071 4412 3090 4444 ι
3125 4393 3333 4447 lterum
3369 4409 3382 4446 :
3421 4410 3440 4443 ι
3479 4389 3656 4461 Spiri-

2065 4493 2154 4540 tus
2197 4484 2584 4539 fornicationis
2622 4491 2708 4538 est
2743 4483 2800 4538 in
2838 4483 2950 4546 eis,
2985 4483 3278 4538 Dominum
3317 4493 3501 4538 autem
3543 4497 3654 4537 non

2067 4574 2535 4646 cognoverunt".
2571 4592 2590 4626 ι
2638 4573 2938 4643 Apostolus
2974 4587 3074 4644 per
3117 4573 3416 4644 Epistolam
3457 4572 3595 4632 dicit
3639 4590 3651 4625 :

2070 4666 2262 4738 Fugite
2303 4665 2747 4722 fornicationem.
2780 4661 2954 4721 Omne
2998 4677 3287 4736 peccatum
3332 4667 3480 4736 quod
3525 4666 3656 4720 facit

2067 4758 2236 4812 homo
2271 4766 2431 4810 extra
2470 4771 2674 4826 corpus
2709 4765 2822 4822 cst;
2863 4755 2960 4826 qui
3001 4765 3183 4812 autem
3229 4757 3560 4819 fornicatur,
3597 4757 3654 4812 in

2065 4865 2266 4919 corpus
2333 4849 2622 4920 proprium
2693 4857 2886 4918 peccat
2914 4848 2980 4902 ⁵ο.
3045 4867 3062 4900 ι
3133 4849 3343 4920 1057
3403 4847 3574 4904 Infert
3638 4867 3652 4903 :

2074 4963 2090 4994 ι
2126 4941 2362 4997 Nescitis
2389 4942 2518 5012 quia
2547 4957 2778 5012 corpora
2807 4949 2998 5006 vestra,
3023 4941 3286 5010 templum
3319 4949 3448 4996 sunt
3474 4939 3654 5010 Spiri-

2065 5041 2155 5088 tus
2185 5031 2359 5087 sancti
2379 5033 2474 5102 qui
2499 5033 2712 5086 habitat
2740 5032 2795 5086 iu
2822 5031 2982 5087 vobis
3008 5048 3020 5084 ι
3057 5031 3204 5101 quod
3228 5031 3444 5086 habetis
3463 5043 3492 5086 a
3517 5033 3652 5098 Deo,

2065 5141 2176 5179 non
2206 5125 2342 5180 estis
2372 5125 2578 5180 vestri?
2607 5125 2790 5195 Empti
2824 5125 2974 5180 enim
3011 5124 3148 5180 estis
3183 5125 3361 5193 pretio
3384 5124 3451 5178 “.
3489 5145 3505 5176 ι
3547 5125 3654 5192 Qui

2063 5215 2212 5270 enim
2253 5213 2414 5270 fidem
2449 5214 2518 5270 de
2552 5216 2666 5271 Deo
2699 5215 2994 5286 genuinam
3031 5216 3237 5271 habent
3261 5230 3326 5270 ac
3353 5215 3650 5276 sinceram,

2066 5307 2260 5378 utique
2285 5316 2342 5362 et
2367 5307 2637 5378 Spiritum
2667 5309 2874 5364 habent
2901 5309 3028 5376 Dei;
3060 5317 3117 5364 et
3144 5308 3282 5363 nihil
3315 5320 3440 5364 esse
3465 5311 3518 5362 in
3547 5307 3656 5363 illis

2071 5408 2256 5470 potest
2281 5394 2527 5465 carnale;
2559 5401 2868 5472 cujusmodi
2901 5411 3050 5466 sunt,
3075 5400 3390 5467 fornicatio,
3411 5399 3658 5454 immun-

2069 5492 2234 5555 ditia,
2264 5492 2639 5578 impudicitia,
2667 5503 2724 5548 et
2751 5502 2969 5548 ca'lera.
2999 5494 3188 5564 Neque
3218 5494 3366 5549 enim
3394 5492 3487 5562 qui
3521 5506 3653 5562 pro-

2067 5587 2241 5657 priam
2290 5587 2530 5642 domum
2557 5597 2945 5658 corrumpunt,
2976 5586 3386 5642 haercdilabunt
3423 5599 3654 5656 regnum

2337 5791 2456 5862 Lux,
2488 5782 2567 5862 ii:
2618 5782 2870 5862 filmvit.
2902 5798 2988 5842 xx,
3022 5782 3101 5836 l0.
3180 5783 3224 5814 ³⁸³
3250 5783 3394 5839 Psal.
3425 5797 3570 5845 xxxi,
3595 5782 3650 5838 9.

2269 5855 2303 5880 "
2335 5853 2470 5906 ibi.l.
2511 5853 2589 5913 lii,
2613 5853 2702 5906 ‘20.
