4016 6518
383 384 407 448 ἰ
420 384 523 448 493

1412 385 1746 449 HOMILIA
1786 384 1914 446 XX.
1940 408 2011 425 η’-
2046 382 2145 446 DE
2184 387 2620 455 CASTITATE.

3522 391 3664 461 1494

380 493 576 565 μαθεῖν
602 493 664 548 τδ
687 497 788 569 τῆς
804 494 1053 560 ’πίστεως
1078 495 1403 567 μυστήριον,
1432 494 1529 550 καὶ
1549 491 1968 565 θαυματουργδς

2082 508 2331 565 magnum
2362 495 2522 553 illum
2566 497 2745 553 Eliam
2795 498 3011 572 1058
3048 500 3356 571 promeruit
3399 501 3663 571 excipere

378 588 560 659 μέγας
598 587 1009 661 ἀναδειχθῆναι.
1052 589 1117 643 Ol
1160 587 1272 660 γὰρ
1312 588 1412 659 τῆς
1449 585 1819 658 σωφροσύνης·
1840 587 1968 655 ἐρα-

376 679 531 747 eral,
567 679 630 734 οὐ
669 682 834 751 μόνον
860 682 952 734 τὸν
984 681 1206 736 ἔπαινον
1234 682 1293 734 ὲν
1317 679 1454 752 τῷδε
1481 679 1559 750 τῷ
1590 678 1688 751 βίῳ
1727 677 1965 749 ἔχουσιν.

375 771 520 827 ἀλλὰ
551 774 648 827 καὶ
672 773 765 827 τὸν
795 773 1061 844 στέφανον
1092 773 1187 828 τοῦ
1218 772 1473 839 κάλλους,
1505 772 1601 825 καὶ
1636 771 1727 823 τὸν
1765 769 1970 840 χιτῶνα

372 867 483 934 τῆς
513 863 870 935 σωφροσύνης
896 868 960 919 ὲκ
1002 865 1184 935 χειρὸς
1229 863 1436 933 Κυρίου
1484 846 1807 934 κομίσονται
1828 878 1841 891 ο
1875 860 1970 914 καὶ

372 952 603 1025 ἐροῦσιν
626 969 641 983 ο
676 973 695 1005 ι
723 952 1103 1022 Ἀγαλλιάσθω
1140 955 1174 1024 ἡ
1210 952 1358 1026 ψυχὴ
1389 952 1568 1024 ἡμῶν,
1610 953 1704 1006 ἐπὶ
1748 948 1828 1021 τῷ
1854 951 1968 1003 Κυ-

381 1045 527 1115 ρῖῳο
562 1046 819 1101 ἐνέδυσεν
845 1046 957 1118 γάρ
1004 1064 1072 1117 με
1120 1046 1338 1118 ἱμάτιον
1392 1044 1689 1116 σωτηρίου,
1734 1044 1832 1097 καὶ
1881 1060 1969 1113 χι-

377 1137 528 1199 τῶνα
553 1138 896 1208 εὐφροσύνης
930 1138 1006 1201 ὡς
1029 1139 1248 1211 νυμφίῳ
1275 1138 1607 1211 περιέθηκέν
1634 1155 1723 1208 μοι
1749 1137 1968 1208 μίτραν,

348 1231 479 1291 ,καὶ
498 1230 575 1294 ὡς
599 1230 818 1302 νύμφην
839 1233 1254 1302 κατεκόσμησεν
1277 1233 1485 1302 κόσμῳ.
1514 1249 1535 1283 ›
1566 1225 1727 1285 Οὗτοι
1760 1230 1966 1302 ἐκλάμ-

376 1323 582 1395 ψουσιν
613 1324 672 1376 ἐν
719 1326 784 1395 τῇ
819 1323 1071 1397 βασιλείᾳ
1103 1324 1202 1378 ’τοῦ
1240 1325 1477 1395 Πατρδς,
1519 1325 1567 1377 εί
1605 1317 1833 1393 ’ἀληθῶς
1875 1323 1969 1376 καὶ

377 1418 483 1482 τὰς
516 1417 709 1482 λοιπὰς
747 1418 949 1489 ἀρετὰς
991 1420 1322 1491 κέκτηνται.
1369 1419 1468 1482 τὰς
1508 1416 1858 1489 ἁρμοζούσας
1902 1418 1969 1487 τῇ

382 1512 736 1585 σωφροσύνῃ.
770 1513 923 1566 Ἐκεῖ
960 1513 1147 1576 αὐτοῖς
1193 1512 1496 1582 ὀφθήσεται
1546 1512 1577 1582 ἡ
1626 1510 1761 1580 ζωὴ.
1803 1510 1896 1563 καὶ
1936 1511 1970 1580 ἢ

387 1603 672 1673 μακρότης
700 1603 811 1656 τῶν
854 1604 1100 1675 ἡμερῶν,
1133 1604 1167 1675 ἡ
1201 1603 1520 1673 γαληνιῶσα
1550 1602 1646 1654 καὶ
1672 1602 1970 1673 ἁτάραχος,

383 1695 443 1748 ἑν
519 1695 731 1765 ἀπέδρα
759 1694 946 1766 ὀδύνη,
978 1694 1164 1767 λύπη..
1184 1693 1283 1748 καὶ
1321 1693 1650 1765 στεναγμός.
1687 1693 1744 1746 'U
1768 1695 1973 1758 τέλειος

383 1786 620 1857 σώφρων
651 1787 989 1857 πανταχόθεν
1023 1787 1217 1840 ἑαυτὸν
1260 1785 1540 1854 φυλάττει.
1583 1785 1831 1843 Ἤκουσα
1861 1786 1971 1857 γὰρ

383 1881 514 1951 περί
546 1897 688 1943 τινος
725 1879 993 1951 βασιλέως
1034 1881 1144 1934 τῶν
1190 1878 1316 1947 ἔξω,
1349 1880 1430 1933 ὄτι
1470 1879 1727 1948 Ἐφεσίαν
1767 1880 1971 1950 ἱέρειαν

387 1972 514 2028 ἰδὼν
540 1972 814 2043 ὑπερϐολῇ
849 1973 1022 2043 καλὴν
1062 1976 1346 2042 φανεῖσαν,
1390 1969 1677 2037 ἀνέζευξεν
1715 1971 1876 2035 εὐθὺς
1910 1970 1972 2035 ἐξ

381 2064 641 2134 Ἐφέσου,
668 2064 833 2134 φοὸού
843 2083 1003 2136 μενος
1024 2068 1097 2135 μὴ
1136 2066 1288 2136 παρὰ
1315 2063 1542 2135 γνώμην
1565 2064 1852 2143 ἐκϐιασθῇ.
1878 2064 1972 2118 καὶ

385 2153 579 2228 πράξῃ
602 2169 654 2207 τι
688 2154 798 2208 τῶν
824 2156 1063 2208 ἀτόπων.
1089 2154 1199 2207 Kal
1226 2153 1412 2223 Κῦρος
1445 2153 1501 2206 δὲ
1526 2155 1554 2206 ὁ
1581 2153 1823 2225 Πέρσης,
1851 2153 1973 2209 οὐδὲ

389 2249 522 2303 ιόεῖν
575 2249 676 2317 τὴν
714 2248 955 2303 Σπανίαν
1005 2246 1354 2312 κατεδέξατο,
1406 2247 1724 2318 θαυμαστόν
1777 2264 1832 2300 τι
1878 2247 1975 2300 καὶ

383 2342 671 2409 ἀμήχανον
716 2339 913 2401 κάλλος
966 2322 1111 2410 ἔχεῶ
1158 2338 1641 2410 μαρτυρουμένην.
1685 2338 1749 2391 El
1793 2337 1975 2391 τοίνυν

386 2431 571 2483 καὶτὰ
600 2430 998 2501 προστάγματα
1020 2430 1240 2496 ἔξωθεν,
1264 2434 1357 2484 καὶ
1381 2431 1549 2502 χωρὶς
1579 2429 1673 2484 τοῦ
1703 2430 1975 2502 σωτηρίου

389 2519 642 2591 χρησμοῦ
679 2521 1051 2593 μαρτυροῦσιν
1083 2520 1280 2585 ταῦτα,
1312 2523 1478 2575 πόσον
1506 2512 1711 2591 μᾶλλον
1738 2522 1900 2592 ἡμεῖς
1925 2523 1974 2574 οῖ

392 2612 488 2667 τοῦ
521 2612 761 2685 Χριστοῦ
795 2614 1081 2682 φοιτηταίε
1109 2614 1434 2684 ’Λναγκαῖον
1465 2612 1560 2668 οὖν
1588 2614 1739 2668 ἐστιν
1767 2616 1975 2683 ἐγκρα-

389 2703 671 2770 τεύεσθαι,
705 2704 802 2759 καὶ
847 2707 1105 2777 κρατεῖν,
1139 2705 1201 2759 ού
1253 2705 1415 2777 μόνον
1451 2704 1671 2770 λαλιᾶς,
1702 2704 1838 2759 ἀλλὰ
1881 2707 1976 2760 καὶ

385 2798 657 2868 ὁράσεως.
706 2798 770 2852 Ἦ
815 2799 924 2871 γὰρ
953 2799 1187 2869 συνεχής
1227 2816 1288 2852 τε
1320 2798 1442 2863 θέα,
1471 2799 1596 2863 ὁδός
1629 2800 1776 2852 ἐστιν
1808 2802 1842 2870 ἠ
1883 2801 1979 2854 ἐπὶ

385 2889 489 2959 τὴν
529 2889 730 2962 πρᾶξιν
777 2891 1010 2959 ἄγουσα.
1046 2891 1111 2944 Εἰ
1139 2890 1198 2944 δὲ
1247 2892 1342 2945 καὶ
1382 2891 1463 2954 είς
1509 2890 1669 2963 ἔργον
1721 2890 1795 2962 μὴ
1836 2908 1983 2964 προ-

387 2980 593 3047 σαίνει,
617 2982 757 3047 τέως
788 2983 882 3037 τὸν
906 2983 1171 3054 λογισμὸν
1212 2982 1456 3054 μολύνει,
1498 2984 1593 3038 καὶ
1632 2983 1820 3055 μοιχὸν
1842 2984 1981 3037 ἀπο-

385 3074 538 3147 τελεῖ
568 3077 660 3129 τὸν
687 3077 904 3131 ἁλόντα.
944 3076 1041 3136 Τίς
1096 3075 1352 3130 τοσοῦτόν
1395 3077 1544 3130 ἐστιν
1589 3075 1881 3148 τολμηρὸς,
1919 3073 1980 3139 ὃς

386 3166 826 3261 τοῖς-ἀλλοτρίοκ
842 3166 1090 3261 συνεχῶς
1114 3166 1470 3220 κατοπτεύων
1495 3165 1776 3231 κάλλεσιν,
1804 3165 1976 3234 λέγει,
2006 3200 2050 3261 C

390 3256 535 3329 μηδὲ·
590 3256 653 3310 τὸ
710 3254 975 3327 παράπαν
1027 3254 1551 3327 παρασλάπτεσθαις
1603 3256 1666 3310 El
1715 3255 1772 3309 δὲ
1817 3254 1979 3309 τοῦτο

388 3347 676 3412 δύσκολον,
718 3346 825 3420 χρὴ
873 3347 1114 3417 μάλιστα
1168 3346 1396 3418 φεύγειν
1445 3347 1544 3410 τὰς
1597 3349 1841 3418 συνεχεῖς
1870 3346 1980 3400 τῶν

390 3440 675 3509 γυναικῶν
727 3439 1019 3505 ἐντεύξεις.
1069 3441 1132 3494 El
1178 3439 1234 3492 δὲ
1279 3439 1494 3511 ἀνάγκη
1556 3438 1810 3510 χαλινοῦν
1852 3438 1983 3502 τοὺς

388 3530 728 3600 ὀφθαλμοὺς.
757 3532 786 3584 ό
812 3531 1102 3601 ἄμεμπτος
1121 3530 1217 3584 καὶ
1247 3529 1479 3600 σώφρων
1505 3529 1628 3583 Ἰὼϐ
1652 3531 1763 3594 τοῖς
1786 3528 1980 3583 ἑαυτοῦ

390 3621 571 3689 φίλοις
599 3619 1002 3691 διαλεγόμενος,
1034 3620 1199 3691 φησίν
1226 3637 1241 3653 ο
1287 3639 1306 3671 ι
1344 3622 1408 3673 El
1449 3619 1506 3673 δὲ
1549 3619 1644 3674 καὶ
1683 3619 1985 3692 ἐπηκολού-

391 3712 561 3781 θησεν
590 3713 624 3783 ἡ
655 3713 854 3784 καρδία
905 3731 1010 3783 μου
1058 3713 1278 3783 γυναικὶ
1324 3712 1518 3783 ἀνδρὸς
1557 3712 1770 3783 ἑτέρου,
1809 3713 1859 3765 εἰ
1889 3712 1983 3765 καὶ

390 3804 694 3874 ὲγκάθετος
731 3805 1002 3876 ἐγενόμην
1036 3807 1130 3859 ἐπὶ
1177 3804 1367 3875 θύραις
1399 3805 1595 3875 αὐτῆς,
1641 3803 1836 3875 ἀρέσαι
1875 3803 1983 3874 ἄρα

390 3898 491 3952 καὶ
519 3898 554 3969 ὴ
577 3898 714 3969 γυνή
748 3915 851 3968 μου
867 3898 952 3951 έτὲ
962 3915 1059 3970 ρῳ.
1088 3897 1269 3968 Θυμδς
1289 3897 1591 3969 γὰρόργῆς
1613 3896 1986 3966 ἀκατάσχετος

390 3988 489 4042 τοῦ
524 3991 712 4059 μιᾶναι
744 3991 978 4058 γυναῖκα
1009 3989 1200 4062 ἀνδρός
1226 4006 1242 4021 ο
1270 3989 1381 4061 πῦρ
1408 3991 1518 4059 γάρ
1549 3990 1667 4042 ἐστ-ι
1694 3989 1986 4059 καιόμενον

393 4081 494 4134 ἰπὶ
527 4082 749 4135 πάντων
774 4080 884 4134 τῶν
933 4081 1114 4153 μερῶν
1142 4099 1157 4113 ’
1192 4074 1238 4150 ᾧ
1279 4081 1322 4135 δ’
1355 4081 1421 4135 ἂν
1467 4080 1691 4155 ἐπέλθῃ,
1721 4082 1787 4135 ἐκ
1821 4079 1986 4152 ῥιζῶν

394 4170 703 4227 ἀπώλεσεν.
739 4173 850 4227 Kal
879 4173 908 4226 ὁ
940 4174 1213 4249 μακάριος
1259 4173 1474 4237 Παῦλος
1505 4174 1839 4229 ἐπιστέλλων
1864 4193 1988 4229 νου-

396 4264 587 4316 θετεῖ*
621 4282 639 4314 ι
674 4263 985 4334 Παρακαλῶ
1040 4263 1136 4319 οὖν
1193 4265 1360 4334 ὑμᾶς.
1419 4266 1674 4335 ἀδελφοὶ,
1730 4266 1821 4320 διὰ
1880 4266 1988 4321 τῶν
2020 4280 2037 4283 “

397 4355 699 4427 οἰκτιρμῶν
732 4356 1021 4426 τοῦ-Θεοῦ,
1065 4357 1423 4428 παραστῆσαι
1458 4360 1525 4413 τὰ
1569 4358 1799 4431 σώματα
1831 4360 1988 4431 ὑμῶν

397 4446 591 4503 θυσίαν
616 4448 822 4515 ζῶσαν,
856 4450 1039 4518 ἁγίαν,
1074 4450 1372 4519 εὐάρεστον
1401 4450 1480 4521 τῷ
1505 4450 1645 4521 Θεῷ.
1680 4469 1700 4503 ι
1734 4452 1905 4521 Φησὶν
1931 4452 1988 4507 δὲ

2071 587 2338 661 hospitio,
2394 597 2564 662 utque
2610 590 2757 648 ﬁlius
2804 608 2940 649 suus
2985 591 3055 657 ad
3110 594 3280 648 vitam
3318 593 3665 664 postliminio

2069 691 2429 737 revocaretur
2460 682 2723 753 precibus
2751 685 3034 754 prophetae
3063 683 3132 739 ".
3165 683 3415 740 Similem
3446 684 3502 738 in
3540 699 3666 738 mo-

2070 775 2201 830 dum
2232 791 2463 848 magnus
2484 775 2786 848 Gregorius
2805 777 3177 833 Neocaesarea:
3197 775 3496 847 episcopus
3523 770 3664 846 gené

2069 868 2196 924 tiles
2227 867 2435 939 alioqui
2463 876 2725 939 parentes
2744 884 2872 924 cum
2904 868 3155 933 haberet,
3188 868 3307 939 ipse
3327 867 3494 924 etiam
3525 866 3659 922 dum

2065 959 2310 1031 gentilis,
2344 959 2414 1015 ab
2453 958 2576 1030 ipso
2598 961 2778 1015 aetatis
2819 941 2976 1023 ﬂore,
3009 958 3361 1014 intemeratae
3389 955 3661 1011 castitatis

2069 1051 2340 1122 pudorem
2389 1052 2689 1107 custodivit
2719 1069 2733 1106 :
2766 1053 2926 1123 cujus
2973 1051 3151 1123 gratia
3200 1050 3401 1121 dignus
3433 1048 3661 1102 habitus

2069 1152 2157 1200 est
2203 1141 2299 1215 qui
2344 1144 2590 1200 doctrice
2634 1144 2808 1200 Matre
2854 1142 3074 1199 Domini
3120 1150 3287 1212 atque
3318 1139 3662 1211 evangelista

2069 1237 2281 1294 Joanne
2334 1237 2659 1310 mysterium
2707 1236 3059 1292 condisceret
3095 1234 3243 1296 ﬁdei,
3272 1233 3521 1302 denique
3566 1231 3661 1286 hic

2071 1329 2193 1385 orbi
2232 1329 2493 1384 inclaruit
2514 1329 2849 1405 mirabilium
2880 1326 3065 1397 opifex
3090 1341 3345 1395 operum.
3368 1324 3662 1378 Amatores

2071 1422 2351 1492 siquidem
2427 1420 2713 1491 pudicitiae
2758 1427 2813 1473 et
2857 1416 3231 1489 integritatis,
3279 1429 3390 1469 non
3444 1412 3501 1468 in
3554 1411 3662 1466 hac

2073 1513 2238 1569 modo
2264 1513 2379 1568 vita
2422 1512 2641 1567 laudem
2676 1511 2948 1573 referunt,
2974 1508 3069 1564 sed
3104 1517 3161 1563 et
3191 1521 3454 1563 coronam
3489 1503 3661 1559 deco-

2073 1607 2151 1660 ris
2179 1613 2235 1660 et
2267 1604 2493 1675 pallium
2522 1601 2795 1659 castitatis
2825 1599 3191 1671 reportabant
3233 1598 3302 1653 de
3339 1612 3504 1653 manu
3548 1595 3660 1651 Do-

2074 1694 2243 1761 mini;
2291 1706 2593 1763 secumque
2638 1691 2827 1747 dicent
2871 1710 2883 1746 :
2942 1710 2962 1743 ι
3013 1678 3239 1745 Exsulta
3274 1704 3443 1753 nunc,
3476 1687 3661 1743 anima

2078 1802 2220 1851 mea,
2257 1787 2314 1841 in
2344 1785 2581 1840 Domino
2609 1802 2622 1839 :
2652 1784 2831 1839 induit
2854 1784 3115 1839 enim'me
3142 1781 3308 1853 pallio
3335 1780 3583 1845 salutari,
3604 1790 3663 1836 et

2075 1866 2644 1943 indumentolaatitiae,
2674 1875 2831 1947 quasi
2857 1878 3060 1946 spenso
3090 1873 3495 1948 circumposuit
3524 1871 3661 1927 mihi

2074 1971 2319 2032 mitram,
2344 1977 2401 2026 et
2419 1969 2578 2040 quasi
2600 1984 2857 2040 sponsam
2880 1968 3173 2023 adornavit
3197 1983 3281 2023 me
3306 1965 3516 2021 mundo
3536 1965 3605 2019 ⁸⁷.
3635 1984 3656 2017 ι

2075 2063 2142 2119 Hi
2189 2062 2479 2133 fulgebunt
2523 2062 2580 2117 in
2611 2078 2790 2133 regno.
2814 2062 3017 2127 Patris,
3064 2060 3111 2116 si
3145 2052 3321 2115 modo~
3344 2058 3480 2113 nihil
3537 2057 3664 2112 ﬁcte

2077 2156 2320 2227 reliquas
2353 2155 2459 2210 sibi
2493 2154 2846 2210 oonciliarint
2882 2154 3144 2215 virtutes.
3196 2152 3402 2222 quibus
3435 2151 3667 2222 pulchre

2076 2248 2373 2305 conveniat
2406 2262 2531 2303 cum
2567 2264 2676 2302 una
2727 2246 2831 2303 hac
2857 2244 3304 2301 castitateclllic
3339 2243 3463 2298 istis
3502 2241 3663 2297 vide-

2077 2340 2230 2396 bitur
2264 2340 2375 2397 vita
2404 2349 2462 2396 et
2485 2340 2878 2411 longiturnitas
2917 2338 3134 2393 dierum
3184 2336 3480 2408 tranquilla
3505 2350 3668 2406 pror-

2077 2449 2173 2489 sus
2197 2441 2257 2488 et-
2279 2432 2349 2488 ab
2385 2434 2537 2490 omni
2564 2432 2821 2489 submota
2853 2431 3123 2502 temperie
3155 2449 3169 2485 :
3202 2429 3272 2485 ab
3301 2444 3369 2485 eo
3399 2429 3548 2485 enim
3578 2443 3669 2483 re-

2076 2540 2186 2597 gno
2210 2526 2402 2596 procul
2436 2525 2577 2597 fugit
2612 2524 2804 2592 dolor;
2837 2540 3044 2581 mceror
3072 2540 3139 2581 ac
3193 2525 3432 2596 gemitus
3458 2520 3668 2592 longis-

2077 2619 2216 2676 sime
2260 2619 2512 2691 sejuncta
2544 2628 2695 2675 sunt.
2729 2618 2980 2674 Perfecte
3005 2628 3193 2674 castus
3221 2615 3373 2672 omni
3401 2630 3469 2673 ex
3510 2620 3668 2685 parte

2078 2711 2469 2769 communitae
2497 2710 2743 2768 custodit
2762 2725 2841 2765 se.
2866 2710 3066 2765 Audivi
3095 2709 3244 2765 enim
3271 2708 3340 2763 de
3368 2716 3497 2778 rege
3526 2720 3670 2777 quo-

2078 2806 2227 2885 piam
2262 2820 2293 2859 a
2329 2803 2437 2858 ﬁde
2467 2802 2650 2858 alieno
2678 2820 2693 2855 :
2731 2801 2782 2858 ls
2824 2801 3031 2872 Ephesi
3064 2815 3192 2856 cum
3227 2795 3464 2854 vidisset
3494 2795 3669 2852 sacri-

2082 2891 2302 2945 ﬁculam
2331 2889 2627 2960 quamdam
2656 2889 2858 2945 decore
2886 2888 3201 2943 admirabili
3234 2887 3667 2958 pmcellentem,

2079 2998 2149 3038 ex
2176 2981 2396 3052 Epheso
2440 2996 2561 3037 eam
2607 2980 2902 3036 confestim
2935 2981 3145 3044 emiSit,
3180 2981 3395 3035 veritus
3441 2993 3510 3034 ne
3544 2977 3672 3049 quis

2081 3075 2232 3131 illam
2280 3075 2526 3142 violenta
2578 3073 2944 3145 impressione
2983 3072 3380 3145 subigeret,'et
3417 3069 3669 3126 indecorl

2084 3166 2141 3221 in
2193 3167 2343 3221 illam
2400 3165 2686 3237 quidpiam
2742 3166 3155 3222 admitteretur.
3211 3164 3388 3237 Cyrus
3436 3162 3674 3235 proinde

2083 3244 2381 3315 Persarum
2428 3274 2523 3313 rex
2569 3258 3014 3330 tympanistriam
3046 3257 3183 3328 (cui,
3227 3257 3474 3313 omnium
3511 3256 3671 3312 testi-

2082 3353 2293 3418 monio,
2343 3349 2690 3407 admirabilis
2733 3358 2790 3406 et
2839 3366 3006 3421 supra
3052 3365 3229 3421 quam
3264 3350 3415 3404 credi
3458 3357 3671 3420 posset,

2084 3444 2438 3501 tribuebatur
2475 3444 2750 3516 elegantia
2797 3444 3069 3516 corporis)
3106 3458 3177 3499 ne
3218 3442 3409 3499 videre
3443 3442 3672 3513 quidem

2084 3538 2372 3595 sustinuit.
2405 3536 2565 3605 Quod
2600 3537 2648 3592 si
2695 3537 2824 3592 talia
2859 3551 2961 3592 suo
2994 3544 3314 3591 asseverant
3349 3532 3672 3590 testimonio

2086 3648 2116 3686 a
2148 3630 2256 3686 fide
2283 3630 2509 3695 exotici,
2553 3637 2609 3684 et
2654 3645 2685 3683 a
2721 3628 2951 3683 salutari
2999 3627 3263 3682 unctione
3314 3625 3502 3689 alieni,
3537 3623 3672 3695 quid

2085 3738 2189 3779 nos
2216 3737 2327 3777 non
2360 3721 2656 3777 conveniat
2675 3736 2790 3793 prae
2815 3720 2927 3776 illis
2948 3728 3101 3774 tanto
3120 3717 3359 3784 efﬁcere,
3387 3719 3481 3788 qui
3507 3716 3675 3773 Citri-

2085 3815 2157 3872 sti
2192 3829 2260 3869 ex
2295 3813 2544 3884 professo
2624 3811 2882 3882 discipuli
2940 3810 3169 3867 sumus?
3214 3810 3453 3866 Necesse
3504 3808 3675 3878 igitur

2087 3908 2180 3971 sit,
2209 3915 2585 3977 temperemus
2620 3903 2783 3959 nobis
2823 3918 2936 3958 non
2982 3918 3014 3958 a
3064 3902 3437 3958 collocatione
3483 3900 3671 3961 modo.

2089 4000 2183 4057 sed
2220 4009 2276 4055 et
2308 3998 2379 4053 ab
2408 4006 2661 4068 aspectu,
2699 3996 2793 4066 qui
2826 3994 3051 4065 quidem
3085 3994 3174 4048 via
3207 4002 3293 4048 est
3318 4002 3466 4047 recta
3498 3991 3673 4046 dedit-

2089 4104 2223 4145 cens
2252 4087 2320 4142 ad
2350 4086 2733 4157 operationem
2764 4084 2974 4157 ﬂagitii.
3010 4085 3165 4148 Esto,
3208 4083 3278 4138 ad
3322 4098 3465 4153 opus
3496 4096 3673 4152 usque

2088 4175 2201 4233 non
2232 4175 2638 4247 progrediatur,
2669 4175 3042 4244 aliqnousque
3091 4181 3272 4227 tamen
3303 4170 3546 4227 defmdat
3577 4186 3672 4225 co-

2090 4270 2411 4342 gitationem
2434 4284 2505 4323 ac
2522 4268 2802 4324 mcechum
2821 4266 3174 4324 eilicit.talem
3197 4265 3500 4335 captivum.
3517 4264 3674 4329 Quis.

2095 4374 2303 4430 quaeso,
2346 4373 2594 4428 eousque
2621 4355 2950 4413 temeritatis
2972 4362 3269 4427 provectus
3293 4363 3399 4416 cst,
3425 4352 3519 4423 qui
3547 4367 3676 4407 cum

2092 4452 2149 4506 in
2183 4450 2419 4507 alienam
2458 4447 2931 4521 pulchritudinem
2965 4447 3320 4502 continenter
3345 4453 3404 4500 et
3432 4443 3679 4514 pressius

397 4537 567 4610 Τίτῳ⁸
596 4559 615 4591 ί
638 4539 1054 4612 Πρεσϐυτέρους
1078 4543 1384 4613 νηφαλέους
1413 4538 1572 4603 εἶναι,
1598 4545 1853 4614 σεμνοὺς,
1878 4543 1983 4597 σώ-

2095 4542 2297 4614 deﬁgat
2320 4542 2533 4607 oculos,
2570 4542 2758 4597 dicere
2802 4540 2949 4595 ausit
2980 4540 3131 4594 nulla
3166 4538 3297 4592 hinc
3331 4552 3389 4592 se
3420 4552 3488 4592 ex
3521 4545 3679 4606 parte

400 4649 641 4704 φρονας·
678 4633 1044 4704 πρεσϐύτιδας
1095 4635 1379 4700 ὡσαύτως,
1424 4637 1794 4709 ἱεροπρεπεῖς,
1826 4637 1991 4691 καλω-

397 4724 778 4790 διδασκὰλους,
811 4726 900 4780 ῖνα
930 4727 1342 4798 σωφρονίζωσιν
1382 4729 1478 4794 τὰς
1506 4730 1636 4792 νέας
1670 4729 1996 4801 φιλάνδρους

400 4812 562 4880 εἶναι,
594 4816 966 4886 φιλοτέκνους,
1021 4816 1330 4888 σώφρονας,
1379 4820 1571 4889 ἁγνάς.
1614 4839 1631 4872 ι
1664 4821 1777 4875 Kal
1814 4820 1993 4887 αὖθις,

407 4926 426 4959 ι
463 4909 581 4963 Ἵνα
612 4908 986 4980 ἀρνησάμενοι
1016 4911 1118 4981 τὴν
1146 4910 1429 4973 ἀσέϐειαν,
1458 4913 1553 4966 καὶ
1584 4912 1683 4977 τὰς
1714 4898 2025 4984 κοσμικὰς.

403 5002 726 5073 ἐπιθυμίας,
774 4999 1094 5075 σωφρόνως,
1142 5004 1549 5077 καὶδικαίωςρ,
1601 5007 1695 5061 καὶ
1749 5007 1995 5074 εὐσεϐῶς

404 5095 661 5165 ζήσωμεν
690 5096 747 5148 ὲν
776 5095 853 5166 τῷ
893 5095 988 5149 νῦν
1019 5095 1196 5151 αἰῶνι.
1235 5116 1254 5147 ι
1306 5099 1418 5152 Kal
1449 5099 1699 5170 Τιμοθέῳ
1722 5115 1735 5128 ·
1766 5100 1996 5172 «Χήρας

404 5189 560 5257 τίμα,
591 5188 691 5251 τὰς
720 5187 890 5252 ὅντως
919 5191 1119 5260 χήρας.
1150 5209 1169 5242 ι
1200 5191 1312 5245 Kal
1337 5191 1558 5259 ἐπάγει·
1590 5209 1609 5242 ι
1657 5191 1721 5245 Ἡ
1743 5190 1798 5244 δὲ
1826 5190 1996 5256 ὅντως

405 5283 575 5353 χήρα,
612 5282 706 5335 καὶ
750 5282 1138 5355 μεμονωμένη,
1175 5282 1407 5355 ἧλπισεν
1441 5284 1536 5338 ἐπὶ
1577 5283 1673 5336 τὸν
1712 5283 1868 5351 Θεὸν,
1900 5283 1998 5338 καὶ

406 5373 850 5445 προσμέιιειταίς
877 5374 1096 5445 δεήσεσι
1121 5379 1217 5429 καὶ
1262 5377 1385 5439 ταῖς
1429 5377 1763 5446 προσευχαῖς
1801 5374 1995 5441 νυκτὸς

407 5461 505 5516 καὶ
532 5461 746 5532 ἡμέρας
770 5478 787 5494 ο
830 5481 847 5514 ι
884 5461 1069 5529 καθὼς
1101 5465 1198 5518 καὶ
1231 5465 1262 5534 ὴ
1293 5463 1413 5518 ὁσία
1451 5465 1643 5529 Ἄννα,
1683 5466 1717 5536 ή
1747 5464 1996 5537 θυγάτηρ

405 5554 674 5625 Φανουὴλ,
704 5552 919 5627 ζήσασα
963 5557 1102 5628 μετὰ
1134 5555 1232 5611 τοῦ
1270 5555 1465 5629 ἀνδρὸς
1495 5555 1668 5627 αὐτῆς
1703 5555 1998 5627 σωφρόνως

409 5646 506 5717 ιτη
578 5646 720 5700 ἑπτὰ
775 5647 885 5702 ἀπὸ
962 5649 1063 5720 τῆς
1136 5648 1438 5722 παρθενίας
1493 5649 1699 5718 αὐτῆς,
1750 5648 1894 5703 κατὰ
1936 5649 1997 5702 τὸ

2094 4635 2259 4693 laedi?
2300 4633 2418 4690 Hoc
2466 4648 2732 4704 perquam
2778 4631 3004 4687 diﬁicile
3052 4631 3145 4686 sit".
3190 4629 3423 4684 Maxime
3451 4629 3677 4699 quidem

2096 4728 2368 4791 omnium,
2389 4725 2603 4781 vitandi
2625 4731 2755 4780 sunt
2778 4722 3074 4779 mulierum
3096 4735 3426 4793 congressus
3445 4719 3679 4776 assidui.

2096 4819 2254 4889 Quod
2285 4818 2331 4874 si
2362 4831 2591 4874 necesse
2613 4816 2805 4881 fuerit,
2831 4816 2981 4872 oculi
3008 4828 3231 4884 quoque
3254 4812 3596 4882 dispalantes
3618 4825 3684 4865 ac

2097 4910 2243 4982 vagi,
2288 4910 2446 4965 velut
2489 4908 2692 4980 injecto
2737 4906 2895 4962 freno
2938 4903 3233 4960 coercendi
3273 4910 3424 4957 sunt.
3454 4900 3571 4956 lloc
3621 4914 3683 4956 so

2092 5003 2293 5058 feciSSe
2321 4999 2427 5057 Job
2457 4996 2964 5069 irreprehensibilis
2994 5005 3053 5051 et
3080 4994 3337 5066 pudicus,
3373 5007 3500 5049 cum
3541 4992 3685 5047 ami-

2096 5095 2179 5149 cis
2201 5093 2319 5148 suis
2349 5091 2633 5148 disserens
2664 5089 2744 5145 ait
2771 5106 2786 5144 :
2824 5107 2842 5141 ι
2874 5088 2930 5145 Si
2956 5097 3209 5143 secutum
3243 5092 3330 5142 est
3359 5099 3458 5140 cor
3493 5098 3681 5140 meum

2101 5183 2389 5238 mulierem
2413 5181 2518 5236 viri
2543 5180 2797 5249 alterius,
2820 5187 2878 5236 et
2897 5179 2942 5236 si
2971 5177 3264 5234 insidiator
3287 5175 3363 5231 fui
3388 5174 3455 5231 ad
3480 5175 3687 5248 ianuas

2094 5276 2238 5345 eius,
2269 5274 2487 5344 placeat
2529 5274 2725 5345 utique
2764 5288 2908 5328 uxor
2951 5285 3074 5326 mea
3106 5268 3303 5336 alteri;
3345 5267 3507 5323 furor
3529 5267 3683 5323 enim

2100 5369 2198 5423 irte
2244 5366 2636 5423 irretentibilis
2683 5374 2770 5422 est
2824 5363 3204 5423 contaminare
3249 5375 3479 5417 uxorem
3536 5358 3683 5426 viri;

2103 5459 2245 5529 ignis
2276 5459 2427 5516 enim
2472 5467 2560 5515 est
2590 5473 2787 5516 omnes
2824 5471 3159 5515 consumens
3204 5462 3393 5526 partes
3433 5469 3449 5507 :
3489 5466 3685 5523 quem-

2096 5568 2324 5624 cunque
2351 5551 2655 5619 adorietur,
2685 5551 2755 5607 ab
2789 5548 2981 5606 radice
3010 5549 3129 5619 ipsa
3163 5547 3316 5601 hunc
3338 5541 3537 5616 perdet
3559 5539 3627 5594 “.
3657 5558 3676 5593 ι

2105 5648 2307 5703 Beatus
2342 5648 2569 5719 insuper
2601 5645 2804 5702 Paulus
2836 5658 2939 5714 per
2967 5640 3269 5713 Epistulam
3306 5634 3570 5694 admonet
3602 5630 3687 5690 dl-

484 5831 796 5903 “IllReg.
829 5848 957 5900 xv",
990 5830 1081 5886 εδ.
1157 5833 1201 5865 ιτ
1240 5831 1342 5887 ua.
1375 5840 1481 5896 ιιι,
1514 5829 1607 5891 to.
1664 5810 1721 5866 για
1759 5831 1862 5891 Job
1893 5849 2036 5901 un,
2069 5832 2229 5888 9-12.
