4016 6484
305 403 442 471 1497

1261 417 1595 481 HOMILIA
1632 417 1793 481 ΧΧῘ.
1827 445 1898 455 -·
1930 418 2029 481 DE
2067 415 2599 480 VIRGINITATE.

3440 411 3578 477 1398

293 515 582 580 ἐξανύεται
619 519 778 572 παντὶ
821 519 900 590 τῷ
933 521 1282 597 βουλομένῳ’
1332 530 1554 600 τοιαύτη
1591 532 1690 598 τῆς
1734 547 1881 602 παρ-

1996 527 2226 598 spiciant
2259 537 2376 582 toto
2411 537 2688 581 terrarum
2728 525 2868 580 urbe
2907 539 3034 580 eam
3073 539 3244 580 suave
3274 525 3584 596 fragrantes

293 607 477 669 θενίας
510 609 542 678 ἡ
573 611 764 682 ἀρετή.
809 614 949 667 Ἀλλ’
975 617 1053 668 ὅτι
1094 617 1195 686 μὲν
1229 618 1374 688 μέγα
1417 621 1479 673 τὸ
1525 620 1881 691 κατόρθωμα,

295 701 392 752 καὶ
428 701 649 768 μείζονα
679 703 747 756 τὰ
780 706 837 758 ὲν
885 707 1244 774 ἐπαγγελίαις
1289 707 1652 781 ἀποκείμενα
1681 713 1882 782 ἀγαθά,

291 795 410 856 τοῖς
442 793 703 859 ἀγαπῶσι
749 797 842 850 τὸν
873 798 1007 852 Θεὸν
1047 801 1215 854 πᾶσιν
1247 803 1539 872 πρόδηλον.
1573 807 1886 875 Ἀμήχανον

291 885 357 940 δὲ
379 889 550 956 χωρὶς
578 891 802 962 ἀγάπης
839 893 974 946 Θεοῦ
1001 897 1094 947 καὶ
1120 898 1653 967 ταπεινοφροσύνης,
1685 899 1886 967 φθάσαι

292 977 422 1030 τινὰ
455 980 535 1040 εἰς
562 979 624 1030 τὸ
651 979 786 1049 ὕψος
819 983 919 1051 τῆς
949 985 1208 1056 τοιαύτης
1247 987 1468 1056 ἀρετῆς.
1507 989 1581 1052 ὡς
1619 993 1890 1061 μαρτυρεῖ

295 1070 436 1140 αὐτὴ
460 1073 493 1140 ἠ
518 1073 883 1144 πανάμωμος,
916 1077 1012 1128 καὶ
1043 1078 1413 1146 πανύμνητος,
1449 1081 1542 1134 καὶ
1570 1082 1889 1148 πανένὸοξος

294 1157 560 1224 Θέοτόκος
591 1162 794 1233 ᾅδουσα
823 1184 834 1196 ι
867 1183 886 1216 ι
923 1165 1234 1235 Μεγαλύνει
1261 1172 1294 1240 ἡ
1335 1169 1478 1242 ψυχή
1513 1191 1613 1241 μου
1640 1173 1730 1226 τὸν
1775 1175 1890 1228 Κύ-

297 1267 442 1320 ριον,
480 1253 578 1304 καὶ
609 1253 908 1320 ἡγαλλίασε
937 1257 998 1308 τὸ
1029 1258 1249 1328 πνεῦμά
1283 1278 1388 1328 μου
1430 1263 1524 1314 ἐπὶ
1565 1263 1641 1332 τῷ
1668 1262 1787 1334 Θεῷ
1815 1264 1920 1334 τῷ·

295 1344 518 1414 Σωτῆρί
566 1363 668 1414 μου
690 1361 707 1376 ⁸
748 1365 770 1400 ι
803 1347 900 1418 τὴν
930 1349 1080 1404 θείαν
1121 1353 1348 1422 ἀγάπην
1394 1355 1756 1424 ἐμφαίνουσα.
1785 1359 1894 1410 Καὶ

294 1434 504 1499 εὐθέως
531 1451 545 1464 ·
590 1437 754 1491 σ”Οτι
806 1440 1110 1510 ἐπέϐλεψεν
1147 1445 1242 1497 ἐπὶ
1272 1446 1372 1514 τὴν
1425 1447 1757 1501 ταπείνωσιν
1795 1450 1918 1517 τῆς·

289 1529 493 1600 δούλης
523 1531 713 1586 αὑτοῦ.
749 1552 767 1583 ι
796 1536 908 1587 Καὶ
939 1535 1095 1600 αὖθις
1116 1554 1130 1567 ·
1156 1557 1174 1589 ι
1201 1537 1468 1592 Καθεῖλεν
1489 1540 1760 1604 δυνάστας
1788 1542 1896 1594 άπὸ

293 1610 530 1688 θρόνων,
564 1623 659 1675 καὶ
703 1623 919 1693 ὕψωσεν
945 1628 1259 1692 ταπεινοὺς,
1297 1647 1316 1680 ι
1365 1629 1461 1682 καὶ
1493 1630 1562 1682 τὰ
1602 1630 1748 1698 ἑξῆς.
1786 1632 1895 1684 Καὶ

291 1713 440 1786 προς
467 1714 559 1768 τὸν
584 1715 826 1787 Γαϐριὴλ
858 1718 1126 1788 πρότερον
1145 1735 1162 1752 σ
1192 1737 1210 1770 ι
1235 1719 1366 1774 Ἰδοὺ
1401 1722 1433 1792 ἡ
1465 1721 1628 1793 δούλη
1665 1724 1894 1792 Κυρίου,

293 1807 517 1872 γένοιτό
551 1824 642 1871 μοι
675 1809 818 1862 κατὰ
846 1810 909 1862 τὸ
941 1811 1093 1880 ῥῆμά
1126 1829 1242 1866 σου.
1277 1829 1296 1862 ι

1985 630 2042 675 et
2073 635 2424 691 pet-amamus
2471 617 2636 673 ﬂores
2664 631 2914 683 exerere,
2961 632 3028 671 ac
3060 633 3160 686 per
3191 633 3412 672 onmem
3447 627 3584 672 aeta-

1989 723 2100 768 tem
2137 713 2367 782 pulchre
2399 711 2513 780 regi
2544 719 2600 764 et
2632 709 2814 764 oﬂicio
2842 709 3018 778 fungi.
3055 709 3145 763 isti
3187 725 3288 778 per
3318 707 3584 762 invidiam

1987 806 2308 874 eliquantur
2343 805 2547 858 misere
2588 813 2644 858 et
2673 803 3270 871 contabeseunt,juxta
3297 801 3586 869 Propheta:

1989 899 2323 952 sententiam
2354 915 2369 950 :
2409 917 2427 948 ι
2469 898 2735 951 Peccator
2765 896 2979 950 videbit
3017 903 3075 948 et
3119 895 3412 952 irascetur.
3445 893 3586 946 den-

1991 990 2140 1044 tibus
2173 991 2288 1044 suis
2327 989 2527 1044 fremet
2561 999 2617 1044 et
2653 990 2900 1044 tabescet
2929 990 2996 1042 ".
3032 1008 3051 1040 ι
3080 987 3160 1041 Ex
3190 1002 3302 1055 quo
3339 995 3586 1055 tempore

1993 1082 2261 1136 Dominus
2294 1091 2488 1136 noster
2511 1082 2674 1136 .lesus
2713 1080 2970 1135 Christus
3007 1080 3100 1133 Dei
3141 1078 3312 1132 Filius
3347 1093 3446 1130 sua
3493 1091 3586 1130 so-

1991 1173 2098 1227 lius
2135 1189 2258 1242 erga
2294 1189 2394 1227 nos
2422 1173 2762 1242 benignitate
2793 1187 2862 1226 ex
2901 1180 3062 1225 utero
3093 1169 3270 1223 voluit
3299 1177 3506 1222 sanctae
3531 1172 3589 1221 et

1994 1266 2335 1320 intemeratae
2365 1264 2614 1334 Deiparae
2641 1280 2862 1334 semper
2891 1262 3126 1334 virginis
3156 1261 3360 1323 Μαι-ξιξ,
3388 1275 3490 1314 ειιο
3517 1259 3588 1314 ad

1993 1374 2096 1414 nos
2143 1358 2384 1413 adventu
2421 1358 2791 1412 inclarescere
2843 1357 3075 1418 mundo,
3122 1355 3400 1422 simulque
3439 1353 3588 1408 vires

1995 1453 2268 1520 suggessit
2299 1451 2503 1520 quibus
2548 1450 2902 1504 obluctemur
2940 1448 3160 1501 diabolo
3190 1467 3203 1499 :
3235 1446 3392 1501 facile
3426 1445 3588 1499 deiu-

1997 1558 2126 1612 ceps
2159 1543 2231 1596 sit
2259 1545 2522 1598 virtutem
2555 1541 2826 1612 perﬁcere
2854 1541 3208 1612 virginitatis,
3249 1539 3414 1594 modo
3444 1539 3490 1592 is
3520 1553 3587 1592 ex

1996 1635 2181 1687 animo
2230 1635 2384 1694 velit,
2435 1643 2494 1688 ut
2537 1635 2712 1688 ardua
2761 1634 2834 1688 sit
2883 1633 3094 1688 functio
3129 1633 3356 1686 virtutis
3390 1631 3550 1686 istius

1999 1726 2092 1779 sed
2139 1736 2193 1780 et
2223 1743 2344 1796 qua:
2389 1727 2552 1781 bonis
2601 1736 2716 1781 toto
2765 1737 2990 1796 pectore
3021 1727 3193 1780 Deum
3230 1723 3588 1792 diligentibus

2000 1835 2098 1888 per
2133 1820 2625 1888 repromissionem
2664 1821 2902 1889 reposita
2927 1827 3082 1884 sunt,
3115 1819 3252 1872 nulli
3284 1817 3584 1869 obscurum

290 1899 460 1971 longe
495 1915 618 1956 esse
669 1906 1075 1972 praestantiora.
1125 1905 1274 1959 Nulli
1311 1916 1490 1961 tamen
1521 1908 1787 1976 possibile
1859 1911 1926 1964 ad
1971 1921 2136 1968 tautze
2177 1913 2402 1968 virtutis
2473 1916 2789 1983 pertingere
2839 1914 3140 1984 fastigium,
3185 1913 3288 1966 nisi
3331 1909 3588 1980 pra‘sidir)

285 1995 522 2059 juvetur
563 2004 620 2051 et
655 2013 784 2067 erga
856 1999 1032 2052 Deum
1079 1999 1401 2064 cbaritatis,
1473 2012 1530 2057 et
1578 2003 1747 2056 animi
1787 2005 1856 2058 de
1902 2020 1960 2059 se
1999 2021 2163 2074 quam
2215 2007 2620 2061 modestissime
2672 2006 2996 2065 sentientis.
3037 2003 3190 2068 juxta
3217 2003 3586 2058 testimonium

289 2086 551 2154 Deiparaa
595 2090 745 2142 omni
783 2089 1008 2143 laudum
1056 2106 1262 2160 genere
1308 2093 1708 2159 celeberrima»,
1754 2095 1892 2149 nulli
1935 2097 2188 2152 obnoxiae
2218 2099 2374 2160 vitio.
2437 2099 2535 2153 sed
2599 2099 2772 2170 gloria
2797 2097 2946 2152 omni
2971 2098 3326 2168 dignissimae,
3357 2095 3410 2149 in
3438 2095 3588 2149 bunc

290 2180 521 2232 modum
553 2183 926 2238 emodulantis
957 2201 971 2237 :
1011 2203 1031 2237 ι
1069 2185 1380 2255 Magniﬁcat
1439 2189 1620 2244 anima
1664 2204 1784 2244 mea
1846 2190 2162 2256 Dominum,
2191 2201 2246 2247 et
2280 2193 2578 2248 exsultavit
2645 2193 2878 2264 spiritus
2914 2209 3070 2248 meus
3100 2193 3156 2246 in
3216 2191 3327 2246 Deo
3359 2191 3583 2244 salutari

293 2287 424 2326 meo
456 2271 536 2339 ⁶⁷;
577 2293 596 2324 ι
630 2290 756 2328 cum
813 2277 959 2330 enim
1012 2293 1112 2348 per
1159 2278 1304 2332 hanc
1357 2279 1674 2334 subiudicct
1727 2296 1881 2334 suam
1923 2296 2051 2352 erga
2108 2284 2283 2337 Deum
2349 2285 2701 2342 cbaritatem.
2730 2301 2857 2338 mox
2888 2283 3088 2338 addit:
3122 2303 3138 2334 ι
3171 2284 3310 2350 Quia
3342 2283 3588 2352 respexit

290 2369 668 2426 humilitatem
713 2375 928 2429 ancilla:
969 2390 1081 2430 sua:
1117 2373 1184 2430 ⁸⁸.
1221 2393 1238 2426 ι
1306 2375 1564 2430 Rursus:
1635 2395 1653 2427 ι
1687 2377 1952 2445 Deposuit
1991 2387 2248 2446 potentes
2282 2379 2350 2432 de
2376 2381 2528 2441 sede.
2561 2390 2617 2435 et
2655 2380 2922 2435 exaltavit
2953 2381 3195 2435 humiles
3225 2383 3293 2445 θ’,
3330 2400 3347 2430 ι
3379 2390 3433 2435 et
3464 2395 3586 2449 qua:

294 2463 492 2518 ordine
522 2474 852 2534 sequuntur.
891 2465 998 2520 Sed
1033 2476 1087 2522 et
1133 2467 1414 2537 aliquanto
1445 2468 1598 2539 prius
1629 2467 1870 2523 Gabrieli
1911 2471 2276 2540 responderat
2310 2491 2322 2526 :
2358 2492 2376 2522 ι
2422 2473 2563 2527 Ecce
2603 2473 2804 2527 ancilla
2869 2473 3106 2536 Domini,
3169 2472 3264 2526 flat
3309 2473 3446 2527 mihi
3493 2487 3584 2528 se-

301 2559 547 2612 cundum
581 2559 812 2612 verbum
849 2569 1003 2614 tuum
1037 2561 1106 2614 7°.
1145 2579 1163 2612 ι

351 2648 566 2718 ’Σαυῶς
593 2647 688 2706 οῦν
719 2651 1046 2708 διάτούτων
1075 2652 1476 2716 ἀποδέδεικται,
1509 2653 1590 2706 ὅτι
1620 2653 1678 2716 ἐξ
1709 2653 1885 2721 ἄκρας
1925 2661 1967 2714 Β

297 2745 692 2809 ταπεινώσεως
722 2748 816 2798 καὶ
851 2747 950 2816 τῆς
993 2747 1132 2816 πρὸς
1182 2746 1317 2798 Θεὸν
1343 2745 1614 2812 ’ἀγάπης,
1659 2745 1752 2797 τὸν
1800 2747 1896 2814 τῆς

293 2837 608 2908 παρθενίας
643 2836 878 2905 ἄμωμον
927 2836 1133 2906 χιτῶνα
1180 2837 1350 2907 ἑαυτῇ
1395 2837 1428 2906 ἠ
1480 2836 1894 2906 κεχαριτωμένη

293 2928 586 2996 ὲξύφανεν.
617 2927 762 2980 Ἀλλ’
797 2929 878 2980 ὅτι
921 2929 1019 2996 μὲν
1071 2927 1280 2998 μεγάλη
1313 2929 1346 2998 ἡ
1400 2927 1570 2998 ἀρετὴ
1616 2929 1715 2997 τῆς
1751 2943 1896 2996 παρ-

295 3019 502 3082 θενίας.
547 3019 954 3072 ἀποδέδεικται.
988 3018 1111 3090 Χρὴ
1152 3019 1208 3070 δὲ
1250 3019 1342 3070 τδν
1378 3019 1454 3081 είς
1483 3017 1641 3070 τοῦτο
1669 3017 1730 3070 τδ
1766 3017 1894 3070 στά-

293 3109 413 3164 διον
447 3109 818 3178 ἀποδυᾶμενον
861 3109 1111 3179 νομίμως
1145 3109 1399 3177 ἀθλῆσαι,
1438 3107 1581 3161 κατὰ
1611 3109 1702 3160 τὸν
1732 3107 1898 3160 Ἀπό-

297 3201 514 3256 στολον.
571 3203 648 3255 Οὐ
688 3203 800 3271 γάρ
833 3204 983 3255 ἐστιν
1017 3203 1198 3256 αὐτῶν
1234 3204 1266 3271 ἡ
1305 3201 1448 3272 πάλη
1479 3220 1503 3252 ι
1536 3202 1675 3273 πρὸς
1701 3195 1840 3270 αἷμα
1870 3218 1888 3251 ι

298 3297 400 3350 καὶ
432 3317 449 3347 ι
483 3297 662 3366 σάρκα
699 3295 876 3363 μόνον,
915 3313 934 3346 ι
967 3295 1104 3350 ἀλλὰ
1141 3314 1160 3347 ι
1191 3279 1330 3365 πρὸς
1379 3296 1477 3358 τὰς
1516 3295 1782 3366 ἀοράτους
1806 3295 1895 3347 δυ-

303 3387 518 3454 νάμεις.
559 3405 578 3437 ι
621 3385 681 3438 '0
722 3385 1007 3450 νεανίσκος
1057 3385 1268 3450 τοίνυν,
1321 3388 1600 3440 τουτέστιν
1639 3387 1666 3438 ὁ
1705 3386 1894 3440 ἑαυτὸν

300 3477 630 3548 εὖνουχίσας
659 3477 746 3530 διὰ
773 3477 876 3546 τὴν
907 3477 1214 3548 βασιλείαν,
1261 3478 1354 3530 καὶ
1393 3479 1426 3545 ἡ
1478 3477 1768 3548 παρθένος,
1800 3477 1894 3532 ἐὰν

303 3565 385 3642 μὴ
414 3572 558 3623 κατά
603 3569 785 3623 πάντα
815 3571 1048 3624 τοιοῦτοι
1098 3564 1256 3632 ὣσιν,
1313 3569 1501 3640 ὥσπερ
1549 3571 1597 3622 οἱ
1649 3569 1896 3636 ἀληθινοὶ

305 3663 547 3734 μιμηταὶ
580 3662 673 3716 τοῦ
701 3660 963 3732 Χριστοῦ,
999 3663 1061 3716 ού
1105 3662 1362 3716 δύνανται
1399 3663 1658 3731 σωθῆναι.
1691 3663 1734 3714 Τ
1737 3663 1764 3714 δ
1789 3663 1896 3732 γάρ

299 3753 564 3821 λέγεσθαι
595 3754 886 3824 παρθένον.
912 3756 1010 3808 καὶ
1031 3755 1132 3818 τὰς
1157 3756 1364 3823 ἀρετὰς
1399 3754 1474 3824 μὴ
1515 3755 1659 3824 ἔχειν
1699 3753 1893 3806 ἀναλό-

300 3861 457 3912 γους,
491 3846 584 3898 καὶ
613 3845 847 3908 οἰκείους
875 3848 969 3898 καὶ
997 3845 1345 3916 ἁρμοζούσας
1375 3849 1440 3918 τῇ
1481 3847 1752 3918 παρθένῳ,
1784 3863 1894 3913 μω·

306 3937 411 4006 ραν
430 3937 531 4006 τὴν
553 3936 809 4005 τοιαύτην
831 3936 1102 4008 παρθένον
1128 3939 1294 4006 φησὶν
1319 3939 1346 3991 ὁ
1369 3937 1595 4008 Κύριος.
1621 3935 1894 4006 ’Λφεγγὴς

301 4029 417 4100 γὰρ
443 4023 577 4081 οὖσα
605 4027 704 4080 καὶ
727 4027 998 4088 ἀνέλαιος,
1029 4027 1136 4093 ἔξω
1157 4027 1253 4095 τῆς
1287 4025 1565 4096 βασιλείας
1585 4025 1696 4078 τῶν
1726 4025 1890 4093 οὐρα·
1917 4009 1959 4066 C

301 4117 418 4172 νῶν
468 4119 798 4185 ὲγκλείεται,
853 4118 1088 4188 νυμφίου
1139 4119 1314 4191 χαρᾶς
1372 4118 1734 4188 στερηθεῖσα,
1798 4117 1892 4170 καὶ

309 4209 452 4281 μετὰ
507 4209 616 4262 τῶν
677 4209 982 4280 μισούντων
1035 4209 1128 4262 τὸν
1187 4209 1420 4279 νυμφίον
1482 4209 1888 4280 λογισθήσεται.

304 4302 470 4354 Δοκεῖ
490 4299 596 4372 γὰρ
625 4297 764 4354 εἷναί
785 4318 834 4354 τι
853 4303 884 4371 ἡ
905 4303 1194 4370 ἄπρακτος
1229 4302 1396 4370 μηδὲν
1423 4301 1576 4364 οὖσα,
1606 4303 1701 4355 καὶ
1727 4317 1908 4371 φρενο·

308 4391 498 4461 απατᾷ
570 4391 790 4461 ἑαυτήν.
846 4391 1202 4460 Δοκιμαζέτω
1235 4391 1292 4444 δὲ
1341 4392 1576 4454 ἕκαστος
1625 4390 1686 4444 τὸ
1733 4390 1893 4462 ἔργον

307 4480 500 4547 αὑτοῦ,
533 4483 626 4536 καὶ
649 4482 843 4535 ἑαυτὸν
877 4483 1310 4549 ἐπιγινωσκέτω.
1337 4483 1420 4534 ὅτι
1450 4481 1718 4552 θρησκεία
1747 4483 1894 4535 ἐστὶν

313 4573 564 4643 μάταιος,
621 4573 921 4644 παρθενίαν
964 4574 1058 4627 καὶ
1107 4575 1441 4645 ἐγκράτειαν
1497 4574 1896 4644 ὁμολογοῦντες

309 4664 478 4735 ἔχειν,
508 4667 608 4736 τὴν
639 4665 696 4718 δὲ
735 4665 968 4734 δύναμιν
1009 4666 1182 4735 αὐτῆς
1216 4667 1537 4736 ἠρνημένοι.
1579 4665 1645 4720 Ἦ
1677 4667 1784 4737 γὰρ
1812 4667 1898 4720 δν-

307 4775 420 4822 τως
450 4759 726 4828 εύνουχία,
757 4758 852 4812 καὶ
885 4761 918 4829 ἡ
947 4758 1117 4823 ὅντως
1141 4759 1409 4829 παρθενία
1435 4761 1493 4811 ἐν
1525 4759 1735 4831 Κυρίῳ,
1763 4759 1896 4828 ἁγία

310 4841 458 4904 ἐστίν
484 4852 563 4921 τῷ
603 4850 814 4922 σώματι
859 4853 956 4906 καὶ
997 4851 1076 4921 τῷ
1124 4853 1424 4920 πνεύματι,
1466 4853 1896 4923 ἀπερισπάστως

310 4945 406 4999 καὶ
445 4945 800 5016 εὐπαρὲδρως
826 4944 905 5018 τῷ
941 4946 1131 5016 Κυρίῳ
1159 4945 1499 5018 λατρεύουσα
1532 4948 1588 4998 ἐν
1621 4946 1896 5016 Πνεύματι

309 5037 466 5102 θεοῦ,
504 5037 764 5108 καθαρῶς
787 5039 882 5090 καὶ
922 5037 1204 5106 ἀμιάντως
1239 5038 1562 5110 -ἀρέσκουσα
1585 5038 1663 5106 τῷ
1685 5038 1898 5106 Κυρίῳ,

311 5131 409 5185 καὶ
437 5131 525 5183 ἀεὶ
557 5130 879 5200 μεριμνῶσα
908 5130 1022 5192 πῶς
1045 5130 1232 5200 ἀρέσει
1263 5129 1434 5198 αὐτῷ,
1465 5130 1559 5183 καὶ
1586 5129 1647 5183 ἓν
1677 5129 1901 5199 Πνεῦμὰ

312 5225 461 5278 ἐστιν
487 5224 624 5294 πρὸς
647 5222 1067 5292 Κύριον,καθὼς
1089 5223 1420 5292 γέγραπται·
1445 5245 1463 5275 ι
1486 5225 1665 5291 Ἅγιοι
1690 5223 1898 5288 ἔσεσθε,

2066 2654 2164 2708 ilis
2210 2654 2378 2724 igitur
2411 2655 2716 2708 clarissime
2763 2655 3094 2724 expiieatum
3133 2673 3279 2715 reor.
3313 2659 3441 2726 quia
3475 2675 3574 2728 per

1997 2763 2267 2802 summam
2313 2747 2679 2800 humilitatem
2726 2755 2782 2800 et
2832 2762 2960 2815 erga
3009 2748 3178 2800 Deum
3228 2749 3577 2808 charitatem.

1998 2839 2158 2908 plena
2189 2855 2313 2893 cum
2342 2847 2488 2892 esset
2512 2841 2721 2906 gratiae,
2748 2839 3058 2906 promeruit
3083 2839 3189 2892 sibi
3223 2849 3429 2893 vestem
3461 2857 3588 2910 per-

2004 2938 2188 2982 texere
2242 2927 2604 2998 virginitatis,
2659 2929 2808 2982 nulla
2861 2945 2994 2998 ruga
3045 2929 3396 2993 decolorem,
3448 2933 3590 2987 nulli

1997 3019 2292 3073 obnoxiam
2329 3021 2525 3074 reatui.
2554 3018 2659 3085 Qui
2693 3030 2880 3073 autem
2924 3021 2992 3074 ad
3021 3023 3434 3077 excurrendum
3477 3032 3592 3078 sta-

1997 3112 2149 3166 dium
2178 3113 2474 3181 ejusmodi.
2510 3113 2770 3167 omnibus
2803 3127 2864 3167 se
2899 3113 3192 3167 extricavit
3220 3117 3474 3177 remoris,
3505 3131 3592 3172 se-

1997 3204 2242 3258 cundum
2274 3204 2634 3274 apostolicam
2677 3205 3033 3269 sententiam,
3070 3221 3300 3260 necesse
3331 3210 3417 3261 est
3449 3208 3590 3278 legi-

1999 3297 2130 3350 time
2161 3304 2221 3350 ut
2263 3305 2440 3352 certet
2485 3307 2541 3352 et
2573 3297 2639 3350 ad
2673 3297 2910 3365 palmam
2946 3312 3121 3365 usque
3151 3313 3314 3351 suum
3365 3314 3591 3368 promo-
3671 3289 3676 3293 ’

1995 3397 2120 3442 veat
2155 3403 2409 3457 agonem.
2438 3387 2629 3456 Neque
2663 3386 2810 3440 enim
2851 3387 2940 3442 isti
2991 3404 3008 3436 ι
3065 3387 3334 3442 adversus
3364 3391 3590 3459 sangui-

1995 3494 2120 3532 nem
2154 3499 2171 3528 ι
2206 3478 2370 3530 modo
2401 3497 2420 3528 ι
2457 3487 2513 3531 et
2543 3494 2768 3532 carnem
2808 3497 2826 3528 ι
2859 3477 3162 3532 aduruntur
3193 3499 3209 3530 ι
3245 3480 3588 3545 colluctatio,

1997 3570 2092 3622 sed
2134 3589 2151 3618 ι
2191 3578 2248 3624 et
2284 3589 2300 3619 ι
2342 3569 2610 3622 adversus
2652 3589 2669 3621 ι
2707 3569 3022 3624 invisibiles
3068 3587 3084 3619 ι
3131 3579 3436 3638 potestates
3459 3571 3526 3624 '“.
3565 3591 3599 3624 ι·

1995 3662 2218 3732 Ιιιιίιιιθ,
2269 3661 2720 3716 adolescentulus
2779 3662 2872 3731 qui
2933 3677 2992 3716 se
3044 3671 3272 3732 propter
3319 3664 3588 3718 ccelorum

1997 3769 2226 3822 regnum
2265 3753 2548 3814 castravit.
2578 3753 2840 3806 similiter
2860 3761 2917 3806 et
2945 3754 3102 3822 virgo
3132 3754 3404 3822 qutepiam
3442 3772 3454 3808 :
3485 3754 3591 3808 nisi

1997 3861 2096 3914 per
2123 3845 2307 3899 omnia
2338 3861 2459 3898 sese
2491 3845 2856 3914 praestiterint
2881 3861 2980 3900 ceu
3015 3844 3252 3899 addecet
3278 3862 3440 3900 veros
3469 3847 3594 3901 imi-

1998 3945 2207 3991 tatores
2234 3935 2466 4002 Christi,
2501 3936 2832 4006 neutiquam
2863 3938 2932 3990 ad
2963 3946 3184 4006 portum
3213 3938 3594 4006 provehantur

1994 4030 2208 4085 salutis.
2244 4029 2315 4086 Ut
2347 4030 2493 4084 cnim
2527 4029 2682 4100 virgo
2717 4046 2826 4084 una
2859 4031 3045 4100 aliqua
3070 4030 3332 4094 dicatur,
3376 4047 3480 4087 nec
3510 4032 3594 4086 in-

1995 4123 2156 4176 terim
2211 4129 2439 4176 czeteras
2501 4130 2660 4176 curet
2701 4121 2960 4190 indipisci
3009 4121 3245 4175 virtutes
3311 4137 3434 4190 quae
3477 4122 3592 4174 vir-

1993 4211 2212 4280 ginitati
2245 4212 2494 4280 proxime
2529 4210 2923 4279 respondeant,
2958 4225 3081 4279 quae
3116 4207 3334 4263 tuendae
3359 4209 3592 4278 virgini-

1994 4303 2092 4358 tati
2139 4302 2341 4357 faciaut
2372 4303 2674 4372 plurimum
2719 4312 2778 4356 et
2818 4301 3099 4371 quadrent
3132 4300 3448 4370 :ejusutodi
3479 4301 3591 4354 vir-

1993 4394 2173 4463 ginem
2209 4393 2430 4447 stultam
2469 4392 2612 4446 dixit
2643 4393 2934 4454 Dominus,
2972 4386 3178 4460 quippe
3223 4405 3344 4459 qua:
3377 4390 3590 4443 nit-ilum

1994 4479 2108 4554 prati
2155 4498 2214 4538 se
2271 4482 2414 4536 ferat
2452 4482 2670 4536 illustre
2717 4480 2930 4541 lumen;
2984 4479 3122 4532 nihil
3176 4495 3362 4533 secum
3415 4485 3593 4548 gestet

1996 4576 2102 4631 olei
2135 4577 2204 4629 '".
2232 4574 2384 4628 Talis
2407 4590 2530 4644 quae
2557 4583 2662 4635 est,
2701 4574 2856 4628 aditu
2893 4571 3212 4627 excluditur
3242 4570 3392 4641 regni
3419 4571 3592 4626 uelo-

1996 4684 2158 4733 rum,
2207 4667 2528 4736 neutiquam
2579 4665 2859 4728 admissa,
2910 4663 3113 4732 gaudio
3168 4672 3227 4716 ut
3273 4662 3594 4730 perfruatur

1997 4760 2208 4831 sponsi,
2243 4758 2340 4814 sed
2388 4758 2444 4812 iu
2479 4772 2671 4812 earum
2720 4755 3083 4825 deputabitur
3131 4753 3424 4823 collegium
3469 4767 3594 4822 quae

1998 4867 2261 4923 sponsum
2293 4851 2539 4904 oderint.
2575 4847 2708 4914 Qua;
2749 4849 2900 4902 enim
2933 4855 3019 4901 est
3064 4845 3208 4906 talis.
3244 4859 3500 4913 peraeque
3532 4858 3592 4898 se

2000 4947 2169 5000 habet
2211 4961 2276 4998 ac
2319 4945 2364 4998 si
2397 4942 2537 4997 nihil
2588 4941 2720 4995 boui
2772 4938 3075 4994 confecerit
3109 4937 3313 5006 operis,
3358 4935 3457 4990 sed
3490 4934 3591 4988 im-

1999 5037 2306 5108 prudenter
2332 5036 2568 5104 scipsam
2598 5033 2840 5089 seduxit.
2875 5031 3028 5102 Opus
3057 5030 3245 5100 itaque
3276 5044 3436 5083 suum
3465 5043 3600 5097 pro-

2002 5131 2095 5184 bet
2123 5129 2499 5196 unusquisque
2528 5135 2583 5180 et
2607 5126 2882 5195 exploret,
2914 5137 3084 5193 seque
3112 5131 3410 5192 agnoscat;
3451 5119 3601 5172 alios

2003 5223 2096 5292 qui
2127 5220 2440 5276 observatio
2482 5219 2664 5274 omnis
2692 5219 2819 5273 vita:
2851 5215 3163 5287 quamlibet
3195 5213 3484 5284 religiosae,
3511 5211 3597 5266 in-

313 5316 395 5369 ὅτι
419 5314 530 5384 ἐγὼ
556 5315 714 5383 ἅγιός
741 5317 880 5383 εἰμι,
921 5333 941 5364 ι
977 5314 1126 5381 λέγει
1159 5313 1387 5384 Κύριος.
1413 5312 1500 5369 Ού-
1527 5315 1636 5386 γὰρ
1675 5313 1898 5384 ὀνόματι

2006 5315 2146 5392 frugi
2180 5314 2364 5368 futura
2393 5299 2558 5368 estet
2593 5313 2777 5366 inanis
2806 5329 2819 5364 :
2851 5325 3044 5366 eorum
3071 5323 3270 5377 nempe
3296 5305 3389 5376 qui
3426 5319 3602 5376 penes

317 5407 478 5479 μόνον
505 5407 647 5479 ψιλῷ
696 5409 724 5460 5
759 5407 936 5475 ἅγιος,
983 5407 1136 5474 ἅγιός
1188 5409 1358 5470 ἐστιν,
1407 5407 1524 5462 ἀλλ’
1560 5411 1618 5461 ὲν
1674 5409 1833 5462 παντὶ
1869 5411 1899 5462 ὁ

315 5498 491 5564 ἅγιος,
521 5498 604 5568 τῷ
651 5497 864 5567 σώματι
917 5500 1012 5553 καὶ
1053 5498 1131 5568 τῷ
1181 5498 1475 5569 πνεύματι.
1531 5499 1595 5552 Εἰ
1641 5499 1898 5565 ἀπετὰξω

311 5585 407 5644 οὖν
457 5592 570 5654 τοῖς
614 5589 714 5660 τῆς
750 5591 956 5662 σαρκὸς
1003 5590 1256 5653 πάθεσιν,
1299 5590 1535 5662 πρόσεχε
1579 5590 1674 5644 τὸν
1706 5591 1896 5660 ἀγῶνα

422 5769 467 5800 ⁸⁸
493 5769 633 5832 Psal.
660 5785 765 5836 cm,
794 5769 876 5822 ιο.

958 5771 1000 5804 ⁵⁷
1026 5769 1160 5826 Luc.
1190 5787 1228 5835 ι,
1261 5770 1347 5835 46,
1379 5769 1467 5823 47.

315 5854 441 5907 xxv,
477 5837 531 5894 ὅ.

1543 5769 1588 5802 θ’
1613 5769 1747 5825 ibid.
1782 5769 1870 5826 48.

1973 5773 1990 5803 ⁵³
2018 5769 2152 5826 ibid.
2190 5769 2278 5825 53.

2003 5423 2062 5462 se
2091 5422 2211 5461 esse
2244 5404 2572 5474 proﬁtentur
2610 5403 3010 5474 virginitatem,
3043 5417 3107 5456 ac
3143 5407 3455 5469 temperare
3487 5395 3600 5452 sibi

1972 5516 2036 5564 ,ιι
2069 5499 2256 5555 carnis
2282 5497 2583 5561 illecebris,
2618 5512 2746 5552 cum
2779 5511 2838 5551 re
2881 5497 2998 5566 ipsa
3034 5495 3300 5551 virtutem
3345 5491 3466 5562 ejus
3498 5505 3594 5545 nec

2002 5599 2155 5663 gent.
2181 5590 2316 5645 Nam
2345 5605 2469 5660 quae
2499 5598 2788 5658 tantopere
2821 5587 3243 5647 commendatur
3271 5583 3533 5640 castratio
3560 5597 3594 5657 ιι

2354 5771 2398 5802 το
2433 5768 2565 5824 ibid.
2595 5767 2682 5824 τε.
2759 5767 2801 5799 τι
2839 5767 3132 5836 περιίδω-ι.
3171 5763 3254 5818 te.
3327 5763 3374 5794 τί
3401 5760 3601 5833 Manu.
