4016 6490
489 323 628 387 ¹ε99
1757 351 2124 414 ANTIOCHI
2162 353 2510 416 MONACHI
3192 330 3199 333 ’
3613 342 3727 409 1500

483 432 776 497 lenociniis
804 444 1011 510 carnis.
1041 462 1107 504 ac
1149 464 1280 506 vera
1330 452 1494 523 plane
1535 452 1592 510 in
1622 454 1859 514 Domino
1906 459 2069 532 virgi-

2138 464 2272 535 »τῆς
2302 464 2542 535 ἀληθοῦς
2575 463 2895 535 παρθενίας.
2929 463 2993 517 El
3044 458 3358 533 εὐνουχίσαι
3399 456 3586 510 ἑαυτὸν
3616 454 3724 523 ἠθι-

483 537 651 629 nitas,
685 542 873 591 sancta
919 546 1007 593 est
1048 547 1106 596 et
1147 556 1383 613 corpore
1427 554 1484 602 et
1528 548 1754 618 spiritu,
1797 551 2069 609 indivulse

2172 555 2346 629 λησας
2373 556 2464 612 διὰ
2488 556 2588 628 τὴν
2618 556 2836 613 αίὼνιον
2867 555 3144 628 βασιλείαν
3172 563 3220 618 ³,
3249 548 3534 620 ἐπιμελῶς
3556 547 3728 618 κάτεχι

726 635 784 682 et
810 633 1026 701 perpeti
1061 640 1253 692 tenore
1281 636 1521 695 Domino
1563 643 1815 699 serviens
1849 644 1906 699 in
1945 644 2070 716 Spi-

2171 621 2263 703 τδν
2291 649 2390 721 τῆς
2433 621 2728 720 ἀσκῆσεως
2771 621 2982 718 ἀγέινα,
3015 647 3109 701 καὶ
3165 645 3406 717 πρόσεχε
3443 641 3539 703 τὰς
3580 655 3730 710 προσε

483 715 597 771 ritu
651 718 771 780 Dei.
818 724 1120 784 sinceriter
1165 744 1231 784 ac
1266 732 1460 800 procul
1513 733 1665 789 omni
1713 715 2069 805 spurcitiaise

2173 715 2356 804 ϐολάςί
2377 738 2473 793 τοῦ
2541 715 2861 802 ἀντιπάλου,
2911 715 3102 810 ὥσπερ
3164 715 3510 805 κυϐερνήτης
3545 730 3610 785 τά
3643 728 3727 784 κθ-

483 810 728 879 probnns
756 814 1012 881 Domino,
1056 835 1245 876 secum
1290 838 1595 881 conserens
1621 826 1830 897 jugiter
1867 829 2069 898 quibus

2174 850 2322 902 ματα
2357 831 2684 887 διαϐαίνων
2729 830 2893 901 γενοῦ
2939 828 3329 901 ήνιοχούμενος
3365 822 3477 878 ὑπὸ
3516 823 3610 890 τῆς
3644 822 3730 893 χά-

481 903 682 959 studiis
730 908 905 977 possit
939 910 990 965 ei
1019 915 1259 981 gratiosa
1303 931 1426 973 esse
1468 926 1525 973 et
1569 921 1865 976 amabilis:
1892 936 2067 993 eoque

2175 940 2342 994 ριτος,
2374 925 2449 995 μὴ
2484 924 2866 995 παρατραπεὶς
2905 921 3004 992 τῆς
3046 918 3257 981 εὐθείας
3286 915 3414 970 ὁδοῦ
3436 931 3451 945 ⁸
3492 912 3731 983 ἀγώνισαι

480 1012 626 1055 unus
650 1014 775 1057 cum
803 1003 1036 1060 Domino
1063 1006 1302 1063 ellicitur
1335 1010 1589 1080 spiritus,
1622 1013 1767 1071 sicut
1801 1016 2066 1088 scriptum

2170 1018 2625 1088 ἀπερισπάστως,
2675 1017 2770 1070 καὶ
2804 1015 2904 1087 ὅλῃ
2943 1012 3145 1084 καρδία
3179 1007 3461 1064 δουλεύειν
3488 1006 3622 1077 Θεῷ,
3652 1003 3731 1060 καὶ

477 1097 564 1144 est
590 1106 603 1143 :
644 1110 664 1142 ι
691 1090 875 1148 Sancti
906 1097 1062 1151 eritis
1084 1099 1214 1168 quia
1238 1115 1341 1170 ego
1370 1112 1596 1159 sanctus
1627 1121 1772 1171 sum,
1803 1108 1940 1163 dicit
1967 1086 2063 1164 Do-

2171 1086 2322 1179 αὐτῷ
2365 1108 2626 1180 ἀρέσκειν
2679 1109 2740 1161 ὲν
2777 1086 2920 1178 ἀγίω
2952 1104 3165 1175 σώματι
3206 1100 3305 1156 καὶ
3344 1097 3636 1169 πνεῦμα-ει,
3661 1099 3734 1152 ἵνα

476 1182 682 1240 minus.
717 1204 736 1236 ι
768 1186 960 1258 Neque
1005 1192 1155 1247 enim
1205 1194 1253 1249 is
1295 1196 1523 1253 nomine
1572 1209 1757 1263 tenus,
1809 1208 2062 1272 tanquam

2171 1199 2488 1271 καταλάϐῃς
2509 1197 2897 1269 τῆςὲναρέτου
2937 1192 3212 1255 πολιτείας
3239 1191 3343 1260 τὴν
3372 1188 3557 1255 δόξαν.
3587 1186 3732 1254 Ἀγώ-

475 1278 835 1347 praerogativa
871 1281 1206 1354 insigniatur
1238 1287 1586 1346 sublimioris
1610 1294 2061 1361 nomenclaturae,

2168 1310 2314 1348 νισαι
2344 1292 2594 1362 νομίμως
2631 1290 2890 1360 ἀθλῆσαι,
2937 1288 3025 1341 ἵνα
3068 1286 3162 1340 τὸν
3208 1282 3503 1351 στέφανον,
3534 1281 3592 1334 ὃν
3627 1282 3733 1350 ᾑρε-

473 1376 699 1423 sanctus
728 1371 964 1441 dicitur;
991 1376 1086 1431 sed
1126 1393 1224 1446 per
1251 1382 1437 1436 omnia
1468 1392 1696 1440 sanctus
1720 1394 1827 1451 est,
1862 1397 1918 1441 et
1943 1404 2059 1443 cor-

2167 1385 2327 1446 τίσω,
2359 1382 2660 1454 ἀπολαύῃς,
2689 1382 2782 1435 καὶ
2818 1378 3232 1448 στεφανηφόρος
3272 1374 3525 1444 ἀπέλθῃς
3554 1385 3579 1415 ι
3620 1373 3733 1442 πρὸς

470 1473 605 1527 pore
635 1469 692 1516 et
724 1465 948 1532 spiritu.
997 1467 1053 1522 Si
1102 1468 1274 1540 igitur
1305 1472 1700 1530 affectionibus
1734 1478 2056 1534 renuntiasti

2169 1477 2266 1548 τὴν
2293 1477 2407 1533 ἄνω
2454 1474 2838 1545 Ἰερουσαλήμ.
2889 1474 2970 1525 Δι’
3019 1471 3088 1542 ἢν
3118 1471 3212 1524 καὶ
3242 1464 3512 1531 ἀπετάξω
3547 1464 3620 1534 τῷ
3652 1465 3734 1531 τῆς

468 1556 675 1618 carnis,
715 1559 911 1614 sedulo
952 1571 1134 1617 tecum
1173 1576 1393 1635 reputa.
1423 1585 1593 1639 quem
1641 1572 1882 1628 subieris
1925 1590 2054 1629 vera

2171 1568 2377 1640 σαρκὸς
2421 1566 2776 1635 φρονήματι,
2804 1563 3004 1628 ἀνάθες
3033 1563 3134 1634 τὴν
3178 1561 3344 1634 χάριν
3393 1561 3499 1629 τῆς
3541 1556 3734 1623 ἁγνείας

467 1646 808 1717 virginitatis
850 1670 1107 1713 agonem.
1141 1659 1279 1714 Cum
1328 1672 1383 1716 te
1424 1662 1494 1716 ab
1542 1663 1664 1718 istis
1715 1666 1908 1719 mundi
1954 1667 2053 1722 ille-

2171 1673 2267 1713 σου
2295 1654 2373 1725 τῷ
2406 1654 2546 1725 Θεῷ,
2576 1656 2658 1712 ὅτι
2702 1655 2763 1708 οὐ
2805 1652 3153 1709 συνέκλεισεν
3198 1667 3259 1705 σε
3302 1652 3386 1713 είς
3421 1649 3521 1712 τὰς
3572 1649 3734 1717 χεῖρας

467 1737 652 1793 ccbris
697 1743 973 1807 castrasti,
1010 1745 1055 1798 si
1100 1746 1325 1817 quidem
1363 1749 1419 1803 id
1470 1749 1670 1806 feceris
1704 1759 1934 1820 propter
1977 1768 2053 1806 re-

2169 1749 2277 1803 τῶν
2306 1748 2628 1820 θελημάτων
2682 1746 2781 1816 τῆς
2830 1746 3035 1816 σαρκδς
3071 1744 3168 1798 καὶ
3214 1740 3311 1796 τοῦ
3359 1741 3613 1812 αἵματος,
3657 1740 3733 1793 καὶ

465 1844 631 1899 gnum
668 1834 958 1898 cmloruin,
992 1852 1187 1908 magna
1219 1854 1344 1894 cum
1384 1843 1642 1898 cautione
1690 1843 1777 1899 fae
1821 1846 2051 1900 retineas

2165 1842 2274 1895 τῶν
2347 1838 2916 1910 προσασχολουμένων
2968 1838 3180 1902 τούτοις
3242 1833 3597 1905 φθοροποιῶν
3658 1834 3733 1886 καὶ

465 1935 532 1976 ac
558 1923 765 1978 tuearis
796 1937 1123 1997 susceptum
1152 1933 1322 1987 semel
1349 1949 1582 2005 agonem
1611 1935 1762 1990 hunc
1789 1937 2051 2007 propositi

2165 1935 2499 2004 ἀκαθάρτων
2571 1933 2919 2004 ᾁνθρώπωχνο
2983 1930 3123 1995 ἀλλὰ
3179 1926 3631 1998 κατησφαλίσατο
3678 1928 3730 1998 τῇ

466 2013 780 2068 monastici.
828 2015 1028 2073 Animo
1072 2022 1330 2088 prmsenti
1376 2032 1433 2079 et
1481 2033 1701 2080 arrecto
1736 2025 1822 2081 fac
1868 2027 2052 2096 vigiles

2166 2028 2363 2083 ἑαυτοῦ
2392 2026 2560 2096 δεξιᾷ.
2599 2026 2760 2093 Μίγα
2790 2021 2887 2079 οὖν
2924 2025 3073 2076 ἐστιν
3115 2024 3175 2076 ὲν
3217 2020 3425 2092 ἁγνείᾳ
3463 2018 3640 2090 μένειν
3670 2020 3731 2082 είς

467 2103 734 2160 adversus
757 2122 951 2163 omnes
986 2112 1370 2169 colluctatoris
1397 2116 1474 2169 tui
1497 2108 1773 2172 violentos
1796 2118 2053 2184 assultus,

2165 2120 2264 2190 τὴν
2304 2120 2471 2190 τιμὴν
2521 2118 2622 2186 τῆς
2679 2116 2887 2187 σαρκὸς
2931 2114 3025 2168 τοῦ
3066 2113 3277 2183 Κυρίου
3320 2114 3380 2164 ἐν
3423 2107 3726 2178 ἀκαυχησίᾳ.

466 2193 716 2251 imitatus
751 2200 1044 2268 prudentis
1087 2206 1339 2261 naucleri
1386 2207 1692 2274 solertiam,
1742 2211 1837 2280 qui
1869 2220 2052 2266 contra

2179 2211 2308 2264 Ἐὰν
2350 2211 2458 2280 γὰρ
2518 2209 2887 2279 καυχήσηται,
2936 2204 3207 2259 ἀπώλετο.
3264 2203 3393 2275 Χρὴ
3431 2203 3489 2257 δὲ
3534 2202 3624 2256 καὶ
3653 2201 3727 2266 τὰς

467 2289 822 2352 ﬂuctivomos
849 2296 1122 2352 undarum
1157 2302 1400 2357 vortices
1426 2304 1655 2372 perdius
1695 2313 1803 2361 stat
1846 2315 1903 2360 et
1941 2322 2053 2377 per-

2165 2302 2359 2366 λοιπὰς
2401 2301 2627 2370 ἀρετὰς,
2670 2298 2854 2362 καθὼς
2900 2298 3139 2366 εἴρηται.
3183 2296 3476 2364 ἀναλόγως
3514 2294 3655 2365 ἔχειν
3682 2296 3721 2365 τί

467 2399 597 2444 nox.
637 2386 899 2444 Prmduce
929 2390 1024 2445 Dei
1054 2394 1250 2463 gratia,
1279 2395 1448 2451 animi
1483 2395 1562 2450 tui
1595 2396 1835 2467 impetus
1860 2399 2053 2468 auriga

2168 2395 2458 2468 παρθενίᾳ.
2490 2393 2616 2447 Ὅτι
2660 2394 2694 2463 ἡ
2736 2391 3008 2464 παρθενία
3045 2390 3299 2459 ἀνωτέρα
3334 2391 3558 2443 πάντων
3589 2385 3726 2443 ἐστίν.

468 2474 524 2530 in
574 2493 783 2533 morem
821 2481 976 2538 frena
1013 2500 1078 2540 ac
1128 2485 1439 2552 moderare,
1478 2489 1790 2558 nequando
1835 2505 1865 2544 a
1913 2500 2054 2546 recte

2167 2490 2445 2559 Παρθένος
2487 2488 2598 2559 γὰρ
2653 2487 2838 2558 μήτρα
2880 2484 3082 2554 ἐκύησε
3116 2484 3212 2537 τὸν
3258 2482 3397 2536 Θεὸν
3432 2480 3617 2549 Λόγον.
3657 2479 3727 2532 Ἐκ

468 2572 607 2627 calle
647 2589 872 2631 exerres
912 2577 1132 2634 devius.
1169 2580 1508 2636 lndivulsam
1557 2583 1626 2637 da
1660 2599 1909 2652 operam,
1954 2585 2054 2640 Dec

2167 2580 2358 2634 τούτου
2388 2579 2556 2647 γνῶθι
2591 2580 2689 2649 τὴν
2741 2578 2899 2643 δόξαν
2930 2576 2959 2618 δ
3006 2577 3105 2645 τῆς
3151 2574 3486 2646 παρθενίας.
3534 2571 3597 2628 Οί
3645 2571 3729 2640 γὰρ

468 2675 533 2720 ιιι
561 2667 771 2722 servias
800 2677 858 2723 et
893 2670 1128 2739 proinde
1156 2674 1432 2743 gratiosus
1463 2674 1542 2728 illi
1578 2675 1904 2740 inveniaris,
1933 2676 2054 2730 dum

2169 2670 2561 2741 ἀφιερούμενοι
2592 2668 2668 2739 τῷ
2687 2669 2825 2739 Θεῷ,
2849 2669 3087 2738 μιμηταὶ
3109 2666 3204 2720 τοῦ
3224 2665 3472 2738 Χριστοῦ
3495 2664 3723 2732 γίνονται·

470 2767 525 2814 te
558 2759 631 2814 illi
661 2764 865 2830 probas
885 2764 941 2817 in
970 2765 1342 2820 sanctimonia
1372 2768 1625 2836 corporis
1648 2774 1702 2821 et
1729 2762 1976 2838 spiritus.
2007 2780 2056 2824 ul

2171 2763 2339 2832 φησὶν
2389 2763 2533 2833 γάρ·
2572 2780 2591 2812 ι
2629 2761 2885 2830 Μιμηταί
2935 2778 3037 2829 μου
3077 2759 3330 2828 γίνεσθε,
3376 2755 3559 2819 καθὼς
3602 2750 3728 2821 κάγὼ

471 2860 711 2908 strenuae
759 2856 1206 2912 conversationis
1250 2873 1315 2913 ac
1358 2858 1487 2913 vita:
1524 2860 1865 2914 ornamentis
1895 2861 2057 2914 virtu,

2170 2854 2430 2922 Χριστοῦ.
2457 2874 2474 2906 ι
2505 2854 2597 2907 Ἐν
2631 2853 2742 2923 γὰρ
2768 2856 2881 2916 τοῖς
2921 2850 3185 2916 τοιούτοις
3224 2850 3592 2920 φρονήμασιν,
3622 2843 3727 2914 φρό-

472 2952 590 2998 tum
626 2946 913 3016 perpolitae
947 2951 1261 3018 assequaris
1287 2950 1543 3021 gloriam.
1578 2932 1835 3008 Eluctare
1861 2969 1961 3022 pro
1990 2954 2058 3008 vis

2171 2966 2322 3019 νημα
2354 2949 2556 3017 σαρκδς
2601 2948 2701 3017 οὐχ
2749 2946 3009 3014 ὑπάρχει.
3049 2946 3171 3015 Χρὴ
3216 2943 3313 2998 οὖν
3346 2944 3499 3015 πάσῃ
3541 2937 3726 3008 φυλακῇ

474 3038 564 3094 rili
609 3040 885 3095 adversus
938 3043 1153 3098 hostem
1206 3058 1380 3114 agone
1431 3043 1712 3115 legitimo.
1767 3053 1827 3098 ut
1867 3063 2060 3101 corona

2170 3043 2361 3110 τηρεῖν
2390 3039 2702 3109 τὴνὲαυτοῦ
2721 3037 2972 3107 καρδίαν,
2995 3037 3093 3090 καὶ
3118 3035 3243 3107 μηδ’
3265 3037 3410 3099 ὅλως
3442 3029 3727 3094 συνδυάζιιν

473 3145 639 3198 quam
680 3131 1012 3188 arden'ihus
1054 3134 1200 3188 votis
1239 3133 1498 3203 expetisti
1548 3143 1605 3188 et
1646 3135 1938 3200 adamasti,
1965 3137 2059 3191 ali-

2175 3134 2445 3205 παρθένον
2487 3134 2628 3203 μετὰ
2676 3132 2963 3185 νεανίσκου
3017 3130 3080 3184 τδ
3131 3129 3401 3197 παράπαν
3432 3144 3446 3159 ’
3484 3129 3533 3181 εί
3571 3125 3624 3179 δὲ
3655 3122 3728 3177 καὶ

473 3220 698 3289 quando
732 3222 984 3291 potiaris,
1019 3239 1083 3279 ac
1128 3225 1358 3293 palmari
1396 3225 1689 3280 redimitus
1733 3241 1963 3290 corona,
2007 3227 2059 3282 in

2174 3227 2474 3296 εὑρεθῶσιν
2513 3225 2868 3295 πρεσϐύτιδες
2907 3225 3281 3294 ίεροπρεπείς,
3331 3221 3429 3275 καὶ
3462 3217 3613 3290 χρεία
3644 3231 3728 3268 πα-

474 3312 624 3371 illam
659 3316 937 3370 ccelestem
964 3316 1267 3372 Jerusalem
1321 3317 1529 3373 celebri
1549 3334 1677 3373 cum
1704 3334 1904 3388 pompa
1935 3319 2060 3375 sub-

2177 3321 2475 3393 ραθέσεως,
2529 3319 2744 3387 είλῆσαι
2790 3318 2890 3378 τὰς
2942 3317 3151 3370 ἑαυτῶν
3195 3319 3390 3385 χεῖρας
3428 3312 3505 3382 τῷ
3552 3306 3728 3364 ἑαυτῶν

472 3405 697 3462 veharis
747 3408 944 3471 victor.
964 3410 1124 3480 cujus
1158 3409 1476 3466 obtinenda;
1494 3412 1690 3480 gratia,
1711 3411 2058 3481 prudentiam

2179 3413 2399 3483 ίματίῳ.
2431 3412 2665 3481 Ὁμοίως
2691 3411 2749 3464 δὲ
2783 3412 2877 3463 καὶ
2901 3410 2951 3463 oi
2978 3409 3191 3479 ἄνδρες,
3214 3409 3356 3478 μετά
3384 3403 3560 3460 αίδοῦε
3583 3399 3728 3471 ὀρθῶς

474 3498 620 3554 hanc
660 3501 847 3557 carnis
895 3518 927 3558 a
976 3512 1027 3558 te
1074 3503 1395 3559 excussisti.
1428 3504 1595 3574 Atqui
1640 3505 1788 3568 vide,
1831 3508 2060 3575 gratiam

2179 3503 2469 3574 βλέποντες
2501 3500 2796 3575 σωφρόνως
2824 3517 2883 3553 τε
2927 3502 3023 3552 καὶ
3067 3498 3285 3570 σεμνῶς
3325 3499 3387 3550 ὲν
3422 3495 3619 3563 Κυρίῳ.
3648 3488 3727 3552 τὰς

474 3597 585 3649 tua:
620 3592 784 3646 istius
814 3595 1192 3651 sanctimonia:
1231 3604 1293 3651 ut
1335 3596 1402 3651 ad
1435 3597 1530 3651 Dei
1567 3597 1799 3667 gloriam
1840 3598 2060 3662 referas,

2172 3597 2381 3650 ἑαυτῶν
2401 3594 2582 3659 δεξιὰς
2613 3593 3178 3663 περικεκαλυμμένας
3205 3591 3423 3660 ἔχοντες
3447 3587 3522 3657 τῷ
3550 3579 3726 3637 ἑαυτῶν

473 3683 568 3752 qui
599 3683 827 3740 minime
868 3686 997 3742 sivit
1038 3697 1093 3743 te
1137 3687 1193 3741 in
1228 3702 1420 3743 eorum
1470 3686 1689 3742 devolvi
1726 3697 1783 3743 et
1814 3689 2059 3743 concludi

2173 3689 2395 3758 ίματίῳ,
2442 3686 2922 3757 ἁποχωρισθῶσιν.
2977 3685 3090 3757 Πρὸ
3136 3684 3193 3736 δὲ
3250 3683 3475 3738 πάντων
3516 3676 3615 3748 χρὴ
3649 3673 3725 3742 τὴν

473 3791 695 3840 manus,
720 3779 815 3848 qui
845 3779 1191 3834 voluntatem
1219 3781 1448 3849 explent
1476 3780 1662 3835 carnis
1684 3791 1742 3836 et
1764 3781 2059 3851 sanguinis,

2172 3778 2445 3851 παρθένον
2478 3778 2556 3849 τῷ
2585 3777 2750 3847 ἐλαίῳ
2784 3777 2881 3847 τῆς
2916 3775 3163 3838 εὐποιίας
3208 3770 3620 3839 κατακοσμῆσαι
3648 3762 3725 3830 τὴν

472 3880 531 3926 et
575 3872 641 3925 ad
690 3871 807 3927 haec
846 3873 1180 3940 corruptelae
1210 3880 1379 3942 atque
1419 3872 1676 3928 obscena:
1710 3873 2058 3943 turpitudinis

2172 3871 2374 3940 ἑαυτῆς
2405 3868 2685 3939 λαμπάδα,
2742 3869 2830 3922 ἴνα
2887 3868 2961 3937 μὴ
3004 3866 3240 3937 στερηθῇ
3298 3865 3473 3935 χαρᾶς
3504 3854 3720 3926 νυμφίου.

472 3978 643 4033 opera
671 3966 768 4019 toti
806 3966 1185 4035 propendent;
1219 3965 1314 4020 sed
1358 3974 1412 4021 te
1448 3981 1546 4021 sua
1577 3965 1801 4021 dextera
1834 3982 2058 4036 praemu-

2168 3964 2264 4017 καὶ
2305 3962 2670 4032 εὐφροσύνης.
2715 3960 2861 4014 κατά
2898 3959 2999 4031 τὴν
3042 3958 3365 4029 παραϐολὴν
3400 3954 3493 4009 τοῦ
3532 3948 3717 4021 Κυρίου.

472 4050 632 4106 nivit.
668 4052 920 4124 Magnum
954 4055 1116 4122 plane
1149 4046 1338 4119 fuerit,
1371 4055 1415 4109 si
1445 4055 1584 4111 citra
1623 4057 1970 4126 jactantiam,
1999 4057 2058 4111 ad

2174 4076 2193 4109 ι
2232 4057 2356 4109 "Ott
2388 4056 2446 4108 αἱ
2489 4055 2746 4124 φρόνιμοι
2794 4052 2986 4107 ἔλαϐον
3028 4051 3206 4105 ἔλαιον
3253 4052 3313 4103 ἐν
3359 4050 3469 4112 τοῖς
3514 4039 3718 4112 ἀγγείοις

473 4141 741 4199 honorem
774 4145 951 4200 solum
986 4147 1287 4202 Dominicae
1318 4149 1524 4213 carnis,
1548 4157 1820 4220 perpetuo
1852 4157 1903 4203 te
1935 4163 2059 4203 con-

2168 4145 2373 4208 αὐτῶν,
2405 4166 2423 4198 ι
2464 4147 2560 4199 καὶ
2596 4144 2950 4211 συνεισῆλθον
2983 4144 3061 4213 τῷ
3101 4141 3470 4209 πολυποθήτῳ
3501 4133 3715 4206 νυμφίῳ’

473 4237 708 4292 tinueris
737 4238 791 4291 in
837 4240 1206 4294 sanctimonia
1238 4255 1302 4294 ac
1332 4240 1594 4310 puritate.
1625 4240 1890 4310 Quisquis
1926 4241 2059 4296 inte-

2174 4260 2194 4293 ι
2232 4241 2341 4293 Καὶ
2371 4239 2739 4309 ἐκλείσθησαν
2770 4238 2828 4292 αί
2881 4237 3067 4309 θύραι.
3099 4256 3118 4288 ι
3160 4238 3274 4290 Καὶ
3305 4235 3618 4305 ἀπήλαυσαν
3639 4224 3717 4293 τῆς

472 4328 578 4383 rim
626 4330 699 4385 ob
742 4346 864 4385 eam
904 4332 1172 4401 gloriatus
1199 4333 1291 4389 hic
1323 4332 1513 4396 fuerit,
1551 4334 1640 4389 isti
1680 4334 2058 4404 intercipictul

2167 4335 2343 4405 χαρᾶς
2376 4332 2543 4386 αὐτοῦ
2574 4331 2836 4396 αίωνίως.
2885 4330 3043 4403 Αὐτῷ
3064 4332 3097 4403 ἡ
3120 4330 3248 4397 δόξα
3272 4331 3353 4393 είς
3379 4329 3503 4390 τοὺς
3529 4321 3713 4379 αἰῶνας·

473 4420 690 4476 fructus
720 4424 902 4477 omnis
934 4440 998 4478 ac
1028 4424 1297 4494 deperiet.
1326 4426 1581 4482 Proinde.
1622 4435 1682 4480 ut
1702 4426 1815 4496 jam
1862 4425 2070 4479 dictum
2105 4407 2151 4464 Ῑ)
2191 4424 2393 4494 Ἀμήν.

475 4524 582 4580 est,
631 4531 857 4572 necesse
885 4519 975 4582 sit,
1010 4519 1109 4574 tibi
1155 4528 1217 4573 ut
1246 4522 1509 4577 concilies
1542 4522 1780 4576 virtutes
1819 4522 2063 4591 reliquas
2100 4535 2224 4590 qua:
2288 4535 2388 4574 sua
2454 4519 2813 4589 proportione
2851 4518 3084 4573 comites
3126 4516 3374 4572 assident
3412 4512 3503 4568 uni
3529 4502 3716 4579 virgini-

476 4610 608 4675 tati;
641 4610 757 4680 ipsa
786 4613 934 4667 enim
976 4614 1302 4671 sublimiore
1368 4617 1541 4688 gradu
1607 4625 1837 4673 caeteras
1879 4617 2284 4688 antegreditur.
2320 4616 2379 4671 lu
2434 4624 2596 4671 utero
2637 4616 2915 4686 siquidem
2957 4615 3203 4686 Virginis
3248 4613 3344 4668 Dei
3371 4609 3593 4666 Verbum
3631 4601 3710 4657 sibi

476 4704 817 4761 domicilium
843 4706 1065 4778 delegit,
1099 4725 1164 4765 ac
1206 4710 1523 4766 mansitavit
1550 4729 1565 4764 ι
1597 4727 1705 4781 qua
1744 4727 1851 4766 una
1879 4727 1948 4766 ex
2010 4726 2072 4766 re
2131 4725 2368 4782 agnosce
2437 4719 2645 4780 quanta
2692 4709 3016 4780 prtcpolleat
3043 4709 3214 4781 gloria
3258 4706 3552 4781 virginitas.
3577 4699 3712 4766 Quol-

475 4812 614 4872 quot
654 4811 836 4857 autem
881 4820 940 4860 se
974 4821 1303 4862 consecrant
1372 4807 1506 4873 Deo,
1551 4806 1835 4862 Christum
1901 4821 2132 4863 necesse
2168 4814 2256 4863 est
2301 4804 2612 4860 imitentur.
2637 4805 2727 4861 Ait
2765 4804 2913 4860 enim
2958 4805 3204 4861 Paulus:
3241 4825 3262 4856 ι
3302 4804 3593 4860 lmitatores
3629 4787 3709 4846 mei

475 4904 675 4962 estote,
705 4896 851 4952 sicut
878 4906 933 4952 et
962 4913 1066 4970 ego
1092 4899 1299 4955 Christi
1326 4901 1393 4954 ⁷³.
1438 4919 1457 4952 ι
1480 4899 1537 4955 1η
1572 4900 1774 4955 talibus
1803 4900 2058 4971 proinde.
2103 4915 2170 4955 ne
2193 4898 2486 4969 vestigium
2512 4897 2737 4967 quidem
2769 4896 3022 4954 invenire
3068 4899 3142 4954 sit
3205 4884 3508 4969 prudentiae
3541 4882 3707 4943 carnis-

475 4990 624 5056 ,Sane
653 4992 800 5046 omni
832 4993 1334 5063 circumspectione
1372 4996 1780 5065 providendum
1810 5005 1896 5051 est
1919 4995 2128 5066 proprii
2183 4994 2370 5051 cordis
2417 4992 2703 5058 custodite,
2765 5009 2870 5051 nec
2939 4994 3045 5050 sibi
3091 4994 3203 5050 ulla
3261 5003 3478 5064 prorsus
3535 4981 3708 5038 ratione

475 5086 762 5155 permittat
798 5085 972 5158 virgo.
1004 5101 1129 5141 cum
1160 5087 1573 5144 adolescentulo
1638 5091 1856 5160 quovis,
1930 5098 1992 5144 ut
2030 5088 2241 5159 aliquid
2267 5087 2642 5144 communicet
2668 5095 2724 5143 et
2748 5088 3033 5159 conspiret
3090 5087 3299 5143 arcani.
3321 5082 3556 5153 Virgines
3604 5082 3707 5126 vero

478 5186 897 5241 consecratione
926 5187 1024 5243 Dei
1054 5187 1421 5253 venerabiles,
1481 5187 1576 5243 sed
1610 5194 1666 5240 et
1727 5195 1889 5242 actate
1933 5184 2333 5256 provectiores,
2416 5184 2470 5238 in
2514 5199 2684 5238 unum
2729 5185 2774 5238 si
2837 5183 3253 5253 comperientur
3286 5173 3602 5235 convenisse,
3631 5178 3703 5218 ne-

480 5277 710 5333 cessitas
735 5279 962 5350 insuper
985 5293 1208 5352 appetat
1246 5282 1672 5338 administrandi
1741 5282 1969 5348 ferculi;
2037 5295 2138 5335 vos
2170 5280 2531 5351 virgunculae.
2581 5294 2778 5334 manus
2820 5286 3031 5334 vestras
3077 5293 3180 5333 suo
3210 5288 3431 5348 qumque
3472 5259 3704 5362 obvolvile

481 5369 725 5438 palliolo.
760 5372 913 5428 Haud
960 5390 1121 5431 secus
1166 5376 1302 5431 viris
1346 5375 1587 5431 arbitror
1636 5376 1968 5440 faciendum,
2010 5384 2070 5428 ut
2105 5389 2232 5430 cum
2292 5373 2504 5444 pudore
2572 5383 2721 5429 recta
2758 5382 3108 5436 contuentes.
3141 5382 3290 5429 caste
3333 5375 3385 5424 et
3422 5360 3635 5420 modeste
3657 5360 3699 5452 in

484 5461 719 5518 Domino
737 5480 866 5520 suas
889 5466 1136 5537 ipsorum
1162 5485 1358 5525 manus
1377 5470 1766 5526 circumtcctas
1824 5477 1945 5539 toga
1989 5482 2115 5522 cum
2155 5466 2480 5532 habuerint,
2508 5465 2622 5522 illic
2649 5465 2933 5522 secedant.
2967 5465 3180 5538 1062
3204 5462 3310 5520 Sed
3336 5469 3389 5516 et
3412 5462 3526 5513 aute
3551 5455 3696 5505 omina

558 5617 654 5673 ⁷³1
689 5616 815 5673 Cor.
849 5636 924 5687 Il,
962 5623 1015 5676 l.

1781 5713 2018 5770 VARUS
2059 5711 2470 5773 LECTIONES.

566 5813 587 5841 ³
619 5801 836 5859 ἑλπίδι.
914 5817 938 5846 ι
974 5803 1319 5878 πομπιύσῃς.
1387 5806 1417 5848 ι’
1439 5808 1682 5877 ἁγνείαν.
