4016 6512
1960 341 2093 358 ...ιε-ἀ

347 448 471 516 1501
1057 464 1385 528 HOMILIA
1425 466 1619 532 XXII.
1655 498 1723 507 —-
1775 473 1872 532 DE
1915 469 2520 536 INCONTINENTIA
2559 476 2898 548 LINGUAS.
3465 482 3603 548 1502

339 563 896 665 firglnemaddecet,
927 589 997 631 ne
1030 577 1278 648 privetur
1316 585 1506 652 sponsi
1543 585 1747 656 gaudio
1796 600 1862 644 ac
1913 585 2124 652 laetitia,
2157 603 2316 651 suam
2361 597 2424 644 ut
2480 590 2779 648 concinnet
2835 593 3167 665 lampadem,
3203 611 3268 652 ac
3305 597 3486 653 oleum
3519 599 3604 652 in-

337 655 556 759 fundat,
583 659 768 716 oleum
813 665 975 734 plane
1022 671 1306 744 morigera:
1347 655 1719 733 obedientiaa:
1753 679 1918 750 idque
1949 681 2106 751 juxta
2169 681 2512 740 Dominicatn
2578 687 2898 756 parabolam
2927 655 3039 759 qua
3079 655 3287 745 dicitur
3327 709 3341 744 :
3395 709 3414 744 ι
3465 693 3604 748 Ρτιιο

335 751 538 856 delites-
559 773 894 831 acceperunt
923 766 1107 824 oleum
1137 771 1194 825 in
1219 775 1366 828 vasis
1401 775 1520 830 suis
1553 777 1620 840 ",
1652 795 1672 827 ι
1719 777 1996 848 simulque
2033 793 2420 838 convenerunt
2444 799 2570 838 cum
2617 799 2844 855 sponso,
2883 801 3149 856 saneque,
3191 786 3544 848 desiderabili
3580 802 3602 844 :

333 842 678 992 ἑέἓίεηεα
701 861 788 910 est
807 856 997 930 janua.
1031 879 1051 912 ι
1086 862 1156 918 At
1217 864 1302 922 lue
1362 867 1586 924 interim
1622 869 1836 940 perpeti
1903 842 2105 942 igaudio
2132 874 2505 943 perfruuntur
2545 842 2892 950 suilsponsi.
2937 842 3053 952 ipsi
3078 842 3251 954 gloria
3291 883 3346 944 in
3362 842 3600 943 amenta,

941 1090 1160 1145 ΑοΓοε
1193 1092 1322 1148 κε’.
1951 1057 1998 1114 Α
2566 1106 2850 1169 ιιολιιωΑ
2903 1106 3070 1168 xxu.

859 1205 998 1274 Περὶ
1024 1214 1405 1281 προπετείας.
2341 1217 2418 1272 De

2341 1217 2418 1272 De
2449 1219 2626 1290 effreni
2666 1221 3044 1275 incontinentia
3075 1219 3282 1292 lingua.

411 1313 580 1408 οησὶν
625 1319 655 1370 ό
705 1318 870 1390 νόμος
893 1338 908 1354 ο
944 1343 963 1376 ι
1005 1324 1133 1382 Ἐὰν
1181 1321 1316 1386 ὦσιν
1343 1332 1924 1408 διαμεμαρτυρημένα

2099 1329 2214 1386 Lex
2233 1329 2409 1386 dicit:
2447 1351 2465 1384 ι
2502 1333 2559 1388 Si
2621 1333 2994 1389 testimonium
3055 1335 3286 1390 tulerint
3333 1334 3605 1393 adversus

329 1402 514 1476 αὐτῷ,
555 1407 754 1482 καὶμὴ
798 1413 1041 1490 ἀφανίσῃ
1094 1419 1280 1486 αὐτὸν,
1339 1402 1612 1482 ἀποτίσει.
1653 1445 1672 1478 ι
1698 1402 1915 1483 ⁷Ἔστιν

2027 1419 2207 1485 illum,
2245 1428 2302 1474 et
2340 1420 2456 1490 ipse
2489 1437 2600 1476 non
2622 1422 2893 1478 occiderit
2919 1438 3068 1488 eum,
3105 1436 3322 1492 pcenam
3358 1421 3474 1477 luet
3498 1423 3599 1477 ".r

337 1495 439 1591 δτε
481 1503 540 1552 ἐν
583 1505 876 1576 συμποσίῳ
927 1513 1222 1584 προσπηδᾷ
1257 1515 1286 1568 ό
1339 1517 1620 1583 κενόδοξος
1661 1518 1923 1591 λογισμὸς

2024 1513 2310 1584 Contingit
2353 1529 2748 1585 nonnunquam
2806 1523 2867 1570 ut
2907 1516 3052 1570 inter
3095 1515 3430 1586 epulandum
3461 1514 3605 1570 hila-

331 1587 576 1686 λαλῆσαι
607 1595 936 1668 βουλόμενος
967 1605 1118 1674 παρά
1147 1607 1239 1662 τὸν
1271 1593 1484 1680 καιρόν.
1511 1587 1917 1686 Διαμαρτύρον-

2025 1606 2183 1670 riter,
2237 1607 2499 1678 cogitatio
2551 1607 2802 1676 quaedam
2861 1607 3145 1662 exoriatur
3209 1623 3275 1662 ac
3332 1607 3605 1663 subsultet

327 1683 432 1775 ταί
456 1703 516 1738 σε
545 1687 598 1740 oi
628 1689 824 1756 ἀγαθοὶ
855 1693 1133 1764 λογισμοὶ,
1157 1699 1426 1767 ἀφανίσαι
1447 1701 1540 1756 τὸν
1561 1683 1913 1775 φιλοφλύαροκ

2024 1698 2212 1770 gloriae
2257 1699 2458 1762 inanis,
2493 1701 2683 1756 volens
2709 1698 3170 1770 intempestiviter
3199 1698 3254 1753 in
3291 1713 3607 1754 sermonem

327 1773 624 1869 λογισμόν.
663 1782 791 1836 Ἐὰν
812 1785 995 1839 τοίνυν
1025 1789 1102 1860 μὴ
1127 1791 1414 1858 ἀφανίσεις
1439 1794 1604 1849 αὐτὸν
1625 1799 1691 1866 τῇ
1719 1773 1913 1869 σιωπῇ,

2024 1805 2337 1860 erumpere.
2367 1791 2650 1846 Adversus
2685 1791 2830 1846 hanc
2877 1791 3035 1846 bonae
3090 1791 3211 1847 alia:
3260 1807 3362 1847 suo
3419 1806 3476 1846 se
3504 1789 3607 1847 ob-

327 1867 479 1920 am
509 1877 865 1944 παραχωρεῖς
891 1877 1056 1930 αὑτὸν
1084 1881 1391 1949 προελθεῖν,
1428 1885 1548 1937 τότε
1570 1884 1755 1939 λοιπὸν
1786 1867 1913 1940 ἀπο-

2133 1893 2225 1936 unt
2259 1884 2574 1939 testimonio
2624 1885 3006 1955 cogitationes,
3038 1899 3160 1954 quae
3195 1883 3495 1938 reclamant
3541 1897 3606 1938 ac
3714 1885 3719 1892 '

328 1959 514 2024 τίσεις
536 1962 598 2016 τὸ
631 1963 877 2034 όφλημα,
915 1967 948 2038 ἦ
975 1971 1222 2044 ἁμαρτίᾳ
1255 1976 1469 2048 μεγάλῃ
1505 1977 1610 2030 ὑπὸ
1633 1979 1738 2046 τῆς
1769 1979 1914 2050 δίκης

2024 1985 2404 2045 protestantur
2440 1993 2551 2034 non
2581 1977 2786 2033 debere
2822 1985 2874 2032 te
2896 1977 3283 2048 cogitationem
3325 1977 3474 2030 illam
3517 1974 3603 2030 ni-

325 2053 686 2140 παραδρϐείς.
704 2057 763 2112 ’0
775 2061 887 2129 γὰρ
901 2065 1182 2135 προπετὴς
1199 2067 1257 2118 ἐν
1275 2067 1419 2138 λόγῳ
1438 2069 1472 2138 ἢ
1492 2070 1550 2122 ἐν
1576 2071 1911 2141 πράγμασιν,

2024 2065 2130 2121 mis
2162 2082 2325 2136 quam
2359 2083 2624 2138 nugacem
2668 2068 2724 2124 in
2751 2067 3032 2138 publicum
3075 2067 3420 2138 depromere.
3454 2067 3605 2122 Hane

327 2147 450 2218 ἔχει
481 2147 575 2202 καὶ
603 2151 663 2202 τὸ
679 2149 922 2222 Θολερὸν,
951 2154 1147 2226 ἥδιστα
1166 2157 1224 2210 δὲ
1253 2159 1348 2213 καὶ
1371 2159 1722 2226 θεσμοθετεῖν
1753 2161 1913 2216 θέλει·

2026 2158 2194 2228 igitur
2235 2159 2341 2213 nisi
2365 2158 2523 2214 freno
2549 2161 2754 2216 silentii
2785 2161 2841 2213 in
2875 2175 2938 2213 os
2963 2160 3166 2230 injecto
3204 2158 3601 2230 suppresseris,

330 2237 495 2308 ζητεῖ
543 2239 656 2310 γὰρ
713 2242 802 2296 ἀεὶ
850 2247 1348 2314 καταγωνίζεσθαι,
1388 2253 1488 2304 καὶ
1513 2253 1790 2321 τὸνλόγον
1823 2259 1916 2310 a6-

2024 2254 2121 2308 sed
2150 2252 2438 2308 ell‘reniter
2466 2263 2522 2308 et
2556 2244 2945 2323 intempestive
2980 2251 3179 2307 siveris
3206 2252 3353 2306 illam
3380 2251 3605 2322 prodire

327 2331 432 2384 τοῦ
465 2333 738 2402 κυρῶσαι.
783 2334 842 2388 'O
876 2335 934 2390 δὲ
963 2339 1204 2402 τοιοῦτος
1234 2342 1454 2412 ἰσχυρὸς
1481 2344 1693 2414 ἄφρων,
1731 2348 1913 2400 ἀκούει

2027 2345 2082 2399 in
2110 2345 2358 2414 apricum
2380 2362 2394 2400 :
2417 2345 2682 2414 deinceps
2697 2344 2818 2400 lues
2833 2359 2997 2414 quam
3017 2343 3346 2414 promereris
3365 2357 3603 2413 prenam,

331 2422 448 2493 γὰρ
504 2397 657 2494 παρὰ
684 2427 780 2480 τοῦ
816 2397 1252 2502 Παροιμιαστοῦ,
1288 2397 1320 2486 ἷ
1357 2397 1455 2499 λοξ
1503 2397 1917 2494 πέποιίὶενηὲνπί

2023 2446 2119 2493 aut
2147 2397 2299 2492 certe
2335 2438 2589 2508 exigente
2609 2397 2824 2508 jrustitia
2839 2397 2904 2490 in
2927 2397 3085 2490 atrox
3113 2435 3334 2506 aliquod
3361 2443 3418 2490 et
3440 2449 3606 2506 grave

339 2517 533 2587 0ράσεί
591 2521 842 2589 καρδίας,
877 2525 1114 2594 ἄφρων*
1151 2528 1310 2597 σοφοὶ
1365 2529 1422 2584 δὲ
1477 2531 1778 2603 κρύψουσιν
1833 2533 1922 2588 αἴ-

2022 2541 2307 2604 peccatum
2334 2530 2646 2600 prolabere.
2675 2528 2943 2584 Sermone
2975 2527 3123 2582 enim
3153 2537 3252 2582 aut
3274 2527 3439 2582 rebus
3473 2525 3607 2597 ipsis

342 2609 557 2677 σθησιν.
612 2631 632 2666 ι
676 2614 823 2667 Καί·
883 2635 902 2668 ι
931 2617 1114 2689 Στόμα
1167 2621 1479 2690 προπετοῦς
1528 2625 1739 2692 ἐγγίζει
1791 2643 1919 2680 συν-

2025 2627 2350 2682 temerarius
2389 2625 2485 2690 qui
2537 2631 2659 2688 est,
2696 2623 2838 2678 mire
2889 2622 2938 2676 is
2985 2628 3072 2676 est
3119 2620 3491 2684 turbulentus,
3551 2625 3611 2674 et

334 2701 500 2772 τριϐῇ
523 2717 538 2732 ·
561 2705 882 2775 φειδόμενος
921 2707 978 2761 δὲ
1005 2710 1255 2776 χειλέων,
1287 2714 1508 2784 νοήμων
1551 2715 1720 2771 ἔσται.
1759 2737 1778 2771 ι
1816 2720 1920 2774 Kal

2025 2717 2263 2789 agitatur
2301 2714 2667 2785 intemperiis.
2715 2713 2883 2782 Atqui
2917 2713 3062 2768 idem
3085 2727 3282 2782 magna
3301 2725 3428 2766 cum
3453 2712 3611 2766 volu-

336 2791 506 2845 πάλιν
533 2809 549 2826 ο
591 2813 610 2847 ι
645 2797 744 2860 Ὃς
795 2797 1065 2868 φυλάσσει
1095 2802 1158 2855 τὸ
1197 2805 1372 2871 στόμα
1406 2805 1596 2871 αὐτοῦ,
1631 2812 1790 2881 τηρεῖ
1825 2810 1922 2880 τὴν

2024 2819 2174 2882 ptate
2213 2809 2402 2866 studet
2431 2807 2647 2864 caeteris
2683 2807 2903 2862 sancire
2926 2805 3098 2875 leges,
3143 2819 3208 2859 ac
3249 2804 3374 2874 jura
3407 2801 3610 2872 cuique

333 2885 538 2945 ἑαυτοῦ
563 2887 761 2960 ψυχήν·
794 2891 824 2944 ό
846 2890 905 2944 δὲ
933 2893 1216 2965 προπετὴς
1241 2895 1500 2966 χείλεσιν,
1538 2901 1766 2968 πτοήσει
1795 2901 1919 2955 ἐαυ-

2027 2899 2434 2973 pra-scribere;
2489 2899 2615 2954 aliis
2659 2895 3065 2952 eontentiosius
3098 2895 3370 2950 adnititur
3405 2893 3613 2964 palma~

333 2976 454 3032 τόν.
493 2996 514 3030 ι
555 2980 668 3034 Kal
697 2981 862 3035 πάλιν
896 3000 911 3016 ο
967 3004 986 3036 ι
1034 2985 1132 3049 ’ος
1169 2987 1528 3060 ἀποκρίνεται
1586 2989 1746 3060 λόγον
1795 2995 1919 3064 πρὶν

2026 2995 2170 3051 rium
2212 2991 2514 3064 praeripere
2556 2999 2614 3044 et
2644 2989 2946 3044 evincere:
2981 3001 3261 3058 quemque
3301 2999 3611 3042 sermonem

335 3069 595 3137 ἀκοῦσαι,
636 3071 922 3146 ἀφροσύνη
967 3076 1118 3148 αὐτῷ
1155 3079 1306 3132 ἐστιν
1344 3080 1438 3134 καὶ
1493 3081 1716 3146 ὄνειδος.
1758 3103 1776 3136 ι
1815 3084 1921 3139 Kal

2027 3084 2198 3141 semel
2231 3099 2329 3139 ore
2353 3080 2664 3154 protulerit,
2703 3089 2882 3134 ratum
2913 3079 3046 3135 facit
3070 3079 3226 3148 priva
3259 3075 3610 3142 auctoritate.

335 3157 500 3225 αὖθις
528 3179 544 3192 ο
581 3181 602 3215 ι
653 3163 783 3218 Ἐὰν
819 3166 938 3236 ῐδῃς
965 3167 1135 3238 ἄνδρα
1163 3169 1333 3240 ταχὺν
1361 3171 1422 3224 ἐν
1448 3170 1652 3240 λόγοις,
1688 3175 1921 3240 γίνωσκε

2028 3178 2211 3232 ﬁrmat
2239 3184 2296 3230 et
2327 3175 2526 3232 sancit.
2557 3173 2664 3241 Qui
2691 3171 2965 3244 ejusmodi
3011 3179 3114 3237 est,
3158 3169 3520 3225 vehementer
3553 3183 3613 3224 se

338 3253 426 3339 iit:
451 3253 645 3309 ἐλπίδα
669 3255 785 3327 ἔχει
803 3257 1006 3328 μᾶλλον
1030 3261 1059 3312 ὁ
1085 3259 1294 3330 ἄφρων,
1327 3262 1520 3318 αὑτοῦ.
1557 3282 1576 3314 ι
1605 3265 1714 3318 Καί
1743 3282 1756 3297 ·
1795 3285 1814 3318 ‹
1868 3267 1924 3320 '0

2031 3268 2352 3339 comprobat
2383 3266 2814 3336 imprudentem.
2847 3263 2990 3318 Audi
3026 3263 3175 3318 enim
3216 3270 3297 3328 tu,
3330 3259 3426 3317 sed
3453 3275 3483 3315 a
3513 3259 3617 3318 Pa-

299 3335 627 3420 ’προπετὴς
657 3351 715 3402 ἐν
751 3349 916 3422 λόγῳ,
961 3351 1347 3422 μισηθήσεται.
1391 3372 1410 3406 ι
1459 3353 1519 3408 '0
1549 3354 1606 3408 δὲ
1649 3354 1885 3419 Ἰάκωϐος

2029 3335 2309 3424 rmmiaste
2337 3379 2352 3415 :
2385 3379 2402 3412 ι
2429 3335 2534 3426 Qui
2556 3358 2788 3414 confidit
2827 3357 2882 3412 in
2907 3355 3136 3412 audacia
3163 3354 3370 3419 cordis,
3401 3353 3614 3424 impru-

346 3457 366 3492 ι
401 3439 470 3494 EI
493 3459 580 3505 τις
630 3443 689 3495 ἐν
739 3442 883 3515 λόγῳ
931 3445 993 3497 οὐ
1047 3446 1256 3511 πταίει,
1315 3439 1475 3510 οὗτος
1533 3447 1741 3512 τέλειος
1790 3448 1928 3520 ἀνὴρ

2029 3455 2167 3510 dens
2197 3463 2283 3508 est
2309 3471 2324 3519 ;
2364 3453 2642 3524 sapientes
2665 3461 2848 3508 autem
2879 3449 3221 3507 abscondent
3247 3462 3470 3504 sensum
3508 3447 3607 3502 ⁷⁸.»

337 3530 568 3598 δυνατὸς
613 3533 1064 3605 χαλιναγωγῆσαι
1099 3537 1195 3590 καὶ
1245 3537 1368 3590 ὅλον
1416 3537 1481 3591 τὸ
1528 3539 1710 3610 σῶμα.
1744 3559 1762 3594 ι
1821 3543 1923 3594 Kal

2030 3547 2131 3602 Et:
2169 3567 2187 3598 ι
2225 3547 2300 3602 Os
2333 3546 2588 3616 procacis
2607 3545 2942 3616 propinquat
2971 3540 3288 3598 contritioni
3321 3541 3456 3611 ;qui
3483 3555 3614 3594 vero

342 3625 511 3678 πάλιν
535 3641 549 3655 ·
597 3645 616 3678 «ι
659 3627 843 3680 Ἔστω
867 3629 976 3691 πᾶς
1017 3628 1328 3694 ἄνθρωποις
1356 3631 1531 3702 ταχὺς
1569 3633 1651 3697 είς
1674 3632 1738 3686 τδ
1765 3633 1926 3688 ἀκοῦ⁴

2029 3638 2209 3709 parcit
2232 3638 2414 3702 labiis,
2447 3637 2762 3708 intelligens
2805 3636 2918 3691 erit
2949 3635 3018 3689 ⁷⁷.
3064 3653 3083 3686 ι
3147 3635 3406 3689 Rursus:
3462 3629 3611 3698 «Qui

342 3734 458 3782 σαι,
485 3719 580 3772 καὶ
611 3718 814 3788 βραδὺς
841 3722 922 3783 εἰς
956 3721 1020 3774 τὸ
1047 3721 1299 3794 λαλῆσαι.
1336 3743 1356 3776 ι
1390 3725 1502 3778 Kal
1531 3725 1728 3793 ἐπάγει
1760 3741 1776 3758 ·
1807 3745 1828 3778 ‹
1866 3729 1926 3781 Ei

2029 3730 2274 3786 custodit
2305 3744 2368 3784 os
2396 3744 2582 3792 suum,
2610 3737 2794 3784 servat
2817 3727 3056 3782 animam
3087 3740 3242 3780 suam
3268 3726 3315 3758 ’⁸
3345 3741 3361 3790 ;
3393 3723 3490 3793 qui
3518 3738 3615 3777 au-

338 3811 399 3864 δέ
423 3829 508 3874 τις
529 3812 678 3866 δοκεῖ
701 3812 943 3882 Θρῆσκος
992 3811 1156 3879 εἶναι,
1195 3817 1271 3888 μὴ
1301 3817 1696 3886 χαλιναγωγῶν
1745 3818 1924 3888 γλῶσ-

2031 3829 2142 3877 tem
2168 3820 2502 3877 temerarius
2535 3829 2622 3875 est
2673 3819 2857 3884 labiis,
2916 3816 3116 3888 perdet
3174 3817 3420 3886 seipsum
3471 3815 3541 3869 ".
3589 3832 3607 3866 ι

343 3920 448 3958 σαν
493 3905 686 3969 αὐτοῦ,
740 3906 879 3960 ἀλλὰ
931 3907 1159 3962 ἀπατῶν
1209 3909 1440 3978 καρδίαν
1485 3910 1674 3977 αὐτοῦ,
1735 3913 1927 3966 τούτου

2029 3915 2320 3984 Itemque:
2379 3931 2397 3962 α
2425 3912 2529 3978 Qui
2579 3911 2876 3982 respondet
2922 3923 3258 3972 sermonem,
3291 3907 3612 3976 priusquam

349 3997 582 4065 μάταιος
610 3999 643 4070 ἠ
673 3997 962 4068 θρησκεία.
999 4015 1016 4050 ι
1048 4001 1157 4052 Καὶ
1187 3999 1352 4057 πάλιν
1380 4017 1394 4033 ο
1429 4019 1448 4053 ι
1485 4002 1576 4074 Μὴ
1605 4003 1794 4058 πολλοὶ
1851 4004 1930 4057 δι-

2029 4007 2235 4072 audiat,
2277 4005 2652 4076 imprudentia
2680 4005 2784 4060 erit
2832 4003 2912 4058 illi
2965 4009 3022 4058 et
3073 4000 3434 4072 opprobrium
3479 3999 3546 4054 ".
3587 4016 3606 4050 ι

340 4089 602 4145 δάσκαλοι
631 4091 868 4160 γίνεσθε,
891 4092 1114 4160 ἀδελφοί
1149 4110 1274 4162 μου,
1313 4093 1516 4158 εἰδότες
1539 4097 1624 4148 ὅτι
1649 4095 1710 4149 τὸ
1743 4097 1926 4167 μεῖζον

2029 4097 2233 4152 lterum
2263 4113 2276 4150 :
2311 4116 2329 4148 ι
2357 4095 2415 4155 Si
2451 4093 2658 4150 videris
2682 4094 2865 4148 virum
2895 4093 3140 4147 velocem
3165 4089 3232 4144 ad
3251 4088 3609 4160 loquendum,

343 4183 521 4250 κρῖμα
565 4180 869 4252 ληψόμεθα.
924 4181 1101 4236 Πολλὰ
1148 4183 1258 4254 γὰρ
1303 4184 1571 4256 πταίομεν
1603 4187 1866 4250 ἅπαντες.
1903 4205 1923 4239 ι

2029 4191 2168 4247 scito
2201 4189 2331 4261 quia
2379 4205 2490 4260 pra:
2541 4189 2634 4242 illo
2663 4201 2816 4257 spem
2857 4185 3026 4240 habet
3075 4184 3278 4239 stultus
3324 4182 3392 4236 ⁸⁸.
3425 4200 3442 4232 ι
3503 4180 3607 4235 Et:

343 4275 458 4327 Κτὶ
478 4276 508 4328 ὀ
531 4274 736 4338 Παῦλος
771 4291 785 4304 θ
827 4295 846 4326 ε
876 4276 998 4329 Ἵνα
1019 4277 1078 4339 ἐν
1103 4277 1236 4348 ἡμῖν
1264 4277 1474 4348 μάθητε
1502 4279 1587 4341 τὸ,
1623 4279 1698 4350 μὴ
1731 4279 1873 4350 ὑπὲρ
1900 4279 1929 4334 δ

2037 4303 2056 4334 ι
2083 4282 2350 4338 Sermone
2377 4295 2580 4351 procax
2607 4287 2666 4335 et
2701 4276 3052 4340 temerarius,
3087 4273 3312 4328 odibilis
3341 4273 3451 4328 erit
3479 4270 3548 4324 ⁸⁸.
3585 4289 3606 4324 ο

342 4372 680 4435 γέγραπται.
739 4371 978 4440 φρονεῖν,
1030 4369 1116 4423 ἴνα
1169 4371 1244 4442 μὴ
1282 4365 1363 4433 εἷς
1391 4373 1532 4442 ὑπὲρ
1553 4371 1648 4426 τοῦ
1676 4373 1796 4438 ἐνὸς
1829 4391 1928 4445 φυ-

2029 4373 2266 4430 Jacobus
2297 4390 2312 4428 :
2351 4391 2371 4424 ι
2403 4371 2460 4428 Si
2493 4371 2620 4442 quis
2656 4369 2828 4426 verbo
2862 4385 2973 4424 non
3009 4366 3261 4430 offendit,
3295 4365 3389 4420 hic
3435 4366 3615 4435 perfe-

345 4459 567 4514 σιοῦσθε
614 4462 754 4514 κατὰ
793 4461 888 4514 τοῦ
933 4462 1146 4534 ἑτέρου.
1185 4481 1203 4513 ι
1248 4464 1358 4517 Καὶ
1391 4463 1454 4516 τό
1480 4482 1493 4495 ·
1553 4483 1571 4516 ι
1613 4465 1678 4518 Ἦ
1737 4466 1928 4537 ἀγάπη

2029 4478 2154 4522 ctus
2180 4474 2266 4522 est
2293 4465 2398 4533 vir,
2426 4473 2624 4534 potens
2646 4462 2864 4518 frenare
2887 4461 3053 4516 etiam
3088 4467 3261 4514 totum
3279 4470 3482 4526 corpus
3505 4455 3572 4508 ⁸³.
3588 4473 3608 4507 ι

341 4555 408 4608 εὐ
438 4555 862 4626 περπερεύεται,
905 4555 966 4608 οὐ
1019 4555 1332 4624 φυσιοῦται,
1391 4555 1494 4610 οὐκ
1545 4557 1868 4628 ἀσχημονεῖ.
1905 4577 1924 4610 ι

2032 4559 2288 4614 Rursus:
2331 4575 2349 4608 ε
2388 4555 2474 4610 Sit
2518 4554 2703 4609 omnis
2739 4554 2909 4608 homo
2948 4552 3107 4606 velox
3145 4551 3210 4606 ad
3249 4547 3611 4612 audiendum,

343 4647 458 4699 Kal
491 4647 785 4718 ἐπιφέρει·
828 4665 848 4699 ι
882 4647 1174 4718 Δοκῶγάρ
1205 4649 1288 4702 ὅτι
1344 4649 1375 4702 ὁ
1417 4648 1552 4711 Θεὸς
1609 4651 1758 4720 ἡμᾶς
1803 4649 1929 4714 τοὺς

2033 4650 2223 4705 tardus
2256 4648 2326 4703 ad
2367 4647 2708 4717 loquendum
2745 4645 2814 4699 ⁸⁸.
2851 4663 2870 4698 ι
2911 4643 3130 4700 inducit
3163 4661 3178 4696 :
3228 4659 3246 4693 ι
3278 4639 3335 4719 βε
3366 4640 3491 4710 quis
3519 4656 3619 4694 au.

343 4739 682 4801 ἀποστόλους
712 4743 975 4810 ἐσχάτους
1007 4741 1291 4808 ἀπέδειξεν
1329 4741 1406 4805 ὡς
1455 4741 1863 4802 ἐπιθανατίους.
1905 4761 1927 4796 ι

2031 4751 2142 4798 tem
2189 4739 2410 4796 videtur
2434 4738 2725 4810 religiosus
2753 4751 2895 4801 esse,
2920 4751 3031 4789 non
3061 4733 3347 4788 refrenans
3371 4733 3613 4803 linguam

344 4834 458 4886 Kal
487 4831 578 4886 τόο
615 4851 636 4884 ι
676 4832 868 4903 Ἦμετς
895 4833 1070 4904 μωροὶ
1101 4833 1190 4887 διὰ
1218 4835 1260 4887 Χ
1268 4833 1474 4906 ριστόν.
1505 4852 1524 4885 ι
1547 4834 1804 4904 ’Ἄμεινον
1835 4829 1930 4888 οὖν

2031 4831 2398 4901 suam,bujus
2423 4845 2562 4884 vana
2587 4825 2673 4884 est
2693 4826 2894 4897 religio
2917 4827 2995 4880 ⁸⁸.
3037 4845 3057 4878 ι
3093 4826 3297 4881 lterum
3331 4843 3346 4878 :
3381 4842 3400 4876 ι
3433 4823 3614 4879 Nolite

345 4925 497 4977 ἐστιν
533 4925 764 4996 σιωπᾷν,
807 4923 905 4978 καὶ
934 4919 1098 4988 εἶναι,
1125 4924 1158 4997 ἥ
1191 4923 1491 4995 λαλοῦντας
1522 4919 1778 4995 μὴεῖναι.
1811 4924 1928 4976 Κα-

2031 4924 2189 4980 multi
2225 4939 2348 4979 esse
2378 4920 2645 4992 magistri,
2671 4919 2868 4975 fratres
2889 4917 3017 4982 mei,
3033 4917 3271 4974 scientes
3289 4917 3418 4985 quia
3439 4915 3617 4984 majus

345 5015 440 5068 λδν
475 5015 540 5068 τὸ
559 5007 856 5078 διδάσκέιν,
889 5016 988 5071 ἐὰν
1019 5018 1048 5070 ὁ
1071 5016 1248 5085 λέγων
1278 5018 1430 5101 ποιῇ.
1459 5011 1550 5082 Εἷς
1572 5012 1666 5071 οὖν
1703 5019 1732 5072 ὁ
1785 5017 1928 5072 διδά-

2027 5017 2298 5089 judicium
2319 5029 2621 5071 sumemus.
2645 5013 2706 5067 In
2733 5011 2923 5066 nniltis
2951 5010 3099 5066 enim
3134 5009 3471 5065 offendimus
3497 5024 3613 5063 om-

349 5108 549 5172 σκαλος
576 5124 591 5139 ο
642 5109 720 5172 ὡς
773 5103 947 5175 εἶπεν,
1007 5110 1103 5164 καὶ
1164 5109 1402 5178 ἐγένετο.
1457 5109 1567 5164 Kal
1593 5107 1633 5180 ﬂ.
1669 5109 1835 5179 σιγῶν
1871 5111 1930 5164 δὲ

2034 5126 2136 5166 nes
2155 5111 2224 5164 “.
2255 5129 2274 5161 ι
2309 5109 2512 5175 Paulus
2543 5107 2674 5162 item
2709 5123 2723 5160 :
2767 5123 2786 5156 ι
2815 5105 2886 5162 Ut
2935 5103 2990 5159 in
3032 5103 3199 5158 nobis
3231 5102 3457 5157 discatis
3505 5115 3615 5155 non

347 5203 674 5276 πεποίηκεν,
712 5203 842 5269 ἄξια
883 5203 979 5258 τοῦ
1009 5204 1219 5274 Πατρός
1255 5207 1419 5258 ἐστιν.
1467 5204 1527 5261 '0
1557 5205 1714 5281 λόγον
1755 5205 1931 5276 Ἰησοῦ

2031 5220 2198 5276 supra
2225 5217 2290 5256 ca
2317 5215 2442 5270 quae
2466 5197 2673 5266 scripta
2705 5202 2837 5251 Slll'll
2856 5210 3072 5266 sapere,
3105 5202 3166 5248 υι
3212 5208 3283 5248 ne
3323 5206 3467 5247 unus
3513 5205 3617 5262 pro

347 5294 590 5367 Χριστοῦ
629 5295 990 5366 κεκτημένος,
1041 5297 1262 5366 ἀληθῶς
1286 5296 1510 5362 δύναται
1541 5297 1636 5351 καὶ
1669 5299 1767 5368 τῆς
1797 5299 1932 5368 ἠσυ-

2030 5314 2142 5359 uno
2174 5295 2398 5352 inﬂetur
2423 5293 2688 5358 adversus
2721 5289 2956 5345 alterum
2981 5289 3049 5341 °'.
3083 5307 3102 5341 ι
3131 5287 3197 5343 Et
3218 5285 3352 5342 illud
3379 5303 3393 5339 :
3425 5303 3444 5336 ι
3469 5283 3616 5340 Cha-

349 5389 474 5460 χίας
505 5388 673 5442 αὑτοῦ
700 5387 944 5454 ἀκούειν,
980 5385 1122 5464 ἵναῇ
1151 5389 1358 5454 τέλειος
1395 5405 1408 5418 ·
1440 5389 1526 5442 ἵνα
1551 5389 1620 5442 δι’
1655 5381 1730 5442 ὧν
1760 5389 1930 5452 λαλεῖ,

2031 5391 2170 5446 ritas
2212 5403 2324 5442 non
2360 5385 2474 5455 agit
2501 5398 2814 5454 perperam,
2843 5397 2953 5436 non
2981 5380 3222 5446 inﬂatur,
3245 5395 3357 5434 non
3388 5387 3474 5434 est
3497 5393 3617 5432 am-

349 5481 596 5552 πρὰσσῃ,
627 5481 721 5534 καὶ
753 5479 822 5534 δι’
867 5473 943 5534 ὧν
993 5482 1140 5552 σιγᾷ,
1187 5481 1546 5553 γινώσκηται.
1602 5482 1768 5535 υῦδὲν
1825 5481 1934 5553 γὰρ

2031 5477 2330 5536 biliosa”.
2370 5495 2388 5530 ι
2427 5478 2496 5533 Ει
2546 5475 2752 5531 infert:
2815 5493 2832 5526 ι
2871 5474 3012 5530 Puto
3067 5474 3216 5528 enim
3271 5471 3418 5542 quod
3469 5470 3617 5525 Dens

348 5569 718 5624 λανθάνειτὸν
757 5570 982 5641 Κύριον,
1044 5571 1180 5626 am
1243 5573 1338 5626 καὶ
1379 5575 1449 5626 τὰ
1502 5572 1722 5644 κρυπτὰ
1751 5572 1930 5644 ἡμῶν,

2031 5590 2134 5630 nos
2174 5571 2453 5644 apostolos
2487 5569 2819 5624 novissimos
2853 5566 3121 5634 ostendit,
3159 5575 3417 5634 tanquam
3447 5561 3609 5618 morti

423 5751 705 5826 τξέίαιψἒ
732 5769 854 5817 xxv,
883 5753 936 5808 4.
1012 5752 1253 5826 πρωί,
1279 5768 1390 5826 ξιτ,
1426 5753 1516 5810 l6.
1537 5754 1714 5826 squf
1728 5753 2009 5826 Pnagvng

2025 5795 2032 5816 .
2063 5751 2153 5810 26.
2204 5753 2275 5826 1’
2309 5751 2470 5826 Prov:
2487 5766 2620 5814 xv",
2650 5749 2742 5826 εξ.
2817 5749 2864 5826 ’ξ
2890 5749 3048 5826 ῐξτον.
3072 5763 3193 5826 ιιι,
3210 5745 3427 5826 23.“:
3443 5742 3611 5826 fieri}

354 5841 427 5888 nt,
452 5823 544 5879 25.
611 5823 660 5855 ”
681 5813 1020 5887 Protin-nt,
1057 5823 1138 5878 l5.
1211 5821 1256 5854 ⁸¹
1292 5813 1454 5878 Prov.
1487 5813 1745 5889 xm,‘20.
1819 5813 2053 5878 "Eccli.
2081 5839 2156 5888 Ix,
2196 5823 2286 5877 25.
2354 5823 2399 5853 ’³⁸
2436 5821 2548 5876 Jac.
2586 5813 2662 5884 m,
2694 5819 2750 5872 2.
2827 5819 2871 5852 “
2902 5817 3018 5872 Jac.
3056 5833 3094 5885 ι,
3133 5816 3216 5872 l9.
3293 5813 3490 5870 "ibid.
3522 5813 3612 5868 i6.

359 5895 402 5928 ’(³
440 5893 552 5952 Jac.
591 5909 668 5958 ιιι,
715 5895 761 5957 Ι,
793 5894 845 5946 2.
921 5895 963 5924 "'
1000 5894 1015 5946 Ι
1047 5894 1172 5947 Cor.
1214 5910 1286 5958 ιν,
1319 5893 1371 5948 6.
1442 5894 1486 5926 ⁸⁸
1523 5892 1694 5950 lCor.
1725 5910 1842 5958 xm,
1891 5895 1943 5948 4.
