4016 6460
533 303 675 370 1507

1807 295 2175 359 ANTIOCHI
2217 296 2567 357 MONACHI

3688 302 3804 368 1308

528 425 774 495 aliquem
820 419 1007 476 concit
1041 417 1257 474 animos
1302 434 1315 470 :
1357 414 1463 487 tae
1490 413 1814 471 memineris
1860 412 2131 469 orationis

2245 413 2330 467 καὶ
2363 411 2567 477 εὐθέως
2610 412 2644 484 ἡ
2697 412 2934 476 ἄτακτος
2969 413 3027 466 ὲν
3067 411 3152 466 σοὶ
3177 411 3396 484 κίνησις
3431 414 3719 488 ἠρεμήσει.
3757 419 3804 475 '0

530 514 837 572 Dominicaa
867 522 1037 583 atque
1065 510 1241 581 ipsius
1262 508 1486 582 judicii,
1514 516 1571 564 ct
1594 507 1889 563 confestim
1920 505 2132 562 inordi-

531 616 698 664 natus
727 603 1148 661 effervescentis
1178 595 1351 657 animi
1398 609 1582 656 motus
1617 599 1887 655 residebit
1909 606 1967 654 et
1993 613 2131 655 con-

531 699 803 770 quiescet.
828 696 1037 753 ‘lsthmc
1074 695 1222 750 enim
1261 692 1587 765 praefervida
1617 691 1979 763 intemperies
2009 690 2132 747 ani-

533 794 633 859 mi,
660 802 859 865 praeter
895 799 1129 846 caeteras
1161 789 1390 844 vitiosas
1419 787 1763 853 affectiones,
1798 787 1922 857 plus
1948 784 2134 840 concit

535 880 849 935 turbarum.
908 878 1021 933 Nec
1082 877 1189 933 hoc
1236 876 1440 941 solum,
1491 876 1587 932 sed
1641 876 1884 931 animam
1931 875 2136 946 premit

535 973 740 1028 misere
786 979 844 1025 et
876 971 1102 1026 amictat
1147 969 1523 1025 continenter.
1576 969 1697 1025 Duo
1728 968 1822 1024 isti
1874 967 2131 1032 allectus,

536 1079 737 1135 nempe
768 1063 851 1117 ira
874 1071 931 1117 et
955 1061 1291 1132 indignatio,
1317 1071 1550 1132 nepotes
1573 1062 1766 1133 utique
1789 1069 1919 1117 sunt
1940 1060 2137 1117 matris

537 1159 725 1220 unius,
754 1158 874 1227 ejus
899 1171 1021 1226 qua:
1049 1154 1289 1210 stultitia
1320 1162 1557 1209 vocatur
1586 1155 1705 1210 sive
1737 1154 2134 1226 imprudentia.

536 1251 631 1308 Ait
664 1249 812 1305 enim
852 1265 866 1302 :
907 1265 924 1298 ι
966 1246 1168 1301 Totum
1212 1246 1462 1301 animum
1517 1262 1682 1301 suum
1726 1247 1940 1317 profert
1994 1246 2137 1302 stul-

540 1352 632 1399 tus
662 1343 725 1397 “‘.
765 1361 783 1394 ι
829 1342 899 1396 Ει
933 1359 947 1395 :
983 1359 1002 1392 ι
1055 1339 1272 1395 Stultus
1303 1339 1424 1410 ipso
1469 1338 1559 1399 die
1595 1339 1785 1410 prodit
1829 1339 1967 1395 iram
2005 1340 2071 1394 ”.
2112 1359 2132 1393 ι

537 1436 643 1503 Qui
688 1435 859 1506 igitur
903 1433 972 1488 ab
1017 1433 1122 1488 hac
1166 1433 1345 1486 invisa
1390 1440 1448 1486 et
1494 1431 1684 1488 hostili
1724 1441 1974 1503 parente,
2014 1448 2140 1502 quae

538 1529 679 1584 istos
730 1526 1035 1598 progenuit
1091 1524 1262 1587 fctus,
1296 1523 1574 1595 disparari
1622 1524 1744 1579 vult
1785 1541 1851 1580 ac
1896 1524 2134 1596 sejungi,

535 1619 784 1689 seipsmn
835 1627 894 1672 ut
924 1617 1112 1671 vincat
1158 1630 1391 1671 necesse
1423 1623 1532 1680 est,
1570 1613 1626 1669 in
1658 1615 1831 1669 multa
1873 1608 2138 1686 patientia

536 1721 597 1767 et
625 1709 813 1765 cordis
843 1708 1099 1772 lenitate,
1129 1707 1369 1779 supplici
1402 1712 1569 1778 prece
1604 1705 1674 1761 ad
1701 1707 1897 1772 Deum,
1938 1707 2137 1777 suique

2236 503 2347 574 γὰρ
2370 502 2542 574 θυμὸς
2574 501 2759 556 πλεῖον
2781 502 2889 555 τῶν
2908 502 3086 556 ἄλλων
3111 502 3300 558 παθών
3319 507 3625 575 ταράττειν
3672 511 3807 567 eiul):

2236 596 2333 652 καὶ
2360 598 2586 667 συγχεῖν
2618 596 2719 666 τὴν
2747 594 2949 668 ψυχήν.
2989 596 3048 650 '0
3081 596 3252 668 θυμὸς
3284 606 3383 653 καὶ
3408 602 3445 671 ἡ
3473 593 3633 672 ὀργὴ,
3668 606 3714 657 οί
3733 604 3810 661 δίο

2233 681 2382 743 οῦτοι
2408 690 2539 759 μιᾶς
2565 687 2773 759 μητρὸς
2790 687 2994 760 ἥττονα
3017 691 3345 761 τυγχάνουσι
3368 693 3474 759 τῆς
3497 694 3809 768 καλουμένης

2234 782 2578 854 ἀφροσύνης.
2641 782 2783 854 Φησὶ
2844 782 2988 854 γάρ’
3026 801 3047 835 ι
3098 783 3264 837 ’Ὀλον
3319 785 3418 839 τὸν
3462 785 3636 857 θυμὸν
3671 791 3810 845 αὑτοῦ

2236 876 2466 948 ἐκφέρει
2511 874 2727 945 ἄφρων.
2759 893 2778 926 ι
2814 875 2965 929 Καί·
2998 894 3018 927 ι
3056 876 3284 949 Ἄφρων
3321 878 3649 950 αὐθήμερον
3677 881 3811 952 Eiar-

2235 965 2424 1035 γέλλει
2461 964 2658 1036 ὀργήν.
2699 982 2719 1016 ι
2770 963 2828 1019 '0
2868 963 2963 1019 οὖν
2992 964 3164 1020 θέλων
3208 968 3565 1040 χωρισθῆναι
3607 971 3711 1028 ἀπὸ
3733 977 3811 1046 τῆς

2236 1058 2540 1130 δυσμενοῦς
2567 1061 2842 1130 τεκούσης
2898 1059 3127 1124 αὐτοὺς,
3169 1063 3520 1134 κρατησάτω
3556 1066 3738 1119 ἑαυτὸν
3765 1071 3812 1120 ἐν

2239 1152 2493 1223 ὑπομονῇ
2546 1151 2744 1223 πολλῇ,
2796 1148 2895 1206 καὶ
2944 1153 3150 1224 πραείᾳ
3211 1155 3416 1227 καρδίᾳ
3462 1156 3559 1209 καὶ
3606 1160 3667 1229 τῇ
3702 1161 3814 1232 πρὸς

2238 1248 2372 1302 Θεὸν
2428 1249 2631 1320 ἱκεσίᾳ,
2671 1249 2763 1303 καῖ
2812 1249 2901 1300 διὰ
2939 1247 3033 1300 τοῦ
3084 1249 3437 1320 ἀρνήσασθαι
3490 1251 3813 1308 ἐαυτόν·κ;ιὶ

2237 1341 2453 1412 ταχέως
2507 1330 2891 1411 ἐλευθεροῦται
2928 1341 2988 1410 ἐξ
3031 1342 3226 1411 αὐτῆς.
3267 1344 3385 1398 Kal
3421 1343 3640 1413 γίνεται
3673 1349 3698 1400 ὀ
3724 1349 3811 1413 υίὸς

2238 1432 2340 1502 τῆς
2372 1431 2567 1502 σοφίας
2592 1432 2856 1503 θεόφοϐος
2881 1435 2978 1488 καὶ
3009 1434 3278 1504 θεόφιλος.
3318 1455 3337 1487 ι
3395 1437 3579 1509 Ἀρχὴ
3622 1440 3723 1512 γὰρ
3743 1458 3811 1495 σο⁴

2242 1525 2394 1595 φίας,
2433 1525 2598 1595 φόϐος
2624 1525 2856 1597 Κυρίου.
2886 1545 2906 1579 ›
2941 1520 3085 1582 Καίῖ
3119 1546 3139 1579 ι
3173 1529 3236 1581 Οἱ
3261 1529 3606 1597 ἀγαπῶντες
3625 1534 3814 1587 abiliti-

2244 1633 2382 1687 ριον,
2429 1619 2643 1687 μισεῖτε
2675 1618 2911 1689 πονηρά.
2943 1636 2963 1670 ι
3009 1619 3104 1672 Ἐκ
3134 1619 3228 1672 τοῦ
3266 1622 3382 1692 γάρ
3418 1622 3597 1690 φόϐου
3640 1625 3713 1687 είς
3735 1628 3810 1694 τὴν

2241 1707 2464 1779 ἀγάπην
2504 1709 2793 1778 προϐαίνει
2827 1709 2922 1763 τοῦ
2963 1709 3124 1766 Θεοῦ.
3156 1714 3269 1766 Kal
3317 1715 3349 1765 ὁ
3403 1714 3810 1787 Ἐκκλησιαστής

539 1803 719 1874 ipsius
749 1799 1153 1870 abnegatione;
1187 1811 1244 1855 et
1290 1799 1338 1855 is
1375 1800 1510 1871 jugo
1534 1799 1629 1854 illo
1667 1814 1797 1856 mox
1821 1799 2140 1869 emancipa-

2245 1817 2413 1870 φησιν
2441 1817 2453 1828 ·
2497 1820 2517 1853 ι
2561 1803 2902 1875 ’Δπόστησον
2937 1803 3113 1874 θυμόν
3154 1822 3251 1858 σου
3284 1806 3402 1860 ἀπὸ
3457 1808 3681 1880 καρδίας
3719 1826 3805 1864 σου·

537 1904 654 1959 tur,
694 1893 865 1964 (itque
890 1892 1039 1947 titius
1063 1890 1373 1962 sapientiae.
1408 1890 1553 1957 Quid
1578 1891 1769 1951 enim?
1800 1890 1898 1947 Dei
1923 1891 2137 1948 consti-

537 1987 717 2044 tuitur
775 1985 1031 2050 amicus,
1094 1984 1270 2040 Deum
1331 1985 1593 2039 observat
1643 1984 1953 2040 venerabili
2009 2000 2137 2040 cum

541 2081 741 2135 timore
774 2094 790 2131 :
827 2097 846 2129 ι
893 2075 1120 2132 Initium
1164 2075 1441 2147 siquidem
1477 2075 1783 2146 sapientiae,
1823 2076 1990 2131 timor
2027 2076 2138 2131 Do-

539 2171 677 2226 mini
704 2172 767 2226 ³⁸.
825 2190 847 2225 ι
894 2170 964 2225 Ει
1012 2186 1026 2223 :

540 2263 688 2316 mala
721 2260 785 2314 ³⁷.
822 2278 842 2311 ι
877 2263 923 2316 Α
954 2260 1156 2314 timore
1183 2257 1332 2313 enim
1374 2259 1471 2313 Dei
1507 2257 1576 2313 ad
1606 2259 1729 2329 ejus
1756 2257 2136 2323 dilectionem,

540 2357 681 2414 ordo
715 2365 802 2413 est
843 2370 1199 2427 progressus.
1234 2351 1344 2409 Sed
1382 2362 1438 2407 et
1466 2352 1874 2407 Ecclesiastes:
1910 2369 1928 2402 ι
1967 2350 2141 2406 Aufer

541 2448 885 2511 iracundiam
908 2464 936 2504 a
960 2447 1126 2504 corde
1150 2459 1267 2511 tuo,
1292 2454 1350 2501 et
1373 2461 1597 2501 remove
1627 2444 1896 2499 malitiam
1921 2460 1951 2499 a
1975 2458 2142 2503 carne

541 2550 636 2596 tua
672 2540 736 2594 ".
777 2559 796 2593 ι
835 2539 896 2596 1n
923 2538 1213 2594 Parabolis
1258 2552 1481 2609 quoque
1513 2556 1527 2592 :
1557 2537 1831 2604 Mansueti
1879 2536 2052 2594 animi
2085 2547 2144 2592 et

541 2632 836 2705 placabilis
868 2631 956 2686 vir
990 2629 1178 2685 cordis
1216 2639 1303 2685 est
1333 2629 1606 2691 medicus.
1647 2629 1798 2684 tinea
1823 2638 2010 2685 autem
2048 2644 2143 2685 os-

542 2727 712 2791 sium,
737 2740 835 2780 cor
866 2723 1221 2779 sensitivum.
1243 2721 1486 2777 Rursum
1519 2739 1533 2775 ι
1567 2740 1585 2773 ι
1619 2720 1929 2791 Responsio
1961 2721 2146 2776 mollis

543 2814 745 2871 avertit
772 2814 907 2868 iram
937 2813 1014 2880 ¹⁹;
1043 2811 1140 2883 qui
1174 2826 1425 2883 praeceps
1463 2820 1548 2867 est
1578 2811 1647 2865 ad
1680 2810 1844 2878 iram,
1881 2819 2146 2889 operatur

546 2908 669 2963 sine
698 2905 935 2961 consilio
964 2905 1032 2960 ¹⁰.
1082 2924 1101 2956 ι
1150 2903 1394 2960 Rursum
1433 2920 1447 2956 :
1491 2922 1510 2955 ι
1557 2903 1651 2958 Vir
1679 2903 1925 2974 prudens
1969 2903 2145 2958 multa

546 3000 744 3056 sutl‘ert
771 3001 839 3055 “.
875 3018 895 3051 ι
927 2999 997 3054 Ει
1028 3014 1043 3053 :
1084 3017 1103 3051 ‹
1144 2996 1505 3068 Longanimis
1546 2996 1636 3051 vir
1664 2996 1852 3051 multae
1888 3006 1975 3052 est
2003 3012 2141 3067 pru-

550 3092 776 3159 dentiae,
802 3090 1176 3163 pusillanimis
1199 3100 1406 3154 autem,
1441 3088 1603 3145 fortis
1630 3096 1717 3143 est
1746 3088 1984 3143 stultitia
2009 3089 2079 3144 ³³.
2113 3108 2133 3141 ι

527 3184 655 3240 Et:
699 3203 717 3235 ι
753 3183 850 3238 Vir
894 3181 1198 3238 iracundus
1230 3180 1557 3251 neutiquam
1590 3180 1824 3250 pulcher
1857 3181 1923 3236 ”.
1970 3200 1989 3233 ι
2022 3181 2092 3236 Ει
2124 3198 2139 3236 :

549 3276 751 3331 Totum
795 3274 1044 3330 animum
1077 3288 1240 3329 suum
1274 3271 1492 3343 profert
1527 3271 1758 3338 stultus,
1792 3272 2015 3342 sapiens
2039 3286 2144 3326 au-

550 3378 660 3422 tem
718 3376 965 3422 reservat
1015 3382 1114 3438 per
1167 3374 1384 3436 partem
1425 3365 1495 3418 ".
1540 3382 1558 3415 ι
1594 3364 1805 3421 lterum
1839 3380 1855 3417 :
1885 3383 1903 3417 ι
1941 3363 2022 3419 Ne
2068 3364 2146 3419 sis

549 3461 710 3516 velox
743 3458 942 3530 spiritu
972 3458 1040 3513 ad
1069 3456 1450 3520 irascendum,
1480 3455 1610 3525 quia
1645 3456 1723 3510 ira
1752 3456 1807 3511 in
1845 3456 1971 3512 sinu
2003 3456 2146 3511 stul-

550 3560 733 3607 torum
772 3548 1076 3619 requiescit
1099 3548 1166 3601 ⁸⁵.
1199 3566 1218 3600 ι
1242 3578 1311 3586 -
1334 3566 1352 3599 ι
1386 3548 1561 3602 Homo
1600 3546 1909 3601 iracundus
1950 3546 2146 3602 incen-

550 3645 633 3699 dit
672 3657 935 3713 pugnam,
974 3656 1088 3696 non
1135 3641 1285 3697 enim
1338 3641 1547 3711 poterit
1592 3638 1896 3695 iracundus
1937 3638 2145 3710 justiﬁ-

549 3736 689 3790 cari.
721 3734 819 3788 Vir
844 3742 1105 3803 peccator
1138 3722 1390 3787 turbabit
1423 3731 1656 3797 amicos,
1689 3739 1746 3786 et
1792 3730 1849 3785 in
1896 3730 2143 3785 medium

550 3841 745 3897 pacem
793 3823 1120 3879 habentium
1162 3822 1426 3878 immittet
1460 3822 1797 3877 calumniam
1821 3822 1887 3876 “.
1924 3841 1943 3874 ι
1975 3821 2145 3876 Indu-

550 3920 630 3974 cit
663 3936 676 3971 :
716 3938 735 3970 ι
761 3918 841 3974 Ne
868 3917 1039 3974 tueris
1059 3917 1247 3974 socius
1263 3916 1384 3971 viro
1407 3915 1695 3981 iracundo,
1718 3914 1899 3970 amico
1920 3928 2146 3985 quoque

550 4012 765 4068 furioso
788 4027 860 4066 ne
883 4010 1192 4075 cohabites,
1218 4024 1289 4065 ne
1323 4009 1472 4064 forte
1495 4008 1679 4064 discas
1709 4009 1853 4063 viam
1882 4009 2006 4079 ejus
2028 4008 2094 4062 ³⁷.
2119 4026 2137 4059 ι

551 4107 631 4162 De
668 4104 940 4170 ejusmodi
977 4103 1145 4159 etiam
1179 4102 1350 4157 David
1380 4119 1395 4156 :
1427 4120 1446 4152 ι
1478 4101 1657 4156 Furor
1698 4100 1810 4155 illis
1838 4099 2145 4155 secundum

552 4195 980 4253 similitudinem
1029 4192 1346 4264 serpentis,
1405 4192 1552 4248 sicut
1600 4191 1811 4262 aspidis
1858 4191 2042 4246 surdae
2089 4200 2149 4246 et

550 4287 870 4343 obturantis
911 4300 1078 4341 aures
1125 4300 1257 4340 suas
1288 4285 1356 4339 ".
1401 4304 1421 4337 ι
1464 4283 1944 4350 Quemadmodum
1993 4283 2144 4337 enim

555 4381 758 4452 vipera:
789 4380 940 4436 fetus
969 4386 1203 4434 matrem
1233 4376 1508 4432 arrodunt
1547 4392 1728 4439 suam,
1761 4377 1844 4432 sic
1887 4375 2146 4432 iracundi

1080 2187 1098 2221 ι
1151 2169 1258 2236 Qui
1303 2169 1536 2241 diligitis
1586 2169 1923 2235 Dominum,
1986 2169 2179 2225 odite‘

2243 1892 2348 1944 καὶ·
2372 1892 2666 1983 παράγαγε
2718 1895 2990 1966 πονηρίαν
3017 1897 3127 1951 ἀπὸ
3169 1900 3380 1970 σαρκός
3420 1918 3546 1957 σου.
3591 1921 3611 1956 ι
3651 1905 3807 1959 Καὶέν

2241 1987 2360 2048 ταῖς
2395 1986 2750 2056 Παροιμίαις,
2806 1988 3133 2058 πραΰθυμος
3166 1991 3309 2062 ἀνὴρ
3346 1994 3590 2065 καρδίας
3631 1997 3803 2069 ἱατρός·

2244 2075 2343 2147 σὴς
2371 2075 2428 2130 δὲ
2459 2076 2664 2130 ὀστέων
2687 2078 2887 2150 καρδία
2917 2080 3237 2152 αίσθητική.
3265 2083 3383 2136 Kal
3416 2085 3605 2139 πάλιν*
3635 2106 3654 2138 ι
3689 2089 3805 2143 ’Δπὸ-

2242 2184 2427 2238 κρισις
2458 2169 2846 2224 ὑποπίπτουσα
2887 2172 3469 2245 ἀποστρέφειθυμόνο
3506 2178 3538 2231 ὁ
3570 2179 3627 2232 δὲ
3655 2179 3802 2245 ὀξύθυ-

2245 2279 2346 2331 μος
2391 2262 2633 2333 πράσσει
2669 2263 2811 2334 μετὰ
2846 2263 3161 2327 ἀϐουλίας.»
3199 2267 3311 2320 Καὶ
3346 2267 3523 2322 πάλιν
3563 2286 3580 2302 ο
3618 2290 3637 2322 ι
3686 2271 3794 2342 ’Δγὲρ

2244 2352 2515 2424 φρόνιμος
2544 2353 2718 2408 πολλὰ
2749 2355 3035 2426 ὑποφέρει,
3079 2376 3099 2409 ι
3158 2358 3292 2423 Kal,
3333 2379 3353 2410 ι
3399 2361 3461 2414 Ὀ
3499 2364 3795 2434 μακρὸθυξιις

2243 2444 2383 2516 ἀνὴρ
2414 2444 2582 2508 πολὺς
2613 2446 2674 2499 ἐν
2721 2446 3005 2516 φρονήσει.
3045 2447 3104 2501 '0
3133 2448 3190 2501 δὲ
3234 2447 3583 2522 ὀλιγόψυχος
3629 2453 3801 2524 ἰσχυρὸς

2245 2535 2456 2608 ἄφρων.
2498 2555 2518 2589 ι
2556 2537 2702 2590 Καί·
2737 2556 2755 2589 ι
2798 2537 2962 2609 Ἀνὴρ
3012 2538 3269 2613 θυμώδης
3315 2543 3425 2597 οὐκ
3472 2544 3798 2616 εὐσχήμων.ι

2244 2628 2357 2683 Kal
2372 2624 2529 2693 αὖθις
2556 2645 2570 2661 ο
2601 2648 2620 2682 ι
2650 2629 2814 2685 Ὀλον
2840 2631 2936 2685 τὸν
2971 2631 3141 2702 θυμὸν
3178 2634 3352 2688 αὑτοῦ
3377 2636 3608 2707 ἐκφέρει
3638 2637 3802 2705 ἄφρων.

2245 2719 2410 2790 σοφὸς
2435 2720 2491 2775 δὲ
2521 2722 2852 2793 ταμιεύεται
2884 2723 3028 2779 κατὰ
3058 2726 3250 2797 μέρος.
3284 2745 3302 2778 ι
3339 2729 3459 2781 Kal
3491 2730 3667 2793 πάλιν,
3703 2729 3802 2798 alii]

2248 2812 2494 2885 σπεύσῃς
2550 2816 2609 2868 ἐν
2664 2816 2938 2887 πνεύματί
3009 2834 3106 2871 σου
3162 2818 3515 2890 θυμοῦσθαι,
3568 2822 3804 2892 δτιθυμὸς

2247 2907 2305 2960 ἐν
2335 2906 2523 2979 κόλπῳ
2578 2909 2832 2978 ἀφρόνων
2853 2908 3252 2966 ἀναπαύεται.»
3293 2914 3408 2968 Καὶ
3445 2913 3624 2977 πάλιν,
3659 2933 3676 2966 ι
3709 2914 3805 2968 Ἂν-

2247 3000 2468 3072 θρωπος
2526 3000 2801 3074 θυμώδης
2841 3004 3060 3058 ἐκκαίει
3119 3006 3327 3077 μάχην.
3376 3008 3469 3062 Oti
3520 3006 3627 3078 γὰρ
3676 3005 3801 3075 δυνή-

2249 3110 2407 3148 σεται
2447 3094 2735 3166 ἄνθρωπος
2765 3096 3026 3167 θυμώδης
3049 3090 3445 3171 δικαιωθῆναι.
3478 3120 3496 3151 ι
3526 3101 3631 3153 Kal
3658 3095 3798 3161 αὖθις,

2254 3204 2274 3237 ι
2324 3187 2491 3258 Ἀνὴρ
2522 3188 2851 3259 ἁμαρτωλὸς
2897 3191 3129 3261 ταράξει
3169 3192 3387 3261 φίλους.
3419 3193 3515 3247 καὶ
3544 3192 3646 3245 δινά
3674 3192 3800 3259 μέσον

2247 3271 2641 3347 εἰρηνευὸντων
2676 3274 2907 3351 ἐμϐατλεί
2933 3281 3246 3354 διαϐολήν.»
3284 3286 3401 3339 Kal
3431 3287 3629 3353 ἐπάγει
3657 3300 3670 3312 ·
3695 3302 3711 3333 ι
3729 3281 3797 3351 Μὴ

2250 3367 2358 3422 ἴσθι
2391 3370 2606 3440 ἑταῖρος
2657 3380 2681 3410 α
2725 3372 2882 3443 ἀνδρὶ
2915 3371 3178 3443 θυμώδει.
3225 3374 3374 3445 Φίλῳ
3422 3375 3483 3428 δὲ
3524 3372 3711 3445 ὀργίλῳ
3742 3370 3795 3440 μὴ

2250 3458 2596 3526 συναυλίζου,
2633 3462 2706 3532 μή
2749 3479 2882 3515 ποτε
2920 3462 3101 3536 μάθῃς
3132 3464 3230 3534 τὴν
3259 3466 3390 3519 ὁδὸν
3437 3465 3622 3520 αὑτοῦ.
3661 3482 3678 3515 ι
3718 3460 3796 3514 Καὶ

2247 3555 2277 3606 ὁ
2300 3554 2468 3607 Δαϐὶδ
2498 3555 2860 3626 περὶτούτων
2889 3557 3047 3627 φησὶ,
3089 3577 3109 3609 ι
3133 3558 3320 3630 Θυμὸς
3362 3561 3546 3623 αὐτοῖς
3577 3557 3703 3613 κατά
3723 3556 3797 3625 τὴν

2246 3645 2510 3713 ὁμοίωσιν
2536 3645 2629 3699 τοῦ
2666 3646 2864 3715 ὄφεως,
2897 3649 3035 3702 ὡσεὶ
3063 3651 3292 3716 ἀσπίδος
3335 3651 3532 3720 κωφῆς
3559 3653 3646 3705 καὶ
3674 3646 3794 3719 ﬂumi-

2250 3753 2350 3807 σης
2384 3737 2453 3790 τὰ
2499 3731 2616 3792 ὦτα
2659 3740 2851 3811 αὐτῆς.
2892 3759 2913 3794 ι
2948 3741 3162 3811 Ὥσπερ
3204 3744 3322 3815 γὰρ
3377 3744 3448 3798 τά
3493 3743 3590 3814 τῆς
3623 3741 3792 3812 ἐχίδνης

2247 3830 2570 3911 γεννήματα
2615 3832 2968 3887 κατεσθίουσι
3006 3835 3277 3889 τεκοῦσαν
3313 3837 3546 3908 μητέρα.
3575 3834 3704 3890 οὕτω
3728 3832 3788 3883 λο-

2249 3922 2447 3994 γισμὸς
2490 3923 2767 3996 θυμώδης.
2812 3926 2876 3979 Ἦ
2924 3922 3208 3999 προσευχὴ
3266 3930 3365 3984 τοῦ
3416 3928 3700 4000 θυμώδους.
3737 3923 3789 3984 ὡς

2249 4015 2508 4087 θυμίαμα
2559 4017 2981 4087 ἐϐδελυγμένον,
3019 4020 3112 4073 καὶ
3163 4022 3198 4092 ἡ
3247 4021 3547 4092 ψαλμῳδία
3575 4012 3787 4073 abso-311:;

2248 4104 2385 4181 ἦχος
2416 4109 2607 4181 ἀηδής.
2642 4112 2752 4164 Kal
2784 4109 2978 4182 ὥσπερ
3012 4111 3149 4165 λέων
3179 4115 3237 4166 ἐν
3273 4112 3478 4185 ζώγρῳ
3527 4111 3658 4165 κινεῖ
3693 4106 3785 4164 τοὺς

2252 4202 2592 4272 στράφιγγας
2623 4203 2889 4274 συνεχῶς,
2912 4203 3060 4259 οὕτω
3088 4204 3183 4258 καὶ
3216 4205 3483 4277 θυμώδης
3501 4203 3695 4258 ἐκκαίει
3720 4200 3783 4250 λο-

2249 4295 2485 4365 γισμοὺς
2514 4296 2708 4367 ὀργῆς.
2738 4297 2846 4350 Καὶ
2881 4294 3073 4368 ὥσπερ
3113 4297 3319 4367 ἄνεμος
3353 4298 3578 4369 σφοδρὸς
3597 4294 3653 4348 οὐ
3683 4288 3785 4345 κινεί

2251 4387 2466 4460 πῦργον
2499 4389 2697 4459 ὀχυρὸν
2719 4430 2733 4454 ,
2763 4387 2910 4443 οὕτω
2935 4388 3118 4462 ψυχὴν
3158 4391 3435 4463 ἀόργητον
3464 4391 3523 4443 οὐ
3558 4380 3780 4455 συναρπά-

552 4471 800 4528 hominis
846 4470 1215 4542 cogitationes
1260 4483 1361 4525 cor
1403 4469 1672 4526 exedunt.
1721 4468 1795 4527 Ut
1847 4469 2142 4541 thymiama

2253 4479 2338 4545 ζει
2367 4481 2561 4553 θυμός.
2590 4479 2651 4535 Ὀ
2675 4480 2732 4534 δὲ
2779 4481 3100 4548 Ἀπόστολος
3122 4483 3398 4538 νουθετῶν
3422 4498 3583 4553 φησιν
3608 4497 3645 4529 ἰ
3663 4470 3780 4528 ’Λπόο

554 4564 897 4619 inamoenum
916 4560 1359 4627 etexseerabile,
1383 4561 1459 4618 ita
1483 4560 1650 4621 istius
1674 4569 1980 4618 concentus
1997 4565 2148 4633 psal-

554 4694 805 4745 morum,
860 4691 1034 4735 sonus
1084 4675 1355 4733 insuavis.
1407 4672 1887 4742 Quemadmodum
1942 4672 2032 4729 leo
2089 4673 2147 4729 in

552 4773 770 4831 vivario
821 4771 1086 4827 continue
1142 4776 1403 4825 movetur
1435 4766 1680 4838 obliquis
1737 4766 2011 4833 ﬂexibus,
2066 4767 2147 4823 ita

553 4867 1098 4926 iracundussecum
1153 4873 1363 4922 versat'
1397 4855 1767 4936 cogitationes
1817 4862 1937 4919 irae.
1989 4861 2149 4918 Sicut

551 4975 754 5018 currus
812 4960 1014 5015 turrim
1059 4959 1332 5015 munitam
1366 4972 1482 5012 non
1514 4965 1703 5011 movet
1739 4953 1885 5018 loco,
1917 4955 1999 5009 sic
2027 4953 2154 5008 ani-

553 5072 707 5113 mum
740 5053 1139 5111 inirascibilem
1183 5067 1297 5107 non
1326 5048 1535 5120 abripit
1578 5046 1891 5103 iracundia.
1922 5046 2162 5117 Aposto—

554 5151 643 5207 lus
673 5148 982 5223 admonens
1010 5147 1092 5205 ait
1121 5163 1141 5203 :
1169 5164 1190 5198 ι
1221 5144 1494 5217 Deponite
1520 5150 1579 5198 et
1607 5156 1708 5197 vos
1735 5140 1946 5204 omnia,
1989 5140 2153 5205 iram,

560 5242 778 5314 1066
822 5239 1300 5313 indignationem,
1361 5235 1662 5299 malitiam,
1711 5230 2154 5303 blasphemiam,

559 5342 777 5406 turpem
793 5349 1107 5390 sermonem
1122 5331 1190 5388 de
1207 5345 1304 5387 ore
1325 5326 1594 5386 vestro".
1618 5345 1637 5379 ι
1657 5325 1831 5382 lnt‘ert
1846 5341 1860 5378 :
1873 5344 1890 5377 ι
1910 5322 1974 5380 In
1992 5337 2157 5394 prece

630 5471 679 5505 “
717 5474 880 5529 Prov.
911 5489 1058 5539 xxix,
1094 5473 1182 5527 Η.
1258 5471 1301 5503 ⁸⁵
1331 5469 1498 5527 Prov.
1529 5482 1626 5530 xu,
1666 5464 1752 5521 16.
1833 5465 1877 5498 ¹⁶
1916 5463 2142 5521 Psal.cx

636 5587 645 5589 -
690 5546 739 5589 ι,
812 5546 856 5576 ¹⁰
899 5543 1060 5589 Prmr-
1092 5560 1199 5589 τιν-
1237 5541 1322 5589 17-
1401 5541 1443 5573 ³⁸
1474 5538 1638 5589 Prov.
1670 5553 1744 5589 XI.
1778 5535 1863 5589 12.
1981 5535 2027 5566 ’³
2066 5534 2142 5589 ΡΠ

2245 5461 2285 5517 ).
2402 5461 2446 5491 ⁸⁷
2487 5461 2519 5515 P

2280 5548 2399 5589 λιιι.
2451 5529 2519 5585 16

557 5561 648 5603 κν.
690 5546 739 5599 l.
812 5546 856 5576 ¹⁰
899 5535 1060 5599 Prov;
1092 5560 1200 5602 xiv.
1237 5541 1322 5596 l7.
1401 5541 1443 5573 “
1474 5538 1638 5594 Prov.
1670 5553 1744 5597 χι.
1778 5535 1863 5589 la.

2255 4570 2416 4628 θεσθε
2470 4574 2573 4631 καὶ,
2605 4573 2767 4643 ὑμεῖς
2802 4571 2874 4633 τὰ
2902 4573 3104 4640 πάντα,
3150 4575 3347 4647 ὀργὴν,
3387 4573 3572 4644 θυμὸν,
3606 4565 3773 4623 κακίαν.

2255 4664 2635 4737 βλασφημίαν,
2666 4666 3076 4739 αἰσχρολογίαν,
3097 4668 3165 4722 ἐκ
3190 4667 3290 4722 τοῦ
3327 4667 3587 4737 στόματος
3616 4655 3772 4729 ὑμῶν.»

2253 4758 2366 4814 Καὶ
2405 4759 2659 4831 ἐπιφέρει
2695 4775 2711 4790 ·
2746 4778 2767 4812 ι
2821 4759 2909 4813 Ἑν
2945 4760 3058 4832 γὰρ
3090 4762 3287 4834 εἰρήνῃ
3313 4758 3575 4829 κέκληκεν
3615 4743 3773 4821 ήμᾶςδ

2253 4850 2409 4914 Θεὸς.
2447 4868 2468 4903 δ
2501 4852 2568 4907 Οἱ
2597 4850 3009 4922 γὰρεθυμώδεις
3039 4852 3121 4917 είς
3161 4852 3292 4917 τοὺς
3326 4850 3550 4923 ἐχθροὺς
3570 4842 3654 4898 τοῦ
3679 4838 3771 4906 Χρι-

2255 4941 2383 4996 στοῦ
2412 4936 2740 5012 λογίζονται*
2780 4944 2857 5006 ὡς
2883 4945 2980 4996 καὶ
3002 4943 3149 5015 ἄλλῳ
3171 4945 3407 5016 εἴρηται,
3439 4960 3457 4992 ι
3488 4933 3680 5009 Ἧρξαν
3709 4927 3766 4981 Θν-

2258 5032 2494 5105 μοῦσθαι
2554 5035 2840 5106 ἄρχοντες.
2878 5053 2897 5087 ι
2934 5037 3047 5090 Kal
3079 5036 3108 5089 6
3154 5036 3401 5109 Ἡρώδης
3436 5030 3571 5088 ίδὼν.
3606 5026 3676 5078 ὃτι
3711 5019 3770 5070 ἐν·

2254 5125 2496 5199 επαίχθη
2527 5127 2634 5181 ὑπὸ
2662 5127 2772 5182 τῶν
2799 5129 3012 5199 μάγων,
3033 5126 3295 5200 ἐθυμώθη
3324 5121 3576 5181 λίαν.Καὶ
3600 5109 3772 5184 πέμψας

2256 5222 2470 5277 ἀνεῖλεν
2498 5221 2709 5286 πάντας
2737 5224 2866 5287 τοὺς
2899 5218 3099 5287 παῖδας
3119 5223 3248 5287 τοὺς
3272 5225 3331 5277 ὲν
3358 5214 3609 5291 Βηθλεὲμ,
3636 5205 3712 5263 καὶ
3730 5200 3769 5291 ἰίι

2257 5317 2394 5369 πᾶσι
2444 5316 2561 5373 τοῖς
2604 5315 2776 5386 ὁρίοις
2814 5313 3012 5383 αὐτῆς,
3051 5313 3141 5369 διὰ
3189 5315 3284 5369 τὸν
3338 5287 3667 5384 φθονούμενον
3702 5287 3768 5343 καὶ

2402 5460 2446 5491 "
2487 5456 2631 5515 Psal.
2661 5472 2805 5524 xcvi,
2836 5456 2924 5513 to.
3037 5458 3080 5491 ⁸⁸
3110 5457 3298 5523 Eccle,
3326 5473 3397 5518 χι,
3421 5450 3499 5507 ιο,
3568 5445 3604 5476 ε’
3636 5437 3762 5524 Ριξξ-

2640 5497 3021 5593 I?"a}35."'xv,
3075 5497 3304 5584 iiuna
3326 5497 3499 5586 δβέογῖ-
3533 5524 3652 5572 xm.
3698 5497 3757 5554 “'

557 5595 603 5648 ῖ⁵
635 5595 823 5671 hrcle.
856 5595 1141 5679 vnit-C2“-
1171 5595 1217 5648 ίθ
1244 5595 1422 5668 θεικιί.
1462 5624 1645 5674 xxviii,
1684 5595 1770 5664 ll.
1849 5608 1893 5639 "
1925 5605 2097 5662 Eceli.
2130 5620 2142 5657 ι

2273 5603 2366 5657 25.
2442 5602 2490 5634 ⁸⁸
2512 5600 2661 5657 Psal.
2686 5615 2811 5667 tvu,
2845 5600 2898 5657 5.
2975 5602 3021 5633 "
3051 5599 3266 5657 Coloss.
3307 5614 3382 5663 ιιι,
3409 5595 3457 5649 8.

1905 5699 2139 5757 ΥΑΙΗΙΕ
2175 5696 2587 5755 LECTIONES.

632 5794 654 5821 ο
690 5781 864 5847 φίλος.

3911 3184 3914 3244 1

3910 3313 3914 3383 ι
