4016 6466
333 359 468 422 1509
1365 357 1698 417 HOMILIA
1737 356 1914 416 XXV.

2039 354 2134 412 DE
2179 354 2594 414 TIiISTITIA.
3460 351 3597 417 1510

329 471 627 542 πολύτιμον
681 471 1027 545 μαργαρίτην
1077 469 1171 523 τὸν
1243 469 1447 539 Κύριον
1493 469 1648 540 ἡμῶν
1703 466 1910 538 Ἰησοῦν

2018 465 2162 519 enim
2207 466 2427 520 vocavit
2483 481 2584 521 nos
2637 466 2786 521 Deus
2816 467 2881 520 “.
2921 487 2940 518 ι
2978 467 3232 523 iracundi
3271 465 3456 530 enim,
3500 483 3605 535 pro

332 561 564 629 Χριστὸν
601 559 692 614 τὸν
724 560 858 613 θεὸν
887 558 1064 630 ήμῶν.
1099 555 1260 626 Αὐτῷ
1285 558 1320 627 ἡ
1352 555 1480 620 δόξα
1510 558 1588 618 είς
1614 558 1744 620 τοὺς
1779 555 1910 609 αίῶ-

2018 557 2226 612 Christi
2252 557 2497 613 inimicis
2521 559 2817 624 habentur,
2849 575 2948 614 ceu
2984 559 3040 613 in
3074 561 3184 614 alio
3214 561 3420 614 dictum
3445 561 3602 615 loco:

325 671 446 716 νας.
497 653 691 724 Ἀμήν.
1307 711 1317 722 _

2027 669 2045 702 ι
2085 649 2392 720 Cceperunt
2429 651 2616 706 animo
2652 653 2860 706 moveri
2901 653 3182 723 principes
3213 653 3280 706 δι.
3338 673 3355 704 ι
3403 653 3512 707 Sed
3547 661 3607 706 et

330 749 596 811 Herodes,
615 747 811 802 videns
853 745 1002 817 quod
1048 744 1248 801 illusus
1295 750 1444 799 esset
1509 758 1540 797 a
1575 740 1777 811 Magis,
1830 740 2005 797 iratus
2043 755 2130 798 est
2170 745 2352 807 valde,
2395 755 2450 798 et
2491 745 2676 799 missis
2748 747 3081 800 satellitibus
3146 744 3349 799 occidit
3412 759 3606 799 omnes

324 856 534 912 pueros
591 840 684 909 qui
745 849 908 894 erant
962 839 1018 893 in
1081 839 1364 893 Bethleem
1423 844 1480 891 et
1541 835 1598 889 in
1655 833 1916 889 omnibus
1953 835 2158 890 finibus
2235 838 2386 907 ejus.
2432 845 2659 907 propter
2737 837 2899 908 longe
2943 839 3406 908 pretiosissimum
3456 852 3605 889 mar-

323 938 561 1007 garitum
597 935 689 990 cui
721 936 890 989 vitam
935 932 1222 988 invidebat
1262 948 1300 985 εΔ
1335 945 1537 1000 nempe
1579 929 1875 984 Dominum
1919 944 1982 984 ac
2021 930 2194 984 Deum
2233 939 2485 985 nostrum
2519 931 2707 986 Jesum
2744 929 3049 996 Christum,
3081 931 3170 986 cui
3204 931 3380 1001 gloria
3411 931 3467 984 in
3501 945 3604 985 sa:-

323 1031 469 1085 cula.
502 1028 702 1084 Amen.

939 1160 1160 1214 ΛΟΓΟΣ
1189 1155 1318 1213 KE'.

924 1274 1065 1342 Περὶ
1094 1275 1316 1341 λύπης.

397 1388 474 1441 Τὸ
511 1384 760 1455 ἀκαίρως
797 1383 1110 1444 λυπεῖσθαι,
1144 1384 1209 1435 ἐκ
1234 1381 1328 1436 τοῦ
1361 1378 1626 1454 φθονεροῦ
1656 1379 1912 1449 δαίμονός

321 1483 498 1535 ἔστιν.
537 1480 653 1531 ἰνα
698 1483 808 1548 γὰρ
842 1494 958 1540 πως
1004 1477 1301 1547 ἀποσπάσῃ
1354 1477 1418 1528 ἐκ
1449 1476 1547 1544 τῆς
1599 1472 1912 1544 προθέσεως

320 1575 422 1645 τῆς
454 1575 622 1642 εὐχῆς
645 1569 736 1622 τὸν
765 1569 910 1628 νοῦν,
939 1569 1033 1622 καὶ
1073 1570 1325 1638 ἄκαρπον
1353 1570 1556 1639 ποιήσῃ
1578 1566 1668 1620 τὸν
1696 1564 1908 1636 ἄνθρω-

320 1685 444 1730 πον,
477 1665 566 1717 διὰ
600 1663 759 1715 τοῦτο
791 1661 1100 1731 ἐπιπέμπει
1133 1659 1284 1729 αὐτῷ
1314 1660 1414 1729 τὴν
1442 1659 1675 1730 ἄκαιρον
1708 1658 1908 1725 λύπην.

2569 1157 2856 1215 HOMILIA
2893 1158 3058 1213 XXV.

2635 1273 2714 1326 De
2749 1274 2991 1327 tristitia.

2091 1385 2249 1452 Quod
2297 1389 2425 1457 quis
2473 1387 2864 1456 intempestivo
2900 1387 3196 1443 coniicitur
3237 1403 3500 1451 maerore,
3536 1388 3605 1444 ab

2017 1478 2138 1548 ipso
2171 1489 2375 1535 nostra;
2423 1481 2618 1534 salutis
2649 1481 2849 1534 :emulo
2902 1480 3152 1535 dannone
3203 1480 3601 1549 proficiscitur.

2016 1569 2076 1624 In
2113 1569 2220 1624 hoc
2247 1571 2396 1624 enim
2444 1572 2680 1625 instillat
2714 1571 2869 1626 cordi
2894 1572 3264 1640 importunam
3295 1572 3602 1634 tristitiam,

2017 1671 2079 1716 ut
2107 1672 2347 1717 mentem
2371 1679 2398 1715 a
2427 1663 2714 1732 proposito
2740 1673 2935 1718 avocet
2960 1663 3346 1728 etamoliatur,
3373 1664 3602 1728 orandi;

319 1758 398 1811 Οὐ
435 1757 540 1828 χρὴ
569 1756 748 1809 τοίνυν
806 1755 1213 1826 παραδέχεσθαι
1260 1752 1453 1824 αὐτὴν,
1508 1754 1603 1806 καὶ
1651 1751 1913 1822 ἄχθεσθαι

2018 1769 2081 1808 ac
2118 1754 2354 1824 proinde
2390 1756 2670 1809 hominem
2721 1757 2902 1826 ipsum
2949 1756 3153 1826 infrugi
3204 1757 3400 1810 reddat
3437 1769 3604 1826 atquo

319 1851 592 1920 ἀκαίρως,
623 1847 716 1901 καὶ
757 1845 1001 1918 πληροῦν
1033 1846 1130 1917 τὴν
1161 1846 1340 1915 χαρὰν
1367 1844 1461 1898 τοῦ
1488 1844 1740 1914 Ἐχθροῦ,
1770 1841 1911 1895 ἀλλά

324 1939 526 2009 μᾶλλον
555 1937 866 2007 ἀνασφῆλαι
903 1938 969 1988 ἐκ
1009 1939 1109 2007 τῆς
1151 1935 1446 2004 ἐπιϐουλῆς
1484 1933 1579 1987 τοῦ
1611 1934 1911 2003 ἀλάστορος

317 2029 414 2082 τοῦ
437 2030 536 2098 τῆς
559 2028 737 2098 λύπης
766 2029 1043 2099 δαίμονος.
1069 2027 1241 2080 Ὅταν
1271 2027 1382 2097 γὰρ
1401 2028 1463 2080 τὸ
1493 2026 1730 2096 πονηρὸν
1753 2025 1912 2077 τοῦτο

323 2123 548 2194 πνεῦμα
579 2123 978 2193 περιδρὰξηται
1009 2120 1109 2190 τῆς
1157 2121 1359 2191 ψυχῆς,
1409 2121 1502 2173 καὶ
1566 2121 1697 2192 ὃλην
1742 2119 1912 2189 αὐτὴν

323 2217 576 2288 σκοτίσῃ,
614 2217 716 2269 οὐκ
761 2215 928 2285 εὐχὰς
986 2213 1229 2266 ἐκτελεῖν
1277 2211 1420 2282 μετά
1473 2211 1782 2283 προθυμίας
1813 2228 1908 2262 συ-

321 2314 548 2381 γχωρεῖ,
569 2308 692 2362 οὐτε
730 2309 890 2380 ἱερῶν
910 2309 1356 2377 ἀναγνωσμάτων
1373 2309 1438 2377 τῇ
1460 2305 1697 2376 ὠφελείᾳ
1713 2309 1913 2376 ἐγκαρ-

320 2404 523 2473 τερεῖν.
581 2400 722 2456 οὔτε
775 2402 952 2470 πρᾶον
1011 2399 1105 2451 καὶ
1150 2398 1559 2468 εύκατάμικτον
1605 2398 1740 2467 πρὸς
1784 2398 1912 2460 τοὺς

324 2494 589 2558 ἀδελφοὺς
623 2493 870 2562 ἀφίησιν
895 2492 990 2545 καὶ
1017 2490 1156 2561 πρὸς
1170 2491 1341 2561 αὐτὴν
1359 2490 1454 2544 τοῦ
1479 2490 1593 2561 βίου
1615 2491 1715 2561 τὴν
1741 2491 1914 2557 ἐπαγ-

328 2586 515 2654 γελίαν
555 2586 712 2655 μῖσος
747 2586 989 2653 ἐμποιεῖ,
1022 2583 1116 2636 καὶ
1165 2583 1342 2636 πάντα
1394 2582 1581 2645 ἀπλῶς
1615 2581 1685 2634 τά
1735 2597 1914 2650 σωτη-

329 2675 496 2748 ριὼδη
525 2675 872 2746 βουλεύματα
910 2675 1012 2742 τῆς
1043 2675 1224 2746 ψυχῆς
1265 2677 1298 2744 ή
1324 2673 1472 2744 λύπη
1504 2673 1808 2742 συγχέασα.
1838 2671 1913 2733 ὡς

321 2768 537 2839 ἄφρονα
581 2767 790 2839 ταύτην
847 2770 941 2822 καὶ
981 2769 1323 2841 παραπλῆγα
1371 2765 1770 2836 ἀπεργάζεται,
1800 2780 1913 2816 κω-

320 2861 528 2916 λύουσα
577 2862 762 2913 πᾶσαν
814 2862 1028 2931 ἀγαθὴν
1079 2860 1392 2929 συντυχίαν.
1438 2859 1548 2910 Καὶ
1593 2855 1716 2909 οὐδὲ
1761 2855 1914 2925 παρά

321 2951 436 3007 τῶν
464 2950 707 3022 γνησίων
727 2953 898 3021 φίλων
923 2953 1287 3024 συγχωροῦσα
1307 2948 1744 3020 δέχεσθαιιλόγον
1774 2964 1915 3016 συμ-

324 3045 572 3108 ϐουλίας,
604 3044 727 3097 οὐδὲ
770 3047 1058 3116 εἰρηνικὴν
1107 3044 1402 3114 ἀπόκρισιν
1443 3045 1669 3111 ἀφιεῖσα
1704 3039 1914 3100 τούτοις

2013 1847 2284 1902 inutilem.
2321 1849 2652 1918 Neutiquam
2677 1849 2844 1919 igitur
2874 1849 3218 1903 admittenda
3242 1859 3327 1904 est
3352 1850 3602 1913 tristitia,

2013 1955 2116 1993 nec
2137 1940 2409 2010 ejusmodi
2436 1941 2787 2010 suscipienda
2831 1942 3148 2011 importuna
3178 1942 3446 2011 :egritudo
3483 1943 3604 1996 ani-

2013 2032 2121 2095 mi,
2154 2041 2214 2085 ut
2247 2047 2314 2086 ne
2347 2033 2634 2087 inimicum
2686 2033 2919 2102 impleas
2964 2033 3165 2102 gaudio
3195 2051 3206 2085 :
3239 2033 3372 2102 quin
3421 2033 3606 2103 potius

2013 2124 2192 2178 calces
2215 2125 2541 2194 objiciendi,
2565 2135 2620 2179 et
2657 2125 3043 2180 reluctandum
3071 2125 3341 2180 adversus
3371 2125 3603 2180 insidias

2013 2215 2170 2270 furiae
2198 2217 2362 2270 istius
2387 2217 2692 2272 incentoris
2717 2217 2959 2273 tristitia:
2989 2218 3274 2272 dtcmonis.
3299 2216 3354 2271 Si
3381 2217 3605 2286 quando

2013 2311 2162 2364 enim
2212 2311 2486 2380 malignus
2539 2310 2632 2364 hic
2691 2311 2924 2380 spiritus
2974 2311 3315 2366 clanculario
3363 2311 3603 2380 quodam

2014 2403 2225 2457 ambitu
2255 2403 2426 2456 menti
2459 2414 2566 2457 tum
2587 2418 2645 2457 se
2677 2403 3066 2466 insinuaverit,
3104 2413 3271 2457 totam
3309 2419 3430 2458 eam
3461 2413 3603 2457 tetra

2014 2495 2252 2565 caligine
2281 2495 2624 2557 obscurabit,
2651 2510 2754 2548 nec
2777 2495 2888 2564 jam
2915 2494 3060 2549 sinet
3087 2511 3282 2563 preces
3313 2495 3604 2550 absolvere

2018 2595 2071 2641 te
2103 2603 2227 2642 cum
2254 2587 2538 2642 alacritate
2578 2588 2844 2657 spiritus:
2874 2605 2983 2642 non
3012 2604 3182 2643 sacra:
3213 2587 3440 2642 lectioni
3472 2602 3603 2656 per-

2014 2678 2202 2733 mittet
2233 2679 2393 2732 lixius
2428 2687 2489 2732 ut
2524 2679 2790 2742 assidens,
2820 2679 2986 2748 idque
3029 2695 3225 2749 magno
3265 2687 3358 2734 tuo
3390 2679 3606 2732 incom~

2015 2770 2202 2824 modo.
2238 2769 2329 2824 Sic
2362 2785 2780 2840 aegrescentem,
2818 2786 2928 2824 non
2960 2771 3094 2826 sinit
3127 2786 3251 2823 cum
3288 2780 3608 2824 mansuetu-

2016 2864 2147 2918 dine
2194 2863 2440 2918 inserere
2497 2879 2554 2918 se
2602 2863 2835 2917 fratrum
2883 2863 3178 2927 sodalitio;
3233 2863 3368 2932 quin
3415 2862 3607 2916 odium

2015 2957 2206 3011 verius
2228 2957 2399 3010 menti
2435 2957 2516 3010 sic
2539 2957 2748 3010 vitiatae
2782 2956 3038 3019 instillat,
3066 2963 3122 3009 et
3153 2956 3390 3026 ingignit
3412 2955 3610 3009 adver-

2017 3065 2112 3104 sus
2153 3050 2422 3120 propositi
2469 3049 2636 3104 semel
2683 3049 2888 3117 arrepti
2941 3048 3364 3117 professionem.
3410 3046 3608 3102 Omnia

326 3135 698 3208 μεταδιδόναι·
723 3136 859 3189 ἀλλά
880 3136 1251 3206 περιλαϐοῦσα
1274 3136 1454 3188 πᾶσαν
1477 3135 1577 3204 τὴν
1598 3131 1798 3202 ψυχὴν,
1827 3146 1914 3181 πι-

2020 3141 2262 3210 denique
2309 3140 2566 3202 consilia,
2604 3139 2912 3208 quamlibet
2962 3155 3025 3192 ea
3078 3137 3190 3193 sint
3238 3148 3609 3192 consentanea

323 3228 492 3297 κρίας
533 3228 630 3281 καὶ
660 3228 854 3298 ἀηδίας
894 3231 1068 3299 αὐτὴν
1111 3231 1330 3297 πληροῖ,
1388 3228 1480 3280 καὶ
1525 3226 1706 3278 πείθει
1743 3221 1914 3289 αὐτὴν

325 3319 551 3388 φεύγειν
581 3320 710 3383 τοὺς
739 3318 1083 3390 ἀνθρώπους,
1113 3319 1187 3383 ὼς
1221 3320 1431 3380 αἰτίους
1453 3319 1591 3388 αὐτῇ
1615 3317 1715 3384 τῆς
1745 3329 1917 3385 ταρα-

325 3413 433 3482 χῆς
465 3413 819 3482 γενομένους.
850 3413 923 3465 Οὐ
958 3413 1066 3482 γὰρ
1101 3413 1381 3482 συγχωρεῖ
1419 3411 1557 3480 αὐτὴ
1590 3408 1912 3478 ἐπιγνῶναι,

323 3503 412 3557 ὅτι
440 3507 541 3558 οὐκ
571 3505 794 3569 ἔξωθεν,
822 3505 941 3558 ἀλλ’
969 3503 1184 3557 ἔνδοθεν
1215 3503 1331 3573 ἔχει
1374 3503 1472 3572 τὴν
1508 3503 1660 3554 νόσον
1688 3501 1916 3554 ἀποκει-

329 3595 522 3666 μένην.
557 3598 692 3649 Τότε
715 3598 769 3649 δὲ
803 3596 1155 3667 φανεροῦται,
1185 3597 1314 3649 ὅταν
1344 3596 1395 3648 οί
1423 3595 1726 3663 πειρασμυὶ
1747 3593 1917 3672 ἐπελ-

324 3686 536 3753 θόντες,
582 3689 673 3741 διὰ
727 3688 830 3758 τῆς
872 3688 1180 3758 γυμνασίας
1213 3689 1293 3750 είς
1335 3686 1397 3738 τὸ
1443 3688 1683 3755 ἐμφανὲς
1712 3677 1915 3754 ταύτην

326 3781 776 3848 προσαγάγωσιν.
799 3780 961 3849 Λύπη
998 3776 1090 3833 οὖν
1116 3781 1264 3832 ἐστιν
1291 3783 1565 3849 κατήφεια
1591 3779 1690 3848 μὲν
1713 3779 1912 3848 ψυχῆς,

324 3871 508 3939 στόμα
541 3869 598 3922 δὲ
635 3871 848 3934 λέοντος
897 3871 1200 3924 καταπῖνον
1237 3870 1482 3940 εὐχερῶς
1515 3871 1606 3924 τὸν
1641 3869 1914 3939 λυπούμε-

322 3977 438 4015 νον.
493 3962 656 4033 Λύπη
715 3965 867 4017 ἐστὶν
916 3963 1136 4034 σκώληξ
1186 3964 1439 4034 καρδίας,
1474 3963 1787 4017 κατεσθίων
1815 3963 1915 4032 τὴν

322 4059 599 4114 τεκοῦσαν
651 4057 887 4126 μητέρα.
928 4057 1042 4108 Οὐκ
1074 4051 1217 4108 οἶδεν
1265 4055 1478 4125 μέλιτος
1518 4056 1706 4122 γεῦσιν
1750 4054 1780 4107 ὁ
1825 4053 1916 4106 λυ-

325 4150 601 4222 πούμενος
629 4149 882 4220 μοναχὸς,
915 4146 991 4210 ὡς
1021 4148 1049 4200 ὁ
1087 4147 1378 4214 πυρέσσων
1407 4146 1671 4214 σφοδρῶς,
1697 4144 1914 4199 Λυπού-

327 4261 491 4314 μενος
534 4241 790 4313 μοναχδς,
844 4241 905 4292 οὐ
962 4242 1104 4292 κινεῖ
1153 4237 1245 4291 τὸν
1294 4239 1420 4290 νοῦν
1465 4237 1602 4307 πρὸς
1654 4233 1912 4306 θεωρίαν,

321 4335 448 4389 οὐδὲ
483 4335 800 4408 προσευχὴν
839 4330 1090 4404 καθαρὰν
1141 4332 1461 4400 ἀναπέμπει
1497 4330 1627 4382 ποτὲ
1659 4329 1735 4399 τῷ
1772 4327 1913 4398 Θεῷ.

336 4429 399 4484 '0
418 4431 696 4500 κρατήσας
721 4426 932 4489 παθῶν,
968 4425 1275 4492 ἐκράτησεν
1304 4423 1402 4492 τῆς
1435 4422 1633 4492 λύπης’
1669 4419 1912 4492 ἡττημέ-
1943 4467 1988 4522 D

319 4536 415 4584 νος
447 4521 504 4574 δὲ
532 4517 749 4590 ἡδονῆς,
781 4519 883 4571 οὐκ
923 4515 1246 4585 ἐκφεύξεται
1279 4516 1406 4578 τοὺς
1451 4514 1685 4583 δεσμοὺς
1716 4513 1908 4584 αὐτῆς.

337 4612 401 4667 '0
436 4610 780 4680 λυπούμενος
826 4609 1090 4678 συνεχῶς,
1128 4606 1226 4661 καὶ
1258 4604 1728 4678 προσποιούμενος
1770 4602 1912 4656 ἀπά-

321 4704 501 4768 θειαν,
532 4701 720 4773 ὅμοιός
765 4703 917 4755 ἐστιν
954 4700 1223 4764 νοσοῦντι,
1258 4691 1357 4752 καὶ¹
1395 4697 1589 4765 ὑγείαν
1618 4697 1911 4765 ὑποκρινο-

325 4800 496 4874 μένῳ.
527 4801 744 4870 Ὠσπερ
772 4797 884 4868 γὰρ
912 4797 941 4850 ὁ
965 4795 1139 4849 νοσῶν
1169 4792 1427 4862 δηλοῦται
1458 4791 1563 4844 ὑπὸ
1595 4789 1696 4858 τῆς
1721 4789 1910 4860 χρόας,

319 4887 500 4952 οὕτως
534 4887 789 4958 ἐμπαθὴς
821 4887 1104 4956 ἐλέγχεται
1143 4884 1250 4937 ὐπὸ
1296 4883 1396 4953 τῆς
1438 4881 1642 4950 λύπης.
1685 4881 1743 4932 ὐ
1773 4880 1910 4946 ἀγα-

321 4981 445 5033 πῶν
477 4979 570 5034 τὸν
596 4978 825 5049 κόσμον,
857 4976 1239 5046 λυπηθήσεται
1267 4973 1459 5028 πολλάο
1485 4973 1514 5023 ὁ
1547 4968 1910 5039 καταφρονῶν

319 5072 433 5125 τῶν
462 5075 521 5125 ὲν
556 5071 728 5141 αὐτῷ,
752 5071 1188 5140 εὐφρανθήσεται
1215 5067 1302 5120 διὰ
1335 5065 1554 5128 παντός.
1585 5065 1695 5117 Καὶ
1723 5062 1912 5132 ῶσπερ

323 5166 694 5235 χωνευτήριον
733 5163 990 5232 καθαίρει
1039 5160 1303 5229 ἀδόκιμον
1358 5155 1644 5226 ἀργύριον,
1672 5152 1846 5214 οὕτως
1876 5153 1910 5222 ἠ

321 5257 466 5310 κατ-ἀ
488 5255 624 5308 Θεὸν
655 5253 801 5326 λύπη
830 5253 1058 5325 καρδίαν
1085 5252 1396 5322 ὲνάμαρτον
1426 5248 1706 5318 καθαίρειν
1737 5247 1918 5300 Καλὸν

320 5346 413 5404 οὖν
449 5349 593 5419 ἄγαν
625 5349 722 5402 καὶ
755 5349 1034 5418 συμφέρον
1080 5349 1147 5417 τῇ
1188 5346 1359 5414 ψυχῇ,
1391 5343 1450 5396 τὸ
1500 5341 1776 5412 στιϐαρῶς
1822 5340 1919 5409 βα·

323 5439 768 5504 στάζειν”π5ισαν
811 5439 1015 5507 θλίψιν,
1069 5437 1180 5490 εἴτε
1239 5435 1391 5506 παρὰ
1430 5432 1760 5503 ἀνθρώπων,
1802 5433 1914 5485 εἴτε

323 5531 479 5601 παρά
509 5531 784 5600 δαιμόνων
817 5531 1172 5600 ἐπαγομένην
1195 5569 1210 5593 ,
1267 5528 1364 5581 καὶ
1410 5525 1610 5578 εἰδέναι
1645 5523 1913 5596 ἀκριϐῶς,

322 5627 520 5693 ὅτιπερ
543 5623 817 5693 χρεῶσται
843 5623 1166 5693 ὑπάρχομεν
1193 5621 1292 5689 τῆς
1316 5621 1763 5688 καταπονήσεως.
1792 5618 1912 5690 Χρὴ

402 5778 444 5808 ³⁸
477 5776 496 5829 ι
530 5776 675 5829 Pelr.
710 5791 762 5834 v.
805 5775 887 5828 ίθ.
973 5774 1011 5803 ³¹
1041 5773 1229 5826 Matth.
1263 5788 1319 5834 ιι,
1347 5781 1403 5832 :5.

2019 3231 2280 3300 parandae
2314 3231 2478 3286 saluti
2506 3241 2564 3286 et
2599 3229 3033 3289 accommodata,
3065 3229 3236 3282 semel
3276 3228 3368 3283 ubi
3404 3229 3608 3295 νει-[ηἰ-

2019 3324 2230 3378 scuerit
2259 3339 2317 3378 se
2349 3323 2658 3378 mcerorhic
2684 3322 2923 3376 animam
2941 3320 3609 3378 eireumfnndens,homi—

2021 3432 2148 3470 nem
2190 3417 2376 3470 reddit
2407 3415 2637 3485 perinde
2671 3430 2734 3468 ac
2768 3414 3172 3474 vesanientem,
3206 3423 3504 3480 menteque.
3544 3426 3609 3468 ac

2019 3517 2244 3577 stupore
2272 3518 2518 3576 captum,
2547 3506 2627 3559 illi
2661 3504 3004 3560 interdicens
3029 3503 3170 3556 bona
3203 3502 3352 3556 omni
3381 3517 3610 3556 consuc-

2019 3600 2211 3654 tudiue
2250 3617 2315 3654 ac
2346 3601 2576 3654 fratrum
2610 3614 2951 3667 congressu;
2994 3596 3136 3648 adeo
3167 3603 3227 3647 ut
3261 3609 3365 3647 nec
3406 3609 3436 3648 a
3479 3610 3608 3663 ger-

2017 3706 2178 3744 mane
2217 3690 2410 3744 amicis
2440 3689 2670 3744 exhibiti
2709 3688 2927 3744 consilii
2974 3687 3233 3740 salutaris
3273 3686 3416 3738 sinat
3453 3686 3604 3739 exci-

2016 3799 2148 3852 pere
2175 3798 2461 3838 sermoncs
2489 3783 2634 3844 illos,
2658 3782 2751 3835 sed
2777 3796 2844 3834 ne
2876 3780 3042 3834 etiam
3083 3793 3350 3847 responso
3377 3779 3605 3846 pacifico

2017 3891 2082 3930 ac
2111 3875 2364 3930 modesto
2402 3874 2689 3944 dignatur;
2732 3872 2866 3942 quin
2894 3872 2974 3925 sic
3006 3884 3198 3924 omnes
3237 3870 3434 3922 anima:
3460 3869 3606 3924 vires

2017 3967 2389 4035 circumplexa
2453 3965 2623 4019 semel
2686 3963 2948 4028 tristitia,
3009 3969 3178 4013 totam
3241 3959 3604 4013 amarulentia

2017 4060 2256 4128 complet
2272 4056 2666 4126 atquc‘insuavi
2688 4046 3038 4123 intemperie.
3056 4051 3358 4106 Persuadet
3376 4050 3606 4120 proinde

2016 4151 2272 4205 homines
2305 4159 2365 4204 ut
2384 4149 2725 4203 vitabundus
2751 4147 2998 4216 defugiat
3027 4145 3182 4214 quasi
3214 4153 3470 4198 auctores
3493 4159 3606 4198 suae

2017 4244 2180 4299 istius
2206 4243 2579 4297 turbulentiae.
2623 4241 2813 4310 Neque
2842 4241 2989 4293 enim
3018 4237 3290 4307 permittit
3335 4245 3394 4289 ut
3430 4251 3605 4305 agno~

2019 4348 2138 4392 seat
2159 4335 2546 4406 :egritutlinen't
2576 4349 2698 4403 quae
2722 4348 2779 4386 se
2811 4339 2988 4400 urget.
3025 4329 3094 4383 ab
3121 4328 3319 4382 intimo
3347 4327 3602 4396 prosilire

2019 4427 2187 4482 animi
2218 4441 2462 4488 recessu,
2485 4424 2580 4480 sed
2607 4432 2858 4479 externe.
2891 4421 3047 4475 Tunc
3075 4418 3340 4473 elucescit
3362 4418 3602 4488 primum

2018 4519 2244 4582 veritas,
2274 4534 2400 4573 cum
2448 4518 2783 4572 tentationes
2814 4530 2937 4584 qua:
2970 4513 3232 4568 miserum
3266 4511 3604 4574 invaserant,

2020 4611 2075 4666 in
2099 4619 2344 4681 apertam
2375 4626 2434 4666 se
2465 4610 2756 4680 proferunt
2782 4609 2960 4663 lucem
2986 4625 3000 4661 :
3026 4606 3173 4676 quod
3203 4607 3318 4661 sola
3338 4605 3607 4676 contingit

2018 4703 2442 4758 exercitatione.
2479 4702 2730 4756 Tristitia
2775 4701 2946 4770 igitur
2979 4699 3178 4752 animae
3205 4709 3287 4753 est
3319 4699 3610 4753 mcerentis

2020 4795 2292 4865 dejectio;
2349 4810 2413 4849 os
2465 4803 2654 4850 autem
2721 4793 2932 4856 leonis,
2981 4790 3262 4844 helluonis
3317 4789 3450 4854 ritu,
3494 4804 3604 4843 non

2017 4900 2218 4954 magno
2266 4883 2493 4954 negotio
2539 4881 2800 4936 absorbet
2847 4893 3086 4934 maerore
3127 4877 3218 4931 tali
3268 4876 3601 4931 confertum.

2021 4975 2272 5031 Tristitia
2332 4976 2542 5031 vermis
2601 4982 2687 5028 est
2744 4973 2967 5036 cordis,
3039 4978 3314 5026 suammet
3365 4969 3608 5024 exedens

2019 5081 2275 5125 matrem.
2313 5069 2647 5138 Neutiquam
2678 5068 2795 5122 inec
2825 5064 3206 5134 experimento
3233 5062 3449 5124 didicit,
3473 5078 3604 5115 sua-

2019 5162 2290 5230 visquam
2325 5162 2399 5214 sit
2424 5168 2620 5230 gustus
2647 5159 2847 5212 mellis.
2872 5155 3169 5212 Monachus
3195 5167 3430 5208 mmrore
3467 5152 3609 5205 inta-

2015 5253 2270 5313 bescens,
2296 5252 2560 5306 assimilis
2595 5260 2680 5305 est
2707 5253 2758 5308 ei
2793 5251 2887 5320 qui
2919 5247 3243 5304 exaestuanti
3278 5245 3430 5301 febre
3456 5244 3610 5298 labo-

2017 5351 2122 5394 rat.
2151 5339 2254 5405 Qui
2275 5338 2585 5393 continenti
2614 5338 2838 5393 tristitia
2863 5337 3080 5392 laborat
3111 5334 3434 5395 monachus,
3455 5331 3610 5388 nullo

2016 5433 2108 5487 hic
2164 5441 2325 5502 pacto
2381 5442 2625 5486 mentem
2685 5431 2752 5485 ad
2809 5428 3303 5500 contemplationis
3357 5424 3608 5498 subrigct

2014 5525 2290 5585 studium,
2349 5524 2562 5594 1067
2610 5537 2791 5593 neque
2845 5521 2915 5577 ad
2975 5523 3281 5576 orationem
3333 5519 3608 5574 sinceram

2014 5631 2136 5684 qua:
2166 5613 2233 5667 ad
2267 5614 2434 5668 Deum
2459 5613 2793 5678 destinetur,
2827 5621 3068 5667 mentem
3119 5609 3387 5666 reflectet.
3421 5606 3610 5660 Victor
