4016 6434
554 260 686 325 1]ἱὸ

1822 266 2186 327 ANTIOCHI
2224 271 2567 333 MONACHI

3641 277 3749 342 1516

544 381 706 433 stitia:
740 396 753 432 :
788 387 869 433 εει
898 375 1101 445 alioqui
1139 390 1201 427 ea
1230 388 1325 425 sua
1360 374 1629 441 grauitate
1677 379 1963 434 molestior
1990 420 2004 444 ,
2056 386 2116 435 ut

2227 380 2421 453 λύπης,
2458 385 2553 437 καὶ
2584 386 2789 455 σφόδρα
2820 385 3118 455 βαρύτατος
3148 386 3294 450 ὅστις
3317 386 3590 458 περῖὢραν
3616 390 3752 461 ῑκτην

525 487 670 535 ,ουιιι
697 470 844 525 circa
877 469 1068 525 horam
1118 475 1349 528 sextarii,
1401 466 1549 519 velut
1580 482 1645 521 ex
1680 468 1900 525 insidiis
1942 471 2119 526 assilit

546 563 840 627 monacho,
871 562 1155 618 taediosam
1189 575 1252 614 ac
1292 560 1700 615 formidabilem
1752 562 2002 632 agoniam
2038 564 2116 618 illi

546 655 847 716 incutiens,
884 668 1061 722 usque
1087 651 1225 706 adeo
1268 660 1327 705 ut
1355 653 1441 707 vel
1475 652 1658 706 locum
1694 652 1896 719 oderit,
1930 656 2120 710 verius

532 753 732 799 autem
785 742 993 801 fratres
1032 742 1241 796 invisos
1315 742 1514 799 habeat
1592 744 1925 812 quibuscum
1980 746 2119 801 vivit

547 836 946 892 communiter.
980 835 1123 902 Quid
1149 835 1171 887 ?
1198 834 1265 890 ad
1297 851 1436 906 opus
1463 836 1770 905 quodlibet,
1814 837 1881 892 ad
1917 837 2120 894 divinae

551 928 857 997 Scriptura:
887 927 1186 983 lectionem
1216 967 1229 991 ,
1271 927 1462 981 nescio
1485 943 1650 996 quam
1688 928 1767 982 illi
1799 929 2001 1000 ingerit
2031 929 2117 984 in-

525 1036 771 1076 suavem
800 1020 1109 1075 ethiulcam
1129 1018 1542 1074 oscitationem.
1576 1018 1674 1073 His
1697 1020 2117 1085 adde,esuriem

544 1112 813 1185 suggerit,
843 1120 1092 1180 tempore
1112 1110 1416 1180 prolixiore
1439 1109 1849 1165 sustinendam.
1881 1112 1961 1166 Ad
1990 1128 2116 1167 eum

528 1204 771 1259 modum
803 1202 1040 1272 supinus
1075 1202 1169 1256 ille
1200 1216 1264 1255 ac
1292 1216 1545 1267 securus,
1585 1203 1717 1256 boni
1770 1192 2120 1272 operisseo-

527 1312 673 1366 .pum
709 1295 936 1350 unicum
968 1301 1203 1363 spectat,
1252 1307 1453 1363 nempe
1481 1294 1675 1350 horam
1705 1294 1988 1350 sumendae
2019 1295 2120 1350 ali-

528 1385 1002 1443 .moniae.lnterim
1039 1393 1223 1441 tamen
1254 1394 1476 1456 sumpto
1516 1385 1572 1439 in
1591 1401 1786 1440 manus
1814 1385 1962 1440 libro
1987 1386 2120 1457 legit

542 1478 825 1543 nonnihil,
853 1492 1020 1547 quem
1047 1485 1102 1532 et
1128 1476 1329 1532 ordine
1355 1493 1456 1531 suo
1482 1477 1627 1532 locat
1654 1496 1664 1529 :
1690 1492 1816 1532 mox
1830 1470 2141 1533 oculorum

539 1571 717 1624 aciem
754 1567 1047 1623 intendere
1090 1567 1336 1637 incipit,
1387 1569 1556 1638 inque
1597 1568 1866 1625 fenestras
1896 1565 2121 1639 prepiu's

540 1662 751 1732 deﬁgit.
769 1661 1044 1728 Quiddam
1068 1676 1263 1716 rursus
1279 1661 1443 1732 legit;
1464 1662 1664 1716 deinde
1680 1677 1811 1717 suos
1822 1662 2120 1717 admetitur

2220 474 2491 543 ἐμπίπτει
2525 474 2601 545 τῷ
2639 476 2879 547 μοναχῷ,
2928 476 3172 543 ἀγωνίαν
3201 476 3350 547 αὐτῷ
3400 479 3657 546 ἐμποιῶν.
3682 488 3755 537 καὶ

2221 563 2475 633 ἀπεχθῶς
2515 565 2659 635 ἔχειν
2701 568 2836 637 πρὶς
2867 567 2959 619 τὸν
2987 568 3172 629 τόπον.
3219 568 3417 636 μᾶλλον
3447 569 3500 621 δὲ
3544 573 3758 642 καὶπρὸς

2221 654 2348 716 τοῦς
2379 656 2859 726 συνδιατρίϐοντας
2888 657 3173 723 ἀδελφοὺς,
3200 658 3293 710 καὶ
3323 657 3457 727 πρὸς
3487 661 3586 711 πᾶν
3608 660 3758 729 ἔργον,

2223 748 2317 799 καὶ
2342 748 2475 817 πρὸς
2504 748 2602 818 τὴν
2636 749 2788 802 θείαν
2818 749 3063 820 Γραφὴν,
3099 750 3294 821 ἀηδίαν
3322 752 3416 803 καὶ
3452 751 3654 821 χάσμην
3675 769 3759 804 πυ-

2228 838 2502 906 κκιοτάτην
2532 840 2768 908 ἐμποιεῖ.
2801 840 2944 909 Πρὸς
2988 839 3220 905 τούτοις,
3253 841 3343 893 καὶ
3387 843 3569 894 πεῖναν
3593 843 3763 913 πολλὴν

2227 929 2485 997 παρέχει·
2523 930 2617 983 καὶ
2652 926 2751 984 ὦδε
2785 932 3007 985 κάκεῖσε
3047 932 3414 1002 στρεφόμενον
3443 933 3765 1002 καραδοκοῦν-

2222 1035 2289 1071 τα
2319 1020 2415 1089 τὴν
2439 1019 2591 1089 ὥραν
2619 1020 2718 1091 τῆς
2753 1021 3072 1085 ἑστιάσεως.
3106 1023 3214 1075 Kal
3237 1021 3415 1075 λαϐὼν
3447 1023 3637 1091 βιῦλίον
3658 1028 3764 1078 ἀνα-

2221 1110 2479 1177 γινώσκει
2517 1113 2711 1182 μικρόν
2743 1130 2757 1142 υ
2793 1113 2890 1166 καὶ
2939 1113 3100 1167 πάλιν
3148 1113 3359 1182 τίθησιν
3391 1114 3542 1175 αὐτὸ,
3573 1116 3659 1169 καὶ
3684 1116 3765 1187 ἀρ-

2224 1219 2378 1272 χεται
2407 1190 2621 1272 τρίϐειν
2662 1204 2761 1272 τὴν
2794 1204 2938 1274 δψιν,
2981 1204 3078 1258 καὶ
3122 1206 3243 1266 ταῖς
3274 1204 3484 1272 θυρίσιν
3513 1206 3766 1269 ἀτενίζεινδ

2224 1296 2318 1346 καὶ
2349 1290 2504 1357 αὖθις
2528 1294 2711 1364 ὀλίγον
2731 1296 3148 1365 ἀναγινώσκειν,
3179 1290 3293 1349 εἷτα
3330 1299 3549 1366 μετρεῖν
3580 1299 3669 1361 τὰς
3697 1317 3769 1351 τεο

2221 1381 2448 1451 τράδας,
2478 1384 2572 1436 καὶ
2597 1382 2700 1447 τὰς
2729 1385 2905 1455 ἀρχὰς
2929 1384 3211 1455 ἐπιζητεῖν
3236 1384 3346 1437 τῶν
3373 1384 3669 1452 κεφαλαίων
3692 1390 3769 1457 τῆς

2226 1473 2433 1543 βίὸλου.
2460 1476 2626 1540 Τέλος
2649 1476 2856 1541 πτύξας
2886 1476 2949 1530 τὸ
2981 1476 3185 1547 βιϐλίον
3210 1479 3493 1547 κοιμᾶται·
3525 1479 3706 1550 μικροῦ
3726 1480 3769 1534 δὲ

2227 1554 2398 1621 ὕπνου
2421 1567 2789 1632 διαλαϐόντος,
2829 1568 2994 1621 πάλιν
3019 1569 3322 1622 ἀνίσταται·
3352 1568 3529 1622 ταῦτα
3558 1569 3610 1622 δὲ
3637 1573 3768 1636 ποιεῖ,

2232 1657 2556 1730 βουλόμενος
2604 1658 2920 1714 ἀναλίσκειν
2961 1660 3062 1722 τὰς
3102 1658 3283 1728 ὥρας’
3331 1660 3463 1713 πότε
3506 1661 3559 1713 δὲ
3598 1661 3772 1733 ἀκούσῃ

539 1762 598 1808 et
631 1726 925 1806 enumerat
951 1726 1382 1845 quaterniones;
1419 1726 1626 1819 plicato
1674 1766 1802 1804 mox
1835 1749 1984 1805 libro
2016 1749 2121 1806 ob-

2227 1726 2321 1803 τοῦ
2354 1726 2705 1821 σημαντῆρος
2745 1750 2839 1804 τοῦ
2891 1726 3166 1822 ἀρίστου(
3188 1750 3432 1815 ἀκούσας
3460 1752 3516 1805 δὲ
3545 1726 3770 1822 εὐπρόθυῖ

541 1840 864 1907 dortuiscit;
888 1839 1066 1894 somni
1094 1839 1459 1909 aliquantum
1478 1840 1571 1895 ubi
1595 1840 1896 1912 decerpsit,
1928 1857 2125 1898 rursus

538 1934 783 2002 assurgit
811 1938 1202 2000 experrectus.
1230 1929 1357 1986 Haec
1386 1946 1456 1986 eo
1486 1931 1618 1986 facit
1640 1932 1882 1988 utboras
1910 1934 2127 1990 deterat

540 2043 604 2079 ac
647 2023 913 2095 temporis
958 2022 1116 2080 fallat
1167 2023 1650 2093 prolixitudinem.
1705 2025 1873 2096 Atqui
1933 2025 2125 2081 audito

542 2119 781 2185 primum
817 2114 1089 2186 signifero
1121 2122 1177 2170 et
1202 2113 1386 2169 indice
1422 2114 1666 2184 prandii,
1711 2132 1875 2186 quam
1918 2117 2123 2182 alacer,

538 2226 705 2278 quam
732 2216 1100 2277 expromptus
1133 2222 1200 2262 eo
1237 2207 1534 2277 provolatJ
1576 2207 1863 2263 Invenitur
1891 2210 2127 2279 proinde

539 2313 595 2357 et
628 2305 676 2356 is
708 2302 774 2357 ad
804 2299 1233 2356 ministrandum
1262 2300 1408 2354 haud
1441 2302 1648 2371 segnis,
1680 2306 1836 2357 ecr‘to
1865 2302 1969 2357 sibi
1999 2318 2127 2372 pro-

532 2396 785 2451 mittens.
799 2391 1068 2463 ejusmodi
1085 2390 1417 2447 munusioeo
1435 2391 1676 2445 mandati
1694 2391 2022 2462 imputatum
2037 2393 2126 2449 iri.

490 2530 493 2533 λ
536 2483 788 2547 Subinde
808 2483 898 2538 tali
918 2481 1389 2554 suggeritdaamon
1417 2482 1502 2537 hic
1517 2483 2125 2555 acedimcogitationum

534 2573 955 2644 intemperiem:
975 2588 1174 2643 nempe
1198 2573 1307 2629 alio
1327 2582 1387 2629 ut
1410 2575 1665 2646 emigret,
1690 2585 1747 2629 et
1763 2577 1889 2645 quia
1913 2584 2130 2646 tempus

541 2681 707 2722 omne
738 2673 795 2719 et
832 2664 995 2717 labor
1030 2664 1213 2718 omnis
1242 2678 1416 2718 vacua
1444 2665 1551 2718 sibi
1576 2675 1744 2719 erunt
1768 2666 1942 2738 frugis
1969 2666 2128 2723 bonae

540 2765 598 2827 et
634 2755 841 2819 inania,
872 2754 926 2807 ni
962 2768 1021 2809 se
1048 2753 1115 2807 ad
1155 2753 1263 2808 alia
1324 2754 1583 2811 conferat
1635 2756 1775 2810 loca.
1821 2755 2126 2812 Consilium

542 2862 736 2903 rursus
755 2854 918 2902 novat
937 2846 1141 2900 misero
1166 2846 1285 2910 isti,
1311 2846 1440 2917 quia
1468 2847 1576 2901 alio
1593 2848 1744 2902 nullo
1760 2858 1920 2917 pacto
1944 2859 2130 2920 potest

543 2938 723 2995 morbi
762 2938 843 2993 sic
874 2937 1176 3007 perniciosi
1207 2937 1433 3013 defungi
1460 2924 1818 3009 intemperie,
1855 2941 1960 2996 nisi
1990 2957 2127 2996 con-

525 3035 794 3115 tinenter
817 3038 1086 3100 evagetur
1121 3037 1178 3085 et
1213 3039 1510 3095 commeet,
1574 3047 1743 3100 seque
1778 3032 2008 3103 recipiat
2057 3033 2125 3089 ad
2154 3071 2198 3129 Ο

542 3110 766 3188 fratres,
802 3124 963 3192 quasi
1006 3137 1140 3176 vero
1178 3119 1269 3175 fiat
1296 3122 1348 3176 id
1391 3122 1463 3177 ob
1515 3122 1789 3192 publicam
1829 3124 2125 3180 utilitatem

528 3215 974 3285 procurandum,
1009 3221 1105 3267 aut
1135 3224 1286 3268 certe
1318 3213 1573 3270 inﬁrmos
1617 3222 1677 3268 ut
1715 3215 2028 3271 intervisat.
2078 3216 2130 3271 Is

546 3309 763 3362 tandem
790 3306 929 3360 nihil
952 3304 1241 3360 dissimilis
1264 3307 1610 3375 compcritur
1637 3307 1882 3376 virgulto
1897 3307 2124 3374 deserti,

544 3400 690 3470 quod
725 3398 816 3453 ubi
846 3398 1190 3467 aliquantum
1219 3396 1603 3467 interquievit,
1640 3414 1833 3455 rursus
1859 3399 1971 3454 huc
1996 3400 2129 3456 illuc

528 3490 883 3560 aspiratione
906 3499 1194 3543 ventorum
1222 3490 1566 3559 perpellitur.
1586 3490 1696 3544 Aut
1727 3499 1901 3554 certe,
1930 3507 2128 3561 quem-

544 3581 839 3635 admodum
893 3581 1076 3650 planta
1096 3579 1367 3651 quzrpiam
1393 3579 1679 3649 procerior
1728 3592 1784 3636 et
1806 3583 2129 3639 exolescens

544 3671 770 3740 genitali
804 3672 926 3726 loco
966 3680 1172 3735 emota,
1214 3680 1270 3725 et
1320 3671 1627 3727 monachus
1679 3688 2005 3744 gyrovagus,
2057 3690 2127 3730 ne

545 3764 712 3818 unius
740 3763 963 3834 quidem
990 3763 1214 3818 virtutis
1246 3762 1461 3831 frugem
1490 3763 1719 3818 referet.
1762 3762 2131 3830 Quemadmo-

544 3859 675 3909 dum
705 3855 837 3909 item
868 3855 1051 3909 nubes
1111 3855 1270 3909 nullo
1320 3870 1478 3923 aqua:
1529 3855 1763 3910 humore
1815 3862 2075 3911 concreta
2110 3897 2125 3923 ,

532 3947 696 4002 'venti
738 3946 1044 4017 agitatione
1074 3946 1422 4016 percellitur,
1469 3946 1540 4018 ita
1590 3948 1900 4003 monachus
1928 3948 2125 4018 spiritu

528 4039 786 4107 agitatus
827 4036 1034 4091 accdize
1060 4077 1074 4100 ,
1122 4037 1335 4089 nullam
1383 4017 1552 4090 habet
1577 4036 1812 4092 solidam
1850 4017 2124 4107 requiem.

532 4127 855 4197 Siquando
885 4127 1100 4182 dtemon
1166 4127 1259 4181 hic
1310 4143 1376 4180 ex
1407 4127 1558 4181 adito
1592 4126 1743 4181 cella:
1800 4127 1954 4182 illum
2015 4144 2126 4184 non

544 4221 794 4291 quiverit
830 4218 1157 4283 extrudere,
1187 4227 1319 4273 tunc
1349 4219 1485 4273 hora
1516 4219 1752 4273 maxime
1785 4221 2129 4275 communio-

540 4314 634 4366 nis
670 4313 846 4382 ipsum
879 4310 1155 4374 adoritur,
1199 4321 1259 4364 ut
1283 4311 1407 4379 ejus
1439 4317 1681 4364 mentem
1715 4309 1947 4380 dissipet
1979 4318 2035 4365 et
2069 4310 2125 4364 in

2229 1856 2330 1909 μσς
2362 1840 2595 1909 γίνεται,
2623 1840 2941 1911 εὑρίσκεται
2986 1841 3044 1894 δὲ
3088 1842 3183 1895 καὶ
3224 1843 3307 1904 εἰς
3349 1842 3624 1896 διακονίαν
3653 1842 3771 1906 ὀξὺς,

2225 1931 2320 1984 καὶ
2347 1930 2569 2001 ἐντολὴν
2592 1932 2871 2001 λογίζεται
2896 1931 2996 2002 τὴν
3027 1932 3222 1987 ἑαυτοῦ
3259 1934 3366 2005 πλη
3376 1934 3648 2007 ροφορίαν.
3674 1937 3773 1989 Λοι-

2218 2021 2328 2075 πὸν
2366 2021 2424 2075 δὲ
2449 2016 2605 2087 οὗτος
2637 2024 2666 2077 ό
2690 2023 2786 2094 τῆς
2821 2024 3053 2094 ἀκηδίας
3094 2026 3308 2096 δαίμων
3338 2026 3627 2081 ὑποϐάλλει
3653 2029 3772 2098 αὐτῷ

2227 2115 2321 2170 καὶ
2348 2114 2650 2185 λογισμοὺς
2681 2115 2822 2184 μετὰ
2852 2115 3194 2181 ὑποϐἀσεως,
3233 2118 3331 2171 καὶ
3357 2119 3434 2179 ὡς
3463 2120 3511 2172 εί
3538 2118 3612 2190 μὴ
3640 2136 3774 2190 μετα-

2230 2206 2405 2277 στήσῃ
2453 2206 2650 2260 ἑαυτὸν
2686 2208 2821 2278 πρὸς
2856 2207 3061 2270 τόπους
3094 2208 3354 2278 ἑτέρους,
3392 2212 3503 2274 πᾶς
3544 2212 3573 2262 ὁ
3618 2211 3773 2281 χρόνος

2228 2297 2323 2350 καὶ
2350 2298 2378 2349 ό
2416 2298 2578 2362 πόνος
2632 2298 2860 2368 μάταιος
2900 2299 3049 2369 αὐτῷ
3089 2302 3403 2371 γενήσεται.
3446 2297 3580 2355 Εἶτα
3619 2302 3772 2355 ὑποτί-

2229 2396 2382 2442 υεται
2426 2388 2598 2460 αὐτῷ,
2635 2389 2714 2454 ὡς
2744 2390 2921 2443 οὐδενὶ
2968 2391 3114 2462 ἄλλῳ
3161 2392 3354 2462 τρόπῳ
3398 2391 3674 2464 δυνήσεται
3697 2393 3770 2462 τῆς

2230 2481 2393 2534 νόσου
2425 2485 2633 2552 ταύτης
2674 2482 3139 2550 ἀπαλλάττεσθαι,
3170 2485 3220 2536 εί
3255 2482 3335 2554 μὴ
3362 2482 3453 2536 διὰ
3478 2484 3539 2537 τὸ
3573 2485 3772 2553 συνεχιὴ

2231 2569 2582 2642 ἐξέρχεσῦαι,
2627 2575 2722 2626 καὶ
2773 2572 3146 2643 παραϐάλλειν
3186 2573 3442 2643 ἀδελφοῖς
3479 2573 3636 2644 δῆθεν
3662 2573 3773 2643 ὠφε-

2229 2661 2402 2728 λείας,
2438 2662 2471 2733 ἣ
2513 2662 2857 2733 ἐπισκέψεως
2896 2664 3268 2719 ἀσθενούντων
3301 2665 3489 2735 χάριν,
3532 2668 3621 2720 καὶ
3656 2666 3775 2735 εὑρί-
3845 2681 3850 2687 ·

2232 2769 2424 2806 σκεται
2472 2751 2666 2825 ὥσπερ
2721 2754 2997 2826 φρύγανον
3029 2758 3129 2827 ὲρη
3140 2733 3312 2827 μίας(
3335 2733 3519 2825 ὀλίγον
3545 2733 3771 2827 ἡσύίασε.

2230 2842 2325 2894 καὶ
2355 2842 2518 2895 πάλιν
2566 2844 2674 2896 ὑπὸ
2702 2844 2908 2920 ἀνέμου
2938 2847 3242 2902 ἐλαύνεται.
3280 2849 3396 2904 Καὶ
3425 2849 3609 2920 ὥσπερ
3640 2851 3773 2920 φυτὶν

2232 2932 2378 3001 μέγα
2415 2935 2842 3006 ἀφαιρούμενον,
2874 2937 3016 2991 οὕτω
3041 2939 3136 2992 καὶ
3160 2940 3399 3012 μοναχδς
3428 2943 3681 3013 γυρευτὴς
3696 2941 3774 2993 οὐκ

2229 3025 2369 3079 οἴσει
2425 3027 2639 3093 καρπὸν
2688 3029 2913 3098 ἀρετῆςο
2952 3030 3046 3084 καὶ
3094 3030 3287 3104 ὥσπερ
3334 3033 3533 3103 νεφέλη
3584 3032 3775 3102 ἄνυδρος

2232 3114 2340 3167 ὑπὸ
2382 3116 2583 3185 ἀνέμου
2613 3116 2890 3183 διώκεται,
2920 3119 3063 3174 οὕτω
3113 3122 3353 3192 μοναχδς
3395 3123 3469 3195 μὴ
3510 3124 3639 3195 ἔχων
3667 3124 3770 3176 ὑπο-

2234 3204 2406 3277 μονὴν
2442 3206 2549 3261 ὑπὸ
2578 3209 2888 3278 πνεύματος
2917 3211 3167 3283 ἀκηδίας.
3201 3214 3317 3266 Καὶ
3345 3215 3475 3267 ὅταν
3516 3215 3571 3268 δὲ
3605 3215 3690 3268 καὶ
3715 3213 3773 3282 μὴ

2229 3298 2429 3368 δυνηθῇ
2462 3298 2694 3354 ἐκϐάλαι
2720 3301 2883 3355 αὐτὸν
2907 3303 2970 3355 ἐκ
3003 3303 3102 3374 τῆς
3135 3304 3361 3374 κέλλης,
3393 3305 3616 3377 ἄρχεται
3643 3304 3775 3359 αὑτὸν

2229 3391 2287 3442 ὲν
2303 3390 2443 3462 αὐτῇ
2470 3409 2536 3444 πε
2546 3394 2748 3464 ρισπᾷν
2769 3395 2826 3447 ὲν
2840 3396 2905 3465 τῇ
2923 3393 3042 3466 ὥρᾳ
3067 3398 3167 3467 τῆς
3191 3399 3491 3464 συνάξεωςο
3506 3398 3681 3462 Τοῦτο,
3695 3414 3772 3466 qn;-

2231 3481 2336 3545 σιν,
2367 3481 2760 3552 ἀνεπιτηδείως
2779 3488 2957 3539 κεῖται
2972 3485 3050 3556 τῷ
3067 3486 3211 3558 ἄλλῳ
3228 3507 3240 3519 ·
3266 3489 3331 3541 οὐ
3354 3489 3512 3560 χρεία
3529 3483 3624 3558 ᾧδε
3642 3484 3772 3548 εἶναι.

2227 3572 2375 3635 ὅπως
2406 3573 2499 3628 τὸν
2529 3575 2654 3628 νοῦν
2682 3576 2851 3629 αὑτοῦ
2880 3577 3049 3647 ἀργὸν
3080 3581 3175 3632 καὶ
3204 3579 3463 3652 ἄκαρπον
3496 3583 3776 3651 καταστήσῃ

2228 3668 2292 3719 ὲκ
2319 3669 2417 3736 τῆς
2452 3666 2762 3735 δοξολογιας
2804 3668 2899 3721 τοῦ
2931 3669 3089 3724 Θεοῦ.
3131 3670 3319 3725 Ταῦτα
3352 3673 3410 3726 δὲ
3443 3675 3611 3729 πάντα
3639 3674 3667 3744 ή
3696 3674 3774 3742 ἁρ-

2228 3757 2324 3825 γία
2347 3757 2442 3810 καὶ
2473 3760 2505 3829 ή
2534 3759 2777 3830 ῥᾳθυμία
2804 3760 3226 3830 κατεργάζεται.
3244 3762 3384 3815 Οὐδὲ
3414 3762 3520 3832 γὰρ
3542 3761 3773 3831 στοιχήσει

2209 3848 2564 3919 ·ἀκηδιαστὴς
2615 3850 2849 3921 μοναχὸς
2897 3850 3045 3920 ἔργῳ
3087 3852 3167 3903 ἑνί
3212 3869 3370 3905 ποτε.
3413 3852 3568 3905 Ἀλλὰ
3597 3852 3682 3904 καὶ
3714 3849 3771 3907 είς

2229 3942 2538 4010 προσευχὴν
2579 3941 2831 4015 ὀκνηρὸς,
2864 3944 2943 4007 εἰς
2983 3941 3040 3994 δὲ
3082 3942 3415 4013 ἀργολογίαν
3444 3941 3767 4014 εῦπρόθυμος.

2243 4032 2299 4083 '0
2349 4031 2519 4085 Θέλων
2565 4029 2658 4086 οὖν
2704 4034 3089 4104 περιγενέσθαι
3137 4034 3232 4087 τοῦ
3296 4035 3548 4105 δαίμονος
3595 4034 3767 4090 τούτου.

2226 4121 2377 4185 τάξει
2410 4123 2589 4194 ἑαυτῷ
2634 4124 2834 4194 μέτρον
2891 4127 2949 4179 ὲν
2984 4125 3148 4179 παντὶ
3187 4125 3361 4197 ἔργῳ.
3405 4128 3514 4181 Καὶ
3551 4126 3620 4197 μὴ
3662 4125 3768 4192 πρό-

2226 4233 2386 4285 τερον
2425 4216 2635 4288 ἀποστῇ
2669 4218 2801 4288 πρὶν
2823 4217 3042 4272 τελέσαι
3068 4218 3251 4272 τοῦτο.
3281 4221 3393 4273 Καὶ
3420 4216 3765 4290 προσευχέσθω

2228 4309 2469 4377 συνεχῶς
2502 4309 2599 4361 καὶ
2632 4309 2935 4379 συντόμως,
2975 4311 3070 4363 καὶ
3098 4310 3158 4363 τὸ
3190 4312 3414 4384 πνεῦμα
3452 4313 3548 4382 τῆς
3576 4308 3763 4379 ἁκηδίας

545 4404 764 4457 diversa
797 4402 1056 4471 abripiat.
1123 4401 1338 4470 1070
1386 4400 1585 4454 Secum
1626 4400 1851 4456 interim
1892 4401 2122 4456 admur-

2230 4399 2489 4468 φεύξεται
2519 4400 2613 4453 ἀπ’
2649 4400 2836 4455 αὐτοῦ.
2871 4402 2946 4453 Τὸ
2983 4403 3091 4472 γὰρ
3135 4403 3307 4467 πάθος
3342 4404 3499 4458 τοῦτο
3526 4401 3606 4455 διὰ
3636 4415 3763 4471 προσ-

545 4504 749 4557 nturat,
784 4494 889 4548 hoc
912 4493 1261 4548 incommode
1293 4506 1397 4546 nec
1426 4507 1528 4546 suo
1555 4492 1678 4547 loco
1709 4492 1953 4562 positum
1990 4501 2075 4549 est
2104 4511 2118 4561 ;

544 4586 681 4640 illud
710 4587 839 4640 item
870 4594 1035 4654 atque
1064 4584 1237 4649 aliud,
1263 4583 1403 4638 nihil
1428 4592 1512 4638 est
1544 4600 1770 4640 necesse
1795 4596 1854 4639 ιιι
1880 4585 1973 4641 hic
2003 4585 2071 4640 sit
2099 4602 2114 4640 :

543 4681 787 4749 dumque
823 4678 1085 4733 miserum
1127 4687 1375 4732 avocata
1415 4674 1679 4731 laudibus
1727 4676 1968 4742 divinis,
2013 4692 2124 4746 quo

2230 4492 2394 4562 ευχῆς
2423 4491 2814 4563 ἀνατρέπεται,
2846 4494 2941 4545 καὶ
2972 4492 3188 4563 ἀποχῆς
3217 4495 3563 4567 ἀργολογίας,
3584 4494 3665 4546 καὶ
3691 4487 3760 4540 τοῦ

2229 4582 2375 4655 κατὰ
2422 4583 2653 4654 δύναμιν
2701 4584 3042 4655 ὲργοχείρου,
3078 4587 3170 4640 καὶ
3206 4586 3438 4656 μελέτης
3487 4587 3592 4639 τῶν
3637 4580 3761 4635 θείων

2231 4676 2426 4745 λογίων
2459 4676 2552 4731 καὶ
2580 4677 2681 4747 τῆς
2710 4679 2769 4729 ὲν
2795 4679 2907 4740 τοῖς
2937 4681 3265 4749 πειρασμοῖς
3295 4679 3587 4750 ὑπομονῆς.

544 4782 706 4842 pacto
728 4774 848 4843 ejus
867 4781 1106 4827 mentem
1130 4770 1555 4847 redditvacuam
1581 4769 1739 4824 bona:
1796 4769 2162 4838 operationis,
2205 4776 2262 4824 et
2282 4770 2353 4824 ab
2388 4770 2540 4825 omni
2577 4770 2733 4841 fruge
2763 4770 3047 4825 alienam?
3091 4770 3305 4829 Cuncta
3332 4773 3449 4829 haec
3478 4773 3604 4844 quid
3642 4765 3754 4827 aliud

543 4874 831 4935 operatur,
877 4878 1043 4933 quam
1094 4863 1247 4916 iners
1303 4862 1477 4915 otium
1530 4875 1595 4914 ac
1647 4858 1901 4913 socordia
1953 4859 2124 4913 animi
2165 4858 2567 4915 lentescentis?
2620 4859 2923 4915 Monachus
2951 4861 3098 4914 enim
3157 4863 3361 4919 acediae
3389 4864 3579 4934 spiritu
3623 4861 3756 4932 agitao

544 4971 635 5013 tus
672 4955 865 5013 ordine
926 4954 1203 5009 concinne
1236 4952 1448 5007 nullum
1487 4966 1731 5021 unquam
1775 4966 1917 5020 opus
1974 4950 2257 5005 clauserit.
2286 4949 2367 5006 Ad
2402 4952 2708 5007 orationem
2757 4960 2903 5006 totus
2972 4967 3097 5006 cum
3151 4953 3423 5019 desideat,
3473 4968 3625 5023 quam
3658 4965 3750 5021 pru-

544 5050 749 5119 pendct
784 5048 851 5102 ad
879 5049 1097 5103 otium!
1155 5046 1299 5101 Sane
1338 5046 1644 5100 dmmonem
1697 5045 1848 5100 hunc
1894 5044 2147 5115 quisquis
2192 5045 2393 5117 insigni
2429 5046 2710 5117 triumpho
2763 5063 2793 5102 a
2838 5063 2897 5102 se
2932 5046 3189 5118 ablegare
3223 5050 3361 5115 vult,
3407 5051 3460 5104 in
3510 5046 3647 5105 omni
3680 5056 3753 5100 suo

545 5157 713 5211 opere
743 5139 965 5195 modum
992 5139 1098 5194 sibi
1141 5139 1460 5208 praescribat
1485 5138 1682 5192 ordine
1720 5148 1892 5202 certo,
1924 5153 2027 5193 nec
2056 5140 2210 5207 prius
2233 5139 2505 5195 desciscat
2536 5156 2565 5195 a
2586 5149 2770 5211 empto
2819 5156 2986 5211 opere
3038 5158 3203 5212 quam
3233 5144 3395 5200 finem
3441 5137 3753 5214 imposuerit;

548 5235 902 5290 cominenter
950 5232 1184 5305 proinde
1224 5242 1347 5287 oret
1371 5272 1386 5297 ,
1447 5247 1512 5286 ac
1537 5226 1729 5303 magna
1771 5233 1939 5287 animi
1969 5233 2350 5298 contentione,
2380 5241 2547 5304 atque
2584 5235 2658 5290 ita
2693 5236 2914 5293 demum
2943 5237 3011 5292 ab
3049 5253 3116 5292 eo
3144 5251 3203 5292 se
3252 5252 3415 5307 quam
3481 5228 3753 5303 longissime

544 5325 899 5380 submovebit
935 5325 1165 5395 spiritus
1209 5323 1300 5377 hic
1341 5324 1564 5379 acedim.
1598 5324 1792 5379 lsthaec
1820 5325 1970 5380 enim
1999 5325 2318 5381 turbulenta
2349 5325 2573 5382 afiectio
2598 5327 3162 5385 subvertiturattente
3180 5328 3224 5384 si
3257 5343 3401 5391 ores,
3442 5328 3484 5382 si
3519 5336 3568 5381 te
3593 5333 3752 5378 avocas

546 5415 616 5467 ab
644 5415 821 5469 otioso
871 5415 1146 5481 sermone,
1182 5415 1224 5470 si
1260 5423 1529 5484 quantum
1564 5416 1753 5470 sinunt
1815 5416 1985 5480 vires,
2036 5417 2131 5481 uni
2184 5418 2424 5487 cuipiam
2485 5419 2643 5487 operi
2681 5419 3008 5475 admoliaris
3062 5437 3308 5485 manum,
3355 5436 3400 5474 ει
3437 5415 3625 5474 divinis
3656 5413 3750 5467 elo-

545 5509 690 5577 quiis
724 5511 1108 5583 accommodes
1165 5519 1402 5563 mentem
1429 5551 1442 5573 ,
1486 5511 1532 5564 si
1578 5511 1818 5580 denique
1856 5511 1993 5565 nihil
2024 5527 2167 5582 :cgre
2191 5511 2339 5567 feras
2377 5514 2745 5568 tentationum
2773 5515 3033 5568 assultus.

607 5584 717 5654 Nos
757 5600 902 5653 enim
933 5601 987 5654 ni
1031 5600 1366 5669 compererit
1403 5602 1775 5657 commonitos
1804 5602 2116 5657 istiusmodi

2310 5603 2439 5657 Ἐὰν
2466 5603 2572 5674 γὰρ
2606 5604 2681 5674 μὴ
2708 5607 2821 5667 τοῖς
2854 5604 3037 5668 ὅπλοις
3077 5605 3287 5667 τούτοις
3327 5590 3746 5669 κατασφαλιζθμέ⁸

550 5689 740 5756 armis,
780 5689 895 5745 suis
937 5690 1138 5764 jaculis
1182 5688 1403 5745 saucios
1463 5692 1790 5747 vacillantes
1840 5693 2029 5749 reddet
2072 5704 2124 5748 et

2236 5712 2359 5760 νοῦς
2408 5684 2553 5766 ἡμᾶς
2577 5695 2741 5769 εὕρῃ,
2778 5695 3182 5762 κατατοξεύσας
3211 5699 3321 5760 τοῖς
3358 5692 3538 5749 ἑαυτοῦ
3568 5692 3739 5762 βέλεσιν
