4016 6476
335 265 470 330 ιιιῑ

339 373 583 446 pauenti;
635 373 732 425 καὶ
781 372 1115 437 ἁκαθίστους
1147 376 1294 444 ἡμᾶς
1326 375 1554 427 ἁποτελε

335 453 535 528 εον-τας
573 465 777 528 τόπους
813 465 876 518 ἐκ
908 466 1113 520 τόπωνο
1153 468 1249 518 καὶ
1285 467 1435 520 οὐδὲν
1465 468 1611 539 ἄλλῳ
1645 467 1919 538 μεριμνᾷν

336 558 431 612 καὶ
455 560 838 628 περισκοπεῖν,
865 557 896 628 ἦ
923 558 1080 612 τοῦτο
1104 560 1288 628 μόνον,
1319 561 1421 613 ποῦ
1443 561 1599 614 πότοι
1626 560 1720 613 καὶ
1749 561 1921 626 ἁγίων

339 649 552 720 μνῆμαι
607 649 874 716 γίνονται.
933 651 1042 705 Τοῦ
1087 653 1196 722 γὰρ
1249 651 1584 723 ἀκηδιαστοῦ
1635 655 1668 723 ή
1709 652 1922 706 διάνοια

336 743 489 798 οὐδὲν
521 742 651 796 ἄλλο
690 743 1046 812 φαντάζεται,
1077 745 1172 797 καὶ
1201 743 1451 814 ψηφίζει,
1480 743 1512 814 ἢ
1543 743 1672 804 τοὺς
1709 744 1774 796 ἐκ
1801 743 1924 795 τούς

335 856 446 892 των
488 837 925 908 μετεωρισμούς.
971 835 1174 891 Λοιπὸν
1199 839 1255 891 δὲ
1289 839 1353 892 ὲκ
1387 837 1580 892 τούτου
1611 838 1702 892 καὶ
1726 840 1804 899 εἰς
1833 853 1926 891 κου

339 929 514 998 σμικέι
551 929 855 999 πράγματα
889 927 1054 980 αὑτὸν
1089 927 1428 998 συνδεσμεῖν·
1471 929 1566 982 καὶ
1598 928 1718 982 κατ’
1747 925 1926 996 ὀλίγον

339 1019 587 1084 δελεάζει
622 1022 744 1082 ταῖς
781 1019 1105 1074 ἐπιϐλαϐἐσι
1131 1019 1358 1084 ταύταις
1387 1021 1689 1091 ἀσχολίαις,
1727 1020 1832 1082 ἓως
1861 1019 1927 1073 ἂν

339 1115 438 1164 καὶ
489 1110 586 1163 τοῦ
649 1109 946 1180 μοναδικοῦ
1009 1111 1434 1182 ιιπαγγέλματος
1493 1111 1715 1176 τελείως
1767 1110 1929 1166 αὑτὸν

343 1201 573 1274 ἐκϐάλῃ.
616 1201 816 1264 Καλῶς
853 1196 947 1256 οὖν
973 1203 1001 1254 ὁ
1023 1203 1323 1266 ἀπόστολος
1360 1203 1596 1268 Παῦλος,
1622 1203 1698 1262 ὡς
1745 1204 1930 1274 ἄρτιος

347 1294 534 1364 ἰατρὸς
585 1293 912 1363 βουλόμενος
964 1295 1219 1364 ἐκτεμεῖν
1253 1296 1353 1366 τῆς
1383 1295 1542 1349 νόσου
1589 1296 1794 1364 ταύτης
1831 1295 1928 1360 τὰς

342 1389 546 1449 αἰτίας,
603 1387 728 1440 ὅθεν
775 1387 980 1454 ἁκηδία
1031 1389 1318 1451 τίκτεται,
1381 1393 1644 1460 παραινεῖ
1713 1389 1928 1458 λέγων’

355 1477 626 1546 Ἀδελφοὶ,
648 1478 804 1531 αὐτοὶ
829 1478 1020 1532 οἴδατε
1069 1479 1186 1542 πῶς
1213 1479 1295 1532 δεῖ
1326 1481 1615 1549 μιμεῖσθαι
1649 1482 1818 1552 ἡμᾶς.
1850 1482 1932 1534 ὅτι

347 1570 449 1624 οὐκ
477 1570 874 1639 ὴτακτήσαμεν
907 1573 964 1622 ὲν
1000 1571 1153 1640 ὑμῖν,
1187 1571 1311 1625 οὐδὲ
1351 1573 1560 1644 δωρεὰν
1588 1573 1753 1645 ἄρτον
1795 1574 1932 1642 ὲφάο

350 1676 522 1726 γομεν
555 1661 708 1730 παρά
736 1678 905 1725 τινος,
939 1659 1054 1714 ἀλλ’
1093 1663 1150 1714 ὲν
1190 1663 1349 1734 κόπῳ
1385 1663 1479 1716 καὶ
1521 1663 1934 1734 μόχθωινυκτδς

351 1752 447 1804 καὶ
483 1751 700 1822 ἡμέρας
736 1751 1097 1822 ἐργαζόμενοι
1124 1793 1139 1818 ,
1191 1752 1328 1822 πρὸς
1373 1753 1435 1807 τδ
1488 1753 1562 1824 μὴ
1598 1755 1934 1826 ἐπιϐαρῆσαί

351 1858 473 1896 τινα
527 1843 702 1912 ὑμῶν.
758 1861 776 1893 ι
813 1841 924 1896 Καὶ
969 1843 1208 1911 ἐπάγει·
1257 1862 1277 1896 ι
1316 1844 1428 1916 Οὐχ
1471 1845 1551 1899 ὅτι
1589 1847 1690 1899 οὑκ
1735 1846 1936 1918 ἔχομεν

346 1933 624 2001 ἐξουσίαν,
663 1934 780 1987 ἀλλ’
811 1934 898 1988 ἵνα
934 1937 1161 2000 ἑαυτοὺς
1195 1935 1366 1990 τύπον
1397 1936 1580 2007 δῶμεν
1611 1939 1741 2010 ὑμῖν
1767 1941 1847 2003 είς
1877 1939 1938 1994 τὸ

350 2027 639 2098 μιμεῖσθαι
671 2029 840 2098 ἡμᾶς.
884 2047 900 2078 ι
933 2030 1087 2082 Πάνυ
1134 2025 1228 2084 οὖν
1259 2029 1538 2100 ἀγαπητοὶ
1569 2031 1937 2100 συμϐάλλεται

345 2119 483 2188 ἡμῖν
507 2117 584 2187 τῷ
613 2119 916 2190 ὲργοχείρῳ
949 2120 1318 2190 παραμένειν,
1349 2121 1411 2174 οὐ
1443 2121 1606 2190 μόνον
1633 2123 1720 2176 διὰ
1751 2123 1812 2174 τὸ
1841 2124 1939 2193 τὴν

349 2209 585 2280 ἀκηδίαν
633 2210 923 2280 ἐξορίζειν,
958 2210 1098 2264 ἀλλὰ
1142 2213 1237 2266 καὶ
1270 2213 1352 2279 τὸ,
1384 2215 1484 2286 τὴν
1513 2215 1722 2288 τροφὴν
1748 2216 1808 2281 ἐξ
1842 2219 1940 2271 αύ-

346 2301 446 2356 τοῦ
481 2303 806 2374 πορίζεσθαι
831 2342 846 2366 ,
897 2305 993 2356 καὶ
1037 2305 1165 2367 τοὺς
1219 2306 1660 2378 ὑστερουμένους
1699 2308 1936 2380 βοηθεῖν.

349 2395 466 2450 Καὶ
495 2393 738 2462 συνεχῶς
776 2393 1006 2466 μελετᾷν
1037 2395 1107 2450 τὰ
1145 2395 1242 2450 τοῦ
1271 2396 1454 2450 Δαυῖδ·
1484 2385 1510 2450 ἦ
1547 2399 1622 2452 Τὸ
1661 2402 1798 2471 ταχὺ
1829 2399 1943 2454 εἱσ-

350 2486 588 2542 ἀκουσὸν
633 2503 758 2557 μου,
811 2487 1024 2558 Κύριε,
1079 2489 1296 2556 ἐξέλιπε
1347 2489 1410 2544 τὸ
1445 2489 1664 2560 πνεῦμά
1713 2508 1838 2561 μου,
1859 2493 1942 2545 ὅτι

355 2577 724 2632 ἰταπείνωσεν
755 2580 784 2633 ὁ
808 2578 1006 2652 ἐχθρὸς
1033 2582 1132 2650 τὴν
1153 2579 1332 2651 ψυχήν
1365 2599 1492 2652 μου,
1525 2582 1750 2638 ἐκάθισέ
1784 2601 1852 2652 με
1883 2585 1943 2636 ὲν

359 2671 680 2736 σκοτεινοῖς,
715 2671 790 2734 ὡς
827 2672 1060 2742 νεκροὺς
1116 2671 1331 2737 αἰῶνος·
1379 2673 1477 2726 καὶ
1520 2675 1824 2745 ὴκηδίασεν
1855 2674 1941 2730 ἐπ’

352 2759 460 2831 ἐμὲ
492 2759 554 2814 τὸ
581 2760 804 2831 πνεῦμά
829 2779 953 2830 μου.
997 2763 1160 2817 Ἀλλὰ
1191 2765 1266 2837 μὴ
1301 2766 1660 2840 ἅποστρέψῃς
1688 2769 1749 2820 τὸ
1776 2767 1943 2840 πρόσ-

349 2850 506 2903 ωπόν
536 2868 631 2905 σου
663 2855 757 2906 ἀπ’
790 2855 928 2923 ἐμοῦ
949 2896 962 2920 ,
994 2875 1010 2906 ι
1043 2855 1240 2925 ἀγαθὲ,
1270 2876 1290 2909 ι
1327 2859 1412 2913 ὅτι
1446 2860 1580 2932 πρὸς
1614 2861 1672 2914 σὲ
1701 2855 1812 2932 ἦρα
1843 2861 1942 2932 τὴν

348 2941 534 3015 ψυχήν
565 2951 730 3014 μου.“›
756 2947 1090 3000 Είσάιιουσόν
1113 2966 1238 3018 μου,
1268 2947 1468 3020 Κύριε,
1495 2951 1578 3004 ὅτι
1609 2950 1808 3023 ἡψυχὴ
1836 2969 1941 3021 μου

1393 265 1726 326 ΠΟΜΙΗΑ
1766 263 1975 324 XXVI.
2003 289 2075 297 —
2101 255 2198 322 DE
2236 253 2532 321 ACEDIE’L

1561 378 1600 439 ἴ,
1633 374 1728 428 καί
1761 373 1919 442 ἀμεί-

2046 371 2332 426 nstabiles.
2371 371 2624 436 Dumque
2645 383 2674 420 e
2702 367 2840 420 locis
2873 367 2991 422 loca
3016 379 3417 438 permutamus,
3453 371 3605 426 aliud

2023 461 2165 516 nihil
2199 462 2360 516 anxie
2393 461 2478 515 vel
2519 458 2760 530 cogitare
2805 459 2971 513 faciet
3024 462 3109 514 vel
3150 461 3602 536 circumspicere,

2023 569 2188 625 quam
2225 552 2319 608 ubi
2347 553 2598 607 locorum
2633 550 2909 622 symposia
2941 551 3316 616 celebrantur,
3355 564 3451 607 aut
3483 569 3610 610 san--

3406 325 3415 332 ,
3465 253 3602 322 [διδ

2025 655 2242 702 ctorum
2270 644 2571 701 memoriae.
2605 643 2760 698 Mens
2787 643 3032 706 interim,
3057 644 3138 698 sic
3165 645 3354 699 acedia
3379 644 3612 716 dejecus

2026 737 2176 792 aliud
2199 737 2335 792 nihil
2364 736 2700 808 imaginatur
2721 746 2778 792 et
2800 752 2986 792 secum
3010 736 3417 803 admurmurat,
3441 755 3610 808 quam

2029 842 2093 891 ut
2127 847 2230 902 per
2259 831 2377 888 inec
2403 831 2655 886 elevetur
2689 833 2744 886 in
2777 831 3038 894 sublime,
3068 840 3125 886 et
3153 831 3442 902 gloriolam
3479 831 3612 886 hinc

2029 931 2360 993 aucupetur.
2405 923 2521 980 Hoc
2553 939 2758 995 genere
2793 923 2962 979 studii
2997 923 3056 978 fit
3085 933 3146 978 ut
3200 923 3362 978 talem
3407 925 3463 978 in
3511 939 3612 994 po-

2029 1021 2238 1072 sterum
2269 1012 2458 1067 mundi
2479 1013 2718 1084 negotiis
2741 1022 2896 1070 curet
2921 1013 3382 1085 obstringendum
3410 1031 3424 1067 :
3449 1023 3616 1084 atque

2033 1106 2106 1162 ita
2141 1107 2442 1171 irretitum,
2470 1107 2626 1162 velut
2661 1107 2770 1162 offa
2805 1115 3059 1176 porrecta
3086 1149 3101 1172 ,
3159 1107 3366 1162 sensim
3404 1107 3618 1162 inescat

2032 1208 2098 1249 ac
2127 1195 2339 1264 decipit
2372 1194 2496 1249 istis
2523 1195 2992 1265 occupationibus
3011 1196 3149 1250 mire
3171 1194 3614 1260 detrimentosis,

2032 1301 2325 1360 quousque
2358 1287 2582 1343 tandem
2614 1303 2847 1359 prorsus
2871 1288 3134 1344 deturbet
3170 1306 3200 1344 e
3234 1287 3456 1360 fastigio
3496 1304 3618 1344 mo-

2034 1376 2263 1432 nasticae
2303 1377 2689 1448 professionis.
2759 1379 2932 1434 Recte
2995 1379 3220 1450 quidem
3275 1379 3618 1449 Apostolus,

2034 1469 2266 1542 perinde
2293 1485 2358 1525 ac
2387 1471 2616 1526 medicae
2663 1472 2798 1526 artis
2837 1471 3118 1542 quispiam
3165 1472 3459 1528 absolutus
3487 1489 3619 1543 pro-

2037 1559 2233 1624 fessor,
2269 1577 2604 1632 magnopere
2635 1563 2870 1632 cupiens
2899 1562 3077 1617 morbi
3112 1562 3275 1618 istius
3314 1563 3384 1618 ab
3431 1563 3622 1620 radice

2038 1651 2298 1706 excidere
2331 1667 2530 1708 causas
2564 1693 2576 1714 .
2632 1668 2662 1707 e
2693 1654 2900 1723 quibus
2952 1663 3220 1725 prognata
3269 1653 3461 1712 acedia
3489 1663 3578 1710 est
3599 1693 3621 1720 ,

2037 1742 2301 1798 admonet
2337 1743 2572 1800 dicens:
2633 1764 2651 1796 ι
2693 1747 2946 1813 Fratres,
2996 1747 3103 1817 ipsi
3157 1747 3313 1804 scitis
3341 1748 3624 1818 quomodo

2037 1849 2292 1911 oporteat
2323 1841 2527 1898 imitari
2566 1858 2688 1908 nos,
2717 1844 2978 1914 quoniam
3010 1860 3121 1900 non
3145 1845 3380 1916 inquieti
3413 1844 3626 1900 fuimus

2039 1934 2185 1990 inter
2217 1950 2337 2000 vos,
2373 1951 2556 2006 neque
2585 1937 2759 2008 gratis
2805 1953 3002 2008 panem
3050 1939 3511 1994 manducavimus
3553 1939 3625 1994 ab

2037 2023 2247 2094 aliquo,
2289 2026 2383 2080 sed
2421 2027 2478 2080 in
2506 2025 2698 2081 labore
2727 2037 2784 2080 et
2827 2025 3172 2097 fatigatione,
3231 2036 3396 2083 nocte
3439 2036 3498 2081 et
3533 2027 3626 2084 die

2037 2125 2356 2186 operantes,
2377 2134 2448 2172 ne
2462 2133 2628 2189 quem
2648 2129 2892 2174 vestrum
2913 2136 3268 2189 gravarcmus
3298 2122 3366 2184 ⁸³,
3407 2141 3426 2174 ι
3454 2121 3628 2176 ludii--

2039 2210 2118 2265 cit
2142 2227 2154 2264 :
2183 2229 2202 2261 ι
2226 2211 2347 2266 Νοη
2363 2212 2510 2282 quod
2530 2227 2639 2267 non
2669 2212 3032 2268 habuerimus
3052 2221 3405 2284 potestatem,
3441 2217 3536 2272 sed
3567 2223 3630 2270 ut

2038 2303 2412 2372 nosmetipsos
2453 2303 2682 2358 formam
2723 2305 2982 2362 daremus
3009 2305 3167 2362 vobis
3201 2307 3266 2362 ad
3296 2308 3627 2366 imitandum

2040 2411 2144 2450 nos
2169 2394 2236 2452 ⁵⁵.
2277 2415 2294 2448 ι
2329 2397 2772 2468 Prorsusitaque
2816 2399 3172 2456 conducibile
3200 2403 3372 2457 fuerit
3410 2405 3574 2467 nobis
3607 2447 3622 2469 ,

2042 2495 2104 2542 ut
2132 2487 2288 2558 operi
2315 2487 2562 2558 cuipiam
2591 2489 2884 2544 manuario
2907 2491 3328 2547 commodemus
3351 2508 3576 2564 operam
3605 2513 3624 2546 :

2041 2595 2152 2635 non
2183 2580 2388 2636 acediae
2415 2581 2594 2636 solum
2618 2583 2795 2652 gratia
2823 2598 2852 2637 a
2883 2583 3048 2638 nobis
3080 2583 3426 2656 depellenda-3
3463 2597 3630 2658 atque

2042 2671 2098 2727 in
2119 2671 2375 2728 exsilium
2395 2673 2734 2744 ablegandae,
2749 2675 2847 2730 sed
2867 2684 2924 2730 et
2947 2684 3006 2730 ut
3027 2675 3155 2730 hinc
3178 2677 3340 2732 nobis
3367 2678 3631 2738 alimonia

2043 2775 2321 2834 suppetat,
2351 2773 2408 2819 et
2441 2765 2634 2820 eadem
2669 2781 2836 2836 opera
2890 2767 3086 2824 aliena:
3134 2768 3339 2840 inopia:
3366 2771 3630 2826 consula-

2042 2855 2420 2928 mus.Jugiter
2435 2857 2669 2928 proinde
2693 2858 2830 2913 illud
2855 2859 3194 2915 meditemur
3213 2862 3362 2916 beati
3383 2862 3628 2937 Davidis:

2053 2949 2379 3005 «Velociter
2427 2949 2628 3004 exaudi
2665 2965 2772 3012 me,
2821 2951 3096 3018 Domine;
3152 2951 3356 3008 defecit
3401 2953 3634 3024 spiritus

351 3033 414 3085 ὲν
454 3037 682 3098 στενοῖς,
715 3037 811 3088 καὶ
856 3037 1077 3108 πνεῦμα
1123 3039 1363 3111 ἀκηδιῶν
1398 3042 1642 3113 κέκραγε
1686 3043 1823 3115 πρὸς
1857 3044 1937 3100 σέ.

2049 3056 2228 3104 meus,
2257 3042 2306 3074 "
2334 3041 2800 3112 quiahumiliavit
2833 3042 3098 3098 inimicus
3129 3043 3370 3098 animam
3410 3060 3630 3114 meam;

349 3124 448 3193 Μὴ
483 3128 854 3202 συγχωρήσῃς
883 3146 950 3197 με
981 3132 1350 3202 πειρασθῆναι
1375 3133 1516 3202 ὑπὲρ
1544 3133 1573 3187 ὃ
1595 3135 1656 3188 οὑ
1682 3135 1939 3206 δύναμαι,

351 3215 492 3270 ἀλλὰ
522 3218 751 3288 ποίησον
781 3238 798 3270 ι
839 3221 937 3274 σὺν
962 3221 1040 3293 τῷ
1072 3225 1368 3296 πειρασμῷ
1400 3227 1496 3279 καὶ
1523 3224 1624 3296 τὴν
1654 3227 1936 3292 ἔκϐασιν,›

353 3308 452 3363 τοῦ
479 3309 740 3365 δύνασθαί
774 3329 842 3384 με
869 3313 1215 3382 ὑπενεγκεῖν.
1259 3317 1451 3372 Ῥῦσαί
1487 3335 1556 3388 με
1582 3319 1692 3372 τῶν
1724 3320 1944 3376 ἀτόπων

353 3402 456 3457 καὶ
506 3403 760 3475 πονηρῶν
814 3405 1115 3476 λογισμῶν.
1178 3407 1538 3481 Ἐπίστρεψόν
1591 3428 1660 3480 με
1707 3413 1788 3476 είς
1825 3413 1944 3466 ὁδὸν

354 3494 602 3561 εὐθεῖαν,
649 3497 731 3559 είς
777 3498 1078 3565 ἐπίγνωσιν
1113 3499 1396 3570 ἀληθείας.
1445 3504 1554 3555 Καὶ
1612 3503 1702 3567 δός
1758 3522 1848 3574 μοι
1888 3507 1944 3558 ἐν

354 3584 578 3656 καθαρᾷ
608 3588 912 3656 συνειδήσει
941 3590 1080 3658 μετὰ
1111 3593 1426 3662 παρρησίας
1458 3594 1638 3664 πάσης
1657 3596 1945 3666 λατρεύειν

357 3677 448 3729 σοὶ
503 3680 904 3750 ἀπερισπάστῳ
963 3681 1166 3754 καρδίᾳ
1229 3684 1412 3746 πάσας
1459 3685 1558 3750 τὰς
1591 3687 1806 3758 ἡμέρας
1845 3689 1948 3758 τῆς

355 3772 508 3842 ζωῆς
561 3792 687 3844 μου.
745 3776 875 3840 Ναὶ,
925 3776 1098 3848 Κύριε
1142 3777 1318 3846 Ἰησοῦ
1361 3780 1588 3850 Χριστὲ,
1633 3783 1944 3854 χαρακτὴρ,

357 3865 461 3920 καὶ
498 3867 842 3936 ἀπαύγασμα
896 3867 992 3922 τοῦ
1045 3869 1416 3940 εὐλογημένοι)
1480 3891 1575 3926 σου
1632 3877 1868 3944 Πατρὸς,
1919 3877 1949 3930 ὁ

356 3959 810 4029 ἐγκατασπείρας
841 3959 969 4023 τοὺς
1015 3960 1194 4024 θείους
1240 3979 1335 4014 σου
1363 3961 1555 4032 λόγους
1579 3965 1656 4028 εἰς
1681 3967 1779 4028 τὰς
1812 3984 1947 4036 κιιρ⁴

355 4049 481 4113 δίας
511 4051 689 4122 ἡμῶν,
729 4054 756 4105 ὁ
791 4055 950 4123 μόνος
981 4054 1277 4124 κηδόμενος
1303 4055 1412 4108 τῶν
1447 4057 1554 4108 σῶν
1591 4056 1816 4119 δούλων,
1851 4057 1949 4110 καὶ

363 4143 552 4212 ἰατρὸς
589 4143 798 4214 δωρεὰν
834 4144 1084 4214 ἰώμενος,
1120 4147 1148 4198 ὁ
1177 4146 1338 4215 μόνος
1399 4147 1695 4218 εὐεργέτης
1723 4149 1817 4201 καὶ
1851 4148 1949 4202 ἁν-

361 4236 736 4303 υπερὴερανος,
779 4237 808 4288 ὁ
855 4238 1015 4304 μόνος
1065 4235 1315 4306 ἐλεήμων
1346 4239 1441 4290 καὶ
1489 4237 1890 4308 φιλάνθρωπος,
1919 4241 1949 4293 ὁ

362 4323 527 4395 μόνος
560 4327 751 4396 Σωτὴρ
785 4327 881 4378 καὶ
924 4327 1154 4392 δίκαιος,
1190 4329 1218 4381 ὁ
1247 4329 1334 4380 ἀεὶ
1366 4327 1441 4379 ὢν
1479 4330 1575 4380 καὶ
1605 4330 1663 4381 ὲν
1705 4332 1841 4382 πᾶσι
1873 4331 1948 4384 ῶν

2046 3132 2340 3189 collocavit
2380 3147 2468 3188 me
2498 3133 2554 3187 in
2578 3133 2838 3188 obscuris
2869 3133 3016 3190 sicut
3048 3142 3304 3189 mortuos
3332 3136 3542 3201 saeculi,
3573 3144 3632 3192 et

2045 3225 2306 3283 anxiatus
2319 3233 2404 3281 est
2421 3241 2592 3296 super
2604 3241 2693 3280 me
2711 3224 2943 3296 spiritus
2956 3227 3192 3293 meus";
3207 3226 3304 3281 sed
3323 3243 3390 3282 ne
3413 3237 3634 3284 avertas

2046 3320 2244 3377 faciem
2283 3327 2431 3375 tuam
2463 3335 2492 3374 a
2527 3334 2640 3383 me,
2671 3337 2690 3370 ι
2723 3334 2757 3374 o
2786 3318 3048 3388 benigne,
3086 3337 3104 3369 ι
3133 3317 3262 3388 quia
3286 3319 3354 3374 ad
3383 3329 3435 3374 te
3451 3321 3633 3376 levavi

2047 3413 2287 3477 animam
2315 3428 2494 3467 meam
2521 3412 2622 3462 ⁵⁸.)
2645 3410 2859 3466 Exaudi
2893 3410 3276 3476 mc,‘Domine,
3300 3412 3428 3482 quia
3447 3413 3632 3469 anima

2049 3505 2103 3559 in
2141 3505 2412 3575 angustiis
2446 3512 2554 3568 est,
2577 3512 2634 3558 et
2664 3502 2899 3573 spiritus
2932 3517 3044 3572 prie
3075 3503 3239 3558 taedio
3271 3506 3530 3560 clamavit
3561 3507 3630 3562 ad

2050 3603 2124 3648 te.
2159 3593 2238 3648 Ne
2272 3593 2443 3658 sinas,
2480 3601 2850 3662 praeterquam
2885 3606 3134 3660 possum,
3168 3607 3254 3646 me
3280 3595 3502 3654 tentari,
3534 3597 3630 3651 sed

2048 3684 2134 3740 fac
2174 3703 2193 3736 ι
2230 3699 2355 3738 cum
2387 3683 2695 3738 tcntatione
2729 3681 2929 3736 setiam
2968 3701 2984 3733 ι
3011 3681 3222 3737 exitum
3260 3703 3277 3735 ι
3331 3693 3391 3739 ut
3419 3686 3630 3754 possim

2049 3776 2350 3832 sustinere.
2379 3776 2587 3846 1071
2616 3775 2782 3846 Eripe
2832 3790 2920 3830 me
2956 3775 3029 3828 ab
3075 3775 3196 3830 istis
3253 3777 3630 3844 indecentium

2049 3877 2218 3938 atque
2245 3866 2626 3937 improbarum
2649 3867 3048 3936 cogitationum
3073 3867 3454 3923 vibramentis.
3487 3869 3632 3926 Cons

2049 3971 2204 4016 verte
2237 3977 2324 4016 me
2369 3960 2591 4014 inviam
2624 3967 2854 4023 rectam,
2889 3975 2998 4030 qua
3031 3959 3095 4014 ad
3128 3961 3468 4031 agnitionem
3503 3979 3632 4032 pro-

2049 4053 2222 4107 vehar
2253 4051 2527 4107 veritatis.
2575 4043 2830 4106 Cdncede
2861 4050 2998 4104 mihi
3045 4051 3100 4104 in
3137 4052 3458 4106 sinceritate
3507 4069 3636 4105 ron-

2049 4144 2296 4199 seientite
2326 4159 2564 4213 cumque
2595 4143 2748 4198 omni
2785 4141 2988 4198 ﬁducia
3017 4159 3211 4212 puram
3239 4143 3338 4198 tibi
3367 4145 3635 4199 exhibere

2051 4237 2378 4290 servitutem
2405 4235 2573 4289 corde
2608 4234 2910 4300 indivulso,
2957 4236 3222 4288 omnibus
3271 4235 3472 4290 diebus
3508 4237 3637 4292 vita!

2051 4344 2211 4383 mere.
2249 4328 2454 4392 Etiam,
2493 4328 2723 4382 Domine
2775 4327 2848 4381 mi
2899 4327 3033 4383 Jesu
3079 4327 3322 4392 Christe,
3362 4327 3535 4399 ﬁgura
3581 4337 3638 4384 et

361 4417 465 4469 καὶ
507 4418 784 4488 πανταχοῦ
819 4417 1030 4490 παρὼν,
1070 4422 1165 4474 καὶ
1199 4421 1472 4492 περιέχων
1503 4421 1596 4474 καὶ
1627 4420 1853 4494 πληρῶν
1883 4425 1940 4478 ad

2055 4420 2322 4490 splendor
2355 4419 2638 4475 benedicti
2662 4420 2846 4474 Patris
2875 4420 2976 4486 tui,
3008 4419 3104 4490 qui
3133 4420 3402 4474 cordibus
3427 4420 3638 4474 nostris

363 4510 572 4568 πάντα.
622 4513 796 4581 Ἰησοῦ
846 4513 1053 4582 Χριστὲ
1083 4513 1187 4566 Θεὲ
1217 4519 1312 4567 καί⁹
1345 4513 1539 4586 Κύριε,
1584 4517 1649 4568 σὺ
1681 4521 1800 4580 ταῖς
1833 4520 1954 4582 σαῖς

361 4603 599 4672 δωρεαῖς
641 4604 735 4656 καὶ
773 4603 850 4674 τῷ
887 4605 964 4673 σῷ
1004 4606 1140 4659 ἐλέει
1185 4607 1486 4678 περίσκεπε
1519 4608 1667 4678 ἡμᾶς
1700 4608 1827 4670 τοὺς
1860 4608 1952 4662 ἐπί

363 4711 428 4748 σε
463 4694 808 4760 ἐλπίζοντας,
839 4699 868 4752 ὁ
898 4701 1264 4767 ἐπιστάμενος
1296 4699 1540 4770 ἀκριϐῶς
1569 4699 1666 4752 τοῦ
1699 4701 1950 4770 πανταχῇ

361 4789 524 4860 ἡμῶν
563 4790 839 4843 ἀντιδίκου
889 4791 990 4854 τὰς
1029 4791 1249 4860 τέχνας,
1285 4791 1388 4854 τὰς
1419 4790 1686 4861 ἐπηρείας
1734 4791 1800 4853 ἃς
1829 4791 1952 4844 καθ’

362 4880 526 4953 ἡμῶν
555 4881 920 4936 ἐπιϐουλεύει.
955 4882 1154 4954 Κύριε,
1207 4885 1271 4937 σὺ
1321 4883 1482 4953 μόνος
1515 4882 1786 4952 βοήθησον
1815 4883 1950 4952 ἡμῖν

363 4972 424 5023 ὲν
445 4974 510 5042 τῇ
534 4972 810 5042 ἐπισκοπῇ
849 4988 944 5024 σου
974 4975 1040 5042 τῇ
1074 4971 1228 5042 ἁγίᾳ.
1261 4974 1373 5028 Καὶ
1406 4973 1495 5024 ὅτε
1524 4971 1746 5040 ἀνεθῇς,
1779 4970 1904 5039 λέγε
1931 4987 1946 5002 ο

365 5058 520 5126 Οἶδα,
553 5063 803 5116 Δέσποτα
831 5063 1114 5133 φιλόψυχε,
1143 5063 1226 5116 ὅτι
1261 5081 1279 5114 ι
1303 5062 1392 5116 Ἐν
1420 5062 1499 5134 τῷ
1523 5063 1817 5134 ἀκηόιὰσαι
1849 5063 1950 5134 τὴν

365 5151 596 5220 καρδίαν
645 5170 749 5223 μου
797 5156 855 5206 ἐν
897 5155 1079 5225 πέτρᾳ
1127 5153 1354 5224 ὕψωσάς
1403 5171 1492 5224 με,
1525 5154 1823 5224 ὼδήγησάς
1857 5171 1948 5222 με,

361 5243 746 5316 ὅτιὶγενήθης
801 5244 964 5310 ἐλπίς
1024 5263 1148 5316 μου,
1195 5247 1290 5300 καὶ
1347 5246 1554 5316 πύργος
1609 5245 1794 5317 ἰσχύος
1843 5246 1951 5298 ἀπὸ

366 5333 667 5406 προσώπου
701 5335 926 5408 ἐχθροῦ.
963 5337 1166 5390 Λοιπὸν
1198 5339 1526 5408 παροικήσω
1549 5339 1606 5390 ὲν
1633 5337 1712 5408 τῷ
1739 5335 1951 5408 σκηνώ-

369 5428 502 5498 ματί
534 5444 626 5481 σου
657 5429 737 5492 εἰς
761 5428 890 5492 τοὺς
919 5427 1144 5495 αἰῶνας,
1169 5431 1264 5483 καὶ
1292 5427 1753 5500 σκεπασθήσομαι
1789 5431 1847 5482 ἐν
1880 5431 1949 5500 τῇ

369 5521 555 5592 σκέπῃ
585 5520 695 5574 τῶν
730 5521 1018 5593 πτερύγων
1060 5537 1178 5589 σου,
1208 5522 1293 5576 ὅτι
1333 5521 1398 5576 σὺ
1440 5523 1468 5576 ὁ
1507 5520 1642 5586 Θεός
1689 5539 1792 5593 μου
1839 5522 1951 5575 εἰσ-

439 5677 490 5752 Ψδ
519 5677 564 5732 ll
605 5676 800 5736 Thess.
826 5695 907 5747 ut,
955 5679 1067 5752 7,8.
1146 5681 1378 5752 "ibid.,
1411 5683 1465 5739 9.
1543 5683 1589 5717 ⁸⁸
1629 5681 1776 5739 Psal.
1806 5697 1971 5754 cun,

2041 5679 2092 5734 7.
2171 5681 2216 5714 1³1

2056 4511 2247 4566 divina
2281 4511 2504 4582 eloquia
2533 4511 2695 4581 quasi
2733 4512 2948 4566 semina
2978 4513 3287 4584 inspirasti,
3316 4513 3640 4568 misericors

2051 4616 2109 4662 et
2129 4608 2378 4663 clemens
2414 4606 2707 4660 hominum
2741 4615 2981 4671 amator,
3031 4605 3123 4675 qui
3156 4605 3226 4660 de
3279 4606 3447 4662 nobis
3487 4607 3640 4662 solus

2053 4715 2219 4770 quam
2243 4697 2453 4768 optime
2481 4697 2738 4763 mereris,
2773 4695 2912 4749 nihil
2950 4695 3175 4750 interim
3212 4712 3311 4765 per
3337 4696 3637 4751 elationem

2057 4791 2158 4846 tibi
2199 4805 2510 4861 arrogans;
2545 4789 2641 4858 qui
2692 4804 2796 4842 nos
2831 4789 2984 4842 solus
3017 4788 3194 4842 donas
3220 4789 3398 4843 salute
3423 4830 3436 4851 ,
3487 4789 3642 4844 solus

2051 4884 2282 4952 insuper
2311 4883 2530 4952 justus,
2593 4879 2688 4948 qui
2725 4893 2948 4946 semper
2974 4894 3039 4932 es
3065 4888 3124 4932 et
3170 4877 3225 4932 in
3280 4878 3543 4933 omnibus
3583 4889 3640 4934 et
3727 4945 3733 4954 γ

2048 4973 2260 5042 ubique
2289 4986 2556 5042 praesens,
2584 4969 2679 5039 qui
2705 4969 2885 5022 ambis
2917 4969 3178 5022 universa
3205 4967 3501 5038 complexu
3534 4977 3631 5022 tuo

2047 5081 2113 5120 ac
2143 5064 2360 5132 imples,
2391 5062 2518 5117 Jesu
2551 5059 2806 5124 Christe,
2846 5060 2992 5113 idem
3028 5061 3296 5114 Dominus
3327 5102 3342 5126 ,
3395 5061 3542 5115 idem
3577 5073 3634 5116 et

2047 5157 2196 5210 Deus
2217 5173 2228 5219 ;
2250 5163 2308 5206 tu
2336 5169 2436 5206 nos
2459 5153 2570 5206 tuis
2601 5168 2888 5222 prOpugna
2912 5152 3092 5215 donis,
3129 5163 3218 5206 tua
3253 5153 3640 5208 misericordia

2061 5256 2238 5308 tuere,
2271 5245 2402 5314 quia
2439 5245 2494 5296 in
2517 5249 2577 5298 te
2611 5260 2781 5298 unum
2807 5259 2958 5313 spem
3001 5245 3197 5298 anima:
3221 5261 3442 5300 omnem
3472 5246 3639 5302 recli-

2059 5351 2278 5391 namus.
2332 5336 2695 5390 Exactissime
2743 5334 2894 5390 enim
2929 5335 3073 5390 nosti
3121 5347 3434 5395 commenta
3462 5335 3645 5394 hostis

2059 5427 2450 5493 infensissimi,
2496 5427 2652 5481 nullo
2697 5442 2808 5480 non
2845 5427 2968 5480 loco
2999 5426 3185 5481 obvia.
3234 5428 3640 5498 impressiones

2059 5520 2428 5576 veteratorias
2460 5517 2667 5588 quibus
2695 5533 2798 5572 nos
2820 5532 2886 5570 ex
2931 5515 3155 5573 insidiis
3183 5517 3440 5576 adoritur
3459 5560 3476 5587 ,
3513 5519 3640 5591 quis

2321 5672 2456 5733 ibid.
2532 5677 2586 5742 5;
2665 5677 2717 5733 4.
2791 5679 2836 5710 ιι
2874 5677 3010 5734 ibid.
3049 5677 3188 5746 7,8.
