4016 6462
503 248 642 317 lolJ

1754 255 2123 313 AN'l'lUClll
2169 256 2511 314 MUNACHI

3555 202 3747 325 .1520

494 376 549 421 te
585 381 716 427 uno,
757 364 1007 429 Domine,
1043 364 1303 434 intelligit
1337 365 1714 433 perspicaeius
1739 365 1761 416 ’ἓ
1792 364 1872 417 'l'u
1904 365 2075 425 solus,

2188 369 2431 438 ήκουσας
2471 366 2578 419 τῶν
2635 364 2809 433 εὐχῶν
2858 381 2986 434 μου.
3032 384 3050 414 ι
3104 364 3215 417 Καὶ
3267 363 3375 434 γὰρ
3411 364 3750 442 ἑνὺσταξενή

494 454 750 518 Domine,
778 454 1044 508 auxiliare
1079 455 1242 509 nobis
1278 454 1595 510 visitatione
1631 465 1722 509 tua
1751 465 1962 509 saneta.
1997 454 2081 508 Al)

491 543 789 601 hac'anitni
823 547 1156 617 :egritudine
1191 547 1483 601 absolutus
1507 549 1619 617 jam
1653 547 1905 611 acliber,
1944 546 2034 601 dic
2064 564 2077 599 :

481 640 652 704 .t‘tovi,
695 639 768 693 mi
798 639 1053 705 Domine,
1090 639 1401 693 animarum
1435 650 1673 702 amator,
1714 640 1844 709 quia
1884 657 1903 690 ι
1938 640 2077 692 Dum

493 733 816 788 anxiarctur
850 748 949 787 cor
1006 747 1219 795 meum,
1274 731 1329 785 in
1376 739 1531 801 petra
1569 731 1828 786 cxaltasti
1869 746 1978 795 me,
2025 741 2082 785 et

494 826 552 880 in
574 827 719 880 viam
746 826 1037 889 revocasti,
1060 825 1187 893 quia
1212 825 1391 879 factus
1408 841 1468 879 es
1489 841 1616 895 spes
1644 840 1788 887 mea,
1821 834 1879 879 et
1911 824 2082 879 turris

480 917 844 973 fortitudinis
871 934 901 973 a
933 916 1072 972 facie
1117 916 1355 971 inimici.
1411 917 1683 987 Deinceps
1722 917 1987 972 habitabo
2022 917 2080 971 in

497 1012 859 1065 tabernacula
929 1019 1025 1064 tuo
1082 1012 1134 1063 in
1201 1010 1423 1073 sarcula,
1468 1019 1524 1064 ct
1568 1021 1832 1079 protrgar
1876 1010 1930 1063 in
1981 1025 2081 1063 ve—

2182 458 2332 528 ψυχή
2373 476 2474 527 μου
2510 458 2619 511 ἀπὸ
2658 457 2910 526 ἀκηδίας,
2948 454 3088 509 ἀλλά
3117 458 3204 519 σὺ,
3237 456 3433 526 Κύριε,
3472 456 3751 526 βεϐαίωσιν

2186 567 2255 619 με
2303 551 2361 602 ἐν
2395 551 2507 613 τοῖς
2555 549 2736 617 λόγοις
2783 566 2901 604 σου.
2939 548 3065 602 Ἐὰν
3093 546 3265 612 οὕτως
3302 548 3592 620 δεηθῶμεν
3632 555 3753 620 μετά

2181 641 2510 712 εἰλικρινοῦς
2530 642 2759 710 καρδίας
2788 640 2883 694 τοῦ
2907 640 3286 711 ἀμνησικακου
3316 640 3554 710 Κυρίου,
3579 643 3754 695 ἀκούο-

2187 749 2287 802 μεν
2315 732 2449 802 παρ’
2479 732 2671 795 αὐτοῦ,
2713 733 2796 786 ὅτι
2834 734 2943 792 πᾶς
2994 733 3022 784 6
3065 732 3235 785 αἰτῶν
3278 732 3579 802 λαμϐάνει,
3614 735 3701 788 καὶ
3733 739 3757 789 6

2188 824 2369 892 ζητῶν
2419 824 2690 896 εὑρίσκει,
2723 824 2819 877 καὶ
2862 823 2941 896 τῷ
2971 823 3221 894 κρούοντι
3265 825 3640 895 ἀνοιγήσεται·
3674 830 3757 880 καὶ

2184 917 2268 969 ὅτι
2308 917 2342 987 ἡ
2378 918 2560 970 πίστις
2609 934 2705 969 σου
2748 917 2961 970 σέσωκὲ
2998 933 3092 970 σε·
3136 917 3373 989 πορεύου
3422 920 3481 969 ὲν
3513 920 3758 991 είρηνικῷ

2185 1006 2456 1078 λογισμῷ.
2489 1009 2649 1076 Αὐτῷ
2681 1010 2712 1078 ἡ
2751 1009 2877 1074 δόξα
2921 1011 2999 1072 εἰς
3032 1009 3157 1070 mi);
3193 1010 3422 1073 αἰῶνας.
3468 1011 3659 1083 Ἀμήν.

466 1106 737 1158 .lantento
785 1105 991 1157 alarum
1028 1104 1423 1172 tuar.un,quia
1465 1112 1543 1163 tu,
1592 1105 1759 1168 Deus,
1796 1102 2073 1159 exaudisti
2114 1102 2403 1156 orationes
2473 1118 2623 1156 meas
2655 1103 2721 1155 ‘9.
2769 1121 2785 1151 ι
2833 1102 3052 1155 Etenim
3105 1119 3122 1152 ι
3191 1100 3529 1158 dormitavit
3593 1107 3759 1165 anima

494 1209 612 1248 mea
651 1210 762 1263 prae
791 1195 976 1257 tudio,
1011 1195 1109 1248 sed
1159 1207 1238 1259 tu,
1290 1174 1568 1255 Domiue'.
1645 1194 1989 1248 confirmasti
2063 1209 2149 1248 me
2191 1195 2246 1247 in
2277 1194 2467 1246 verbis
2501 1194 2611 1248 tuis
2642 1194 2707 1247 ⁵ο.
2750 1213 2767 1244 ι
2830 1194 2885 1247 Si
2919 1194 2986 1246 ad
3035 1194 3185 1249 lmnc
3216 1196 3447 1250 modum
3500 1212 3609 1251 una
3648 1215 3756 1255 cum

473 1285 677 1340 -cordis
710 1285 1027 1339 sinceritate
1063 1300 1259 1354 preces
1294 1286 1359 1339 ad
1396 1287 1691 1341 Dominum
1730 1286 2063 1350 fuderimus,
2107 1284 2202 1356 qui
2234 1284 2667 1355 ﬂagitiosissima
2699 1300 2934 1355 quasque
2983 1302 3042 1340 se
3080 1289 3512 1356 agnoscentium
3568 1295 3756 1360 perpeti

492 1378 770 1432 oblivleue
843 1378 1196 1447 indulgenter
1253 1381 1431 1435 abolet
1563 1381 1757 1450 utique
1797 1380 1993 1436 audire
2034 1381 2102 1436 ab
2142 1379 2337 1434 eodem
2402 1379 2878 1448 promerebimur,
2921 1381 3094 1450 quia:
3140 1399 3158 1431 ι
3192 1381 3389 1436 Omnis
3459 1383 3556 1450 qui
3613 1388 3755 1461 petit,

489 1471 713 1541 accipit,
753 1479 811 1524 et
844 1471 935 1539 qui
961 1473 1161 1541 quaerit
1190 1473 1425 1538 invenit,
1485 1490 1540 1529 Ct
1577 1475 1821 1544 pulsanti
1852 1473 2140 1545 aperietur
2172 1475 2242 1528 δ’.
2271 1493 2289 1526 ι
2359 1472 2427 1528 Et
2460 1489 2475 1527 :
2509 1491 2527 1525 ι
2558 1471 2725 1527 Fides
2792 1483 2889 1529 tua
2922 1484 2973 1530 te
3037 1475 3251 1530 salvum
3308 1475 3452 1530 fecit
3480 1478 3548 1544 ⁸³,
3577 1497 3594 1528 ι
3641 1483 3758 1535 rade

461 1565 547 1619 .in
579 1565 805 1634 paeiiica
837 1573 892 1619 ct
926 1566 1225 1635 tranquilla
1256 1566 1613 1635 cogitatione.
1662 1566 1769 1636 ips".
1806 1569 1983 1642 gloria
2012 1571 2067 1624 in
2110 1570 2308 1621 επις-ξύει
2343 1570 2696 1623 srrculorum.
2731 1567 2927 1621 Anton.

1011 1677 1300 1731 llOMlLIA
1331 1676 1547 1734 XXVII.

1037 1789 1114 1843 De
1146 1790 1536 1862 desperalioue.

560 1902 980 1973 DcSperationis
1013 1904 1622 1972 perturbatiocazteras
1648 1922 1759 1976 prae
1790 1922 1849 1962 se
1898 1908 2077 1963 dictas

488 1995 655 2050 facile
687 1995 886 2061 anteit,
945 2004 1003 2049 et
1028 1995 1324 2065 gravitate,
1358 2007 1433 2052 et
1477 1997 1813 2067 inexplebeli
1845 2014 2071 2069 angore.

492 2088 782 2144 llominem
847 2087 999 2142 enim
1058 2097 1212 2143 recta
1261 2089 1577 2159 prtecipitat
1624 2090 1680 2144 in
1732 2090 2078 2147 infidelitatis

490 2181 833 2244 barathrum,
862 2178 1004 2234 adeo
1024 2180 1417 2245 inclementer,
1442 2191 1505 2237 ut
1525 2181 1665 2237 nihil
1692 2181 1772 2236 illi
1799 2182 2076 2253 reliquum

488 2272 654 2327 faciat
686 2271 976 2346 sperandae
1007 2271 1225 2326 salutis.
1255 2272 1547 2327 Elocatum
1570 2272 1849 2343 siquidem
1880 2290 1943 2329 ac
1974 2274 2078 2330 mi-

488 2367 733 2429 serrime,
754 2365 1062 2437 proditum,
1088 2366 1389 2422 committit
1424 2366 1734 2422 exitialium
1762 2366 2074 2422 daemonum

467 2468 738 2522 'torturae,
776 2475 886 2529 quo
925 2458 1005 2523 lit,
1045 2469 1108 2513 ut
1134 2459 1187 2512 in
1219 2459 1408 2513 cibum
1447 2460 1559 2515 illis
1586 2461 1699 2531 jam
1738 2468 1989 2515 vertatur
2014 2476 2077 2516 ac

475 2552 853 2607 deridiculum
914 2551 1359 2605 insultationem.
1420 2552 1489 2607 Lit
1540 2553 1693 2607 enim
1744 2551 1924 2607 fidelis
1969 2552 2075 2618 vir,

487 2661 695 2715 speque
726 2661 890 2714 quam
914 2644 1123 2714 optima
1149 2643 1359 2709 nitens,
1395 2660 1565 2699 suave
1591 2644 1651 2698 ﬁt
1675 2644 1902 2699 Christo
1940 2644 2080 2701 edu-

482 2738 629 2792 iium
669 2736 688 2809 (
722 2757 740 2788 ι
779 2737 933 2792 Meus
950 2739 1098 2791 enim
1129 2736 1288 2791 cibus
1321 2746 1430 2800 est,
1459 2739 1556 2802 ait,
1580 2746 1640 2792 ut
1663 2737 2079 2794 laciamvolun-

490 2842 660 2887 tatem
696 2832 877 2887 Patris
909 2831 1016 2885 mei
1036 2832 1134 2885 ⁸³.»
1162 2831 1435 2887 Voluntas
1454 2839 1642 2886 autem
1678 2830 1859 2885 Patris
1888 2839 1994 2896 est,
2017 2840 2079 2885 ut

487 2943 730 2998 pureum
760 2928 1009 2982 salvetur
1039 2928 1204 2982 homo
1234 2926 1476 2996 omnis),
1518 2926 1594 2980 ita
1634 2937 1691 2982 et
1720 2937 1925 2981 nostra:
1956 2942 2078 2979 om-

2806 1681 3021 1732 ΛΟΓΟΣ
3055 1682 3122 1734 Ζ’.

2670 1794 2810 1862 Περὶ
2848 1795 3266 1864 ἀπογνώσεως.

2250 1907 2324 1959 Τὸ
2361 1909 2460 1979 τῆς
2508 1906 2875 1975 ἀπογνώσεως
2930 1909 3103 1974 πάθος
3149 1911 3463 1984 δεινότερον
3514 1915 3622 1966 τῶν
3665 1916 3755 1987 πρὸ

2179 1997 2346 2052 αὐτοῦ
2372 2002 2487 2053 ἐστι
2520 2002 2663 2055 πάνυ
2694 2002 2787 2055 καὶ
2812 2001 3091 2065 δυσαλθές.
3118 2003 3279 2076 Φέρει
3306 2004 3424 2075 γὰρ
3452 2005 3546 2058 τὸν
3578 2005 3755 2075 ἀνθρω-

2179 2107 2282 2143 πον
2311 2092 2391 2155 είς
2422 2092 2704 2161 ἀπιστίαν,
2735 2094 2831 2147 καὶ
2854 2094 3231 2149 ἀνελπιστίαν.
3258 2097 3377 2150 Καὶ
3402 2097 3597 2149 λοιπὶν
3616 2098 3753 2151 ἑκδο·

2176 2199 2270 2235 τον
2320 2185 2516 2238 ἑαυτὸν
2549 2185 2845 2255 καθίστησι
2886 2191 3000 2251 τοῖς
3036 2188 3345 2260 ἀλιτηρίοις
3398 2189 3643 2259 δαίμων
3670 2194 3753 2244 καὶ

2179 2274 2496 2345 εὑρίσκεται
2526 2277 2713 2339 αὐτοῖς
2741 2276 2937 2348 βρῶμα
2961 2279 3054 2331 καὶ
3079 2278 3390 2349 ὲπίχαρμα.
3420 2278 3638 2349 Ὠσπερ
3665 2281 3753 2350 γὰρ

2182 2366 2211 2419 ὁ
2231 2366 2421 2429 πιστὸς
2446 2368 2540 2420 καὶ
2565 2365 2782 2432 εὔελπις
2812 2368 2928 2420 ἐστὶ
2950 2367 3145 2439 βρῶμα
3174 2369 3268 2422 τοῦ
3296 2370 3345 2422 Χ
3354 2370 3751 2442 ριστοῦ(ιἘμὸ-ι

2182 2456 2315 2528 γὰρ,
2348 2457 2505 2527 φησὶ,
2545 2458 2743 2530 βρῶμά
2788 2461 2958 2522 ἐστιν,
2997 2462 3086 2514 ἴνα
3137 2460 3278 2514 ποιῶ
3319 2462 3384 2516 τὸ
3420 2463 3633 2534 θέλημα
3672 2465 3749 2516 τοῦ

2181 2546 2396 2617 Πατρός
2439 2563 2562 2617 μου.
2606 2569 2623 2599 ι
2656 2548 2883 2618 Θέλημα
2910 2548 2965 2601 δὲ
2993 2549 3088 2602 τοῦ
3119 2550 3339 2621 Πατρδς
3361 2551 3556 2615 αὐτοῦ,
3581 2554 3637 2605 τὸ
3663 2570 3748 2605 σω-

2181 2637 2342 2708 θῆναι
2372 2640 2550 2693 πάντα
2568 2639 2855 2711 ἄνθρωπον
2885 2641 2958 2712 ι’)
2988 2642 3132 2697 οὕτω
3161 2642 3256 2697 καὶ
3282 2643 3386 2696 τοῦ
3411 2644 3650 2715 πονηροῦ
3672 2647 3748 2698 καὶ

2181 2731 2637 2803 ἀνθρωποκτόνου
2666 2732 2918 2787 διαϐόλου
2948 2734 3011 2787 τὸ
3038 2734 3271 2804 θέλημα,
3301 2737 3368 2790 τὸ
3398 2738 3483 2800 είς
3518 2738 3744 2804 ἀπόγνω·

2183 2840 2267 2876 σιν
2301 2823 2602 2893 εἰσφέρειν,
2664 2825 2760 2878 καὶ
2799 2825 3065 2880 ἀπολέσαι
3097 2826 3188 2881 τὸν
3222 2826 3542 2899 ἄνθρωπον.
3581 2829 3746 2897 Ἡμεῖς

2181 2912 2275 2971 οὖν
2320 2918 2371 2971 οί
2401 2917 2637 2989 Χριστὸν
2695 2917 3037 2987 ἐνδεδυμένοι
3093 2919 3191 2971 καὶ
3258 2919 3547 2992 σύσσωμοι
3600 2920 3740 2974 αὐτοῦ

386 3034 393 3041 ·
487 3020 639 3072 nium
659 3018 853 3072 salutis
873 3015 1054 3070 aemuli
1076 3026 1242 3086 atque
1270 3015 1567 3071 homicida:
1590 3015 1799 3070 diaboli
1820 3016 2075 3070 voluntas

2180 3006 2354 3072 ὄντες,
2404 3010 2502 3064 καὶ
2544 3008 2836 3072 ἀκούοντες
2870 3010 3002 3080 παρ’
3036 3008 3226 3077 αὐτοῦ,
3275 3013 3365 3066 ὄτι
3406 3031 3425 3064 ι
3470 3015 3583 3067 υὺκ
3600 3008 3740 3084 ἦλθον

486 3111 849 3180 peculiariter
878 3126 983 3163 una
1009 3110 1126 3164 luec
1155 3119 1260 3171 est,
1278 3108 1644 3163 bominemut
1669 3108 1872 3177 laqueo
1899 3106 2083 3176 impliv

487 3212 576 3259 eet
602 3202 1033 3273 desperationis,
1052 3202 1289 3271 denique
1312 3209 1367 3253 et
1396 3201 1614 3271 perdat.
1641 3201 1755 3255 Nos
1781 3200 1949 3270 igitur
1983 3199 2078 3268 qui

484 3296 772 3352 Christum
804 3294 1113 3357 induimus,
1140 3292 1234 3363 qui
1262 3306 1640 3362 concorpores
1663 3290 1715 3345 ei
1744 3305 1956 3355 sumus,
1983 3289 2080 3359 qui

488 3390 606 3457 ipso
632 3387 862 3441 doctore
890 3385 1190 3440 didicimus
1223 3400 1236 3436 :
1279 3402 1296 3435 ι
1334 3381 1455 3443 Non
1489 3384 1618 3437 veni
1652 3396 1853 3436 vocare
1873 3382 2076 3452 justos,

485 3479 582 3533 sed
603 3487 929 3548 peccatores
950 3477 1016 3554 ad
1047 3474 1434 3547 pmnitcntiam
1469 3474 1513 3505 “
1548 3492 1561 3527 :
1602 3492 1620 3524 ι
1657 3474 1918 3529 certatim
1945 3487 2080 3527 con-

487 3572 777 3626 tendamus
802 3569 1061 3640 praesidio
1090 3567 1315 3624 subnixi
1347 3566 1717 3638 paenitentiae,
1750 3576 1858 3621 tam
1881 3581 2081 3621 exora-

488 3664 652 3718 bilem
682 3663 900 3733 placare
936 3662 1231 3715 Dominum
1259 3659 1355 3729 qui
1395 3659 1535 3713 mala
1567 3659 1754 3713 omnia
1789 3657 2077 3713 oblivione

487 3754 799 3810 iuterlinet.
820 3753 879 3809 ιιι
903 3754 1048 3807 facto
1072 3751 1235 3807 nobis
1260 3766 1420 3821 opus,
1441 3766 1512 3805 ne
1548 3749 1685 3804 illud
1711 3748 1966 3805 Ieremia:
1981 3765 2080 3803 au-

485 3845 605 3900 dire
620 3843 905 3913 contingat
929 3860 941 3895 :
968 3861 986 3892 ι
1014 3839 1281 3911 Nunquid
1313 3839 1520 3895 cadens
1552 3855 1661 3893 non
1691 3839 1957 3909 resurgit,
1981 3846 2078 3892 aut

485 3941 821 3986 convertens
844 3946 955 3985 non
981 3928 1435 3986 convertatur“?
1463 3947 1481 3978 ι
1502 3928 1752 3983 Rursus:
1773 3946 1790 3979 ‹
1813 3928 2075 3998 Nunquid

406 4026 417 4035 '
485 4022 669 4078 resina
704 4038 813 4077 non
850 4031 936 4077 est
967 4021 1023 4075 in
1047 4021 1277 4085 Galaad,
1302 4028 1397 4076 aut
1422 4020 1674 4075 medicus
1702 4035 1813 4075 non
1847 4029 1935 4076 est
1969 4020 2070 4086 ibi,

482 4115 617 4184 quia
638 4130 866 4171 aversus
890 4123 976 4169 est
1012 4113 1255 4185 pepulus
1284 4113 1381 4170 hic
1424 4112 1720 4168 aversione
1748 4111 2078 4182 impruden-

487 4207 525 4259 ti
553 4207 600 4238 “
628 4206 652 4260 ?
683 4225 701 4257 ι
743 4206 954 4276 Itaque,
1003 4206 1231 4271 fratres,
1272 4220 1399 4259 cum
1436 4204 1745 4259 habeamus
1778 4204 2073 4273 providum

486 4303 801 4348 curatorem
829 4295 1028 4359 Deum,
1057 4291 1124 4347 ad
1154 4292 1341 4347 omnia
1362 4292 1469 4362 ipsi
1494 4292 1832 4347 accollcmur
1856 4292 2076 4363 glutino

487 4384 796 4450 charitatis,
833 4401 945 4439 non
980 4384 1111 4439 item
1148 4392 1211 4439 ut
1254 4383 1457 4455 refuga:
1502 4401 1532 4438 a
1558 4393 1669 4439 tam
1711 4383 1952 4455 benigno
1979 4385 2076 4441 dc-

487 4476 812 4532 seiscamus.
842 4497 859 4527 ι
878 4476 1341 4547 Appropinquate
1365 4475 1526 4541 mihi,
1565 4476 1665 4541 ait,
1686 4485 1744 4530 et
1760 4476 2071 4545 appmpiu-

483 4567 669 4636 quabo
702 4566 861 4622 vobis
893 4567 959 4619 ⁸⁷.
985 4586 1003 4618 ι
1038 4566 1148 4637 lpsi
1177 4566 1324 4622 enim
1353 4583 1487 4622 cura
1513 4566 1702 4621 futura
1721 4576 1811 4621 est
1846 4568 2067 4632 nostri,

485 4669 548 4713 ut
567 4657 661 4730 qui
690 4673 794 4714 nos
818 4658 956 4713 tanti
985 4658 1303 4723 azstimavit,
1331 4674 1476 4730 quos
1500 4658 1737 4729 proprio
1769 4658 2074 4714 redimeret

482 4751 773 4822 sanguine.
803 4750 1015 4821 1072
1040 4749 1252 4805 Anima:
1280 4749 1595 4821 praestantis
1623 4764 1857 4820 prorsus
1877 4764 1952 4804 .ac
1973 4766 2071 4820 ge-

481 4859 699 4900 nerosaa
709 4842 1019 4915 peculiaris
1050 4842 1299 4898 conditio
1324 4858 1390 4898 ea
1412 4851 1517 4907 est,
1547 4851 1610 4897 ut
1629 4850 2069 4914 quantaecunque

482 4934 706 4990 tandem
747 4933 1021 4989 inundant
1060 4933 1443 4990 calamitatum
1480 4933 1757 5002 procellae,
1783 4933 1939 4988 nullo
1966 4949 2070 4988 un-

483 5037 650 5092 quam
683 5031 845 5093 pacto
870 5021 1017 5076 sinat
1036 5037 1069 5075 a
1100 5036 1160 5077 se
1191 5021 1354 5076 avelli
1384 5021 1501 5091 spei
1524 5020 1716 5096 solida:
1735 5022 2060 5079 anchoram.

480 5113 564 5169 Ub
599 5113 708 5167 hoc
736 5113 885 5169 enim
914 5110 1156 5167 hominis
1182 5111 1292 5165 vita
1313 5112 1666 5180 πειρατήριον
1700 5108 1930 5175 dicitur,
1963 5112 2069 5167 hoc

480 5213 601 5268 est,
639 5203 1013 5258 tentationum
1058 5203 1178 5257 sive
1230 5201 1541 5270 piratarum
1581 5199 1948 5254 domicilium.
1999 5202 2068 5256 At

481 5313 584 5351 nos
615 5311 684 5350 ne
712 5295 793 5351 sic
820 5284 1045 5366 quidem
1066 5310 1097 5349 a
1132 5295 1370 5348 Domino
1400 5293 1747 5357 deﬁciamus,
1776 5310 2067 5365 quousque

484 5396 815 5443 tentatorem
832 5386 1024 5457 jubcat
1048 5385 1316 5442 semotius
1341 5403 1370 5439 a
1393 5385 1552 5439 nobis
1577 5386 1859 5452 secedere,
1881 5396 1938 5441 et
1966 5405 2065 5458 per

2183 3100 2413 3154 καλέσαι
2447 3101 2710 3164 δικαίους,
2742 3100 2883 3154 ἀλλὰ
2912 3101 3269 3172 ἁμαρτωλοὺς
3298 3105 3383 3164 εἰς
3422 3104 3737 3173 μετάνοιανί

2183 3191 2585 3262 ἀγωνισώμεθα
2620 3191 2712 3245 διὰ
2745 3193 3036 3263 μετανοίας
3073 3192 3403 3264 δυσωπῆσαι
3455 3194 3546 3246 τὸν
3586 3193 3740 3262 ἀμνη-

2185 3281 2412 3335 σίκακον
2446 3281 2614 3347 Θεὶν,
2661 3280 2748 3334 ἵνα
2784 3280 2858 3352 μὴ
2899 3279 3225 3351 ἀκούσωμεν
3258 3282 3419 3352 παρά
3459 3282 3554 3335 τοῦ
3600 3281 3740 3351 Ἱερε-

2184 3370 2310 3439 μίου
2332 3386 2345 3401 ⁸
2381 3389 2400 3422 ‹
2436 3370 2527 3442 Μὴ
2552 3373 2581 3423 6
2620 3371 2837 3424 πίπτων
2882 3371 2981 3424 οὐκ
3006 3371 3334 3438 ἁνίσταται;
3377 3372 3410 3443 ἢ
3438 3375 3466 3426 6
3500 3373 3739 3441 ἀποστρέ-

2182 3479 2320 3529 φων,
2354 3462 2453 3513 οὐκ
2484 3462 2839 3533 ὲπιστρέφει;
2866 3481 2884 3514 ι
2920 3463 3028 3514 Καὶ
3057 3462 3241 3516 πάλιν·
3275 3482 3292 3514 ι
3332 3464 3425 3534 Μὴ
3454 3464 3636 3534 ῥητίνη
3658 3463 3740 3515 οὐκ

2180 3555 2330 3607 ἔστιν
2362 3555 2419 3606 ἐν
2446 3555 2682 3619 Γαλαὰδ,
2710 3555 2743 3624 ἢ
2784 3555 2966 3625 ίατρὺς
2990 3557 3089 3608 οὐκ
3140 3556 3292 3611 ἔστιν
3321 3559 3479 3622 sua;
3511 3556 3626 3609 Ὅτι
3654 3558 3741 3608 ἀπο

2180 3648 2425 3718 εστράφη
2448 3649 2476 3700 ὁ
2504 3647 2633 3711 λαὸς
2664 3642 2818 3711 οὗτος
2846 3649 3197 3720 ἀποστροφὴν
3228 3649 3449 3721 ἀναιδῆ.
3479 3650 3737 3719 »Ἔχοντες

2178 3731 2272 3790 οὖν
2311 3739 2498 3807 ἡμεῖς,
2525 3737 2769 3807 ἀδελφοὶ,
2801 3739 2894 3792 τὸν
2941 3737 3074 3792 Θεὸν
3124 3741 3443 3811 ἐπίκουρον,
3496 3742 3555 3793 ἐν
3598 3739 3735 3791 παντὶ

2179 3827 2328 3897 αὐτῷ
2373 3828 2746 3899 umquam“,
2795 3829 2889 3883 καὶ
2935 3831 3010 3900 μὴ
3060 3831 3400 3902 ἀποστῶμεν
3450 3828 3728 3884 ἀπἀὑτοῦ.

2184 3937 2202 3969 ι
2227 3917 2517 3986 Ἐγγίσατε
2544 3920 2653 3989 γάρ
2685 3937 2797 3991 μοι,
2828 3912 2981 3990 φησι,
3014 3921 3106 3974 καὶ
3135 3923 3323 3990 ἐγγυῶ
3360 3923 3507 3994 ὑμῖν.
3546 3941 3564 3974 ι
3600 3918 3730 3986 Αὐτῷ

2177 4014 2287 4082 γὰρ
2318 4011 2474 4082 μέλει
2514 4013 2641 4081 περὶ
2671 4012 2852 4083 ἡμῶν,
2879 4012 2956 4075 ὡς
3003 4012 3081 4082 τῷ
3115 4013 3229 4083 ἰδίῳ
3262 4015 3461 4084 αἵματι
3494 4012 3728 4082 ἐξαγορά-

2180 4120 2335 4157 σαντι
2368 4102 2536 4172 ἡμᾶς.
2561 4101 2962 4172 Μεγα).οφυοῦς
2991 4100 3085 4157 οὖν
3120 4102 3323 4174 ψυχῆς.
3375 4104 3469 4159 καὶ
3506 4104 3726 4173 γενναίας

2180 4191 2309 4245 ἴδιον
2356 4192 2435 4257 τὸ,
2484 4192 2560 4263 μὴ
2627 4191 3028 4261 ἀπογινώσκειν
3074 4196 3133 4247 ἐν
3162 4196 3519 4266 -οίαισδῄποτε
3550 4210 3725 4264 συμφο-

2181 4285 2323 4354 ραῖς.
2350 4285 2498 4336 Διὸτι
2532 4284 2891 4354 πειρατήριόν
2922 4286 3070 4339 ἐστιν
3103 4286 3132 4338 6
3177 4286 3295 4356 βίος
3326 4287 3419 4341 τοῦ
3446 4284 3720 4358 ἀνθρώπου·

2179 4374 2296 4430 ἀλλ’
2323 4377 2488 4445 ἡμεῖς
2543 4375 2617 4447 μὴ
2666 4376 2996 4447 ἀποστῶμεν
3049 4377 3160 4432 ἀπὸ
3210 4380 3416 4452 Κυρίου
3473 4374 3718 4449 μέχριςᾶν

2177 4468 2461 4547 προστάξῃ
2509 4468 2766 4522 ἀπελθεῖν
2824 4469 2917 4539 ἀφ’
2965 4470 3123 4542 ἡμῶν
3169 4473 3300 4536 τοὺς
3356 4471 3715 4544 πειράζοπας’

2178 4562 2275 4612 καὶ
2302 4559 2732 4631 ζωοποιηθῶμεν
2766 4561 2857 4615 διὰ
2897 4562 3199 4635 ὑπομονῆς,
3232 4566 3332 4619 καὶ
3366 4563 3588 4636 στερρᾶς
3605 4561 3718 4614 ἁπαν

2179 4651 2352 4714 θείας.
2404 4651 2804 4723 Χαλεπώτερον
2836 4653 2947 4725 γὰρ
2985 4654 3081 4709 τοῦ
3131 4657 3468 4728 ἁμαρτάνειν
3508 4653 3633 4714 ἐστὶ,
3670 4649 3716 4701 ἰδ

2179 4741 2523 4808 ἀπελπίζειν.
2565 4741 2766 4809 Ἰούδας
2794 4746 2824 4798 6
2856 4746 3126 4818 προδότης
3168 4746 3502 4820 μικρόψυχος
3534 4741 3613 4818 ἦν,
3641 4742 3715 4795 καὶ

2180 4836 2639 4907 ἀπειροπόλεμον
2673 4838 2769 4891 καὶ
2796 4838 2887 4891 διὰ
2908 4837 3070 4892 τοῦτο
3097 4841 3392 4910 ἀπογνόντι
3413 4835 3593 4893 ἑαυτοῦ
3617 4836 3713 4886 ἐπι·

2177 4926 2404 4997 δραμὼν
2425 4930 2454 4981 ό
2475 4927 2671 4999 ἐχθρὸς
2697 4930 2934 5000 ἀγχόνης
2956 4932 3177 5002 σχοινίῳ
3201 4930 3509 5004 περιέϐαλε.
3537 4929 3713 4995 Πέτρος

2175 5016 2232 5070 δὲ
2267 5020 2300 5089 ἡ
2332 5018 2531 5088 στερεά
2583 5018 2763 5091 πέτρα
2803 5020 3029 5093 μεγάλῳ
3077 5022 3339 5095 πτώματι
3380 5016 3706 5088 κατενεχθεὶς.

2178 5108 2254 5171 ώς
2302 5108 2778 5179 ἐμπειροπόλεμος
2824 5112 2927 5166 οὐκ
2955 5113 3181 5182 ἀπέγνω
3215 5115 3568 5184 ὃυσθυμήσας,
3597 5105 3706 5160 ἀλλᾶ

2176 5202 2499 5270 προσήγαγε
2543 5203 2848 5272 πικρότατα
2891 5203 3108 5276 δάκρυα
3148 5206 3259 5259 ἀπὸ
3317 5203 3525 5276 καρδίας
3564 5211 3703 5251 κατα·

2175 5296 2499 5365 καιομένης.
2529 5295 2641 5349 Καὶ
2666 5296 3001 5368 θεασάμενος
3022 5299 3050 5350 ό
3078 5298 3334 5369 πολέμιος
3347 5296 3525 5357 ταῦτα,
3545 5289 3700 5354 ὥσπερ

2174 5390 2309 5460 πυρὶ
2362 5389 2652 5460 καιόμενος
2702 5391 2800 5461 τὴν
2853 5392 3013 5462 ὄψιν,
3065 5393 3275 5468 ἀπέδρα
3316 5387 3516 5463 μακρὰν
3541 5378 3697 5439 δεινῶς

549 5563 598 5639 ‘_’
624 5563 764 5617 Psal.
785 5581 871 5639 ιτ,
909 5566 1027 5639 5-6.
1049 5565 1301 5639 __‘_°_Psal.
1336 5579 1516 5639 exim,
1539 5563 1627 5617 28.
1706 5564 1750 5639 ‘_‘
1778 5563 1971 5619 Matth.
1996 5580 2067 5619 vn

2249 5566 2293 5597 ⁸³
2322 5565 2484 5621 Mare.
2553 5584 2604 5633 χ,
2632 5568 2720 5622 5‘2.
2799 5572 2842 5603 ⁸³
2872 5572 3027 5627 Joan.
3063 5590 3133 5639 tv,
3162 5574 3251 5629 δι.
3326 5576 3367 5608 ⁸⁵
3395 5571 3516 5627 Luc.
3540 5580 3583 5627 ν,
3613 5558 3682 5612 δὶα

484 5633 531 5667 “
563 5634 813 5700 JerJ‘tn,
850 5638 906 5691 4.
981 5637 1025 5666 ⁶⁶
1047 5634 1184 5690 ibid.
1218 5636 1308 5689 22.
1382 5638 1419 5667 ⁵³
1445 5635 1561 5690 Jac.
1592 5651 1686 5700 l\'.,
1719 5635 1771 5687 8.
