4016 6430
304 481 324 547 1
337 485 432 549 3‘21

1182 493 1506 551 IIZJMILH
1557 494 1794 554 XXVII.
1825 518 1883 526 ’-
1922 492 2020 551 DE
2063 495 2661 558 DESPEILYMONE.

3427 494 3562 560 1522

296 598 589 662 ὀλολύζων.
647 601 740 672 Μὴ
784 597 876 656 οὖν
930 602 1262 672 ἁπογνῶμεν
1301 603 1534 662 ἑαυτῶν,
1577 603 1875 672 ἀγαπητοὶ,

1985 603 2332 663 tolerantiam
2367 617 2534 678 atque
2568 607 2904 662 immobilem
2945 609 3113 664 animi
3158 609 3392 682 rigorem
3433 613 3564 666 vita:

297 689 436 743 ἀλλὰ
467 691 668 760 μᾶλλον
701 693 1075 763 νευρούμενοι,
1124 695 1216 746 καὶ
1257 695 1750 765 περιτειχιζόμενοι
1798 693 1876 764 τῷ

299 781 442 850 φωτὶ
465 783 565 853 τῆς
596 783 852 849 πίστεως,
881 781 1305 854 ἁντικράζωμεν
1339 783 1478 852 μετὰ
1509 782 1710 850 πολλῆς
1734 784 1878 852 παῤ-

300 870 494 940 ρησίας
521 871 766 944 πονηρῷ·
798 872 852 924 τί
881 872 965 924 σοὶ
1003 873 1100 926 καὶ
1135 874 1285 942 ἡμῖν,
1315 871 1564 942 ἀλλότριε
1591 870 1685 924 τοῦ
1715 868 1874 933 Θεοῦ,

297 961 392 1012 καὶ
419 959 664 1030 δραπέτα
711 961 820 1014 τῶν
855 961 1126 1033 οὐρανῶν,
1161 962 1254 1014 καὶ
1297 960 1454 1014 δοῦλε
1499 960 1738 1028 πονηρέ;
1775 962 1879 1014 οὐκ

295 1049 439 1118 ἔχεις
475 1053 540 1105 σὺ
571 1054 888 1124 παρρησίαν
924 1051 1045 1106 καθ’
1072 1053 1250 1124 ἡμῶν,
1288 1053 1523 1124 Χριστὸς
1556 1055 1584 1104 ὁ
1617 1052 1712 1106 τοῦ
1739 1051 1876 1105 Θεοῦ

299 1142 455 1207 Υἱος.
482 1144 637 1216 ἡμῶν
664 1161 722 1198 τε
761 1147 854 1198 καὶ
887 1147 1107 1199 πάντων
1135 1147 1236 1216 τὴν
1274 1145 1522 1210 ἐξουσίαν
1549 1144 1692 1215 ἔχει·
1730 1146 1878 1216 αὐτῷ

295 1232 640 1302 ἡμάρτομεν,
673 1232 823 1305 αὐτῷ
853 1235 943 1286 καὶ
973 1232 1452 1304 ἀπολογησώμεθα
1473 1249 1486 1260 ·
1523 1233 1586 1285 σὺ
1611 1231 1666 1284 δὲ
1705 1231 1877 1300 φεῦγε

297 1324 392 1390 ἀφ’
457 1324 616 1394 ἡμῶν
673 1326 912 1396 μακρὰν,
939 1325 1170 1397 ὀλέθριε.
1223 1326 1416 1396 Ἡμεῖς
1468 1325 1577 1396 γὰρ
1621 1323 1877 1396 ἐνέχυρον

297 1415 514 1484 ἔχοντες
552 1417 644 1470 τὶν
667 1417 848 1488 τίμιον
879 1417 1046 1469 αὑτοῦ
1081 1417 1334 1488 σταυρδν,
1373 1417 1656 1487 πατοῦμεν
1692 1417 1810 1468 ὲπά·
1833 1433 1878 1468 ω

299 1505 395 1559 σοῦ
431 1506 523 1560 τοῦ
552 1507 729 1576 ὄφεως
752 1509 848 1580 τὴν
877 1510 1143 1581 κεφαλήν.
1171 1509 1359 1572 Οὕτως
1395 1504 1488 1561 οὖν
1529 1509 1692 1578 ἡμεῖς
1723 1506 1875 1560 ἀντί·

298 1597 517 1668 στῶμεν
547 1600 633 1652 ἀεὶ
659 1599 736 1670 τῷ
777 1601 1020 1672 πολεμίῳ
1044 1601 1356 1672 Οαρσαλέοι,
1389 1600 1482 1655 καὶ
1511 1599 1586 1671 μὴ
1625 1602 1704 1662 ei;
1738 1599 1876 1654 ἀπό-

295 1707 498 1758 γνωσιν
526 1692 754 1758 ἑαυτοὺς
784 1694 1054 1763 ἐκδῶμεν.
1090 1695 1150 1748 ΕΞ
1181 1695 1290 1764 γὰρ
1320 1694 1369 1746 οἱ
1409 1693 1660 1761 δαίμονες
1695 1708 1876 1762 παρα-

297 1781 633 1846 καλέσαντες
675 1783 766 1836 τὸν
807 1783 1034 1856 Κύριον,
1067 1785 1155 1838 ἵνα
1187 1784 1265 1854 μὴ
1313 1786 1380 1854 τῇ
1421 1781 1646 1852 ἀόύσῖῳ
1695 1799 1876 1852 παρα-

297 1871 644 1943 πεμσοῶσιν,
697 1873 888 1946 ἔτυχον
944 1874 1040 1928 τοῦ
1104 1875 1440 1944 αἰτήματος,
1483 1874 1635 1944 πόσῳ
1675 1873 1876 1942 μᾶλλον

1984 697 2342 752 restituamur
2378 700 2773 770 tranquilliori.
2813 700 2970 767 Quod
2999 701 3145 756 cnim
3160 703 3368 772 peccati
3390 717 3564 774 genus

1983 799 2212 856 usquam
2238 787 2552 844 inveniatur
2571 789 2816 844 atrocius
2833 790 3260 860 desperatione?
3275 792 3446 848 ludas
3467 793 3562 848 ille

1983 877 2199 931 Domini
2219 879 2492 948 proditor,
2514 895 2679 950 quam
2706 881 2892 950 pusilli
2911 889 3032 936 crat
3051 891 3108 938 et
3125 883 3326 954 abiecti
3351 884 3522 938 animi
3541 884 3566 937 2
3589 883 3598 889 ’

1981 985 2144 1040 quam
2162 971 2318 1025 rudis
2337 981 2600 1042 etcxpcrs
2621 973 2915 1028 conﬂictus
2935 975 3340 1030 tcntationum?
3359 976 3441 1030 0b
3458 977 3566 1032 hoc

1979 1063 2130 1116 enim
2161 1079 2316 1134 spem
2349 1081 2568 1120 onmem
2601 1082 2632 1120 a
2663 1081 2722 1120 se
2753 1081 2879 1120 cum
2921 1067 3240 1136 abiecisset,
3281 1065 3564 1122 insiliente

1982 1155 2040 1210 in
2072 1171 2199 1211 eum
2235 1157 2487 1222 inimico,
2508 1157 2760 1212 funiculo
2791 1158 2898 1212 sibi
2931 1157 3254 1228 prmfocavit
3281 1159 3466 1228 gulam
3493 1144 3563 1212 έπ.

1980 1247 2052 1304 At
2075 1250 2278 1305 Petrus
2305 1249 2482 1305 solida
2512 1251 2602 1304 illa
2635 1258 2813 1324 petra,
2847 1249 3118 1320 numquid
3152 1265 3262 1304 non
3288 1251 3342 1304 in
3370 1265 3566 1320 pecca«

1980 1349 2098 1396 tum
2127 1339 2483 1410 impcgitnee
2530 1339 2812 1395 mediocre
2831 1339 2854 1393 ‘3
2903 1339 3107 1394 Verum
3155 1340 3243 1402 is,
3297 1349 3563 1410 tanquam

1986 1433 2080 1503 qui
2118 1429 2254 1487 tales
2285 1432 2578 1488 conﬂictus
2603 1431 2852 1486 doctrice
2878 1431 3224 1501 experientia
3251 1431 3562 1497 didicisset,

1981 1527 2051 1580 ob
2079 1524 2447 1594 maleloquam
2480 1521 2834 1592 negationem
2858 1561 2872 1586 ,
2915 1537 3070 1592 spem
3106 1520 3434 1592 neutiquam
3466 1520 3566 1576 ab-

1975 1614 2133 1686 jecit,
2148 1614 2530 1685 sedlacrymas
2544 1612 2802 1668 adhibuit
2825 1612 3075 1682 pararias
3095 1611 3240 1681 apud
3264 1613 3561 1666 Dominum

1979 1715 2036 1763 et
2061 1706 2490 1762 coneiliatrices.
2520 1704 2842 1772 Quasnam?
2895 1719 3029 1759 sane
3069 1703 3262 1774 plenas
3296 1703 3566 1756 amaritu-

1982 1800 2152 1865 dinis,
2176 1809 2234 1854 et
2257 1813 2380 1870 quae
2408 1815 2476 1854 ex
2505 1798 2673 1854 corde
2712 1796 3058 1868 prosilierint
3101 1795 3443 1867 deﬂagrante
3475 1795 3564 1849 iu-

1982 1890 2506 1971 cendiogharitatis.
2523 1889 2674 1944 llane
2689 1888 2834 1944 Petri
2857 1886 3368 1958 magnanimitatem
3386 1885 3567 1940 hostis

295 1965 790 2036 εἶσσκουσθήσεται
836 1968 866 2020 ὁ
897 1967 986 2018 τὸν
1019 1965 1255 2036 Χριστὸν
1289 1965 1656 2034 ἐνδεδυμένος,
1690 1964 1877 2033 δεόμε-

1985 1996 2106 2036 cum
2127 1961 2370 2044 vidisset,
2389 1980 2524 2034 nulli
2543 1978 2773 2034 dubium
2796 1981 2888 2043 sit,
2907 1979 3044 2045 quin
3063 1993 3121 2032 se
3138 1978 3290 2034 illinc
3310 1978 3566 2033 concitus

297 2077 387 2124 vo;
423 2059 738 2132 ἐλευθερίας
791 2064 974 2132 τυχεῖν
1016 2061 1110 2115 τοῦ
1143 2061 1334 2132 νοητοῦ
1368 2060 1636 2126 Flava-sou;
1666 2059 1756 2130 illi]
1785 2053 1880 2112 οὖν

295 2151 692 2223 ἀπελπίσωμεν
725 2155 956 2218 ἑαυτῶν,
993 2153 1131 2207 ἀλλᾶ
1167 2154 1384 2224 στῶμεν
1417 2153 1618 2224 ἑδραῖοι
1652 2153 1730 2215 εἰς
1789 2149 1878 2214 ἐξ·

295 2244 646 2314 ομοῗνόγησιν,
670 2247 762 2299 καὶ
788 2244 1034 2318 εἴπωμεν
1057 2247 1196 2317 μετὰ
1222 2245 1586 2310 κατανύξεως,
1607 2245 1876 2309 Δέσποτα,

296 2337 471 2409 Κύριε
525 2339 756 2410 οὐρανοῦ
799 2340 896 2394 καὶ
921 2341 1017 2410 τῆς
1062 2340 1187 2409 γῆς,
1221 2337 1455 2392 Βασιλεῖ»
1499 2337 1608 2392 τῶν
1642 2338 1876 2400 αἰώνων,

295 2431 592 2500 εύὸὁκησον
637 2433 922 2503 ἀνοιγῆναί
969 2449 1058 2502 μοι
1103 2431 1414 2502 θύραντῆς
1456 2432 1766 2501 μετανοίας,
1795 2432 1878 2483 ὅτι

299 2523 360 2574 ὲν
395 2521 553 2595 ὀδύνῃ
581 2521 760 2594 ψυχῆς
792 2523 1021 2578 ἱκετεύω
1073 2523 1130 2577 σὲ
1177 2523 1268 2576 τὸν
1319 2523 1571 2592 ἀληθινὸν
1623 2523 1755 2576 Θεὸν
1788 2522 1880 2576 τὶν

303 2614 521 2684 Πατέρα
559 2616 656 2668 τοῦ
687 2615 895 2685 Κυρίου
939 2617 1098 2687 ἡμῶν
1141 2615 1316 2687 Ἰησοῦ
1359 2614 1620 2686 Χριστοῦ,
1652 2615 1712 2667 τί)
1759 2614 1875 2682 φῶς

297 2705 393 2758 τοῦ
421 2709 628 2776 κόσμου
679 2709 970 2778 ἐπιϐλέψαι
1020 2710 1086 2780 τῇ
1139 2708 1307 2779 πολλῇ
1347 2725 1440 2762 σου
1479 2707 1874 2779 εὐσπλαγχνίᾳ,

295 2799 393 2849 καὶ
421 2799 716 2869 πρόσδεξχί
763 2817 864 2869 μου
914 2805 1014 2870 τὴν
1059 2799 1266 2870 δέησιν,
1299 2800 1393 2853 καὶ
1426 2801 1501 2869 μὴ
1543 2799 1738 2870 ἁπὼσῃ
1773 2815 1876 2868 μου

293 2888 488 2958 αὐτὴν,
516 2890 651 2944 ἀλλὰ
686 2891 961 2960 σύγγνωθί
989 2891 1180 2964 μοιτῷ
1211 2895 1266 2946 ὲν
1293 2891 1510 2956 πολλοῖς
1540 2893 1877 2962 πταίσμασιν

290 2982 594 3052 εὑρεθέντι.
625 2983 819 3038 Κλίνον
849 2985 908 3038 τὸ
939 2980 1031 3048 οὖς
1062 3002 1155 3038 σου
1182 2987 1262 3048 εἰς
1288 2985 1384 3056 τὴν
1409 2983 1594 3056 δέησίν
1623 3003 1748 3054 μου,
1782 2987 1877 3039 καὶ

291 3073 655 3145 συγχιῦρησόν
691 3092 780 3146 μοι
807 3077 985 3130 πάντα
1027 3077 1128 3131 ὅσα
1161 3076 1236 3140 ὼς
1287 3077 1574 3147 ἄνθρωπος
1623 3077 1878 3148 ἡττηθεὶς

291 3166 404 3220 ὑπὸ
427 3169 527 3237 τῆς
567 3167 944 3239 προαιρέσεώς
997 3185 1098 3238 μου
1130 3169 1275 3222 κακᾶ
1303 3169 1675 3238 εἰργασάμην.
1721 3169 1878 3238 Ζητῶ

289 3259 406 3331 γὰρ
426 3259 630 3324 ἄνεσιν,
652 3261 746 3314 καὶ⁴
761 3262 859 3332 οὐχ
875 3261 1112 3333 εὑρίσκω
1127 3261 1282 3315 διὰτὸ
1309 3262 1410 3333 τὴν
1437 3261 1740 3332 συνείδηοίν
1773 3280 1874 3333 μου

301 3351 378 3424 μὴ
410 3356 719 3425 συγχωρεῖν
744 3373 854 3424 μοι.
891 3355 1180 3426 ’Υπομένω
1207 3357 1454 3428 εἰρήνην,
1487 3358 1583 3410 καὶ
1603 3357 1703 3411 οὐκ
1734 3358 1880 3412 ἔστιν

295 3445 356 3497 ὲν
379 3443 506 3514 ἐμοὶ
534 3446 727 3518 εἰρήνη
759 3446 848 3500 διὰ
879 3449 970 3500 τὸν
1011 3448 1172 3519 βυθὸν
1207 3447 1300 3501 τοῦ
1340 3449 1580 3520 πλήθους
1608 3448 1715 3502 τῶν
1752 3451 1879 3504 ἀνο-

297 3538 437 3610 μιῶν
483 3556 608 3610 μου.
649 3541 942 3602 Ἄκουσον,
990 3541 1182 3612 Κύριε,
1219 3541 1448 3614 καρδίας
1495 3559 1596 3612 μου
1645 3543 1784 3614 προς
1820 3542 1881 3596 σὲ

295 3631 532 3703 βοὼσης,
561 3631 657 3686 καὶ
697 3631 773 3706 μὴ
818 3635 1064 3704 προσχῇς
1097 3636 1210 3698 τοῖς
1241 3633 1470 3703 φαύλοις
1517 3651 1618 3705 μου
1660 3633 1849 3706 ἔργοις
1862 3674 1878 3698 ,

293 3724 415 3778 ἀλ)’
445 3725 739 3794 ὲτιίὸλεψον
787 3726 878 3779 ἐπὶ
917 3725 1080 3799 ὀδύνῃ
1116 3725 1216 3796 τῆς
1257 3726 1440 3796 ψυχῆς
1477 3743 1578 3797 μου
1607 3767 1621 3789 ,
1657 3727 1753 3779 καὶ
1785 3726 1884 3779 τά-

289 3833 460 3886 χυνον
494 3815 604 3893 ¹τοῦ
640 3816 898 3871 ἰάσασθαί
943 3834 1011 3888 με
1065 3817 1258 3882 δεινῶς
1302 3819 1878 3888 τετραυματισμένον·

293 3909 398 3964 καὶ
423 3909 510 3967 65:
551 3927 642 3981 μοι
673 3910 865 3981 καιρδν
905 3911 1224 3981 ἀνανήψεως
1262 3911 1405 3966 κατὰ
1443 3911 1542 3984 τὴν
1575 3912 1739 3984 χάριν
1783 3913 1884 3982 τῆς

294 4000 710 4072 φιλανθρωπίας
739 4019 854 4067 σου,
889 4002 986 4057 καὶ
1019 4003 1182 4073 ῥῦσαί
1221 4020 1288 4072 με
1318 4002 1428 4056 ἀπὸ
1468 4003 1578 4056 τῶν
1619 4003 1885 4071 ἀτιμοτά-

291 4112 411 4148 ⁴ἰτων
441 4093 636 4166 ἔργων,
663 4095 758 4149 καὶ
787 4095 862 4167 μὴ
904 4095 1310 4166 ἀντιμετρήσῃς
1347 4113 1456 4166 μοι,
1488 4095 1620 4172 μηδὲ
1647 4093 1882 4168 θελήτῃς

296 4187 594 4242 ἀποδοῦναί
627 4205 715 4258 μοι
735 4187 860 4252 ἄξια
883 4181 958 4240 ὧν
979 4187 1214 4258 ἔπραξαν
1237 4189 1324 4242 ἵνα
1357 4189 1433 4259 μὴ
1462 4187 1686 4252 τελείως
1708 4186 1878 4242 ἀπόλ-

295 4279 502 4348 λωμαι.
535 4280 824 4343 Ἄκουσον,
867 4279 1059 4349 Κύριε,
1095 4280 1152 4332 ἐν
1195 4278 1502 4348 ἀπογνώσει
1553 4295 1654 4348 μου
1705 4277 1880 4343 ὄντος.

315 4369 376 4422 '0
405 4369 513 4438 γὰρ
545 4371 730 4439 πάσης
763 4367 1072 4440 προθυμίας
1099 4369 1410 4440 ἐρημωθεὶς
1437 4371 1533 4422 καὶ
1558 4369 1768 4432 ἐννοίας
1801 4371 1883 4432 εἰς

301 4459 366 4514 τὸ
399 4459 796 4530 διορθώσασθαι
844 4461 1101 4531 ἐμαυτὸν,
1145 4460 1472 4531 προσπίπτω
1519 4461 1634 4523 τοῖς
1676 4461 1884 4531 οίκτιρε

306 4554 430 4624 μοῖς
464 4569 580 4613 σου,
605 4552 700 4604 τοῦ
745 4551 964 4623 ἐλεῆσαί
995 4569 1062 4624 με
1121 4553 1211 4605 τὸν
1251 4553 1344 4606 ἐπὶ
1391 4552 1496 4622 γῆς
1547 4551 1883 4623 ἐρριμμένον

1981 2073 2318 2144 proripuerit
2345 2073 2553 2143 ingenti
2579 2086 2705 2126 cum
2727 2071 2958 2142 eiulatu,
3003 2085 3068 2124 ac
3087 2071 3132 2124 si
3158 2069 3268 2140 igni
3293 2069 3370 2122 illi
3395 2068 3565 2124 iacies

1981 2165 2394 2236 conﬂagrassct.
2427 2164 2717 2235 Ncigitur,
2743 2162 3081 2229 charissimi,
3130 2179 3162 2217 a
3198 2162 3363 2217 nobis
3405 2177 3560 2232 spem

1979 2258 2304 2328 abjiciamus
2329 2256 2662 2328 impetrandi
2683 2256 2836 2311 illius
2852 2257 3029 2311 beatae
3053 2255 3211 2330 vitge;
3238 2255 3412 2326 magis
3431 2271 3562 2307 vero

1981 2359 2474 2427 quantumcunque
2497 2359 2582 2405 est
2625 2363 2828 2404 nervos
2855 2348 3214 2402 intendamus
3239 2387 3252 2412 ,
3295 2347 3561 2416 onmiquc

1979 2459 2048 2499 ex
2067 2450 2220 2512 parte
2250 2457 2372 2497 eam
2408 2438 3078 2497 eommuniamuslumine
3103 2437 3254 2492 ﬁdei.
3281 2436 3563 2490 Adversus

1981 2535 2279 2606 malignum
2304 2536 2670 2598 inccntorem,
2705 2533 2878 2587 multa
2903 2546 3029 2586 cum
3053 2529 3257 2585 fiducia
3287 2528 3560 2583 vocifcre-

1979 2645 2102 2682 mur
2139 2645 2150 2680 :
2180 2626 2321 2692 Quid
2356 2627 2453 2682 tibi
2476 2635 2534 2681 et
2557 2625 2724 2680 nobis
2751 2639 3048 2679 commune
3077 2634 3182 2686 est,
3235 2638 3272 2677 a'
3299 2621 3394 2676 Dei
3427 2637 3562 2676 eon-

1979 2721 2150 2776 sortio
2179 2719 2435 2784 extorris,
2460 2727 2517 2773 et
2543 2717 2788 2773 cmlcstis
2811 2715 3102 2786 municipii
3135 2716 3322 2784 reluga
3375 2713 3563 2782 perdi-

1982 2813 2216 2876 tissime,
2243 2826 2402 2866 serve
2431 2809 2712 2879 nequam?
2754 2808 2898 2862 nihil
2928 2807 3081 2862 enim
3112 2807 3166 2861 in
3209 2821 3313 2860 nos
3343 2804 3567 2859 obtines

1975 2906 2138 2977 juris.
2161 2903 2422 2960 Christus
2442 2903 2591 2958 enim
2616 2902 2714 2957 Dei
2752 2900 2941 2964 Filius,
2996 2898 3174 2955 nostri
3209 2899 3300 2953 ille
3325 2896 3590 2965 denique-

1978 3007 2034 3054 et
2067 2996 2314 3052 omnium
2352 2996 2512 3066 plena
2553 2993 2704 3049 solus
2749 2991 3058 3064 perfruitur
3109 2997 3380 3062 potestate
3420 3007 3436 3042 :
3487 2987 3564 3043 iiti

1979 3089 2350 3162 peccavimus,
2379 3103 2565 3144 coram
2595 3087 2690 3142 illo
2711 3101 2815 3142 nos
2831 3085 3136 3140 etiamnum
3161 3082 3518 3153 purgavimus
3550 3101 3563 3135 :

1980 3198 2010 3238 a
2039 3181 2200 3237 nobis
2231 3190 2286 3236 tu
2311 3196 2478 3250 quam
2520 3179 2865 3250 longissime,
2915 3177 3160 3232 exitialis
3199 3191 3264 3231 ac
3300 3176 3568 3246 pestilens

1985 3274 2202 3329 secede.
2235 3272 2530 3342 Siquidem
2562 3285 2664 3325 nos
2691 3269 2910 3325 Domini
2937 3283 3159 3324 crucem
3188 3267 3338 3322 omni
3356 3267 3569 3322 honore

1984 3367 2206 3438 dignam
2237 3380 2364 3420 cum
2389 3364 2730 3419 retineamus
2774 3360 3022 3433 pignoris
3057 3359 3180 3414 loco
3201 3400 3214 3422 ,
3262 3358 3570 3427 quamlibet

1984 3456 2220 3512 sublime
2260 3455 2394 3509 illud
2448 3461 2616 3523 caput
2655 3460 2835 3516 tuum,
2883 3451 3034 3506 calce
3096 3449 3476 3521 proterimus,
3533 3463 3570 3502 ο

1984 3562 2212 3618 serpens
2242 3552 2534 3601 venenate.
2567 3543 2648 3598 Ad
2683 3543 2835 3598 hunc
2869 3557 3003 3598 sane
3031 3539 3256 3595 modum
3300 3539 3572 3594 adversus

1983 3639 2403 3694 eolluctatorem
2424 3643 2483 3691 et
2513 3632 2896 3689 adversarium
2937 3637 3192 3685 nostrum
3225 3643 3322 3699 spe
3365 3627 3566 3682 audaci

1984 3733 2228 3788 nitentes
2272 3729 2661 3800 deprecliemur
2714 3743 2780 3782 ac
2821 3740 3199 3798 repugnemus
3235 3765 3250 3788 ,
3299 3739 3405 3778 nec
3455 3724 3569 3778 ullo

1985 3837 2231 3893 unquam
2267 3827 2430 3892 pacto
2455 3819 2706 3874 sinamus
2724 3833 2827 3872 nos
2859 3816 3116 3886 intercipi
3137 3816 3338 3885 laqueo
3365 3814 3570 3884 despe-

1985 3915 2240 3979 rationis,
2265 3929 2366 3984 per
2389 3910 2754 3967 deditionem.
2780 3909 3070 3964 Daemones
3089 3907 3238 3964 enim
3271 3907 3398 3978 ipsi,
3420 3923 3488 3960 ne
3513 3907 3570 3960 in

1985 4003 2759 4080 abyssumpmcipitaremur,
2801 4015 2927 4056 cum
2971 3999 3340 4056 obscerarunt
3385 3997 3571 4052 Domi-

1985 4111 2252 4164 num,sua
2275 4093 2541 4165 petitione
2565 4090 2802 4171 fraudati
2816 4106 2926 4145 non
2941 4097 3074 4146 sunt
3095 4089 3573 4166 :quantodignius

1984 4196 2204 4246 esteum
2220 4185 2490 4250 exaudiri,
2503 4183 2789 4240 Christum
2804 4182 2898 4252 qui
2920 4197 3021 4252 per
3038 4180 3200 4236 [idem
3220 4179 3426 4246 induit,
3447 4195 3574 4250 sup~

1984 4282 2204 4354 pliciter
2217 4279 2634 4349 deprecantem,
2648 4291 2680 4330 a
2699 4275 2975 4346 spirituali
2993 4282 3172 4329 morte
3191 4273 3570 4329 utlibereturi

1991 4373 2202 4444 1073
2234 4371 2314 4426 Nc
2368 4371 2533 4440 ἱείιω
2597 4383 2694 4438 ﬁlie
2735 4367 2947 4438 abiecta
2983 4366 3425 4436 despondeamus
3451 4364 3574 4418 ani-
3603 4389 3616 4397 -

1987 4480 2170 4530 mum;
2201 4462 2372 4534 magis
2421 4469 2606 4516 autem
2657 4473 3080 4530 perseveremus
3115 4457 3171 4512 in
3224 4457 3578 4514 confessione

1985 4552 2148 4612 solidi
2183 4566 2245 4606 ac
2271 4548 2522 4612 stabiles,
2549 4556 2608 4604 et
2634 4562 2760 4613 cum
2801 4546 3229 4618 compunctione
3283 4547 3577 4602 dicamus:

301 4643 365 4695 ὲν
389 4642 657 4714 καταδίκῃ
671 4643 957 4715 ἁμαρτιῶν
978 4662 1100 4715 μου.
1118 4643 1476 4698 ἐὶνακάλεσαί
1498 4663 1587 4714 με,
1605 4647 1872 4708 Δέσποτα,

1985 4645 2125 4702 ﬂere
2142 4641 2238 4706 mi,
2261 4640 2490 4696 Domine
2510 4639 2634 4696 caeli
2655 4647 2712 4694 et
2735 4649 2912 4701 teme,
2932 4639 3044 4694 Rex
3063 4638 3410 4702 saeculorum,
3431 4653 3583 4708 (μιτρ-

300 4731 398 4784 τὸν
431 4729 796 4800 αἰχμάλωτον,
814 4732 907 4786 καὶ
940 4733 1304 4804 κατεχόμενον
1341 4734 1448 4786 ὑπο
1476 4733 1583 4787 τῶν
1617 4735 1874 4805 πράξεών

307 4839 435 4892 μου,
473 4822 568 4876 καὶ
598 4822 673 4885 ὡς
701 4823 809 4876 ἀπὺ
843 4823 1088 4888 ἁλύσεως
1122 4825 1507 4894 σφιγγόμενον.
1540 4829 1612 4880 Σὺ
1645 4831 1753 4900 γὰρ
1789 4832 1885 4900 μό-
1917 4855 1922 4860 ·

302 4929 398 4976 νος
437 4907 583 4976 οἶδας
617 4912 764 4966 λύειν
807 4915 1242 4984 πεπεδημένους,
1292 4917 1550 4971 ἰάσασθαι
1598 4919 1669 4972 τὰ
1714 4920 1888 4990 ἄδηλα

301 5005 601 5076 τραύματα
628 5005 664 5060 ἃ.
696 5008 759 5061 σὺ
787 5007 944 5078 μόνος
972 5008 1267 5062 ἐπίστασαι
1287 5011 1316 5062 ὁ
1338 5010 1446 5064 τῶν
1473 5013 1732 5077 κρυπτῶν
1750 5014 1890 5080 γνὼ-

307 5115 443 5169 στης
485 5100 765 5171 ὑπάρχων.
799 5101 939 5154 Ὅσα
982 5102 1092 5173 γὰρ
1139 5103 1286 5173 παθη
1341 5105 1602 5172 πρόσεστι
1651 5122 1739 5175 μοι
1791 5123 1892 5160 κα-

307 5190 445 5252 κῶν,
495 5194 574 5255 εἰς
617 5194 790 5247 πάντα
844 5209 904 5245 σε
959 5193 1200 5264 εὑρίσκω
1247 5195 1670 5264 ὀνομαζόμενον,
1707 5198 1891 5266 ἰατρὸν

306 5282 420 5336 τῶν
451 5283 634 5348 κακῶς
665 5285 916 5355 ἐχόντων,
967 5285 1140 5356 θύραν
1190 5284 1300 5338 τῶν
1353 5285 1459 5350 ἔξω
1507 5287 1892 5358 παροδυρομέ-

310 5390 438 5440 νων,
465 5377 584 5429 ὁδον
614 5377 722 5430 τῶν
755 5377 1209 5449 πεπλανημένων,
1257 5377 1373 5448 φῶς
1413 5379 1522 5431 τῶν
1569 5378 1894 5448 ὲσκοτισμὲ-

308 5485 440 5534 νων,
477 5467 758 5540 λυτρωτὴν
791 5469 899 5524 τῶν
936 5471 1302 5541 ἀπαγομένων
1323 5509 1338 5532 ,
1370 5471 1638 5540 ἐπέ-(οντα
1677 5473 1766 5524 ἀεὶ
1791 5474 1894 5543 τὴν

311 5560 472 5632 χεῖρά
502 5577 620 5623 σου,
665 5562 759 5615 καὶ
795 5562 870 5632 μὴ
899 5563 1208 5630 ἐπαφιέντα
1235 5561 1336 5632 τὴν
1374 5561 1544 5631 ὀργὴν
1571 5565 1681 5625 τοῖς
1709 5564 1894 5632 ἀμαρ-

309 5654 501 5718 τωλοίς
537 5657 968 5725 ἡτοιμασμένην,
1001 5654 1136 5709 ἀλλὰ
1167 5655 1257 5708 διὰ
1296 5655 1395 5728 τὴν
1442 5655 1644 5727 πολιὴν
1677 5672 1770 5708 σου
1803 5673 1894 5723 ιρι-

311 5747 667 5820 λανθρωπίαν
715 5749 922 5812 ἔδωκας
973 5749 1167 5820 καιρὸν
1203 5749 1556 5820 ἁνανὴᾠεως
1593 5748 1892 5820 ἐπιφάνηοί

389 5903 433 5933 ⁸⁸
456 5901 646 5956 Matth.
676 5913 835 5961 xxvii,
871 5896 920 5955 ὃ,

1993 4753 2075 4802 so,
2106 4735 2239 4790 mihi
2273 4733 2412 4788 velis
2439 4731 2732 4802 adaperire
2753 4730 3093 4802 paenitentiae
3115 4729 3360 4800 januam.
3395 4729 3576 4800 Siqui-

1989 4832 2114 4885 dem
2145 4837 2256 4884 tota
2282 4827 2576 4882 alilietione
2621 4827 2822 4882 animae
2850 4823 3082 4878 obsecro
3115 4834 3166 4878 te
3188 4838 3378 4878 verum
3401 4823 3578 4877 Deum

1991 4923 2044 4976 Ρ.
2070 4933 2204 4978 trem
2236 4920 2449 4976 Domini
2476 4919 2652 4974 nostri
2696 4918 2824 4974 Iesu
2857 4917 3089 4979 Christi,
3113 4915 3208 4986 qui
3266 4915 3450 4970 lumen
3497 4925 3581 4970 est

1993 5015 2205 5077 mundi,
2231 5013 2524 5068 utvidcam
2567 5021 2660 5066 tua
2690 5011 2865 5067 solius
2904 5009 3232 5066 exuberanti
3261 5009 3583 5064 misericor-

1992 5107 2104 5162 dia.
2135 5105 2398 5170 Admitte,
2445 5119 2652 5174 quarso.
2707 5117 2895 5158 meam
2927 5101 3070 5156 hanc
3094 5100 3578 5172 supplicationem.

1992 5199 2272 5252 Nemeam
2323 5194 2774 5264 deprecationem
2849 5190 3130 5262 repudies,
3163 5189 3260 5245 sed
3328 5187 3580 5242 eondona

1993 5288 2130 5345 mihi
2164 5287 2244 5342 sic
2292 5286 2492 5342 misere
2531 5285 2839 5354 intercepto
2879 5283 2939 5337 in
2988 5279 3281 5352 multiplici
3323 5278 3586 5350 primari?

1996 5380 2212 5436 catione
2256 5377 2642 5432 mandatorum
2673 5385 2915 5430 tuorum.
2942 5373 3152 5430 lnelina
3201 5387 3395 5428 aurem
3431 5380 3578 5426 tuam

2001 5472 2067 5527 ad
2102 5485 2322 5542 precem
2369 5485 2568 5534 meam,
2612 5468 2862 5538 mihique
2923 5475 3123 5522 cuncta
3180 5465 3405 5535 indulge
3461 5479 3585 5534 qua:

2001 5563 2198 5620 admisi
2233 5563 2486 5633 nequiter
2521 5572 2582 5616 ut
2615 5562 2779 5616 homo
2808 5561 3032 5632 propria
3063 5560 3244 5614 vietus
3273 5559 3580 5613 voluntate.

2001 5656 2198 5724 Quaero
2284 5657 2432 5711 enim
2492 5653 2763 5724 rcquicm,
2819 5668 2924 5708 nec
2977 5651 3190 5722 uspiam
3235 5649 3478 5712 invenio,
3517 5663 3588 5702 co

2003 5749 2149 5819 quod
2191 5747 2412 5802 minime
2445 5746 2730 5816 indulgeas
2758 5745 3110 5800 conscientiae
3147 5758 3280 5797 mere
3318 5739 3580 5809 tranquilo
