4016 6498
370 441 509 510 1525

1268 449 1591 510 HOMILIA
1633 449 1875 510 XXV”.
1905 473 1976 484 -
2005 449 2101 510 DE
2141 449 2740 510 DESPERATIONE.

3491 443 3516 507 1
3527 440 3632 506 526

371 558 614 627 ξώμεθα,
636 559 930 628 ἀγαπητοὶ,
957 563 1053 628 τὴν
1080 559 1350 632 κακίστην
1371 577 1434 614 συ
1445 559 1703 630 μὸονλίαν
1723 559 1816 612 τοῦ
1835 559 1947 611 δια-

2051 561 2266 614 demum
2298 561 2590 616 diluculari
2618 571 2676 616 et
2699 557 2970 618 matutina
3005 559 3255 630 perfruar
3287 555 3496 626 requie,
3520 569 3624 622 qm

368 649 551 714 σῦλου,
576 649 744 720 ήγουν
779 653 874 720 τῆς
916 650 1302 718 ἀπογνώσεως·
1340 651 1465 722 μηδ’
1507 651 1644 714 ὅλως
1675 650 1812 723 εὕρῃ
1847 667 1948 704 παι

373 739 646 812 ρεὶσδυσιν
681 745 760 805 εἰς
810 743 976 813 ἡμᾶς.
1008 741 1156 814 Αὕτη
1208 743 1318 812 γάρ
1343 743 1492 796 ἐστιν
1528 744 1560 812 ἡ
1592 723 1772 794 τελεία
1804 741 1949 811 χαρὰ

369 829 464 885 τοῦ
495 831 763 886 διαϐόλου*
792 831 928 886 ἀλλὰ
955 831 1156 903 μᾶλλον
1168 831 1538 902 ἀνανήψωμεν
1581 831 1656 895 ὡς
1687 833 1714 884 ὁ
1741 831 1948 895 ἄσωτος

369 923 506 986 νεὸς,
532 923 628 977 καὶ
665 923 1086 996 ἐπιστρέψωμεν
1127 924 1264 996 πρὸς
1303 925 1396 977 τὸν
1423 923 1801 994 εὖσπλαγχνον
1832 923 1948 977 Πα-

369 1015 504 1085 τέρα
538 1013 675 1084 μετὰ
703 1014 885 1078 αἰδοῦς
916 1015 1009 1068 καὶ
1041 1017 1218 1086 χαρᾶς
1239 1031 1250 1044 ⁸
1283 1017 1378 1068 καὶ
1399 1014 1668 1085 εἴπωμενο
1697 1033 1714 1065 ι
1746 1015 1944 1083 Πάτερ,

369 1101 623 1174 ἢιὶαρτον
654 1107 735 1167 εἰς
773 1104 866 1158 τὸν
902 1105 1134 1175 οὐρανὸν
1183 1106 1277 1158 καὶ
1309 1104 1541 1158 ἐνώπιόν
1577 1121 1694 1169 σου,
1740 1123 1758 1156 ι
1797 1101 1947 1169 δέξαι

375 1210 441 1264 με
483 1194 556 1256 ὡς
604 1193 700 1248 ενα
748 1194 855 1250 τῶν
898 1195 1127 1265 μισθίων
1178 1212 1270 1249 σου
1294 1209 1306 1223 ⁸
1343 1198 1437 1248 καὶ
1473 1195 1734 1263 εἰσάγαγέ
1771 1211 1836 1265 με
1869 1197 1949 1256 εἰς

369 1285 470 1354 τὴν
505 1283 750 1356 μάνδραν
784 1303 878 1338 σου
908 1285 968 1338 τὸ
994 1285 1272 1350 ἀπολωλὸς
1296 1284 1586 1356 πρόϐατον·
1615 1285 1704 1338 ἵνα
1733 1285 1809 1354 μὴ
1841 1284 1947 1350 ἔξω

372 1375 548 1444 εὑρών
577 1392 642 1444 με
669 1378 697 1428 ὁ
717 1375 880 1440 λύκος
911 1378 940 1430 ὁ
967 1367 1182 1446 λυμέὼν
1206 1372 1520 1450 ’καταφάγῃ
1549 1395 1636 1448 με.
1678 1372 1809 1431 Οἶδα
1839 1381 1948 1449 γὰρ

373 1481 451 1528 σε,
487 1466 754 1530 Δέσποτα,
805 1466 898 1520 τὸν
949 1467 1112 1520 καλὸν
1166 1466 1416 1537 ποιμένα,
1457 1469 1551 1520 καὶ
1607 1467 1806 1538 λιμένα
1839 1467 1948 1520 τῶν

371 1557 812 1628 χειμαζομένων,
849 1557 1040 1610 ἐλπίδα
1087 1556 1196 1610 τῶν
1244 1556 1712 1627 ἀπηλπισμένων,
1763 1559 1948 1630 ἰατρὸν

371 1647 481 1700 τῶν
506 1647 948 1719 ἀπεγνωσμένων
968 1665 982 1680 ·
1015 1647 1274 1720 ὲπίδησον
1297 1648 1347 1714 ά,
1377 1649 1649 1710 Δέσποτα,
1681 1651 1750 1703 τὰ
1779 1652 1948 1720 τραύ-

376 1741 524 1811 ματά
551 1758 652 1812 μου
684 1740 850 1812 ἐλαίῳ
888 1743 983 1795 καὶ
1019 1741 1166 1811 οἴνῳ,
1201 1740 1238 1796 ἃ.
1282 1741 1529 1812 srdequ
1563 1743 1667 1796 ὑπὸ
1695 1743 1806 1796 τῶν
1853 1743 1946 1814 λῃ-

2051 665 2108 710 ιιι
2139 665 2264 710 tuos
2299 655 2506 710 electos
2553 652 3007 722 tranquillissime
3032 650 3266 713 refoves,
3317 648 3567 710 Domine,
3597 662 3629 700 a

2047 747 2254 817 quibus
2283 747 2640 817 porrodolor
2679 743 2819 816 fugit
2843 760 2905 798 ac
2935 742 3194 814 gemitus.
3248 741 3418 812 Regni
3449 739 3630 810 teija-

2047 854 2156 894 nua
2191 838 2349 904 mihi,
2406 853 2615 908 quaeso,
2669 835 3040 906 adaperiatur,
3080 845 3140 888 ut
3168 849 3289 889 eam
3349 833 3630 902 ingressus

2049 945 2172 984 cum
2208 930 2296 984 bis
2323 929 2417 1000 qui
2460 928 2667 984 lumine
2693 928 2878 982 vultus
2907 925 3006 990 tui,
3039 925 3288 988 Domine,
3337 922 3632 994 perfruun-

2051 1028 2163 1087 tur,
2194 1021 2416 1076 demum
2449 1021 2567 1091 ipse
2615 1018 2871 1090 perfruar
2908 1018 3076 1073 etiam
3106 1015 3357 1071 beatifica
3393 1014 3631 1084 perfrui—

2049 1113 2198 1168 tione
2226 1121 2446 1168 aeternae
2493 1111 2642 1166 illius
2693 1119 2800 1166 tua:
2828 1111 2972 1174 vitae,
3010 1111 3064 1164 in
3105 1108 3328 1164 Christo
3359 1107 3490 1160 Jesn
3527 1107 3631 1168 Dn-

2049 1203 2201 1259 mino
2230 1214 2444 1260 nostro.
2471 1202 2552 1259 Ad
2591 1219 2717 1258 eum
2748 1201 2997 1268 modum,
3029 1201 3074 1256 si
3102 1201 3318 1270 deiecto
3347 1209 3403 1253 et
3435 1197 3628 1252 humili

2049 1295 2217 1352 corde
2263 1297 2368 1367 ipsi
2428 1295 2800 1367 procidemus.
2853 1295 3044 1365 utique
3085 1301 3332 1348 nostram
3375 1291 3630 1346 admittet

2049 1385 2512 1456 deprecationem.
2589 1384 2650 1440 In
2704 1386 2856 1439 omni
2914 1383 3081 1453 igitur
3143 1379 3457 1451 ad‘ulgentia
3489 1379 3631 1435 lucis

2049 1477 2248 1533 divinae
2275 1493 2384 1548 qua
2417 1477 2679 1532 illustrari
2717 1491 2820 1530 nos
2847 1475 3118 1530 sentimus
3143 1479 3199 1528 et
3237 1470 3628 1534 circumfundi,

2049 1567 2380 1640 hymnorum
2416 1566 2754 1636 laudumque
2781 1564 2973 1636 jubilis
3012 1577 3236 1620 necesse
3269 1561 3342 1616 sit
3364 1561 3544 1630 ipsum
3568 1569 3632 1614 ut

2050 1661 2414 1718 celebremus.
2457 1659 2578 1730 Ipse
2609 1658 2758 1714 enim
2803 1657 3078 1712 bonorum
3139 1653 3387 1708 omnium
3437 1660 3632 1707 auctor

2048 1763 2155 1817 est,
2185 1752 2361 1824 origo,
2393 1753 2529 1816 vita,
2558 1749 2820 1806 essentia.
2852 1747 3001 1802 idem
3040 1761 3230 1802 eorum
3265 1759 3486 1814 quoque
3535 1743 3628 1813 qui

373 1831 536 1885 στῶν.
567 1831 737 1896 Αὐτὸς
763 1833 874 1902 γὰρ
893 1828 1076 1896 εἶπας,
1111 1831 1310 1902 Κύριεσ
1349 1851 1368 1884 ‹
1399 1834 1472 1886 Οὐ
1505 1833 1696 1903 χρεῑαν
1731 1834 1947 1902 ἔχουσιν

2051 1846 2120 1901 ab
2152 1845 2272 1915 ipso
2309 1843 2663 1899 desciverunt
2714 1838 2991 1895 revocatio
3018 1846 3075 1892 et
3125 1837 3458 1892 resurrectio
3491 1835 3628 1904 ;qui

373 1923 423 1976 οι
455 1921 792 1992 ὑγιαίνοντες
819 1923 1028 1995 ἰατροῦ,
1055 1924 1170 1978 ἀλλ’
1192 1924 1242 1976 oi
1273 1923 1460 1987 κακῶς
1486 1924 1720 1994 ἔχοντες.
1757 1945 1775 1976 ι
1822 1926 1950 1978 Ἐὰν

2055 1905 2236 1990 autem
2267 1940 2322 1988 et
2369 1932 2718 1986 deﬂuxerunt
2751 1940 2914 1998 atque
2962 1927 3201 1999 prolapsi
3233 1934 3382 1986 sunt.
3420 1934 3660 1980 restau-.

370 2015 515 2068 ιῠτω
546 2016 766 2086 δεηθῇς,
806 2019 994 2088 ἐγερεῖ
1041 2016 1116 2080 ὡς
1156 2016 1248 2069 τὸν
1297 2017 1630 2087 παράλυτον,
1667 2018 1759 2070 καὶ
1809 2017 1950 2083 λέξει

2055 2026 2197 2082 ratio
2224 2041 2286 2078 ac
2333 2023 2690 2080 reformatio:
2743 2021 3007 2074 stantium
3044 2017 3274 2088 proinde
3319 2015 3550 2072 firmitas
3576 2024 3633 2071 et

374 2125 496 2162 σοι·
541 2127 560 2160 ι
601 2110 708 2162 Ἴδε
740 2109 897 2181 ὑγιὴς
928 2110 1182 2178 γέγονας,
1221 2111 1419 2180 μηκέτι
1448 2110 1752 2182 ἁμάρτανε.
1797 2131 1815 2162 ι
1849 2112 1958 2165 Αὑ-

373 2199 465 2262 τὸς
497 2199 606 2272 γὰρ
637 2201 843 2271 Κύριος
883 2201 1266 2272 παραϐολικῶς
1312 2199 1432 2254 εἷπε
1476 2203 1606 2272 περὶ
1637 2203 1734 2270 τῆς
1756 2203 1954 2273 χήρας,

373 2293 470 2345 καὶ
501 2292 590 2346 τοῦ
623 2293 813 2361 κριτοῦ
845 2295 940 2364 τῆς
967 2295 1202 2359 ἀδικεας,
1236 2293 1480 2364 περὶτοῦ
1509 2294 1619 2348 δεῖν
1649 2297 1797 2364 ἡμᾶς
1819 2297 1957 2349 πάν-

369 2398 494 2437 τοτε
530 2382 806 2454 εὔχεσθαι,
843 2387 936 2440 καὶ
970 2387 1044 2458 μὴ
1073 2389 1348 2442 ὲκκακεῖν.
1383 2389 1494 2442 Καὶ
1543 2388 1740 2454 ἐπάγει
1770 2404 1784 2418 ο
1829 2406 1848 2439 ι
1895 2389 1954 2442 Ὀ

371 2475 509 2539 Θεὲς
561 2477 622 2530 οὗ
679 2477 750 2548 μὴ
813 2480 1028 2550 ποιήσει
1073 2479 1170 2550 τὴν
1217 2481 1496 2552 ἐκδίκησιν
1529 2479 1638 2534 τῶν
1679 2479 1958 2534 ἐκλεκτῶν

377 2565 564 2625 asta-3,
591 2567 700 2618 τῶν
731 2567 980 2637 βοώντων
1013 2571 1146 2638 πρδς
1178 2570 1341 2622 αὑτὸν
1371 2569 1586 2641 ἡμέρας
1615 2573 1708 2623 καὶ
1738 2571 1955 2634 νυκτὸς,

377 2655 472 2708 καὶ
519 2656 900 2727 μακροθυμεῐς
944 2659 1032 2710 ναὶ
1081 2658 1226 2727 λέγω
1277 2658 1428 2728 ὑμῖν,
1474 2660 1556 2712 ὅτι
1606 2661 1820 2730 ποιήσει
1853 2661 1952 2731 τὴν

375 2748 656 2818 ἐκεῖκηςιν
689 2750 870 2804 αὐτῶν
914 2753 971 2804 ὲν
1001 2750 1178 2820 τάχει.
1230 2771 1251 2803 »ι
1283 2749 1443 2820 Αὐτῷ
1479 2753 1512 2822 ἡ
1543 2750 1668 2815 δόξα
1703 2755 1785 2815 εἰς
1827 2754 1956 2815 τοὺς

2054 2117 2308 2173 tutelaris
2377 2115 2668 2186 protectio.
2720 2113 2868 2168 Dixit
2929 2113 3324 2168 Ecclesiastes:
3368 2111 3465 2165 Est
3507 2124 3633 2178 spes

2053 2207 2183 2278 quia
2227 2228 2243 2257 ι
2271 2206 2424 2262 cauis
2475 2205 2634 2259 vivus
2687 2202 2884 2257 melior
2923 2208 3007 2256 est
3040 2200 3200 2255 leone
3234 2205 3456 2254 mortuo
3478 2198 3522 2230 τ’
3553 2215 3566 2250 :
3609 2219 3626 2248 ο

2056 2300 2150 2371 qui
2185 2299 2333 2354 enim
2357 2299 2572 2362 vivunt,
2611 2296 2802 2366 utique
2827 2300 3104 2349 noverunt
3153 2306 3210 2382 se
3234 2305 3356 2348 esse
3397 2289 3632 2345 moritu-

2063 2391 2422 2457 ros;mortui
2474 2403 2625 2452 vero,
2658 2403 2726 2443 ne
2773 2401 2966 2443 canem
3017 2385 3239 2454 quidem
3285 2383 3630 2454 deploratum

2061 2484 2264 2537 sciunt.
2299 2479 2406 2536 Sed
2437 2490 2493 2536 et
2525 2479 2729 2535 Paulus
2777 2476 2846 2533 de
2871 2491 2939 2532 eo
2970 2475 3064 2546 qui
3107 2473 3359 2531 Corinthi
3385 2473 3438 2526 in
3470 2488 3634 2542 grave

2053 2577 2352 2646 impegerat
2380 2573 2664 2634 delictum,
2698 2585 2796 2641 per
2815 2569 3119 2639 Epistolam
3149 2567 3322 2622 dicit:
3355 2585 3374 2616 ι
3401 2565 3478 2620 ita
3510 2573 3571 2618 ut
3603 2579 3634 2618 e

2052 2663 2334 2718 contrario
2384 2659 2556 2730 magis
2619 2656 2838 2713 donetis
2859 2665 2916 2710 et
2959 2651 3342 2716 consolemini,
3371 2665 3440 2705 ne
3493 2649 3634 2704 forte

2050 2751 2445 2809 abundantiori
2471 2751 2693 2807 tristitia
2717 2749 3082 2805 absorbeatur
3111 2747 3158 2802 is
3184 2764 3198 2801 :
3236 2754 3461 2816 propter
3485 2739 3635 2812 quod

371 2836 598 2900 αἰῶνας.
641 2840 696 2891 Ἀ
708 2842 834 2910 μήν.

2051 2846 2287 2900 obsecro
2319 2859 2417 2898 vos
2451 2853 2511 2898 ut
2549 2841 2888 2898 eonﬁrmetis
2919 2841 2972 2896 in
3001 2839 3156 2895 illum
3190 2837 3540 2896 charitatem,
3576 2844 3634 2889 ut

369 2945 444 2985 ne
481 2933 984 2987 circumveniamur
1006 2949 1035 2988 a
1068 2932 1268 2988 Salana
1293 2951 1306 2996 ;
1345 2949 1454 2988 non
1479 2934 1626 2988 enim
1688 2933 2003 3003 ignoramus
2039 2936 2402 3007 cngitationes
2423 2937 2543 3006 ejus
2561 2935 2628 2989 ".
2652 2955 2670 2985 ι
2699 2933 2813 2989 Nos
2836 2933 3020 3002 itaque
3047 2945 3172 2986 cum
3215 2928 3382 2984 Paulo
3405 2925 3634 2997 parilem

369 3040 606 3096 agonem
629 3028 1335 3092 sustineamus,dicentcs:
1405 3028 1512 3082 «In
1584 3028 1842 3083 omnibus
1901 3030 2314 3086 tribulationem
2384 3030 2647 3100 patimur,
2694 3028 2792 3085 sed
2860 3043 2968 3082 non
3028 3025 3449 3100 angustiamur;
3505 3037 3638 3091 apo—

380 3119 617 3185 rlamur,
642 3119 738 3174 sed
772 3135 882 3174 non
942 3119 1340 3184 destituimur;
1385 3119 1826 3188 persecutionem
1881 3123 2142 3190 patimur,
2183 3123 2279 3178 sed
2329 3137 2442 3177 non
2497 3120 2926 3192 delinquimur;
2995 3117 3308 3190 dejicimur,
3363 3115 3458 3173 sed
3524 3131 3636 3170 non

370 3208 622 3276 perimus
669 3227 727 3276 ;-
772 3225 990 3280 semper
1042 3207 1523 3265 mortiﬁcationem
1581 3209 1712 3265 Jesu
1791 3211 1847 3264 in
1913 3225 2146 3283 corpore
2203 3211 2704 3275 circumferentes,
2735 3217 2894 3266 utet
2946 3209 3056 3263 vita
3112 3207 3242 3265 Iesu
3311 3205 3636 3262 manifeste—

375 3305 472 3356 tur
500 3299 555 3354 in
597 3313 762 3356 carne
811 3309 1000 3355 nostra
1055 3299 1274 3353 mortali
1307 3299 1374 3352 ⁷³.
1410 3319 1426 3350 ι
1464 3299 1721 3352 Rursus:
1753 3317 1771 3350 ι
1807 3299 1968 3355 Pater
2007 3300 2519 3356 misericordiarum
2569 3306 2625 3356 et
2646 3300 2794 3356 Deus
2843 3299 3014 3356 totius
3053 3298 3476 3363 consolationis,
3539 3297 3638 3370 qui

371 3395 693 3452 consulatur
717 3409 819 3451 nos
845 3396 900 3450 in
933 3395 1084 3450 omni
1113 3393 1469 3448 tribulatione
1497 3408 1596 3462 per
1625 3394 2060 3451 consolationem
2089 3411 2198 3466 qua
2245 3396 2596 3453 consolamur
2665 3411 2696 3450 a
2765 3395 2878 3450 Deo
2911 3411 2926 3461 ;
2991 3395 3121 3464 quia
3161 3392 3307 3447 sicut
3351 3390 3642 3463 abundant

370 3489 662 3558 passiones
696 3488 847 3554 Jesu,
883 3489 958 3544 ita
985 3503 1083 3559 per
1115 3487 1396 3544 Christum
1427 3487 1672 3542 abundat
1698 3496 1756 3544 et
1779 3489 2082 3544 consolatio
2115 3498 2344 3557 nostra;
2393 3490 2510 3546 sive
2573 3489 2926 3554 tribulamur,
2972 3503 3073 3559 pro
3134 3495 3317 3542 vestra
3375 3486 3637 3544 exhorta-

373 3584 525 3639 tione
551 3591 606 3638 et
651 3585 852 3646 salute,
881 3583 996 3639 sive
1049 3583 1152 3654 ipsi
1189 3582 1558 3646 consolamur,
1599 3597 1696 3653 per
1723 3591 1964 3639 vestram
2001 3585 2436 3640 consolationem
2465 3600 2588 3654 quae
2614 3583 2910 3640 efﬁcaciter
2957 3590 3218 3654 operatur
3261 3580 3319 3636 in
3388 3578 3638 3635 toleran-

374 3677 456 3732 tia
487 3676 805 3745 passionum
852 3678 1048 3749 ipsius,
1092 3692 1230 3748 quas
1271 3686 1452 3732 etnos
1479 3676 1744 3748 patimur,
1769 3685 1826 3732 et
1850 3693 1976 3748 spes
2007 3687 2198 3734 nostra
2237 3679 2393 3734 firma
2423 3689 2508 3736 est
2529 3681 2596 3734 ⁷³.
2630 3699 2649 3732 ι
2682 3679 2762 3735 Ne
2789 3678 2986 3750 igitur,
3041 3675 3388 3742 charissimi,
3441 3684 3636 3732 trucu-

277 3819 289 3827 .
373 3771 665 3832 lentissimi
709 3773 870 3828 istius
900 3772 1200 3835 daemonis,
1237 3773 1448 3845 1075
1475 3789 1674 3845 nempe
1711 3774 2133 3845 desperationis,
2209 3789 2452 3846 unquam
2497 3773 2883 3829 admiserimus
2921 3769 3236 3834 consilium,
3293 3777 3354 3824 ut
3422 3781 3490 3822 ne
3531 3783 3640 3838 qua

373 3881 446 3922 ex
475 3877 632 3938 parte
677 3868 984 3939 comperiat
1033 3868 1246 3924 aditum
1285 3885 1396 3940 quo
1433 3884 1491 3926 se
1570 3869 1994 3926 mentinostrte
2030 3868 2424 3926 blandissimus
2488 3876 2770 3926 veterator
2824 3865 3118 3930 insinuet,
3167 3863 3381 3919 clamve
3431 3861 3641 3933 irrepat

377 3961 567 4030 (aliud
589 3962 738 4018 enim
768 3963 910 4019 nihil
935 3963 1249 4034 desperatio
1293 3978 1462 4034 quam
1501 3961 1808 4034 perfectum
1844 3963 2052 4019 diaboli
2081 3961 2430 4034 gaudium);
2493 3961 2626 4032 quin
2677 3958 2864 4031 potius
2927 3943 3048 4014 nos
3091 3957 3242 4026 ipsos
3301 3953 3642 4024 recipiamus

376 4051 446 4106 ad
481 4051 674 4108 sobria:
705 4067 770 4109 ac
824 4053 1072 4110 melioris
1127 4053 1256 4109 vitae
1297 4053 1534 4126 frugem,
1560 4055 1813 4125 exemplo
1853 4054 1950 4109 ﬁlii
1988 4053 2227 4126 prodigi.
2253 4053 2394 4112 Cum
2421 4052 2732 4110 reverentia
2753 4049 2919 4108 simul
2942 4056 3000 4104 et
3056 4047 3255 4119 gaudio
3307 4045 3376 4102 ad
3399 4045 3641 4101 clemen-

379 4139 652 4196 tissimum
700 4142 918 4198 Patrem
975 4151 1386 4208 convertamur,
1429 4143 1521 4198 cui
1571 4153 1630 4200 et
1674 4142 1925 4199 dicamus
1958 4161 1972 4198 :
2023 4165 2042 4197 ι
2069 4144 2255 4210 Pater,
2285 4143 2509 4214 peccavi
2542 4143 2598 4198 in
2622 4140 2823 4198 cmlum
2849 4148 2905 4195 et
2937 4153 3125 4194 coram
3183 4143 3238 4192 te
3267 4136 3334 4204 ⁷⁵,
3369 4154 3386 4188 ι
3420 4136 3642 4206 suscipe

378 4247 468 4290 me
499 4242 559 4288 ut
591 4251 761 4290 unum
817 4235 1054 4306 aliquem
1082 4251 1113 4291 e
1161 4236 1520 4292 mercenariis
1567 4237 1697 4301 tuis,
1770 4254 1970 4309 meque
2009 4237 2270 4294 introduc
2301 4238 2357 4292 in
2411 4236 2626 4292 caulam
2669 4233 2851 4306 gregis
2912 4231 3013 4296 tui,
3050 4227 3320 4287 oviculam
3357 4225 3503 4284 hanc
3531 4227 3639 4284 mi-

379 4338 501 4381 sere
529 4326 820 4396 perditam,
845 4335 908 4383 ut
949 4343 1018 4383 ne
1060 4336 1217 4384 extra
1248 4329 1420 4384 caulae
1451 4338 1559 4384 tuae
1595 4339 1751 4400 septa
1781 4330 2060 4387 inventam
2085 4331 2334 4387 hiulcula
2372 4329 2532 4384 fauce
2575 4325 2873 4382 absorbeat
2930 4324 3096 4395 lupus
3151 4321 3244 4376 ille
3291 4317 3644 4375 truculentus

349 4426 692 4488 .corruptor.
724 4417 890 4474 Plane
919 4419 1046 4474 novi
1069 4433 1193 4490 ego,
1223 4417 1298 4473 mi
1322 4417 1494 4485 Here,
1521 4419 1730 4475 bonum
1763 4428 1816 4476 te
1839 4435 1962 4477 esse
1996 4429 2297 4491 pastorem,
2359 4435 2426 4476 ac
2462 4433 2658 4476 eorum
2706 4433 2828 4474 esse
2880 4415 3220 4471 tutissimum
3283 4419 3506 4486 portum
3542 4413 3640 4484 qui

377 4507 572 4580 quavis
594 4518 916 4580 tempestate
947 4511 1148 4566 misere
1173 4510 1572 4582 percelluntur,
1635 4527 1788 4582 spem
1846 4513 2210 4568 certissimam
2251 4512 2321 4568 de
2386 4527 2446 4567 se
2498 4509 2955 4580 desperantium,
3003 4504 3398 4582 immedicabili
3446 4503 3646 4564 morbo

379 4599 1166 4670 desperationislaborantium
1189 4599 1680 4671 praesentissimum
1704 4600 2000 4656 medicum.
2021 4599 2186 4667 Cura,
2208 4615 2242 4656 ο
2267 4599 2496 4654 Domine
2521 4640 2538 4662 ,
2563 4579 2668 4653 olei
2693 4613 2759 4652 ac
2785 4596 2898 4652 vini
2924 4594 3204 4650 inlusione
3227 4579 3458 4650 vulnera
3488 4607 3641 4650 mea.

379 4691 584 4762 quibus
605 4691 891 4762 praedones
909 4691 998 4746 isti
1025 4707 1111 4748 me
1129 4692 1485 4747 inclementer
1507 4693 1958 4749 consauciarunt.
1976 4693 2160 4755 Certe,
2188 4693 2440 4756 Domine,
2465 4693 2582 4762 ipse
2605 4691 2793 4746 dixisti
2823 4709 2836 4744 :
2869 4709 2886 4741 ι
2912 4689 3032 4745 Non
3051 4696 3216 4760 egent
3239 4688 3336 4758 qui
3353 4687 3472 4743 sani
3511 4696 3642 4742 sunt

380 4781 616 4842 medico.
633 4781 726 4837 sed
752 4782 845 4852 qui
869 4783 1010 4837 male
1037 4782 1244 4838 habent
1265 4783 1333 4838 ".
1359 4802 1378 4837 ι
1409 4782 1523 4838 Hoc
1544 4791 1706 4853 pacto
1727 4799 1852 4839 cum
1869 4783 2138 4848 oraveris,
2154 4783 2426 4853 iacentem
2453 4791 2504 4837 te
2521 4791 2580 4836 ut
2600 4781 2752 4836 illum
2781 4779 3136 4851 paralyticum
3159 4779 3357 4848 eriget,
3383 4775 3642 4846 dicetque

381 4873 523 4928 tibi:
557 4892 576 4926 ί
611 4873 755 4929 Ecce
809 4889 977 4928 sanus
1040 4873 1221 4930 factus
1250 4889 1360 4939 es;
1415 4875 1530 4945 jam
1589 4873 1828 4943 amplius
1881 4875 1994 4930 noli
2037 4889 2267 4944 peccare
2313 4875 2381 4928 ⁷⁸.
2418 4892 2436 4925 ι
2489 4873 2641 4928 Idem
2686 4886 2924 4941 namque
2993 4871 3261 4926 Dominus
3327 4869 3396 4924 de
3463 4867 3630 4923 vidua

383 4963 479 5019 illa
511 4965 846 5035 parabolice,
878 4975 935 5022 et
962 4965 1030 5020 de
1081 4965 1270 5037 judice
1307 4948 1616 5037 iniquitatis
1677 4967 1837 5032 dixit,
1899 4973 2157 5038 oportere
2183 4983 2284 5023 nos
2341 4983 2559 5038 semper
2603 4981 2785 5032 orare,
2831 4981 3012 5036 neque
3079 4980 3320 5034 unquam
3389 4963 3642 5020 defetisei

385 5061 480 5108 aut
502 5051 790 5124 defetigari
808 5053 855 5084 ⁷⁷
885 5069 902 5119 ;
928 5068 1105 5124 eoque
1137 5054 1386 5110 inducit:
1427 5073 1444 5106 ι
1473 5055 1618 5110 Deus
1646 5065 1828 5111 autem
1853 5071 1962 5110 non
2005 5056 2172 5111 faciet
2210 5057 2479 5112 ultionem
2522 5057 2830 5113 electorum
2897 5069 3126 5110 suorum
3184 5054 3542 5112 clamantium
3576 5055 3640 5110 ad

383 5162 444 5203 se
481 5146 572 5203 die
623 5163 688 5204 ac
735 5157 928 5213 nocte,
987 5157 1047 5204 et
1093 5149 1487 5222 longanimiter
1533 5152 1772 5222 patietur
1808 5152 1832 5205 ?
1885 5151 2010 5207 dico
2048 5153 2230 5217 vobis,
2266 5153 2396 5224 quia
2424 5152 2746 5223 propediem
2775 5151 2938 5206 faciet
2971 5151 3237 5206 ultionem
3283 5163 3480 5205 eorum
3505 5149 3571 5201 τ’.
3621 5169 3642 5206 ι

384 5241 492 5314 ipsi
523 5242 696 5314 gloria
729 5245 783 5300 in
813 5245 1012 5301 saecula
1039 5245 1385 5302 saeculorum.
1414 5249 1587 5304 Amen

453 5421 500 5455 "°
525 5418 704 5476 Eccle.
734 5436 808 5482 ix,
837 5419 892 5474 4.
968 5420 1010 5453 τί
1056 5420 1102 5476 ll
1125 5419 1252 5476 Cor.
1319 5437 1384 5482 η,
1417 5421 1470 5486 7,
1501 5421 1555 5481 8,
1593 5423 1677 5478 ll.
1763 5422 1809 5454 "
1839 5422 1879 5477 ll
1924 5420 2054 5479 Cor.
2114 5439 2186 5478 IV.
2231 5423 2403 5480 8-H.

2532 5425 2578 5458 ⁷³
2596 5424 2642 5481 ll
2667 5423 2794 5482 Cor.
2823 5443 2860 5490 ι,
2891 5426 2968 5482 5-
2987 5425 3038 5480 7.

382 5487 433 5526 ⁷⁵
458 5489 651 5547 hlatth.
723 5507 798 5554 ut,
834 5489 918 5546 12.
961 5489 1190 5547 "Joan.
1235 5507 1290 5558 v,
1317 5493 1402 5548 14.
1482 5492 1526 5525 ⁷⁷
1553 5491 1686 5550 Luc.
1717 5509 1866 5558 mu,
1900 5494 1950 5547 l.

2051 5493 2069 5526 ³
2126 5493 2254 5549 ibid.
2289 5492 2400 5550 5-8.

3175 5425 3219 5456 ἰδ
3261 5421 3395 5479 Luc.
3431 5437 3516 5486 tv,
3559 5420 3642 5476 19-.

1663 5673 1744 5729 VA
1757 5673 1893 5731 Rl/E
1924 5669 2332 5734 LECTIONI‘ZS.

454 5810 477 5850 ἀ
508 5808 784 5878 ὲπῑδηςον,
812 5810 991 5879 alliga,
1029 5810 1292 5880 astringe;
1315 5810 1436 5880 lege
1491 5812 1844 5884 ἑπικήδητον.
