4016 6420
299 491 321 558 ί
335 497 436 560 533

1214 505 1543 569 HOMILIA
1582 507 1766 570 XXX.
1795 537 1864 545 -
1895 505 1992 571 DE
2033 508 2648 572 SUSURRATIONE.

3415 513 3558 581 1538

297 607 512 659 nierum
553 605 624 661 ".
669 609 935 664 Diminus
973 618 1156 666 autem
1209 614 1536 670 rnilissimus
1591 626 1648 672 et
1696 616 2045 687 longanimis,
2073 618 2206 688 quid
2268 619 2335 673 ad
2366 619 2514 676 lucc?
2581 640 2598 672 ι
2635 620 2691 676 Si
2747 637 2849 694 ego
2880 622 2935 678 in
2998 625 3368 683 Beelzebub“
3392 629 3562 700 ejicio

295 697 584 767 daemonia,
617 700 712 755 lilii
744 704 910 757 vestri
959 703 1013 758 in
1057 721 1168 775 quo
1212 707 1480 779 ejiciunt?
1512 725 1678 779 porro
1727 710 1773 764 si
1825 711 1878 766 in
1918 711 2090 782 digito
2126 711 2244 777 Dei,
2275 712 2524 782 profecto
2553 715 2808 785 pervenit
2841 716 2897 770 in
2932 732 3028 774 vos
3065 734 3296 790 regnum
3321 697 3550 776 Dei—“.v

293 789 402 861 Ipsi
433 793 604 864 gloria
629 793 682 848 in
709 796 926 850 secula.
960 796 1156 852 Amen.

913 915 1133 969 ΛΟΓυΣ
1167 916 1246 970 Λ’.

791 1009 926 1074 Περὶ
969 1008 1358 1076 ψιθυρισμοῦ.

371 1115 536 1170 Πάλιν
564 1117 594 1170 6
626 1119 852 1190 ψίθυρος
883 1123 975 1174 καὶ
1001 1123 1028 1175 6
1068 1125 1370 1186 κατάλαλος
1414 1125 1664 1178 κοινωνοὶ
1694 1126 1873 1196 ύπάρ·

300 1224 486 1276 χουσιν
514 1209 610 1276 τῆς
639 1212 928 1282 αἰσχίστης
971 1213 1154 1266 αὑτῶν
1182 1215 1469 1285 ἐργασίας.
1501 1217 1609 1269 Καὶ
1645 1217 1755 1287 γὰρ
1779 1217 1876 1286 μία

297 1298 448 1351 ἐστὶν
481 1302 811 1371 ἀμφοτέρων
841 1304 874 1372 ἡ
907 1305 1101 1372 πρᾶξις
1141 1307 1221 1368 είς
1267 1306 1388 1359 ὁδὸν
1445 1307 1726 1368 ἀπωλείας
1772 1308 1876 1359 ἀπ-

297 1387 542 1454 άγουσαο
578 1394 822 1462 στυγητὴ
853 1391 1022 1456 ὅντως
1059 1396 1212 1464 παρὰ
1239 1396 1377 1448 Θεοῦ
1405 1399 1500 1449 καὶ
1541 1395 1873 1466 ἀνθρώποις.

297 1482 372 1535 Τὸ
409 1485 518 1554 γὰρ
559 1484 691 1552 ἄγος
739 1489 837 1555 τῆς
880 1489 1216 1554 καταλαλιᾶς
1254 1489 1474 1544 καὶτοῦ
1517 1492 1873 1562 ψιθυρισμοῦ,

298 1577 658 1645 συμϐιοτεῦον
711 1580 918 1643 αὐτοῖς,
981 1583 1366 1652 ὲσπιλωμένην
1413 1584 1508 1638 καὶ
1562 1583 1876 1652 ἀκάθαρτον

297 1667 398 1735 τὴν
435 1667 713 1726 πολιτείαν
754 1671 934 1725 αὐτῶν
971 1674 1380 1730 ἀποδείκνυσιν.
1417 1673 1506 1746 Μὴ
1539 1672 1631 1729 οὖν
1661 1675 1878 1746 ἐπιμεί-

297 1775 480 1828 νωμεν
533 1763 598 1828 τῇ
660 1763 1090 1836 ἀπηγορευμένῃ
1130 1767 1301 1838 ταύτῃ
1354 1769 1448 1820 καὶ
1482 1765 1726 1838 ἀθεμίτῳ
1793 1768 1876 1820 δι-

293 1851 513 1918 αγωγῇ,
539 1849 622 1902 ἵνα
657 1853 730 1919 μὴ
765 1853 1083 1924 εύρεθῶμεν
1113 1855 1369 1910 ἄσπονδοι
1407 1858 1546 1928 πρὸς
1577 1857 1638 1911 τὺ
1670 1859 1878 1928 ὁμόφυ-

294 1940 408 1995 λον.
453 1943 771 2012 Διαγορεύει
823 1946 879 1999 δὲ
920 1949 1015 2000 καὶ
1063 1950 1092 2000 6
1146 1948 1350 2018 νόμος·
1395 1969 1415 2001 ι
1446 1951 1522 2004 Οὐ
1595 1951 1875 2022 παραδέξῃ

249 2108 253 2110 _
296 2030 468 2101 ἀκοὴν
502 2033 780 2100 ματαίανσ
807 2037 868 2088 οὐ
901 2038 1297 2110 συγκαταθήσῃ
1327 2041 1446 2108 μετ’
1485 2039 1674 2093 ἀδίκου
1723 2040 1878 2108 γενέο

2517 919 2802 979 HOMILIA
2839 922 3010 981 XXX.

2502 1009 2579 1066 De
2614 1017 3004 1070 susurratione.

1961 1181 1966 1190 ,
2050 1122 2263 1178 Rursus
2293 1137 2524 1179 susurro
2547 1133 2605 1179 et
2634 1125 2919 1182 detractor
2945 1127 3244 1198 complices
3273 1141 3397 1184 cum
3425 1129 3560 1195 sint.

1978 1214 2035 1267 in
2085 1222 2387 1268 extremam
2428 1225 2584 1269 suam
2640 1217 3018 1284 operationem
3062 1219 3405 1288 conspirant.
3454 1219 3563 1276 Par

1977 1305 2250 1374 siquidem
2281 1313 2336 1359 et
2363 1321 2471 1360 una
2512 1313 2598 1360 est
2631 1308 2922 1377 utriusque
2955 1309 3229 1378 operatio,
3263 1317 3561 1379 utrumque

1979 1402 2127 1448 recta
2186 1393 2242 1448 in
2289 1395 2434 1449 viam
2485 1396 2768 1465 abripiens
2821 1399 3150 1467 perditionis
3199 1415 3214 1451 :
3261 1405 3563 1468 utrumque

1978 1499 2104 1538 cum
2142 1485 2356 1541 infense
2400 1487 2619 1542 oderint
2662 1496 2719 1542 et
2769 1487 2912 1543 Deus
2957 1499 3014 1544 et
3058 1489 3334 1544 homines.
3385 1489 3566 1545 Exse-

1977 1577 2244 1631 crandum
2284 1578 2434 1633 enim
2465 1578 2828 1634 detractionis
2869 1582 3052 1635 scelus
3083 1589 3250 1650 atque
3296 1581 3560 1643 susurrii,

1979 1668 2037 1722 in
2071 1669 2266 1723 iisdem
2301 1673 2744 1740 comperiuntnr,
2777 1673 3206 1746 contubernales
3247 1683 3378 1727 eum
3402 1671 3558 1728 sint:

1978 1774 2102 1828 quae
2151 1774 2240 1814 res
2291 1759 2452 1815 facile
2487 1759 2697 1816 indicat
2749 1764 2939 1816 talium
2985 1763 3177 1826 vitam,
3230 1762 3392 1832 longe
3435 1771 3563 1818 estse

1978 1853 2570 1907 contaminatissimam
2625 1863 2788 1923 atque
2839 1855 3116 1924 impuram
3168 1856 3425 1934 maxime.
3478 1854 3562 1911 Ne

1979 1943 2151 2012 igitur
2189 1943 2248 1998 in
2280 1943 2599 1998 istiusmodi
2641 1943 2866 1999 vivendi
2898 1944 3112 2000 ratione
3141 1945 3302 2000 nobis
3332 1953 3563 2014 prorsus

1979 2033 2278 2088 interdicta
2333 2048 2398 2088 ac
2449 2035 2664 2089 nefaria
2724 2049 3166 2104 perseveremus,
3219 2047 3282 2089 ut
3329 2047 3401 2092 ne
3460 2035 3560 2090 Dei

298 2123 427 2176 σθαι
471 2125 682 2194 μάρτυς
712 2125 916 2191 ἄδικος.
951 2130 1068 2183 Πᾶν
1117 2130 1268 2200 ῥῆμα
1317 2132 1572 2200 πονηρὸν,
1601 2131 1878 2203 βδέλυγμα

1980 2122 2248 2194 iudicium
2272 2123 2652 2192 deprehendat
2679 2138 2783 2178 nos
2813 2125 2934 2178 sine
2963 2124 3173 2180 findere
3203 2125 3318 2179 ullo
3349 2131 3406 2179 et
3427 2136 3564 2180 σου·

296 2215 490 2286 Κυρίῳ
536 2219 701 2273 ἐστίν.
733 2239 750 2270 ι
797 2221 855 2274 '0
909 2221 966 2275 δὲ
1017 2221 1330 2291 σοφώτατος
1377 2223 1627 2292 Σολομὼν
1669 2241 1871 2293 φησιν⁸

1980 2214 2138 2275 cordi
2177 2215 2500 2284 compagine
2543 2214 2832 2270 cbaritatis
2872 2214 3046 2270 fuisse
3080 2229 3209 2286 erga
3235 2215 3396 2270 nobis
3423 2227 3562 2270 con-

303 2322 322 2353 ι
352 2305 594 2376 Ψίθυρον
623 2310 719 2361 καὶ
739 2308 1037 2377 δίγλωσσον
1064 2311 1412 2382 καταρᾶσθαι
1435 2312 1588 2378 ἄξιον
1605 2329 1620 2347 ’
1646 2313 1876 2376 πολλοὺς

297 2399 408 2470 γὰρ
441 2399 730 2454 ἀπώλεσαν
752 2403 1160 2474 εἰρηνεύοντας.
1189 2423 1208 2455 ι
1247 2405 1358 2458 Καὶ
1385 2399 1566 2468 αὖθις
1605 2424 1624 2456 ι
1649 2403 1876 2456 Γλῶσσα

297 2491 456 2562 δισσὴ
497 2492 727 2555 πολλοὺς
766 2495 1091 2548 ἐσάλευσενο
1145 2496 1173 2548 6
1211 2497 1492 2567 προσέχων
1525 2497 1661 2566 αὐτῇ
1695 2497 1756 2550 οὐ
1803 2494 1878 2566 μὴ

303 2580 442 2653 εὕρῃ
491 2582 824 2636 ἀνάπαυσιν.
856 2601 875 2635 ι
923 2585 1032 2636 Καὶ
1062 2584 1224 2638 πάλιν
1251 2601 1266 2614 °
1311 2603 1332 2636 ι
1364 2586 1554 2657 Πληγὴ
1604 2585 1876 2655 γλώσσης,

300 2671 578 2744 συντρίϐει
624 2674 792 2726 ὀστᾶ*
827 2673 1060 2738 θάνατος
1102 2674 1214 2744 γὰρ
1274 2677 1535 2746 πονηρὸς,
1582 2677 1611 2729 6
1647 2677 1879 2741 θάνατος

295 2764 490 2832 αὐτῆς.
516 2783 534 2815 ι
579 2765 638 2817 '0
671 2765 727 2818 δὲ
754 2766 1045 2836 προφήτης
1097 2765 1415 2838 Ἀμϐακούμ
1437 2783 1450 2796 ·
1485 2769 1758 2838 ς”Ανδρες
1803 2771 1881 2822 εί-

296 2857 512 2924 ρηνικοί
563 2865 658 2909 σου
703 2855 908 2927 ἔθηκαν
964 2857 1190 2927 ἐνέδραν
1241 2858 1504 2932 ὑποκάτω
1553 2876 1668 2914 σου.
1703 2878 1723 2911 ι
1770 2858 1879 2913 Καὶ

292 2950 322 3001 6
366 2947 637 3018 Ἱερεμίας
681 2951 847 3017 φησίν
875 2965 888 2977 ·
931 2965 950 2998 ι
976 2950 1134 3014 Βολλς
1162 2949 1560 3019 τιτρώσκουσα.
1596 2953 1628 3019 ἡ
1659 2951 1881 3017 γλῶσσα

292 3041 500 3097 αὐτῶν.
552 3043 662 3096 Καὶ
704 3041 853 3095 δόλια
881 3041 950 3095 τὰ
981 3044 1206 3114 ῥήματα
1238 3038 1472 3098 αὐτῶν.»
1519 3044 1578 3098 '0
1605 3044 1660 3096 δὲ
1693 3041 1877 3107 Δαυῖδ,

295 3131 625 3202 βουλόμενος
654 3133 958 3202 ἀποστῆναι
989 3135 1190 3196 αὐτοὺς
1212 3137 1312 3204 τῆς
1331 3134 1627 3204 δυσμενίας
1651 3133 1879 3204 ταύτης,

295 3225 676 3294 παραγγέλλει
703 3225 879 3292 λέγων
897 3241 908 3254 ·
950 3246 968 3278 ι
1002 3225 1221 3280 Παῦσον
1249 3225 1345 3296 τὴν
1369 3226 1620 3294 γλῶσσάν
1652 3244 1746 3280 σου
1773 3227 1884 3280 ἀπὸ

297 3317 493 3379 κακοῦ,
530 3318 626 3370 καὶ
673 3319 830 3388 χείλη
881 3335 999 3384 σου,
1054 3317 1150 3372 τοῦ
1188 3319 1266 3389 μὴ
1292 3319 1528 3391 λαλῆσαι
1547 3319 1720 3374 δόλον.
1751 3337 1770 3371 ι
1797 3319 1883 3374 El.

294 3405 402 3470 δὼς
459 3407 515 3460 δὲ
571 3408 752 3462 αὐτῶν
801 3409 862 3463 τὸ
918 3411 1124 3479 ἀπηνὲς
1178 3411 1278 3477 τῆς
1334 3409 1582 3482 γνώμης,
1643 3409 1878 3479 ἐπάγειο

300 3517 322 3552 ι
350 3497 538 3569 Τάφος
573 3499 924 3570 ἀνεῳγμένος
973 3503 1002 3556 6
1047 3501 1259 3571 λάρυγξ
1307 3501 1509 3569 αὐτῶν,
1540 3505 1661 3566 ταῖς
1704 3502 1882 3572 γλώσ-

1978 2321 2260 2376 generem.
2282 2305 2615 2360 Cavetenim
2639 2306 2966 2362 interdictio
2990 2308 3078 2362 lex
3107 2307 3162 2361 id
3197 2306 3314 2361 ﬁeri
3341 2323 3356 2360 :
3386 2323 3406 2357 ι
3438 2307 3561 2362 Non

1978 2397 2238 2452 admittes
2287 2396 2632 2451 auditionem
2675 2411 2906 2461 vanam,
2957 2411 3070 2452 non
3127 2397 3352 2453 sedebis
3393 2397 3562 2452 simul

1979 2502 2105 2543 cum
2145 2486 2356 2556 iniquo,
2400 2495 2462 2541 ut
2507 2487 2586 2542 sis
2620 2489 2778 2544 testis
2823 2489 3070 2559 iniquus.
3120 2487 3294 2544 Omne
3325 2489 3560 2543 verbum

1977 2579 2323 2650 improbum,
2378 2581 2684 2636 exsecratio
2733 2588 2820 2636 est
2873 2581 3019 2651 apud
3072 2581 3366 2636 Dominum
3413 2581 3478 2636 ".
3534 2598 3555 2632 ι

1979 2671 2237 2728 Salomon
2273 2673 2404 2727 item
2429 2690 2442 2726 :
2473 2673 2688 2743 1079
2719 2691 2737 2724 ι
2771 2673 3144 2729 Snsnrronem
3171 2683 3228 2728 et
3258 2674 3560 2744 bilinguem

1978 2764 2233 2818 maledici
2281 2764 2509 2834 dignum
2563 2775 2676 2830 est,
2728 2764 2936 2820 multos
2987 2765 3137 2820 enim
3195 2764 3566 2835 perdiderunt

1977 2871 2173 2926 pacem
2221 2855 2497 2912 habentes
2533 2857 2598 2912 ¹⁶.
2639 2874 2658 2907 ι
2705 2856 2922 2910 Rursus
2965 2873 2980 2910 :
3029 2874 3048 2907 ι
3087 2855 3300 2927 Lingua
3334 2856 3562 2926 duplex,

1980 2949 2185 3002 multos
2213 2947 2518 3002 commovit
2550 2961 2740 3016 pacem
2772 2947 3073 3012 habentes;
3107 2947 3202 3014 qui
3230 2945 3464 3002 attendit
3488 2947 3564 3013 ei,

1979 3053 2092 3094 non
2126 3039 2338 3094 invenit
2379 3039 2631 3108 requiem
2659 3037 2724 3092 η.
2760 3057 2781 3090 ›
2822 3037 3028 3093 lterum
3060 3054 3074 3092 :
3115 3055 3134 3089 ι
3168 3035 3332 3108 Plaga
3361 3037 3580 3106 linguas.

1981 3131 2221 3186 conterit
2265 3146 2391 3186 ossa
2416 3131 2479 3195 ⁸⁸,
2513 3145 2666 3186 mors
2713 3129 2863 3185 enim
2912 3130 3053 3184 mala
3093 3145 3244 3184 mors
3287 3131 3412 3201 ejus
3435 3130 3498 3184 ⁸⁸.
3540 3148 3574 3184 »-

1982 3213 2258 3290 Propheta
2305 3235 2526 3290 quoque
2561 3218 2859 3275 Habacnc:
2897 3238 2915 3271 ι
2953 3218 3066 3274 Viri
3101 3219 3316 3290 paciﬁci
3360 3220 3439 3275 tui
3467 3235 3568 3291 po-

1982 3321 2214 3368 suerunt
2259 3311 2490 3367 insidias
2527 3311 2821 3367 adversum
2864 3319 2917 3367 te
2944 3312 3013 3366 ὀ.
3053 3330 3072 3363 ι
3115 3312 3389 3368 Jeremias
3431 3312 3565 3367 item

1981 3406 2096 3460 ait:
2131 3423 2150 3457 ι
2182 3404 2434 3462 Jaculum
2463 3405 2764 3460 vulnerans
2799 3403 2987 3474 lingua
3016 3418 3208 3458 eorum
3242 3403 3309 3457 “.
3346 3422 3364 3454 ι
3391 3403 3567 3459 David

1982 3497 2214 3567 insuper
2253 3497 2388 3552 istos
2425 3511 2660 3553 avocare
2701 3495 2934 3566 cupiens
2963 3495 3034 3550 ab
3072 3495 3177 3550 hac
3220 3494 3567 3550 immanitate

296 3605 418 3653 σαις
448 3591 630 3644 αὐτῶν
655 3592 984 3658 ἐδολιοῦσαν,
1019 3593 1208 3664 κρίνον
1238 3595 1438 3659 αὐτοὺς
1466 3597 1494 3648 6
1517 3595 1669 3661 Θεὸς,
1691 3595 1774 3649 ὅτι
1801 3593 1878 3657 ίδς

1980 3589 2272 3660 plusquam
2311 3588 2524 3652 hostili,
2557 3585 2932 3659 prazcipiendo
2962 3585 3098 3640 dicit
3125 3602 3139 3638 :
3168 3603 3186 3636 ι
3223 3585 3426 3640 Averte
3455 3585 3567 3639 lin-

292 3681 540 3737 ἀσπίδιον
569 3681 674 3737 ὑπὸ
703 3685 771 3736 τὰ
798 3683 954 3754 χείλη
985 3683 1188 3738 αὐτῶν.
1209 3686 1347 3738 Κατ’
1373 3684 1509 3754 ἐμοῦ
1534 3684 1647 3757 γὰρ
1693 3685 1884 3756 ἐψιθύ-

295 3773 446 3845 ριζον
465 3775 664 3838 πάντες
679 3776 728 3829 οἱ
752 3775 935 3847 ἐχθροί
961 3793 1085 3847 μου,
1103 3777 1226 3830 κατ’
1249 3777 1384 3847 ἐμοῦ
1402 3777 1709 3847 ἐλογίζοντο
1735 3779 1884 3833 κακά

297 3883 392 3936 μοι
411 3883 422 3896 ·
455 3866 614 3934 λόγον
648 3868 970 3939 παράνομον
1003 3868 1300 3923 κατέθεντο
1324 3872 1447 3924 κατ’
1478 3870 1616 3941 ἐμοῦ
1637 3887 1652 3903 ο
1676 3892 1696 3926 ι
1741 3871 1883 3927 Ἀλλ’

303 3977 323 4008 ι
362 3957 814 4012 Ἐνδυσάσθωσαν
844 3961 894 4013 οἱ
928 3959 1372 4024 ὲνδιαόἀλλοντές
1403 3979 1492 4032 με,
1521 3963 1791 4036 ὲντροπήν
1811 3981 1826 3994 ·
1856 3983 1876 4015 ι

289 4043 407 4098 Καί
439 4061 453 4074 υ
489 4064 506 4096 ι
535 4045 1058 4114 Περιϐαλλέσθωσαν
1085 4087 1101 4112 ,
1160 4049 1238 4113 ὡς
1282 4049 1561 4118 διπλοΐδα,
1617 4053 1883 4124 αἰσχύνην

293 4135 501 4191 αὐτῶν.
523 4155 543 4188 ι
581 4139 694 4192 Καὶ
721 4138 1020 4210 ἐπεύχεται
1058 4139 1235 4208 λέγων
1257 4157 1273 4174 ο
1317 4161 1336 4194 r
1356 4141 1552 4210 Κύριε,
1578 4143 1742 4216 ῥῦσαι
1777 4147 1880 4218 τὴν

290 4226 481 4298 ψυχήν
513 4246 613 4300 μου
660 4230 769 4284 ἀπὸ
816 4232 1042 4302 χειλέων
1085 4232 1308 4300 ἀδίκων,
1352 4235 1449 4288 καὶ
1492 4236 1600 4290 ἀπὸ
1625 4236 1880 4308 γλώσσης

293 4314 494 4383 δολίας.
525 4337 544 4371 ι
592 4320 757 4374 Ἀλλά
799 4322 946 4394 κάμὲ
1002 4325 1204 4388 αὐτῶν,
1248 4345 1268 4378 ι
1303 4327 1438 4380 Ἀπὸ
1482 4327 1594 4382 τῶν
1637 4329 1882 4401 κρυφίων

300 4430 405 4484 μου
439 4415 737 4488 καθάρισόν
787 4434 880 4486 με,
924 4419 1018 4472 καὶ
1053 4419 1161 4474 ἀπὸ
1207 4420 1506 4492 ἀλλοτρίων
1558 4425 1744 4491 φεῖσαι
1786 4423 1880 4476 τοῦ

291 4504 485 4560 δούλου
525 4525 641 4574 σου,
697 4507 785 4562 ἵνα
812 4508 1047 4579 ἄμωμος
1097 4512 1367 4582 γένωμαι.
1396 4531 1417 4564 ι
1458 4514 1570 4566 Καὶ
1610 4516 1639 4568 6
1681 4515 1884 4585 Παροι-

297 4593 534 4666 μιαστὴς
565 4596 872 4652 ἐντέλλεται
895 4598 1095 4667 λέγων’
1123 4618 1140 4650 ι
1162 4601 1254 4671 Μὴ
1277 4602 1483 4672 κληθῇς
1505 4601 1756 4674 ψίθυρος.
1788 4606 1882 4676 καὶ

290 4686 362 4756 τῇ
393 4684 616 4760 γλώσσῃ
653 4705 745 4742 σου
804 4691 1167 4762 μὴ.ὲνέδρευε
1189 4707 1203 4722 ⁸
1239 4693 1458 4762 μολύνει
1501 4695 1612 4765 γὰρ
1641 4694 1738 4766 τὴν
1764 4697 1883 4750 ἑαυο

287 4774 392 4830 τοῦ
420 4775 598 4848 ψυχὴν
622 4780 651 4831 6
676 4779 924 4849 ψίθυρος.
955 4783 1126 4856 Ἀνὴρ
1167 4784 1278 4854 γὰρ
1313 4784 1677 4854 εὐμετάϐολος
1701 4786 1880 4856 γλώσ-

295 4883 390 4942 σῃ,
424 4869 748 4938 ἐμπεσεῖται
796 4873 878 4934 εἰς
915 4873 1081 4927 κακά.
1109 4891 1126 4924 ι
1191 4875 1304 4928 Καὶ
1349 4874 1510 4928 πάλιν
1539 4891 1552 4906 ·
1589 4894 1608 4928 ι
1639 4876 1880 4940 Θάνατος

1985 3696 2147 3753 gnam
2176 3689 2323 3735 tuam
2364 3696 2394 3736 a
2441 3678 2608 3745 malo,
2633 3685 2690 3733 et
2728 3679 2874 3732 labia
2909 3687 3001 3734 tua
3031 3693 3101 3732 ne
3132 3677 3435 3748 loquantur
3462 3677 3567 3732 do-

1984 3774 2099 3828 lum
2131 3774 2196 3826 “.
2247 3791 2266 3824 ι
2297 3772 2568 3842 Quodque
2619 3783 2964 3842 perspectam
3009 3771 3246 3826 haberet
3281 3769 3576 3825 ell'eratam

1983 3875 2151 3934 atque
2183 3864 2454 3920 minacem
2481 3865 2783 3920 voluntatis
2815 3864 3048 3920 istorum
3082 3861 3370 3927 ferociam,
3403 3861 3584 3916 indu--

1984 3957 2100 4016 cit:
2133 3975 2151 4008 ι
2182 3956 2505 4027 Sepulcrum
2523 3966 2720 4026 patens
2763 3964 2849 4011 est
2894 3963 3088 4026 guttur
3113 3969 3306 4009 eorum
3327 3969 3342 4015 ;
3365 3953 3573 4024 linguis

1984 4049 2101 4102 suis
2145 4046 2334 4101 dolose
2379 4045 2648 4116 agebant,
2693 4045 2880 4116 judica
2932 4044 3078 4108 illos,
3125 4044 3271 4098 Deus
3309 4043 3391 4109 ²³;
3439 4042 3570 4111 quia

1983 4153 2258 4192 venenum
2311 4136 2566 4207 aspidum
2613 4137 2718 4191 sub
2762 4135 2926 4192 labiis
2976 4150 3170 4190 eorum
3211 4135 3256 4164 ”
3307 4142 3568 4188 :etenun

1983 4229 2278 4284 adversum
2337 4243 2424 4284 me
2481 4227 2849 4284 susurrabant
2902 4242 3098 4282 omnes
3161 4225 3371 4280 inimici
3425 4224 3566 4286 mei.

1983 4321 2278 4377 adversum
2323 4336 2410 4376 me
2439 4320 2756 4391 cogitabant
2800 4319 2942 4374 mala
2989 4317 3146 4373 mihi.
3180 4318 3424 4372 Verbum
3467 4315 3590 4372 ini-.-.

1983 4430 2153 4485 quum
2197 4413 2610 4468 constituerunt
2653 4411 2949 4466 adversum
3005 4425 3094 4466 me
3134 4410 3202 4464 ’⁸.
3251 4429 3269 4460 ι
3311 4407 3419 4464 Sed
3457 4416 3517 4463 et
3553 4427 3598 4462 :.

1991 4525 2010 4558 ι
2043 4504 2348 4560 lnduantnr
2381 4503 2479 4573 qui
2503 4502 2807 4556 detrahunt
2848 4502 3004 4566 mihi,
3039 4501 3256 4571 pudore
3285 4501 3352 4552 ²⁶.
3387 4519 3404 4551 ι
3441 4498 3510 4553 Et
3545 4517 3589 4553 :-

1991 4615 2009 4647 ι
2045 4596 2352 4651 lnduantnr
2398 4594 2544 4649 sicut
2573 4593 2841 4674 .diploide
2885 4593 3208 4649 confusione
3249 4592 3436 4656 sua“,
3472 4605 3572 4660 qn:

1983 4687 2177 4742 dicunt
2211 4687 2370 4752 mihi,
2415 4668 2592 4757 Euge,
2621 4668 2761 4757 euge
2787 4686 2854 4740 ’⁸.
2899 4705 2916 4735 ι
2951 4685 3182 4756 Sibique
3210 4690 3585 4754 apprecatur,.

1983 4780 2219 4836 dicens:
2259 4799 2278 4832 ι
2310 4779 2572 4844 Domine,
2612 4779 2789 4834 libera
2833 4777 3071 4832 animam
3114 4792 3294 4832 meam
3337 4791 3367 4830 a
3407 4775 3576 4829 labiis

1984 4873 2190 4944 iniquis
2209 4883 2267 4929 et
2297 4889 2326 4928 a
2347 4873 2533 4944 lingua
2563 4871 2753 4927 dolosa
2778 4873 2843 4926 υ.
2881 4889 2901 4923 ι
2937 4870 3043 4926 Sed
3069 4879 3126 4925 et
3152 4869 3424 4938 meipsnm
3451 4885 3469 4916 ι
3500 4867 3586 4924 ab-

293 4961 392 5016 καὶ
433 4959 546 5033 ζωὴ
579 4961 637 5017 ὲν
667 4964 812 5036 χειρὶ
859 4963 1116 5047 γλώσσης
1146 4983 1161 4996 ο
1212 4967 1260 5019 οἱ
1311 4967 1383 5050 δὲ,
1426 4967 1754 5038 κρατοῦντες
1777 4969 1878 5022 αύ-

1987 4965 2222 5020 oecultis
2254 4965 2393 5020 meis
2427 4963 2633 5019 munda
2665 4979 2774 5026 me,
2807 4973 2865 5019 et
2893 4963 2961 5016 ab
2992 4961 3189 5018 alienis
3216 4975 3380 5027 parce
3410 4973 3592 5015 servon»

288 5051 418 5122 τῆς.
457 5051 667 5107 ἔδονται
733 5055 862 5118 τοὺς
915 5056 1165 5128 καρποὺς
1241 5056 1430 5126 αὐτῆς.
1460 5077 1480 5108 ι
1545 5059 1656 5111 Καὶ
1706 5061 1734 5112 6
1774 5059 1875 5114 Ἰάο

293 5141 476 5205 κωὸος
502 5159 516 5174 ·
555 5164 572 5196 ι
597 5145 665 5199 Εἴ
699 5163 783 5208 τις
823 5146 972 5222 δρκεῖ
1003 5146 1241 5216 θρῆσκος
1265 5142 1424 5210 εἶναι,
1457 5149 1532 5219 μὴ
1571 5149 1878 5220 χαλιναγωο

295 5232 410 5302 γῶν
447 5235 702 5304 γλῶσσαν
748 5237 938 5298 αὐτοῦ,
975 5238 1092 5292 ἀλλ’
1134 5237 1358 5292 ἀπατῶν
1407 5241 1634 5309 καρδίαν
1685 5243 1876 5302 αὑτοῦ.

1986 5067 2109 5120 ιυο,
2165 5067 2226 5112 ιιι
2276 5057 2663 5112 immaculatus
2707 5054 2914 5111 elﬁciar
2946 5055 3012 5110 '°.
3061 5073 3080 5106 ι
3129 5053 3296 5110 Jubet
3348 5065 3580 5122 quoque

1979 5148 2368 5204 Paroemiastes
2402 5166 2416 5204 :
2465 5168 2485 5200 ι
2519 5148 2600 5202 Ne
2634 5147 2851 5203 voceris
2888 5162 3140 5210 susurro,
3168 5153 3227 5199 et
3256 5144 3444 5214 lingua
3479 5150 3576 5197 tua

1981 5259 2050 5296 ne
2082 5241 2170 5296 cui
2219 5241 2464 5296 rnoliaris
2497 5239 2760 5305 insidias;
2784 5241 2825 5271 "
2863 5254 3016 5293 suam
3057 5237 3206 5291 enim
3233 5235 3410 5306 ipsius
3447 5233 3571 5288 ani-

294 5326 490 5380 τούτου
537 5328 768 5398 μάταιος
814 5331 846 5400 ἡ
895 5329 1198 5400 θρησκεία⁹
1229 5348 1250 5378 ι
1286 5332 1396 5384 Καὶ
1424 5331 1620 5399 ἑτεάγει
1645 5349 1656 5361 ·
1687 5353 1705 5385 ι
1751 5334 1878 5387 'lSo-‘J

1984 5352 2125 5388 mam
2179 5333 2432 5401 inquinat
2477 5347 2706 5387 susurro
2735 5333 2809 5395 ³³;
2852 5333 2938 5386 vir
2967 5331 3115 5386 enim
3166 5326 3575 5382 incontinentis

294 5418 486 5489 ⁴ᾗλίκον
518 5420 628 5490 πῦρ
663 5421 857 5491 ἡλίκην
897 5421 1028 5489 ὓλην
1058 5423 1312 5476 ἀνάπτει.
1340 5441 1356 5472 ι
1390 5423 1497 5475 Καί
1525 5442 1536 5453 ·
1564 5442 1582 5472 ι
1621 5425 1679 5476 ’ll
1707 5425 1878 5491 γλῶτ-

1984 5425 2180 5494 lingne
2213 5431 2333 5474 ruet
2371 5421 2421 5474 in
2457 5423 2595 5474 mala
2628 5422 2692 5474 ³³.
2735 5441 2751 5471 ι
2796 5422 3033 5476 Rursum
3071 5437 3084 5472 :
3125 5437 3142 5468 ι
3183 5417 3335 5471 Mors-1
3371 5425 3418 5469 (τί
3463 5419 3574 5469 vita

297 5525 367 5561 σα
426 5509 558 5582 πῦρ,
616 5513 644 5565 6
691 5513 898 5582 κόσμος
952 5515 1048 5581 τῆς
1103 5512 1338 5576 ἀδικίας.
1371 5535 1517 5565 ιιι-ε
1554 5516 1620 5568 ’Π
1659 5517 1878 5584 γλῶσσα

1987 5517 2040 5569 in
2071 5531 2232 5567 manu
2257 5515 2488 5578 lingu-.e;
2517 5512 2609 5580 qui
2632 5523 2815 5566 autem
2843 5513 3203 5565 (lmninantur
3226 5514 3368 5579 eius,
3395 5525 3602 5560 currv-—

377 5633 423 5664 ⁸³
451 5609 638 5683 Matth.
673 5646 768 5692 xu,
796 5631 887 5682 ‘21.
968 5631 1010 5660 ¹³
1043 5631 1178 5696 Lege.
1215 5629 1492 5683 (levia-61th
1525 5669 1539 5692 ,
1607 5630 1810 5682 idolum
1850 5646 2060 5682 muxm'.
2143 5631 2185 5659 ’ἰ
2224 5630 2358 5683 ibid.
2391 5630 2480 5686 9.7.
2513 5631 2601 5684 ‘28.
2686 5630 2728 5658 “‘
2765 5631 2930 5684 l'lmil.
2973 5648 3060 5688 xx.
3102 5629 3132 5680 ’ἲ
3164 5645 3178 5695 ;
3233 5628 3406 5682 Lavit.
3445 5644 3578 5691 ικ..

311 5700 395 5753 l3.
480 5701 521 5730 ’⁸⁵
553 5700 694 5752 Ere-li
757 5717 918 5754 XU'III
982 5702 1059 5752 lii.
1143 5704 1180 5731 ‘7
1221 5707 1288 5752 lll.’
1317 5713 1347 5751 ι.
1387 5704 1475 5750 τι).
1558 5702 1597 5729 ’³
1627 5703 1696 5750 ibi
1725 5703 1760 5750 ι.
1795 5705 1878 5756 2|.

1980 5703 2008 5728 ’τ’
2048 5701 2176 5751 ιΙιὶιΙ.
2214 5702 2302 5752 ξὶῖ.
2385 5703 2426 5730 ’θ
2467 5701 2578 5752 lmo
2606 5699 2718 5752 .lvr.
2755 5717 2976 5753 \uvm.
3010 5703 3098 5752 ξιξ.
3181 5705 3214 5732 ³¹
3248 5698 3360 5754 Jur.
3398 5715 3472 5752 tv.
3506 5699 3560 5750 8.

307 5775 354 5802 ’⁷⁸
391 5771 527 5822 P-al.
591 5785 775 5824 .‘uvnt,
834 5771 918 5820 li.
1001 5774 1042 5801 “
1080 5773 1217 5824 l‘~al.
1275 5787 1324 5824 γ.
1368 5772 1445 5822 ll.
1526 5773 1568 5799 τ’
1612 5772 1674 5820 l's
1719 5773 1752 5818 Ι.
1793 5787 1844 5821 Vl

2082 5772 2126 5801 ²⁵
2163 5772 2275 5821 [κει
2359 5787 2445 5825 τι..
2503 5773 2553 5824 8,
2606 5770 2657 5821 9.
2738 5773 2782 5798 ²⁶
2812 5771 2950 5822 l'snl.
2983 5787 3145 5841 fuit.
3181 5773 3270 5821 ΥΞ).
3349 5769 3396 5799 ³⁷
3429 5769 3561 5818 ιΙιίιί.

306 5841 352 5871 ’⁸
391 5840 509 5893 l’~.a|
565 5855 623 5889 ιι
657 5856 705 5894 ς,
747 5841 790 5892 ί.
871 5844 913 5870 ³⁹
951 5839 1088 5892 l'snl.
1123 5857 1265 5900 (:xtx,
1306 5842 1338 5891 τὶ
1437 5841 1485 5870 ³⁰
1521 5843 1634 5893 ἱ’›.1
1692 5858 1815 5892 mn

2009 5841 2087 5892 li.
2167 5841 2208 5879 -""
2250 5841 2413 5892 licvit.
2453 5857 2497 5890 \'.
2545 5842 2624 5892 lli.
2705 5843 2749 5870 ³³
2791 5842 2954 5893 Ιιςυιι.
2984 5839 3105 5901 tut,
3145 5845 3232 5892 ῗιι.
3315 5839 3358 5868 ³³
3394 5839 3578 5890 Ιίωίί..

285 5926 495 5966 unum.
539 5910 616 5962 lii.
2217 5925 2220 5929 '
