4016 6446
538 451 673 519 1535
733 438 750 457 ’

1810 453 2178 513 ANTIOCHI
2220 453 2568 516 MONACHI

3657 452 3766 521 1535

531 565 667 622 dent
702 561 920 620 fructus
949 565 1071 636 ejus
1094 561 1158 618 ".
1197 583 1214 616 ι
1242 562 1481 620 Iacobus
1525 577 1540 618 :
1581 581 1598 614 ι
1632 561 1686 617 Si
1737 563 1862 633 quis
1902 563 2125 618 videtur

2240 565 2556 618 καθίσταται
2605 566 2662 618 ἐν
2715 565 2827 628 τοῖς
2877 564 3094 634 μέλεσιν
3122 563 3300 634 ἡμῶν,
3327 565 3362 632 ἡ
3394 564 3652 621 σπιλοῦσα
3675 571 3770 624 ὅλον

533 658 827 728 religiosus
867 671 1013 722 esse,
1044 671 1158 712 non
1198 655 1500 712 refraenans
1533 657 1774 728 linguam
1803 672 1984 722 suam,
2021 657 2120 712 sed

534 747 810 804 seduceus
863 762 960 803 cor
1009 763 1194 813 suum,
1239 747 1406 819 huius
1458 763 1597 802 vana
1645 758 1730 803 est
1783 747 1975 818 religio
1998 748 2064 804 ⁸⁸.
2100 769 2119 802 ι

535 841 756 896 lnducit
801 857 815 894 :
866 859 884 893 ι
934 841 1078 895 Ecce
1125 849 1367 919 quantus
1417 841 1590 911 ignis,
1644 855 1810 910 quam
1869 857 2122 912 magnam

537 931 731 986 silvam
765 931 1016 986 incendit
1039 932 1117 987 “l
1157 953 1173 984 ι
1207 932 1276 987 Et
1306 951 1317 986 :
1352 952 1369 984 ι
1398 933 1610 1004 Lingua
1644 935 1808 1004 ignis,
1844 933 2124 990 universi-

539 1031 624 1077 tas
675 1023 988 1092 iniquitatis
1027 1023 1094 1076 ³⁷.
1147 1041 1166 1076 ι
1208 1023 1320 1078 Et:
1365 1041 1382 1075 ι
1419 1023 1628 1095 Lingua
1673 1025 2034 1080 constituitur
2067 1027 2124 1082 in

541 1114 807 1170 membris
857 1114 1096 1182 nostris,
1143 1130 1266 1184 qua:
1309 1117 1546 1172 maculat
1591 1125 1769 1171 totum
1812 1131 2035 1187 corpus,
2070 1127 2128 1175 et

542 1205 846 1260 inﬂammat
878 1215 1053 1261 rotam
1087 1208 1392 1262 nativitatis
1421 1216 1624 1264 nostra:
1645 1209 1706 1260 ³⁸.
1753 1229 1771 1260 ι
1807 1209 2008 1278 Liquet
2026 1226 2125 1280 per

541 1296 651 1352 hoc
681 1297 911 1368 intelligi
937 1299 1286 1368 temporaria:
1319 1299 1476 1354 istius
1509 1301 1633 1356 vitae
1666 1309 1965 1363 momenta,
1999 1301 2125 1371 qui-

543 1385 650 1442 bus
684 1388 800 1458 ipsa
839 1404 1056 1444 sursum
1089 1389 1348 1445 deorsum
1390 1393 1758 1462 provolvitur.
1796 1393 1936 1460 Quid
1975 1394 2127 1449 enim

544 1477 789 1532 hominis
821 1480 935 1534 vita
983 1481 1132 1536 aliud
1178 1498 1342 1552 quam
1381 1493 1501 1538 rota
1532 1499 1654 1554 quae
1685 1485 1902 1555 perpeti
1945 1476 2127 1541 Fotatu

543 1570 842 1624 versatur?
869 1570 977 1626 Sed
1025 1581 1083 1628 et
1131 1574 1323 1629 eadem
1376 1573 1748 1630 inﬂammatur
1779 1593 1811 1632 a
1851 1577 2124 1648 gehenna.

546 1661 1001 1719 Susurrationem
1061 1664 1284 1735 itaque,
1358 1665 1594 1731 fratres,
1655 1683 1820 1737 quam
1889 1669 2128 1724 maxime

545 1750 846 1823 fugiamus,
871 1763 932 1808 ut
950 1770 1020 1810 ne
1042 1770 1142 1810 nos
1170 1756 1494 1810 ammnitate
1517 1757 1697 1826 privet
1719 1757 1980 1827 paradisi,
2003 1772 2131 1814 nos-

548 1857 658 1913 que
707 1845 1047 1900 transmittat
1103 1846 1158 1900 in
1216 1847 1529 1916 gehennam
1591 1848 1752 1919 ignis.
1813 1848 1927 1903 Suo
1977 1849 2126 1903 enim

2225 656 2286 710 τὸ
2339 657 2521 728 σῶμα,
2563 658 2656 710 καὶ
2715 654 3048 724 φλογίζουσα
3097 655 3188 709 τὸν
3238 655 3436 725 τροχὸν
3480 656 3579 726 τῆς
3621 665 3774 732 τεννή.

2229 765 2386 811 σεως.
2419 768 2438 800 ι
2473 748 2712 819 Εὔδηλον
2755 750 2838 802 ὅτι
2873 748 2966 801 τὸν
2999 748 3194 818 χρόνον
3223 748 3320 816 τῆς
3354 746 3506 816 ζωῆς
3529 749 3697 819 ἡμῶν.
3729 753 3774 808 '0

2226 841 2338 912 γὰρ
2385 841 2498 912 βίος
2527 840 2621 894 τοῦ
2675 841 2992 912 ἀνθρώπου,
3024 840 3220 911 τροχὸς
3254 841 3497 911 ὑπάρχει
3525 844 3793 927 amne...

2231 951 2416 1003 μενος,
2446 935 2542 988 καὶ
2586 933 2977 1003 φλογιζὸμενος
3000 933 3108 987 ὑπὸ
3133 934 3234 1004 τῆς
3266 935 3510 1002 γεέννης.
3535 934 3608 988 Φύ
3626 952 3771 1007 ιωμεν

2227 1021 2342 1088 οὖν,
2407 1026 2664 1095 ἀδελφοὶ,
2719 1027 2810 1079 τὸν
2859 1025 3227 1097 ψιθυρισμὸν,
3277 1027 3365 1080 ἵνα
3429 1028 3504 1096 μὴ
3574 1032 3778 1103 στερήσῃ

2229 1119 2378 1188 ἡμᾶς
2419 1119 2512 1172 τοῦ
2537 1117 2895 1189 παραδείσου,
2922 1118 3019 1171 καὶ
3048 1118 3400 1189 παραπέμψῃ
3426 1121 3508 1171 ei:
3545 1119 3638 1190 τὴν
3656 1123 3783 1189 γέεν.

2229 1226 2328 1262 ναν
2359 1207 2456 1260 τοῦ
2489 1210 2685 1280 πυρός.
2714 1207 3025 1277 Ψιθυρίσας
3045 1208 3154 1278 γὰρ
3195 1211 3224 1261 ὁ
3255 1209 3406 1278 ὄφις,
3445 1206 3783 1276 ἑξέῦαλεντῆν

2229 1298 2378 1351 Εὕαν
2420 1300 2487 1352 ἐκ
2516 1299 2614 1350 τοῦ
2658 1299 2993 1366 παραδείσου
3018 1313 3032 1326 ⁸
3065 1297 3250 1368 καθώς
3279 1314 3366 1359 τις
3400 1297 3578 1364 Σοφδς
3618 1303 3782 1368 φησίνο

2237 1404 2260 1436 r
2280 1386 2568 1456 Μακάριος
2607 1385 2666 1448 ὃς
2711 1387 2770 1438 ἐν
2795 1385 3016 1456 γλώσσῃ
3041 1387 3140 1439 οὐκ
3169 1367 3481 1457 ὀὶίίσθησεν.
3510 1407 3529 1438 ι
3567 1367 3682 1441 Καὶν
3701 1391 3784 1444 πά-

2228 1475 2314 1529 λιν
2341 1493 2353 1506 ο
2391 1494 2410 1526 ι
2439 1475 2724 1542 Μακάριος
2749 1475 2776 1526 ὁ
2809 1475 3140 1539 σκεπασθεὶς
3164 1476 3273 1530 ἀπὸ
3309 1475 3616 1547 προσώπου
3645 1477 3788 1544 γλώσο

2233 1581 2332 1635 σης
2359 1581 2373 1596 ο
2397 1585 2415 1617 ι
2444 1566 2551 1620 Καί
2570 1581 2582 1596 ⁶
2618 1585 2637 1617 ι
2676 1565 2980 1636 Ὀλίσθημα
3005 1567 3114 1620 ἀπὸ
3142 1568 3376 1635 ἐδάφους
3409 1567 3614 1637 μᾶλλον
3648 1571 3678 1639 ἢ
3705 1570 3786 1623 ἀπὺ

2231 1655 2504 1725 γλώσσης.
2534 1677 2554 1708 ι
2584 1657 2694 1711 Καὶ
2719 1659 2750 1708 ὁ
2801 1658 3015 1721 Παῦλος
3047 1675 3059 1686 ·
3111 1679 3128 1708 ι
3158 1659 3373 1728 Μὴπως
3397 1661 3459 1711 ἐν
3504 1660 3632 1729 ὑμῖν
3653 1660 3786 1728 ἕρεις,

2233 1746 2418 1818 ζῆλος,
2437 1745 2619 1818 eum
2663 1749 2920 1818 ὲριθεῖαι,
2955 1749 3050 1802 καὶ
3078 1749 3434 1808 καταλαλιαί,
3476 1749 3785 1821 (laborarint.

2236 1839 2552 1908 φυσιώσεις,
2591 1859 2609 1893 ι
2649 1841 2742 1894 καὶ
2773 1841 2842 1896 τὰ
2867 1842 3015 1910 ἑξῆς.
3051 1843 3109 1896 '0
3132 1843 3190 1895 δὲ
3225 1843 3432 1916 Κύριός
3462 1859 3624 1912 φησιν
3647 1859 3660 1874 ο
3699 1859 3714 1894 ι
3745 1843 3786 1894 '0

549 1908 805 1990 susurrio
835 1951 1066 2006 serpens
1111 1938 1202 1993 ille
1232 1939 1400 1993 Evam
1447 1908 1850 2008 tranquillitate
1893 1939 2134 1995 exclusit

2240 1935 2441 2004 ἀγαθδς
2464 1935 2560 1990 ἄνθ
2571 1953 2752 2006 ρωπος
2779 1939 2843 1989 ὲκ
2865 1908 2960 1990 tofi
2986 1935 3193 2004 ἀγαθοῦ
3237 1908 3536 2007 θησαυροῦ⁷
3554 1935 3650 2006 τῆς
3670 1952 3788 2004 καρ-

548 2026 814 2096 paradisi.
853 2027 932 2082 Ad
949 2044 1069 2084 eam
1094 2028 1388 2084 formulam
1412 2029 1634 2100 quidam
1673 2030 1935 2101 Sapiens:
1957 2050 1974 2081 ι
1999 2031 2138 2086 Bea-

547 2121 642 2171 tus
659 2116 754 2186 qui
779 2132 890 2172 non
911 2127 996 2173 est
1017 2119 1204 2188 lapsus
1235 2119 1420 2190 lingua
1444 2121 1508 2174 ³⁹.
1551 2139 1568 2171 ι
1603 2121 1711 2176 Et:
1753 2140 1770 2172 ι
1808 2121 2010 2177 Beatus
2039 2121 2136 2192 qui

548 2217 837 2280 protectus
863 2219 950 2265 est
977 2227 1004 2266 a
1049 2211 1190 2267 facie
1232 2212 1435 2281 linguae
1457 2214 1523 2267 ‘°.
1553 2233 1572 2266 ι
1603 2213 1669 2266 Et
1703 2231 1715 2266 :
1761 2232 1778 2264 ι
1813 2213 1872 2268 1η
1903 2213 2134 2269 humum

547 2298 659 2354 labi
705 2311 956 2370 prmstat,
1003 2319 1167 2372 quam
1217 2319 1248 2358 a
1291 2303 1497 2369 lingua.
1547 2323 1566 2356 ›
1604 2303 1808 2360 Paulus
1853 2306 2131 2375 proinde:

556 2409 577 2442 ι
613 2391 694 2447 Ne
733 2392 876 2448 forte
913 2393 1058 2448 inter
1093 2410 1192 2450 vos
1235 2396 1349 2451 sint
1381 2395 1790 2459 contentiones,
1823 2397 2133 2453 aemulatio-

2236 2029 2358 2092 δίας
2406 2029 2572 2082 αὐτοῦ
2618 2029 2919 2098 προσφέρει
2950 2029 3009 2082 τὸ
3035 2027 3242 2096 ἀγαθόν
3264 2043 3280 2058 '
3305 2030 3333 2080 ὁ
3359 2027 3425 2080 δὲ
3453 2027 3687 2097 πονηρδς
3721 2029 3789 2082 Ev-

2237 2119 2458 2190 θρωπος
2503 2122 2569 2174 ἐκ
2616 2119 2711 2174 τοῦ
2777 2117 3018 2190 πονηροῦ
3077 2119 3178 2188 τῆς
3227 2119 3468 2186 καρδίας
3517 2119 3678 2172 αὖτοῦ
3721 2121 3789 2172 ὲκ-

2235 2214 2425 2269 sanat
2453 2215 2520 2268 τὰ
2560 2216 2796 2285 πονηρά.
2843 2214 2937 2266 Ἐκ
2965 2212 3074 2284 γὰρ
3103 2213 3198 2266 τοῦ
3247 2211 3694 2282 περισσεύματος
3715 2211 3790 2278 τῆς

2233 2307 2467 2378 καρδίας
2510 2307 2572 2362 τὸ
2620 2309 2795 2377 στόμα
2827 2305 3026 2361 ιλαλεί.
3053 2325 3072 2358 ι
3111 2307 3272 2376 Αὐτῷ
3317 2309 3351 2377 ἡ
3407 2306 3538 2370 δόξα
3585 2307 3660 2366 εἰς
3692 2303 3790 2364 τοὺς

2233 2400 2456 2464 αἰῶνας.
2503 2400 2698 2471 Ἀμήν.

548 2503 682 2546 nes.
759 2490 1164 2554 animositates,
1235 2491 1646 2556 dissensiones,
1721 2491 2130 2558 detractiones.
2173 2495 2960 2561 susurrationes“inﬂationes
3025 2496 3116 2562 “;’
3151 2515 3170 2548 ι
3243 2504 3301 2551 et
3343 2511 3474 2567 qua:
3513 2493 3696 2550 ordine
3721 2509 3786 2547 sc-

549 2590 820 2652 quuntur.
868 2583 1136 2639 Dominus
1181 2599 1348 2654 porro
1379 2584 1498 2640 ait:
1565 2602 1585 2636 ι
1655 2585 1840 2641 Bonus
1887 2588 2052 2642 homo
2103 2587 2174 2644 de
2211 2588 2360 2644 bono
2415 2589 2676 2644 thesauro
2733 2589 2919 2645 cordis
2979 2590 3063 2644 sui
3113 2589 3330 2660 profert
3365 2589 3597 2652 bonum,
3645 2585 3790 2639 malus

549 2683 733 2730 autem
771 2675 940 2730 homo
991 2672 1061 2731 de
1102 2677 1248 2730 malo
1301 2677 1560 2732 thesauro
1615 2677 1768 2749 ejicit
1818 2679 1992 2745 mala;
2036 2695 2104 2736 ex
2143 2681 2483 2738 abundantia
2529 2682 2678 2738 enim
2717 2682 2906 2738 cordis
2973 2698 3036 2738 os
3091 2681 3344 2754 loquitur
3370 2682 3439 2736 δ’.
3477 2699 3498 2733 ›
3526 2677 3786 2734 Immortali

552 2768 668 2824 Deo
699 2769 770 2824 sit
793 2769 966 2840 gloria
990 2771 1046 2824 in
1069 2770 1289 2826 saecula.
1322 2773 1516 2826 Amen.

965 2907 1179 2977 1080
1219 2906 1502 2963 IIOMILIA
1533 2907 1726 2962 XXXI.

561 3015 703 3074 Utne
719 3015 928 3072 delator
943 3017 1196 3074 eaerulus
1207 3023 1300 3084 sis,
1313 3029 1406 3074 aut
1421 3021 1756 3090 importunus
1774 3023 2138 3092 reprehensor.

625 3151 706 3209 Ne
725 3152 1041 3224 quempiam
1068 3155 1286 3211 incuses
1307 3164 1402 3210 aut
1419 3155 1634 3212 deferas
1655 3156 2140 3226 intempestiviter,

2843 2910 3063 2964 ΛΟΓΟΣ
3091 2911 3130 2963 Δ
3139 2911 3195 2963 Α⁹

2625 3019 2766 3088 Περὶ
2802 3020 2908 3074 τοῦ
2942 3019 3030 3090 μὴ
3067 3019 3440 3090 μέμφεσθαι.

2311 3151 2384 3205 Τὸ
2417 3150 2735 3221 μέμφεσθαι
2765 3151 3011 3223 ἀκαίρως
3039 3153 3134 3206 καὶ
3161 3153 3542 3218 ἀνεξετάστως
3563 3192 3577 3214 ,
3609 3148 3783 3221 ἁπηγὸσ

557 3259 666 3300 neu
705 3245 774 3300 de
803 3261 864 3300 re
903 3247 1014 3300 ulla
1051 3246 1374 3316 dequeraris
1405 3264 1516 3303 non
1558 3250 1692 3304 satis
1722 3265 1882 3320 zequo
1919 3251 2136 3305 exami-

2246 3261 2432 3316 ρευται
2473 3243 2622 3314 παρ-ἰ
2657 3247 2724 3316 τῇ
2765 3243 2884 3316 θείᾳ
2930 3245 3144 3314 Γραφῇ,
3203 3245 3250 3297 εἰ
3290 3247 3550 3314 μήπουγε
3607 3243 3701 3314 ἄρα
3719 3257 3783 3301 τις

561 3351 633 3392 ne
665 3353 958 3408 perpensa,
981 3339 1279 3395 interdicto
1317 3340 1604 3412 Scriptura
1635 3343 1800 3408 cavit,
1844 3344 1952 3398 nisi
1994 3342 2138 3399 forte

557 3429 607 3484 si
641 3429 764 3498 quis
807 3431 1074 3485 adversus
1108 3433 1422 3501 proximum
1467 3435 1814 3504 querimonia
1845 3435 1926 3490 uti
1963 3437 2135 3503 volet,

561 3526 624 3573 ut
673 3519 720 3574 is
754 3519 822 3574 ad
864 3521 966 3575 viae
1004 3522 1393 3578 rectitudinem
1427 3539 1486 3579 se
1530 3525 1795 3594 recipiat.
1837 3523 1941 3592 Qui
1989 3525 2138 3580 enim

560 3611 658 3666 Dei
694 3611 828 3665 illud
855 3611 1172 3667 mandatum
1221 3623 1510 3670 reveretur
1551 3617 1697 3686 quod
1729 3626 1814 3672 est
1849 3636 1862 3672 :
1910 3637 1928 3669 ι
1957 3619 2139 3675 Nolite

561 3703 959 3768 condemnare,
1002 3713 1064 3760 ut
1094 3721 1164 3760 ne
1215 3705 1660 3762 condemnemini
1692 3709 1758 3773 ",
1790 3727 1808 3760 ι
1855 3724 1984 3764 suos
2023 3711 2139 3780 ipse

559 3795 813 3852 defectus
861 3813 970 3852 non
1025 3799 1328 3853 oscitanter
1386 3800 1674 3870 perspicit.
1711 3801 1815 3856 Vix
1868 3802 2141 3858 credibile

561 3902 728 3958 quam
757 3887 830 3944 sit
852 3887 1058 3942 homini
1089 3889 1572 3955 detrimentosum,
1591 3900 1698 3945 tam
1721 3899 1994 3946 attentum
2019 3907 2144 3948 esse

559 3990 620 4038 et
647 3982 883 4038 alacrem
916 3983 984 4038 ad
1014 3983 1250 4038 aliorum
1277 3982 1594 4039 contuenda
1621 3993 1788 4048 atque
1821 3984 2142 4054 expenden-

561 4073 630 4129 da
666 4084 869 4138 errata,
893 4075 1011 4130 suis
1036 4074 1256 4130 interim
1289 4075 1494 4130 debitis
1533 4090 1632 4145 per
1664 4075 2013 4131 oscitantiam
2042 4091 2140 4133 ne-

563 4168 778 4240 glectis.
815 4169 953 4223 Dum
1001 4168 1152 4224 enim
1200 4177 1308 4224 tam
1359 4185 1420 4224 es
1465 4169 1703 4223 aliorum
1743 4169 2144 4240 deprehensor,

562 4261 832 4331 querulus
858 4269 954 4315 aut
983 4261 1222 4325 delator,
1275 4261 1419 4315 nihil
1449 4260 1636 4316 dubiis
1667 4263 2016 4332 argumentis
2067 4273 2150 4320 tc—

561 4351 746 4422 ipsum
773 4352 1021 4407 declaras
1059 4352 1396 4423 inculpatum
1442 4367 1561 4408 esse
1593 4361 1652 4409 et
1680 4353 2147 4424 irreprehensibi-

565 4443 696 4497 lem.
725 4443 902 4505 Hunc,
922 4443 1175 4512 quisquis
1189 4444 1460 4506 ejusmodi
1478 4451 1583 4506 est,
1599 4443 1973 4501 infensissime
1992 4461 2150 4500 aver-

563 4547 721 4590 satur
744 4534 910 4597 Deus,
943 4543 999 4589 et
1028 4551 1058 4590 a
1089 4551 1147 4590 se
1171 4535 1388 4605 repellit
1415 4551 1580 4606 quam
1613 4535 1954 4608 longissime.
1984 4537 2143 4604 Quod

2245 3334 2381 3405 πρὸς
2423 3334 2802 3405 ἐπανόρθωσιν
2835 3333 2930 3388 τοῦ
2957 3335 3284 3398 ὲπταικότος
3326 3334 3400 3388 δι’
3444 3334 3657 3404 ἀγάπην
3687 3330 3783 3402 βού-

2241 3428 2386 3484 λοιτο
2425 3429 2650 3502 τοιαύτῃ
2682 3429 2888 3500 μέμψει
2916 3431 3054 3504 πρὸς
3097 3431 3190 3484 τὸν
3214 3430 3449 3502 πλησίον
3487 3427 3780 3500 χρήσασθαι.

2259 3520 2315 3572 '0
2347 3520 2457 3592 γὰρ
2480 3518 2668 3584 δεδιὼς
2699 3520 2934 3589 μάλιστα
2971 3519 3073 3590 τὴν
3102 3519 3321 3589 ἐντολὴν
3349 3519 3446 3574 τοῦ
3470 3519 3683 3588 Κυρίου,
3709 3515 3784 3585 τὴν

2241 3611 2513 3681 λέγουσαν
2550 3629 2564 3644 ⁸
2615 3632 2634 3665 r
2673 3613 2763 3684 Μὴ
2805 3613 3236 3676 καταδικάσετε,
3273 3613 3366 3666 ἵνα
3405 3613 3479 3682 μὴ
3533 3609 3782 3664 καταδικα-

2247 3703 2447 3774 σθῆτε,
2508 3724 2527 3757 ι
2577 3705 2646 3758 τὰ
2705 3703 2902 3758 ἑαυτοῦ
2946 3703 3308 3774 ἐλαττώματα
3346 3705 3452 3776 ὁρᾷ
3487 3702 3580 3757 καὶ
3620 3703 3678 3754 τὰ
3711 3697 3780 3752 τοῦ

2246 3797 2474 3866 πλησίον
2503 3798 2743 3870 παρορᾷ.
2793 3797 3118 3860 Ἐπιϐλαϐὲς
3161 3797 3274 3867 γὰρ
3297 3795 3572 3866 ἀνθρώπῳ
3597 3791 3780 3847 καταλιο

2247 3891 2370 3942 πεῖν
2395 3889 2464 3943 τὰ
2497 3889 2688 3944 ἑαυτοῦ
2737 3887 3028 3958 ὀφλήματα
3049 3928 3065 3954 ,
3101 3889 3192 3942 καὶ
3231 3889 3523 3959 προσέχειν
3573 3885 3778 3952 ἀλλότρια

2248 3965 2628 4050 ὲλαετώματα.
2661 3980 2734 4033 Τὸ
2761 3981 2870 4050 γὰρ
2901 3979 3093 4044 ἄλλους
3130 3979 3468 4048 μέμφεσθαι,
3497 3974 3646 4048 δῆλόν
3669 3975 3778 4027 ἐστιν

2247 4073 2330 4128 ὅτι
2357 4073 2550 4126 ἑαυτὸν
2575 4073 2865 4144 ἄμεμπτον
2897 4073 3301 4127 ἀποδείκνυσιν.
3338 4071 3504 4125 Ὅθεν
3530 4069 3615 4122 τὸν
3645 4062 3778 4118 τοιοῦ-

2247 4181 2339 4218 τον
2379 4165 2407 4217 ὁ
2446 4163 2578 4228 θεὸς
2621 4165 2792 4236 ἄρδην
2839 4163 3266 4234 ἀποστρέφεται.
3320 4161 3388 4216 Ei.
3427 4162 3482 4216 δὲ
3521 4159 3610 4213 καὶ
3641 4153 3776 4223 ante;

2249 4259 2542 4330 ἐπέρχεταί
2572 4277 2653 4311 σοι
2684 4259 2870 4311 ἕνεκεν
2901 4256 2996 4310 τοῦ
3038 4257 3288 4326 πλησίον,
3332 4255 3615 4319 κατάδεξαι
3645 4247 3774 4312 αὐτὴν

2249 4353 2326 4416 ὡς
2360 4353 2457 4421 σὴν
2483 4395 2497 4416 ,
2532 4353 2627 4404 καὶ
2669 4351 2770 4404 οὐκ
2817 4349 3127 4420 ἀλλοτρίαν).
3161 4351 3224 4403 Ei
3257 4350 3314 4403 δὲ
3367 4347 3648 4415 ἀντιτάσςῃ
3688 4339 3770 4396 ταῖς

2253 4443 2606 4513 σκυθρωπαῖς
2656 4443 2968 4510 ἐπιφοραῖς,
3004 4441 3096 4492 καὶ
3142 4439 3336 4503 ἄλλους
3377 4439 3595 4508 μέμφῃ,
3623 4431 3685 4491 ὡς
3701 4425 3771 4479 οὐκ

2253 4531 2422 4596 οἶδας,
2456 4536 2522 4605 τῇ
2557 4534 2806 4586 κελεύσει
2843 4532 2939 4586 τοῦ
2975 4531 3109 4586 Θεοῦ
3141 4533 3437 4602 ἀντιμάχῃ.
3484 4527 3598 4582 ‘an
3623 4523 3668 4577 δὲ
3700 4535 3768 4570 κα·

563 4625 611 4682 si
653 4624 936 4695 quidpiam
985 4633 1037 4681 te
1081 4626 1362 4681 adorietur
1405 4625 1649 4682 adversae
1691 4627 2076 4682 tribulationis
2117 4645 2137 4684 ε

2253 4624 2448 4697 ταδέξῃ
2475 4667 2490 4689 ,
2522 4623 2680 4692 δῆλον
2721 4625 2803 4678 ὅτι
2833 4623 3125 4692 ὑπομένεις
3169 4623 3262 4676 τὸν
3294 4624 3516 4693 Κύριον.
3548 4617 3645 4670 Καὶ
3680 4608 3770 4677 περὶ

563 4719 819 4790 proximo
853 4719 1122 4783 excitatas,
1158 4719 1297 4774 hanc
1327 4719 1452 4774 vide
1487 4727 1548 4773 ut
1588 4718 1734 4774 feras
1782 4720 1942 4790 quasi
1987 4727 2139 4774 tuam

571 4827 681 4866 non
715 4821 772 4867 ut
802 4812 1060 4867 alienam.
1094 4812 1311 4867 Etenim
1343 4813 1474 4868 dum
1509 4812 1894 4882 impatientius
1951 4812 2150 4867 conﬂi-

565 4905 734 4959 c:aris
757 4903 1048 4958 adversum
1073 4920 1168 4959 eas
1191 4920 1314 4974 qum
1331 4913 1382 4959 te
1411 4905 1770 4959 vehementer
1788 4903 1994 4974 alioqui
2020 4919 2146 4972 pre-

565 5005 728 5050 munt
769 4996 1039 5051 violentas
1085 4997 1497 5066 impressiones,
1534 5005 1591 5050 et
1629 4997 1769 5051 alios
1795 4996 2018 5050 interim
2061 4996 2151 5050 in-

563 5103 747 5149 cusas,
777 5089 934 5158 quasi
964 5089 1055 5158 qui
1088 5105 1195 5143 non
1227 5089 1378 5143 noris
1407 5105 1500 5144 eas
1533 5089 1628 5144 Dei
1659 5088 1866 5144 indicio
1893 5088 2154 5158 contigis—

565 5194 630 5232 se
661 5197 673 5231 :
701 5181 810 5248 jam
854 5188 910 5233 tu
942 5180 1143 5235 divinze
1187 5181 1483 5236 reluctaris
1509 5179 1902 5241 admonitioni.
1949 5179 2046 5235 Sin
2093 5190 2150 5234 tu

567 5287 664 5326 cas
695 5287 850 5340 aequo
885 5273 1087 5327 toleras
1118 5273 1324 5336 animo,
1363 5274 1525 5343 plane
1569 5273 1742 5344 liquet
1788 5283 1838 5328 te
1869 5273 2148 5328 sustinere

569 5354 886 5418 Dominum.
924 5360 1128 5420 llacde
1189 5381 1249 5420 re
1317 5367 1482 5421 docet
1549 5383 1652 5422 nos
1715 5367 2150 5422 Parmmiastcs:

573 5471 597 5506 ς
633 5454 956 5524 Priusquam
990 5457 1417 5521 examinaveris,
1441 5473 1509 5512 ne
1551 5458 1924 5527 reprehendas
1953 5474 2148 5528 quem-

481 5559 506 5576 κ
567 5561 736 5614 quam
772 5545 840 5601 de
889 5547 974 5602 his
1003 5564 1124 5616 quae
1171 5564 1304 5606 aure
1349 5549 1615 5614 didicisti,
1660 5551 1758 5605 sed
1795 5557 1852 5604 et
1905 5550 2147 5621 intellige

573 5637 840 5710 primunt,
887 5647 1016 5694 tunc
1046 5641 1268 5712 increpa
1301 5641 1385 5708 ⁸⁸;
1420 5641 1741 5712 priusquam
1777 5640 2042 5708 audieris,
2082 5657 2153 5697 ne

649 5816 692 5846 “
726 5817 885 5871 υτον.
919 5834 1064 5879 λγιιι,
1102 5819 1190 5872 c2|.

1271 5821 1314 5852 ³⁵
1337 5820 1450 5875 J-tc.
1493 5836 1530 5877 ι.
1557 5820 1646 5874 9.6.
1727 5821 1770 5852 ³⁸
1791 5820 1902 5874 Jac.
1937 5835 2011 5879 ιιι,
2043 5819 2095 5870 εἰ.

2251 5817 2384 5872 ibid.
2427 5817 2480 5880 ϐ,
2561 5817 2604 5848 ³⁸
2634 5815 2768 5869 ibid.
2848 5814 2891 5846 "
2919 5814 3085 5870 Ercli.
3122 5831 3230 5880 xiv,
3257 5815 3306 5866 l.

2241 4718 2430 4772 τούτου
2453 4718 2694 4771 διδάσκει
2717 4717 2860 4786 ἡμᾶς
2885 4717 2914 4768 ὁ
2937 4717 3371 4786 Παροιμιαστὴς,
3401 4715 3566 4781 λέγων
3592 4726 3603 4736 ·
3629 4725 3645 4757 ε
3672 4702 3768 4771 Πρὶν

2245 4809 2522 4876 ἐξετάσαι,
2559 4809 2633 4881 μὴ
2669 4807 2859 4880 μέμψῃ
2885 4809 2950 4861 δι’
2988 4809 3178 4874 ἀκοῆς
3206 4807 3343 4860 ἀλὶὰ
3374 4807 3556 4875 νόησον
3587 4796 3762 4867 πρῶτον,

2249 4904 2344 4956 καὶ
2371 4903 2490 4954 τότε
2524 4901 2785 4972 ἐπιτίμα·
2825 4901 2956 4970 πρὶν
2991 4900 3246 4964 ἀκοῦσαι,
3283 4899 3361 4970 μὴ
3392 4895 3680 4964 ἀποκρίνου,
3703 4884 3762 4936 καὶ

2252 4998 2308 5050 ὲν
2341 4995 2492 5066 μέσῳ
2519 4994 2694 5060 λόγων
2747 4993 2822 5064 μὴ
2856 4991 3112 5073 ἐπίϐαλλε
3142 4993 3448 5063 ῥῆμα.¹’οτι
3472 4988 3673 5044 θάνατος
3701 4973 3762 5028 ﬂ"

2253 5085 2366 5156 ζωὴ
2411 5086 2468 5138 ὲν
2498 5086 2646 5156 χειρὶ
2687 5084 2958 5154 γλώσσης.
2999 5103 3018 5136 ι
3067 5082 3211 5137 Καί·
3252 5102 3270 5136 ι
3323 5085 3413 5146 Εἰς
3437 5076 3542 5134 ὦτα
3587 5074 3764 5143 ἄφρονος

2259 5175 2425 5247 μηδὲν
2452 5177 2577 5244 λέγε
2603 5218 2618 5241 ,
2669 5177 2744 5246 μή
2777 5193 2910 5229 ποτε
2947 5176 3264 5248 μυκτηρίσῃ
3294 5175 3418 5236 τοὺς
3449 5162 3671 5222 συνετούς
3695 5167 3760 5207 σθυ

2253 5269 2465 5334 λόγους.
2503 5289 2520 5320 ι
2555 5269 2663 5322 Καὶ
2692 5269 2880 5340 ἕτερος
2905 5287 2919 5302 ο
2957 5287 2976 5320 ι
3009 5267 3183 5332 Σοφοῦ
3223 5267 3416 5336 καρδία
3448 5260 3632 5325 δέξεται
3655 5253 3763 5340 ἐφ’

2253 5360 2385 5423 λάς·
2414 5363 2441 5414 ὁ
2461 5361 2519 5415 δὲ
2548 5361 2780 5430 astato;
2811 5361 3066 5430 χείλεσιν,
3103 5358 3404 5424 σκολιάξων
3431 5337 3758 5440 ὑποπελίσίξῄ

2256 5469 2430 5507 σεται.
2477 5471 2495 5504 ι
2532 5452 2694 5521 Λέγει
2716 5453 2776 5506 δὲ
2806 5454 2898 5506 καὶ
2931 5455 2960 5506 ὁ
3001 5449 3436 5522 Ἐκκλησιαστής
3459 5465 3470 5478 ·
3504 5462 3521 5495 ι
3553 5440 3632 5500 Εἰς

2259 5563 2362 5610 τας
2391 5544 2588 5613 λόγους
2617 5518 2710 5608 οὓς
2737 5543 2991 5598 λαλοῦσιν
3024 5545 3074 5598 οἱ
3102 5518 3341 5609 ἀσεϐεῖς,
3385 5518 3452 5612 μὴ
3477 5535 3562 5606 θῇς
3585 5518 3758 5625 καρδίῖῗ

2264 5657 2360 5694 σου
2386 5657 2401 5674 ο
2425 5640 2520 5694 καὶ
2543 5641 2601 5693 ὲν
2628 5637 2878 5710 ταμείοις
2908 5637 3174 5702 κοιτῶνᾶς
3219 5655 3312 5690 σου
3347 5636 3402 5690 οὐ
3433 5632 3498 5702 μὴ
3528 5621 3750 5685 καταρλτη

3384 5813 3421 5842 ιο
3453 5797 3593 5861 Εςριῑ.
3612 5796 3748 5849 “nn,

574 5884 672 5941 25.
750 5889 788 5918 ’⁸
820 5888 862 5942 ll
893 5889 1020 5944 Cor.
1058 5906 1148 5950 xu,
1175 5891 1260 5943 ευ.
1345 5893 1384 5921 ³³
1417 5891 1602 5944 Matth.
1639 5909 1729 5957 xu,
1754 5891 1956 5978 Ivi-,SIS.
2035 5888 2078 5918 ’⁵³
2117 5887 2137 5940 Ι

2240 5905 2349 5955 .\'t,
2373 5889 2460 5942 57.
2541 5889 2580 5919 ""
2625 5887 2794 5941 Ιὶ‹ϊ1ἰ.
2825 5897 2894 5949 .\t,
2919 5882 2971 5938 7.
