4016 6426
243 303 378 370 1.337

1097 306 1421 366 HOMILIA
1462 307 1791 368 XXXIL—
1831 307 1928 367 DE
1967 307 2646 368 ΕΟΝΤΒΑΒΧΕΤΙΟΝΕ.

3364 307 3502 374 1538

237 418 495 473 πλούσιον
521 458 535 482 ,
572 417 652 471 ὅτι
682 416 922 469 πετεινδν
950 416 1044 470 τοῦ
1074 418 1307 488 οὐρανοῦ
1349 418 1566 473 ἀποίσει
1593 438 1684 472 σου
1714 419 1814 491 τὴν
1844 473 1846 481 ,

1931 418 2272 488 respondeas,
2304 428 2359 473 et
2397 420 2451 472 in
2480 418 2662 472 medio
2713 432 3031 473 sermonum
3077 435 3146 474 ne
3207 418 3505 477 intersera's

239 510 449 581 φωνήν.
490 527 506 561 ι
558 508 615 562 '0
660 508 717 562 δὲ
752 509 958 579 Παῦλος
980 509 1288 561 ἐπιστέλλει
1317 509 1529 577 λέγων·
1568 528 1587 562 ι
1639 512 1820 565 ’Λδελ-

240 604 350 671 φοι,
393 602 715 671 ἀνεχόμενοι
745 600 992 670 ἀλλήλων
1018 642 1032 667 ,
1066 601 1162 655 καὶ
1203 601 1555 671 χαριζόμενοι
1594 605 1820 669 ἑαυτοὺς

233 697 334 750 ἐάν
362 713 446 758 τις
475 696 609 765 πρός
641 711 762 747 τινα
804 693 900 763 ἔχῃ
937 693 1173 764 μορφὴν,
1202 694 1384 757 καθὼς
1418 696 1507 748 καὶ
1534 696 1562 748 ὁ
1586 696 1819 765 Χριστὸς

234 788 534 859 ἐχαρίσατο
573 788 725 856 ἡμῖν,
750 785 925 849 οὕτως
954 787 1046 839 καὶ
1077 786 1256 856 ὑμεῖς.
1298 787 1421 841 Ἐπὶ
1457 790 1591 840 πᾶσι
1621 789 1674 840 δὲ
1696 788 1816 841 τού-

234 894 370 939 τοις,
405 879 505 944 τὴν
544 877 800 944 ἀγάπην,
846 875 874 927 ὃ
903 875 1052 926 ἐστιν
1089 874 1385 944 σύνδεσμος
1414 876 1509 944 τῆς
1547 876 1821 945 τελειότη-

235 986 351 1031 τος.
412 988 430 1018 ι
468 966 765 1037 Γενώμεθα
804 965 897 1021 οἷον
925 966 1241 1036 πειθόμενοι
1272 966 1348 1037 τῷ
1376 966 1576 1034 Παύλῳ
1599 967 1822 1020 ὲιταλεί-

236 1076 397 1128 φοντι
450 1060 620 1128 ἡμᾶς,
686 1058 771 1112 ἵνα
828 1060 903 1128 μὴ
947 1056 1272 1125 ἀκούσωμεν
1328 1058 1478 1127 παρὰ
1511 1055 1680 1110 Ἰούδα
1725 1054 1818 1110 τοῦ

234 1148 472 1217 ἀδελφοῦ
529 1146 811 1212 Ἰακώϐου,
870 1151 952 1201 ὅτι
1010 1165 1028 1198 ι
1078 1139 1237 1200 Οὗτοί
1297 1150 1436 1200 εἰσιν
1475 1148 1818 1216 γογγυσταί,

233 1240 627 1311 μεμψίμοιροι,
664 1241 808 1292 κατὰ
840 1239 938 1299 τὰς
970 1238 1266 1308 ἐπιθυμίας
1301 1238 1484 1292 αὐτῶν
1514 1240 1820 1309 πορευόμε-

238 1350 340 1386 νοι.
378 1333 491 1385 Καὶ
524 1332 584 1383 τὸ
618 1331 791 1399 στόμα
829 1330 1006 1383 αὐτῶν
1057 1330 1212 1383 λαλεῖ
1255 1331 1571 1401 ὑπέρογκα·
1603 1330 1819 1398 θαυμά-

233 1425 446 1490 ζοντες,
494 1423 786 1492 πρόςωπα,
813 1422 1082 1491 ὠφελείας
1104 1422 1285 1492 χάριν.
1320 1440 1337 1473 ι
1368 1423 1439 1473 Τὸ
1462 1422 1569 1491 γὰρ
1602 1421 1820 1490 μέμφε-

234 1517 385 1576 σθαι,
419 1516 590 1567 mam.
616 1514 899 1584 ἁρμόττει,
930 1516 977 1567 εἰ
1011 1515 1085 1584 μὴ
1121 1515 1303 1578 μόνοις
1336 1517 1447 1577 τοῖς
1479 1516 1817 1584 Φαρισαίοις,

229 1607 312 1663 Lb;
360 1603 705 1667 δικαιοῦντας
750 1603 1003 1667 ἑαυτούς.
1035 1603 1199 1656 Ὅθεν
1241 1604 1331 1658 καὶ
1362 1606 1451 1658 ὅτε
1479 1606 1530 1656 ot
1580 1605 1819 1676 μαθητώ⁸

232 1698 333 1753 τοῦ
387 1700 591 1769 Κυρίου
647 1696 976 1758 ἐπείνασαν,
1020 1696 1114 1748 καὶ
1150 1695 1390 1766 ἤρξαντο
1436 1694 1638 1749 τίλλειν
1694 1698 1820 1761 τοὺς

1923 512 2228 575 verbum",
2253 512 2383 581 quia
2400 527 2551 565 mors
2578 519 2632 564 et
2649 511 2757 564 vita
2787 510 2841 564 in
2867 526 3032 564 manu
3056 510 3255 581 linguae
3273 514 3378 577 ⁵⁸»,
3398 514 3463 568 Ει
3488 531 3502 568 :

1933 623 1950 654 ι
1974 602 2053 658 Ad
2072 618 2233 656 aures
2256 602 2411 656 stulti
2460 601 2599 654 nihil
2648 600 2758 663 dic,
2787 616 2855 654 ne
2890 598 3031 652 forte
3058 600 3363 655 subsannet
3382 617 3507 657 ern-

1925 692 2069 747 ditos
2093 703 2215 747 tuos
2238 707 2540 747 sermones.
2569 712 2587 743 ι
2610 691 2762 746 Alter
2785 693 2913 746 item
2937 689 3166 760 Sapiens
3199 709 3252 743 :c
3286 692 3394 747 Cor
3416 708 3507 748 ex-

1926 786 2094 855 cipiet
2114 785 2371 839 mandata
2389 785 2457 851 ";
2485 783 2577 853 qui
2603 795 2785 838 autem
2807 784 3234 838 intolerabiliter
3257 792 3413 838 vacat
3433 784 3510 838 la-

1925 878 2053 940 biis,
2075 876 2523 947 supplantabitur
2545 876 2641 929 ⁸⁸.»
2666 876 2809 931 Dicit
2832 888 3015 929 autem
3038 885 3093 928 et
3113 874 3506 930 Ecclesiastes:

1933 970 2043 1024 «Ad
2069 970 2252 1024 omnia
2287 972 2457 1024 verba
2504 968 3133 1038 qua‘loqucnturimpii,
3168 983 3234 1021 ne
3265 982 3511 1037 apponas

1926 1078 2023 1118 cor
2065 1071 2314 1125 tuum,et
2338 1062 2392 1115 in
2418 1062 2665 1116 conclavi
2690 1061 2889 1115 cubitis
2919 1060 2995 1114 tui
3032 1076 3100 1113 ne
3133 1059 3273 1114 male
3303 1058 3510 1115 dixeris

1926 1154 2106 1216 diviti,
2136 1156 2266 1224 quia
2291 1153 2408 1208 avis
2431 1153 2553 1208 caeli
2583 1152 2826 1221 portabit
2849 1136 3038 1206 vocem
3059 1160 3207 1205 luam
3230 1151 3291 1202 δ’.
3329 1171 3346 1203 ι
3367 1151 3509 1205 Pau-

1924 1244 2012 1299 lus
2039 1245 2167 1299 item
2206 1260 2303 1314 per
2333 1243 2617 1313 epistolam
2653 1243 2787 1297 dicit
2821 1262 2833 1297 :
2866 1243 3141 1307 «Fratres,
3173 1250 3508 1311 supportan—

1926 1348 2010 1394 tes
2045 1339 2281 1393 invicem
2316 1337 2659 1391 etdonantes
2696 1336 3124 1406 vobismetipsis,
3148 1336 3191 1390 si
3244 1336 3370 1405 quis
3408 1333 3510 1389 ad-

1924 1445 2121 1484 versus
2146 1430 2385 1498 aliquem
2419 1429 2586 1482 habet
2614 1429 2895 1497 querelam
2932 1445 2947 1494 ;
2982 1428 3129 1482 sicut
3152 1436 3208 1481 et
3253 1425 3511 1482 Christus

1926 1520 2154 1575 donavit
2184 1522 2360 1574 vobis.
2392 1520 2471 1575 sic
2494 1528 2549 1573 et
2581 1536 2680 1575 vos
2705 1535 2905 1589 :super
2939 1519 3126 1574 omnia
3152 1529 3335 1573 autem
3370 1519 3508 1584 haec,

1925 1613 2253 1668 charitatem
2301 1614 2522 1680 habete,
2574 1613 2719 1682 quod
2745 1622 2830 1667 est
2878 1613 3162 1666 vinculum
3218 1612 3513 1682 perfectio-

1925 1702 2124 1757 nis“.n
2145 1703 2259 1757 Mos
2282 1718 2412 1756 sane
2430 1702 2703 1772 gerendus
2725 1701 2964 1755 Paulinae.
2987 1700 3075 1754 isti
3104 1701 3388 1766 doctrinm,
3403 1716 3509 1771 qua

234 1791 481 1860 στάχυας
522 1789 617 1842 καὶ
657 1788 879 1853 ἐσθίειν,
918 1788 967 1841 οἱ
993 1789 1273 1857 Φαρισαῖοι
1304 1786 1457 1841 εἷπον
1489 1788 1564 1859 τῷ
1593 1789 1782 1860 Κυρίῳ
1808 1807 1822 1820 σ

1931 1811 2033 1849 nos
2074 1794 2139 1848 ad
2186 1794 2535 1848 subeundam
2566 1794 2877 1863 palzestram
2918 1809 3021 1847 ceu
3044 1801 3326 1849 ceromate
3361 1793 3510 1859 linit,

239 1899 261 1932 ι
317 1880 448 1933 Ἰδοὺ
480 1881 528 1932 οἱ
580 1877 823 1949 μαθηταί
874 1895 969 1931 σου
1011 1877 1259 1931 ποιοῦσιν
1284 1878 1312 1931 ὃ
1339 1879 1438 1931 οὐκ
1480 1878 1596 1932 ἔστι
1648 1882 1823 1932 ποιεῖν

233 1975 299 2027 ὲν
348 1976 461 2035 τοῖς
489 1972 789 2025 Σάϐϐασιν.
832 1990 851 2022 ι
886 1972 948 2024 οἱ
974 1971 1454 2041 κατακρινόμενοι,
1485 1971 1612 2033 τοὺς
1639 1971 1824 2043 ἀμέμ-

234 2081 410 2129 πτους
448 2063 777 2135 ἐμέμφοντο.
806 2063 865 2116 ’0
888 2062 944 2115 δὲ
967 2062 1286 2129 ἀνεξίκακος
1319 2061 1521 2133 Κύριος
1550 2062 1684 2133 πρὸς
1729 2064 1826 2117 αύ-

232 2155 387 2216 τούς·
412 2172 431 2205 ι
459 2151 923 2221 Οὑκάνέγνωτετί
948 2152 1381 2223 έποίησενΔαυῖδ
1394 2154 1484 2205 ὅτε
1504 2153 1822 2218 ἐπείνασεν,

236 2249 337 2300 καὶ
365 2248 413 2299 oi
454 2246 572 2317 μετ’
606 2245 807 2312 αὐτοῦς
854 2245 972 2310 πῶς
1018 2244 1272 2315 εἰσῆλθεν
1309 2247 1389 2308 είς
1418 2245 1509 2298 τὸν
1550 2242 1698 2299 οἶκον
1729 2244 1824 2299 τοῦ

236 2339 379 2391 Θεοῦ
402 2378 414 2400 ,
450 2338 691 2401 καὶτοὺς
720 2338 921 2408 ἄρτους
959 2338 1059 2407 τῆς
1107 2337 1421 2408 προθέσεως
1456 2338 1690 2406 ἔφαγεν,
1731 2337 1825 2403 οὒς

236 2418 353 2482 οὐχ’
378 2429 554 2492 ἔξεστι
598 2431 794 2497 φαγεῖν
827 2430 875 2480 εί
920 2428 995 2499 μὴ
1028 2431 1139 2491 τοῖς
1177 2428 1384 2499 ἱερεῦσι
1412 2430 1616 2499 μόνοις.
1662 2449 1678 2481 ι
1717 2430 1825 2483 Καὶ

242 2523 515 2576 παιδεύων
546 2523 746 2585 αὐτοὺς
781 2521 853 2593 μὴ
895 2522 1210 2592 μέμφεσθαι
1245 2522 1490 2591 ἀκαίρως
1518 2526 1645 2585 τοὺς
1676 2524 1827 2576 ἀναι-

1931 1882 2195 1952 additque
2224 1884 2393 1944 vires,
2427 1882 2721 1950 nequando
2754 1881 2810 1934 in
2838 1897 2940 1935 nos
2965 1881 3225 1936 audiatur
3252 1890 3513 1937 contorta

1930 1975 2024 2030 illa
2074 1975 2228 2030 Judae
2258 1974 2444 2030 fratris
2473 1974 2663 2029 Jacobi
2705 1975 2977 2029 sententia
3006 1991 3020 2027 :
3047 1972 3145 2028 «Hi
3191 1983 3320 2028 sunt
3361 1990 3513 2029 mur-

1927 2076 2257 2129 muratores,
2291 2067 2596 2137 querulosi,
2622 2075 2677 2121 et
2724 2081 2786 2120 os
2806 2080 3002 2120 eorum
3058 2066 3284 2136 oquitur
3319 2081 3513 2136 super-

1928 2158 2031 2223 ba,
2074 2159 2411 2213 admirantes
2442 2173 2703 2227 personas
2747 2166 2995 2226 quaestus
3040 2173 3208 2212 causa
3255 2159 3324 2211 ⁸¹.
3352 2177 3369 2208 ι
3404 2158 3514 2213 Ne-

1928 2251 2066 2306 mini
2122 2250 2309 2320 itaque
2351 2250 2612 2305 convenit
2639 2252 2719 2304 sic
2750 2266 2872 2305 esse
2904 2251 3221 2319 querulum,
3248 2250 3353 2305 nisi
3371 2251 3514 2306 Pha-

1929 2341 2121 2403 risazis,
2147 2349 2202 2394 et
2225 2340 2391 2406 solis;
2424 2341 2627 2410 quippe
2651 2340 2743 2411 qui
2780 2341 2993 2411 seipsos
3017 2341 3249 2411 justitiae
3286 2343 3512 2397 nomine

1926 2432 2234 2487 venditant.
2266 2432 2422 2488 Unde
2459 2440 2514 2487 et
2547 2432 2805 2503 discipuli
2830 2433 3046 2488 Domini
3074 2434 3186 2488 acri
3216 2434 3359 2489 fame
3381 2450 3511 2493 cum

1927 2532 2280 2595 urgerentur,
2299 2523 2705 2593 ccepissentqne
2724 2523 2961 2594 primum
2983 2525 3163 2594 spicas
3177 2526 3511 2594 convellere,

242 2620 418 2681 τίους,
443 2618 536 2671 καὶ
583 2616 841 2688 προσθεὶς
884 2613 1075 2669 εἶπεν·
1110 2633 1128 2667 ι
1170 2617 1234 2668 Ei
1262 2615 1317 2668 δὲ
1348 2615 1413 2669 ἂν
1447 2615 1739 2684 ἐγνώκειτε
1768 2616 1823 2669 τί

1931 2625 1979 2672 et
2005 2617 2247 2671 inediam
2272 2632 2379 2686 qua
2414 2616 2763 2678 laborabant,
2781 2618 2866 2671 vel
2894 2618 3110 2672 tantillo
3133 2619 3341 2681 levare,
3366 2618 3515 2673 Pha-

240 2713 415 2775 ἐστιν,
448 2709 596 2762 ἔλεον
617 2709 759 2761 θέλω
788 2709 883 2760 καὶ
900 2708 959 2761 οὐ
994 2706 1205 2760 θυσίαψ
1252 2726 1270 2759 ι
1303 2709 1403 2761 οὐκ
1438 2708 1501 2760 ἂν
1532 2708 1823 2761 κατεδικά-

1931 2709 2065 2763 risazi
2093 2709 2349 2763 dixerunt
2385 2709 2617 2763 Domino
2652 2726 2663 2762 :
2699 2709 2870 2763 «Ecce
2892 2709 3150 2778 discipuli
3197 2709 3276 2763 ιιιί
3302 2709 3515 2763 faciunt

240 2818 375 2855 σατε
403 2804 527 2865 τοὺς
569 2801 866 2863 ἀναιτίους.
902 2798 1105 2871 Κύριος
1149 2800 1260 2870 γὰρ
1304 2800 1484 2865 ἐστὶν,
1529 2797 1697 2863 όΥίδς
1724 2799 1821 2853 τοῦ

1931 2800 2067 2871 quod
2093 2816 2204 2855 non
2252 2801 2384 2855 licet
2433 2800 2613 2855 facere
2661 2799 3005 2855 Sabbatis".
3051 2820 3070 2851 ι
3146 2801 3355 2871 1081
3415 2801 3513 2858 Isti

233 2894 535 2963 ἀνθρώπου
567 2894 663 2947 καὶ
692 2893 787 2947 τοῦ
824 2892 1130 2947 Σαϐϐάτου.
1160 2891 1322 2961 Αὐτῷ
1352 2893 1385 2963 ἡ
1420 2892 1546 2960 δόξα
1576 2891 1656 2955 είς
1694 2892 1823 2967 τους

1934 2907 2097 2961 quam
2125 2906 2505 2962 promeruere,
2533 2892 2866 2947 sententiam
2901 2892 3384 2948 condemnationis
3426 2908 3515 2949 re-

234 2985 446 3048 αίῶνας
478 2986 586 3037 τῶν
617 2984 845 3039 αἰώνων.
895 2985 1091 3054 Ἀμήν.

1931 2985 2193 3048 tulerunt,
2221 2985 2369 3054 quod
2395 2985 2517 3040 illos
2556 2984 2688 3039 falsa
2715 2984 2990 3040 delatione
3033 2987 3385 3056 sugillassent
3416 2985 3514 3057 qui

233 3078 378 3134 nulli
404 3087 562 3132 erant
589 3079 762 3148 culpa:
779 3077 1026 3133 obnoxii.
1062 3076 1331 3133 Dominus
1360 3076 1633 3148 siquidem
1660 3076 1872 3146 injuria
1913 3077 2093 3131 omnis
2118 3078 2424 3132 immemori
2478 3077 2766 3147 respondit
2818 3097 2835 3129 ι
2874 3078 3014 3133 Num
3039 3079 3249 3150 legistis
3276 3081 3408 3151 quid
3435 3082 3516 3137 fe-

230 3173 384 3229 cerit
426 3172 597 3227 David
639 3188 762 3226 cum
790 3173 1029 3229 esuriret
1059 3174 1175 3242 ipse
1202 3181 1259 3227 et
1296 3174 1392 3242 qui
1438 3188 1563 3250 cum
1604 3187 1672 3227 eo
1717 3179 1896 3233 erant,
1937 3171 2218 3241 quomodo
2245 3173 2525 3241 ingressus
2565 3171 2638 3226 sit
2674 3170 2897 3224 domum
2932 3171 3052 3234 Dei,
3082 3182 3139 3226 et
3170 3188 3337 3242 panes
3382 3188 3513 3242 pro-

235 3263 543 3324 positionis
586 3265 848 3330 comedit,
880 3281 1021 3336 quos
1081 3281 1193 3320 non
1251 3265 1453 3320 licebat
1506 3265 1672 3320 ede‘re
1717 3263 1826 3319 nisi
1864 3263 1998 3319 solis
2036 3264 2421 3319 sacerdotibus
2449 3264 2530 3319 “‘l
2566 3284 2585 3315 ι
2649 3264 2778 3319 Illos
2845 3264 2966 3319 istis
3003 3265 3189 3320 verbis
3231 3282 3355 3320 cum
3384 3281 3517 3320 eru-

238 3359 409 3422 diret,
439 3370 587 3416 utne
612 3361 973 3430 imposterum
996 3362 1260 3417 adversus
1283 3361 1535 3417 insontes
1569 3360 2039 3431 intempestiviter
2100 3360 2564 3431 dcquererentur,
2627 3356 2892 3414 induxit:
2931 3379 2949 3410 ι
2993 3359 3049 3415 Si
3116 3361 3337 3417 sciretis
3377 3360 3509 3432 quid

237 3461 350 3516 est,
369 3453 808 3507 misericordiam
836 3453 965 3507 volo
995 3461 1050 3507 et
1076 3468 1186 3507 non
1210 3452 1545 3507 sacriﬁcium
1576 3452 1661 3506 ’δι
1690 3471 1709 3504 ι
1732 3452 1928 3522 utique
1971 3450 2075 3505 hos
2122 3466 2233 3505 non
2262 3450 2736 3505 condcmuassetis
2789 3450 3061 3505 innoxios.
3079 3449 3344 3506 Dominus
3363 3452 3512 3507 enim

233 3555 331 3603 est
364 3546 536 3601 Filius
566 3547 807 3601 hominis
832 3547 998 3601 etiam
1026 3547 1274 3602 Sabbati.
1303 3547 1412 3617 lpsi
1444 3547 1622 3618 gloria
1656 3546 1714 3601 in
1736 3546 1959 3602 saecula.
1995 3545 2170 3602 Amen

848 3659 1066 3712 ΛΟΓΟΣ
1095 3659 1217 3713 AB’.

2506 3656 2786 3712 llOMlLlA
2824 3656 3045 3711 XXXII.

757 3774 895 3843 Περὶ
936 3774 1309 3842 ἀντιλογίας.

328 3888 392 3939 ἰι
425 3886 706 3956 ἀντιλογία
750 3888 844 3940 καὶ
876 3889 909 3956 ἡ
956 3887 1223 3957 ἰταμότης
1254 3887 1359 3941 ὑπὸ
1389 3886 1485 3941 τοῦ
1526 3885 1694 3955 ζυγοῦ
1729 3888 1830 3956 τῆς

237 3975 445 4038 κακίας
480 3975 828 4044 σφίγγονται.
874 3974 935 4029 '0
978 3976 1087 4048 γὰρ
1117 3974 1421 4044 ἀντίλογος,
1453 3976 1718 4029 ἰσοσθενεῖ
1751 3974 1830 4045 τῷ

236 4069 582 4138 ἀφηνιαστῇ.
618 4067 777 4121 Θέλει
803 4067 913 4137 γὰρ
942 4068 1030 4120 ἀεὶ
1060 4068 1532 4137 καταγωνίζεσθαι
1568 4069 1711 4122 κατὰ
1729 4068 1830 4137 τῆς

237 4157 545 4227 ἀληθείας,
590 4161 687 4213 καὶ
718 4158 929 4228 ωχνῶς
968 4157 1244 4211 κλονεῖται
1283 4157 1691 4228 πολεμούμενος
1732 4156 1829 4210 τοῦ

239 4249 613 4320 καθηγεῖσθαι
638 4267 653 4281 ο
695 4251 877 4314 καθὼς
921 4251 1019 4303 καὶ
1071 4252 1130 4302 ὲν
1163 4248 1241 4320 τῷ
1279 4251 1433 4320 νόμῳ
1472 4249 1826 4318 γέγραπται·

237 4346 330 4398 ὅτι
373 4344 681 4414 ἀνέστησαν
717 4342 796 4413 τῷ
857 4344 1099 4412 Μωῦσῇ,
1131 4342 1311 4413 Κορὲ,
1358 4341 1453 4394 καὶ
1496 4340 1700 4404 Δαθὰν,
1737 4339 1832 4393 καὶ

252 4435 527 4506 Ἀϐερών·
580 4437 676 4489 καὶ
741 4434 999 4507 ἐθυμώθη
1052 4434 1259 4505 Κύριος
1307 4434 1394 4488 ἐπ’
1460 4436 1662 4499 αὐτοῖς.
1720 4433 1832 4487 Καὶ

238 4524 474 4594 ἡνοίχθη
508 4525 541 4595 ἡ
572 4524 645 4594 γῆ
672 4522 1030 4577 ὑποκάτωθεν
1062 4522 1245 4576 αὐτῶν
1266 4565 1282 4590 ,
1313 4523 1405 4576 καὶ
1443 4522 1705 4576 κατέπιεν
1734 4522 1831 4576 αύ-

238 4617 372 4678 τοῦς
410 4616 653 4678 καὶτοὺς
684 4615 870 4677 οἴκους
904 4614 1107 4669 αὐτῶν.
1146 4616 1211 4668 Οἱ
1243 4614 1352 4684 γὰρ
1384 4613 1496 4668 ἀπὸ
1534 4614 1669 4677 ίδῐας
1736 4613 1831 4667 δυ·

241 4711 489 4778 νάμεως,
532 4710 704 4781 χωρίς
734 4708 899 4773 Θεοῦ,
938 4707 1116 4780 ἀρχὰς
1161 4707 1586 4777 ἐπιζητοῦντες,
1626 4708 1719 4761 καὶ
1762 4708 1828 4777 τῇ

242 4802 357 4860 ῦπδ
395 4805 530 4859 Θεοῦ
578 4805 720 4875 ἀρχῇ
772 4803 1182 4874 ἀνθιστάμενοι,
1218 4801 1498 4865 τοιαύταις
1535 4799 1831 4871 τιμωρίαις

242 4898 586 4952 ὑπόκεινται.
617 4896 827 4965 Γράφει
858 4895 913 4948 δὲ
955 4895 1051 4948 καὶ
1080 4896 1109 4947 ὁ
1140 4894 1466 4958 ’Δπόστολος
1500 4894 1631 4963 περί
1667 4909 1831 4945 τινων

2460 3771 2538 3825 De
2594 3772 3026 3825 contradictione.

2001 3884 2381 3940 Contradictio
2398 3892 2454 3937 et
2470 3883 2821 3937 contumacia
2850 3882 3010 3953 parili
3058 3880 3515 3953 constringuntur

1933 3978 2158 4033 malitiae
2190 3978 2342 4047 jugo.
2378 3975 2480 4042 Qui
2510 3976 2656 4029 enim
2685 3973 3039 4041 contradicit,
3062 3974 3251 4044 utique
3280 3984 3515 4029 conten-

1933 4069 2016 4122 dit
2055 4068 2291 4123 inveniri
2330 4067 2382 4121 ei
2426 4080 2652 4134 compar
2700 4064 2903 4120 robore
2942 4066 3031 4120 cui
3070 4081 3166 4121 sua
3203 4066 3516 4121 temeritate

1933 4168 2232 4215 contumax
2267 4168 2353 4215 est
2384 4169 2441 4216 et
2476 4160 2721 4215 rebellis.
2762 4156 2903 4213 Huic
2943 4157 3218 4227 siquidem
3268 4157 3514 4213 studium

1935 4262 2022 4305 est
2066 4264 2293 4320 perpcs,
2330 4249 2554 4304 veritati
2604 4257 2665 4303 ut
2695 4255 3094 4312 controvertat,
3133 4261 3365 4317 eamque
3414 4246 3518 4305 ima

1932 4351 2163 4412 pugnet.
2197 4342 2338 4397 Dum
2362 4341 2510 4396 enim
2535 4350 2765 4396 cmteros
2808 4349 2870 4394 ιιι
2902 4347 3129 4395 anteeat
3160 4338 3539 4404 auctoritate,‘

1935 4435 2251 4489 connititur
2278 4449 2378 4503 pro
2414 4434 2559 4487 virili
2592 4449 2607 4499 ;
2642 4432 2963 4502 frequentes
2986 4431 3281 4486 admodum
3331 4431 3519 4487 concit

1935 4527 2148 4590 turbas,
2174 4527 2390 4581 illorum
2416 4525 2669 4592 exemplo
2701 4526 2769 4579 de
2793 4524 2995 4594 quibus
3030 4523 3084 4578 in
3106 4523 3224 4593 lege
3247 4522 3515 4593 scriptum

1934 4626 2040 4682 est,
2065 4633 2266 4687 nempe
2303 4617 2463 4681 Core,
2487 4617 2699 4671 Datiian
2736 4624 2792 4670 et
2821 4615 3051 4681 Abiron,
3081 4614 3303 4684 quando
3346 4615 3402 4668 in
3440 4613 3520 4669 fa-

1935 4711 2077 4766 ciem
2126 4709 2457 4763 restiterunt
2496 4708 2688 4779 Moysi.
2730 4707 2798 4761 Et
2857 4710 3040 4763 iratus
3074 4717 3159 4761 est
3196 4704 3385 4760 furore
3418 4705 3520 4760 Do-

1936 4800 2141 4865 minus,
2178 4799 2394 4869 subque
2430 4799 2649 4853 illorum
2678 4798 2926 4867 vestigiis
2954 4796 3215 4865 adaperta
3236 4806 3322 4851 cst
3345 4806 3513 4861 terra,

1935 4901 1991 4946 et
2017 4906 2115 4946 eos
2148 4890 2428 4960 absorpsit
2468 4889 2743 4957 simulque
2788 4888 3004 4941 illorum
3036 4885 3395 4941 domicilia".
3450 4885 3517 4941 lli

240 4987 660 5056 ἀντιλεγόντων,
712 4986 889 5050 οὕτως
915 5002 929 5017 ο
992 5005 1009 5036 ι
1056 4987 1152 5039 Ὃν
1200 4985 1404 5059 τρόπον
1473 4984 1682 5053 Ἰάννης
1737 4984 1832 5036 καὶ

1934 4983 2108 5046 enim,
2140 4983 2365 5052 propria
2413 4981 2528 5035 nixi
2547 4981 2772 5046 virtute,
2812 4995 2922 5033 non
2960 4981 3089 5035 item
3118 4977 3213 5032 Dei
3264 4976 3514 5041 decreto,

241 5079 511 5151 M1p69lg
558 5080 900 5146 ἀντέστησαν
944 5078 1021 5149 τῷ
1065 5080 1295 5149 Μωῦσῇ,
1331 5077 1504 5140 οὕτως
1550 5077 1644 5129 καὶ
1689 5070 1835 5129 οὗτοι

241 5172 602 5227 ἀνθίστανται
656 5176 722 5245 τῇ
757 5172 986 5243 ἀληθείᾳ
1012 5213 1026 5236 ,
1069 5172 1346 5240 ἄνθρωποι
1391 5168 1833 5239 κατεφθαρμένοι

242 5269 343 5319 τὶν
376 5265 532 5331 νοῦν,
570 5267 821 5337 ἀδόκιμοι
851 5266 978 5335 περὶ
1014 5264 1111 5335 τὴν
1146 5263 1351 5317 πίστιν.
1396 5282 1414 5313 ι
1461 5261 1698 5332 Ὁμοίως
1741 5262 1835 5313 καὶ

242 5361 306 5412 ἐν
331 5361 450 5423 ταῖς
496 5358 735 5430 Πράξεσι
785 5357 896 5411 τῶν
923 5356 1238 5411 ἀποστόλων
1262 5396 1275 5419 ,
1326 5353 1564 5421 Ἑλυμᾶς
1604 5355 1633 5406 ὁ
1662 5354 1835 5423 μάγος

240 5448 544 5506 ἀνθίστατο
561 5448 637 5519 τῷ
667 5448 861 5518 Παύλῳ
882 5449 975 5501 καὶ
992 5447 1067 5516 τῷ
1089 5445 1367 5516 Βαρνάϐα,
1389 5444 1569 5511 ζητῶν
1595 5443 1686 5495 τὸν
1706 5442 1833 5496 61.0-

326 5657 369 5689 ⁸⁸
411 5659 579 5712 Prov.

255 5729 455 5797 t3,t.t.
534 5728 574 5759 εί
618 5728 850 5784 ἐξιθ.ιϋ.
897 5728 1325 5795 "nam.m,e-
1398 5724 1756 5791 “itiid.5,t.

679 5670 828 5717 “tu,
884 5650 966 5704 l5.
1015 5650 1059 5681 δ’
1117 5648 1252 5704 ibid.
1304 5656 1367 5710 21
1445 5655 1492 5687 ⁸⁷
1534 5654 1696 5708 Prov.
1740 5655 1853 5721 n,I

1834 5725 1878 5758 ⁵³
1910 5725 2043 5779 ibid.
2062 5728 2111 5781 7.

1935 5074 2291 5129 ambitiosius
2320 5073 2653 5143 expetebant
2687 5072 2874 5143 populi
2898 5071 3293 5142 principatum,
3334 5084 3516 5140 eoque

1935 5166 2301 5221 reclamantes
2324 5167 2669 5237 magistratui
2696 5165 2883 5220 divina
2912 5164 3265 5220 ordinatione
3291 5163 3515 5218 institu—

1937 5268 2014 5324 ιο,
2044 5259 2358 5313 istiusmodi
2409 5259 2738 5328 sulbjacucre
2801 5258 3003 5328 poenis.
3061 5255 3272 5311 Scribit
3330 5265 3519 5310 autem

1934 5358 1992 5403 et
2035 5348 2340 5419 Apostolus
2371 5350 2440 5404 de
2476 5350 2599 5404 istis
2638 5350 2734 5419 qui
2772 5347 3181 5404 contumaciter
3232 5345 3516 5402 contradi-

1933 5441 2069 5496 cunt
2103 5462 2116 5496 :
2165 5461 2181 5493 ι
2221 5441 2697 5509 Quemadmodum
2721 5443 2926 5498 Janncs
2953 5451 3007 5497 ct
3037 5440 3310 5495 Mambres
3356 5438 3518 5495 resti-

1956 5656 2001 5687 ”
2026 5655 2185 5709 Prov.
2215 5671 2343 5718 xxn,
2388 5655 2475 5709 12.
2567 5657 2612 5686 "
2654 5653 2895 5711 Ecclex.
2930 5651 3021 5708 20.

2194 5727 2424 5795 "Nam,
2470 5741 2576 5787 xw,
2627 5727 2679 5792 1,
2720 5726 2925 5796 ‘Zscqq.

3126 5650 3170 5683 "
3194 5648 3407 5707 Coloss.
3438 5661 3520 5715 ut,
