4016 6436
625 256 764 324 1539

1907 239 2272 304 ANTIOCHI
2315 235 2659 296 ΜΟΝΑΕΙΙΙ

3703 233 3796 299 15ξῇ

621 375 814 425 terunt
855 365 1046 438 Moysi,
1083 365 1233 421 itaet
1257 362 1314 418 hi
1359 364 1629 420 resistunt
1679 359 1924 422 veritati,
1952 355 2208 410 homines

2319 348 2516 402 ὕπατον
2549 344 2873 416 διαστρέψαι
2922 343 3032 397 ἀπὸ
3079 343 3178 414 τῆς
3233 341 3467 402 πίστεως
3491 357 3505 372 ο
3539 345 3622 397 καὶ
3659 349 3804 414 εὐθέως

618 459 897 534 corrupti,
927 468 1113 515 mente
1148 456 1380 530 reprobi
1410 457 1558 510 circa
1590 453 1752 509 fidem
1785 453 1851 505 ’⁸.
1878 469 1894 502 ι
1926 449 2007 503 Ad
2043 461 2202 502 eum-

621 551 752 607 dem
779 549 1008 606 modum
1045 548 1272 620 Elymas
1314 562 1509 618 magus
1542 544 1746 600 restitit
1773 543 1946 598 Paulo
1991 546 2050 594 et
2071 537 2204 592 Bar-

623 643 802 706 nabve,
825 657 1084 716 quaerens
1100 647 1354 695 avertere
1381 638 1769 708 proconsulem
1795 651 1824 689 a
1845 633 1950 690 fide
1973 633 2053 688 :is
2077 645 2210 688 con-

624 735 813 792 festim
844 743 1162 790 excaecatus
1187 740 1272 788 cst
1303 733 1370 797 ⁵⁷,
1404 732 1558 803 juxta
1591 730 1916 785 relationem
1942 724 2208 798 apostoli-

621 843 822 884 eorum
871 827 1130 883 Actuum.
1161 823 1269 880 Sed
1309 833 1367 879 et
1407 822 1744 892 Apostolus;
1767 837 1864 892 per
1909 817 2209 889 Epistolam

624 917 770 972 dicit
808 915 1104 972 Timotheo
1139 931 1154 968 :
1193 932 1210 965 ι
1245 912 1557 969 Alexander
1585 910 1817 966 aerarius
1848 909 2019 964 multa
2067 905 2212 961 mala

626 1007 876 1065 ostendit
902 1006 1039 1061 mihi
1074 1004 1309 1071 ;reddet
1335 1005 1388 1059 ei
1421 1003 1692 1058 Dominus
1723 1020 1736 1056 :
1767 1016 1931 1072 quem
1957 1009 2012 1054 et
2039 1007 2095 1052 tu
2119 997 2214 1052 de-

627 1101 744 1157 vita
769 1117 785 1165 ;
812 1100 1046 1154 multum
1070 1096 1220 1152 enim
1244 1095 1451 1151 restitit
1480 1095 1670 1150 verbis
1694 1091 1986 1148 nostris“:
2013 1109 2030 1141 ι
2054 1089 2215 1144 ethic

620 1189 848 1261 dignam
894 1185 1200 1256 reportavit
1253 1199 1352 1239 sua
1405 1183 1842 1240 contradictione
1873 1179 2215 1236 vicissitudi-

623 1296 753 1340 nem
771 1295 837 1336 ac
859 1279 1197 1335 mercedem.
1218 1277 1477 1332 Michaeas
1497 1276 1770 1346 propheta
1792 1275 1992 1346 lugens
2012 1272 2218 1328 eflera-

627 1382 742 1430 tam
797 1372 991 1444 populi
1055 1369 1455 1433 rebellionem,
1510 1367 1590 1422 ait
1631 1357 1711 1420 εά
1748 1367 1964 1436 Lingua
2019 1378 2218 1421 eorum

623 1463 847 1519 elevata
875 1472 964 1519 est
1003 1462 1059 1517 in
1086 1477 1187 1518 ore
1228 1463 1504 1532 ipsorum.
1706 1457 1806 1514 Hei
1829 1457 1988 1523 mihi,
2011 1457 2216 1521 anima,

625 1551 760 1622 quia
807 1551 980 1622 periit
1019 1551 1146 1621 pius
1181 1566 1214 1606 a
1241 1547 1462 1607 terra".
1490 1569 1509 1604 ι
1530 1545 1684 1604 Alius
1708 1545 1874 1600 item:
1903 1545 2221 1602 tContradi-

624 1639 842 1695 ctiones
858 1639 1092 1696 suscitat
1117 1641 1300 1694 omnis
1320 1639 1501 1695 malus
1517 1636 1564 1672 "
1582 1656 1598 1706 ;
1615 1638 1887 1694 Dominus
1905 1645 2092 1694 autem
2117 1651 2220 1692 an-

621 1730 812 1802 gelum
859 1728 1632 1786 immisericordemimmitet
1668 1730 1722 1784 ei
1781 1729 1848 1784 ‘“.
1919 1729 2211 1784 Rursum:

624 1803 652 1870 ἰ
683 1820 969 1890 Sapientia
1010 1821 1257 1877 hominis
1291 1821 1540 1879 illustrat
1562 1821 1757 1877 faciem
1789 1821 1911 1892 ejus
1938 1821 2006 1886 ",
2033 1821 2218 1890 impu-

627 1911 767 1968 dens
790 1920 978 1967 autem
1017 1911 1160 1968 faeie
1189 1913 1419 1968 odibilis
1453 1913 1564 1969 erit
1595 1913 1694 1968 ⁸⁸.»
1721 1913 1790 1968 Εῑ
1814 1931 1827 1966 :
1861 1933 1880 1965 ι
1901 1912 2007 1980 Qui
2030 1911 2220 1983 loqui~

632 2014 728 2059 tur
767 2004 983 2074 iniqua,
1017 2020 1131 2058 non
1172 2004 1406 2076 effugiet
1445 2007 1514 2071 “;
1563 2004 1658 2076 qui
1695 2005 1802 2059 sibi
1836 2014 1922 2060 est
1959 2019 2222 2076 nequam,

597 2097 719 2168 chi
747 2096 930 2152 bonus
961 2095 1073 2151 erit
1099 2095 1188 2150 σοι
1222 2117 1240 2148 ο
1267 2095 1518 2152 Similem
1549 2095 1608 2150 in
1639 2095 1870 2150 modum
1921 2095 2220 2164 Salomon:

569 2192 576 2198 '
597 2193 602 2198 ‘
635 2208 656 2241 ε
671 2187 848 2258 Malus
863 2201 992 2242 cum
1022 2186 1364 2242 contumelia
1385 2195 1674 2258 perpetrat
1691 2187 1904 2252 mala“,
1923 2186 2018 2258 qui
2037 2196 2223 2250 autem

629 2279 846 2348 seipsos
864 2278 1158 2348 explorant
1178 2285 1234 2333 et
1252 2286 1587 2348 agnoscunt,
1605 2277 1895 2348 sapientes
1929 2285 2065 2332 sunt
2093 2275 2164 2330 ".
2195 2293 2215 2327 ι

631 2370 848 2443 1082
873 2353 1172 2425 Terrorem
1197 2368 1362 2424 nobis
1381 2383 1542 2425 sacra
1559 2368 1680 2425 haec
1697 2369 1939 2426 incutiat
1969 2367 2225 2440 Scriptu-

629 2479 724 2530 ra;
746 2479 810 2518 ac
831 2461 1065 2533 proinde
1083 2461 1153 2518 ab
1175 2461 1327 2516 omni
1357 2461 1670 2518 temeritate
1687 2471 1744 2518 et
1775 2461 2225 2518 contradictione

630 2553 1032 2620 desciseamus,
1051 2561 1197 2609 utne
1219 2554 1414 2610 eadem
1436 2555 1506 2610 de
1525 2555 1689 2612 nobis
1711 2555 1847 2611 illud
1868 2555 2222 2628 pronuntiet:

638 2666 660 2702 ι
681 2647 1012 2704 Curavimus
1037 2646 1392 2718 Babylonem,
1411 2659 1468 2702 et
1494 2663 1605 2702 non
1624 2655 1713 2702 est
1737 2657 1928 2704 sanata
1941 2648 2008 2702 ⁸⁸.
2039 2665 2057 2699 ι
2080 2645 2227 2713 Quin

631 2741 824 2815 potius
867 2739 1001 2795 illud
1031 2737 1249 2794 exlsaia
1269 2739 1374 2810 ipsi
1405 2739 1601 2795 audire
1619 2755 2046 2818 promereamur
2075 2757 2092 2794 :
2123 2759 2142 2792 ι
2169 2737 2228 2795 Si

631 2831 926 2888 volueritis
949 2839 1007 2886 et
1043 2831 1410 2888 exaudieritis
1431 2847 1542 2896 me,
1583 2831 1730 2886 bona
1769 2839 1933 2887 terra:
1969 2830 2232 2887 comede-

633 2925 714 2981 tis
741 2925 807 2979 ".
849 2944 866 2975 ι
893 2925 1083 2994 Itaque
1122 2924 1385 2996 nosipsos
1465 2923 1912 2979 communiamus
1941 2923 1998 2979 in
2032 2924 2235 2996 primis

2305 437 2616 509 ἐτυφλώθη.
2643 437 2753 490 Καὶ
2786 436 2974 495 πάλιν.
2999 433 3330 488 ἐπιστέλλων
3364 434 3394 486 6
3438 434 3718 502 Ἀπὸστολος
3739 443 3804 494 τι.

2307 530 2511 602 μοθέῳ,
2543 529 2709 598 φησίν
2735 543 2750 559 ο
2788 547 2806 578 ι
2861 525 3212 596 Ἀλέξανδρος
3235 527 3262 579 6
3285 524 3521 596 χαλκεὺς
3541 527 3688 581 πολλὰ
3707 536 3811 586 κακά

2311 639 2400 693 μοι
2436 619 2770 685 ἐνεδείξατοο
2816 617 3039 690 ἀποδῴη
3087 617 3239 687 αὖτῷ
3268 617 3500 688 Κύριος.
3535 619 3622 672 ’ον
3662 623 3737 675 καὶ
3769 629 3812 677 si

2309 713 2588 786 φυλάσσου
2614 728 2628 744 ο
2656 710 2780 765 λίαν
2823 712 2934 782 γὰρ
2963 709 3297 777 ἀνθέστηκεν
3349 711 3464 772 τοῖς
3490 709 3738 779 ἡμετέροις
3757 712 3817 766 λό-

2309 823 2446 874 γοις.
2483 824 2502 858 ι
2539 805 2652 858 Καὶ
2705 802 2881 866 οὕτως
2915 801 3213 871 ἐκομίσατο
3260 799 3420 866 ἀξίαν
3457 801 3554 870 τῆς
3583 801 3816 873 ἀντιλογίας

2311 897 2662 967 ἀντάμειψιν.
2716 897 2829 950 Καὶ
2862 895 2892 949 6
2933 895 3221 968 προφήτης
3266 893 3532 962 Μιχαίας,
3564 893 3741 946 πενθῶν
3779 896 3820 947 τὸ

2311 988 2520 1060 ἀπηνὲς
2544 988 2638 1042 τοῦ
2667 986 2825 1049 λαοῦ,
2861 987 3034 1049 οὕτως
3079 985 3231 1052 λέγει
3258 999 3274 1014 ο
3304 1005 3322 1036 ι
3375 985 3442 1038 'H
3469 983 3670 1050 γλῶσσα
3693 988 3820 1040 «inii

2314 1081 2502 1154 ὑψώθη
2529 1084 2587 1136 ὲν
2610 1079 2689 1150 τῷ
2716 1082 2944 1147 στόματι
2973 1077 3174 1132 αὐτῶν.
3212 1097 3231 1129 ι
3257 1079 3421 1146 Οῐμοι
3451 1076 3613 1148 ψυχὴ,
3635 1079 3824 1132 sum

2313 1176 2485 1229 λωλεν
2515 1173 2754 1242 εὐλαϐὴς
2775 1174 2884 1227 ἀπὸ
2913 1173 3012 1242 τῆς
3042 1171 3172 1240 γῆς.
3213 1171 3326 1225 Καὶ
3358 1170 3553 1233 ἄλλος·
3589 1187 3606 1223 ι
3653 1171 3826 1226 Ἀντιλο-

2315 1268 2440 1336 γίας
2464 1268 2670 1338 ἐγείρει
2695 1267 2803 1328 πᾶς
2837 1264 3026 1327 κακός.
3071 1265 3130 1316 '0
3155 1263 3213 1316 δὲ
3250 1261 3484 1334 Κύριος,
3519 1263 3722 1329 ἄγγελον
3745 1265 3828 1318 ἀνι.

2315 1359 2560 1428 λεήμονα
2589 1355 3082 1428 ἐπιπέμψειαῦτῷ.
3113 1374 3132 1408 ι
3163 1356 3274 1409 Καὶ
3312 1355 3510 1409 πάλιν·
3546 1372 3566 1405 ι
3605 1355 3745 1423 Σοφὶα
3766 1357 3828 1408 ἁν-

2318 1449 2538 1522 θρὼπου
2568 1451 2764 1519 φωτιεῖ
2799 1448 3091 1520 πρόσωπον
3121 1446 3310 1502 αὑτοῦ.
3349 1465 3370 1510 ρ
3401 1446 3514 1500 Καί
3537 1461 3552 1478 '
3581 1463 3602 1498 ι
3651 1446 3830 1513 ’Δναιδὶξς

2321 1539 2620 1614 προσώπῳ,
2657 1539 3046 1611 μισηθήσεται,
3081 1537 3175 1590 καὶ
3204 1535 3585 1606 φθεγγόμενος
3609 1535 3758 1600 ἄδικα,
3774 1537 3830 1590 οξτο

2319 1633 2432 1696 Bai:
2459 1633 2518 1686 οὐ
2555 1631 2634 1704 μὴ
2679 1631 2842 1701 λάθῃ.
2883 1631 2946 1687 '0
2975 1629 3083 1708 γὰρ
3113 1628 3352 1700 nov-Imb;
3383 1629 3564 1698 ἑαυτῷ
3587 1671 3602 1693 ,
3631 1629 3720 1681 τίνι
3744 1629 3832 1696 ἀγι-

2319 1721 2412 1786 θδς
2451 1721 2644 1786 ﬁatut;
2689 1739 2710 1773 ι
2785 1717 3060 1782 Ὡσαύτως
3107 1717 3204 1772 καὶ
3259 1719 3288 1772 ὁ
3332 1716 3623 1790 Σολομὼν·
3662 1737 3682 1772 ι
3709 1719 3832 1782 Κακδς

2315 1813 2440 1888 μεθ’
2469 1813 2705 1886 ὕϐρεως,
2737 1813 2977 1883 πράσσει
3007 1811 3176 1866 κακά·
3211 1813 3260 1866 oi
3287 1811 3344 1865 δὲ
3369 1811 3580 1866 ἑαυτῶν
3601 1810 3833 1880 ὲπιγνὼμι·

2316 1923 2428 1972 νες,
2451 1905 2629 1974 σοφοί.
2653 1923 2673 1956 ι
2691 1904 3028 1976 Φοδηθῶμεν
3048 1902 3166 1971 οὖν,
3190 1903 3442 1972 ἀδελφοὶ,
3471 1903 3568 1974 τὴν
3595 1902 3728 1959 θείαν
3745 1903 3832 1974 Γρι-

2319 1998 2450 2070 φὴν,
2481 1997 2578 2051 καὶ
2611 1995 2956 2067 παυσώμεθα
2986 1996 3080 2053 τοῦ
3105 1992 3250 2050 εἶναι
3273 1997 3464 2069 ἰταμοὶ
3493 1997 3583 2049 καὶ
3611 1995 3830 2062 ἀντίλογοι,

2319 2091 2408 2146 ἵνα
2447 2088 2522 2162 μὴ
2565 2089 2701 2164 εἴπῃ
2759 2088 2854 2156 καὶ
2903 2090 3032 2162 περὶ
3085 2088 3284 2162 ἡμῶνο
3315 2108 3334 2142 ι
3380 2089 3746 2160 Ἰατρεὺσαμεν
3774 2087 3832 2158 τὴν

2320 2179 2640 2246 Βαϐυλῶνα,
2665 2179 2761 2234 καὶ
2791 2179 2894 2234 οὐκ
2941 2179 3100 2250 ίάσθη
3121 2196 3136 2210 ·
3183 2198 3202 2234 ι
3221 2181 3335 2235 Καὶ
3356 2181 3678 2250 ἀκούσωμεν
3701 2180 3832 2250 μᾶλλον

2321 2271 2419 2326 τοῦ
2437 2272 2661 2327 Ἡσαΐου
2695 2272 2967 2343 λέγοντος.
3001 2291 3020 2326 ι
3044 2272 3171 2327 Ἐὰν
3193 2271 3389 2344 θέλητε
3426 2273 3523 2328 καὶ
3553 2271 3831 2340 είσακοὺσηιὲ

2328 2388 2453 2442 μου,
2487 2370 2558 2426 τὰ
2600 2369 2783 2439 ἀγαθὰ
2820 2370 2918 2442 τῆς
2945 2371 3051 2441 γῆς
3100 2371 3368 2440 φάγεσθε.
3419 2390 3441 2425 υ
3485 2370 3670 2442 Ἡμεῖς
3707 2369 3832 2436 οὖντῇ

2324 2461 2804 2538 ταπεινοφροσύνῃ
2860 2465 2954 2517 καὶ
2989 2465 3055 2534 τῇ
3093 2464 3298 2535 ἠσυχίᾳ
3330 2462 3563 2527 ἑαυτοὺς
3603 2459 3835 2532 ἀσφαλιώ

2331 2555 2492 2624 μεθα.
2521 2555 2632 2610 Καὶ
2659 2555 2918 2624 ἑπόμενοι
2951 2558 3018 2628 τῇ
3058 2554 3179 2632 θείᾳ
3200 2556 3398 2627 Γραφῇ
3449 2551 3836 2624 ὕποταγῶμεντῷ

2327 2644 2518 2716 κλήρῳ
2571 2643 2801 2701 παύοντι
2859 2645 2959 2708 τὰς
3021 2645 3361 2715 ἀντιλογίας.
3429 2647 3589 2714 Μέγα
3634 2646 3837 2700 obviam

2329 2736 2495 2790 ὅπλον
2521 2737 2620 2804 τῆς
2643 2735 2844 2806 ψυχῆς,
2864 2738 2898 2805 ἡ
2934 2735 3078 2790 κατὰ
3106 2735 3240 2788 Θεὸν
3261 2735 3523 2808 ἄσκησις,
3554 2737 3610 2791 τὸ
3630 2736 3775 2790 λαλεῖν
3789 2734 3835 2803 τῷ

2332 2826 2452 2897 Θεῷ
2488 2811 2663 2882 πολλά
2686 2868 2701 2892 ,
2733 2829 2832 2892 καὶ
2868 2828 2982 2891 “toi;-
3030 2827 3346 2898 ἀνθρώποις
3391 2830 3679 2898 ἐλάχισται
3707 2826 3840 2886 νυκτὰ

2330 2919 2387 2974 δὲ
2445 2921 2542 2974 καὶ
2587 2918 2824 2990 ἡμέρας,
2855 2920 2992 2991 πρὸς
3025 2921 3127 2992 τὴν
3159 2921 3402 2992 ἐσχάτην
3440 2923 3644 2993 ἡμέραν
3675 2920 3838 2978 ἀποϐλέ-

635 3017 961 3073 humilitate
997 3024 1054 3072 et
1091 3017 1342 3081 silentio,
1369 3031 1703 3088 sacramque
1745 3017 1925 3072 secuti
1963 3016 2225 3086 Scriptu-

2335 3029 2480 3074 πειν.
2532 3013 2646 3066 Καὶ
2679 3012 2754 3084 μὴ
2788 3013 3150 3083 ὁμοιωθῶμεν
3193 3017 3308 3076 τοῖς
3358 3016 3595 3086 ἱερεῦσιν
3636 3015 3727 3068 τῶν
3753 3013 3838 3067 Ἰου·

637 3125 782 3174 ram,
811 3109 868 3163 in
892 3124 1087 3164 eorum
1126 3116 1338 3166 sortem
1375 3109 1696 3180 redigamur
1728 3110 1933 3180 quibus
1963 3123 2109 3164 cura
2148 3114 2236 3164 est

635 3201 835 3258 sedare
861 3200 1355 3256 contradictiones.
1389 3200 1532 3258 Sane
1557 3209 1618 3256 ut
1648 3201 1762 3256 Deo
1785 3215 2123 3257 consuescas
2150 3198 2236 3254 lo-

638 3295 734 3364 qui
765 3293 1097 3364 plurimum,
1131 3308 1256 3348 cum
1290 3293 1614 3349 hominibus
1651 3302 1836 3349 autem
1869 3307 2035 3362 quam
2059 3291 2232 3347 raris-

637 3387 809 3463 sime,
859 3387 976 3442 haec
1010 3387 1320 3442 monastica
1363 3385 1709 3452 exercitatio,
1755 3386 1950 3456 ingens
1991 3390 2080 3440 est.
2119 3382 2236 3452 ani-

641 3493 747 3533 mae
813 3486 1058 3552 scutum.
1101 3477 1202 3532 Die
1233 3493 1297 3532 ac
1350 3485 1538 3544 nocte,
1583 3476 1650 3532 ad
1689 3485 1998 3532 extremam
2050 3488 2230 3544 usque

636 3571 828 3626 exitus
894 3570 1110 3634 horam,
1178 3569 1389 3624 intenta
1439 3569 1558 3624 acie
1609 3569 1816 3624 mentis
1867 3567 2230 3638 spectandum

592 3680 612 3694 ·
639 3667 747 3724 est,
785 3658 1090 3729 nequando
1121 3657 1538 3728 comperiamur
1566 3657 1889 3714 Iudaeorum
1925 3653 2235 3711 sacerdoti-

638 3751 748 3809 bus
778 3751 1076 3817 assimiles,
1095 3751 1199 3822 qui
1249 3751 1476 3821 quidem
1529 3747 1940 3804 consuetudine
1978 3761 2234 3802 exsecra-

2330 3105 2531 3169 δαίων,
2581 3105 2779 3168 οἵτινες
2829 3104 3057 3159 εἰώθασι
3113 3105 3200 3160 ἀεὶ
3243 3103 3602 3161 ἀνθίστασθαι
3641 3106 3708 3176 τῷ
3746 3103 3824 3173 Θεῷ

2331 3197 2648 3268 Προσῆλθον
2673 3195 2806 3266 γὰρ,
2842 3197 3028 3264 φησὶν.
3077 3199 3126 3251 οἱ
3166 3200 3476 3272 ἀρχιερεῖς,
3502 3201 3576 3267 τῷ
3615 3197 3760 3266 Ἰησοῦ
3785 3195 3838 3246 ii-

2329 3303 2544 3356 γοντες,
2579 3305 2600 3340 ι
2644 3289 2734 3341 Ἔν
2778 3288 2908 3360 ποίᾳ
2945 3287 3170 3359 ἐξουσία
3201 3291 3380 3344 ταῦτα
3409 3291 3662 3361 ποιεῖςςῆ
3695 3289 3758 3349 τίς
3787 3302 3835 3338 σοι

2329 3376 2560 3430 δέδωκεν
2601 3376 2700 3446 τὴν
2748 3375 2998 3442 ἐξουσίαν
3029 3378 3270 3448 tati-cm;
3303 3399 3324 3432 ι
3377 3382 3436 3434 Ὀ
3468 3382 3522 3434 δὲ
3571 3379 3836 3452 μακρόθυμος

2333 3469 2538 3538 Κύριος
2559 3468 2818 3531 ἐπιεικῶς
2837 3470 3172 3540 ἀπεκρίνατο
3191 3473 3400 3536 αὐτοῖς,
3420 3474 3607 3541 λέγων·
3631 3494 3646 3524 ι
3669 3473 3833 3539 Ἑπρωσ

2333 3563 2484 3632 στήσω
2512 3563 2656 3632 ὑμᾶς
2691 3561 2848 3630 κάγὼ
2875 3563 2972 3614 ἕνα
2993 3563 3172 3632 λόγον,
3201 3565 3260 3620 ὃν
3286 3569 3388 3620 ἐὰν
3416 3567 3600 3636 εἴπητέ
3629 3583 3722 3637 μοι,
3741 3560 3832 3626 auirio

2335 3653 2480 3722 λέγω
2515 3655 2644 3725 ὑμῖν
2673 3655 2731 3706 ὲν
2779 3655 2912 3726 ποίᾳ
2957 3655 3178 3727 ἐξουσίᾳ
3213 3657 3394 3714 ταῦτα
3441 3661 3596 3714 ποιῶ.
3639 3678 3657 3710 ι
3686 3653 3831 3724 Lindi

2331 3744 2460 3812 δόξα
2490 3746 2570 3809 εἰς
2602 3747 2730 3808 τοὺς
2757 3746 2987 3812 αἰῶνας.
3046 3749 3242 3820 Ἀμήν.

641 3849 741 3904 bili
774 3848 1008 3904 Domino
1029 3849 1360 3904 restiterunt
1420 3860 1666 3916 semper.
1686 3845 2061 3900 Accesserunt
2083 3843 2232 3897 enim
2269 3840 2552 3911 principes
2581 3841 2938 3898 sacerdotum
2999 3843 3066 3898 ad
3117 3845 3306 3900 .lcsum
3371 3843 3748 3901 dicentesziln
3767 3849 3829 3907 qua

639 3947 916 4010 potestate
950 3939 1069 3994 haec
1096 3938 1279 3994 facis?
1319 3946 1416 3993 aut
1485 3938 1610 4010 quis
1643 3939 1742 3995 tibi
1785 3938 1940 3994 dedit
1983 3939 2126 3993 hanc
2159 3933 2538 4007 potestatem?
2579 3951 2600 3985 ι
2627 3931 2988 4006 Longanimis
3017 3936 3306 4007 Dominus,
3352 3955 3516 4010 quam
3565 3938 3662 3992 illis
3679 3945 3832 4001 respon-

642 4031 726 4089 dit
765 4031 1092 4086 mansuetel
1135 4050 1154 4081 ι
1179 4031 1543 4102 Interrogabo
1575 4039 1634 4086 et
1668 4047 1772 4102 ego
1808 4046 1929 4096 vos,
1991 4046 2163 4085 unum
2223 4029 2459 4083 verbum
2493 4045 2511 4094 ;
2551 4032 2700 4098 quod
2731 4029 2778 4083 si
2845 4028 3104 4086 dixeritis
3155 4031 3314 4099 mihi,
3336 4042 3396 4090 et
3431 4049 3529 4105 ego
3557 4031 3709 4087 dicam
3731 4022 3832 4081 vobis

643 4129 818 4202 inqua
833 4135 1109 4198 potestate
1137 4127 1252 4181 haec
1288 4126 1430 4182 facio
1461 4128 1530 4182 "°.
1558 4145 1577 4178 ι
1608 4127 1717 4198 ipsi
1758 4127 1932 4200 gloria
1955 4127 2010 4180 in
2031 4126 2252 4181 saecula.
2293 4125 2489 4180 Amen.

1201 4251 1488 4308 IIOMILIA
1525 4253 1773 4308 XXXIII.

1174 4361 1252 4415 De
1281 4363 1446 4416 otioso
1473 4379 1734 4416 sermone.

711 4470 1142 4540 Otiosiloquinm
1185 4487 1252 4524 ex
1305 4485 1373 4525 eo
1420 4471 1725 4542 ingignitur
1769 4471 1893 4536 tibi,
1946 4471 2094 4543 quod
2132 4487 2232 4543 per

644 4563 821 4616 otium
863 4563 1035 4616 vitam
1077 4561 1430 4624 transmittis,
1464 4573 1521 4618 et
1559 4578 1587 4617 a
1630 4572 1682 4618 te
1708 4564 2005 4618 excussisti
2027 4573 2234 4618 certam

640 4653 844 4708 futurae
880 4653 1008 4708 vita:
1047 4669 1220 4723 spem.
1265 4652 1322 4708 Si
1362 4655 1512 4708 enim
1551 4654 1745 4708 αξιοι-ιιι
1788 4655 1938 4710 illius
1978 4654 2236 4726 supplicii

640 4745 1016 4802 formidabilis
1070 4747 1296 4810 horror,
1329 4755 1386 4803 et
1435 4756 1652 4812 contra,
1684 4746 1833 4802 beati
1872 4748 2024 4817 regni
2085 4747 2238 4803 desi-

641 4839 861 4896 derium
896 4849 1138 4894 mentem
1172 4847 1478 4909 occuparet
1502 4847 1774 4902 nostram,
1797 4839 1959 4894 nullo
1989 4855 2235 4910 unquam

637 4942 924 4986 momento
951 4931 1034 4985 sic
1071 4946 1172 5000 per
1203 4930 1550 4998 inaniloquia
1576 4931 2012 4986 traduceremus
2038 4931 2228 4994 vitam;

643 5024 812 5094 idque
853 5037 921 5078 eo
946 5023 1205 5081 maxime.
1241 5022 1370 5092 quia
1413 5023 1765 5077 Dominicum
1794 5031 1955 5093 urget
2004 5022 2233 5077 manda-

639 5119 782 5174 tum,
807 5125 920 5180 quo
949 5109 1225 5180 significat
1266 5111 1542 5165 rationem
1585 5113 1932 5181 reposituros
1963 5127 2066 5166 nos
2115 5127 2238 5166 esse

641 5200 732 5254 die
769 5200 1106 5272 illojudicii,
1140 5201 1210 5255 de
1243 5201 1412 5255 verbo
1435 5201 1616 5256 otioso
1639 5202 1702 5254 '“.
1736 5201 2092 5272 Qutecunque
2111 5217 2244 5272 por-

641 5306 708 5345 ro
729 5291 928 5346 anima:
949 5301 1056 5347 tua:
1084 5293 1221 5346 nihil
1253 5291 1499 5347 afferunt
1519 5293 2084 5354 cmolumcnti,verba
2105 5293 2246 5348 otio-

640 5397 703 5436 sa
755 5392 906 5437 sunt.
935 5381 1126 5453 Operm
1149 5383 1318 5454 igitur
1351 5384 1590 5454 pretium
1634 5385 1728 5451 sit,
1770 5395 1833 5439 ut
1863 5384 1968 5454 ipsi
2019 5384 2090 5438 ab
2137 5384 2244 5438 im-

713 5523 759 5555 "
792 5523 836 5578 Il
877 5523 1020 5580 Tim.
1061 5541 1137 5588 ut,
1181 5525 1232 5580 8.

1340 5526 1385 5557 "
1419 5527 1541 5581 Act.
1596 5543 1724 5592 xm,
1756 5526 1812 5589 8,
1853 5527 1937 5580 Il.

640 5596 686 5630 ⁸⁸
727 5594 890 5650 Prov.
927 5611 1056 5656 xm,
1103 5597 1152 5648 ll
1286 5598 1330 5626 θ’

1386 5596 1525 5650 ibid.
1579 5597 1669 5652 24.

2046 5529 2092 5559 ⁸³
2126 5537 2164 5578 ιι
2201 5527 2350 5582 Tim.
2403 5521 2605 5592 nul”,
2665 5531 2750 5583 15.

1778 5596 1824 5626 ⁸³
1866 5594 2035 5651 Eecli.
2096 5614 2184 5658 xx,
2221 5599 2272 5652 5.

2959 4243 3181 4296 ΛΟΓΟΣ
3202 4243 3329 4297 AI“:

2858 4356 2998 4423 Περὶ
3039 4356 3416 4426 ἀργολογιδας.

2417 4463 2481 4516 Ἦ
2513 4462 2812 4532 ἀργολογία
2839 4463 2903 4517 ἐκ
2934 4465 3028 4518 τοῦ
3078 4466 3274 4536 σχολὴν
3307 4468 3462 4536 ἄγειν
3520 4465 3745 4536 γεννᾶται,
3766 4455 3823 4511 καὶ

2339 4555 2416 4626 μὴ
2478 4556 2790 4628 προσδοκᾷν
2842 4559 2912 4610 τὰ
2963 4559 3246 4628 μέλλοντα.
3302 4565 3366 4616 Εἰ
3411 4564 3518 4632 γὰρ
3555 4561 3642 4628 τὴν
3675 4554 3821 4610 κόλασιν

2335 4647 2702 4718 ὲδεδοίκειμεν
2729 4689 2744 4713 ,
2771 4649 2865 4702 καὶ
2900 4647 3001 4720 τῆς
3037 4650 3317 4720 βασιλείας
3347 4650 3648 4724 ὠρεγόμεθα
3667 4647 3764 4713 ,οὐκ
3779 4640 3818 4691 ἄν

2337 4741 2748 4812 ἀργολογοῦμεν
2779 4741 2934 4806 ποτέ,
2965 4743 3203 4813 μάλιστα
3233 4747 3317 4800 ὅτι
3352 4746 3444 4800 τοῦ
3480 4743 3665 4813 Κυρῖον
3696 4729 3812 4797 ἐντολῆ

2338 4835 2487 4886 ἐστιν
2525 4833 2684 4899 λόγον
2731 4833 2954 4901 ὑφέξειν
3001 4837 3147 4906 ἡμᾶς
3193 4839 3251 4892 ὲν
3297 4839 3472 4910 καιρῷ
3517 4837 3714 4908 κρῖσεως
3735 4821 3811 4891 περὶ

2339 4923 2512 4994 ἀργοῦ
2544 4921 2817 4994 ῥήματος·
2869 4927 2970 4980 ὅσα
3001 4927 3060 4980 δὲ
3100 4929 3286 5002 ὄνησιν
3325 4935 3389 5004 τῇ
3435 4931 3568 5001 ψυχῇ
3613 4926 3665 4979 οὐ
3705 4920 3804 4988 φέρειν

2340 5015 2488 5086 ἀργὰ
2536 5018 2758 5086 ῥήματα
2803 5018 3162 5090 ὑπάρχουσιν.
3211 5024 3526 5094 Ἀναγκαῖον
3571 5019 3652 5074 οὖν
3695 5008 3810 5084 ﬁlii”:-

2343 5107 2782 5179 ὲγκρατεύεσθαι
2811 5112 2906 5164 τοῦ
2941 5111 3014 5181 μὴ
3045 5112 3232 5168 δοῦναι
3259 5116 3440 5190 χώραν
3462 5117 3523 5186 τῇ
3565 5099 3814 5190 ἁργολοῖίῆ⁶

2341 5202 2370 5254 6
2394 5200 2502 5272 γὰρ
2536 5201 2643 5254 ὑπὸ
2672 5201 2780 5255 τῶν
2813 5205 3028 5274 μικρῶν
3057 5206 3302 5277 εὐχερῶς
3332 5185 3625 5276 νικώμενος,
3656 5195 3725 5252 καὶ
3743 5185 3813 5245 10:4

2346 5296 2606 5366 μεγάλοις
2637 5293 2698 5360 ἐξ
2727 5294 2973 5367 ἀνάγκης
2996 5297 3318 5352 δεδούλωται
3341 5315 3356 5330 ’
3381 5301 3406 5353 6
3428 5297 3480 5352 δὲ
3505 5291 3681 5348 τούτων
3702 5293 3813 5337 κατα·

2345 5387 2582 5460 φρονῶν,
2619 5387 2718 5442 καὶ
2753 5390 2866 5452 τοῖς
2903 5389 3161 5457 μεγάλοις
3181 5392 3239 5444 ὲν
3266 5391 3467 5464 Κυρίῳ,
3499 5379 3806 5442 ἀντιτάσσεται-

2852 5532 2898 5563 ιυ
2957 5527 3300 5597 Μίοίι.νι,12;
3326 5528 3446 5595 νιβ.
3463 5531 3501 5562 ι·
3532 5529 3662 5582 Prov.
3685 5508 3803 5597 πολι

2379 5577 2605 5670 δί’ὲεὶῥῖ
2636 5577 2759 5665 ιζ’ὲζ
2866 5603 2910 5631 οη
2952 5577 3486 5667 ἕέὲίἰῖἶιιῖ,’5’.”“’σσ
3514 5577 3650 5655 ῥέοι.
3675 5577 3808 5649 mu.

635 5668 684 5700 ⁸⁷
717 5665 885 5734 Εροιί.
909 5681 1018 5730 xw,
1045 5665 1414 5724 22.”)erem.
1447 5681 1518 5731 LI,
1551 5667 1604 5724 9.
1687 5667 1728 5701 ”
1759 5665 1861 5721 lsa.
1896 5683 1934 5736 ι,
1973 5669 2058 5722 t9.
2136 5670 2182 5699 ⁷⁸
2213 5669 2225 5724 l

2319 5665 2660 5760 ath..xxt,_25,
2696 5673 2789 5732 24.
2864 5673 2902 5704 ⁷⁸
2940 5671 3132 5728 Matth.
3157 5665 3372 5739 xn,’36.
