4016 6450
158 2670 168 2675 ⁵
273 2691 338 2744 δὲ
363 2678 450 2749 παὶ
484 2693 513 2747 ὁ
556 2692 880 2756 Ἀπόςτολος
910 2709 924 2723 ·

256 304 384 372 Ibil

1332 310 1658 373 HOMILIA
1701 312 1966 377 XXXIV.
1999 340 2070 354 -τ
2096 317 2197 380 DE
2235 317 2437 380 OTIO.

3388 300 3522 369 1332

253 422 374 489 Χρὴ
405 414 498 472 οὖν
556 419 702 489 πάσῃ
740 419 953 487 φυλακῇ
1007 423 1193 489 τηρεῖι
1249 422 1344 489 τὴν
1389 422 1618 491 καρδίαν
1659 424 1749 476 καὶ
1780 422 1840 475 τὸ

1967 424 2182 480 nodicis
2204 424 2499 494 colloquiis
2532 421 2741 475 intenta
2772 435 2904 474 cura
2929 416 3090 474 nobis
3126 422 3519 488 temperemus.

253 513 434 581 σῶμα,
456 512 743 583 ἀραρότως
773 512 1112 580 φθέγγεσθαι
1135 511 1206 574 ὡς
1238 512 1566 576 αὐτοτελεῖς,
1603 514 1836 580 μάλιστα

254 605 402 672 ἡμᾶς
431 601 559 665 τοὺς
592 601 882 662 δοκοῦντας
914 602 1216 663 παιδεύειν,
1249 605 1344 655 καὶ
1368 605 1690 673 καθοδηγεῖν
1714 606 1838 667 τοὺς

253 694 315 747 ὲν
355 693 433 763 τῷ
487 694 697 762 κόσμῳ,
747 694 829 745 ἵνα
882 693 956 763 μὴ
996 693 1358 763 ἀκούσωμενο
1409 712 1427 745 ι
1475 694 1535 747 '0
1572 696 1835 759 διδάσκων

251 785 515 857 ἐτέρους,
576 784 804 843 σεαυτὸν
855 787 918 839 οὐ
954 785 1262 848 διδάσκεις;
1308 805 1326 837 ι
1400 787 1682 850 ’Δϐουλίας
1731 786 1841 857 γὰρ

254 882 562 950 τεκμήριον
588 877 646 929 τὸ
675 876 1021 946 ἀργολογεῖν,
1048 876 1125 939 ὡς
1155 876 1254 931 καὶ
1285 879 1341 930 ὲν
1371 881 1491 940 ταῖς
1511 878 1844 948 Παροιμίαις

255 969 572 1037 ’γέγραπται
591 983 606 999 ο
648 968 801 1027 ιΥἱὲ.
830 969 905 1037 μὴ
936 967 1188 1039 ζηλώσῃς
1218 969 1413 1038 ἄνδρας
1440 969 1668 1033 κακοὺς,
1709 968 1843 1039 μηδὲ

256 1059 609 1131 ἐπιθυμήσῃς
663 1056 803 1114 εἶναι
859 1060 978 1130 μετ’
1024 1061 1225 1114 αὐτῶν.
1270 1081 1288 1111 ι
1332 1062 1439 1115 Καὶ
1490 1062 1719 1128 ἐπάγει,
1754 1061 1844 1112 λέ-

255 1166 372 1219 γων
398 1165 412 1179 ο
458 1169 477 1198 ι
519 1149 705 1218 Σςόμα
738 1151 998 1219 ἄστεγον,
1027 1153 1174 1204 ποιεῖ
1200 1151 1611 1211 ἀκαταστασίας
1641 1188 1653 1212 ,
1695 1151 1786 1203 καὶ
1818 1152 1845 1203 ὁ

256 1241 453 1312 ἂφρων
484 1241 751 1312 πληθύνει
804 1241 1019 1310 λόγους.
1056 1262 1075 1293 ι
1112 1242 1223 1295 Καὶ
1255 1240 1421 1295 πάλιν
1444 1257 1457 1270 ο
1497 1260 1515 1291 ι
1564 1242 1623 1294 ’0
1657 1242 1846 1294 πλεον-

256 1332 408 1398 άζων
428 1331 604 1401 λόγον,
650 1333 1090 1405 βδελυχθήσεται.
1137 1333 1232 1387 Ἐκ
1262 1333 1587 1400 πολυλογίας
1617 1334 1726 1403 γὰρ
1747 1334 1846 1386 οὐκ

257 1422 584 1493 ἐκφεύξεται
612 1424 908 1495 ἁμαρτίας,
928 1425 1247 1496 φειδόμενος
1272 1426 1330 1478 δὲ
1353 1425 1600 1495 χειλέων,
1628 1425 1721 1494 νοή
1731 1441 1847 1492 μων

259 1512 437 1568 ἔσται.
472 1532 496 1567 ι
542 1515 653 1569 Καὶ
692 1516 856 1575 πάλιν
882 1531 898 1546 “
933 1533 952 1573 ι
1010 1516 1134 1569 Ἑπὶ
1179 1515 1339 1583 φίλου
1381 1514 1480 1568 καὶ
1519 1514 1716 1584 ἐχθροῦ
1771 1514 1847 1585 μὴ

257 1601 453 1675 διηγοῦ
488 1602 659 1673 βίους·
681 1604 1020 1675 ἀλλοτρίους.
1059 1621 1078 1657 ι
1122 1603 1276 1658 Καί·
1320 1623 1341 1656 ι
1377 1603 1441 1683 Et
1483 1603 1559 1673 μὴ
1586 1604 1735 1657 ἐστιν
1766 1619 1848 1655 σοι

261 1692 512 1761 ἁμαρτία
536 1733 551 1758 ,
605 1692 681 1763 μὴ
728 1692 1110 1746 ἀποκάλυπτε.
1167 1710 1187 1744 ι
1223 1692 1389 1760 Λέγει
1440 1691 1498 1745 δὲ
1530 1692 1626 1745 καὶ
1659 1694 1688 1744 ό
1728 1690 1849 1744 ’1ὼό

1944 530 2014 568 ne
2068 516 2195 585 quis
2224 514 2466 570 resideat
2509 514 2662 567 locus
2710 511 2889 564 otioso
2923 509 3189 564 sermoni.
3223 508 3326 576 Qui
3373 510 3525 564 enim

1946 605 2107 661 facile
2158 605 2291 658 sinit
2331 604 2588 673 intercipi
2620 618 2677 656 se
2708 618 2772 656 ac
2808 600 2953 656 vinci
3006 616 3037 655 a
3088 615 3146 654 re
3186 600 3523 670 permodica,

1947 712 1976 750 υ
2009 695 2222 764 magnis
2253 709 2482 749 necesse
2545 692 2604 746 fit
2658 693 2807 746 hunc
2840 691 2895 745 in
2947 692 3270 746 servitutem
3325 689 3525 761 redigi.

1947 786 2049 852 Qui
2092 802 2256 856 parva
2293 786 2409 839 haec
2467 783 2824 853 contemptim
2862 783 3112 853 negligit,
3135 790 3193 836 et
3220 782 3332 837 illis
3358 783 3526 839 oblu-

1949 886 2133 931 etatur
2171 892 2293 946 qua:
2319 876 2524 945 alioqui
2551 875 2692 945 apud
2718 874 3007 928 Dominum
3039 874 3218 944 magni
3254 883 3385 929 sunt
3413 892 3533 931 mo-

1950 967 2147 1021 menti.
2182 965 2345 1023 Omni
2375 967 2544 1035 igitur
2576 965 2828 1019 custodia
2868 964 3294 1026 custodiendum
3350 981 3447 1022 eor
3473 976 3534 1024 et

1950 1074 2175 1128 eorpus,
2203 1073 2304 1113 nec
2337 1058 2516 1113 laxius
2545 1073 2711 1126 quam
2737 1056 2897 1110 decet
2940 1056 3239 1125 perfectos,
3293 1058 3547 1129 loquen-

1952 1153 2109 1216 dum,
2149 1151 2316 1206 nobis
2348 1151 2587 1204 maxime
2626 1148 2721 1219 qui
2750 1148 2942 1202 mundi
2990 1148 3249 1203 homines
3276 1149 3533 1206 videmur

1951 1242 2203 1307 erudire,
2252 1257 2316 1296 ac
2354 1242 2456 1295 via:
2497 1239 2766 1295 salutaris
2802 1254 2924 1294 csse
2953 1239 3064 1293 illis
3106 1239 3416 1309 praeduces,
3462 1257 3534 1299 ne

1951 1328 2178 1397 quando
2218 1329 2505 1398 contingat
2538 1327 2733 1382 audire
2754 1343 2857 1382 nos
2884 1344 2898 1381 :
2940 1347 2959 1379 ι
2984 1327 3092 1394 Qui
3130 1327 3303 1383 alium
3335 1330 3530 1397 doces,

1960 1419 2196 1488 teipsum
2227 1433 2343 1472 non
2382 1419 2552 1473 doces
2578 1419 2622 1449 ⁷*
2646 1419 2670 1472 ‘l
2692 1436 2710 1470 ι
2739 1418 3095 1475 Temeritatis
3116 1422 3279 1491 plane
3305 1425 3540 1482 evidens

1953 1521 2039 1566 est
2075 1518 2469 1582 argumentum
2498 1511 2579 1566 sic
2600 1511 2781 1567 otiose
2816 1512 2985 1567 verba
3005 1512 3298 1571 effundere
3344 1524 3403 1572 et
3425 1530 3536 1571 nu-

1954 1602 2095 1672 gari,
2120 1602 2589 1672 quemadmodum
2614 1612 2672 1658 et
2698 1603 2753 1657 in
2776 1604 3102 1659 Proverbiis
3117 1606 3389 1676 scriptum
3418 1618 3539 1664 est:

1962 1710 1981 1747 ι
2011 1691 2138 1755 Fili,
2164 1707 2235 1746 ne
2265 1691 2551 1747 aemuleris
2581 1692 2732 1747 viros
2767 1692 2962 1756 malos,
2991 1709 3132 1749 neve
3170 1696 3543 1766 concupiscas

260 1784 378 1844 τοῖς
439 1780 614 1850 φίλοις
661 1780 830 1834 αὑτοῦ
864 1796 879 1812 ο
939 1801 958 1834 ι
1018 1783 1120 1853 Et?)
1147 1782 1206 1835 δὲ
1240 1782 1370 1851 ὑμῖν
1401 1781 1685 1849 κωφεῦσαι
1714 1819 1729 1844 ,
1764 1783 1858 1839 καὶ

1967 1795 2086 1837 esse
2109 1796 2236 1835 cum
2268 1780 2353 1836 eis
2379 1782 2447 1836 ”.
2474 1800 2494 1833 ι
2526 1782 2596 1836 Ει
2621 1781 2872 1836 inducit:
2907 1803 2926 1833 ο
2959 1781 3034 1839 Os
3054 1784 3203 1854 quod
3225 1802 3336 1841 non
3371 1787 3544 1844 habet

260 1871 606 1942 ἀποϐήσεται
642 1873 772 1943 ὑμῖν
799 1871 985 1943 σοφία.
1025 1892 1046 1926 ι
1079 1874 1189 1927 Καὶ
1237 1873 1462 1945 ἕτεροςο
1508 1893 1526 1926 ι
1569 1874 1858 1946 Μακάριος

258 1964 428 2043 ἀνὴρ,
457 1965 516 2027 ὃς
543 1964 644 2017 οῦκ
673 1963 978 2033 ὠλίσθησεν
1008 1966 1066 2019 ὲν
1094 1964 1174 2035 τῷ
1206 1966 1435 2037 στόματι
1473 1966 1661 2022 αὑτοῦ.
1700 1989 1716 2021 ι
1749 1968 1859 2021 Καὶ

260 2051 457 2114 πάλιν,
484 2068 509 2109 ⁸ι
561 2050 620 2106 '0
665 2052 1132 2123 ἐγκρατευόμενος
1163 2054 1383 2127 γλώσσῃ
1423 2056 1633 2127 ἄμαχος
1664 2055 1860 2126 βιώσε-

260 2155 394 2197 ται·
426 2142 541 2207 καὶ,
570 2144 600 2196 ὁ
630 2143 805 2213 μισῶν
836 2144 1052 2212 λαλιὰν,
1097 2145 1419 2202 ἐλαττοῦται
1468 2147 1692 2205 κακίαν.
1721 2167 1742 2203 ι
1774 2153 1864 2204 Δις

264 2231 528 2303 αγορεύει
561 2232 616 2285 δὲ
640 2234 732 2286 καὶ
763 2233 791 2287 ό
837 2232 1289 2306 Εκκλησιαστήςο
1322 2255 1341 2288 ι
1384 2237 1549 2305 Λόγοι
1594 2238 1863 2307 στόματος

269 2321 442 2390 σοφοῦ
471 2364 484 2389 ,
515 2322 676 2392 χάρις
698 2337 710 2351 ·
770 2323 864 2375 καὶ
896 2325 1048 2394 χείλη
1092 2323 1330 2396 ἄφρονος
1375 2326 1860 2381 καταποντίσουσιν

268 2414 460 2467 αὐτόν·
485 2414 654 2485 ἀρετὴ
682 2414 790 2484 γὰρ
833 2417 1105 2486 στόματος
1140 2416 1305 2470 αὑτοῦ
1337 2418 1641 2489 ἀφροσύνη·
1682 2437 1703 2472 ι
1751 2420 1882 2475 Καίο

280 2524 301 2557 ι
348 2506 408 2558 Ὀ
442 2505 630 2575 ἄφρων
691 2507 954 2577 πληθύνει
999 2507 1215 2576 λόγους.
1250 2529 1270 2562 ι
1314 2512 1424 2565 Καὶ
1456 2513 1653 2580 ἐπάγει
1684 2529 1697 2543 ο
1729 2531 1750 2564 ι
1801 2514 1862 2573 ’0

278 2598 505 2664 ἀγαπῶν
536 2597 681 2670 ζωὴν
713 2600 961 2666 φείσεται
996 2601 1265 2671 στόματος
1295 2603 1485 2658 αὑτοῦ.
1520 2622 1539 2657 ι
1587 2604 1864 2668 Ὡσαύτως

961 2711 979 2744 ι
1014 2696 1127 2758 Πᾶς
1155 2693 1315 2761 λόγος
1349 2694 1557 2766 σαπρὸς
1586 2695 1604 2734 ί
1627 2735 1642 2761 ,
1679 2698 1743 2748 ὲκ
1770 2695 1862 2749 τοῦ

277 2783 546 2853 στόματος
579 2785 732 2861 ὑμῶν
776 2784 852 2856 μὴ
883 2786 1292 2856 ἐκπορευέσθω,
1318 2786 1432 2858 ἀλλ’
1461 2789 1513 2840 ετ
1535 2804 1618 2850 τις
1662 2787 1863 2856 ἀγαθὸς

273 2873 417 2942 πρὸ,
450 2876 774 2946 οἰκοδομεῖν,
833 2876 920 2930 ἵνα
975 2877 1051 2947 δῷ
1104 2879 1264 2948 χάριν
1318 2882 1431 2942 τοῖς
1480 2878 1789 2933 ἁκούουσιν.
1840 2898 1859 2932 ι

1958 1872 2307 1942 operculum,
2342 1872 2491 1941 parit
2515 1856 2821 1927 seditiones
2844 1873 2913 1926 ⁷⁵.
2930 1892 2951 1925 ι
2974 1874 3069 1929 Et:
3104 1893 3123 1926 ι
3156 1874 3370 1933 Stultus
3391 1878 3538 1934 mul-

1960 1963 2179 2033 tiplicat
2214 1963 2384 2018 verba
2415 1964 2461 1995 ⁷⁸
2491 1979 2506 2029 ;
2534 1964 2629 2033 qui
2652 1962 2900 2019 abundat
2925 1979 3205 2032 sermone,
3247 1966 3539 2023 abomina-

1959 2056 2093 2112 bilis
2118 2056 2229 2112 erit
2257 2056 2425 2110 ".Ex
2450 2055 2808 2126 multiloquio
2831 2071 2943 2111 non
2964 2056 3195 2128 effugiet
3223 2068 3541 2129 peccatum,

1963 2162 2209 2219 parcens
2238 2155 2421 2203 autem
2446 2147 2965 2218 labiis,intelligens
2991 2148 3102 2203 erit
3123 2149 3189 2204 ’⁷.
3225 2167 3245 2201 ι
3277 2150 3494 2207 Rursus
3518 2169 3538 2207 :

1969 2257 1988 2291 ι
2022 2238 2182 2309 Apud
2212 2238 2451 2293 amicum
2474 2247 2531 2292 et
2555 2237 2840 2292 inimicum
2870 2252 2939 2294 ne
2965 2254 3198 2295 enarres
3214 2240 3383 2297 vitam
3407 2242 3544 2299 alio-

1964 2346 2093 2386 nam
2127 2330 2194 2384 ".
2225 2350 2243 2387 ι
2267 2329 2481 2401 1083
2515 2330 2615 2385 Et:
2640 2348 2659 2381 ι
2693 2330 2747 2384 Si
2776 2344 2888 2384 non
2913 2329 3058 2385 adsit
3091 2330 3194 2385 tibi
3226 2341 3540 2402 peccatum,

1963 2438 2035 2478 ne
2072 2422 2287 2477 reveles
2315 2422 2378 2475 ⁷⁸.
2417 2441 2437 2474 ι
2466 2421 2569 2478 Job
2593 2436 2814 2491 quoque
2845 2420 3041 2477 amicis
3068 2422 3186 2477 suis
3215 2439 3230 2476 :
3270 2441 3287 2474 ι
3319 2422 3542 2480 Utinam

1965 2514 2449 2581 obmutesceretis,
2472 2522 2532 2569 ut
2562 2514 2912 2584 contingeret
2944 2512 3103 2568 vobis
3118 2513 3388 2583 sapientia
3419 2515 3486 2570 '°.
3513 2534 3535 2567 ι
3570 2530 3577 2537 ·

1961 2604 2115 2660 Alter
2141 2623 2154 2659 :
2179 2625 2197 2656 ι
2222 2605 2423 2660 Beatus
2448 2605 2534 2659 vir
2556 2605 2651 2674 qui
2677 2620 2789 2659 non
2818 2613 2904 2659 est
2919 2606 3107 2675 lapsus
3133 2605 3316 2675 lingua
3336 2606 3535 2661 sua”.»

1964 2694 2182 2751 Rursus
2209 2712 2223 2749 :
2261 2715 2278 2747 ι
2305 2696 2409 2763 Qui
2450 2696 2775 2752 moderatur
2797 2696 3067 2766 linguam,
3089 2695 3211 2751 sine
3234 2696 3434 2767 iurgiis
3457 2696 3547 2752 νὶ-

1968 2795 2060 2840 vet
2085 2787 2130 2818 ⁸²
2158 2803 2174 2852 ;
2201 2786 2296 2855 qui
2341 2787 2462 2842 odit
2490 2787 2903 2856 loquacitatem,
2937 2788 3143 2842 minuit
3172 2788 3440 2844 malitiam
3473 2787 3545 2845 ⁸³.

1969 2880 2076 2936 Sed
2105 2889 2163 2936 et
2186 2882 2578 2945 Ecclesiastes,
2608 2884 2827 2953 garrula
2861 2884 2962 2938 ista
2986 2884 3322 2954 loquacitate
3375 2884 3551 2940 inter-

277 2967 539 3035 Ἔχοντες
564 2965 678 3032 οὖν,
714 2969 1013 3038 ἀγαπητοὶ,
1045 2969 1315 3032 τοσαύτας
1365 2971 1668 3040 μαρτυρίας
1714 2970 1858 3042 πάσῃ

1967 2971 2102 3027 dicit
2134 2972 2295 3028 nobis
2314 2980 2329 3027 :'
2363 2993 2380 3025 ι
2407 2973 2705 3029 Sermones
2722 2975 2837 3030 oris
2862 2976 3150 3045 sapientis,
3172 2977 3370 3046 gratia,
3402 2976 3550 3033 labia

276 3060 486 3130 σπουδῇ
521 3060 851 3132 ἁποστῶμεν
875 3061 977 3131 τῆς
1009 3060 1346 3130 ἀνωφελοῦς,
1376 3061 1578 3133 μᾶλλον
1615 3062 1670 3114 δὲ
1698 3062 1858 3131 ψυχο-

1968 3062 2125 3118 stulti
2161 3063 2493 3133 demergent
2522 3080 2650 3118 eum
2685 3081 2701 3130 ;
2730 3065 3064 3136 principium
3100 3069 3248 3122 enim
3281 3067 3398 3123 oris
3429 3069 3552 3138 ejus

270 3149 516 3211 ελαϐοῦς
545 3151 893 3222 ἁργολογίας,
926 3151 1235 3215 ἐννοοῦντες
1273 3153 1656 3218 ἀδιαλείπτως,
1687 3154 1761 3216 ὼς
1787 3154 1858 3206 εἴ·

1971 3156 2210 3210 Stultitia
2232 3156 2329 3209 ⁸⁸.»
2353 3156 2454 3211 Et:
2487 3176 2505 3208 ι
2536 3155 2753 3212 Stultus
2773 3158 3106 3228 multiplicat
3131 3174 3416 3215 sermones
3437 3160 3553 3216 ⁸³.»

272 3261 468 3315 ρηται,
503 3245 597 3317 τὴν
638 3246 874 3317 φοϐερὰν
906 3245 1138 3317 ἀπειλὴν
1172 3245 1266 3299 τοῦ
1299 3247 1530 3318 Κυρίου,
1571 3247 1821 3315 λέγοντος
1847 3261 1858 3274 ·

1973 3246 2233 3302 lnducit:
2274 3266 2292 3297 ι
2330 3247 2435 3313 Qui
2470 3247 2651 3318 diligit
2671 3249 2862 3313 vitam,
2887 3260 3079 3319 parcet
3108 3251 3190 3304 ori
3218 3265 3322 3305 suo
3347 3249 3558 3307 “aliis

278 3354 307 3387 ί
354 3336 521 3408 ’Δμὴν
552 3338 697 3407 λέγω
725 3339 876 3407 ὑμῖν,
915 3341 999 3394 ὅτι
1032 3340 1139 3391 πᾶν
1170 3339 1324 3410 ῥῆμα
1361 3338 1532 3408 ἀργὸν
1558 3381 1573 3402 ,
1597 3339 1625 3390 ὃ
1653 3340 1748 3391 ἐὰν
1771 3339 1858 3391 λα-

1970 3338 2535 3408 concinitApostolus
2573 3357 2587 3393 :
2629 3358 2648 3390 ι
2685 3339 2878 3396 Omnis
2910 3356 3093 3397 sermo
3128 3343 3307 3397 malus
3339 3358 3406 3398 ex
3454 3358 3555 3399 ore

279 3426 524 3496 λήσωσιν
566 3431 614 3482 cl
654 3430 938 3501 ἄνθρωποι
961 3471 974 3493 ,
1012 3430 1389 3483 ἀποδώσουσιν
1425 3430 1583 3498 λόγον
1614 3430 1742 3499 περὶ
1773 3428 1858 3481 αὐ-

1976 3439 2163 3485 vestro
2187 3446 2302 3485 non
2337 3431 2620 3501 procedat,
2645 3432 2740 3486 sed
2773 3433 2818 3486 si
2851 3438 2978 3502 quis
3013 3434 3194 3489 bonus
3220 3434 3287 3488 ad
3313 3433 3556 3491 aedifica-

274 3517 377 3571 τοῦ
410 3520 467 3573 ἐν
496 3522 681 3593 ἡμέρᾳ
708 3523 967 3593 κρίσεως.
1008 3541 1026 3574 ι
1063 3521 1225 3593 Αὐτῷ
1253 3524 1287 3592 ἡ
1316 3520 1445 3586 δόξα
1473 3523 1555 3584 είς
1583 3522 1711 3584 τοὺς
1742 3519 1858 3575 αἰῶ·

1977 3520 2211 3583 tionem,
2237 3530 2299 3574 ut
2331 3519 2425 3574 det
2455 3522 2689 3591 gratiam
2735 3523 3093 3578 audientibus
3128 3523 3192 3576 ".
3234 3543 3252 3576 ι
3280 3522 3417 3579 Cum
3450 3524 3554 3594 igi-

274 3628 404 3673 νας.
447 3613 643 3683 ’Λμήν.
1425 3681 1429 3686 λ

1972 3620 2084 3676 tur,
2108 3611 2447 3677 charissimi,
2482 3622 2562 3667 tot
2590 3614 2728 3669 adeo
2757 3629 3086 3669 moneamnr
3121 3613 3420 3687 Scriptura:
3472 3624 3558 3671 te-

270 3701 583 3766 stimoniis,
611 3703 760 3755 omni
817 3701 1005 3757 studio
1034 3702 1324 3758 vitabundi
1354 3701 1704 3779 defugiamus
1759 3701 1969 3757 otiosos
2003 3718 2312 3768 sermones,
2369 3720 2481 3758 non
2525 3704 2755 3759 inutiles
2783 3705 2969 3769 modo,
2991 3706 3087 3762 sed
3125 3715 3182 3761 et
3224 3721 3560 3779 magnopere

272 3794 577 3853 animabus
606 3798 818 3853 nostris
843 3799 1296 3863 detrimentusos,
1334 3813 1498 3868 aque,
1528 3798 1821 3853 utdictum
1856 3799 1970 3869 jam
2009 3807 2116 3863 est,
2158 3814 2348 3854 vocem
2396 3798 2544 3852 illam
2586 3798 2807 3853 Domini
2867 3800 3099 3854 terroris
3149 3808 3209 3855 et
3272 3798 3553 3854 fortitudi-

274 3895 375 3949 nis
440 3895 655 3964 plenam
723 3896 1003 3965 perpetim
1081 3896 1423 3966 cogitemus,
1479 3911 1588 3964 qua
1652 3911 1871 3966 poenam
1911 3896 2402 3950 interminaturu
2435 3898 2610 3949 Amen
2670 3894 2798 3949 dico
2824 3895 3001 3961 vobis,
3047 3896 3178 3966 quia
3241 3911 3406 3951 omne
3431 3909 3559 3951 ver-

274 3989 418 4043 bum
448 3986 691 4041 otiosum
721 3988 1108 4056 quodcunque
1160 3987 1335 4040 locuti
1382 3986 1593 4041 fuerint
1646 3986 1923 4049 homines,
1964 3987 2199 4042 reddent
2256 3988 2527 4043 rationem
2566 3988 2635 4043 de
2666 3988 2822 4043 eoin
2850 3988 2941 4043 die
2984 3988 3176 4059 iudicii
3213 3989 3276 4044 ⁸⁸.
3300 3988 3405 4059 lpsi
3444 3988 3563 4060 glo-

278 4083 371 4139 ria
410 4083 465 4137 in
493 4083 714 4139 saecula.
766 4083 962 4137 Amen.

891 4192 1111 4245 ΛΟΓΟΣ
1141 4190 1262 4245 AA'.

820 4305 957 4372 Περὶ
996 4305 1351 4372 περιεργίας.

366 4424 439 4475 Τὸ
470 4421 958 4493 πολυπραγμονεῖν
993 4418 1090 4473 καὶ
1124 4417 1592 4488 περιεργάζεσθαι
1622 4417 1690 4472 τὰ
1718 4417 1876 4474 ἀλλό-

2489 4191 2777 4248 IIOMILIA
2810 4192 3028 4248 XXXIV

2650 4300 2729 4355 De
2760 4302 2885 4356 otio.

2051 4413 2265 4470 Rerum
2312 4412 2623 4468 alienarum
2678 4422 2927 4485 satagere
2976 4414 3288 4482 curiosius,
3340 4428 3396 4473 et
3439 4433 3567 4490 qua

278 4531 421 4584 τρια
445 4552 459 4575 .
521 4512 866 4583 ἀνάρμοστόν
913 4514 1062 4565 ἐστιν
1114 4510 1390 4583 ἀνθρώπῳ
1431 4509 1509 4581 τῷ
1545 4509 1751 4563 θέλοντι
1781 4510 1858 4562 εὑ-

1977 4520 2386 4577 supervacanea
2413 4513 2565 4571 sunt,
2593 4520 2697 4559 nec
2722 4506 2889 4560 ullius
2914 4505 3107 4578 frugis,
3135 4507 3351 4575 moliri,
3400 4525 3566 4579 pror-

277 4608 595 4678 αρεστῆσαι
637 4605 778 4675 Θεῷ.
843 4604 901 4658 ’0
941 4604 1050 4675 γὰρ
1104 4602 1427 4673 βουλόμενος
1461 4601 1724 4669 ὰὸἐϐηλον
1759 4601 1874 4670 βίον

280 4699 679 4754 πολιτεύεσθαι
716 4701 773 4751 ὲν
802 4696 939 4767 τῷδε
970 4697 1049 4765 τῷ
1082 4694 1215 4767 βίῳ,
1249 4680 1596 4764 αὑτόστοιχος
1623 4694 1767 4747 θέλει
1793 4688 1873 4746 εἷ-

280 4809 421 4854 ναι,
473 4791 790 4856 τουτέστιν,
845 4787 1023 4858 ἑαυτῷ
1072 4789 1393 4858 προσέχειν,
1442 4788 1535 4839 καὶ
1581 4787 1639 4838 ἐν
1686 4784 1886 4856 ἡσυχίᾳ

280 4883 650 4955 προσομιλεῖν
682 4881 762 4952 τῷ
789 4880 909 4950 Θεῷ
942 4879 1279 4950 ἀρεμϐἁστῳ
1316 4877 1587 4948 λογισμῷ,
1624 4878 1716 4931 καὶ
1745 4879 1879 4930 ἀπε-

284 4975 502 5049 ριέργῳ
546 4974 653 5043 νῷ,
703 4975 761 5026 ἐν
796 4973 943 5044 ἁπλῇ
977 4971 1242 5025 διαθέσει.
1304 4969 1490 5032 Οὕτως
1518 4971 1627 5039 γὰρ
1656 4968 1884 5021 ἐπελεύ-

285 5082 451 5120 σεται
490 5065 578 5118 ὲπ⁹
606 5065 773 5119 αὑτὸν
811 5062 1085 5126 πλουσίως
1131 5063 1164 5130 ὴ
1199 5061 1361 5130 χάρις
1393 5060 1488 5113 τοῦ
1524 5060 1681 5126 ἁγίου
1711 5060 1883 5112 Ilvati-

289 5172 493 5230 ματος.
512 5156 831 5223 Γέγραπται
857 5155 913 5206 δὲ
940 5156 998 5206 ἐν
1019 5155 1138 5215 ταῖς
1166 5152 1500 5223 ιιαροιμξαις
1519 5169 1533 5181 '
1565 5172 1578 5207 ι
1601 5152 1885 5222 Βαθύτερὰ

367 5316 411 5348 ⁷⁸
445 5306 608 5365 Rom.
642 5311 806 5376 ",91.

285 5386 365 5439 ".
394 5384 566 5441 Eccli.
606 5402 699 5446 xu,
731 5385 784 5439 8.
881 5386 923 5416 "
956 5384 1126 5439 Eccli.
1163 5400 1316 5449 mu,
1382 5381 1467 5434 11.

283 5541 386 5591 xu,
421 5526 509 5579 56,

909 5314 953 5345 ⁷³
988 5315 1150 5368 Prov.
1181 5330 1320 5377 1!",
1361 5314 1414 5367 1.
1478 5311 1523 5342 ⁷⁸
1577 5310 1714 5365 ibid.
1756 5328 1815 5365 ll.
1850 5310 1939 5364 12.

1609 5382 1654 5413 ⁸ο
1697 5382 1869 5436 Eccli.
1934 5397 2001 5435 xx
2046 5381 2118 5444 5;
2174 5382 2278 5436 Job
2310 5396 2457 5443 χχιιι,
2503 5380 2553 5434 5.

280 5472 351 5523 x,
382 5456 468 5508 19.
545 5455 593 5488 ⁸³
623 5455 792 5510 Eccli.
830 5454 999 5518 xrx,5.
1075 5452 1299 5508 "Prov.
1337 5470 1387 5519 ν,
1415 5451 1529 5516 2,7.
1606 5452 1651 5483 ⁸⁸
1684 5452 1853 5508 Eccli.
1884 5452 2042 5519 x,M.
2120 5451 2165 5483 “
2181 5453 2344 5508 Prov.
2370 5466 2513 5515 nix,
2549 5449 2632 5505 18.

1994 4613 2097 4653 sus
2143 4597 2560 4652 dissentaneum
2607 4595 2863 4662 videtur,
2915 4613 3019 4653 nec
3053 4601 3354 4655 convenire
3383 4600 3434 4656 ei
3466 4602 3565 4671 qui

1988 4690 2103 4746 Deo
2158 4689 2448 4745 contendit
2496 4705 2661 4759 quam
2698 4690 2934 4745 maxime
2973 4707 3096 4747 esse
3124 4694 3422 4763 gratiosus.
3458 4693 3566 4760 Qui

1986 4783 2138 4839 enim
2161 4783 2289 4837 vitae
2309 4780 2732 4836 sanctimoniam
2756 4780 3005 4851 proﬁteri
3025 4784 3142 4837 vult
3160 4791 3327 4853 atque
3346 4784 3567 4839 mundi-

1987 4877 2117 4931 tiam
2145 4916 2161 4940 ,
2219 4889 2448 4930 necesse
2475 4883 2563 4928 est
2592 4872 2806 4944 perpeti
2875 4881 3066 4929 tenore
3111 4875 3279 4929 vitam
3314 4875 3569 4931 instituat

1986 4982 2145 5023 suam
2174 4984 2188 5021 :
2215 4966 2322 5022 hoc
2346 4976 2453 5031 est,
2485 4965 2591 5021 sibi
2627 4971 2688 5019 ut
2710 4965 2982 5031 attendat,
3006 4966 3228 5035 Deoque
3248 4982 3415 5036 quam
3438 4982 3568 5036 pro-

1986 5059 2134 5115 xime
2163 5067 2351 5130 potest
2381 5059 2779 5129 congrediatur
2805 5058 2957 5113 omni
2982 5072 3107 5113 cum
3138 5058 3565 5128 tranquillitate,

1984 5167 2089 5206 nec
2117 5151 2239 5205 istis
2262 5150 2509 5206 externis
2532 5159 2803 5219 occupata
2824 5149 3187 5220 cogitatione,
3207 5149 3409 5205 affectu
3431 5150 3568 5207 item

2034 5312 2321 5372 "Prov.x,
2349 5309 2435 5365 14.
2511 5309 2745 5364 "Eccli.
2779 5326 2851 5372 rx,
2900 5310 2991 5365 25.
3069 5309 3111 5339 τ’
3166 5308 3328 5365 Prov.
3384 5326 3438 5371 ι.
3479 5310 3567 5365 19.

2047 5381 2117 5413 Ε.
2181 5382 2277 5413 ιηιι
2310 5396 2435 5413 vv":
2505 5380 2535 5413 Β(
2669 5382 2709 5413 ιι
2760 5380 2906 5413 Pnnli
2988 5396 3080 5413 νιιτ
3166 5380 3188 5413 Ι
3332 5379 3378 5412 Ii
3402 5381 3542 5413 Dur-nu

2760 5380 2929 5434 Eccli.
2988 5396 3104 5444 xw,
3166 5380 3219 5433 1.
3332 5380 3378 5412 ⁸³
3402 5381 3564 5434 Prov.

2721 5451 2766 5485 ⁸⁷
2800 5450 3003 5521 Ephes.
3035 5466 3107 5518 ιγ,
3129 5449 3219 5505 26.
3296 5447 3344 5483 '°
3373 5450 3568 5507 Matth.

1544 5630 1773 5687 VARIAE
1814 5627 2225 5688 LECTIUNES.

414 5710 610 5777 τλόγος
641 5708 866 5778 σαπρός,
910 5706 1213 5771 marcidus,
1243 5705 1497 5760 vitiosus.
