3944 6418
512 262 662 326 1543

1821 263 2188 322 ANTIOCHI
2231 267 2576 330 MONACHI

3639 280 3742 348 liii

523 379 785 452 supplici.
855 376 948 433 Sic
998 373 1148 430 enim
1208 373 1384 444 gratia
1450 373 1694 443 Spiritus
1741 374 1919 428 sancti
1971 390 2112 443 opu-

2229 397 2325 434 σου
2389 381 2465 452 μὴ
2516 379 2714 452 ἐρεύνα
2740 421 2754 446 ,
2811 379 2911 434 καὶ
2957 359 3287 454 ἰσχυρότερά
3320 402 3414 439 σου
3453 389 3521 460 μὴ
3549 391 3741 460 ἐξέταζε.

522 475 761 534 lentiore
823 471 872 525 is
921 465 1304 540 perfunditur.
1393 466 1675 537 Scriptum
1732 481 1974 536 namque
2027 477 2114 522 est

523 568 579 623 in
629 562 952 621 Proverbiis
1005 579 1017 614 :
1078 580 1094 612 ι
1127 559 1502 616 Profundiora
1537 570 1588 614 te
1619 574 1689 613 ne
1719 557 2022 622 scruteris,
2057 565 2114 612 et

522 658 755 714 fortiora
789 665 841 711 Ie
876 671 948 710 ne
976 655 1277 724 exquiras;
1317 668 1440 722 quae
1466 660 1652 706 autem
1684 659 1958 720 praecepta
1982 658 2115 704 sunt

523 751 668 815 tibi,
726 750 820 804 illa
869 747 1051 817 cogita
1109 763 1122 798 :
1178 760 1290 798 non
1323 743 1473 798 enim
1509 757 1742 796 necesse
1772 741 2012 804 esttibi,
2053 749 2116 796 ut

517 860 646 913 quae
673 842 896 897 occulta
925 845 1058 893 sunt
1089 837 1282 892 videas
1309 835 1600 890 oculis°°.i
1639 833 1856 888 Rursus
1888 851 1901 887 :
1936 853 1953 884 ι
1975 833 2115 888 Mul-

521 954 588 1006 ge
617 937 723 1000 lnc,
763 943 820 988 et
847 935 954 988 erit
985 933 1286 1002 butyrum;
1331 928 1378 982 si
1411 937 1598 982 autem
1638 927 1986 998 expresseris
2012 943 2113 982 na-

523 1047 645 1095 res,
693 1029 869 1084 exibit
898 1025 1122 1095 sanguis
1178 1040 1192 1076 :
1244 1022 1394 1092 quod
1427 1023 1472 1076 si
1503 1022 1771 1076 elicueris
1801 1035 2112 1083 sermones,

521 1124 757 1178 exibunt
782 1119 995 1190 judicia
1030 1128 1087 1171 et
1117 1131 1316 1186 pugnae
1336 1115 1405 1169 9°.
1459 1115 1520 1168 In
1563 1114 1820 1184 pluribus
1849 1113 2116 1184 operibus

525 1216 636 1270 tuis
669 1213 930 1269 curiosus
961 1224 1032 1264 ne
1061 1209 1231 1272 sis“;
1273 1206 1566 1262 scientiam
1599 1216 1784 1262 autem
1813 1223 2004 1261 rerum
2033 1207 2117 1261 iu-

525 1306 955 1364 numerabilium
1011 1317 1081 1356 ne
1120 1303 1410 1370 promitte.
1455 1300 1700 1370 Pupillas
1729 1300 1878 1356 enim
1920 1283 2114 1356 oculo-

524 1416 652 1453 rum
709 1397 808 1468 qui
865 1411 977 1464 non
1033 1392 1238 1454 habet,
1281 1391 1600 1462 privabitur
1639 1391 1850 1445 lumine
1876 1391 1942 1445 θ’,
2005 1392 2114 1448 Sed

520 1501 578 1546 ct
619 1491 815 1546 Petrus
857 1505 872 1540 :
921 1507 937 1534 ι
975 1485 1093 1540 Ποο
1127 1484 1370 1553 primum
1411 1482 1656 1537 scientes
1698 1481 1847 1550 quod
1887 1482 2117 1538 venient

522 1583 578 1636 in
610 1577 925 1634 novissimis
954 1575 1157 1631 diebus
1188 1573 1246 1628 in
1278 1573 1612 1642 deceptione
1642 1572 1923 1634 illusores,
1959 1573 2114 1642 juxta

521 1674 779 1745 proprias
809 1667 1298 1738 concupiscentias
1332 1665 1796 1730 ambulantes,,et
1821 1664 2072 1719 dicentes
2095 1683 2111 1720 :

521 1731 729 1822 iibi'est
750 1731 1046 1834 promissio
1067 1760 1340 1813 adventus
1359 1757 1542 1828 ejus“
1559 1758 1610 1810 ?o
1636 1757 1708 1812 Et
1733 1756 1962 1812 infertu
1981 1757 2116 1812 Pro-
2151 1731 2191 1788 Β

521 1867 647 1932 pter
672 1855 844 1928 quod,
892 1851 1231 1914 charissimi,
1289 1849 1526 1920 satagite
1563 1848 1905 1903 intmaculati
1940 1859 1999 1905 et
2026 1849 2114 1903 in-

524 1952 713 2008 violati
746 1949 796 2004 ei
830 1946 1088 2010 inveniri,
1122 1955 1179 2000 et
1198 1943 1418 1998 Domini
1443 1941 1942 2013 longanimitatem,
1971 1943 2117 1997 salu-

524 2056 634 2101 tem
656 2039 1115 2098 arbitremini“.i
1144 2035 1364 2108 1084,
1378 2035 1628 2090 Similem
1657 2037 1712 2090 in
1732 2035 1955 2089 modum
1974 2035 2117 2110 Pau-

518 2139 608 2194 lus
629 2135 913 2208 apostolus
943 2147 1044 2202 per
1065 2129 1359 2200 epistolam
1389 2129 1468 2182 ait
1497 2145 1510 2182 :
1549 2147 1566 2180 ι
1597 2127 1739 2182 Sunt
1764 2127 1915 2184 enim
1950 2127 2114 2182 multi

521 2227 938 2292 inobedientes,
965 2223 1248 2293 vaniloqui
1275 2230 1334 2276 et
1357 2221 1704 2284 seductores,
1729 2237 1872 2291 quos
1894 2229 2117 2292 Oportet

521 2319 818 2391 redargui;
849 2317 942 2388 qui
975 2316 1270 2370 universas
1293 2315 1491 2369 domos
1518 2315 1882 2378 subvertant,
1910 2315 2117 2370 docen-

521 2423 608 2469 tes
635 2426 758 2482 qua!
788 2424 899 2464 non
927 2407 1260 2478 oportet’h
1293 2405 1419 2459 Alio
1453 2405 1584 2460 item
1611 2404 1735 2458 loco
1765 2420 1779 2458 .'
1811 2423 1828 2454 ι
1866 2403 2113 2468 Etenim,

521 2501 747 2573 quando
773 2513 999 2555 eramus
1028 2495 1173 2566 apud
1199 2511 1320 2558 vos,
1345 2495 1450 2550 hoc
1477 2493 1967 2558 denuntiabamus,
1985 2496 2116 2564 quia

519 2595 572 2650 si
603 2593 728 2664 quis
757 2607 870 2646 non
900 2591 1020 2645 vult
1047 2587 1306 2658 operari,
1345 2602 1452 2642 nec
1487 2587 1809 2642 manducet.
1845 2585 2116 2640 Audimus

517 2689 670 2744 enim
687 2685 956 2756 quosdam
983 2683 1130 2736 inter
1143 2695 1243 2735 vos
1256 2679 1608 2734 ambulantes
1622 2678 1958 2742 inordinate,
1977 2677 2113 2732 nihil

519 2787 841 2852 operantes,
876 2775 972 2831 sed
1004 2773 1224 2828 curiose
1255 2781 1482 2842 agentes
1501 2771 1601 2823 ὀδ
1629 2766 1740 2824 Sed
1773 2778 1830 2824 et
1855 2769 2116 2840 hypocri-

521 2881 593 2926 ta!
627 2880 795 2939 atque
823 2865 1092 2923 curiosuli
1119 2865 1196 2918 illi
1219 2862 1485 2918 Pharisati
1511 2861 1803 2917 Dominum
1830 2861 2113 2924 adierunt,

2222 477 2288 528 Ἀ
2319 475 2629 545 προσετάγη
2661 491 2740 528 σοι
2762 514 2777 538 ,
2826 473 2999 528 ταῦτα
3026 476 3120 528 καλ⁵
3143 476 3381 532 διανοοῦ.
3425 481 3496 534 Οὐ
3519 483 3614 555 γάρ
3635 489 3746 543 ἐστίν

2217 583 2300 618 σοι
2347 565 2505 636 χρεία
2555 565 2666 618 τῶν
2712 567 2975 636 κρυπτῶν
3026 565 3252 636 βλέπειν
3294 569 3588 640 ὀφθαλμοῖς
3621 595 3744 633 σου.»

2217 657 2324 710 Καὶ
2351 654 2510 720 αὖθις
2527 675 2540 688 ο
2573 658 2849 728 «Ἀμελγε
2879 657 3042 726 γάλα,
3069 659 3166 713 καὶ
3192 659 3349 713 ἔσται
3373 661 3633 736 βούτυρον.
3655 671 3751 724 Ἐὰν

2219 750 2277 803 δὲ
2324 751 2588 822 ἑκπιέζῃς
2629 754 2950 822 μυκτῆρας,
3001 751 3352 816 ἐξελεύσεται.
3396 750 3563 826 αἷμα·
3611 761 3752 819 ἐὰνδὲ

2215 843 2444 915 ἐξέλκῃς
2477 845 2672 912 λόγους
2695 883 2710 909 ,
2765 843 3145 908 ἐξελεύσονται
3175 847 3394 917 κρίσεις
3425 852 3516 902 καὶ
3546 854 3710 923 μάχαι.
3734 878 3749 909 ι

2216 934 2330 988 Καὶ
2362 933 2526 988 πάλιν
2545 950 2559 963 °
2601 953 2620 985 ι
2654 933 2745 987 Ἐν
2775 935 2891 998 τοῖς
2919 939 3202 1005 περισσοῖς
3229 937 3344 990 τῶν
3370 937 3547 1008 ἔργων
3571 958 3670 1004 σου,
3699 949 3754 1018 μὴ

2217 1021 2615 1090 περιεργάζου.
2647 1020 2912 1086 Γνώσεως
2938 1023 2994 1076 δέ
3033 1024 3280 1095 ἀμοιρῶν
3319 1025 3397 1098 μὴ
3428 1029 3754 1098 ἐπαγγέλλειν·

2216 1113 2402 1183 Κόρας
2439 1111 2550 1183 γὰρ
2599 1113 2676 1182 μὴ
2715 1112 2890 1183 ἔχων,
2936 1115 3242 1186 ἀπορήσεις
3267 1119 3474 1184 φωτός.
3501 1139 3519 1172 ι
3557 1121 3698 1190 Λέγει
3716 1126 3758 1179 δέ

2219 1202 2316 1257 καὶ
2345 1203 2372 1256 ὁ
2403 1202 2639 1272 Πέτρος·
2683 1221 2702 1254 ι
2729 1203 2901 1258 Τοῦτο
2927 1205 3147 1277 πρῶτον
3175 1207 3514 1276 γινώσκετε,
3543 1212 3620 1266 ὅτι
3641 1215 3760 1269 ἐλεύ-

2219 1313 2407 1350 σονται
2465 1297 2553 1348 ἐπ’
2594 1297 2843 1368 ἐσχάτων
2898 1299 3010 1352 τῶν
3062 1301 3328 1372 ἡμερῶν,
3391 1305 3452 1355 ἐν
3502 1306 3762 1379 ἐμπαιγμῷ

2217 1391 2265 1442 οἱ
2307 1389 2608 1458 ἐμπαίκται
2627 1431 2641 1454 ,
2697 1391 2842 1444 κατὰ
2874 1391 2973 1454 τὰς
3009 1391 3142 1456 ἰδίας
3169 1394 3352 1448 αὐτῶν
3382 1396 3662 1466 ἐπιθυμίας
3687 1419 3762 1453 πο-

2220 1482 2504 1555 ρευόμενοι
2524 1525 2540 1549 ,
2576 1483 2673 1536 καὶ¹
2703 1481 2958 1551 λέγοντες
2978 1501 2993 1515 °
3047 1483 3157 1538 Ποῦ
3189 1487 3343 1539 ἐστιν
3379 1489 3664 1556 ἐπαγγελία
3689 1496 3764 1560 τῆς

2219 1575 2528 1644 παρουσίας
2575 1575 2778 1642 αὐτοῦς
2832 1576 2946 1628 Καὶ
2981 1577 3234 1649 ἐπιφέρει
3259 1595 3272 1608 ·
3317 1597 3336 1629 ι
3367 1580 3482 1646 Διδ,
3511 1583 3762 1651 ἀγαπητοὶ,

2222 1667 2588 1729 σπουδάσατε,
2613 1669 2830 1722 ἄσπιλοι
2863 1669 2960 1722 καὶ
2985 1671 3282 1740 ἀμώμητοι
3312 1673 3469 1742 αὑτῷ
3499 1675 3762 1744 εὖρεθῆ·.οι·

2221 1758 2318 1812 καὶ
2369 1759 2470 1826 τὴν
2516 1758 2612 1811 τοῦ
2645 1759 2856 1830 Κυρίου
2895 1761 3307 1832 μακροθυμίαν,
3345 1766 3620 1836 σωτηρίαν
3643 1769 3762 1835 ἠγεί-

2221 1850 2336 1904 σθε.
2371 1870 2390 1902 ι
2444 1851 2678 1920 Ὁμοίως
2712 1851 2769 1904 δὲ
2804 1852 2904 1904 καὶ
2935 1855 2962 1906 ὁ
2992 1852 3204 1918 Παῦλος
3237 1857 3578 1911 ἐπιστέλλων
3605 1859 3762 1928 φησίν·

2223 1961 2242 1990 ι
2283 1942 2438 1996 Εἰσὶν
2467 1941 2576 2012 γὰρ
2610 1942 2799 1996 πολλοὶ
2827 1943 3196 1998 ἀνυπότακτοι
3217 1985 3232 2008 ,
3288 1947 3665 2016 ματαιολόγοι.
3695 1952 3764 2003 καὶ

2219 2036 2595 2106 φρεναπάται,
2641 2036 2739 2100 οὓς
2773 2036 2856 2089 δεῖ
2897 2037 3276 2108 ἐπιστομίζειν
3301 2041 3358 2080 δ’
3413 2040 3608 2104 οἵτινες
3649 2042 3766 2106 δλοιις

2217 2126 2348 2189 τοὺς
2383 2126 2564 2188 οἴκους
2597 2127 3000 2196 ἀνατρέπουσιν
3020 2167 3035 2192 ,
3097 2127 3452 2194 διδάσκοντες
3487 2130 3523 2186 ἃ
3556 2130 3625 2202 μὴ
3649 2132 3760 2186 δεῖ.»

2217 2219 2328 2273 Καὶ
2356 2218 2592 2289 ἀλλαχοῦ
2610 2235 2625 2250 °
2663 2237 2681 2270 ι
2712 2219 2824 2272 Καὶ
2851 2220 2962 2291 γὰρ
2993 2220 3083 2274 ὅτε
3113 2221 3266 2291 ἥμην
3295 2221 3440 2292 πρὸς
3466 2224 3626 2294 ὑμᾶς,
3645 2224 3767 2277 τοῦτο

2219 2310 2701 2380 παρηγγείλομεν,
2765 2311 2846 2363 ὅτι
2901 2310 2957 2363 εῐ
2999 2327 3086 2375 τις
3135 2312 3194 2366 οὐ
3244 2311 3396 2366 Θέλει
3443 2315 3764 2384 ἐργάζεσθαι,

2203 2402 2357 2474 ’μηδὲ
2398 2402 2648 2456 ἐσθιέτω.
2713 2399 3014 2469 Ἀκούομεν
3051 2403 3158 2474 γὰρ
3200 2406 3364 2468 τινας
3399 2406 3459 2459 ἐν
3491 2407 3615 2476 ὑμῖν
3645 2424 3766 2476 περι·

2218 2495 2528 2558 πατοῦντας
2553 2493 2851 2558 ἀτάκτους,
2885 2495 2979 2547 καὶ
3012 2494 3182 2564 μηδὲν
3209 2497 3640 2566 ἐργαζομένους,
3663 2499 3765 2552 ἀλλὰ

2218 2586 2781 2660 περιεργαζομένους.
2804 2605 2824 2638 ι
2863 2587 2976 2641 Καὶ
3003 2587 3054 2639 οἱ
3083 2587 3387 2658 ὑποκριταὶ
3417 2589 3499 2654 δὲ,
3529 2593 3616 2644 καὶ
3641 2589 3765 2661 περί·
3813 2619 3818 2624 -

2217 2696 2374 2751 εργοι
2413 2681 2735 2752 Φαρισαῖοι,
2787 2679 3098 2749 προσῆλθεν
3130 2679 3211 2751 τῷ
3247 2681 3467 2748 Ἰησοῦ,
3519 2681 3790 2752 λέγοντες·-

2223 2791 2242 2823 ι
2281 2770 2350 2824 Τί
2399 2787 2484 2824 σοι
2531 2769 2716 2836 δοκεῖ;
2751 2769 2962 2836 ἔξεστιν
3011 2770 3195 2826 δοῦναι
3229 2773 3439 2826 κενσδν
3471 2772 3760 2845 Καίσαρι,ῆ

2217 2861 2278 2916 οὔ
2297 2881 2342 2930 ςι
2365 2863 2566 2932 δῶμεν,
2595 2863 2631 2933 ἢ
2668 2864 2742 2933 μὴ
2767 2863 2976 2933 δῶμεν;
3011 2864 3069 2917 '0
3091 2865 3147 2918 δὲ
3170 2863 3403 2936 Κύριος,
3431 2867 3760 2938 καταισχύνων

525 2964 814 3019 dicentes:
845 2981 863 3010 ι
891 2958 1035 3026 Quid
1067 2957 1170 3010 tibi
1221 2955 1481 3010 videtur?
1525 2954 1662 3008 licet
1702 2969 1930 3008 censum
1980 2953 2112 3008 dare

2219 2953 2398 3008 αὐτῶν
2425 2953 2524 3026 τὴν
2551 2953 2844 3025 περίεργον
2869 2955 3184 3028 ὑπόκρισιν,
3223 2957 3398 3029 φησιν
3423 2959 3560 3029 πρὸς
3578 2957 3760 3020 αὐτούς·

522 3055 750 3116 Czesari,
784 3065 854 3106 an
883 3048 1125 3104 non"?t
1180 3047 1460 3109 dabimus,
1495 3060 1564 3098 an
1595 3059 1703 3098 non
1727 3043 2013 3098 dabimus?
2047 3047 2112 3094 At

2223 3062 2244 3095 ι
2278 3043 2343 3098 Τί
2380 3061 2448 3116 με
2481 3045 2802 3117 πειράζετε,
2835 3046 3160 3117 ὑποκριταί;
3194 3048 3510 3114 ἐπιδείξατέ
3533 3067 3614 3120 μοι
3640 3047 3762 3102 τὸνό-

523 3146 812 3204 Dominus,
829 3143 1052 3197 illorum
1070 3140 1410 3211 superfluam
1427 3148 1560 3192 etcu
1570 3137 1772 3190 riosam
1793 3134 2112 3208 hypocrisin

2223 3150 2402 3206 μισμα
2433 3134 2528 3188 τοῦ
2561 3132 2780 3188 κενσοῦ.
2807 3153 2826 3186 ι
2850 3135 2912 3188 Ol
2946 3135 3002 3188 δὲ
3046 3139 3441 3209 προσήνεγκαν
3469 3139 3613 3208 αὐτῷ
3637 3138 3762 3206 Gavi-

526 3239 731 3294 merito
755 3235 1035 3291 dedecore
1074 3245 1401 3302 aspergcns,
1433 3227 1722 3300 respondit
1757 3245 1771 3281 :
1809 3247 1826 3278 ι
1857 3227 2000 3294 Quid
2031 3242 2120 3282 me

528 3330 786 3390 tenta-tis,
819 3326 1161 3399 hypocritae?
1191 3323 1474 3380 ostendite
1507 3322 1644 3376 mihi
1675 3323 1953 3376 numisma
1985 3334 2120 3375 cen-

525 3435 640 3476 sus.
671 3419 756 3472 llli
777 3429 962 3473 autem
986 3415 1343 3486 protulerunt
1365 3413 1414 3467 ei
1440 3411 1755 3468 denarium.
1783 3408 1849 3463 Et
1877 3408 1953 3462 ait
1977 3409 2119 3463 illis:

524 3512 698 3583 Cujus
723 3518 810 3566 est
842 3511 1024 3580 imago
1052 3509 1170 3563 haec
1201 3515 1260 3561 et
1287 3503 1740 3576 superscriptio?
1773 3501 1983 3556 Dicunt
2011 3501 2064 3555 ei
2099 3517 2114 3553 :

2220 3244 2356 3298 ριον.
2413 3229 2524 3281 Καὶ
2569 3227 2719 3296 λέγει
2749 3229 2934 3292 αὐτοῖς
2953 3245 2968 3260 ·
3011 3247 3030 3281 ι
3059 3231 3216 3294 Τίνος
3247 3233 3282 3302 ἡ
3309 3230 3478 3286 εἰκὼν
3507 3233 3596 3286 καὶ
3621 3233 3647 3300 ἡ
3672 3230 3762 3283 ἐπι-

2218 3319 2445 3390 γραφῆς
2501 3319 2768 3386 Λέγουσιν
2819 3320 3004 3390 αὐτῷ·
3055 3322 3368 3394 Καίσαρος.
3406 3325 3548 3393 Ἔφη
3589 3324 3760 3384 αὐτοῖς’

2234 3409 2488 3464 Ἀπόδοτε
2536 3406 2630 3464 οὖν
2683 3411 2754 3465 τὰ
2789 3412 3076 3484 Καίσαρος
3125 3415 3416 3488 Καίσαρι,
3471 3418 3562 3472 καὶ
3602 3415 3664 3469 τά
3693 3412 3762 3466 τοῦ

2223 3501 2360 3556 Θεοῦ
2411 3502 2490 3572 τῷ
2533 3502 2674 3571 Θεῷ.
2709 3523 2727 3556 ι
2790 3505 2904 3558 Καὶ
2958 3505 3204 3576 ἀπῆλθον
3286 3507 3759 3580 καταισχυνθέντες·

525 3603 784 3660 Catsaris.
823 3602 968 3658 Dicit
995 3602 1078 3657 eis
1107 3619 1120 3654 :
1153 3599 1393 3655 Reddite
1417 3614 1554 3669 ergo
1583 3613 1706 3668 qua-
1730 3605 1863 3651 sunt
1882 3593 2112 3650 Catsaris

2219 3593 2308 3646 τὸν
2359 3594 2472 3665 γάρ
2524 3595 2820 3666 περίεργον
2877 3593 3110 3668 αἰσχύνη
3161 3597 3593 3669 κατακαλύπτει.
3641 3591 3762 3662 Αὐτῷ

527 3697 731 3754 Cmsari
760 3738 774 3763 ,
828 3703 885 3750 et
933 3709 1058 3766 quae
1095 3702 1227 3748 sunt
1257 3691 1388 3752 Dei,
1429 3667 1628 3745 Deo”.
1664 3709 1682 3741 ι
1745 3687 1840 3743 Isti
1873 3701 1932 3740 se
1961 3685 2112 3739 illinc

2219 3685 2248 3754 ή
2277 3683 2403 3747 δόξα
2438 3685 2518 3747 είς
2545 3685 2676 3748 τοὺς
2701 3684 2924 3750 αἰῶνας.
2964 3667 3160 3758 Ἀμήν.
3437 3667 3466 3688 θ

528 3793 936 3864 proripuerunt
953 3786 1164 3859 ingenti
1183 3801 1308 3841 eum
1327 3783 1634 3850 dedecore;
1658 3781 1948 3838 curiosum
1967 3775 2118 3832 enim
2160 3774 2418 3832 confusio
2441 3777 2809 3832 circumvolat
2861 3785 2920 3834 et
2978 3780 3182 3850 operit.
3209 3780 3458 3856 Benigno
3479 3791 3534 3838 et
3551 3779 3758 3838 clementi

530 3887 646 3942 Deo
676 3893 874 3939 nostro
905 3881 1080 3954 gloria
1113 3879 1169 3934 in
1197 3878 1400 3935 srecula
1424 3875 1778 3930 saeculorum.
1813 3871 2015 3927 Amen.

1055 3992 1345 4052 HOMILIA
1377 3991 1593 4048 XXXV.

1109 4105 1188 4162 De
1213 4113 1537 4177 contemptu.

601 4225 755 4281 Nihil
812 4239 924 4278 non
983 4219 1350 4289 contemptim
1407 4216 1663 4272 fastidire
1707 4222 1756 4270 e'
1799 4211 2116 4284 aspernari,

2824 3989 3046 4044 ΛΟΓΟΣ
3075 3991 3200 4045 AE'.

2671 4100 2808 4171 Περὶ
2839 4103 3378 4174 καταφέρω-τῆσεως.

2295 4215 2370 4268 Τὸ
2419 4216 2792 4286 καταφρονεῖν
2839 4218 3046 4279 παντὸς
3093 4217 3460 4288 πράγματος,
3505 4217 3660 4272 δεινὸν
3687 4212 3752 4267 ml

531 4336 644 4375 non
695 4317 976 4372 mediocre
1019 4321 1106 4367 est
1152 4317 1479 4380 peccatum,
1532 4308 1586 4362 in
1624 4307 1715 4362 his
1746 4305 1989 4360 maxime
2021 4303 2112 4374 qui

2221 4304 2547 4376 ἐφαμαρτον
2569 4343 2585 4368 ,
2644 4303 2882 4375 μάλιστα
2923 4305 2981 4359 δὲ
3027 4305 3136 4360 τῶν
3172 4307 3250 4379 τῷ
3279 4309 3404 4378 Θεῷ
3436 4307 3748 4380 ἁρμοζόντων.

533 4374 649 4464 Deo
680 4417 942 4476 qurerunt
980 4374 1366 4457 adhaerescere
1399 4399 1656 4469 propius.
1705 4397 1786 4452 Ne
1821 4395 1994 4468 igitur
2026 4394 2112 4448 ul-

2223 4374 2459 4468 Μὴ-οῦν
2509 4374 2832 4468 ἐκδώσομεν
2879 4398 3080 4463 αὐτοὺς
3126 4401 3194 4471 τῇ
3221 4374 3486 4472 opsisti-1'
3510 4374 3595 4454 καὶ
3620 4412 3748 4453 κατα·

534 4511 624 4556 tro
659 4513 762 4555 nos
789 4498 940 4568 ipsos
964 4493 1236 4550 dedamus
1251 4507 1354 4548 ceu
1387 4490 1522 4546 vilia
1547 4487 1823 4559 mancipia
1851 4486 1944 4542 isti
1968 4486 2125 4558 igna-

531 4589 634 4641 via:
655 4595 711 4638 et
733 4600 763 4637 a
793 4599 964 4638 zurum
989 4583 1355 4651 con'emynui,
1384 4591 1443 4634 ut
1475 4597 1541 4635 ne
1570 4583 1624 4636 in
1652 4582 2107 4650 imprecationem

535 4674 848 4732 incidamus
867 4673 1121 4733 Ieremia:
1139 4675 1375 4732 dicentis
1400 4694 1414 4732 :
1442 4693 1462 4728 ι
1487 4673 1806 4729 Maledictus
1824 4673 1992 4726 homo
2013 4671 2108 4740 qui

535 4769 665 4824 facit
692 4785 831 4839 Opus
867 4767 1083 4843 Domini
1119 4769 1454 4841 negligenter
1473 4769 1577 4821 θ’.»
1610 4765 1820 4820 Etenim
1853 4765 2110 4820 ordinem

541 4862 1146 4932 habentonmia,juxta
1177 4861 1424 4932 Apostoli
1461 4860 1790 4924 doctrinam,
1827 4859 2060 4914 dicentis
2095 4877 2110 4915 :

543 4973 563 5006 ι
602 4953 794 5008 Omnia
833 4953 1059 5008 honeste
1107 4961 1159 5007 et
1208 4953 1509 5008 secundum
1543 4950 1792 5004 ordinem
1846 4951 1977 5004 liant
2013 4950 2051 5003 ¹.
2085 4967 2104 5000 ι

540 5047 702 5102 Otias
729 5044 965 5118 [Joiadu]
997 5045 1102 5110 illc,
1137 5045 1400 5114 numquid
1435 5059 1542 5098 non
1572 5041 1821 5097 insolens
1855 5041 2115 5110 quiddam

533 5155 601 5194 ac
633 5137 958 5192 indecorum
996 5133 1220 5187 molitus
1248 5139 1364 5189 est.
1405 5130 1519 5184 Deo
1550 5127 1683 5183 dum
1711 5125 1897 5181 adolet
1927 5125 2122 5180 incen-

533 5231 726 5286 sum’?
759 5228 916 5291 Saul,
949 5227 1081 5281 dum
1110 5223 1380 5286 immolat,
1415 5221 1580 5292 regia:
1609 5217 1918 5292 majestatis
1949 5216 2121 5288 gradu

605 5364 650 5395 "
686 5362 854 5418 Eccli.
890 5360 1396 5425 ttt,22,‘25.‘°Pt-ov.
1431 5373 1558 5418 xxx,
1589 5357 1680 5410 55.
1757 5359 1798 5389 ⁸⁸
1828 5356 2004 5410 Eccli.
2034 5373 2116 5420 Ill,
2157 5357 2248 5412 22.

531 5433 579 5468 τε
613 5434 722 5486 Ἧι.
757 5449 815 5494 ι,
847 5435 912 5485 lt.)
940 5475 952 5496 ,
990 5434 1070 5485 ll.
1179 5432 1224 5463 9°
1260 5429 1300 5482 ll
1332 5428 1528 5481 Thess.
1563 5443 1660 5486 Ill,
1698 5426 1792 5488 l0,
1847 5427 1934 5480 ll.

537 5505 551 5532 '
583 5504 606 5560 Ι
635 5505 762 5558 Cor.
794 5519 904 5567 xrv,
939 5506 1026 5556 litt.
1103 5503 1122 5532 ²
1153 5502 1216 5556 ιγ
1256 5501 1388 5568 lleg.
1425 5513 1518 5562 Ml,
1566 5498 1788 5580 passim.

2041 5428 2084 5459 πῖ
2114 5429 2306 5483 Matth.
2340 5445 2450 5485 xxu
2473 5473 2486 5496 ,
2519 5433 2605 5486 l7.

2224 4491 2511 4561 φρονήσει,
2547 4487 2638 4543 ἵνα
2670 4489 2746 4559 μὴ
2769 4489 3141 4562 ὑποπέσωμεν
3167 4493 3236 4564 τῇ
3259 4489 3376 4566 ἀρᾷ
3395 4494 3489 4548 τοῦ
3513 4488 3743 4561 Ἰερεμίου.

2221 4581 2478 4663 λέγοντος
2499 4597 2514 4612 ·
2579 4599 2596 4632 ι
2639 4579 3080 4654 Ἐπικατάρατος
3123 4586 3235 4648 πᾶς
3261 4584 3546 4658 ἄνθρωπος
3573 4577 3744 4638 όπῡιῶν

2220 4671 2284 4726 τδ
2327 4670 2493 4744 ἔργον
2540 4670 2639 4724 τοῦ
2687 4673 2897 4742 Κυρίου
2941 4673 3183 4744 ἀμελῶς.
3217 4693 3237 4727 ι
3293 4677 3476 4731 Πάντα
3509 4675 3606 4744 γάρ
3634 4667 3742 4732 τάξιν

2221 4761 2336 4834 ἔχει
2441 4762 2627 4826 καθὼς
2675 4765 2770 4819 καὶ
2802 4766 2831 4818 ὁ
2861 4765 3076 4830 Παῦλος
3109 4766 3359 4824 διδάσκει
3389 4771 3549 4840 ἡμᾶς,
3581 4766 3736 4831 λέγων’

2227 4874 2246 4906 ι
2289 4855 2478 4908 Πάντα
2513 4855 2910 4925 εὐσχημόνως,
2969 4859 3064 4912 καὶ
3115 4859 3260 4913 κατὰ
3294 4860 3448 4928 τάξιν
3489 4856 3732 4927 γινέσθω.»

2221 4945 2382 4999 Ἐπεὶ
2411 4946 2465 5000 τί
2493 4946 2698 5000 ἄτοπον
2729 4948 2904 5002 ἐποίει
2937 4949 3121 5015 Ὀζίας
3145 4951 3360 5024 θυμιῶν
3383 4951 3458 5023 τῷ
3480 4950 3612 5022 Θεῷ,
3636 4940 3733 5000 Τίῶ

2221 5041 2250 5092 ὁ
2283 5039 2478 5104 Σαοὺλ,
2517 5041 2698 5107 Orion;
2743 5041 2878 5096 ἀλλὰ
2909 5042 3218 5115 ἀπόϐλητος
3251 5047 3428 5100 αὐτῶν
3455 5048 3486 5114 ἡ
3517 5042 3657 5096 θυσία
3673 5034 3735 5105 γέ·

2222 5146 2401 5198 γονεν.
2468 5131 2767 5202 Προσέχειν
2809 5133 2866 5186 δὲ
2908 5131 3144 5188 ἕκαστον
3175 5135 3440 5206 ἀσφαλῶς
3465 5130 3622 5201 ἑαυτῷ
3640 5124 3732 5198 χρὴ.

2226 5221 2324 5274 καὶ
2359 5223 2435 5294 μὴ
2467 5223 2609 5295 ὑπὲρ
2638 5224 2708 5276 τὰ
2742 5225 2919 5297 μέτρα
2947 5226 3114 5281 αὑτοῦ
3147 5230 3350 5284 ἐννοεῖν
3375 5247 3423 5282 τι
3450 5229 3481 5298 ἢ
3507 5223 3732 5297 πράττειν’

2346 5361 2393 5392 ’³
2425 5360 2566 5416 ibid.
2667 5363 2712 5396 ”
2737 5364 2780 5420 Il
2803 5364 2953 5419 Petr.
2987 5381 3078 5424 ιιι.
3109 5367 3164 5424 5.
3193 5369 3246 5423 4.
3344 5368 3389 5402 ³⁸
3411 5365 3533 5423 ibid.
3561 5363 3632 5424 Η,
3665 5355 3726 5411 15-

2667 5363 2712 5396 ⁸³
2737 5364 2780 5420 Il
2803 5364 2953 5419 Petr.
2987 5381 3078 5428 Ill,
3109 5367 3164 5432 5,
3193 5369 3246 5423 4.
3344 5368 3389 5402 ³⁸
3411 5365 3533 5423 ibid.
3561 5363 3632 5424 li,
3665 5363 3713 5411 15

2720 5435 2766 5467 ³⁸
2796 5435 2932 5490 ibid.
2963 5437 3155 5493 184-21.
3255 5441 3302 5474 ”
3331 5439 3437 5497 Jer.
3463 5449 3632 5497 ιιι-ιιι,
3663 5424 3713 5482 ιο

2720 5435 2766 5467 ⁸⁸
2796 5435 2932 5490 ibid.
2963 5437 3155 5493 18-9.1.

1875 5595 2116 5672 vatum
2142 5616 2550 5677 LECTIONES.

609 5717 635 5756 8
666 5711 1338 5778 ἐπιστομίζεινοἷὶίυγιιιθρ,
1371 5707 1688 5765 occludere.
