3944 6426
245 340 388 404 1545

1230 345 1563 407 HOMILIA
1602 345 1866 408 XXXVI.
1907 368 1977 378 —
2001 344 2117 426 ‘DE
2155 345 2534 404 PIGRITIA.

3378 343 3535 409 1516‘

244 464 335 517 ἵνα
390 460 467 532 μὴ
514 460 843 532 ἀκούσωμεν
881 462 1035 534 παρὰ
1065 461 1158 515 τοῦ
1197 461 1516 534 Ἀὁϐακούμ
1540 479 1554 493 ο
1617 484 1634 516 1
1677 464 1735 516 Ὀ
1769 461 1821 514 δὲ

1931 459 2220 515 deturbari
2246 459 2615 530 promeruit’.
2645 457 2766 512 Non
2791 457 2961 528 igitur
2984 441 3252 513 mediocri
3269 460 3513 517 circum-

241 555 601 624 κατοιόμενος
656 555 754 608 καὶ
803 556 1230 628 καταφρονητὴς
1263 557 1434 626 ἀνὴρ,
1482 555 1700 620 ἀλαζὼν
1733 555 1830 609 καὶ

239 649 625 719 ὑπερήφανος,
663 646 819 698 οὐδὲν
849 649 946 700 καὶ
979 647 1055 718 μὴ
1083 651 1330 720 περανεῖ.
1359 669 1378 701 1
1413 650 1522 719 Καὶ
1552 647 1792 718 ἀλλαχοῦ
1811 665 1824 678 ·

244 760 266 794 1
300 742 386 795 Ζῶ
414 738 548 809 ἐγὼ,
580 740 730 810 λέγει
761 739 992 808 Κύριος,
1023 740 1106 792 ὅτι
1137 739 1253 792 ἀλλ’
1280 739 1313 810 ἢ
1344 741 1472 804 τοὺς
1501 740 1828 806 δοξάζοντας

243 853 313 904 με
343 835 555 898 δοξάσω
576 875 592 900 ,
645 834 742 888 καὶ
771 835 800 886 6
827 832 1127 897 ἐξουθενῶν
1157 850 1253 904 με,
1305 834 1769 904 ἁτιμασθήσεται.
1802 852 1821 884 1

240 928 352 980 Καὶ
388 929 416 980 6
448 926 898 998 Παροιμιαστής·
942 943 961 977 1
997 925 1058 980 Ὀ
1084 925 1445 996 καταφρονῶν
1476 926 1825 996 πράγματος,
1870 949 1877 955 .

239 1017 792 1089 καταφρονηθήσεται
828 1016 920 1069 ὑπ’
953 1016 1123 1071 αὐτοῦ
1147 1031 1160 1048 ⁶
1213 1019 1242 1070 6
1275 1017 1333 1070 δὲ
1370 1017 1708 1086 φοϐούμενος
1737 1018 1826 1069 ἐν·

237 1110 426 1181 τολὴν,
454 1105 614 1173 οὗτος
639 1109 900 1178 ὑγιαίνει.
927 1129 947 1162 1
980 1111 1094 1164 Καὶ
1119 1111 1148 1162 6
1169 1110 1416 1180 Μιχαίας
1442 1109 1608 1179 φησίν
1627 1125 1640 1139 ·
1668 1109 1829 1172 (Υἱὸς

239 1204 457 1269 δοξάζει
491 1203 729 1274 πατέρα,
767 1203 861 1256 καὶ
887 1201 1086 1265 δοῦλος
1116 1203 1208 1255 τὸν
1237 1201 1430 1274 κύριον
1467 1200 1658 1256 αὐτοῦ.
1691 1201 1824 1267 Καὶ,

238 1297 306 1349 El
335 1295 520 1366 πατὴρ
544 1295 653 1363 ἐγώ
674 1294 813 1364 είμι,
843 1293 948 1347 1:06
973 1294 1124 1346 ἐστιν
1148 1294 1182 1363 ή
1210 1293 1338 1360 δόξα
1362 1310 1497 1364 μου;
1528 1294 1642 1357 καὶ,
1667 1295 1716 1346 εί
1739 1292 1830 1346 κύ-

241 1391 360 1462 ριός
405 1392 544 1460 εἰμι,
597 1387 702 1441 1:06
749 1390 898 1440 ἐστιν
947 1388 976 1438 6
1021 1384 1190 1454 φόϐος
1225 1403 1363 1455 μου;
1393 1405 1412 1438 1
1466 1385 1700 1456 Ὁμοίως
1731 1386 1829 1439 καὶ

236 1483 269 1534 6
301 1479 499 1533 Δαυῖδ·
561 1495 580 1528 1
616 1477 786 1546 Φησὶν
832 1478 861 1528 6
910 1475 1272 1545 παράνομος,
1337 1473 1434 1528 τοῦ
1483 1475 1826 1545 ἁμαρτάνειν

236 1574 298 1625 ὲν
329 1571 510 1642 ἑαυτῷ
530 1585 543 1599 ·
580 1569 698 1623 Ούκ
732 1568 881 1622 ἐστιν
911 1568 1077 1638 φόϐος
1101 1565 1261 1632 Θεοῦ,
1299 1566 1562 1621 ἀπέναντι
1590 1567 1698 1620 τῶν
1723 1567 1825 1636 όφ-

236 1663 468 1734 θαλμῶν
503 1660 692 1718 αὑτοῦ.
711 1680 730 1714 1
761 1661 821 1715 ὐ
847 1661 903 1714 δὲ
930 1661 1137 1730 Πέτρος
1170 1660 1359 1731 φησὶν,
1387 1660 1470 1713 ὃτι
1502 1678 1520 1711 1
1550 1660 1610 1713 ὐ
1633 1659 1826 1731 καιρὸς

233 1759 334 1812 τοῦ
382 1755 656 1827 ἄρξασθαι
703 1754 766 1807 τὸ
807 1756 988 1825 κρῖμα
1031 1752 1141 1806 ἀπὸ
1172 1751 1268 1806 τοῦ
1297 1753 1450 1806 οῐκου
1481 1752 1575 1806 τοῦ
1605 1751 1765 1808 Θεοῦ.
1797 1771 1816 1804 1

1933 552 2220 622 spectione
2245 568 2407 622 opus,
2441 552 2549 607 sibi
2579 561 2640 606 ut
2666 553 2904 622 quisque
2929 551 3204 617 attendat,
3227 568 3330 608 nec
3351 555 3517 624 quidv-

1931 659 2098 715 quam
2155 659 2322 714 supra
2368 643 2634 699 viriculas
2677 644 2932 714 proprias
2980 660 3173 700 secum
3211 648 3516 703 constituat

1931 735 2190 806 aggredi,
2227 735 2526 805 nequando
2559 735 2694 790 illud
2725 735 2985 790 llabacuc
3014 737 3070 790 in
3098 752 3155 792 se
3183 736 3386 792 habeat
3413 739 3511 794 de-

1931 827 2180 897 torqueri
2241 846 2256 883 :
2315 846 2333 879 1
2379 828 2663 897 Arrogans
2713 838 2772 882 et
2817 836 3206 897 contemptor,
3262 828 3514 884 insolens

1927 928 1984 974 et
2033 919 2348 990 superbus,
2403 919 2542 973 nihil
2592 918 2661 973 ad
2694 918 2865 974 ﬁnem
2898 935 3079 990 usque
3125 920 3460 990 perducet‘.
3492 943 3509 972 1

1929 1010 2054 1066 Alio
2086 1013 2219 1066 item
2245 1013 2369 1066 loco
2423 1029 2436 1064 :
2499 1031 2518 1063 1
2548 1011 2688 1067 Vivo
2732 1026 2865 1083 ego,
2907 1013 3045 1068 dicit
3074 1014 3367 1080 Dominus,
3406 1014 3516 1073 nisi

1927 1103 2305 1176 gloriﬁcantes
2321 1103 2650 1175 gloriﬁcabo
2670 1123 2685 1172 ;
2707 1105 2805 1175 qui
2833 1113 3022 1161 autem
3054 1108 3373 1162 contemnit
3401 1125 3512 1172 me,

1927 1198 2042 1253 erit
2070 1197 2337 1269 ignobilis
2367 1200 2459 1252 ⁵-⁸.
2492 1217 2512 1250 1
2571 1198 2963 1254 Parcemiastes
2993 1217 3005 1252 :
3044 1218 3062 1251 1
3085 1198 3189 1265 Qui
3223 1215 3340 1254 rem
3371 1217 3515 1271 qua-

1929 1289 2266 1360 lemcunque
2291 1291 2626 1355 contemnit,
2655 1297 3050 1345 contemnetur
3075 1291 3144 1347 ab
3169 1306 3267 1358 ea;
3295 1293 3392 1361 qui
3417 1309 3518 1348 au-

1931 1392 2042 1438 tem
2077 1387 2309 1438 vcretur
2340 1384 2708 1454 prmtergredi
2739 1383 3086 1448 mandatum,
3121 1399 3290 1439 sanus
3317 1395 3404 1440 est
3427 1386 3469 1438 ⁷.
3491 1405 3510 1436 1

1929 1477 2186 1532 Michaaas
2221 1478 2352 1532 item
2382 1495 2396 1531 :
2429 1497 2447 1528 1
2476 1477 2652 1532 Filius
2670 1476 2946 1548 gloriﬁcat
2977 1485 3215 1548 patrem,
3244 1487 3518 1534 etservus

1928 1569 2216 1624 dominum
2262 1585 2445 1624 suum.
2508 1569 2667 1636 Quod
2703 1569 2751 1625 si
2781 1579 2944 1639 pater
2973 1585 3076 1641 ego
3104 1586 3225 1626 sum
3249 1611 3264 1637 ,
3303 1571 3397 1625 ubi
3428 1579 3515 1625 est

1927 1662 2105 1733 gloria
2133 1662 2290 1716 mea?
2321 1672 2400 1728 et,
2422 1662 2469 1717 si
2501 1662 2764 1717 dominus
2791 1677 2894 1732 ego
2922 1678 3068 1727 sum,
3106 1663 3202 1717 ubi
3227 1671 3313 1718 est
3343 1664 3514 1718 timor

1930 1751 2221 1806 meus”?
2254 1771 2272 1803 1
2311 1752 2522 1807 Eodem
2555 1761 2772 1822 spectat
2802 1752 2940 1808 illud
2971 1753 3196 1809 Davidis
3246 1771 3260 1808 :
3317 1774 3334 1806 1
3365 1755 3517 1810 Dixit

232 1853 302 1906 Εἰ
330 1851 388 1904 δὲ
421 1851 516 1919 ἀφ’
539 1848 700 1920 ήμῶν
732 1847 980 1918 πρῶτον,
1029 1845 1084 1899 τί
1115 1846 1176 1900 :6
1200 1845 1358 1910 τέλος
1388 1846 1498 1900 τῶν
1524 1846 1818 1902 ἀπειθούν-

1927 1844 2162 1916 injustus
2186 1883 2201 1909 ,
2260 1852 2323 1898 ut
2373 1844 2666 1914 delinquat
2697 1844 2753 1899 in
2788 1845 3092 1914 semetipso
3113 1887 3127 1911 ,
3179 1861 3290 1901 non
3323 1857 3408 1902 est
3442 1848 3516 1902 ti-

233 1963 385 2011 των;
419 1943 532 1998 Kal.
567 1945 616 1996 εί
650 1944 677 1996 6
703 1941 916 2004 δίκαιος
949 1941 1104 2012 μόλις
1134 1939 1395 2004 σώζεται,
1429 1941 1457 1994 6
1491 1940 1699 2011 ἀσεϐὴς
1728 1940 1824 1995 καὶ

233 2037 566 2110 ἁμαρτωλὸς
599 2035 704 2090 ποῦ
735 2038 1020 2104 φανεῖταις
1053 2035 1164 2088 Kal.
1191 2037 1220 2088 6
1247 2034 1460 2096 Παῦλος
1488 2034 1823 2106 Κορινθίοιςο

242 2151 262 2184 1
294 2131 395 2184 Διὰ
426 2129 588 2184 τοῦτο
621 2132 678 2182 ὲν
709 2129 839 2200 ὑμῖν
871 2127 1062 2181 πολλοὶ
1088 2127 1360 2194 ἀσθενεῖς,
1396 2127 1491 2180 καὶ
1521 2127 1820 2198 ἄρρωστοι,

232 2223 336 2278 καὶ
388 2219 692 2290 κοιμῶνται
744 2218 947 2273 ἱκανοί.
1002 2219 1066 2272 Et
1099 2218 1208 2290 γὰρ
1247 2221 1477 2282 ἑαυτοὺς
1507 2219 1822 2290 ἐκρίνομεν,

231 2315 341 2368 οὐκ
368 2313 434 2368 ἂν
461 2311 828 2384 ὲκρινὸμεθα’
864 2312 1184 2382 κρινόμενοι
1209 2309 1289 2374 δὲ,
1323 2311 1428 2364 ὑπὸ
1455 2313 1665 2382 Κυρίου
1697 2330 1824 2366 παι-

232 2401 508 2473 δευόμεθα
527 2441 543 2467 ,
600 2401 687 2455 ἵνα
743 2400 820 2472 μὴ
852 2402 949 2454 σὺν
978 2401 1055 2472 τῷ
1084 2402 1277 2471 κόσμῳ
1307 2401 1764 2473 κατακριθῶμεν.
1799 2423 1818 2456 1

239 2495 356 2549 Kal.
382 2489 568 2558 αὖθις·
606 2513 626 2546 1
648 2494 714 2546 Ἡ
740 2494 924 2564 ἡμέρα
949 2494 1157 2564 Κυρίου
1183 2493 1258 2558 ὡς
1284 2494 1526 2565 κλέπτης
1554 2497 1613 2548 ὲν
1642 2495 1820 2564 νυκτὶ,

240 2587 412 2651 οὕτως
442 2587 687 2657 ἔρχεται.
711 2587 882 2641 Ὅταν
906 2586 962 2639 δὲ
991 2587 1226 2655 λέγωσιν
1244 2603 1258 2618 ο
1283 2587 1490 2659 Εἰρήνη
1522 2589 1616 2640 καὶ
1642 2588 1822 2657 ἀσφά-

237 2682 391 2745 λεια,
443 2679 566 2733 τότε
631 2679 900 2748 αἰφνίδιος
920 2675 1205 2746 ἐφίσταται
1253 2679 1442 2742 αὐτοῖς
1500 2679 1748 2750 ὄλεθρος.
1797 2699 1816 2732 1

230 2773 316 2843 Φη
329 2774 409 2825 σὶν
437 2772 494 2825 δὲ
524 2771 618 2826 καὶ
648 2770 808 2834 ἄλλος
826 2784 839 2798 ⁸
874 2788 893 2821 1
922 2754 1222 2842 Μὴέίπῃς,
1252 2771 1314 2824 Ὀ
1340 2771 1626 2842 οίκτιρμὸς
1653 2771 1820 2825 αὑτοῦ

233 2863 433 2928 πολὺς,
463 2863 560 2916 καὶ
589 2863 650 2914 τὸ
674 2861 880 2931 πλῆθος
909 2861 1021 2916 τῶν
1045 2861 1335 2933 ἁμαρτιῶν
1358 2880 1461 2933 μου
1489 2863 1818 2928 ἐξιλάσεται.

236 2955 432 3018 Ἔλεος
462 2955 574 3024 γὰρ
611 2953 706 3007 καὶ
735 2953 875 3025 ὀργὴ
912 2954 1043 3024 παρ’
1070 2954 1276 3024 αὐτῷ.)
1316 2955 1430 3008 Καὶ
1463 2955 1655 3009 πάλιν·
1691 2956 1820 3025 «Μὴ

230 3047 478 3116 ἀνάμενε
508 3045 860 3115 ἐπιστρέφειν
889 3044 1028 3116 πρὸς
1055 3045 1264 3116 Κύριον
1284 3084 1301 3111 ,
1353 3046 1451 3099 καὶ
1484 3043 1559 3118 μὴ
1585 3047 1822 3102 ἀναϐάλ-

229 3137 332 3191 λου
382 3137 600 3208 ἡμέραν
651 3138 710 3203 ἐξ
757 3135 996 3207 ἡμέρας.
1058 3135 1219 3190 Καθὰ
1259 3136 1369 3208 γὰρ
1405 3137 1469 3190 τὸ
1502 3138 1637 3191 πολὺ
1672 3137 1822 3202 ἔλεος

231 3228 402 3284 αὐτοῦ
423 3271 438 3297 ,
483 3229 657 3294 οὕτως
690 3230 784 3282 καὶ
811 3229 980 3292 πολὺς
1013 3229 1042 3281 6
1072 3228 1295 3299 ἔλεγχος
1327 3229 1517 3285 αὑτοῦ.
1550 3249 1568 3281 1
1613 3231 1820 3292 Ἄνδρα

235 3322 379 3375 κατὰ
409 3321 478 3375 τὰ
507 3321 645 3393 ἔργα
676 3320 844 3373 αὐτοῦ
875 3323 1075 3390 κρινεῖ.
1113 3321 1222 3374 Καὶ
1253 3321 1282 3373 6
1315 3321 1614 3392 Ἰεζεκιήλ·
1674 3341 1694 3374 1
1737 3323 1826 3375 'Ev

231 3410 317 3483 τῷ
358 3414 729 3483 ἀποστρέφειν
765 3411 977 3466 δίκαιον
1027 3414 1092 3465 ὲκ
1119 3413 1220 3483 τῆς
1247 3413 1602 3486 δικαιοσύνης
1630 3414 1822 3478 αὑτοῦ,

231 3506 334 3560 καὶ
381 3505 610 3576 ποιῆσαι
661 3505 880 3558 ἀδικίαν
906 3545 920 3569 ,
981 3507 1159 3559 πᾶσαι
1199 3509 1254 3559 αἱ
1282 3506 1628 3562 δικαιοσύναι
1656 3507 1824 3562 αὑτοῦ

231 3597 302 3652 οὐ
355 3597 428 3668 μὴ
480 3597 825 3668 μνησθῶσιν,
863 3599 923 3651 ὲν
952 3599 1018 3668 τῇ
1049 3597 1295 3670 ἁμαρτίᾳ
1325 3599 1493 3652 αὑτοῦ
1529 3599 1826 3654 ἀποθανεῖ-

229 3708 347 3746 ται.
394 3691 668 3745 Ἐκαστον
720 3689 864 3744 κατὰ
914 3690 1016 3761 τὴν
1065 3689 1186 3744 ὁδὸν
1225 3690 1428 3756 αὐτοῦ,
1485 3694 1543 3746 ὲν
1678 3691 1826 3764 ε’ύρω

228 3784 423 3849 αὑτὸν,
459 3782 633 3854 κρινῶ
660 3783 844 3847 αὐτὸν,
871 3781 1024 3850 λέγει
1055 3782 1282 3853 Κύριος.
1326 3803 1344 3836 1
1378 3785 1491 3838 Καὶ
1516 3787 1546 3839 6
1567 3785 1783 3850 Παῦλος
1806 3801 1822 3816 ο

239 3897 266 3930 ¢
303 3878 451 3948 Ἀρα
479 3876 574 3932 οὖν
611 3876 687 3948 μή
719 3875 1099 3944 καθεύδωμεν.
1133 3877 1272 3931 ἀλλὰ
1296 3877 1689 3948 γρηγορῶμεν,
1728 3878 1824 3932 καὶ

226 3968 515 4038 νήφωμεν.
554 3968 617 4020 υί
647 3965 760 4034 γὰρ
795 3965 1175 4030 καθεύδοντες,
1213 3967 1412 4032 νυκτὸς
1439 3968 1818 4036 καθεύδουσιν,

229 4059 334 4114 καὶ
362 4060 412 4113 οί
440 4057 829 4130 μεθύσκοντες,
864 4059 1062 4124 νυκτὸς
1091 4059 1480 4130 μεθύσκουσιν.
1529 4081 1548 4114 1
1584 4063 1696 4116 Καὶ
1723 4063 1822 4117 ἐπ’

229 4151 404 4220 άγει·
461 4170 481 4204 1
520 4152 607 4215 ’ος
654 4151 822 4204 τέκνα
856 4151 1035 4219 φωτὸς
1072 4155 1454 4223 περιπατεῖτε,
1485 4152 1820 4226 ἐξαγοραζόο

233 4258 396 4314 μενοι
439 4243 532 4297 τὸν
571 4243 805 4314 καιρὸν,
856 4243 940 4296 δτι
989 4245 1044 4296 ai
1081 4244 1288 4316 ήμέραι
1325 4245 1563 4316 πονηραί
1597 4248 1757 4301 εἰσιν.
1794 4265 1814 4299 1

225 4335 402 4406 Φησὶν
429 4334 486 4388 δὲ
517 4335 613 4389 καὶ
642 4337 670 4387 6
694 4333 931 4405 K6pt0;'
970 4354 989 4386 1
1017 4336 1372 4407 Γρηγορεῖτε,
1408 4338 1492 4390 δτι
1519 4339 1620 4392 οὐκ
1639 4339 1820 4394 οἴδατε

225 4424 365 4495 ποίᾳ
389 4427 574 4497 ἡμέρᾳ.
603 4428 631 4478 6
659 4426 868 4496 Κύριος
893 4428 921 4478 ὑ
931 4427 1052 4496 μῶν
1076 4427 1319 4498 ἔρχεται.
1339 4430 1549 4483 Ἐκεῖνο
1575 4430 1633 4483 δὲ
1660 4431 1819 4500 γινὼο

1927 1952 2052 1992 mor
2081 1937 2177 1992 Dei
2209 1943 2340 1992 ante
2367 1937 2564 1992 oculos
2592 1937 2715 2008 ejus
2734 1938 2799 1991 ‘°.
2838 1937 3036 1992 Petrus
3063 1953 3286 2008 quoque
3313 1957 3325 1992 :
3357 1939 3515 1995 11am

1928 2040 2149 2100 tempus
2179 2039 2295 2095 est,
2345 2040 2408 2084 ut
2440 2030 2674 2100 incipiat
2696 2031 2974 2102 judicium
3007 2047 3036 2086 a
3068 2031 3236 2086 domo
3269 2031 3369 2088 Dei
3393 2033 3456 2087 ⁸³.
3489 2051 3509 2085 1

1931 2121 2144 2193 1085
2179 2121 2336 2190 Quod
2369 2121 2416 2176 si
2443 2138 2475 2176 a
2506 2122 2673 2178 nobis
2697 2123 2970 2192 primum,
3007 2124 3133 2194 quis
3162 2122 3289 2179 ﬁnis
3318 2139 3515 2180 eorum

1926 2212 2022 2285 qui
2055 2229 2166 2268 non
2196 2213 2467 2270 credunt?
2500 2215 2569 2270 Et
2602 2215 2647 2270 si
2668 2216 2859 2286 justus
2890 2215 2981 2270 vix
3008 2216 3282 2282 salvatur,
3310 2217 3516 2287 impius

1925 2313 1983 2359 et
2005 2313 2267 2374 peccator
2291 2303 2387 2358 ubi
2412 2303 2725 2372 parebunt?
2745 2304 2950 2359 Paulus
2970 2303 3314 2361 Corinthiis:
3338 2326 3356 2357 1
3379 2307 3516 2362 Pro-

1926 2402 2052 2466 pter
2098 2396 2206 2450 hoc
2255 2396 2406 2451 inter
2435 2410 2540 2450 vos
2573 2397 2733 2450 multi
2764 2395 2970 2451 inﬁrmi
3001 2407 3059 2453 et
3087 2397 3420 2459 imbecilles.
3457 2409 3517 2455 et

1927 2486 2215 2542 dormiunt
2243 2488 2428 2542 multi.
2493 2487 2550 2543 Si
2585 2488 2738 2544 enim
2783 2504 2886 2544 nos
2921 2489 3074 2560 ipsos
3101 2490 3510 2560 judicaremus,

1927 2595 2038 2635 non
2085 2581 2280 2650 utique
2319 2581 2738 2652 judicaremur;
2789 2581 2923 2636 dum
2955 2593 3142 2638 autem
3169 2584 3512 2655 judicamur,

1926 2689 1957 2727 a
2002 2674 2236 2728 Domino
2279 2674 2655 2744 corripimur,
2721 2683 2784 2729 ut
2833 2691 2949 2730 non
3003 2691 3132 2731 cum
3168 2676 3276 2733 hoc
3302 2678 3516 2734 mundo

1925 2763 2366 2820 damnemur".1
2396 2766 2616 2821 Rursus
2641 2783 2654 2819 :
2685 2785 2700 2816 1
2724 2766 2852 2822 Dies
2875 2767 3121 2833 Domini,
3141 2777 3406 2842 tanquam
3424 2770 3514 2825 fur

1924 2857 1982 2912 in
2012 2867 2199 2924 nocte,
2235 2859 2314 2912 ita
2342 2858 2552 2913 veniet.
2591 2858 2732 2914 Cum
2760 2869 2946 2916 autem
2977 2861 3229 2917 dixerint
3266 2879 3279 2916 :
3314 2864 3426 2918 Pax
3458 2876 3516 2919 et

1925 2950 2201 3005 securitas
2231 2989 2247 3014 ,
2302 2957 2438 3005 tunc
2471 2950 2802 3020 repentinus
2835 2953 3196 3022 superveniet
3223 2955 3308 3010 eis
3336 2956 3515 3012 inter-

1925 3042 2042 3098 itus
2070 3043 2136 3096 ³³.
2161 3061 2182 3096 1
2245 3043 2353 3098 Sed
2383 3053 2440 3098 et
2467 3044 2609 3099 alius
2639 3061 2654 3097 :
2690 3063 2708 3096 1
2736 3043 2816 3099 Ne
2844 3045 3078 3112 dixeris,
3115 3048 3248 3118 quia
3278 3049 3515 3105 misera-

1926 3136 2008 3189 tio
2029 3134 2251 3190 Domini
2289 3135 2484 3199 multa,
2504 3135 2854 3191 multitudini
2878 3148 3235 3208 peccatorum
3261 3156 3516 3196 meorum

1929 3227 2350 3299 propitiabitur.
2366 3227 2749 3283 Misericordia
2768 3239 2825 3284 et
2844 3230 2927 3285 ira
2948 3231 3095 3301 apud
3112 3247 3242 3287 eum
3265 3234 3476 3288 sunt“.
3491 3253 3509 3284 1

1929 3319 2136 3374 lterum
2193 3338 2207 3373 :
2268 3339 2287 3371 1
2322 3320 2402 3375 Ne
2448 3321 2638 3376 tardes
2673 3323 2926 3377 converti
2970 3324 3040 3378 ad
3071 3324 3406 3394 Dominum,
3459 3338 3517 3382 et

1927 3427 1997 3466 ne
2041 3410 2270 3466 diﬂ'eras
2316 3410 2386 3466 de
2425 3411 2517 3467 die
2561 3412 2619 3468 in
2659 3413 2855 3481 diem;
2913 3416 3222 3472 secundum
3257 3418 3516 3474 multituv

1927 3503 2114 3559 dinem
2133 3504 2536 3560 misericordiae
2553 3505 2696 3576 ejus,
2716 3506 2791 3561 ita
2812 3515 2869 3562 et
2891 3507 3203 3580 increpatio
3220 3512 3476 3583 ipsius”.
3492 3535 3509 3567 ι

1926 3597 2121 3653 Virum
2139 3597 2450 3653 secundum
2471 3600 2864 3671 operajudicat
2907 3602 3166 3660 Ezechiel
3187 3626 3203 3662 ι
3231 3627 3248 3658 1
3274 3606 3332 3663 Si
3356 3625 3520 3666 aver.

1927 3705 2024 3746 sus
2051 3691 2226 3746 fuerit
2246 3692 2433 3762 justus
2463 3707 2494 3746 a
2521 3693 2740 3763 justitia
2765 3709 2893 3762 sua,
2929 3706 2987 3752 et
3016 3697 3217 3754 fecerit
3242 3700 3514 3773 iniquita-

1927 3789 2037 3837 tem
2066 3822 2081 3846 ,
2137 3797 2332 3838 omnes
2370 3784 2605 3854 justitia
2636 3786 2759 3856 ejus
2793 3803 2906 3842 non
2935 3790 3412 3860 recordabuntur,
3452 3797 3511 3852 in

1923 3881 2154 3944 peccato
2180 3888 2284 3928 suo
2310 3873 2605 3929 morietur.
2661 3875 3146 3948 Unumquemquc,
3177 3881 3334 3952 juxta
3363 3884 3510 3940 viam

1924 3977 2084 4019 suam
2135 3965 2192 4019 in
2231 3979 2340 4035 qua
2386 3965 2658 4020 invenero
2701 3981 2860 4033 eum,
2907 3969 3196 4041 judicabo,
3232 3973 3368 4029 dicit
3397 3977 3511 4031 Do-

1923 4056 2110 4110 minus
2135 4056 2197 4109 ".
2229 4075 2248 4109 1
2293 4056 2498 4111 Paulus
2524 4057 2654 4111 item
2701 4075 2716 4111 :
2763 4078 2782 4110 1
2811 4059 3004 4130 Itaque
3038 4078 3109 4117 ne
3138 4063 3510 4134 dormiamus,

1923 4147 2022 4203 sed
2047 4147 2342 4219 vigilemus
2372 4157 2428 4203 et
2459 4148 2631 4203 sobrii
2661 4149 2856 4205 simus.
2887 4154 2991 4219 Qui
3021 4154 3169 4209 enim
3195 4155 3506 4226 dormiunt,

1921 4249 2087 4297 nocte
2136 4241 2458 4306 dormiunt;
2517 4250 2576 4296 et
2628 4244 2724 4313 qui
2768 4244 2910 4300 ebrii
2952 4256 3112 4313 sunt,
3163 4258 3330 4307 nocte
3359 4252 3508 4309 ebrii

1921 4343 2053 4389 sunt
2077 4335 2140 4387 ".
2163 4353 2180 4384 1
2222 4333 2442 4389 lnducit
2469 4352 2484 4392 :
2517 4355 2534 4387 1
2561 4336 2718 4392 Sicut
2753 4336 2850 4392 ﬁlii
2881 4338 3024 4394 lucis
3054 4341 3370 4405 ambulate.
3414 4361 3508 4402 re»

1921 4429 2196 4483 dimentes
2227 4437 2476 4497 tempus,
2525 4431 2658 4501 quia
2688 4430 2810 4486 dies
2835 4433 2964 4486 mali
2991 4442 3122 4488 sunt
3147 4435 3210 4489 ¹⁸.
3245 4456 3264 4490 1
3309 4438 3417 4494 Sed
3451 4451 3508 4497 et
3616 4423 3618 4425 6

226 4533 418 4582 enters,
448 4518 530 4571 δτι
559 4519 608 4570 εἰ
639 4518 754 4588 ᾔδει
782 4519 810 4570 6
834 4520 1228 4592 οἰκοδεσπότης
1252 4521 1382 4594 ποίᾳ
1404 4523 1623 4594 φυλακῇ
1647 4527 1674 4577 6
1694 4525 1820 4578 κλέ-

1927 4521 2190 4576 Dominus
2223 4539 2236 4575 :
2275 4541 2293 4572 1
2328 4522 2563 4592 Vigilate
2589 4564 2602 4587 ,
2657 4525 2788 4593 quia
2823 4526 3057 4582 nescitis
3085 4543 3196 4599 qua
3222 4529 3360 4587 hora
3395 4534 3507 4588 Do-

222 4625 374 4680 πτης
405 4607 646 4679 ἔρχεται,
685 4611 1070 4680 ἐγρηγόρησεν
1102 4611 1192 4677 ἂν,
1225 4613 1320 4664 καὶ
1353 4614 1454 4666 οὐκ
1514 4614 1698 4668 εἴασεν
1728 4616 1810 4668 δι-

223 4693 502 4769 ορυγῆναι
558 4699 660 4770 τὴν
707 4699 888 4752 οίκίαν
926 4699 1119 4754 αὐτοῦ.
1151 4702 1250 4756 Διὰ
1300 4701 1461 4756 τοῦτο
1512 4704 1609 4758 καὶ
1649 4707 1810 4776 ὑμεῖς

219 4789 448 4858 γίνεσθε
494 4789 742 4862 ἕτοιμοι,
797 4791 902 4856 ὅτι,
1015 4791 1136 4863 ὥρᾳ
1171 4793 1235 4846 ού
1269 4793 1594 4862 γινώσκετε,
1632 4799 1660 4850 6
1687 4797 1843 4862 Υἱὸς.

221 4882 325 4935 τοῦ
353 4882 646 4954 ἀνθρώπου
679 4883 918 4956 ἔρχεται.
945 4904 966 4937 1
1003 4886 1165 4958 Αὐτῷ
1193 4887 1226 4958 ή
1253 4887 1382 4952 δόξα
1412 4891 1492 4952 είς
1521 4889 1649 4953 τοὺς
1679 4889 1814 4943 αἰῶ-

218 4991 327 5041 νας
356 4975 466 5028 τῶν
497 4975 732 5030 αίὼνων.
773 4976 969 5048 Ἀμήν.

827 5179 1046 5235 ΛυΓΟΣ
1069 5181 1208 5249 Λφ.

779 5292 919 5361 Περὶ
948 5293 1255 5363 ὀκνηρίας.

312 5394 378 5458 ’Β
403 5401 634 5475 όκνηρία
669 5406 1028 5470 συνέζευκται
1058 5410 1124 5478 τῇ
1154 5410 1414 5482 πονηρίᾳ.
1445 5429 1463 5463 ι
1485 5412 1650 5467 Δοῦλε
1673 5417 1804 5488 γὰρ,

323 5552 580 5630 fl‘Reg.
632 5574 748 5624 xm,
801 5561 890 5616 l5.
1007 5561 1223 5618 ‘Prov.
1264 5581 1376 5630 xxi,
1431 5565 1522 5621 24.

222 5623 271 5696 ’Ἴ
302 5624 447 5696 Psal.
484 5623 646 5688 Xixv.
673 5623 741 5684 2.
844 5633 884 5665 ¹¹
924 5633 1120 5690 IPetr.
1154 5651 1227 5696 ιν,
1264 5637 1348 5691 i7.

215 5693 441 5822 "Zibid.
475 5697 530 5751 8.
645 5700 690 5731 ⁸⁸
725 5701 928 5758 Ezecb.
967 5720 1117 5770 xvun,
1149 5693 1242 5770 2/1,
1267 5706 1357 5760 30.

548 5859 820 5925 ΡΑτιιοι..
863 5865 978 5928 Gn.
1024 5867 1336 5932 LXXXIX.

1659 5571 1730 5602 ⁸·⁶
1764 5571 1782 5626 l
1813 5572 1950 5642 Reg.
2005 5589 2064 5641 η,
2117 5573 2206 5631 30.

1464 5640 1506 5671 "
1544 5638 1717 5695 lCor.
1751 5658 1825 5706 xr,
1856 5638 2048 5698 30.52.

1474 5710 1516 5740 "
1555 5710 1574 5764 l
1607 5711 1803 5768 Thess.
1837 5729 1893 5781 ν,
1933 5715 1988 5782 ϐ,
2050 5716 2098 5771 7.

1919 4614 2108 4670 minus
2131 4622 2316 4669 vester
2342 4624 2617 4670 venturus
2637 4616 2727 4670 sit.
2756 4617 2895 4671 Illud
2917 4626 3104 4674 autem
3127 4621 3326 4679 scitote
3351 4625 3504 4695 quia,

1920 4705 1965 4761 si
1997 4705 2168 4760 sciret
2195 4706 2597 4776 paterfamilias
2637 4723 2744 4776 qua
2776 4709 2963 4779 vigilia
2994 4709 3086 4766 fur
3110 4714 3361 4781 veniret,
3413 4720 3500 4773 vi-

1915 4799 2350 4870 gilaretutique.
2380 4809 2437 4855 et
2459 4817 2569 4856 non
2588 4802 3042 4873 sineretperl‘odi
3065 4807 3292 4862 domum
3318 4825 3498 4865 suam.

1912 4891 2267 4963 Quapropter
2314 4901 2371 4947 et
2417 4908 2518 4948 vos
2575 4903 2756 4950 estote
2789 4896 2993 4966 parati,
3031 4898 3183 4968 quia,
3220 4915 3329 4970 qua
3365 4902 3501 4956 hora

1912 5001 2024 5040 non
2059 4983 2291 5055 putatis,
2322 4985 2499 5040 Filius
2533 4985 2782 5042 hominis
2815 4989 3005 5044 veniet
3023 4991 3086 5042 ".
3117 5009 3136 5041 1
3184 4991 3295 5062 Ipsi
3328 4992 3503 5063 gloria

1911 5073 1970 5129 in
2001 5076 2224 5130 saecula.
2256 5075 2454 5134 Amen.

2434 5191 2721 5251 IIOMILIA
2752 5193 2996 5251 XXXVI.

2539 5307 2614 5362 De
2644 5311 2882 5381 pigritia.

1989 5418 2220 5491 Pigritia
2249 5419 2516 5491 nequitia:
2543 5421 2840 5493 conjuncta
2871 5431 2956 5478 est
2982 5431 3036 5479 et
3064 5423 3263 5482 aﬂinis.
3294 5443 3313 5479 1
3335 5427 3507 5486 Serve

2347 5568 2367 5606 "
2402 5576 2564 5632 Prov.
2602 5594 2713 5641 XIX,
2771 5579 2857 5633 16.

2163 5645 2258 5700 ⁸³1
2319 5646 2513 5701 Thess.
2553 5664 2606 5711 ν,
2668 5650 2724 5711 2,
2787 5650 2838 5703 5.

2208 5716 2250 5748 ³·
2280 5717 2482 5788 Ephes.
2524 5734 2576 5784 ν,
2608 5718 2658 5784 8,
2694 5719 2778 5774 16.

2997 5581 3065 5613 ’θ’
3102 5583 3335 5640 Malach.
3375 5600 3414 5648 ι,
3449 5585 3501 5640 6.

2957 5651 3008 5683 ³³
3081 5652 3252 5709 Eccli.
3286 5671 3340 5718 v,
3370 5653 3424 5717 ὃ.
3451 5658 3502 5712 '.'.

2893 5722 2934 5752 "
2966 5722 3159 5778 Matth.
3193 5741 3338 5788 xxn,
3402 5725 3497 5782 49.

3064 5882 3135 5945 49
