3944 6422
518 344 600 414 15
608 345 666 411 ίἹ

1779 342 2149 405 ANTIOCHI
2189 344 2535 406 MONACHI

3631 359 3732 422 15i8

525 469 769 526 nequam
802 465 860 512 et
889 455 1106 528 piger“
1128 474 1176 520 ι,
1212 455 1293 513 ait
1322 457 1613 513 Dominus.
1648 454 1786 513 Cum
1814 458 2000 527 itaque
2029 471 2119 511 ro-

2223 455 2417 525 φησὶν,
2470 457 2570 511 καὶ
2611 455 2819 527 πονηρὶ
2867 455 2964 510 καὶ
3000 457 3226 530 ὀκνηρέ.
3257 475 3276 511 ι
3334 457 3441 514 Τοῦ
3465 457 3553 515 οὖν
3573 463 3734 534 Κυρίου

528 556 635 608 bur
687 551 907 608 abunde
953 549 1277 621 suppeditet
1313 550 1621 616 Dominus,
1680 551 1938 622 viresque
1984 564 2115 620 sug-

529 653 716 715 gerat,
739 643 969 697 multam
989 641 1175 713 reipsa
1197 650 1543 697 ostentemus
1557 641 1904 698 alacritatem
1920 640 2115 708 animi,

529 741 700 804 atque
731 749 762 788 a
792 731 956 789 nobis
985 746 1153 802 porro
1176 744 1560 802 expungamus
1582 730 1958 785 omnimodam
1983 744 2121 785 cun-

531 826 837 881 etationcm
869 824 986 879 sive
1016 822 1301 894 pigritiam
1327 863 1343 889 ,
1399 821 1566 892 inque
1596 821 1781 878 veraci
1812 824 1975 878 vinea
2007 822 2117 877 im-

530 919 689 989 pigre
723 931 1023 987 operemur
1056 931 1156 986 per
1187 924 1438 970 exactam
1470 914 1861 997 mandatorum
1891 914 2115 970 Domini

532 1009 1017 1071 observationem,
1070 1015 1335 1076 tanquam
1369 1007 1594 1079 ingenui
1628 1022 1696 1061 ac
1724 1005 1961 1077 legitimi
1992 1005 2131 1074 ﬁlii,

528 1119 643 1158 non
687 1103 819 1158 item
874 1108 936 1155 ut
984 1099 1132 1156 servi
1166 1099 1407 1171 improbi
1451 1100 1570 1156 sive
1601 1108 1663 1155 ut
1691 1098 1943 1170 operarii
1966 1114 2118 1155 mer-

531 1193 739 1251 senarii
764 1234 779 1260 ,
834 1192 929 1262 qui
975 1192 1241 1262 pietatem
1282 1192 1435 1247 aliud
1464 1207 1586 1248 esse
1612 1192 1753 1248 nihil
1783 1193 2118 1264 promittunt

412 1354 415 1359 ι
530 1303 698 1360 quam
746 1294 1056 1357 quaestum,
1110 1300 1214 1341 suo
1268 1285 1496 1340 interim
1548 1285 1859 1341 servientes
1909 1284 2116 1351 ventri,

529 1396 630 1453 per
667 1393 868 1434 suaves
894 1392 1187 1432 sermones
1234 1386 1293 1432 et
1334 1377 1758 1434 benedictioncs
1797 1375 2116 1433 dum'deci-

527 1473 692 1543 piunt
723 1470 894 1525 corda
925 1469 1327 1524 innocentium.
1387 1469 1497 1536 Ne,
1528 1471 1683 1542 juxta
1712 1469 1872 1525 Pauli
1902 1469 2118 1525 doctri-

526 1558 686 1628 nam,
725 1561 1027 1617 abutamur
1059 1559 1268 1617 Christi
1293 1560 1544 1628 nomine,
1575 1562 1736 1632 quasi
1768 1562 1825 1616 in
1852 1561 2119 1618 nundinis

526 1654 917 1726 negotiantes;
979 1668 1119 1708 neve
1166 1653 1236 1708 ad
1268 1652 1677 1724 congerendam
1708 1654 2003 1724 pecuniam
2037 1653 2119 1709 si-

527 1762 657 1802 mus
684 1746 990 1812 avidiores,
1024 1754 1085 1800 et
1115 1745 1359 1814 operarii
1386 1745 1562 1800 dolosi
1583 1785 1599 1812 ,
1656 1744 2119 1816 transﬁgurantes

2219 546 2321 618 τὴν
2356 548 2514 618 ἰσχὺν
2547 548 3035 619 ὲπιχορηγοῦντος,
3062 549 3160 604 καὶΙ
3184 551 3344 621 ἡμεῖς
3371 551 3433 604 τὺ
3454 549 3737 625 εὔπρόθυμον

2219 635 2486 709 δείξωμεν
2509 678 2524 702 ,
2578 639 2675 693 καὶ
2720 638 3123 711 ἀπορρίψωμεν
3172 640 3269 710 ἀφ’
3295 640 3452 712 ἡμῶν
3489 643 3651 698 πᾶσαν
3673 647 3740 700 ὀκ-

2223 722 2447 794 νηρίαν,
2486 724 2583 779 καὶ
2613 712 2847 796 ἐργάται
2877 726 3173 799 γενώμεθα
3201 729 3304 799 τῆς
3327 728 3580 801 ἀληθινῆς
3605 735 3731 804 dust

2220 814 2313 871 λου
2340 857 2355 883 ,
2411 817 2509 871 καὶ
2558 817 2803 887 φύλακες
2836 818 2946 872 τῶν
2976 820 3215 875 ἐντολῶν
3243 822 3337 876 τοῦ
3360 825 3562 895 Κυρίου
3589 826 3653 890 ὡς
3671 829 3745 883 υἱοί

2220 914 2458 984 γνήσιοι,
2485 915 2579 968 καὶ
2611 915 2688 986 μὴ
2712 913 2789 978 ὼς
2814 914 2991 969 δοῦλοι
3020 917 3272 988 πονηροὶ,
3294 917 3326 988 ἢ
3354 919 3448 973 καί
3470 918 3541 982 ὡς
3565 921 3748 988 ἐργάται

2224 1007 2511 1078 μισθωτοὶ,
2546 1007 2868 1078 νομίζοντες
2900 1010 3175 1081 πορισμὸν
3199 1005 3339 1065 εἶναι
3366 1010 3469 1082 τὴν
3494 1010 3749 1084 εύσέδειαν,

2218 1098 2567 1166 δουλεύοντες
2587 1101 2709 1164 ταῖς
2725 1100 2909 1155 αὐτῶν
2928 1099 3189 1166 κοιλίαις.
3212 1102 3328 1168 καὶ,
3348 1102 3440 1157 διὰ
3457 1103 3552 1174 τῆς
3566 1121 3752 1177 χρηστο-

2219 1190 2415 1262 λογίας
2443 1192 2539 1248 καὶ
2565 1190 2848 1263 εὐλογίας,
2880 1192 3285 1259 ἐξαπατῶντες
3312 1194 3414 1260 τὰς
3441 1195 3657 1268 καρδίας
3671 1198 3753 1253 τῶν

2220 1285 2468 1340 ἀκάκων.
2485 1278 2586 1356 ’Μὴ
2604 1285 2918 1357 γενώμεθα,
2941 1285 3018 1350 ὡς
3040 1289 3067 1340 ὁ
3091 1286 3307 1350 Ila-316;
3327 1303 3516 1358 φησιν,
3535 1291 3758 1363 χρηστὴιο

2220 1395 2404 1451 ποροι,
2439 1380 2536 1434 καὶ
2567 1380 2923 1453 φιλάργυροι,
2957 1380 3190 1451 ἐργάται
3217 1381 3409 1447 δόλιοι,
3445 1399 3757 1454 μετασχημα-

2218 1470 2496 1541 τιζόμενοι
2526 1472 2606 1536 είς
2627 1471 2915 1535 διακόνους
2937 1471 3143 1540 φωτὸς,
3167 1472 3399 1538 σκότους
3422 1474 3759 1544 τυγχάνοντες·

2218 1563 2357 1618 ἀλλά
2407 1561 2580 1628 ἀξίως
2619 1563 2722 1632 τῆς
2761 1563 3007 1634 κλήσεως
3056 1566 3154 1619 καὶ
3197 1565 3299 1636 τῆς
3326 1565 3617 1634 ὁμολογίας
3640 1568 3759 1638 ἡμῶν

2219 1652 2702 1725 πολιτευσώμεθα,
2731 1655 2898 1720 ὁσίως
2923 1658 3019 1710 καὶ
3042 1656 3272 1720 δικαίως
3297 1659 3393 1714 καὶ
3417 1659 3650 1723 εύσεσῶς
3665 1658 3761 1724 ζῶν-

2218 1763 2310 1809 τες
2330 1789 2346 1812 ,
2394 1746 2792 1817 προνοούμενοι
2822 1746 2988 1812 καλὰ,
3022 1747 3087 1802 οὐ
3121 1748 3286 1819 μόνον
3313 1749 3552 1806 ἐνώπιον
3574 1751 3760 1823 Κυρίω,

529 1853 647 1922 ηοξ.
684 1840 742 1893 in
790 1838 1082 1893 ministros
1124 1837 1302 1902 lucis,
1360 1851 1490 1893 cum
1533 1837 1763 1893 interim
1794 1852 1967 1907 opere
1998 1837 2119 1908 ipso

2221 1838 2362 1893 ἀλλά
2405 1839 2502 1893 καὶ
2545 1838 2825 1908 ἀγγέλων,
2865 1839 2964 1894 καὶ
2996 1838 3329 1911 ἀνθρώπων.
3386 1840 3560 1896 Τοῦτο
3585 1821 3762 1912 γάριι.

529 1933 707 1988 simus
745 1930 1052 1987 tenebm“
1110 1947 1123 1984 :
1176 1931 1394 2002 1086
1437 1930 1577 2001 quin
1608 1931 1796 2001 potius
1825 1929 1989 2002 digne
2016 1944 2118 1985 vo-

528 2023 749 2079 catione
799 2037 1197 2081 convcrsemur
1253 2030 1311 2077 et
1356 2021 1706 2092 professione
1751 2023 1856 2079 hac
1892 2032 2117 2089 nostra,

480 2125 720 2183 ..sancte
761 2116 1045 2181 viventes,
1089 2115 1239 2186 juste
1289 2129 1357 2169 ac
1398 2115 1521 2186 pie,
1567 2115 1929 2186 providentes
1972 2116 2121 2171 bona

528 2226 642 2266 non
672 2210 855 2266 solum
876 2221 1067 2264 coram
1090 2208 1355 2272 Domino.
1390 2211 1487 2267 sed
1520 2210 1692 2265 etiam
1722 2221 1911 2263 coram
1934 2207 2119 2263 bomi~

528 2304 696 2359 nibus
724 2322 736 2358 :
764 2302 873 2359 hoc
896 2302 1045 2357 enim
1067 2302 1279 2373 justum
1309 2313 1368 2357 ut
1391 2305 1736 2373 gloriﬁcatur
1754 2305 1907 2359 Deus
1924 2300 1982 2355 in
2001 2315 2125 2356 om-

528 2397 721 2453 nibus.
758 2397 1123 2453 Excutiamus
1149 2411 1182 2451 a
1204 2393 1369 2448 nobis
1397 2411 1562 2463 quam
1587 2391 1909 2460 longissime
1934 2392 2120 2447 lento-

530 2507 644 2547 rem
693 2491 888 2547 animi.
956 2490 1028 2547 Ut
1086 2490 1282 2546 ﬁdeles
1325 2486 1496 2549 servi,
1533 2485 1683 2540 diem
1726 2486 2120 2558 praestolemur

528 2583 802 2639 adventus
853 2581 1074 2638 Domini
1111 2581 1290 2638 nostri
1335 2598 1348 2634 :
1393 2594 1505 2649 quo
1533 2577 1625 2633 die
1652 2578 1780 2634 caeli
1803 2578 2115 2642 solventur,

528 2685 682 2731 terra
705 2684 891 2730 autem
916 2673 1266 2738 etTervescet,
1285 2680 1343 2727 et
1366 2677 1588 2726 evomet
1610 2685 1709 2726 eos
1726 2669 1873 2740 quia
1889 2668 2120 2725 condito

527 2768 773 2839 primum
798 2765 933 2820 orbe
954 2761 1380 2819 obdormierint.
1400 2761 1616 2817 Montes
1638 2773 1805 2831 atque
1827 2760 1983 2815 arida
1998 2773 2122 2815 om-

528 2859 619 2914 nis
655 2858 1058 2929 obstupesccnt
1100 2872 1129 2911 a
1166 2855 1311 2911 tacie
1342 2854 1487 2924 ejus.
1524 2852 1667 2909 Cum
1700 2853 1921 2909 venerit
1946 2851 2120 2923 judex

528 2966 658 3005 cum
690 2950 938 3005 nubibus
959 2989 977 3014 ,
1033 2956 1167 3003 tunc
1211 2946 1472 3001 universa
1499 2946 1769 3016 corripiet
1793 2953 2031 3009 tremor,
2064 2950 2131 3003 et,

529 3046 803 3102 calorum
830 3047 1073 3100 virtutes
1103 3040 1502 3096 movebuntur.
1533 3038 1705 3095 Multa
1727 3037 1936 3094 etenim
1957 3035 2120 3091 valde

2220 1930 2378 1987 καιόν
2403 1933 2576 1995 ἐστιν.
2612 1931 2703 1987 ἵνα
2731 1929 3029 2000 δοξάζηται
3054 1932 3084 1986 ό
3107 1932 3242 1997 Θεὸς
3265 1935 3325 1987 ὲν
3348 1935 3545 1989 πᾶσιν.
3559 1935 3764 2008 ’Δπορῤί-

2218 2022 2412 2095 ψωμεν
2450 2020 2545 2079 οὖν
2588 2024 2688 2096 τὴν
2731 2026 3000 2097 όκνηρίαν
3052 2027 3149 2096 ἀφ’
3188 2026 3386 2098 ἡμῶν,
3435 2028 3531 2083 καὶ
3574 2029 3644 2092 ὡς
3672 2030 3763 2084 δοῦ-

2219 2114 2304 2169 λοι
2350 2117 2536 2170 πιστοὶ
2582 2117 2951 2187 ἀναμένοντες
2992 2118 3092 2186 τὴν
3128 2119 3350 2191 ἡμέραν
3378 2120 3482 2190 τῆς
3507 2121 3763 2191 παρουσίας

2219 2208 2316 2262 τοῦ
2365 2207 2642 2262 Δεσπότου
2688 2208 2888 2280 ἡμῶν,
2944 2204 3068 2286 ἑνῇ
3116 2212 3167 2265 οι
3200 2212 3431 2281 οὐρανοὶ
3464 2212 3763 2283 λυθήσονται,

2222 2300 2324 2357 καὶ
2362 2303 2395 2373 ἡ
2432 2301 2507 2373 γῆ
2548 2301 2894 2374 ἀναθράσσει
2929 2303 3058 2367 τοὺς
3090 2304 3149 2370 ἐξ
3175 2306 3382 2371 αίῶνος
3410 2304 3765 2373 καθεύδοντας,

2220 2395 2322 2466 ὅρη
2379 2395 2474 2450 καὶ
2524 2395 2676 2450 πᾶσα
2727 2396 2760 2467 ἡ
2811 2396 2955 2466 ξηρά
3002 2398 3338 2468 ἐκστήσεται
3371 2399 3484 2453 ἀπὸ
3514 2400 3764 2472 προσεῖρπον

2224 2484 2418 2542 αὑτοῦ.
2456 2486 2652 2542 Ἠνίκα
2701 2487 3074 2558 παραγίνεται
3106 2490 3135 2543 ό
3166 2490 3386 2560 Κριτής
3422 2492 3561 2561 μετὰ
3587 2491 3683 2546 τῶν
3703 2508 3764 2544 νε-

2221 2579 2401 2651 φελῶν
2420 2619 2436 2644 ,
2498 2579 2619 2634 τότε
2669 2579 2740 2634 τὰ
2768 2578 3063 2651 σύμπαντα
3090 2583 3294 2652 τρόμος
3322 2583 3590 2655 λήψεται,
3626 2585 3705 2638 καὶ
3724 2584 3763 2636 al

2219 2673 2330 2727 τῶν
2379 2673 2633 2745 οὐρανῶν
2681 2673 2948 2744 δυνάμεις
2995 2673 3430 2746 σαλευθήσονται
3456 2693 3472 2708 ’
3530 2676 3609 2731 διὸ
3635 2675 3762 2745 πολλὴ

2222 2766 2375 2819 ἐστιν
2407 2766 2442 2836 ή
2473 2763 2802 2836 παρεμϐολή
2836 2764 3045 2834 σφόδρα
3069 2764 3273 2833 αὐτοῦ,
3327 2766 3418 2822 δτι
3453 2766 3643 2838 ισχυρὰ
3662 2767 3763 2839 ἔργα

2221 2856 2399 2925 λόγων
2425 2856 2592 2911 αὐτοῦ
2615 2872 2629 2887 ·
2656 2858 2716 2910 ὲν
2747 2856 3033 2927 συντελείᾳ
3064 2858 3162 2911 καὶ
3193 2859 3252 2911 ὲν
3282 2859 3605 2931 συσσεισμῷ
3630 2856 3764 2926 sm;

2223 2948 2396 3020 αὐτῷ,
2434 2948 2537 3002 xal
2578 2946 2780 3017 νεφέλη
2814 2947 3098 3017 κονιορτὸς
3128 2948 3309 3002 ποδῶν
3334 2948 3536 3004 αὐτοῦ·
3571 2949 3765 3003 ἀπειλῶν

2184 3090 2187 3095 .
2223 3039 2493 3111 θαλάσσῃ,
2545 3039 2644 3093 καί⁸
2689 3038 2965 3110 ξηραίνων
3009 3040 3202 3112 αὐτήν.
3253 3043 3419 3107 Ἥξει
3458 3044 3565 3115 γὰρ
3608 3041 3765 3112 Κύριος

530 3133 707 3189 series
734 3142 820 3188 est
847 3144 1159 3189 castrorum
1186 3132 1331 3201 ejus,
1352 3129 1481 3200 quia
1508 3128 1675 3184 fortia
1696 3143 1867 3199 opera
1887 3142 2010 3199 qua:
2031 3142 2119 3182 so-

2229 3132 2370 3203 μετά
2398 3132 2574 3203 θυμοῦ
2603 3132 2772 3187 αὐτοῦ
2805 3132 2882 3196 ὡς
2908 3132 3045 3202 πῦρ,
3070 3134 3162 3188 καὶ
3185 3133 3261 3198 ὡς
3290 3137 3611 3206 καταιγίδες
3625 3136 3683 3190 τὰ
3699 3135 3763 3203 ἆρ-

529 3227 586 3281 Io
605 3227 780 3283 verbo
806 3227 926 3298 ejus
958 3225 1092 3281 ﬁent
1117 3243 1130 3279 :
1159 3224 1216 3283 in
1247 3222 1677 3292 consumptione
1706 3229 1763 3277 et
1788 3220 2119 3278 commotio-

2228 3242 2376 3295 ματα
2428 3226 2637 3283 αὑτοῦ·
2696 3224 2792 3279 καί
2841 3224 2955 3296 πῦρ
3009 3228 3463 3299 προπορεύσεται
3508 3227 3764 3298 ἔμπροσθεν

527 3335 600 3376 ne
626 3321 715 3376 via
736 3321 857 3393 ejus
883 3329 939 3375 et
965 3319 1145 3374 nubes
1169 3319 1351 3389 pulvis
1376 3318 1580 3388 pedum
1605 3316 1746 3387 ejus.
1793 3313 2125 3371 Intermina-

528 3423 625 3468 tur
655 3414 814 3475 mari.
846 3420 903 3468 et
926 3411 1171 3468 exsiccet
1195 3412 1354 3467 illud.
1381 3410 1657 3466 Adveniet
1675 3408 1829 3464 enim
1850 3406 2124 3462 Dominus

525 3521 661 3562 cum
710 3507 901 3561 furore
942 3520 1083 3571 suo,
1135 3505 1297 3575 quasi
1343 3502 1510 3574 ignis,
1545 3510 1604 3557 et
1632 3498 1790 3572 quasi
1821 3508 2125 3568 tempeatas

518 3597 813 3657 inundans
842 3612 1070 3653 currus.
1108 3597 1262 3668 Ignis
1291 3593 1579 3666 praecedet
1604 3592 1802 3649 faciem
1831 3592 1974 3661 ejus.
2015 3587 2122 3655 Qui

525 3688 948 3767 comperientur
981 3688 1199 3747 strenui
1221 3686 1393 3743 fuisse
1419 3694 1478 3740 et
1504 3684 1727 3755 impigri
1763 3682 1819 3737 in
1849 3679 2123 3752 operibus

528 3783 714 3849 bonis,
747 3781 818 3836 ad
849 3782 1019 3836 vitam
1049 3779 1406 3851 emigrabunt
1432 3786 1734 3841 aeternam;
1772 3783 1989 3842 contra,
2022 3772 2123 3844 qui

524 3872 1027 3944 deprchendemur
1074 3871 1236 3944 pigro
1280 3871 1498 3927 lentore
1545 3869 1858 3940 intepuisse
1909 3882 1976 3925 ac
2017 3866 2120 3921 ﬂa-

525 3966 727 4038 gitiose
760 3965 964 4024 vixisse
989 4004 1004 4026 ,
1040 3963 1111 4019 ad
1138 3962 1476 4034 supplicium
1502 3968 1777 4016 aaternum
1804 3957 2116 4029 rapientur.

522 4060 597 4117 Et
621 4059 847 4129 quidem
875 4057 1051 4114 visuri
1075 4065 1211 4113 sunt
1229 4054 1581 4111 horrendum
1606 4052 1743 4108 illud
1767 4067 1831 4107 ac
1855 4049 2121 4107 fermida-

522 4151 640 4207 ‘bile
689 4150 907 4207 iudicis
942 4148 1194 4205 tribunal
1243 4166 1258 4203 :
1309 4146 1509 4202 ubiet
1544 4144 1710 4201 sedes
1754 4144 1812 4223 in
1838 4140 2129 4213 hocjudi-.

514 4239 675 4294 cium
693 4236 1433 4308 apparatascouspicientur.
1449 4234 1596 4306 Ignis
1613 4233 1851 4305 proinde
1871 4231 2121 4286 ﬂuminis

518 4333 584 4386 ain
611 4345 824 4387 morem
856 4329 1245 4402 praeterﬂuens
1288 4329 1347 4384 in
1382 4333 1688 4398 conSpectu
1725 4325 1928 4398 iudicis
1954 4325 2117 4381 tanti.

527 4423 681 4478 Libri
699 4423 928 4492 insuper
943 4421 1150 4492 aperti;
1170 4420 1302 4475 hinc
1319 4420 1579 4476 omnibus
1596 4420 1777 4491 palam
1793 4418 1930 4474 ﬁent
1945 4416 2123 4474 bomi-

2223 3313 2417 3368 αὑτοῦ.
2454 3315 2571 3369 Kal
2601 3316 2653 3368 οί
2686 3317 2745 3368 ὲν
2770 3317 2886 3380 τοῖς
2916 3315 3203 3386 μνήμασιν
3233 3316 3565 3371 ἀκούσονται
3591 3317 3763 3385 sim-vo-

2223 3407 2393 3478 ϐερᾶς
2428 3407 2614 3477 φωνῆς
2642 3407 2811 3461 αὑτοῦ
2831 3447 2847 3470 ,
2907 3408 3005 3461 καὶ
3056 3407 3498 3479 ἐκπορεύσονται
3529 3410 3576 3463 οί
3603 3408 3762 3470 ἀοκνκ,

2222 3498 2317 3551 κοιλ⁸
2365 3497 2415 3550 οί
2461 3498 2519 3551 ὲν
2562 3496 2793 3565 ἀγαθοῖς
2829 3495 3040 3568 ἔργοις,
3076 3498 3157 3563 είς
3189 3496 3339 3568 ζωὴν
3368 3497 3616 3552 αἰώνιον·
3661 3495 3762 3550 οίδὶ

2220 3589 2449 3660 όκνηροὶ
2471 3589 2568 3642 καὶ
2589 3588 2809 3658 φαῦλοι,
2830 3590 2912 3652 είς
2937 3588 3163 3643 κόλασιν
3188 3588 3438 3645 αἰώνιον.
3462 3590 3568 3645 Kal
3587 3588 3765 3660 δψονται

2222 3679 2285 3735 τὸ
2320 3680 2595 3759 φρικῶδες
2626 3679 2983 3751 δικαστήριον
3011 3679 3106 3733 τοῦ
3135 3679 3384 3750 Χριστοῦ
3409 3698 3423 3712 ο
3473 3680 3595 3734 ἔνθα
3623 3679 3764 3749 θρόνοι

2222 3773 2551 3844 πρόκεινται
2589 3772 2672 3833 εἰς
2708 3771 2889 3842 κρίσιν
2909 3809 2925 3834 ,
2979 3771 3077 3824 καὶ
3109 3770 3170 3825 τὸ
3199 3772 3521 3843 ποταμηδὺν
3549 3771 3659 3843 ῥέον
3681 3767 3761 3834 πῦρ

2220 3863 2541 3935 ἔμπροσθεν
2597 3862 2769 3917 αὐτοῦ
2798 3879 2813 3893 ·
2874 3862 2971 3917 καὶ
3022 3862 3202 3934 βίϐλοι
3250 3864 3626 3936 ἀνεῳγμέναι,
3664 3859 3759 3914 ἔνθα

2222 3955 2457 4028 πράξεις
2510 3954 3015 4011 ἀνακαλύπτονται.
3075 3955 3169 4010 Διὸ
3221 3956 3649 4029 μνημονεύοντες
3688 3954 3759 4021 τὴν

2221 4052 2439 4124 ἡμέραν
2489 4051 2748 4122 ἐκείνην,
2831 4052 2910 4123 μὴ
2956 4045 3111 4124 ὦμεν
3157 4053 3395 4125 όκνηροὶ
3444 4053 3539 4110 καὶ
3581 4050 3756 4123 ἀμελεῖς

2220 4147 2279 4200 ὲν
2331 4147 2445 4210 τοῖς
2492 4145 2884 4215 προκειμένοις
2931 4147 3065 4218 ἡμῖν
3092 4186 3108 4213 ,
3167 4147 3310 4218 μηδὲ
3363 4149 3479 4214 τοῖς
3521 4145 3755 4200 ὲνεστῶσιν

2218 4240 2296 4304 ὡς
2321 4239 2565 4303 αίωνίοις
2588 4239 2945 4311 προσχῶμεν.
2966 4239 3223 4295 Διδάσκει
3248 4240 3307 4296 δὶ
3335 4242 3486 4314 ἡμᾶς
3509 4239 3598 4295 καὶ
3614 4237 3754 4303 (illap-

2220 4330 2540 4400 οιμιαστὴς,
2572 4329 2751 4399 λέγων
2768 4345 2783 4361 °
2826 4348 2845 4381 ι
2869 4330 2932 4383 El
2964 4330 3160 4395 ἄοκνος
3185 4327 3276 4403 ᾖς,
3303 4330 3427 4404 ἥξει
3449 4330 3623 4400 ὥσπερ
3642 4331 3748 4396 πηγή

2220 4420 2249 4474 ὁ
2280 4418 2493 4490 ἀμητός
2523 4436 2618 4472 σου
2638 4434 2651 4447 ·
2685 4420 2720 4489 ἠ
2753 4417 2812 4472 δὲ
2842 4418 3045 4485 ἔνδεια,
3085 4417 3281 4490 ὥσπερ
3312 4420 3486 4483 κακὸς
3514 4416 3654 4489 ἀνὴρ,
3677 4414 3751 4466 ἁτε

532 4531 670 4569 num
693 4516 954 4571 actiones
970 4515 1376 4585 etperspicuaa.
1398 4513 1582 4581 Quare
1605 4513 1715 4569 diei
1742 4511 1892 4571 illius
1917 4510 2117 4567 sedqu

2222 4513 2618 4583 αυτομολήσει.
2652 4531 2671 4565 ι
2742 4511 2856 4565 Kal
2912 4512 3119 4567 πάλιν*
3186 4528 3209 4566 ε
3251 4511 3637 4582 Ἐργαζόμενος
3678 4504 3749 4573 τὴν

526 4622 835 4671 memores,
861 4622 958 4673 ne,
999 4620 1218 4677 (Ιυωδῡ,
1247 4606 1648 4668 lentescatnus,
1670 4621 1748 4661 ne
1786 4613 2120 4660 cunctentur

523 4717 590 4755 ea
615 4700 838 4772 explere
867 4716 990 4770 quas
1018 4699 1083 4755 ad
1109 4698 1401 4770 abreptum
1432 4697 1561 4754 vitae
1584 4697 1747 4754 istius
1771 4696 2121 4767 propositum

525 4794 801 4860 attinent;
857 4808 1041 4864 neque
1089 4791 1446 4863 temporariis
1476 4791 1567 4847 his
1598 4798 1864 4860 tanquam
1893 4789 2120 4845 aeternis

525 4893 771 4940 tuentem
806 4883 1114 4956 alligamus.
1163 4885 1346 4941 Docet
1376 4883 1487 4939 hoc
1545 4897 1647 4937 nos
1676 4882 2072 4945 Parmmiastes
2100 4899 2115 4937 :

532 4993 555 5043 ς
584 4972 642 5029 Si
674 4974 910 5046 impiger
938 4974 1149 5039 fueris,
1192 4973 1385 5029 veniet
1413 4973 1575 5044 quasi
1604 4972 1731 5028 fons
1760 4972 1960 5028 messis
1978 4979 2116 5039 tua;

523 5056 742 5135 egestas
769 5075 980 5130 autem,
1011 5073 1275 5135 tanquam
1308 5065 1396 5122 vir
1423 5065 1625 5130 malus,
1661 5064 1838 5136 fugiet
1869 5079 1899 5118 a
1927 5073 1981 5120 te
2001 5067 2068 5118 ³³.
2094 5082 2113 5117 ι

524 5158 770 5213 Rursum
807 5177 820 5213 :
858 5178 875 5210 ι
906 5159 1011 5225 Qui
1045 5168 1312 5230 Operatur
1346 5167 1556 5214 terram
1589 5173 1770 5225 suam,
1807 5157 2122 5229 replebitur

523 5250 800 5321 panibus;
834 5252 931 5321 qui
960 5268 1096 5308 vero
1127 5262 1376 5308 sectatur
1402 5252 1603 5317 otium,
1638 5251 1953 5323 replebitur
1980 5266 2120 5321 pau-

524 5344 860 5412 pertate’m
892 5344 1103 5399 lterum
1136 5356 1201 5399 :‘t
1231 5345 1290 5399 In
1319 5343 1542 5416 pigritia
1574 5345 1967 5399 humiliabitur
1987 5359 2122 5399 con-

526 5434 852 5506 tignatio,et
885 5438 941 5491 in
973 5439 1090 5501 otio
1117 5452 1383 5492 manuum
1416 5438 1746 5509 ingemiscet
1771 5437 1975 5492 domus
1993 5436 2065 5494 “.
2092 5455 2114 5490 ι

525 5526 743 5581 Rursus
771 5546 783 5581 :
816 5548 833 5579 ι
864 5529 1166 5600 Paupertas
1192 5530 1373 5585 virum
1402 5529 1907 5594 bumiliat,.manus
1929 5537 2115 5583 autem

527 5618 1169 5678 fortium'ditescettt?‘.i
1201 5621 1413 5678 Iterum
1444 5626 1507 5677 :‘t
1536 5621 1828 5677 Desideria
1851 5620 2119 5676 ocatdunt

597 5733 868 5806 'fMalth.
909 5736 1160 5805 “nec.
1265 5736 1309 5772 ιι
1342 5722 1650 5806 “Coi-.11,
1690 5722 1779 5806 ιδ,
1808 5736 1897 5805 ιι,
1956 5736 2045 5793 ιδ.

534 5802 579 5837 ’⁸
607 5802 772 5863 Prov.
804 5821 859 5875 ι,
888 5807 940 5862 4.

2219 4604 2420 4661 ἑαυτοῦ
2440 4609 2567 4675 γῆν,
2596 4603 2980 4675 πλησθήσεται
3002 4603 3171 4673 ἄρτου
3189 4620 3202 4635 ο
3227 4605 3257 4657 ὁ
3278 4603 3336 4657 δὲ
3357 4601 3564 4658 διώκων
3582 4595 3744 4670 σχολὴν.

2219 4698 2604 4771 πλησθήσεται
2657 4697 2873 4760 πενίας.
2905 4716 2925 4749 ι
2988 4696 3103 4750 Kal
3150 4696 3347 4750 πάλιν·
3406 4714 3426 4748 ι
3462 4696 3545 4749 Ἐν
3573 4687 3746 4758 όκνηρίφ

2216 4790 2698 4862 ταπεινωθήσεται
2748 4791 2782 4860 ἡ
2827 4788 3098 4853 δόκωσις,
3161 4789 3259 4845 καὶ
3310 4790 3369 4844 ὲν
3408 4787 3571 4860 ἀργίᾳ
3596 4777 3744 4855 χειρῶν

2220 4884 2413 4949 στάζει
2463 4883 2498 4955 ἡ
2543 4884 2714 4939 οίκία.
2744 4901 2764 4936 ι
2830 4883 2944 4937 Kal
2990 4882 3158 4937 πάλιν
3185 4899 3201 4915 ο
3261 4901 3281 4935 ι
3312 4882 3478 4937 Πενία
3506 4877 3658 4951 ἄνδρα
3677 4886 3739 4925 τα·

2219 4979 2428 5031 πεινοϊ·
2462 4978 2647 5048 χεῖρες
2668 4975 2727 5029 δὲ
2751 4975 3017 5047 ἀνδρείων
3044 4973 3477 5030 πλουτίσουσιν.»
3497 4972 3595 5028 Kal
3613 4962 3735 5025 αὖθις

2221 5088 2243 5122 ι
2287 5067 2613 5135 Ἐπιθυμίαι
2655 5068 2892 5140 ὀκνηρὸν
2930 5068 3387 5123 ἀποκτείνουσιν
3436 5067 3494 5121 ού
3523 5064 3619 5134 γὰρ
3644 5071 3741 5128 προ·

2219 5160 2510 5235 αιροῦνται
2555 5162 2612 5215 αί
2653 5163 2837 5233 χεῖρες
2867 5160 3036 5216 αὐτοῦ
3070 5164 3249 5215 ποιεῖν
3277 5179 3352 5216 τι.
3382 5179 3400 5212 ι
3461 5158 3562 5214 Kal
3590 5151 3741 5208 πάλιν·

2225 5272 2244 5306 ι
2283 5252 2390 5306 Ἴθι
2423 5252 2562 5324 πρὸς
2621 5251 2920 5323 μύρμηκα,
2952 5250 2998 5304 ὣ
3022 5250 3229 5324 ὀκνηρὲ
3251 5292 3267 5319 ,
3320 5250 3411 5304 καὶ
3438 5247 3652 5317 ζήλωσον
3672 5235 3743 5293 τὰς

2226 5345 2386 5409 ὁδοὺς
2420 5343 2622 5399 αὐτοῦ’
2659 5345 2753 5398 καὶ
2779 5342 2941 5413 γενοῦ
2972 5343 3188 5397 ἐκείνου
3220 5342 3531 5415 σοφώτερος.
3557 5355 3574 5388 ι
3612 5324 3741 5384 Ἐκεὶ’

2225 5452 2304 5507 νῳ
2331 5440 2443 5507 γὰρ
2475 5437 2750 5508 γεωργίου
2785 5438 2884 5507 οὐχ
2914 5438 3277 5508 ὑπάρχοντος,
3303 5435 3420 5489 οῦδὲ
3447 5433 3528 5485 τὸν
3555 5415 3741 5489 ἀναγκά-

2226 5530 2390 5595 ζοντα
2422 5530 2583 5601 ἔχων,
2598 5507 2973 5601 νέτοιμάζεται
2999 5530 3194 5599 θέρους
3214 5530 3315 5600 τὴν
3334 5525 3545 5600 τροφήν.
3565 5516 3653 5602 Kal
3670 5507 3740 5602 eri-

2223 5620 2346 5675 λιν·
2414 5641 2433 5672 ι
2469 5621 2779 5696 Πορεύθητι
2827 5624 2964 5694 πρὸς
3013 5623 3114 5693 τὴν
3164 5623 3457 5694 μέλισσαν,
3509 5601 3589 5670 καὶ
3630 5601 3738 5676 μάθ’

2161 5737 2206 5772 ¹¹
2239 5738 2403 5794 Prov.
2434 5754 2509 5805 vr,
2545 5737 2632 5794 II.
2716 5739 2789 5771 ’¹³
2823 5737 2988 5794 Prov.
3024 5751 3119 5807 κη,
3151 5739 3238 5794 Η.
3345 5736 3388 5771 ’⁵
3413 5728 3573 5791 Eccle.
3603 5734 3644 5789 ι,
3667 5714 3731 5772 l3-
