3944 6410
288 399 424 470 1540

777 409 1107 472 HOMILIA
1146 412 1441 473 XXXVII.
1470 437 1538 447 ·-
1566 412 1736 472 ADV.
1779 411 1942 471 0PT.
1979 409 2133 472 NON
2174 411 2356 471 ESSE
2385 411 3034 477 CONTENDENDUM.

3397 419 3536 485 155:0

283 522 361 586 ῶς
408 519 648 593 ἐργάτης
693 522 861 577 ἐστίν.
897 543 915 576 ι
983 523 1094 594 Τὴν
1137 540 1198 578 τε
1247 526 1513 595 ἐργασίαν
1545 526 1622 589 ὡς
1654 525 1854 597 σεμνὴν

1964 523 2180 594 pigrum
2205 565 2220 589 ,
2277 539 2389 580 non
2437 525 2587 580 enim
2630 527 2826 581 volunt
2858 544 3056 584 manus
3085 531 3204 601 ejus
3234 533 3538 606 quidquam

285 616 556 678 ποιεῖται,
592 609 660 684 ἧς
694 615 820 678 τοὺς
853 615 1051 678 πόνους
1084 615 1323 685 βασιλεῖς
1355 619 1448 671 καὶ
1478 618 1687 672 ίδιῶται
1720 617 1862 688 πρὸς

287 704 498 772 ὑγίειαν
529 706 952 775 προσφέρονται.
991 707 1101 760 Καὶ
1133 707 1294 761 πάλιν
1316 727 1329 739 ·
1354 725 1373 760 ι
1405 709 1548 772 Ἕως
1576 708 1738 773 τίνος,
1769 709 1862 761 ὀκ-

281 810 346 862 νη
357 793 438 861 ρέ,
457 793 810 860 κατάκεισαι;
831 795 960 847 πότε
985 795 1040 847 δὲ
1060 795 1118 859 ἐξ
1141 794 1312 848 ὕπνου
1332 795 1638 867 ἐγερθήσῃ;
1664 795 1861 866 μικρὸν

283 884 578 955 κοιμάσαι,
627 885 806 954 ὀλίγον
849 885 907 938 δέ
956 886 1292 960 ἐναγκαλίζῃ
1322 888 1481 957 χερσὶ
1507 885 1701 958 στήθη.
1734 905 1752 939 ι
1791 914 1862 926 -—

288 996 305 1028 ι
333 973 466 1030 Εἶτα
497 978 866 1049 παραγίνεταί
893 995 976 1031 σοι
1005 980 1039 1050 ἡ
1069 980 1252 1045 πενία,
1277 981 1372 1034 καὶ
1395 982 1430 1052 ἡ
1452 979 1651 1042 ἔνδεια.
1669 978 1860 1049 ὥσπερ

281 1071 486 1139 ἀγαθὸς
511 1072 799 1143 δρομεύς.»
842 1073 901 1127 Ὀ
930 1075 988 1127 δέ
1025 1074 1296 1145 Ἱερεμίας
1323 1076 1520 1146 φησίν·
1557 1093 1578 1127 ι
1600 1075 1862 1146 Ἑκοιμήο

280 1161 457 1233 θημεν
491 1165 548 1217 ἐν
578 1167 644 1236 τῇ
675 1165 907 1237 αἰσχύνῃ
933 1166 1097 1238 ἡμῶν
1117 1205 1132 1231 ,
1188 1167 1286 1221 καὶ
1331 1168 1680 1240 ἐπεκάλυψεν
1713 1170 1860 1240 ἡμᾶς

280 1255 316 1325 ἡ
359 1255 551 1324 ἀτιμία
593 1255 770 1336 ἡμῶν.
827 1259 966 1312 Οὐαὶ
1013 1260 1145 1330 ἡμῖν
1195 1259 1278 1314 ὅτι
1323 1259 1802 1332 ταλαιπωροῦμεν.
1834 1279 1854 1312 ι

279 1346 447 1414 Λέγει
475 1346 529 1399 δὲ
566 1347 661 1400 καὶ
691 1347 848 1413 ἄλλος
873 1366 885 1378 ·
952 1367 971 1400 ‹
1002 1349 1152 1419 Λίθῳ
1178 1351 1551 1422 ήρδαλωμένῳ
1577 1368 1860 1422 παρασυν-

279 1439 490 1510 εσλήθη
519 1442 545 1493 ὁ
569 1441 802 1512 ὀκνηρὸς
825 1481 841 1507 ,
898 1443 992 1496 καὶ
1025 1444 1136 1504 πᾶς
1167 1444 1416 1514 ἐκσυριεί
1443 1445 1538 1497 ἐπὶ
1568 1446 1634 1516 τῇ
1664 1443 1862 1516 ἀτιμία

279 1533 471 1586 αὐτοῦ.
498 1553 517 1585 ι
577 1536 690 1588 Καὶ
737 1532 932 1598 αὖθιςο
995 1553 1015 1588 ι
1057 1535 1487 1607 Ὀνειδιζόμενος
1517 1536 1748 1608 ὀκνηρὸς
1796 1538 1860 1590 οὐ

280 1625 730 1695 καταισχύνεται.
784 1627 1029 1698 Βολϐίτῳ
1055 1627 1165 1698 γὰρ
1196 1627 1432 1698 κοπρίας
1459 1627 1858 1700 παρομοιοῦται

278 1719 308 1768 ὀ
335 1717 588 1786 ὀκνηρός.
625 1736 642 1768 ι
689 1717 1158 1788 Ἀποὸαλλώμεθα
1203 1714 1321 1783 οὖν,
1359 1719 1603 1788 ἀδελφοὶ.
1641 1720 1740 1789 ὅση
1767 1718 1861 1771 δύ·

280 1823 446 1877 ναμις
477 1806 579 1878 τὴν
605 1808 870 1879 ὀκνηρίαν
904 1809 999 1862 καὶ
1025 1809 1124 1878 τὴν
1149 1809 1370 1880 ἀργίαν,
1407 1809 1494 1863 ἵνα
1527 1809 1601 1881 μὴ
1631 1807 1732 1878 τῆς
1759 1808 1857 1878 βα-

279 1900 493 1965 σιλείας
544 1901 652 1953 τῶν
699 1901 947 1972 οὐρανῶν
995 1901 1386 1971 στερηθῶμεν,
1444 1903 1510 1972 τῇ
1558 1901 1616 1954 δὲ
1663 1899 1854 1973 γεέννῃ

1964 1916 2088 1956 mus
2108 1900 2173 1953 ²⁹.
2205 1919 2224 1951 ι
2284 1899 2441 1955 Alius
2473 1900 2606 1954 item
2660 1917 2673 1951 :

277 1990 376 2043 τοῦ
423 1991 596 2063 πυρὸς
647 1992 1168 2063 παραπεμφθῶμεν.
1233 1992 1584 2062 ’Λκούσωμεν
1626 1988 1722 2046 οὖν
1764 1991 1858 2045 τοῦ

293 2081 619 2137 Ἀποστόλου
652 2083 1119 2154 συμϐουλεύοντος
1139 2101 1154 2116 ο
1193 2099 1216 2136 ι’
1236 2085 1315 2155 Τῇ
1349 2085 1554 2154 σπουδῇ
1591 2083 1667 2154 μὴ
1696 2084 1860 2154 ὀκνη-

278 2175 389 2244 ροὶ,
433 2173 513 2244 τῷ
563 2174 842 2245 πνεύματι
893 2176 1131 2241 ζέοντες,
1149 2175 1226 2246 τῷ
1250 2176 1438 2248 Κυρίῳ
1459 2174 1856 2239 δουλεύοντες.»

275 2267 591 2330 Ψάλλοντες
618 2268 676 2322 δὲ
707 2269 800 2322 καὶ
834 2269 972 2339 μετά
1000 2269 1097 2322 τοῦ
1122 2269 1287 2323 Δαυῖδ
1306 2285 1319 2300 ο
1364 2286 1383 2320 ι
1412 2267 1718 2338 Εὐλογητὸς
1745 2265 1861 2321 Κύ-

279 2375 427 2428 ριος,
461 2361 489 2412 ὀ
522 2359 656 2422 Θεός
691 2377 794 2430 μου
818 2400 831 2423 ,
885 2361 912 2414 ό
955 2360 1226 2416 διδάσκων
1273 2361 1372 2424 τὰς
1410 2360 1602 2432 χεῖράς
1637 2376 1739 2430 μου
1783 2358 1862 2420 εἰς

277 2451 590 2520 παράταξιν
614 2493 628 2518 ,
684 2453 780 2506 καὶ
810 2453 938 2516 τοὺς
966 2451 1265 2516 δακτύλους
1297 2470 1401 2521 μου
1432 2454 1512 2516 είς
1540 2452 1802 2520 πόλεμον.
1835 2467 1857 2503 ι

279 2541 613 2611 Φοϐηθῶμεν
643 2542 703 2595 τὸ
731 2543 1038 2613 ὑπόδειγμα
1063 2544 1157 2596 τοῦ
1181 2543 1493 2615 κρύψαντας
1518 2543 1580 2596 τὸ
1601 2543 1863 2596 τάλαντον

276 2633 364 2696 είς
405 2632 500 2702 τὴν
542 2633 668 2704 γῆν,
707 2633 797 2686 ἵνα
833 2636 907 2706 μὴ
937 2634 1265 2705 ἀκούσωμεν
1300 2634 1454 2705 παρά
1487 2633 1580 2687 τοῦ
1609 2632 1820 2704 Κυρίου
1843 2645 1857 2661 ⁸

281 2742 304 2775 ς
339 2724 502 2778 Δοῦλε
549 2725 758 2796 πονηρὲ
804 2727 900 2780 καὶ
938 2725 1160 2798 ὀκνηρέ.
1191 2745 1208 2778 ι
1270 2726 1380 2780 Καί
1406 2743 1419 2756 ο
1479 2743 1497 2776 ι
1530 2726 1734 2794 Ἀρατε
1764 2722 1860 2778 ἀπ’

275 2815 446 2868 αὐτοῦ
473 2816 534 2868 τὸ
558 2817 844 2882 τάλαντον,
877 2817 971 2870 καὶ
997 2818 1088 2870 τὸν
1111 2819 1332 2887 ἀχρεῖον
1357 2815 1541 2870 δοῦλον
1565 2815 1861 2870 ἐκϐάλλετε

270 2906 358 2968 εἰς
401 2905 461 2958 τὸ
509 2905 778 2978 ἐξώτερον
833 2909 1046 2970 σκότος.
1087 2907 1236 2960 Ἐκεῖ
1292 2907 1446 2960 ἐσται
1493 2909 1521 2959 ὁ
1553 2906 1858 2976 κλαυθμὸς,

270 2997 370 3050 καὶ
399 2999 427 3051 ὀ
453 2997 701 3068 βρυγμὸς
732 2998 838 3051 τῶν
866 2999 1150 3053 ὀδόντων.»
1190 2999 1349 3053 Ἀλλά
1384 2999 1586 3070 μᾶλλον
1619 2997 1861 3052 σπουδά-

271 3106 461 3160 σωμεν
494 3089 730 3144 ἀκοῦσαι
760 3091 823 3144 τό
849 3107 864 3124 ’
931 3110 949 3143 ι
984 3089 1056 3146 Εὖ
1079 3134 1092 3158 ,
1143 3091 1302 3145 δοῦλε
1334 3089 1514 3161 ἀγαθέ
1547 3090 1645 3145 καὶ
1673 3088 1856 3154 πιστὲ,

269 3181 370 3235 ἐπὶ
416 3183 574 3254 ὀλίγα
625 3180 704 3247 εἷς
748 3186 976 3252 πιστὸς,
1033 3187 1128 3239 ἐπὶ
1159 3183 1374 3238 πολλῶν
1410 3182 1471 3236 σὲ
1502 3183 1856 3253 καταστήσω,

1967 617 2187 685 operari
2211 617 2309 670 ἐ.»
2340 616 2588 686 itemque
2620 635 2632 669 :
2664 637 2680 668 ι
2705 617 2854 673 Vade
2880 618 2947 673 ad
2974 619 3280 688 formicam,
3306 640 3338 676 ο
3361 625 3538 696 piger,

1967 715 2024 761 et
2050 707 2272 762 imitare
2303 707 2422 762 vias
2449 708 2663 778 ejus,et
2695 707 2787 762 illa
2811 717 2935 764 esto
2964 709 3267 779 sapientior
3289 714 3355 767 ".
3383 735 3400 764 ι
3443 715 3542 769 llla

1965 799 2136 861 enim,
2172 815 2296 854 cum
2362 799 2414 854 ei
2480 815 2590 855 non
2635 810 2894 871 suppetat
2925 803 3032 857 ulla
3060 803 3406 874 agricolatio,
3444 822 3543 862 ne-

1966 906 2074 961 que
2104 891 2315 947 habens
2345 891 2440 961 qui
2473 907 2531 947 se
2557 907 2625 946 eo
2651 893 2861 949 laboris
2884 894 3104 966 adigat,
3157 905 3312 966 parat
3345 900 3544 954 messis

1969 994 2215 1053 tempore
2247 984 2454 1038 cibum.
2507 984 2716 1040 lterum
2769 1003 2782 1039 :
2840 1005 2858 1038 ι
2909 987 3080 1058 Perge
3127 988 3196 1042 ad
3239 989 3540 1059 apiculam,

1966 1092 2000 1132 ο
2049 1077 2246 1147 piger,
2299 1083 2356 1132 et
2402 1075 2556 1132 disce
2595 1093 2762 1147 quam
2793 1078 2910 1134 haec
2954 1080 3191 1135 solerter
3216 1096 3282 1135 ac
3311 1082 3584 1136 strenue‘

1967 1178 2245 1237 operetur.
2279 1185 2299 1220 ι
2350 1165 2500 1238 Opus
2526 1167 2656 1223 facit
2681 1183 2814 1224 sane
2845 1186 3008 1240 quam
3042 1171 3326 1226 munditiae
3356 1181 3412 1226 et
3440 1173 3543 1226 ho-

1966 1259 2201 1316 nestatis
2226 1261 2474 1330 plenum,
2511 1261 2672 1332 cujus
2696 1260 2919 1316 labores
2952 1277 3108 1334 reges
3134 1263 3290 1334 juxta
3315 1280 3380 1320 ac
3405 1264 3545 1320 idioe

1969 1357 2037 1406 tae
2069 1350 2338 1406 adhibent
2373 1351 2589 1413 tuendae
2613 1351 2859 1407 sanitati.
2917 1353 3053 1408 ltem
3097 1371 3110 1407 :
3161 1373 3178 1406 ι
3218 1355 3539 1425 Usquequo,

1967 1442 2144 1513 piger,
2168 1443 2446 1499 dormies?
2469 1443 2692 1514 quando
2718 1443 2787 1499 de
2821 1459 3017 1499 somno
3056 1447 3495 1518 expergisceris?
3517 1468 3536 1499 ι

1965 1543 2074 1588 etc.
2138 1549 2172 1587 (⁷
2202 1535 2396 1590 Postea
2448 1535 2705 1590 adveniet
2746 1537 2847 1591 tibi
2891 1547 3186 1606 paupertas
3217 1550 3273 1593 et
3300 1547 3540 1610 egestas,

1969 1633 2227 1695 tanquam
2249 1627 2432 1682 bonus
2447 1643 2642 1682 cursor
2661 1628 2724 1680 ’⁸.
2741 1647 2758 1675 ι
2771 1629 2982 1699 1087
2999 1629 3270 1686 Jeremias
3287 1646 3508 1702 quoque
3523 1651 3537 1685 :

1974 1735 1992 1768 ι
2023 1717 2396 1772 Dormivimus
2430 1717 2484 1771 in
2514 1718 2840 1774 confusione
2867 1728 3078 1782 nostra,
3112 1729 3169 1775 et
3197 1722 3418 1790 operuit
3451 1734 3549 1774 nos

1967 1809 2270 1880 ignominia
2304 1818 2495 1864 nostra
2547 1827 2560 1862 :
2590 1809 2682 1864 Vae
2712 1809 2874 1864 nobis
2908 1810 3038 1880 quia
3069 1811 3256 1866 miseri
3287 1811 3417 1867 facti
3443 1829 3539 1868 su-

2733 1918 2750 1950 ι
2789 1899 2984 1969 Lapidi
3021 1901 3236 1971 polluto
3283 1917 3541 1972 exaequa-

1963 1998 2052 2047 tus
2083 2001 2167 2047 est
2193 1992 2367 2062 piger,
2409 1998 2466 2044 et
2494 1991 2677 2046 omnis
2703 1989 3017 2046 exsibilabit
3043 2007 3211 2061 super
3236 1991 3541 2063 ignominia

1962 2085 2197 2156 cjus’°.t
2225 2084 2432 2138 lterum
2461 2100 2474 2136 :
2506 2101 2522 2132 ι
2552 2081 2734 2152 Piger,
2761 2082 2864 2138 etsi
2891 2083 3209 2152 opprobriis
3234 2084 3538 2153 appetitur,

1963 2176 2102 2230 nihil
2153 2183 2338 2230 tamen
2393 2173 2756 2244 suppudescit
2813 2191 2827 2228 :
2882 2173 3049 2228 boum
3102 2174 3250 2229 enim
3308 2177 3539 2230 stercori

1963 2275 2314 2337 comparatus
2347 2273 2432 2320 est
2458 2265 2614 2335 piger
2638 2264 2702 2319 ³³.
2737 2283 2755 2316 ι
2801 2264 2940 2318 Toto
2968 2263 3139 2334 igitur
3165 2274 3389 2330 conatu,
3426 2265 3539 2319 fra-

1967 2365 2107 2422 tres,
2164 2357 2592 2412 submoveamus
2636 2369 2737 2409 nos
2789 2353 2857 2408 ab
2901 2354 3004 2409 hac
3052 2354 3246 2408 incerti
3288 2354 3542 2410 socordia

1964 2457 2129 2517 atque
2156 2447 2293 2511 otio,
2332 2463 2402 2500 ne
2434 2461 2537 2500 nos
2567 2446 2662 2500 illo
2688 2459 2859 2515 regno
2889 2445 3102 2514 privet,
3139 2445 3308 2515 inque
3335 2446 3542 2516 gehen-

1962 2556 2091 2595 nam
2125 2539 2268 2611 ignis
2319 2547 2442 2610 agat
2474 2538 2791 2608 praecipites
2821 2554 2885 2593 ac
2914 2538 3194 2593 deturbet.
3232 2538 3540 2593 Audiamus

1961 2632 2210 2702 Apostoli
2233 2630 2550 2695 consilium,
2573 2629 2811 2685 dicentis
2837 2647 2849 2683 :
2884 2649 2900 2681 ι
2923 2630 3308 2686 Sollicitudine
3327 2646 3436 2684 non
3458 2629 3542 2699 pi-

1961 2725 2068 2795 gri,
2098 2723 2295 2794 spiritu
2320 2722 2620 2786 ferventes,
2648 2721 2883 2776 Domino
2908 2721 3219 2776 servientes
3236 2722 3332 2774 ³¹.›
3364 2720 3537 2774 David

1962 2830 2182 2885 quoque
2210 2814 2359 2868 hunc
2388 2812 2444 2867 in
2470 2811 2694 2866 modum
2718 2813 3100 2867 concinentetn
3127 2813 3536 2867 auscultemus:

1971 2925 1988 2956 ι
2024 2905 2358 2960 Benedictus
2415 2901 2686 2958 Dominus
2719 2902 2814 2972 qui
2867 2902 3030 2957 docet
3063 2918 3270 2985 manus
3288 2917 3438 2958 meas
3469 2901 3537 2957 ad

1959 3000 2234 3070 praelium,
2270 3007 2327 3054 et
2359 2997 2562 3069 digitos
2592 3012 2743 3052 meos
2775 2997 2844 3051 ad
2872 2995 3080 3052 bellum
3100 2998 3198 3051 ³³.)
3238 2998 3536 3054 Terrorem

1962 3090 2126 3144 nobis
2146 3089 2380 3144 incutiat
2404 3089 2550 3144 servi
2574 3088 2726 3144 illius
2747 3089 3084 3159 exemplum,
3109 3089 3203 3160 qui
3227 3090 3334 3145 sibi
3356 3091 3538 3146 credi-

1965 3187 2080 3235 tum
2105 3180 2369 3235 talentum
2404 3178 2602 3234 infodit
2625 3178 2817 3244 humo,
2851 3189 2909 3235 et
2931 3180 3196 3246 occuluit,
3240 3181 3536 3251 nequando

268 3275 486 3329 εἴσελθε
517 3276 598 3338 είς
615 3275 712 3347 τὴν
740 3276 917 3347 χαρὰν
943 3276 1038 3330 τοῦ
1066 3275 1274 3347 Κυρίου
1302 3293 1451 3329 σου.»
1488 3273 1647 3344 Αὐτῷ
1672 3275 1706 3344 η
1726 3272 1853 3338 δόξα

1959 3273 2147 3328 audire
2171 3273 2455 3342 contingat
2485 3287 2516 3325 a
2545 3279 2754 3327 nostra:
2783 3271 3029 3326 omnium
3060 3272 3279 3327 vindice
3307 3273 3536 3328 salutis:

267 3370 355 3432 εἰς
381 3368 510 3429 τοὺς
534 3368 760 3430 αἰῶνας.
807 3368 1006 3439 Ἀμήν.

1969 3383 1987 3416 ι
2017 3363 2186 3419 Serve
2216 3361 2358 3416 male
2383 3369 2438 3416 et
2463 3361 2618 3430 piger
2634 3361 2732 3416 ³⁸.»
2769 3361 2873 3415 Et:
2905 3380 2922 3412 ι
2951 3361 3149 3417 Tollite
3177 3364 3244 3418 ab
3269 3380 3336 3417 eo
3363 3365 3537 3418 talen—

268 3463 505 3517 ιυῐιιη.»
541 3465 656 3518 Et:
693 3482 713 3514 ι
742 3463 901 3518 Hunc
931 3462 1184 3517 inutilem
1211 3476 1438 3516 servum
1467 3459 1654 3532 ejicite
1684 3458 1741 3514 in
1806 3457 2064 3516 tenebras
2108 3456 2434 3511 exteriores.
2493 3453 2574 3508 lbi
2623 3453 2732 3508 erit
2777 3454 2940 3508 ﬂetus
2998 3462 3055 3509 et
3119 3455 3330 3509 stridor
3391 3453 3535 3512 den-

265 3557 412 3612 tium
429 3557 528 3610 ⁸⁸.»
559 3557 910 3612 Festinemus
937 3571 1038 3626 pro
1060 3555 1232 3621 virili,
1253 3553 1552 3626 aliquando
1610 3562 1672 3610 ut
1711 3551 1901 3606 audire
1938 3550 2219 3621 contingat
2245 3566 2258 3602 :
2290 3568 2308 3600 ι
2338 3549 2512 3619 Euge,
2561 3562 2720 3602 serve
2745 3547 2891 3604 bone
2916 3557 2972 3603 et
2996 3549 3197 3612 ﬁdelis,
3216 3565 3385 3620 super
3400 3566 3533 3621 pau-

262 3663 338 3702 ca
371 3648 522 3704 fuisti
553 3647 766 3714 ﬁdelis,
805 3663 972 3718 super
1001 3647 1172 3702 multa
1202 3656 1253 3704 te
1281 3646 1618 3702 constituam
1653 3663 1666 3699 :
1701 3644 1844 3699 intra
1882 3643 1938 3697 in
1970 3641 2232 3713 gaudium
2273 3639 2492 3696 Domini
2531 3639 2611 3694 tui
2665 3640 2732 3693 ³⁷.
2762 3658 2780 3691 ›
2843 3639 2952 3711 1ρεί
2983 3641 3156 3713 gloria
3185 3641 3244 3698 in
3303 3643 3532 3702 saecula.

261 3741 472 3798 Amen.

868 3875 1086 3932 ΛΟΓΟΣ
1132 3876 1253 3933 AZ'.

482 3991 622 4060 Περὶ
659 3990 764 4046 τοῦ
791 3989 879 4062 μὴ
900 3990 1110 4059 ἐρίζειν
1130 3992 1284 4061 μετὰ
1307 3991 1635 4047 δυνάστου.

350 4190 490 4245 Ὑπὸ
515 4190 618 4262 τῆς
644 4189 798 4256 θείας
822 4191 1049 4264 Γραφῆς
1078 4193 1456 4263 παιδευόμεθα
1477 4193 1557 4248 ὅτι
1584 4193 1852 4266 ἀσύμφω-

253 4301 359 4339 νον
381 4285 512 4353 ήμῖν
539 4286 690 4338 ἐστιν
723 4285 862 4356 μετά
891 4285 1156 4340 δυνάστου
1185 4286 1410 4357 ἐρίζειν.
1429 4287 1504 4340 Οὐ
1531 4287 1641 4358 γὰρ
1673 4286 1850 4340 ἱκανοί

243 4378 438 4454 ’,ἐσμεν
479 4377 735 4447 κριθῆναι
796 4377 935 4447 μετὰ
989 4377 1594 4448 ἀσυγκρίτου.’Ὧσπερ
1632 4379 1742 4451 γὰρ
1799 4379 1849 4432 οί

252 4467 462 4524 τέλειοι
500 4469 682 4539 ἰχθύες
709 4469 1120 4540 ἐφεδρεύοντες,
1143 4469 1484 4540 κατάσρωμα
1514 4469 1693 4524 αὐτῶν
1719 4471 1847 4534 τοὺς

216 4589 225 4597 -
250 4559 496 4628 ἥττονας
530 4558 777 4614 ποιοῦσιν
803 4560 1012 4630 ἰχθύας,
1030 4559 1203 4623 οὓτως
1232 4559 1325 4612 καὶ
1351 4560 1400 4612 oi
1434 4561 1649 4614 δυνατοὶ
1673 4560 1846 4630 εὐμα-

251 4758 358 4794 ται
407 4741 464 4794 δὲ
509 4741 604 4794 καὶ
633 4740 694 4794 τὸ
723 4741 932 4810 ἀπηνὲς
987 4741 1082 4796 καὶ
1115 4742 1418 4812 ἀνάλγητον
1438 4759 1454 4775 ·
1479 4742 1576 4796 καὶ
1601 4742 1836 4815 διαρπά-

253 4831 448 4897 ζοντες
470 4833 539 4887 τὰ
569 4833 679 4887 τῶν
707 4834 959 4903 πενήτων
980 4873 994 4898 ,
1029 4831 1354 4904 θηρεύματα
1383 4833 1523 4886 αὐτά
1555 4833 1840 4904 ἡγοῦνται.

253 4924 340 4977 Οὐ
364 4925 472 4995 γὰρ
497 4924 677 4979 ἴσασιν
698 4924 790 4978 τοῦ
815 4924 932 4994 βίου
953 4925 1014 4978 τὸ
1035 4924 1251 4995 ἄδηλον.
1273 4926 1335 4978 Εί
1356 4925 1464 4998 γὰρ
1484 4927 1578 4979 καὶ
1598 4926 1841 4997 ᾔδεισαν,

248 5013 362 5068 οὐκ
406 5014 472 5068 ἂν
528 5016 597 5068 τὰ
654 5017 1010 5087 ὑστερήματα
1061 5015 1170 5070 τῶν
1215 5015 1412 5069 ἐνδεῶν
1461 5016 1842 5088 προστεθήκα-

250 5122 348 5160 σιν
378 5109 458 5170 είς
487 5107 547 5161 τὸ
577 5109 759 5162 αὐτῶν
789 5109 1158 5179 περίσσευμα.
1199 5108 1620 5181 Ἀγωνιζόμενοι
1652 5110 1841 5182 ὥσπερ

247 5199 549 5272 ἀκυρῶσαι
596 5203 698 5272 τὴν
731 5201 953 5272 ἐντολὴν
982 5201 1079 5255 τοῦ
1131 5202 1460 5256 ’Δποστόλου
1511 5203 1836 5271 φάσκοντος,

247 5289 337 5342 Τὸ
394 5308 413 5342 ι
468 5292 622 5362 ὑμῶν
705 5293 1057 5362 περίσσευμα
1119 5295 1200 5358 είς
1263 5294 1324 5347 τὸ
1379 5293 1667 5365 ὑστέρημα
1731 5295 1842 5349 τῶν

247 5381 516 5451 πτωχῶν.
559 5402 580 5434 ι
619 5383 816 5447 Καλῶς
871 5385 1003 5452 γοῦν
1060 5387 1094 5456 ἡ
1155 5385 1278 5438 θεία
1343 5383 1534 5458 Γραφὴ
1584 5390 1845 5456 παραινεί

243 5473 392 5540 ἡμῖν
422 5474 791 5541 φυλάττεσθαι
827 5476 936 5528 ἀπὸ
969 5475 1076 5530 τῶν
1124 5477 1385 5530 τοιούτων
1411 5494 1426 5509 ·
1460 5477 1628 5548 φησὶν
1678 5478 1786 5548 γὰρ
1822 5495 1836 5509 '

251 5583 275 5616 ε
322 5565 412 5636 Μὴ
455 5567 814 5638 παρεκτείνου
864 5568 1034 5639 πένης
1080 5567 1156 5624 ῶν
1199 5570 1478 5625 πλουσίου.
1521 5589 1542 5624 ι
1578 5571 1842 5638 Πλούσιος

358 5765 404 5797 ’⁸
435 5765 595 5820 Prov.
622 5777 733 5829 xxv,
763 5767 854 5824 25.
930 5768 977 5801 ’τ
1015 5769 1177 5824 Prov.
1214 5786 1287 5834 vr,
1319 5769 1372 5824 6.
1452 5769 1498 5800 "
1533 5768 1671 5828 ibid.
1697 5769 1754 5832 9,
1791 5767 1877 5823 Η.

1497 5839 1542 5871 ³⁸
1568 5839 1760 5894 Matth.
1801 5855 1922 5906 xxv,
1971 5839 2060 5894 26.

243 5835 303 5870 δε
336 5837 496 5892 Rom.
533 5852 630 5905 xu,
660 5837 746 5894 11.
861 5839 907 5871 ⁸⁸
938 5839 1080 5895 Psal.
1119 5854 1299 5906 cxuu,
1331 5840 1380 5894 l.

2437 3872 2724 3930 HOMILIA
2765 3871 3032 3928 XXXVII.

1953 3992 2210 4048 Adversus
2235 3991 2512 4064 Optimam
2545 3999 2594 4044 et
2641 3989 2915 4112 ρᾶοωῖεεεοε
2941 4005 3046 4043 non
3079 4005 3188 4043 esse
3211 3989 3532 4045 contenden-

2701 4077 2808 4112 um.

2701 4077 2808 4113 um.

2023 4197 2236 4254 Divinis
2267 4195 2495 4252 Litteris
2526 4195 2834 4262 erudimur,
2860 4210 2930 4250 ne
2961 4211 3089 4250 cum
3124 4210 3191 4251 eo
3221 4194 3314 4266 qui
3337 4195 3528 4266 publi-

1945 4305 2010 4346 ca
2033 4289 2283 4360 fungitur
2308 4288 2664 4352 auctoritate,
2701 4286 3032 4342 velitaribus
3064 4287 3254 4343 verbis
3283 4297 3379 4343 aut
3411 4289 3527 4345 liti-

1945 4382 2050 4438 bus
2112 4378 2518 4436 conﬂictemur.
2580 4377 2868 4450 Ejusmodi
2946 4378 3098 4434 enim
3179 4381 3528 4435 contentiosa

1943 4473 2193 4529 velitatio
2241 4487 2366 4528 cum
2413 4479 2648 4542 potente
2696 4471 2960 4542 quopiam
2996 4471 3136 4526 adeo
3175 4471 3317 4526 nihil
3364 4472 3530 4526 affert

1945 4561 2244 4626 commodi,
2269 4570 2332 4616 ut
2353 4560 2728 4616 incommodet
2753 4561 3075 4631 plurimum.
3103 4561 3353 4618 lnidonci
3377 4563 3528 4619 enim

151 4706 164 4714 _
260 4648 380 4721 ρῶς
413 4649 628 4721 ἔχουσιν
667 4651 762 4704 τοῦ
791 4651 1050 4722 ἀδικῆσαι
1103 4651 1231 4714 τούς
1259 4651 1576 4716 ἀδυνάτους.
1602 4653 1847 4723 Κέκτην-

1959 4669 2054 4708 nos
2111 4668 2216 4708 nec
2264 4651 2600 4708 suﬁcientes
2631 4652 2728 4721 qui
2771 4667 2993 4708 causam
3029 4653 3245 4724 judicio
3273 4655 3527 4724 experia-

1944 4763 2072 4802 mur
2112 4761 2239 4802 cum
2270 4744 2786 4816 incomparabiliter
2826 4744 2990 4799 nobis
3028 4745 3421 4800 eminentiore.
3452 4745 3525 4802 Ut

1939 4841 2088 4895 enim
2141 4839 2326 4909 pisces
2377 4839 2474 4909 qui
2520 4839 2633 4909 jam
2689 4836 3054 4893 adoleverunt
3090 4837 3240 4907 justa
3270 4837 3523 4906 corporis

1940 4931 2357 5002 magnitudine,
2387 4946 2458 4986 ex
2511 4929 2732 4985 insidiis
2780 4929 3072 4985 imminent
3121 4926 3368 4982 nondum
3422 4945 3521 4999 per

1938 5031 2154 5077 atatem
2213 5019 2438 5081 adultis,
2469 5033 2580 5089 quo
2635 5017 2762 5074 illos
2799 5026 2996 5088 parent
3047 5017 3102 5072 in
3140 5033 3294 5072 suam
3329 5017 3522 5073 alimo-

1938 5112 2086 5166 niam
2124 5130 2138 5166 :
2170 5113 2246 5168 ita
2271 5120 2327 5167 et
2353 5112 2442 5168 isti
2478 5111 2749 5183 primores
2774 5126 2840 5166 ac
2859 5112 3213 5182 magistratus
3237 5111 3390 5166 nullo
3419 5127 3521 5167 suo

1937 5204 2162 5276 negotio
2211 5205 2401 5275 injurii
2454 5212 2585 5259 sunt
2651 5204 2707 5258 in
2759 5203 3015 5259 imbelles
3052 5212 3109 5258 et
3143 5203 3518 5273 opprimunt:

1937 5297 2034 5368 qui
2061 5297 2107 5353 si
2136 5296 2273 5368 quid
2297 5296 2672 5361 obtinuerint,
2703 5295 2963 5352 indemne
2996 5297 3106 5352 illis
3149 5295 3306 5352 dedit
3333 5305 3391 5352 et
3420 5297 3522 5352 im-
3601 5305 3606 5308 ’

1937 5405 2120 5460 pune,
2170 5403 2351 5459 neque
2399 5389 2533 5444 hinc
2592 5389 2898 5461 quidquam
2963 5389 3217 5447 sentiunt
3265 5388 3517 5452 doloris,

1938 5481 2079 5537 adeo
2112 5487 2174 5535 ut
2201 5495 2328 5536 cum
2361 5488 2523 5551 rapto
2557 5480 2780 5549 vivant,
2815 5481 3066 5552 rapinam
3101 5497 3132 5536 a
3176 5479 3520 5552 pauperibus

1936 5570 1991 5626 vi
2040 5579 2348 5639 extortam,
2391 5585 2546 5627 suam
2575 5571 2843 5644 deputent
2897 5573 3250 5630 venationem
3287 5592 3300 5626 :
3337 5586 3519 5644 neque

3220 5772 3259 5802 ³¹
3293 5770 3424 5826 ibid.
3456 5773 3510 5829 2.

3139 5842 3183 5874 "’
3239 5841 3375 5896 ibid.
3419 5845 3509 5899 ⁸21.

2596 5771 2641 5804 ³ο
2675 5770 2849 5828 Eccli.
2886 5785 3014 5834 χιιι,
3051 5773 3102 5827 1.

2663 5844 2707 5875 ³⁸
2739 5843 2875 5898 ibid.
2947 5844 3034 5897 50.

1952 5771 1996 5801 ’³
2031 5771 2238 5826 Ierem.
2277 5779 2354 5829 ιη.
2386 5770 2476 5826 25.

1971 5839 2060 5894 26.
2174 5841 2217 5873 ³⁸
2255 5841 2390 5898 ibid.
2460 5840 2548 5895 aa.
