  <div class='ocr_page' id='page_1' title='image "/cluster/home/n/w/nwhite01/storage/ocr_20150623/89/coo.31924054869932/791.png"; bbox 0 0 3944 6454; ppageno 0'>
   <div class='ocr_carea' id='block_1_1' title="bbox 533 430 668 500">
    <p class='ocr_par' dir='ltr' id='par_1_1' title="bbox 533 430 668 500">
     <span class='ocr_line' id='line_1_1' title="bbox 533 430 668 500; baseline -0.03 0"><span class='ocrx_word' id='word_1_1' title='bbox 533 430 668 500; x_wconf 76' lang='grc' dir='ltr'><strong>ῒ551</strong></span> 
     </span>
    </p>
   </div>
   <div class='ocr_carea' id='block_1_2' title="bbox 1680 433 2556 509">
    <p class='ocr_par' dir='ltr' id='par_1_2' title="bbox 1680 433 2556 509">
     <span class='ocr_line' id='line_1_2' title="bbox 1680 433 2556 509; baseline 0.003 -12"><span class='ocrx_word' id='word_1_2' title='bbox 1680 503 1686 509; x_wconf 88' lang='lat'><strong>_</strong></span> <span class='ocrx_word' id='word_1_3' title='bbox 1796 433 2164 499; x_wconf 78' lang='lat' dir='ltr'><strong>ANTIOCHI</strong></span> <span class='ocrx_word' id='word_1_4' title='bbox 2209 435 2556 500; x_wconf 79' lang='lat' dir='ltr'><strong>MONACHI</strong></span> 
     </span>
    </p>
   </div>
   <div class='ocr_carea' id='block_1_3' title="bbox 3624 439 3722 510">
    <p class='ocr_par' dir='ltr' id='par_1_3' title="bbox 3624 439 3722 510">
     <span class='ocr_line' id='line_1_3' title="bbox 3624 439 3722 510; baseline 0.02 -4"><span class='ocrx_word' id='word_1_5' title='bbox 3624 439 3722 510; x_wconf 60' lang='lat'><strong>1352</strong></span> 
     </span>
    </p>
   </div>
   <div class='ocr_carea' id='block_1_4' title="bbox 528 545 2116 621">
    <p class='ocr_par' dir='ltr' id='par_1_4' title="bbox 528 545 2116 617">
     <span class='ocr_line' id='line_1_4' title="bbox 528 545 2116 617; baseline 0.001 -17"><span class='ocrx_word' id='word_1_6' title='bbox 528 545 679 600; x_wconf 89' lang='lat' dir='ltr'><strong>enim</strong></span> <span class='ocrx_word' id='word_1_7' title='bbox 737 557 927 600; x_wconf 84' lang='lat' dir='ltr'><strong>secum</strong></span> <span class='ocrx_word' id='word_1_8' title='bbox 971 552 1233 616; x_wconf 83' lang='lat' dir='ltr'><strong>reputare</strong></span> <span class='ocrx_word' id='word_1_9' title='bbox 1290 555 1534 612; x_wconf 85' lang='lat' dir='ltr'><strong>norunt,</strong></span> <span class='ocrx_word' id='word_1_10' title='bbox 1563 545 1676 601; x_wconf 84' lang='lat' dir='ltr'><strong>vita</strong></span> <span class='ocrx_word' id='word_1_11' title='bbox 1711 545 1829 601; x_wconf 69' lang='lat' dir='ltr'><strong>haec</strong></span> <span class='ocrx_word' id='word_1_12' title='bbox 1858 561 2025 617; x_wconf 88' lang='lat' dir='ltr'><strong>quam</strong></span> <span class='ocrx_word' id='word_1_13' title='bbox 2052 546 2116 602; x_wconf 89' lang='lat' dir='ltr'><strong>sil</strong></span> 
     </span>
    </p>
   </div>
   <div class='ocr_carea' id='block_1_5' title="bbox 2218 545 3724 621">
    <p class='ocr_par' dir='ltr' id='par_1_5' title="bbox 2224 545 3724 621">
     <span class='ocr_line' id='line_1_5' title="bbox 2224 545 3724 621; baseline 0.007 -23"><span class='ocrx_word' id='word_1_14' title='bbox 2224 545 2333 616; x_wconf 86' lang='grc' dir='ltr'><strong>γὰρ</strong></span> <span class='ocrx_word' id='word_1_15' title='bbox 2376 546 2658 618; x_wconf 66' lang='grc' dir='ltr'>ἠδίκησεν,</span> <span class='ocrx_word' id='word_1_16' title='bbox 2687 547 2784 602; x_wconf 75' lang='grc' dir='ltr'>καὶ</span> <span class='ocrx_word' id='word_1_17' title='bbox 2813 547 2974 613; x_wconf 76' lang='grc' dir='ltr'>αὐτὸς</span> <span class='ocrx_word' id='word_1_18' title='bbox 3023 548 3554 621; x_wconf 80' lang='grc' dir='ltr'>προσενεσριμήσατο</span> <span class='ocrx_word' id='word_1_19' title='bbox 3580 569 3592 585; x_wconf 89' lang='grc'><strong>·</strong></span> <span class='ocrx_word' id='word_1_20' title='bbox 3621 574 3724 610; x_wconf 80' lang='grc' dir='ltr'>πτω-</span> 
     </span>
    </p>
   </div>
   <div class='ocr_carea' id='block_1_6' title="bbox 531 634 2116 708">
    <p class='ocr_par' dir='ltr' id='par_1_6' title="bbox 531 634 2116 708">
     <span class='ocr_line' id='line_1_6' title="bbox 531 634 2116 708; baseline 0.003 -21"><span class='ocrx_word' id='word_1_21' title='bbox 531 639 762 689; x_wconf 83' lang='lat' dir='ltr'><strong>incerta.</strong></span> <span class='ocrx_word' id='word_1_22' title='bbox 797 634 999 705; x_wconf 92' lang='lat' dir='ltr'><strong>Utique</strong></span> <span class='ocrx_word' id='word_1_23' title='bbox 1024 635 1070 691; x_wconf 90' lang='lat' dir='ltr'><strong>si</strong></span> <span class='ocrx_word' id='word_1_24' title='bbox 1096 648 1348 703; x_wconf 86' lang='lat' dir='ltr'><strong>nossem,</strong></span> <span class='ocrx_word' id='word_1_25' title='bbox 1383 652 1666 708; x_wconf 86' lang='lat' dir='ltr'><strong>nunquam</strong></span> <span class='ocrx_word' id='word_1_26' title='bbox 1691 653 2116 708; x_wconf 71' lang='lat' dir='ltr'><strong>supervacanea:</strong></span> 
     </span>
    </p>
   </div>
   <div class='ocr_carea' id='block_1_7' title="bbox 531 728 2117 801">
    <p class='ocr_par' dir='ltr' id='par_1_7' title="bbox 531 728 2117 801">
     <span class='ocr_line' id='line_1_7' title="bbox 531 728 2117 801; baseline 0.001 -18"><span class='ocrx_word' id='word_1_27' title='bbox 531 730 621 784; x_wconf 92' lang='lat' dir='ltr'><strong>isti</strong></span> <span class='ocrx_word' id='word_1_28' title='bbox 638 744 752 784; x_wconf 86' lang='lat' dir='ltr'><strong>suae</strong></span> <span class='ocrx_word' id='word_1_29' title='bbox 775 729 950 799; x_wconf 73' lang='lat' dir='ltr'><strong>copia:</strong></span> <span class='ocrx_word' id='word_1_30' title='bbox 978 728 1200 784; x_wconf 90' lang='lat' dir='ltr'><strong>fuerant</strong></span> <span class='ocrx_word' id='word_1_31' title='bbox 1220 729 1492 801; x_wconf 87' lang='lat' dir='ltr'><strong>adjecturi</strong></span> <span class='ocrx_word' id='word_1_32' title='bbox 1519 729 1832 801; x_wconf 89' lang='lat' dir='ltr'><strong>indigorum</strong></span> <span class='ocrx_word' id='word_1_33' title='bbox 1861 730 2117 800; x_wconf 87' lang='lat' dir='ltr'><strong>inopum-</strong></span> 
     </span>
    </p>
   </div>
   <div class='ocr_carea' id='block_1_8' title="bbox 531 821 2118 893">
    <p class='ocr_par' dir='ltr' id='par_1_8' title="bbox 531 821 2118 893">
     <span class='ocr_line' id='line_1_8' title="bbox 531 821 2118 893; baseline 0.002 -18"><span class='ocrx_word' id='word_1_34' title='bbox 531 838 596 877; x_wconf 85' lang='lat' dir='ltr'><strong>ve</strong></span> <span class='ocrx_word' id='word_1_35' title='bbox 636 821 950 893; x_wconf 85' lang='lat' dir='ltr'><strong>penuriam.</strong></span> <span class='ocrx_word' id='word_1_36' title='bbox 986 821 1048 877; x_wconf 92' lang='lat' dir='ltr'><strong>In</strong></span> <span class='ocrx_word' id='word_1_37' title='bbox 1084 821 1190 876; x_wconf 91' lang='lat' dir='ltr'><strong>hoc</strong></span> <span class='ocrx_word' id='word_1_38' title='bbox 1219 821 1403 877; x_wconf 88' lang='lat' dir='ltr'><strong>studia</strong></span> <span class='ocrx_word' id='word_1_39' title='bbox 1437 823 1621 876; x_wconf 88' lang='lat' dir='ltr'><strong>locant</strong></span> <span class='ocrx_word' id='word_1_40' title='bbox 1651 838 1778 890; x_wconf 89' lang='lat' dir='ltr'><strong>sua,</strong></span> <span class='ocrx_word' id='word_1_41' title='bbox 1807 833 1870 877; x_wconf 91' lang='lat' dir='ltr'><strong>ut</strong></span> <span class='ocrx_word' id='word_1_42' title='bbox 1897 832 2118 893; x_wconf 88' lang='lat' dir='ltr'><strong>aposto-</strong></span> 
     </span>
    </p>
   </div>
   <div class='ocr_carea' id='block_1_9' title="bbox 529 912 2116 969">
    <p class='ocr_par' dir='ltr' id='par_1_9' title="bbox 529 912 2116 969">
     <span class='ocr_line' id='line_1_9' title="bbox 529 912 2116 969; baseline 0.001 -3"><span class='ocrx_word' id='word_1_43' title='bbox 529 913 639 968; x_wconf 83' lang='lat' dir='ltr'><strong>l-ico</strong></span> <span class='ocrx_word' id='word_1_44' title='bbox 665 913 745 966; x_wconf 88' lang='lat' dir='ltr'><strong>illi</strong></span> <span class='ocrx_word' id='word_1_45' title='bbox 782 912 1044 968; x_wconf 90' lang='lat' dir='ltr'><strong>mandato</strong></span> <span class='ocrx_word' id='word_1_46' title='bbox 1083 913 1476 969; x_wconf 81' lang='lat' dir='ltr'><strong>auctoritatem</strong></span> <span class='ocrx_word' id='word_1_47' title='bbox 1511 912 1807 968; x_wconf 83' lang='lat' dir='ltr'><strong>detrahant</strong></span> <span class='ocrx_word' id='word_1_48' title='bbox 1839 923 1896 968; x_wconf 92' lang='lat' dir='ltr'><strong>et</strong></span> <span class='ocrx_word' id='word_1_49' title='bbox 1947 914 2116 968; x_wconf 84' lang='lat' dir='ltr'><strong>abro-</strong></span> 
     </span>
    </p>
   </div>
   <div class='ocr_carea' id='block_1_10' title="bbox 530 1004 2117 1076">
    <p class='ocr_par' dir='ltr' id='par_1_10' title="bbox 530 1004 2117 1076">
     <span class='ocr_line' id='line_1_10' title="bbox 530 1004 2117 1076; baseline -0.001 -16"><span class='ocrx_word' id='word_1_50' title='bbox 530 1015 710 1075; x_wconf 83' lang='lat' dir='ltr'><strong>gent:</strong></span> <span class='ocrx_word' id='word_1_51' title='bbox 757 1022 778 1055; x_wconf 79' lang='grc' dir='ltr'><strong>ι</strong></span> <span class='ocrx_word' id='word_1_52' title='bbox 821 1005 1015 1061; x_wconf 86' lang='lat' dir='ltr'><strong>Vestra</strong></span> <span class='ocrx_word' id='word_1_53' title='bbox 1064 1004 1406 1060; x_wconf 84' lang='lat' dir='ltr'><strong>abundantia</strong></span> <span class='ocrx_word' id='word_1_54' title='bbox 1465 1021 1774 1076; x_wconf 87' lang='lat' dir='ltr'><strong>pauperum</strong></span> <span class='ocrx_word' id='word_1_55' title='bbox 1863 1007 2117 1076; x_wconf 89' lang='lat' dir='ltr'><strong>suppleat</strong></span> 
     </span>
    </p>
   </div>
   <div class='ocr_carea' id='block_1_11' title="bbox 534 1099 2119 1172">
    <p class='ocr_par' dir='ltr' id='par_1_11' title="bbox 534 1099 2119 1172">
     <span class='ocr_line' id='line_1_11' title="bbox 534 1099 2119 1172; baseline -0.002 -17"><span class='ocrx_word' id='word_1_56' title='bbox 534 1101 720 1172; x_wconf 89' lang='lat' dir='ltr'><strong>inopia</strong></span> <span class='ocrx_word' id='word_1_57' title='bbox 747 1101 812 1156; x_wconf 79' lang='grc'><strong>³⁸.</strong></span> <span class='ocrx_word' id='word_1_58' title='bbox 859 1120 878 1153; x_wconf 74' lang='grc' dir='ltr'><strong>ι</strong></span> <span class='ocrx_word' id='word_1_59' title='bbox 908 1102 1079 1157; x_wconf 82' lang='lat' dir='ltr'><strong>Recte</strong></span> <span class='ocrx_word' id='word_1_60' title='bbox 1110 1100 1279 1172; x_wconf 78' lang='lat' dir='ltr'><strong>igitur</strong></span> <span class='ocrx_word' id='word_1_61' title='bbox 1313 1100 1504 1154; x_wconf 83' lang='lat' dir='ltr'><strong>divina</strong></span> <span class='ocrx_word' id='word_1_62' title='bbox 1527 1115 1632 1153; x_wconf 89' lang='lat' dir='ltr'><strong>nos</strong></span> <span class='ocrx_word' id='word_1_63' title='bbox 1669 1099 1931 1154; x_wconf 84' lang='lat' dir='ltr'><strong>admonet</strong></span> <span class='ocrx_word' id='word_1_64' title='bbox 1977 1099 2119 1154; x_wconf 90' lang='lat' dir='ltr'><strong>Scri-</strong></span> 
     </span>
    </p>
   </div>
   <div class='ocr_carea' id='block_1_12' title="bbox 533 1192 2113 1264">
    <p class='ocr_par' dir='ltr' id='par_1_12' title="bbox 533 1192 2113 1264">
     <span class='ocr_line' id='line_1_12' title="bbox 533 1192 2113 1264; baseline -0.001 -15"><span class='ocrx_word' id='word_1_65' title='bbox 533 1202 718 1262; x_wconf 90' lang='lat' dir='ltr'><strong>ptura,</strong></span> <span class='ocrx_word' id='word_1_66' title='bbox 745 1192 974 1247; x_wconf 83' lang='lat' dir='ltr'><strong>istorum</strong></span> <span class='ocrx_word' id='word_1_67' title='bbox 1001 1206 1360 1264; x_wconf 81' lang='lat' dir='ltr'><strong>congressum</strong></span> <span class='ocrx_word' id='word_1_68' title='bbox 1384 1193 1704 1246; x_wconf 88' lang='lat' dir='ltr'><strong>utvitemus</strong></span> <span class='ocrx_word' id='word_1_69' title='bbox 1733 1209 1745 1244; x_wconf 94' lang='lat'><strong>:</strong></span> <span class='ocrx_word' id='word_1_70' title='bbox 1772 1192 1908 1246; x_wconf 82' lang='lat' dir='ltr'><strong>dicit</strong></span> <span class='ocrx_word' id='word_1_71' title='bbox 1930 1195 2113 1247; x_wconf 87' lang='lat' dir='ltr'><strong>enim:</strong></span> 
     </span>
    </p>
   </div>
   <div class='ocr_carea' id='block_1_13' title="bbox 538 1285 2116 1356">
    <p class='ocr_par' dir='ltr' id='par_1_13' title="bbox 538 1285 2116 1356">
     <span class='ocr_line' id='line_1_13' title="bbox 538 1285 2116 1356; baseline 0.003 -20"><span class='ocrx_word' id='word_1_72' title='bbox 538 1305 554 1336; x_wconf 84' lang='grc' dir='ltr'><strong>ι</strong></span> <span class='ocrx_word' id='word_1_73' title='bbox 594 1286 673 1342; x_wconf 85' lang='lat' dir='ltr'><strong>Nc</strong></span> <span class='ocrx_word' id='word_1_74' title='bbox 719 1293 769 1340; x_wconf 91' lang='lat' dir='ltr'><strong>te</strong></span> <span class='ocrx_word' id='word_1_75' title='bbox 818 1285 1088 1340; x_wconf 82' lang='lat' dir='ltr'><strong>extendas</strong></span> <span class='ocrx_word' id='word_1_76' title='bbox 1138 1301 1314 1356; x_wconf 88' lang='lat' dir='ltr'><strong>usque</strong></span> <span class='ocrx_word' id='word_1_77' title='bbox 1349 1286 1416 1340; x_wconf 87' lang='lat' dir='ltr'><strong>ad</strong></span> <span class='ocrx_word' id='word_1_78' title='bbox 1447 1285 1706 1350; x_wconf 75' lang='lat' dir='ltr'><strong>divitem,</strong></span> <span class='ocrx_word' id='word_1_79' title='bbox 1737 1301 1950 1356; x_wconf 87' lang='lat' dir='ltr'><strong>pauper</strong></span> <span class='ocrx_word' id='word_1_80' title='bbox 1990 1301 2116 1341; x_wconf 92' lang='lat' dir='ltr'><strong>cum</strong></span> 
     </span>
    </p>
   </div>
   <div class='ocr_carea' id='block_1_14' title="bbox 530 1377 2113 1448">
    <p class='ocr_par' dir='ltr' id='par_1_14' title="bbox 530 1377 2113 1448">
     <span class='ocr_line' id='line_1_14' title="bbox 530 1377 2113 1448; baseline 0.001 -17"><span class='ocrx_word' id='word_1_81' title='bbox 530 1379 609 1432; x_wconf 88' lang='lat' dir='ltr'><strong>sis</strong></span> <span class='ocrx_word' id='word_1_82' title='bbox 649 1377 716 1430; x_wconf 81' lang='lat'><strong>&quot;.</strong></span> <span class='ocrx_word' id='word_1_83' title='bbox 753 1396 770 1427; x_wconf 76' lang='grc' dir='ltr'><strong>ι</strong></span> <span class='ocrx_word' id='word_1_84' title='bbox 810 1377 976 1432; x_wconf 89' lang='lat' dir='ltr'><strong>Dives</strong></span> <span class='ocrx_word' id='word_1_85' title='bbox 1011 1377 1182 1441; x_wconf 88' lang='lat' dir='ltr'><strong>enim,</strong></span> <span class='ocrx_word' id='word_1_86' title='bbox 1236 1377 1553 1448; x_wconf 84' lang='lat' dir='ltr'><strong>quempiam</strong></span> <span class='ocrx_word' id='word_1_87' title='bbox 1591 1377 1635 1432; x_wconf 92' lang='lat' dir='ltr'><strong>si</strong></span> <span class='ocrx_word' id='word_1_88' title='bbox 1670 1377 1874 1448; x_wconf 86' lang='lat' dir='ltr'><strong>injuria</strong></span> <span class='ocrx_word' id='word_1_89' title='bbox 1903 1377 2113 1444; x_wconf 75' lang='lat' dir='ltr'><strong>affecit,</strong></span> 
     </span>
    </p>
   </div>
   <div class='ocr_carea' id='block_1_15' title="bbox 532 1472 2116 1543">
    <p class='ocr_par' dir='ltr' id='par_1_15' title="bbox 532 1472 2116 1543">
     <span class='ocr_line' id='line_1_15' title="bbox 532 1472 2116 1543; baseline -0.001 -18"><span class='ocrx_word' id='word_1_90' title='bbox 532 1472 922 1528; x_wconf 87' lang='lat' dir='ltr'><strong>interminatur</strong></span> <span class='ocrx_word' id='word_1_91' title='bbox 953 1489 1018 1526; x_wconf 86' lang='lat' dir='ltr'><strong>ac</strong></span> <span class='ocrx_word' id='word_1_92' title='bbox 1048 1472 1268 1528; x_wconf 86' lang='lat' dir='ltr'><strong>frendet</strong></span> <span class='ocrx_word' id='word_1_93' title='bbox 1300 1473 1378 1527; x_wconf 89' lang='lat' dir='ltr'><strong>ira</strong></span> <span class='ocrx_word' id='word_1_94' title='bbox 1410 1490 1422 1525; x_wconf 91' lang='lat'>:</span> <span class='ocrx_word' id='word_1_95' title='bbox 1461 1488 1671 1542; x_wconf 88' lang='lat' dir='ltr'><strong>pauper</strong></span> <span class='ocrx_word' id='word_1_96' title='bbox 1699 1487 1831 1527; x_wconf 93' lang='lat' dir='ltr'><strong>vero</strong></span> <span class='ocrx_word' id='word_1_97' title='bbox 1859 1472 2116 1543; x_wconf 82' lang='lat' dir='ltr'><strong>injuriam</strong></span> 
     </span>
    </p>
   </div>
   <div class='ocr_carea' id='block_1_16' title="bbox 529 1561 2117 1635">
    <p class='ocr_par' dir='ltr' id='par_1_16' title="bbox 529 1561 2117 1635">
     <span class='ocr_line' id='line_1_16' title="bbox 529 1561 2117 1635; baseline 0.001 -17"><span class='ocrx_word' id='word_1_98' title='bbox 529 1561 576 1618; x_wconf 84' lang='lat' dir='ltr'><strong>si</strong></span> <span class='ocrx_word' id='word_1_99' title='bbox 629 1565 918 1629; x_wconf 85' lang='lat' dir='ltr'><strong>sustinuit,</strong></span> <span class='ocrx_word' id='word_1_100' title='bbox 952 1565 1180 1635; x_wconf 86' lang='lat' dir='ltr'><strong>insuper</strong></span> <span class='ocrx_word' id='word_1_101' title='bbox 1215 1575 1272 1620; x_wconf 89' lang='lat' dir='ltr'><strong>et</strong></span> <span class='ocrx_word' id='word_1_102' title='bbox 1317 1565 1485 1620; x_wconf 86' lang='lat' dir='ltr'><strong>minis</strong></span> <span class='ocrx_word' id='word_1_103' title='bbox 1533 1565 1875 1620; x_wconf 88' lang='lat' dir='ltr'><strong>deterretur.</strong></span> <span class='ocrx_word' id='word_1_104' title='bbox 1915 1582 1934 1615; x_wconf 77' lang='grc' dir='ltr'><strong>ι</strong></span> <span class='ocrx_word' id='word_1_105' title='bbox 1973 1565 2117 1631; x_wconf 85' lang='lat' dir='ltr'><strong>Quid</strong></span> 
     </span>
    </p>
   </div>
   <div class='ocr_carea' id='block_1_17' title="bbox 529 1658 2116 1728">
    <p class='ocr_par' dir='ltr' id='par_1_17' title="bbox 529 1658 2116 1728">
     <span class='ocr_line' id='line_1_17' title="bbox 529 1658 2116 1728; baseline 0.001 -17"><span class='ocrx_word' id='word_1_106' title='bbox 529 1658 702 1724; x_wconf 89' lang='lat' dir='ltr'><strong>cnim,</strong></span> <span class='ocrx_word' id='word_1_107' title='bbox 760 1659 836 1713; x_wconf 88' lang='lat' dir='ltr'><strong>ait</strong></span> <span class='ocrx_word' id='word_1_108' title='bbox 872 1658 1186 1728; x_wconf 87' lang='lat' dir='ltr'><strong>Scriptura,</strong></span> <span class='ocrx_word' id='word_1_109' title='bbox 1225 1659 1668 1714; x_wconf 82' lang='lat' dir='ltr'><strong>communicabit</strong></span> <span class='ocrx_word' id='word_1_110' title='bbox 1707 1659 1817 1713; x_wconf 89' lang='lat' dir='ltr'><strong>olla</strong></span> <span class='ocrx_word' id='word_1_111' title='bbox 1855 1658 1923 1712; x_wconf 87' lang='lat' dir='ltr'><strong>ad</strong></span> <span class='ocrx_word' id='word_1_112' title='bbox 1953 1673 2116 1712; x_wconf 89' lang='lat' dir='ltr'><strong>caca-</strong></span> 
     </span>
    </p>
   </div>
   <div class='ocr_carea' id='block_1_18' title="bbox 443 1751 2120 1822">
    <p class='ocr_par' dir='ltr' id='par_1_18' title="bbox 443 1751 2120 1822">
     <span class='ocr_line' id='line_1_18' title="bbox 443 1751 2120 1822; baseline 0 -17"><span class='ocrx_word' id='word_1_113' title='bbox 443 1753 446 1756; x_wconf 86' lang='grc'><strong>’</strong></span> <span class='ocrx_word' id='word_1_114' title='bbox 531 1751 841 1822; x_wconf 90' lang='lat' dir='ltr'><strong>bum?lpsa</strong></span> <span class='ocrx_word' id='word_1_115' title='bbox 863 1751 1057 1821; x_wconf 88' lang='lat' dir='ltr'><strong>utique</strong></span> <span class='ocrx_word' id='word_1_116' title='bbox 1085 1752 1301 1822; x_wconf 78' lang='lat'><strong>1088</strong></span> <span class='ocrx_word' id='word_1_117' title='bbox 1320 1752 1607 1822; x_wconf 82' lang='lat' dir='ltr'><strong>impinget,</strong></span> <span class='ocrx_word' id='word_1_118' title='bbox 1627 1751 1900 1806; x_wconf 88' lang='lat' dir='ltr'><strong>eteadem</strong></span> <span class='ocrx_word' id='word_1_119' title='bbox 1929 1758 2120 1805; x_wconf 89' lang='lat' dir='ltr'><strong>conte-</strong></span> 
     </span>
    </p>
   </div>
   <div class='ocr_carea' id='block_1_19' title="bbox 2217 636 3728 714">
    <p class='ocr_par' dir='ltr' id='par_1_19' title="bbox 2217 636 3728 714">
     <span class='ocr_line' id='line_1_19' title="bbox 2217 636 3728 714; baseline 0.008 -24"><span class='ocrx_word' id='word_1_120' title='bbox 2217 636 2309 708; x_wconf 83' lang='grc' dir='ltr'><strong>χὸς</strong></span> <span class='ocrx_word' id='word_1_121' title='bbox 2337 637 2615 710; x_wconf 68' lang='grc' dir='ltr'>ἠδίκηται,</span> <span class='ocrx_word' id='word_1_122' title='bbox 2658 641 2754 695; x_wconf 75' lang='grc' dir='ltr'>καὶ</span> <span class='ocrx_word' id='word_1_123' title='bbox 2806 641 2970 706; x_wconf 77' lang='grc' dir='ltr'>αὐτὸς</span> <span class='ocrx_word' id='word_1_124' title='bbox 3027 641 3606 714; x_wconf 77' lang='grc' dir='ltr'>προσαπειληθήσεται.</span> <span class='ocrx_word' id='word_1_125' title='bbox 3635 669 3650 700; x_wconf 86' lang='grc' dir='ltr'><strong>ι</strong></span> <span class='ocrx_word' id='word_1_126' title='bbox 3681 651 3728 703; x_wconf 78' lang='grc' dir='ltr'>Τί</span> 
     </span>
    </p>
   </div>
   <div class='ocr_carea' id='block_1_20' title="bbox 2217 727 3734 813">
    <p class='ocr_par' dir='ltr' id='par_1_20' title="bbox 2217 727 3734 813">
     <span class='ocr_line' id='line_1_20' title="bbox 2217 727 3734 813; baseline 0.008 -33"><span class='ocrx_word' id='word_1_127' title='bbox 2217 727 2328 800; x_wconf 83' lang='grc' dir='ltr'><strong>γὰρ</strong></span> <span class='ocrx_word' id='word_1_128' title='bbox 2371 732 2692 802; x_wconf 79' lang='grc' dir='ltr'><strong>κοινωνήσει</strong></span> <span class='ocrx_word' id='word_1_129' title='bbox 2716 771 2730 798; x_wconf 89' lang='grc'><em>,</em></span> <span class='ocrx_word' id='word_1_130' title='bbox 2769 733 2957 803; x_wconf 80' lang='grc' dir='ltr'>φησὶν,</span> <span class='ocrx_word' id='word_1_131' title='bbox 2991 732 3167 806; x_wconf 79' lang='grc' dir='ltr'>χύτρα</span> <span class='ocrx_word' id='word_1_132' title='bbox 3198 734 3337 806; x_wconf 79' lang='grc' dir='ltr'>πρὸς</span> <span class='ocrx_word' id='word_1_133' title='bbox 3363 734 3590 807; x_wconf 74' lang='grc' dir='ltr'>λέϐητας</span> <span class='ocrx_word' id='word_1_134' title='bbox 3623 741 3734 813; x_wconf 72' lang='grc' dir='ltr'><strong>Αὐτὴ</strong></span> 
     </span>
    </p>
   </div>
   <div class='ocr_carea' id='block_1_21' title="bbox 2218 821 3735 899">
    <p class='ocr_par' dir='ltr' id='par_1_21' title="bbox 2218 821 3735 899">
     <span class='ocr_line' id='line_1_21' title="bbox 2218 821 3735 899; baseline 0.011 -28"><span class='ocrx_word' id='word_1_135' title='bbox 2218 821 2605 892; x_wconf 82' lang='grc' dir='ltr'>προσκρούσει,</span> <span class='ocrx_word' id='word_1_136' title='bbox 2643 825 2736 878; x_wconf 62' lang='grc' dir='ltr'><strong>καὶ⁸</strong></span> <span class='ocrx_word' id='word_1_137' title='bbox 2763 825 2901 896; x_wconf 78' lang='grc' dir='ltr'>αὐτὴ</span> <span class='ocrx_word' id='word_1_138' title='bbox 2933 826 3376 898; x_wconf 79' lang='grc' dir='ltr'>συντριϐήσεται.</span> <span class='ocrx_word' id='word_1_139' title='bbox 3407 846 3427 879; x_wconf 73' lang='grc' dir='ltr'><strong>ι</strong></span> <span class='ocrx_word' id='word_1_140' title='bbox 3451 828 3577 899; x_wconf 75' lang='grc' dir='ltr'><strong>Φησὶ</strong></span> <span class='ocrx_word' id='word_1_141' title='bbox 3599 832 3646 884; x_wconf 79' lang='grc' dir='ltr'>δὲ</span> <span class='ocrx_word' id='word_1_142' title='bbox 3667 837 3735 888; x_wconf 77' lang='grc' dir='ltr'>καὶ</span> 
     </span>
    </p>
   </div>
   <div class='ocr_carea' id='block_1_22' title="bbox 2218 914 3738 990">
    <p class='ocr_par' dir='ltr' id='par_1_22' title="bbox 2218 914 3738 990">
     <span class='ocr_line' id='line_1_22' title="bbox 2218 914 3738 990; baseline 0.005 -23"><span class='ocrx_word' id='word_1_143' title='bbox 2218 915 2246 967; x_wconf 82' lang='grc' dir='ltr'>ὁ</span> <span class='ocrx_word' id='word_1_144' title='bbox 2279 914 2723 986; x_wconf 76' lang='grc' dir='ltr'>Παροιμιαστής·</span> <span class='ocrx_word' id='word_1_145' title='bbox 2765 936 2783 969; x_wconf 78' lang='grc' dir='ltr'><strong>ι</strong></span> <span class='ocrx_word' id='word_1_146' title='bbox 2812 919 2903 989; x_wconf 80' lang='grc' dir='ltr'><strong>Μὴ</strong></span> <span class='ocrx_word' id='word_1_147' title='bbox 2940 919 3303 990; x_wconf 85' lang='grc' dir='ltr'>παρεκτείνου</span> <span class='ocrx_word' id='word_1_148' title='bbox 3337 919 3505 989; x_wconf 80' lang='grc' dir='ltr'><strong>πένης</strong></span> <span class='ocrx_word' id='word_1_149' title='bbox 3529 921 3596 974; x_wconf 83' lang='grc' dir='ltr'>ὣν</span> <span class='ocrx_word' id='word_1_150' title='bbox 3617 923 3738 976; x_wconf 80' lang='grc' dir='ltr'>πλον-</span> 
     </span>
    </p>
   </div>
   <div class='ocr_carea' id='block_1_23' title="bbox 2220 1004 3736 1080">
    <p class='ocr_par' dir='ltr' id='par_1_23' title="bbox 2220 1004 3736 1080">
     <span class='ocr_line' id='line_1_23' title="bbox 2220 1004 3736 1080; baseline -0.001 -12"><span class='ocrx_word' id='word_1_151' title='bbox 2220 1004 2342 1075; x_wconf 74' lang='grc' dir='ltr'>σίῳ.</span> <span class='ocrx_word' id='word_1_152' title='bbox 2375 1009 2470 1060; x_wconf 72' lang='grc' dir='ltr'>καὶ</span> <span class='ocrx_word' id='word_1_153' title='bbox 2515 1007 2591 1078; x_wconf 81' lang='grc' dir='ltr'>μὴ</span> <span class='ocrx_word' id='word_1_154' title='bbox 2644 1008 2828 1079; x_wconf 80' lang='grc' dir='ltr'><strong>φάγῃς</strong></span> <span class='ocrx_word' id='word_1_155' title='bbox 2878 1009 2970 1062; x_wconf 81' lang='grc' dir='ltr'><strong>τὸν</strong></span> <span class='ocrx_word' id='word_1_156' title='bbox 3035 1008 3226 1080; x_wconf 76' lang='grc' dir='ltr'>ψωμόν</span> <span class='ocrx_word' id='word_1_157' title='bbox 3273 1027 3370 1062; x_wconf 92' lang='grc' dir='ltr'><strong>σου</strong></span> <span class='ocrx_word' id='word_1_158' title='bbox 3430 1011 3543 1080; x_wconf 83' lang='grc' dir='ltr'>μετ’</span> <span class='ocrx_word' id='word_1_159' title='bbox 3592 1011 3736 1067; x_wconf 67' lang='grc' dir='ltr'>αἰτοῧυ</span> 
     </span>
    </p>
   </div>
   <div class='ocr_carea' id='block_1_24' title="bbox 2219 1098 3741 1172">
    <p class='ocr_par' dir='ltr' id='par_1_24' title="bbox 2219 1098 3741 1172">
     <span class='ocr_line' id='line_1_24' title="bbox 2219 1098 3741 1172; baseline 0.005 -21"><span class='ocrx_word' id='word_1_160' title='bbox 2219 1098 2468 1170; x_wconf 79' lang='grc' dir='ltr'>ὲξεμέσει</span> <span class='ocrx_word' id='word_1_161' title='bbox 2520 1102 2630 1172; x_wconf 78' lang='grc' dir='ltr'>γὰρ</span> <span class='ocrx_word' id='word_1_162' title='bbox 2683 1102 2868 1166; x_wconf 71' lang='grc' dir='ltr'>αὐτὸν,</span> <span class='ocrx_word' id='word_1_163' title='bbox 2903 1103 2996 1154; x_wconf 80' lang='grc' dir='ltr'>καὶ</span> <span class='ocrx_word' id='word_1_164' title='bbox 3044 1101 3277 1172; x_wconf 81' lang='grc' dir='ltr'>λυμανεῖ</span> <span class='ocrx_word' id='word_1_165' title='bbox 3319 1103 3446 1166; x_wconf 81' lang='grc' dir='ltr'>τοὺς</span> <span class='ocrx_word' id='word_1_166' title='bbox 3473 1103 3649 1170; x_wconf 82' lang='grc' dir='ltr'>λόγους</span> <span class='ocrx_word' id='word_1_167' title='bbox 3675 1123 3741 1159; x_wconf 77' lang='grc' dir='ltr'>σου</span> 
     </span>
    </p>
   </div>
   <div class='ocr_carea' id='block_1_25' title="bbox 2216 1192 3743 1266">
    <p class='ocr_par' dir='ltr' id='par_1_25' title="bbox 2216 1192 3743 1266">
     <span class='ocr_line' id='line_1_25' title="bbox 2216 1192 3743 1266; baseline 0.003 -21"><span class='ocrx_word' id='word_1_168' title='bbox 2216 1193 2345 1256; x_wconf 76' lang='grc' dir='ltr'>τοὺς</span> <span class='ocrx_word' id='word_1_169' title='bbox 2394 1192 2619 1256; x_wconf 81' lang='grc' dir='ltr'>καλούς.</span> <span class='ocrx_word' id='word_1_170' title='bbox 2653 1212 2672 1246; x_wconf 74' lang='grc' dir='ltr'><strong>ι</strong></span> <span class='ocrx_word' id='word_1_171' title='bbox 2711 1194 2878 1246; x_wconf 83' lang='grc' dir='ltr'><strong>Καὶὸ</strong></span> <span class='ocrx_word' id='word_1_172' title='bbox 2919 1195 3205 1265; x_wconf 82' lang='grc' dir='ltr'><strong>προφήτης</strong></span> <span class='ocrx_word' id='word_1_173' title='bbox 3248 1193 3433 1265; x_wconf 78' lang='grc' dir='ltr'>Ἀμὼς</span> <span class='ocrx_word' id='word_1_174' title='bbox 3462 1195 3582 1266; x_wconf 74' lang='grc' dir='ltr'>περὶ</span> <span class='ocrx_word' id='word_1_175' title='bbox 3607 1196 3743 1250; x_wconf 79' lang='grc' dir='ltr'>αὐτῶν</span> 
     </span>
    </p>
   </div>
   <div class='ocr_carea' id='block_1_26' title="bbox 2219 1285 3746 1356">
    <p class='ocr_par' dir='ltr' id='par_1_26' title="bbox 2219 1285 3746 1356">
     <span class='ocr_line' id='line_1_26' title="bbox 2219 1285 3746 1356; baseline 0.003 -20"><span class='ocrx_word' id='word_1_176' title='bbox 2219 1300 2384 1354; x_wconf 85' lang='grc' dir='ltr'>φησιν</span> <span class='ocrx_word' id='word_1_177' title='bbox 2405 1301 2419 1314; x_wconf 81' lang='lat'>&#39;</span> <span class='ocrx_word' id='word_1_178' title='bbox 2451 1303 2473 1338; x_wconf 82' lang='lat'><strong>(</strong></span> <span class='ocrx_word' id='word_1_179' title='bbox 2509 1285 2878 1350; x_wconf 83' lang='grc' dir='ltr'>Ἐκονδύλιζον</span> <span class='ocrx_word' id='word_1_180' title='bbox 2905 1288 2984 1350; x_wconf 86' lang='grc' dir='ltr'><strong>είς</strong></span> <span class='ocrx_word' id='word_1_181' title='bbox 3005 1285 3247 1356; x_wconf 82' lang='grc' dir='ltr'>κεφαλὰς</span> <span class='ocrx_word' id='word_1_182' title='bbox 3276 1286 3528 1356; x_wconf 83' lang='grc' dir='ltr'><strong>πτωχῶν,</strong></span> <span class='ocrx_word' id='word_1_183' title='bbox 3556 1287 3640 1339; x_wconf 82' lang='grc' dir='ltr'>καὶ</span> <span class='ocrx_word' id='word_1_184' title='bbox 3662 1288 3746 1341; x_wconf 71' lang='grc' dir='ltr'><strong>ίᾶιν</strong></span> 
     </span>
    </p>
   </div>
   <div class='ocr_carea' id='block_1_27' title="bbox 2217 1375 3744 1448">
    <p class='ocr_par' dir='ltr' id='par_1_27' title="bbox 2217 1375 3744 1448">
     <span class='ocr_line' id='line_1_27' title="bbox 2217 1375 3744 1448; baseline 0 -18"><span class='ocrx_word' id='word_1_185' title='bbox 2217 1375 2492 1432; x_wconf 82' lang='grc' dir='ltr'>ταπεινῶν</span> <span class='ocrx_word' id='word_1_186' title='bbox 2532 1377 2830 1444; x_wconf 80' lang='grc' dir='ltr'>ἐξέκλιναν,</span> <span class='ocrx_word' id='word_1_187' title='bbox 2850 1375 2992 1433; x_wconf 81' lang='grc' dir='ltr'>οἶνον</span> <span class='ocrx_word' id='word_1_188' title='bbox 3025 1381 3090 1432; x_wconf 81' lang='grc' dir='ltr'>ὲκ</span> <span class='ocrx_word' id='word_1_189' title='bbox 3127 1378 3504 1448; x_wconf 81' lang='grc' dir='ltr'><strong>συκοφαντιῶν</strong></span> <span class='ocrx_word' id='word_1_190' title='bbox 3531 1378 3744 1432; x_wconf 73' lang='grc' dir='ltr'>ἐπινονσι</span> 
     </span>
    </p>
   </div>
   <div class='ocr_carea' id='block_1_28' title="bbox 2217 1471 3748 1544">
    <p class='ocr_par' dir='ltr' id='par_1_28' title="bbox 2217 1471 3748 1544">
     <span class='ocr_line' id='line_1_28' title="bbox 2217 1471 3748 1544; baseline 0.008 -19"><span class='ocrx_word' id='word_1_191' title='bbox 2217 1472 2245 1525; x_wconf 86' lang='grc' dir='ltr'>ὁ</span> <span class='ocrx_word' id='word_1_192' title='bbox 2269 1471 2327 1526; x_wconf 82' lang='grc' dir='ltr'>δὲ</span> <span class='ocrx_word' id='word_1_193' title='bbox 2366 1472 2529 1537; x_wconf 84' lang='grc' dir='ltr'>καλὸς</span> <span class='ocrx_word' id='word_1_194' title='bbox 2577 1473 2880 1544; x_wconf 75' lang='grc' dir='ltr'>εἰσηγητὴς</span> <span class='ocrx_word' id='word_1_195' title='bbox 2938 1473 3263 1536; x_wconf 82' lang='grc' dir='ltr'>Ἀπόστολος</span> <span class='ocrx_word' id='word_1_196' title='bbox 3300 1471 3607 1544; x_wconf 80' lang='grc' dir='ltr'>Κορινθίοις</span> <span class='ocrx_word' id='word_1_197' title='bbox 3645 1472 3748 1542; x_wconf 78' lang='grc' dir='ltr'>γρά-</span> 
     </span>
    </p>
   </div>
   <div class='ocr_carea' id='block_1_29' title="bbox 2219 1562 3749 1634">
    <p class='ocr_par' dir='ltr' id='par_1_29' title="bbox 2219 1562 3749 1634">
     <span class='ocr_line' id='line_1_29' title="bbox 2219 1562 3749 1634; baseline -0.002 -17"><span class='ocrx_word' id='word_1_198' title='bbox 2219 1580 2335 1632; x_wconf 78' lang='grc' dir='ltr'><strong>φων</strong></span> <span class='ocrx_word' id='word_1_199' title='bbox 2383 1563 2569 1632; x_wconf 76' lang='grc' dir='ltr'>ἔλεγεν</span> <span class='ocrx_word' id='word_1_200' title='bbox 2591 1581 2605 1596; x_wconf 89' lang='grc'><strong>·</strong></span> <span class='ocrx_word' id='word_1_201' title='bbox 2636 1582 2654 1616; x_wconf 78' lang='grc' dir='ltr'><strong>ι</strong></span> <span class='ocrx_word' id='word_1_202' title='bbox 2697 1565 2796 1616; x_wconf 81' lang='grc' dir='ltr'><strong>Διὰ</strong></span> <span class='ocrx_word' id='word_1_203' title='bbox 2826 1563 2879 1617; x_wconf 87' lang='grc' dir='ltr'><strong>τί</strong></span> <span class='ocrx_word' id='word_1_204' title='bbox 2907 1564 2967 1617; x_wconf 86' lang='grc' dir='ltr'>οὐ</span> <span class='ocrx_word' id='word_1_205' title='bbox 2999 1563 3208 1634; x_wconf 81' lang='grc' dir='ltr'>μᾶλλον</span> <span class='ocrx_word' id='word_1_206' title='bbox 3230 1562 3619 1633; x_wconf 75' lang='grc' dir='ltr'><strong>ἀποστερεῖσθε</strong></span> <span class='ocrx_word' id='word_1_207' title='bbox 3645 1563 3749 1628; x_wconf 73' lang='grc' dir='ltr'><strong>;Διά</strong></span> 
     </span>
    </p>
   </div>
   <div class='ocr_carea' id='block_1_30' title="bbox 2217 1656 3750 1727">
    <p class='ocr_par' dir='ltr' id='par_1_30' title="bbox 2217 1656 3750 1727">
     <span class='ocr_line' id='line_1_30' title="bbox 2217 1656 3750 1727; baseline -0.002 -18"><span class='ocrx_word' id='word_1_208' title='bbox 2217 1656 2270 1709; x_wconf 84' lang='grc' dir='ltr'><strong>τί</strong></span> <span class='ocrx_word' id='word_1_209' title='bbox 2311 1656 2514 1727; x_wconf 83' lang='grc' dir='ltr'>μᾶλλον</span> <span class='ocrx_word' id='word_1_210' title='bbox 2562 1657 2685 1727; x_wconf 81' lang='grc' dir='ltr'>οὐχὶ</span> <span class='ocrx_word' id='word_1_211' title='bbox 2731 1657 3040 1722; x_wconf 85' lang='grc' dir='ltr'>ἁδικεῖσθε;</span> <span class='ocrx_word' id='word_1_212' title='bbox 3072 1656 3189 1709; x_wconf 84' lang='grc' dir='ltr'>ἀλλ’</span> <span class='ocrx_word' id='word_1_213' title='bbox 3220 1656 3382 1726; x_wconf 83' lang='grc' dir='ltr'><strong>ὑμεῖς</strong></span> <span class='ocrx_word' id='word_1_214' title='bbox 3413 1656 3656 1717; x_wconf 83' lang='grc' dir='ltr'><strong>ἀδικεῖτε,</strong></span> <span class='ocrx_word' id='word_1_215' title='bbox 3682 1656 3750 1707; x_wconf 77' lang='grc' dir='ltr'>καὶ</span> 
     </span>
    </p>
   </div>
   <div class='ocr_carea' id='block_1_31' title="bbox 2219 1747 3748 1818">
    <p class='ocr_par' dir='ltr' id='par_1_31' title="bbox 2219 1747 3748 1818">
     <span class='ocr_line' id='line_1_31' title="bbox 2219 1747 3748 1818; baseline -0.003 -17"><span class='ocrx_word' id='word_1_216' title='bbox 2219 1749 2577 1818; x_wconf 81' lang='grc' dir='ltr'>ἀποστερεῖτε</span> <span class='ocrx_word' id='word_1_217' title='bbox 2605 1791 2620 1816; x_wconf 86' lang='grc'><em>,</em></span> <span class='ocrx_word' id='word_1_218' title='bbox 2659 1749 2754 1804; x_wconf 80' lang='grc' dir='ltr'><strong>καὶ</strong></span> <span class='ocrx_word' id='word_1_219' title='bbox 2815 1748 2996 1814; x_wconf 83' lang='grc' dir='ltr'>τοῦτο,</span> <span class='ocrx_word' id='word_1_220' title='bbox 3039 1747 3304 1817; x_wconf 79' lang='grc' dir='ltr'>ἀδελφούς</span> <span class='ocrx_word' id='word_1_221' title='bbox 3331 1763 3348 1778; x_wconf 77' lang='grc' dir='ltr'><strong><em>ο</em></strong></span> <span class='ocrx_word' id='word_1_222' title='bbox 3384 1766 3403 1799; x_wconf 72' lang='grc' dir='ltr'><strong>ι</strong></span> <span class='ocrx_word' id='word_1_223' title='bbox 3440 1747 3533 1799; x_wconf 76' lang='grc' dir='ltr'>καὶ</span> <span class='ocrx_word' id='word_1_224' title='bbox 3558 1747 3748 1812; x_wconf 74' lang='grc' dir='ltr'>ὲπάγειο</span> 
     </span>
    </p>
   </div>
   <div class='ocr_carea' id='block_1_32' title="bbox 533 1836 2116 1921">
    <p class='ocr_par' dir='ltr' id='par_1_32' title="bbox 533 1843 2113 1900">
     <span class='ocr_line' id='line_1_32' title="bbox 533 1843 2113 1900; baseline 0 -3"><span class='ocrx_word' id='word_1_225' title='bbox 533 1845 799 1899; x_wconf 61' lang='grc' dir='ltr'>τοίω-⁸⁸..</span> <span class='ocrx_word' id='word_1_226' title='bbox 823 1845 889 1899; x_wconf 86' lang='grc' dir='ltr'>Ει</span> <span class='ocrx_word' id='word_1_227' title='bbox 915 1862 926 1897; x_wconf 89' lang='lat'><strong>:</strong></span> <span class='ocrx_word' id='word_1_228' title='bbox 953 1863 969 1894; x_wconf 81' lang='grc' dir='ltr'><strong>ι</strong></span> <span class='ocrx_word' id='word_1_229' title='bbox 997 1844 1076 1899; x_wconf 85' lang='lat' dir='ltr'><strong>Ne</strong></span> <span class='ocrx_word' id='word_1_230' title='bbox 1099 1845 1410 1900; x_wconf 89' lang='lat' dir='ltr'><strong>comederis</strong></span> <span class='ocrx_word' id='word_1_231' title='bbox 1427 1860 1554 1899; x_wconf 90' lang='lat' dir='ltr'><strong>cum</strong></span> <span class='ocrx_word' id='word_1_232' title='bbox 1578 1859 1645 1899; x_wconf 90' lang='lat' dir='ltr'><strong>eo</strong></span> <span class='ocrx_word' id='word_1_233' title='bbox 1670 1843 1896 1900; x_wconf 81' lang='lat' dir='ltr'><strong>oﬂ&#39;ulam</strong></span> <span class='ocrx_word' id='word_1_234' title='bbox 1920 1851 2071 1898; x_wconf 89' lang='lat' dir='ltr'><strong>tuam</strong></span> <span class='ocrx_word' id='word_1_235' title='bbox 2100 1859 2113 1896; x_wconf 91' lang='lat'><strong>:</strong></span> 
     </span>
    </p>
   </div>
   <div class='ocr_carea' id='block_1_33' title="bbox 2218 1836 3750 1921">
    <p class='ocr_par' dir='ltr' id='par_1_33' title="bbox 2226 1836 3750 1914">
     <span class='ocr_line' id='line_1_33' title="bbox 2226 1836 3750 1914; baseline -0.004 -19"><span class='ocrx_word' id='word_1_236' title='bbox 2226 1861 2246 1895; x_wconf 80' lang='grc' dir='ltr'><strong>ι</strong></span> <span class='ocrx_word' id='word_1_237' title='bbox 2285 1843 2464 1906; x_wconf 87' lang='grc' dir='ltr'>Ὅλως</span> <span class='ocrx_word' id='word_1_238' title='bbox 2518 1843 2741 1914; x_wconf 77' lang='grc' dir='ltr'>ἥττημα</span> <span class='ocrx_word' id='word_1_239' title='bbox 2787 1843 2916 1912; x_wconf 80' lang='grc' dir='ltr'>ὑμῖν</span> <span class='ocrx_word' id='word_1_240' title='bbox 2955 1844 3123 1906; x_wconf 71' lang='grc' dir='ltr'>ἐστιν,</span> <span class='ocrx_word' id='word_1_241' title='bbox 3155 1842 3237 1894; x_wconf 83' lang='grc' dir='ltr'><strong>ὅτι</strong></span> <span class='ocrx_word' id='word_1_242' title='bbox 3267 1842 3446 1910; x_wconf 85' lang='grc' dir='ltr'>κρῖμα</span> <span class='ocrx_word' id='word_1_243' title='bbox 3493 1840 3632 1909; x_wconf 79' lang='grc' dir='ltr'>ἔχετε</span> <span class='ocrx_word' id='word_1_244' title='bbox 3663 1836 3750 1890; x_wconf 80' lang='grc' dir='ltr'>καθ’</span> 
     </span>
    </p>
   </div>
   <div class='ocr_carea' id='block_1_34' title="bbox 529 1935 2117 2006">
    <p class='ocr_par' dir='ltr' id='par_1_34' title="bbox 529 1935 2117 2006">
     <span class='ocr_line' id='line_1_34' title="bbox 529 1935 2117 2006; baseline -0.001 -15"><span class='ocrx_word' id='word_1_245' title='bbox 529 1945 751 1992; x_wconf 84' lang='lat' dir='ltr'><strong>evomet</strong></span> <span class='ocrx_word' id='word_1_246' title='bbox 796 1936 946 1990; x_wconf 89' lang='lat' dir='ltr'><strong>enim</strong></span> <span class='ocrx_word' id='word_1_247' title='bbox 1004 1935 1174 2001; x_wconf 88' lang='lat' dir='ltr'><strong>illam,</strong></span> <span class='ocrx_word' id='word_1_248' title='bbox 1207 1943 1264 1991; x_wconf 88' lang='lat' dir='ltr'><strong>et</strong></span> <span class='ocrx_word' id='word_1_249' title='bbox 1322 1936 1609 2006; x_wconf 90' lang='lat' dir='ltr'><strong>disperdet</strong></span> <span class='ocrx_word' id='word_1_250' title='bbox 1659 1950 1948 1991; x_wconf 89' lang='lat' dir='ltr'><strong>sermones</strong></span> <span class='ocrx_word' id='word_1_251' title='bbox 1992 1942 2117 1990; x_wconf 90' lang='lat' dir='ltr'><strong>tuos</strong></span> 
     </span>
    </p>
   </div>
   <div class='ocr_carea' id='block_1_35' title="bbox 529 2027 2120 2099">
    <p class='ocr_par' dir='ltr' id='par_1_35' title="bbox 529 2027 2120 2099">
     <span class='ocr_line' id='line_1_35' title="bbox 529 2027 2120 2099; baseline -0.001 -15"><span class='ocrx_word' id='word_1_252' title='bbox 529 2029 709 2085; x_wconf 90' lang='lat' dir='ltr'><strong>bonos</strong></span> <span class='ocrx_word' id='word_1_253' title='bbox 726 2029 790 2082; x_wconf 75' lang='lat'><strong>“.</strong></span> <span class='ocrx_word' id='word_1_254' title='bbox 822 2048 840 2080; x_wconf 75' lang='grc' dir='ltr'><strong>ι</strong></span> <span class='ocrx_word' id='word_1_255' title='bbox 863 2030 937 2083; x_wconf 87' lang='lat' dir='ltr'><strong>De</strong></span> <span class='ocrx_word' id='word_1_256' title='bbox 961 2028 1048 2083; x_wconf 90' lang='lat' dir='ltr'><strong>his</strong></span> <span class='ocrx_word' id='word_1_257' title='bbox 1086 2035 1139 2083; x_wconf 89' lang='lat' dir='ltr'><strong>et</strong></span> <span class='ocrx_word' id='word_1_258' title='bbox 1166 2029 1334 2083; x_wconf 86' lang='lat' dir='ltr'><strong>Amos</strong></span> <span class='ocrx_word' id='word_1_259' title='bbox 1359 2029 1628 2099; x_wconf 88' lang='lat' dir='ltr'><strong>propheta</strong></span> <span class='ocrx_word' id='word_1_260' title='bbox 1655 2046 1669 2081; x_wconf 88' lang='lat'>:</span> <span class='ocrx_word' id='word_1_261' title='bbox 1703 2048 1720 2081; x_wconf 84' lang='grc' dir='ltr'><strong>ι</strong></span> <span class='ocrx_word' id='word_1_262' title='bbox 1753 2027 1960 2099; x_wconf 81' lang='lat' dir='ltr'><strong>Pugnis</strong></span> <span class='ocrx_word' id='word_1_263' title='bbox 1992 2036 2120 2082; x_wconf 84' lang='lat' dir='ltr'><strong>tun-</strong></span> 
     </span>
    </p>
   </div>
   <div class='ocr_carea' id='block_1_36' title="bbox 529 2118 2120 2192">
    <p class='ocr_par' dir='ltr' id='par_1_36' title="bbox 529 2118 2120 2192">
     <span class='ocr_line' id='line_1_36' title="bbox 529 2118 2120 2192; baseline -0.001 -16"><span class='ocrx_word' id='word_1_264' title='bbox 529 2120 738 2177; x_wconf 88' lang='lat' dir='ltr'><strong>debant</strong></span> <span class='ocrx_word' id='word_1_265' title='bbox 777 2121 956 2192; x_wconf 85' lang='lat' dir='ltr'><strong>capita</strong></span> <span class='ocrx_word' id='word_1_266' title='bbox 987 2136 1322 2191; x_wconf 88' lang='lat' dir='ltr'><strong>pauperum,</strong></span> <span class='ocrx_word' id='word_1_267' title='bbox 1354 2131 1411 2175; x_wconf 92' lang='lat' dir='ltr'><strong>et</strong></span> <span class='ocrx_word' id='word_1_268' title='bbox 1438 2121 1584 2176; x_wconf 87' lang='lat' dir='ltr'><strong>viam</strong></span> <span class='ocrx_word' id='word_1_269' title='bbox 1620 2121 1918 2175; x_wconf 85' lang='lat' dir='ltr'><strong>humilium</strong></span> <span class='ocrx_word' id='word_1_270' title='bbox 1946 2118 2120 2174; x_wconf 86' lang='lat' dir='ltr'><strong>decli-</strong></span> 
     </span>
    </p>
   </div>
   <div class='ocr_carea' id='block_1_37' title="bbox 2222 1925 3754 2000">
    <p class='ocr_par' dir='ltr' id='par_1_37' title="bbox 2222 1925 3754 2000">
     <span class='ocr_line' id='line_1_37' title="bbox 2222 1925 3754 2000; baseline -0.005 -14"><span class='ocrx_word' id='word_1_271' title='bbox 2222 1934 2454 1988; x_wconf 82' lang='grc' dir='ltr'>ἑαυτῶν.</span> <span class='ocrx_word' id='word_1_272' title='bbox 2486 1934 2556 1987; x_wconf 88' lang='grc' dir='ltr'><em>Ἢ</em></span> <span class='ocrx_word' id='word_1_273' title='bbox 2580 1933 2680 1986; x_wconf 82' lang='grc' dir='ltr'>οὐκ</span> <span class='ocrx_word' id='word_1_274' title='bbox 2724 1932 2904 1986; x_wconf 77' lang='grc' dir='ltr'>οἴδατε</span> <span class='ocrx_word' id='word_1_275' title='bbox 2948 1931 3030 1984; x_wconf 79' lang='grc' dir='ltr'><strong>ὅτι</strong></span> <span class='ocrx_word' id='word_1_276' title='bbox 3062 1931 3236 1984; x_wconf 80' lang='grc' dir='ltr'>ἄδικοι</span> <span class='ocrx_word' id='word_1_277' title='bbox 3264 1927 3546 2000; x_wconf 85' lang='grc' dir='ltr'>βασιλείαν</span> <span class='ocrx_word' id='word_1_278' title='bbox 3570 1925 3689 1980; x_wconf 81' lang='grc' dir='ltr'><strong>Θεοῦ</strong></span> <span class='ocrx_word' id='word_1_279' title='bbox 3711 1925 3754 1980; x_wconf 78' lang='grc' dir='ltr'><strong>οὐ</strong></span> 
     </span>
    </p>
   </div>
   <div class='ocr_carea' id='block_1_38' title="bbox 2223 2019 3756 2096">
    <p class='ocr_par' dir='ltr' id='par_1_38' title="bbox 2223 2019 3756 2096">
     <span class='ocr_line' id='line_1_38' title="bbox 2223 2019 3756 2096; baseline -0.003 -18"><span class='ocrx_word' id='word_1_280' title='bbox 2223 2025 2770 2096; x_wconf 73' lang='grc' dir='ltr'>κληρονομήσουσινς</span> <span class='ocrx_word' id='word_1_281' title='bbox 2819 2043 2836 2076; x_wconf 72' lang='grc' dir='ltr'><strong>ι</strong></span> <span class='ocrx_word' id='word_1_282' title='bbox 2877 2023 2936 2077; x_wconf 91' lang='lat'><strong>&#39;0</strong></span> <span class='ocrx_word' id='word_1_283' title='bbox 2967 2022 3022 2075; x_wconf 78' lang='grc' dir='ltr'>δὲ</span> <span class='ocrx_word' id='word_1_284' title='bbox 3062 2023 3270 2094; x_wconf 77' lang='grc' dir='ltr'>Κύριος</span> <span class='ocrx_word' id='word_1_285' title='bbox 3305 2022 3440 2092; x_wconf 81' lang='grc' dir='ltr'>περὶ</span> <span class='ocrx_word' id='word_1_286' title='bbox 3469 2019 3574 2073; x_wconf 85' lang='grc' dir='ltr'><strong>τῶν</strong></span> <span class='ocrx_word' id='word_1_287' title='bbox 3612 2019 3645 2072; x_wconf 88' lang='grc' dir='ltr'><strong>Γ</strong></span> <span class='ocrx_word' id='word_1_288' title='bbox 3651 2035 3756 2089; x_wconf 72' lang='lat' dir='ltr'><strong>pap-</strong></span> 
     </span>
    </p>
   </div>
   <div class='ocr_carea' id='block_1_39' title="bbox 2228 2115 3752 2190">
    <p class='ocr_par' dir='ltr' id='par_1_39' title="bbox 2228 2115 3752 2190">
     <span class='ocr_line' id='line_1_39' title="bbox 2228 2115 3752 2190; baseline -0.007 -17"><span class='ocrx_word' id='word_1_289' title='bbox 2228 2119 2448 2190; x_wconf 82' lang='grc' dir='ltr'>ματέων</span> <span class='ocrx_word' id='word_1_290' title='bbox 2488 2119 2584 2172; x_wconf 76' lang='grc' dir='ltr'>καὶ</span> <span class='ocrx_word' id='word_1_291' title='bbox 2629 2117 2943 2189; x_wconf 79' lang='grc' dir='ltr'>Φαρισαίων</span> <span class='ocrx_word' id='word_1_292' title='bbox 2973 2115 3170 2187; x_wconf 81' lang='grc' dir='ltr'>φησίν·</span> <span class='ocrx_word' id='word_1_293' title='bbox 3201 2133 3220 2167; x_wconf 78' lang='grc' dir='ltr'><strong>ι</strong></span> <span class='ocrx_word' id='word_1_294' title='bbox 3252 2115 3618 2183; x_wconf 81' lang='grc' dir='ltr'>Δεσμεύουσιν</span> <span class='ocrx_word' id='word_1_295' title='bbox 3659 2127 3752 2181; x_wconf 75' lang='grc' dir='ltr'>φορ-</span> 
     </span>
    </p>
   </div>
   <div class='ocr_carea' id='block_1_40' title="bbox 530 2205 2116 2283">
    <p class='ocr_par' dir='ltr' id='par_1_40' title="bbox 530 2212 2116 2270">
     <span class='ocr_line' id='line_1_40' title="bbox 530 2212 2116 2270; baseline -0.001 -2"><span class='ocrx_word' id='word_1_296' title='bbox 530 2224 824 2269; x_wconf 82' lang='lat' dir='ltr'><strong>naverunt.</strong></span> <span class='ocrx_word' id='word_1_297' title='bbox 880 2213 1092 2269; x_wconf 86' lang='lat' dir='ltr'><strong>’Vinum</strong></span> <span class='ocrx_word' id='word_1_298' title='bbox 1155 2213 1618 2270; x_wconf 87' lang='lat' dir='ltr'><strong>calumniantium</strong></span> <span class='ocrx_word' id='word_1_299' title='bbox 1687 2213 1959 2269; x_wconf 86' lang='lat' dir='ltr'><strong>bibebant</strong></span> <span class='ocrx_word' id='word_1_300' title='bbox 1991 2212 2057 2267; x_wconf 80' lang='lat'><strong>&quot;.</strong></span> <span class='ocrx_word' id='word_1_301' title='bbox 2097 2232 2116 2266; x_wconf 79' lang='grc' dir='ltr'><strong>ι</strong></span> 
     </span>
    </p>
   </div>
   <div class='ocr_carea' id='block_1_41' title="bbox 2218 2205 3756 2283">
    <p class='ocr_par' dir='ltr' id='par_1_41' title="bbox 2218 2205 3756 2283">
     <span class='ocr_line' id='line_1_41' title="bbox 2218 2205 3756 2283; baseline -0.006 -18"><span class='ocrx_word' id='word_1_302' title='bbox 2218 2213 2304 2265; x_wconf 87' lang='grc' dir='ltr'><strong>τία</strong></span> <span class='ocrx_word' id='word_1_303' title='bbox 2356 2211 2533 2283; x_wconf 80' lang='grc' dir='ltr'>βαρέα</span> <span class='ocrx_word' id='word_1_304' title='bbox 2600 2211 2698 2265; x_wconf 72' lang='grc' dir='ltr'>καὶ</span> <span class='ocrx_word' id='word_1_305' title='bbox 2743 2209 3153 2275; x_wconf 77' lang='grc' dir='ltr'>δυσϐάστακτα,</span> <span class='ocrx_word' id='word_1_306' title='bbox 3184 2208 3281 2264; x_wconf 77' lang='grc' dir='ltr'>καὶ</span> <span class='ocrx_word' id='word_1_307' title='bbox 3317 2208 3414 2262; x_wconf 69' lang='grc' dir='ltr'><strong>ἐπὶ</strong></span> <span class='ocrx_word' id='word_1_308' title='bbox 3458 2207 3580 2270; x_wconf 80' lang='grc' dir='ltr'>τοὺς</span> <span class='ocrx_word' id='word_1_309' title='bbox 3615 2205 3756 2274; x_wconf 79' lang='grc' dir='ltr'>ὤμους</span> 
     </span>
    </p>
   </div>
   <div class='ocr_carea' id='block_1_42' title="bbox 527 2286 2116 2379">
    <p class='ocr_par' dir='ltr' id='par_1_42' title="bbox 527 2304 2116 2377">
     <span class='ocr_line' id='line_1_42' title="bbox 527 2304 2116 2377; baseline 0.001 -18"><span class='ocrx_word' id='word_1_310' title='bbox 527 2305 765 2361; x_wconf 87' lang='lat' dir='ltr'><strong>Pulchre</strong></span> <span class='ocrx_word' id='word_1_311' title='bbox 813 2313 870 2362; x_wconf 87' lang='lat' dir='ltr'><strong>et</strong></span> <span class='ocrx_word' id='word_1_312' title='bbox 921 2306 1118 2361; x_wconf 87' lang='lat' dir='ltr'><strong>doctor</strong></span> <span class='ocrx_word' id='word_1_313' title='bbox 1164 2306 1415 2377; x_wconf 87' lang='lat' dir='ltr'><strong>gentium</strong></span> <span class='ocrx_word' id='word_1_314' title='bbox 1446 2306 1781 2376; x_wconf 88' lang='lat' dir='ltr'><strong>Apostolus,</strong></span> <span class='ocrx_word' id='word_1_315' title='bbox 1815 2304 2116 2360; x_wconf 83' lang='lat' dir='ltr'><strong>Corinthiis</strong></span> 
     </span>
    </p>
   </div>
   <div class='ocr_carea' id='block_1_43' title="bbox 2218 2286 3759 2379">
    <p class='ocr_par' dir='ltr' id='par_1_43' title="bbox 2218 2295 3759 2379">
     <span class='ocr_line' id='line_1_43' title="bbox 2218 2295 3759 2379; baseline -0.01 -18"><span class='ocrx_word' id='word_1_316' title='bbox 2218 2307 2325 2361; x_wconf 82' lang='grc' dir='ltr'>τῶν</span> <span class='ocrx_word' id='word_1_317' title='bbox 2374 2303 2683 2379; x_wconf 85' lang='grc' dir='ltr'>ἀνθρώπων</span> <span class='ocrx_word' id='word_1_318' title='bbox 2730 2304 3094 2369; x_wconf 73' lang='grc' dir='ltr'><strong>ἐπιτιθέασιν,</strong></span> <span class='ocrx_word' id='word_1_319' title='bbox 3118 2303 3197 2374; x_wconf 82' lang='grc' dir='ltr'>τῷ</span> <span class='ocrx_word' id='word_1_320' title='bbox 3234 2302 3292 2356; x_wconf 84' lang='grc' dir='ltr'>δὲ</span> <span class='ocrx_word' id='word_1_321' title='bbox 3327 2299 3578 2370; x_wconf 78' lang='grc' dir='ltr'><strong>δακτύλῳ</strong></span> <span class='ocrx_word' id='word_1_322' title='bbox 3617 2295 3759 2350; x_wconf 78' lang='grc' dir='ltr'>αὐτῶν</span> 
     </span>
    </p>
   </div>
   <div class='ocr_carea' id='block_1_44' title="bbox 529 2389 2116 2470">
    <p class='ocr_par' dir='ltr' id='par_1_44' title="bbox 529 2396 2116 2470">
     <span class='ocr_line' id='line_1_44' title="bbox 529 2396 2116 2470; baseline 0 -18"><span class='ocrx_word' id='word_1_323' title='bbox 529 2399 782 2454; x_wconf 67' lang='lat' dir='ltr'><strong>scribens</strong></span> <span class='ocrx_word' id='word_1_324' title='bbox 808 2415 841 2452; x_wconf 88' lang='lat'><strong>:.</strong></span> <span class='ocrx_word' id='word_1_325' title='bbox 863 2419 880 2452; x_wconf 82' lang='grc' dir='ltr'><strong>ι</strong></span> <span class='ocrx_word' id='word_1_326' title='bbox 914 2399 985 2456; x_wconf 88' lang='lat' dir='ltr'><strong>Ut</strong></span> <span class='ocrx_word' id='word_1_327' title='bbox 1013 2399 1148 2470; x_wconf 91' lang='lat' dir='ltr'><strong>quid</strong></span> <span class='ocrx_word' id='word_1_328' title='bbox 1178 2415 1290 2454; x_wconf 91' lang='lat' dir='ltr'><strong>non</strong></span> <span class='ocrx_word' id='word_1_329' title='bbox 1319 2399 1493 2470; x_wconf 86' lang='lat' dir='ltr'><strong>magis</strong></span> <span class='ocrx_word' id='word_1_330' title='bbox 1526 2398 1778 2454; x_wconf 83' lang='lat' dir='ltr'><strong>fraudem</strong></span> <span class='ocrx_word' id='word_1_331' title='bbox 1823 2396 2116 2468; x_wconf 70' lang='lat' dir='ltr'><strong>patimini?</strong></span> 
     </span>
    </p>
   </div>
   <div class='ocr_carea' id='block_1_45' title="bbox 2218 2389 3760 2470">
    <p class='ocr_par' dir='ltr' id='par_1_45' title="bbox 2218 2389 3760 2470">
     <span class='ocr_line' id='line_1_45' title="bbox 2218 2389 3760 2470; baseline -0.007 -19"><span class='ocrx_word' id='word_1_332' title='bbox 2218 2399 2277 2451; x_wconf 84' lang='grc' dir='ltr'>οὐ</span> <span class='ocrx_word' id='word_1_333' title='bbox 2329 2397 2577 2451; x_wconf 84' lang='grc' dir='ltr'>Θέλουσιν</span> <span class='ocrx_word' id='word_1_334' title='bbox 2613 2397 2835 2470; x_wconf 83' lang='grc' dir='ltr'>κινῆσαι</span> <span class='ocrx_word' id='word_1_335' title='bbox 2879 2396 3044 2450; x_wconf 81' lang='grc' dir='ltr'>αὐτὰ.</span> <span class='ocrx_word' id='word_1_336' title='bbox 3089 2411 3109 2448; x_wconf 70' lang='grc' dir='ltr'><strong>ι</strong></span> <span class='ocrx_word' id='word_1_337' title='bbox 3144 2394 3308 2465; x_wconf 73' lang='grc' dir='ltr'>Αὐτῷ</span> <span class='ocrx_word' id='word_1_338' title='bbox 3349 2395 3385 2462; x_wconf 78' lang='grc' dir='ltr'><strong>ἡ</strong></span> <span class='ocrx_word' id='word_1_339' title='bbox 3415 2391 3542 2456; x_wconf 78' lang='grc' dir='ltr'>δόξα</span> <span class='ocrx_word' id='word_1_340' title='bbox 3569 2392 3639 2453; x_wconf 80' lang='grc' dir='ltr'><strong>είς</strong></span> <span class='ocrx_word' id='word_1_341' title='bbox 3666 2389 3760 2450; x_wconf 72' lang='grc' dir='ltr'>τοὺς</span> 
     </span>
    </p>
   </div>
   <div class='ocr_carea' id='block_1_46' title="bbox 526 2489 2116 2562">
    <p class='ocr_par' dir='ltr' id='par_1_46' title="bbox 526 2489 2116 2562">
     <span class='ocr_line' id='line_1_46' title="bbox 526 2489 2116 2562; baseline -0.001 -17"><span class='ocrx_word' id='word_1_342' title='bbox 526 2505 701 2560; x_wconf 88' lang='lat' dir='ltr'><strong>quare</strong></span> <span class='ocrx_word' id='word_1_343' title='bbox 736 2507 846 2546; x_wconf 91' lang='lat' dir='ltr'><strong>non</strong></span> <span class='ocrx_word' id='word_1_344' title='bbox 881 2491 1057 2562; x_wconf 90' lang='lat' dir='ltr'><strong>magis</strong></span> <span class='ocrx_word' id='word_1_345' title='bbox 1089 2491 1352 2562; x_wconf 86' lang='lat' dir='ltr'><strong>injuriam</strong></span> <span class='ocrx_word' id='word_1_346' title='bbox 1383 2489 1678 2561; x_wconf 69' lang='lat' dir='ltr'><strong>actipitis?</strong></span> <span class='ocrx_word' id='word_1_347' title='bbox 1715 2489 1814 2545; x_wconf 89' lang='lat' dir='ltr'><strong>sed</strong></span> <span class='ocrx_word' id='word_1_348' title='bbox 1845 2505 1942 2545; x_wconf 90' lang='lat' dir='ltr'><strong>vos</strong></span> <span class='ocrx_word' id='word_1_349' title='bbox 1978 2489 2116 2560; x_wconf 86' lang='lat' dir='ltr'><strong>inju-</strong></span> 
     </span>
    </p>
   </div>
   <div class='ocr_carea' id='block_1_47' title="bbox 2218 2489 2693 2562">
    <p class='ocr_par' dir='ltr' id='par_1_47' title="bbox 2218 2491 2693 2562">
     <span class='ocr_line' id='line_1_47' title="bbox 2218 2491 2693 2562; baseline 0 -17"><span class='ocrx_word' id='word_1_350' title='bbox 2218 2491 2446 2551; x_wconf 76' lang='grc' dir='ltr'>αἰῶνας.</span> <span class='ocrx_word' id='word_1_351' title='bbox 2492 2491 2548 2544; x_wconf 80' lang='grc' dir='ltr'><strong>Ἀ</strong></span> <span class='ocrx_word' id='word_1_352' title='bbox 2562 2492 2693 2562; x_wconf 82' lang='grc' dir='ltr'>μήν.</span> 
     </span>
    </p>
   </div>
   <div class='ocr_carea' id='block_1_48' title="bbox 529 2573 3758 2650">
    <p class='ocr_par' dir='ltr' id='par_1_48' title="bbox 529 2573 3758 2650">
     <span class='ocr_line' id='line_1_48' title="bbox 529 2573 3758 2650; baseline -0.003 -14"><span class='ocrx_word' id='word_1_353' title='bbox 529 2584 666 2639; x_wconf 88' lang='lat' dir='ltr'><strong>riam</strong></span> <span class='ocrx_word' id='word_1_354' title='bbox 713 2584 895 2638; x_wconf 90' lang='lat' dir='ltr'><strong>facitis</strong></span> <span class='ocrx_word' id='word_1_355' title='bbox 927 2593 984 2640; x_wconf 88' lang='lat' dir='ltr'><strong>et</strong></span> <span class='ocrx_word' id='word_1_356' title='bbox 1015 2583 1307 2650; x_wconf 80' lang='lat' dir='ltr'><strong>fraudatis,</strong></span> <span class='ocrx_word' id='word_1_357' title='bbox 1343 2592 1399 2638; x_wconf 93' lang='lat' dir='ltr'><strong>et</strong></span> <span class='ocrx_word' id='word_1_358' title='bbox 1431 2583 1536 2638; x_wconf 91' lang='lat' dir='ltr'><strong>hoc</strong></span> <span class='ocrx_word' id='word_1_359' title='bbox 1573 2581 1840 2638; x_wconf 81' lang='lat' dir='ltr'><strong>fratribus</strong></span> <span class='ocrx_word' id='word_1_360' title='bbox 1867 2582 1932 2636; x_wconf 73' lang='grc'><strong>⁸³.</strong></span> <span class='ocrx_word' id='word_1_361' title='bbox 1970 2601 1988 2634; x_wconf 74' lang='grc' dir='ltr'><strong>ι</strong></span> <span class='ocrx_word' id='word_1_362' title='bbox 2023 2579 2242 2637; x_wconf 88' lang='lat' dir='ltr'><strong>lnducit</strong></span> <span class='ocrx_word' id='word_1_363' title='bbox 2274 2598 2288 2611; x_wconf 83' lang='lat'><strong>-</strong></span> <span class='ocrx_word' id='word_1_364' title='bbox 2333 2598 2351 2633; x_wconf 83' lang='grc' dir='ltr'><strong>ι</strong></span> <span class='ocrx_word' id='word_1_365' title='bbox 2391 2580 2632 2638; x_wconf 89' lang='lat' dir='ltr'><strong>Omnino</strong></span> <span class='ocrx_word' id='word_1_366' title='bbox 2696 2579 2906 2635; x_wconf 89' lang='lat' dir='ltr'><strong>dictum</strong></span> <span class='ocrx_word' id='word_1_367' title='bbox 2973 2587 3059 2635; x_wconf 89' lang='lat' dir='ltr'><strong>est</strong></span> <span class='ocrx_word' id='word_1_368' title='bbox 3089 2580 3238 2634; x_wconf 91' lang='lat' dir='ltr'><strong>inter</strong></span> <span class='ocrx_word' id='word_1_369' title='bbox 3263 2593 3413 2634; x_wconf 90' lang='lat' dir='ltr'><strong>vos:</strong></span> <span class='ocrx_word' id='word_1_370' title='bbox 3441 2576 3526 2632; x_wconf 83' lang='lat' dir='ltr'><strong>An</strong></span> <span class='ocrx_word' id='word_1_371' title='bbox 3579 2573 3758 2631; x_wconf 86' lang='lat' dir='ltr'><strong>nescitis</strong></span> 
     </span>
    </p>
   </div>
   <div class='ocr_carea' id='block_1_49' title="bbox 527 2672 3760 2749">
    <p class='ocr_par' dir='ltr' id='par_1_49' title="bbox 527 2672 3760 2749">
     <span class='ocr_line' id='line_1_49' title="bbox 527 2672 3760 2749; baseline -0.003 -18"><span class='ocrx_word' id='word_1_372' title='bbox 527 2679 659 2748; x_wconf 89' lang='lat' dir='ltr'><strong>quia</strong></span> <span class='ocrx_word' id='word_1_373' title='bbox 695 2677 874 2748; x_wconf 86' lang='lat' dir='ltr'><strong>iniqui</strong></span> <span class='ocrx_word' id='word_1_374' title='bbox 902 2694 1131 2749; x_wconf 77' lang='lat' dir='ltr'><strong>regnum</strong></span> <span class='ocrx_word' id='word_1_375' title='bbox 1162 2678 1262 2732; x_wconf 91' lang='lat' dir='ltr'><strong>Dei</strong></span> <span class='ocrx_word' id='word_1_376' title='bbox 1284 2676 1906 2748; x_wconf 69' lang='lat' dir='ltr'><strong>non_possidebunt“?t</strong></span> <span class='ocrx_word' id='word_1_377' title='bbox 1927 2677 2198 2732; x_wconf 90' lang='lat' dir='ltr'><strong>Dominus</strong></span> <span class='ocrx_word' id='word_1_378' title='bbox 2249 2677 2383 2732; x_wconf 88' lang='lat' dir='ltr'><strong>item</strong></span> <span class='ocrx_word' id='word_1_379' title='bbox 2456 2677 2525 2732; x_wconf 92' lang='lat' dir='ltr'><strong>de</strong></span> <span class='ocrx_word' id='word_1_380' title='bbox 2603 2676 2816 2732; x_wconf 89' lang='lat' dir='ltr'><strong>Scribis</strong></span> <span class='ocrx_word' id='word_1_381' title='bbox 2857 2685 2915 2731; x_wconf 88' lang='lat' dir='ltr'><strong>et</strong></span> <span class='ocrx_word' id='word_1_382' title='bbox 2980 2676 3272 2732; x_wconf 72' lang='lat' dir='ltr'><strong>Pharisazis</strong></span> <span class='ocrx_word' id='word_1_383' title='bbox 3343 2675 3425 2731; x_wconf 89' lang='lat' dir='ltr'><strong>ait</strong></span> <span class='ocrx_word' id='word_1_384' title='bbox 3462 2693 3476 2730; x_wconf 88' lang='lat'><strong>:</strong></span> <span class='ocrx_word' id='word_1_385' title='bbox 3511 2693 3530 2726; x_wconf 80' lang='grc' dir='ltr'><strong>ι</strong></span> <span class='ocrx_word' id='word_1_386' title='bbox 3569 2672 3760 2741; x_wconf 80' lang='lat' dir='ltr'><strong>Alligant</strong></span> 
     </span>
    </p>
   </div>
   <div class='ocr_carea' id='block_1_50' title="bbox 528 2766 3754 2845">
    <p class='ocr_par' dir='ltr' id='par_1_50' title="bbox 528 2766 3754 2845">
     <span class='ocr_line' id='line_1_50' title="bbox 528 2766 3754 2845; baseline -0.001 -19"><span class='ocrx_word' id='word_1_387' title='bbox 528 2789 701 2827; x_wconf 69' lang='lat' dir='ltr'><strong>altera</strong></span> <span class='ocrx_word' id='word_1_388' title='bbox 751 2773 937 2845; x_wconf 82' lang='lat' dir='ltr'><strong>gravia</strong></span> <span class='ocrx_word' id='word_1_389' title='bbox 987 2785 1044 2828; x_wconf 91' lang='lat' dir='ltr'><strong>et</strong></span> <span class='ocrx_word' id='word_1_390' title='bbox 1077 2773 1469 2844; x_wconf 89' lang='lat' dir='ltr'><strong>importabilia,</strong></span> <span class='ocrx_word' id='word_1_391' title='bbox 1506 2783 1562 2829; x_wconf 93' lang='lat' dir='ltr'><strong>et</strong></span> <span class='ocrx_word' id='word_1_392' title='bbox 1592 2773 1888 2844; x_wconf 85' lang='lat' dir='ltr'><strong>imponunt</strong></span> <span class='ocrx_word' id='word_1_393' title='bbox 1919 2778 1976 2829; x_wconf 80' lang='lat' dir='ltr'><strong>in</strong></span> <span class='ocrx_word' id='word_1_394' title='bbox 2011 2773 2276 2830; x_wconf 85' lang='lat' dir='ltr'><strong>humeros</strong></span> <span class='ocrx_word' id='word_1_395' title='bbox 2305 2774 2615 2840; x_wconf 90' lang='lat' dir='ltr'><strong>hominum,</strong></span> <span class='ocrx_word' id='word_1_396' title='bbox 2653 2773 2828 2845; x_wconf 85' lang='lat' dir='ltr'><strong>digito</strong></span> <span class='ocrx_word' id='word_1_397' title='bbox 2854 2780 3039 2828; x_wconf 90' lang='lat' dir='ltr'><strong>autem</strong></span> <span class='ocrx_word' id='word_1_398' title='bbox 3074 2772 3273 2828; x_wconf 86' lang='lat' dir='ltr'><strong>nolunt</strong></span> <span class='ocrx_word' id='word_1_399' title='bbox 3313 2785 3383 2828; x_wconf 86' lang='lat' dir='ltr'><strong>ea</strong></span> <span class='ocrx_word' id='word_1_400' title='bbox 3435 2783 3644 2827; x_wconf 88' lang='lat' dir='ltr'><strong>movere</strong></span> <span class='ocrx_word' id='word_1_401' title='bbox 3665 2766 3754 2820; x_wconf 71' lang='lat' dir='ltr'><strong>&quot;.t</strong></span> 
     </span>
    </p>
   </div>
   <div class='ocr_carea' id='block_1_51' title="bbox 528 2865 1800 2938">
    <p class='ocr_par' dir='ltr' id='par_1_51' title="bbox 528 2865 1800 2938">
     <span class='ocr_line' id='line_1_51' title="bbox 528 2865 1800 2938; baseline -0.005 -14"><span class='ocrx_word' id='word_1_402' title='bbox 528 2865 638 2937; x_wconf 74' lang='lat' dir='ltr'><strong>Ipsi</strong></span> <span class='ocrx_word' id='word_1_403' title='bbox 675 2866 848 2938; x_wconf 82' lang='lat' dir='ltr'><strong>gloria</strong></span> <span class='ocrx_word' id='word_1_404' title='bbox 881 2866 939 2922; x_wconf 91' lang='lat' dir='ltr'><strong>in</strong></span> <span class='ocrx_word' id='word_1_405' title='bbox 991 2867 1190 2922; x_wconf 82' lang='lat' dir='ltr'><strong>saecula</strong></span> <span class='ocrx_word' id='word_1_406' title='bbox 1224 2865 1576 2921; x_wconf 66' lang='lat' dir='ltr'><strong>saeculorum.</strong></span> <span class='ocrx_word' id='word_1_407' title='bbox 1607 2865 1800 2920; x_wconf 86' lang='lat' dir='ltr'><strong>Amen.</strong></span> 
     </span>
    </p>
   </div>
   <div class='ocr_carea' id='block_1_52' title="bbox 999 3001 1622 3058">
    <p class='ocr_par' dir='ltr' id='par_1_52' title="bbox 999 3001 1622 3058">
     <span class='ocr_line' id='line_1_52' title="bbox 999 3001 1622 3058; baseline -0.003 -1"><span class='ocrx_word' id='word_1_408' title='bbox 999 3004 1002 3006; x_wconf 74' lang='grc'><em>’</em></span> <span class='ocrx_word' id='word_1_409' title='bbox 1022 3001 1312 3058; x_wconf 82' lang='lat' dir='ltr'><strong>HOMILIA</strong></span> <span class='ocrx_word' id='word_1_410' title='bbox 1328 3001 1622 3058; x_wconf 78' lang='lat' dir='ltr'><strong>XXXVIII.</strong></span> 
     </span>
    </p>
   </div>
   <div class='ocr_carea' id='block_1_53' title="bbox 1004 3114 1138 3169">
    <p class='ocr_par' dir='ltr' id='par_1_53' title="bbox 1004 3114 1138 3169">
     <span class='ocr_line' id='line_1_53' title="bbox 1004 3114 1138 3169; baseline -0.007 0"><span class='ocrx_word' id='word_1_411' title='bbox 1004 3114 1138 3169; x_wconf 66' lang='lat' dir='ltr'><strong>“De</strong></span> 
     </span>
    </p>
   </div>
   <div class='ocr_carea' id='block_1_54' title="bbox 600 3225 2122 3295">
    <p class='ocr_par' dir='ltr' id='par_1_54' title="bbox 600 3225 2122 3295">
     <span class='ocr_line' id='line_1_54' title="bbox 600 3225 2122 3295; baseline 0.001 -13"><span class='ocrx_word' id='word_1_412' title='bbox 600 3226 1079 3295; x_wconf 86' lang='lat' dir='ltr'><strong>Quemadmodum</strong></span> <span class='ocrx_word' id='word_1_413' title='bbox 1113 3227 1282 3282; x_wconf 89' lang='lat' dir='ltr'><strong>vitam</strong></span> <span class='ocrx_word' id='word_1_414' title='bbox 1326 3226 1670 3293; x_wconf 86' lang='lat' dir='ltr'><strong>obedientia,</strong></span> <span class='ocrx_word' id='word_1_415' title='bbox 1701 3225 1779 3282; x_wconf 89' lang='lat' dir='ltr'><strong>ita</strong></span> <span class='ocrx_word' id='word_1_416' title='bbox 1831 3235 1887 3282; x_wconf 88' lang='lat' dir='ltr'><strong>et</strong></span> <span class='ocrx_word' id='word_1_417' title='bbox 1929 3227 2122 3283; x_wconf 91' lang='lat' dir='ltr'><strong>inobe-</strong></span> 
     </span>
    </p>
   </div>
   <div class='ocr_carea' id='block_1_55' title="bbox 1200 3115 1584 3169">
    <p class='ocr_par' dir='ltr' id='par_1_55' title="bbox 1200 3115 1584 3169">
     <span class='ocr_line' id='line_1_55' title="bbox 1200 3115 1584 3169; baseline -0.003 0"><span class='ocrx_word' id='word_1_418' title='bbox 1200 3115 1584 3169; x_wconf 74' lang='lat' dir='ltr'><strong>inobedientia.</strong></span> 
     </span>
    </p>
   </div>
   <div class='ocr_carea' id='block_1_56' title="bbox 529 3319 2188 3426">
    <p class='ocr_par' dir='ltr' id='par_1_56' title="bbox 529 3319 2188 3426">
     <span class='ocr_line' id='line_1_56' title="bbox 529 3319 2188 3426; baseline 0.001 -52"><span class='ocrx_word' id='word_1_419' title='bbox 529 3320 740 3376; x_wconf 86' lang='lat' dir='ltr'><strong>dientia</strong></span> <span class='ocrx_word' id='word_1_420' title='bbox 796 3319 1094 3375; x_wconf 80' lang='lat' dir='ltr'><strong>efficaciter</strong></span> <span class='ocrx_word' id='word_1_421' title='bbox 1153 3330 1393 3375; x_wconf 88' lang='lat' dir='ltr'><strong>mortem</strong></span> <span class='ocrx_word' id='word_1_422' title='bbox 1460 3329 1749 3390; x_wconf 87' lang='lat' dir='ltr'><strong>operatur.</strong></span> <span class='ocrx_word' id='word_1_423' title='bbox 1815 3319 1938 3376; x_wconf 86' lang='lat' dir='ltr'><strong>Meo</strong></span> <span class='ocrx_word' id='word_1_424' title='bbox 1988 3320 2122 3376; x_wconf 90' lang='lat' dir='ltr'><strong>huic</strong></span> <span class='ocrx_word' id='word_1_425' title='bbox 2147 3368 2188 3426; x_wconf 64' lang='grc' dir='ltr'>Ο</span> 
     </span>
    </p>
   </div>
   <div class='ocr_carea' id='block_1_57' title="bbox 531 3409 2119 3482">
    <p class='ocr_par' dir='ltr' id='par_1_57' title="bbox 531 3409 2119 3482">
     <span class='ocr_line' id='line_1_57' title="bbox 531 3409 2119 3482; baseline 0.001 -18"><span class='ocrx_word' id='word_1_426' title='bbox 531 3410 774 3465; x_wconf 81' lang='lat' dir='ltr'><strong>sermoni</strong></span> <span class='ocrx_word' id='word_1_427' title='bbox 845 3409 1230 3464; x_wconf 88' lang='lat' dir='ltr'><strong>testimonium</strong></span> <span class='ocrx_word' id='word_1_428' title='bbox 1271 3409 1436 3465; x_wconf 89' lang='lat' dir='ltr'><strong>facile</strong></span> <span class='ocrx_word' id='word_1_429' title='bbox 1499 3410 1688 3466; x_wconf 86' lang='lat' dir='ltr'><strong>reddit</strong></span> <span class='ocrx_word' id='word_1_430' title='bbox 1736 3410 1906 3466; x_wconf 93' lang='lat' dir='ltr'><strong>homo</strong></span> <span class='ocrx_word' id='word_1_431' title='bbox 1941 3411 1988 3466; x_wconf 87' lang='lat' dir='ltr'><strong>is</strong></span> <span class='ocrx_word' id='word_1_432' title='bbox 2021 3411 2119 3482; x_wconf 88' lang='lat' dir='ltr'><strong>qui</strong></span> 
     </span>
    </p>
   </div>
   <div class='ocr_carea' id='block_1_58' title="bbox 530 3497 2123 3571">
    <p class='ocr_par' dir='ltr' id='par_1_58' title="bbox 530 3497 2123 3571">
     <span class='ocr_line' id='line_1_58' title="bbox 530 3497 2123 3571; baseline 0.003 -20"><span class='ocrx_word' id='word_1_433' title='bbox 530 3497 874 3568; x_wconf 89' lang='lat' dir='ltr'><strong>primus&quot;Dei</strong></span> <span class='ocrx_word' id='word_1_434' title='bbox 908 3513 1073 3552; x_wconf 89' lang='lat' dir='ltr'><strong>manu</strong></span> <span class='ocrx_word' id='word_1_435' title='bbox 1102 3497 1377 3553; x_wconf 90' lang='lat' dir='ltr'><strong>formatus</strong></span> <span class='ocrx_word' id='word_1_436' title='bbox 1400 3507 1506 3553; x_wconf 90' lang='lat' dir='ltr'><strong>est.</strong></span> <span class='ocrx_word' id='word_1_437' title='bbox 1535 3498 1678 3553; x_wconf 87' lang='lat' dir='ltr'><strong>Dum</strong></span> <span class='ocrx_word' id='word_1_438' title='bbox 1709 3499 1860 3554; x_wconf 92' lang='lat' dir='ltr'><strong>enim</strong></span> <span class='ocrx_word' id='word_1_439' title='bbox 1897 3501 1982 3555; x_wconf 89' lang='lat' dir='ltr'><strong>sui</strong></span> <span class='ocrx_word' id='word_1_440' title='bbox 2007 3501 2123 3571; x_wconf 91' lang='lat' dir='ltr'><strong>opi-</strong></span> 
     </span>
    </p>
   </div>
   <div class='ocr_carea' id='block_1_59' title="bbox 533 3592 2122 3665">
    <p class='ocr_par' dir='ltr' id='par_1_59' title="bbox 533 3592 2122 3665">
     <span class='ocr_line' id='line_1_59' title="bbox 533 3592 2122 3665; baseline 0.003 -19"><span class='ocrx_word' id='word_1_441' title='bbox 533 3593 653 3648; x_wconf 81' lang='lat' dir='ltr'><strong>ficis</strong></span> <span class='ocrx_word' id='word_1_442' title='bbox 682 3592 942 3648; x_wconf 83' lang='lat' dir='ltr'><strong>mandato</strong></span> <span class='ocrx_word' id='word_1_443' title='bbox 978 3593 1150 3663; x_wconf 78' lang='lat' dir='ltr'><strong>gessit</strong></span> <span class='ocrx_word' id='word_1_444' title='bbox 1179 3608 1414 3658; x_wconf 88' lang='lat' dir='ltr'><strong>morem,</strong></span> <span class='ocrx_word' id='word_1_445' title='bbox 1442 3594 1770 3664; x_wconf 89' lang='lat' dir='ltr'><strong>neutiquam</strong></span> <span class='ocrx_word' id='word_1_446' title='bbox 1814 3593 1948 3665; x_wconf 86' lang='lat' dir='ltr'><strong>ligni</strong></span> <span class='ocrx_word' id='word_1_447' title='bbox 1987 3595 2122 3650; x_wconf 85' lang='lat' dir='ltr'><strong>vita-</strong></span> 
     </span>
    </p>
   </div>
   <div class='ocr_carea' id='block_1_60' title="bbox 529 3684 2120 3756">
    <p class='ocr_par' dir='ltr' id='par_1_60' title="bbox 529 3684 2120 3756">
     <span class='ocr_line' id='line_1_60' title="bbox 529 3684 2120 3756; baseline 0.001 -18"><span class='ocrx_word' id='word_1_448' title='bbox 529 3684 602 3740; x_wconf 89' lang='lat' dir='ltr'><strong>lis</strong></span> <span class='ocrx_word' id='word_1_449' title='bbox 631 3685 880 3754; x_wconf 88' lang='lat' dir='ltr'><strong>privatus</strong></span> <span class='ocrx_word' id='word_1_450' title='bbox 907 3693 1000 3739; x_wconf 83' lang='lat' dir='ltr'><strong>est</strong></span> <span class='ocrx_word' id='word_1_451' title='bbox 1019 3699 1123 3740; x_wconf 86' lang='lat' dir='ltr'><strong>usu</strong></span> <span class='ocrx_word' id='word_1_452' title='bbox 1161 3701 1185 3737; x_wconf 91' lang='lat'><strong>:-</strong></span> <span class='ocrx_word' id='word_1_453' title='bbox 1207 3693 1425 3751; x_wconf 91' lang='lat' dir='ltr'><strong>contra,</strong></span> <span class='ocrx_word' id='word_1_454' title='bbox 1457 3701 1488 3740; x_wconf 90' lang='lat' dir='ltr'><strong>a</strong></span> <span class='ocrx_word' id='word_1_455' title='bbox 1527 3685 1770 3756; x_wconf 89' lang='lat' dir='ltr'><strong>paradisi</strong></span> <span class='ocrx_word' id='word_1_456' title='bbox 1799 3685 2120 3742; x_wconf 70' lang='lat' dir='ltr'><strong>ammnitate</strong></span> 
     </span>
    </p>
   </div>
   <div class='ocr_carea' id='block_1_61' title="bbox 533 3775 2120 3848">
    <p class='ocr_par' dir='ltr' id='par_1_61' title="bbox 533 3775 2120 3848">
     <span class='ocr_line' id='line_1_61' title="bbox 533 3775 2120 3848; baseline 0.001 -18"><span class='ocrx_word' id='word_1_457' title='bbox 533 3777 589 3830; x_wconf 92' lang='lat' dir='ltr'><strong>in</strong></span> <span class='ocrx_word' id='word_1_458' title='bbox 646 3777 790 3830; x_wconf 88' lang='lat' dir='ltr'><strong>hanc</strong></span> <span class='ocrx_word' id='word_1_459' title='bbox 847 3775 1303 3846; x_wconf 85' lang='lat' dir='ltr'><strong>complorationis</strong></span> <span class='ocrx_word' id='word_1_460' title='bbox 1341 3792 1406 3833; x_wconf 89' lang='lat' dir='ltr'><strong>ac</strong></span> <span class='ocrx_word' id='word_1_461' title='bbox 1454 3778 1697 3833; x_wconf 74' lang='lat' dir='ltr'><strong>miseria:</strong></span> <span class='ocrx_word' id='word_1_462' title='bbox 1754 3776 1956 3834; x_wconf 78' lang='lat' dir='ltr'><strong>vallem</strong></span> <span class='ocrx_word' id='word_1_463' title='bbox 2019 3793 2120 3848; x_wconf 90' lang='lat' dir='ltr'><strong>per</strong></span> 
     </span>
    </p>
   </div>
   <div class='ocr_carea' id='block_1_62' title="bbox 533 3865 2116 3940">
    <p class='ocr_par' dir='ltr' id='par_1_62' title="bbox 533 3865 2116 3940">
     <span class='ocr_line' id='line_1_62' title="bbox 533 3865 2116 3940; baseline 0.002 -20"><span class='ocrx_word' id='word_1_464' title='bbox 533 3865 973 3922; x_wconf 89' lang='lat' dir='ltr'><strong>inobedientiam</strong></span> <span class='ocrx_word' id='word_1_465' title='bbox 1009 3868 1310 3939; x_wconf 79' lang='lat' dir='ltr'><strong>relegatus,</strong></span> <span class='ocrx_word' id='word_1_466' title='bbox 1343 3884 1404 3924; x_wconf 90' lang='lat' dir='ltr'><strong>se</strong></span> <span class='ocrx_word' id='word_1_467' title='bbox 1430 3882 1700 3940; x_wconf 84' lang='lat' dir='ltr'><strong>suamque</strong></span> <span class='ocrx_word' id='word_1_468' title='bbox 1733 3870 2116 3940; x_wconf 86' lang='lat' dir='ltr'><strong>posteritatem</strong></span> 
     </span>
    </p>
   </div>
   <div class='ocr_carea' id='block_1_63' title="bbox 531 3957 2120 4015">
    <p class='ocr_par' dir='ltr' id='par_1_63' title="bbox 531 3957 2120 4015">
     <span class='ocr_line' id='line_1_63' title="bbox 531 3957 2120 4015; baseline 0.002 -4"><span class='ocrx_word' id='word_1_469' title='bbox 531 3965 751 4012; x_wconf 73' lang='lat' dir='ltr'><strong>aeternae</strong></span> <span class='ocrx_word' id='word_1_470' title='bbox 802 3957 1015 4012; x_wconf 84' lang='lat' dir='ltr'><strong>addixit</strong></span> <span class='ocrx_word' id='word_1_471' title='bbox 1063 3958 1249 4013; x_wconf 90' lang='lat' dir='ltr'><strong>morti.</strong></span> <span class='ocrx_word' id='word_1_472' title='bbox 1281 3958 1512 4014; x_wconf 82' lang='lat' dir='ltr'><strong>Audivit</strong></span> <span class='ocrx_word' id='word_1_473' title='bbox 1558 3960 1743 4014; x_wconf 92' lang='lat' dir='ltr'><strong>enim:</strong></span> <span class='ocrx_word' id='word_1_474' title='bbox 1783 3979 1802 4012; x_wconf 81' lang='grc' dir='ltr'><strong>ι</strong></span> <span class='ocrx_word' id='word_1_475' title='bbox 1839 3960 2011 4015; x_wconf 90' lang='lat' dir='ltr'><strong>Terra</strong></span> <span class='ocrx_word' id='word_1_476' title='bbox 2059 3973 2120 4014; x_wconf 91' lang='lat' dir='ltr'><strong>es</strong></span> 
     </span>
    </p>
   </div>
   <div class='ocr_carea' id='block_1_64' title="bbox 531 4049 2119 4122">
    <p class='ocr_par' dir='ltr' id='par_1_64' title="bbox 531 4049 2119 4122">
     <span class='ocr_line' id='line_1_64' title="bbox 531 4049 2119 4122; baseline 0.001 -18"><span class='ocrx_word' id='word_1_477' title='bbox 531 4060 588 4104; x_wconf 89' lang='lat' dir='ltr'><strong>et</strong></span> <span class='ocrx_word' id='word_1_478' title='bbox 623 4049 679 4103; x_wconf 91' lang='lat' dir='ltr'><strong>in</strong></span> <span class='ocrx_word' id='word_1_479' title='bbox 736 4059 944 4104; x_wconf 88' lang='lat' dir='ltr'><strong>terram</strong></span> <span class='ocrx_word' id='word_1_480' title='bbox 1010 4049 1119 4105; x_wconf 87' lang='lat' dir='ltr'><strong>ibis</strong></span> <span class='ocrx_word' id='word_1_481' title='bbox 1146 4051 1213 4106; x_wconf 76' lang='lat'><strong>“.</strong></span> <span class='ocrx_word' id='word_1_482' title='bbox 1259 4070 1276 4103; x_wconf 78' lang='grc' dir='ltr'><strong>ι</strong></span> <span class='ocrx_word' id='word_1_483' title='bbox 1319 4050 1428 4106; x_wconf 87' lang='lat' dir='ltr'><strong>Sed</strong></span> <span class='ocrx_word' id='word_1_484' title='bbox 1480 4059 1537 4106; x_wconf 90' lang='lat' dir='ltr'><strong>et</strong></span> <span class='ocrx_word' id='word_1_485' title='bbox 1562 4051 1749 4106; x_wconf 71' lang='lat' dir='ltr'><strong>&#39;Judaei</strong></span> <span class='ocrx_word' id='word_1_486' title='bbox 1783 4050 2020 4122; x_wconf 90' lang='lat' dir='ltr'><strong>profecti</strong></span> <span class='ocrx_word' id='word_1_487' title='bbox 2050 4066 2119 4106; x_wconf 81' lang='lat' dir='ltr'><strong>ex</strong></span> 
     </span>
    </p>
   </div>
   <div class='ocr_carea' id='block_1_65' title="bbox 530 4137 2119 4212">
    <p class='ocr_par' dir='ltr' id='par_1_65' title="bbox 530 4137 2119 4212">
     <span class='ocr_line' id='line_1_65' title="bbox 530 4137 2119 4212; baseline 0.002 -18"><span class='ocrx_word' id='word_1_488' title='bbox 530 4137 788 4212; x_wconf 66' lang='lat' dir='ltr'><strong>Egypto,</strong></span> <span class='ocrx_word' id='word_1_489' title='bbox 853 4155 1091 4209; x_wconf 87' lang='lat' dir='ltr'><strong>quorum</strong></span> <span class='ocrx_word' id='word_1_490' title='bbox 1147 4141 1421 4196; x_wconf 90' lang='lat' dir='ltr'><strong>cadavera</strong></span> <span class='ocrx_word' id='word_1_491' title='bbox 1477 4142 1534 4206; x_wconf 88' lang='lat' dir='ltr'><strong>in</strong></span> <span class='ocrx_word' id='word_1_492' title='bbox 1592 4157 1782 4198; x_wconf 88' lang='lat' dir='ltr'><strong>eremo</strong></span> <span class='ocrx_word' id='word_1_493' title='bbox 1839 4150 2119 4212; x_wconf 86' lang='lat' dir='ltr'><strong>prostrata</strong></span> 
     </span>
    </p>
   </div>
   <div class='ocr_carea' id='block_1_66' title="bbox 533 4231 2118 4305">
    <p class='ocr_par' dir='ltr' id='par_1_66' title="bbox 533 4231 2118 4305">
     <span class='ocr_line' id='line_1_66' title="bbox 533 4231 2118 4305; baseline 0.001 -18"><span class='ocrx_word' id='word_1_494' title='bbox 533 4243 685 4297; x_wconf 88' lang='lat' dir='ltr'><strong>sunt,</strong></span> <span class='ocrx_word' id='word_1_495' title='bbox 725 4250 744 4282; x_wconf 84' lang='grc' dir='ltr'><strong>ι</strong></span> <span class='ocrx_word' id='word_1_496' title='bbox 785 4232 906 4287; x_wconf 86' lang='lat' dir='ltr'><strong>Non</strong></span> <span class='ocrx_word' id='word_1_497' title='bbox 932 4231 1303 4288; x_wconf 81' lang='lat' dir='ltr'><strong>exaudierunt</strong></span> <span class='ocrx_word' id='word_1_498' title='bbox 1333 4247 1528 4288; x_wconf 91' lang='lat' dir='ltr'><strong>vocem</strong></span> <span class='ocrx_word' id='word_1_499' title='bbox 1557 4233 1799 4300; x_wconf 90' lang='lat' dir='ltr'><strong>Domini,</strong></span> <span class='ocrx_word' id='word_1_500' title='bbox 1824 4241 1884 4288; x_wconf 82' lang='lat' dir='ltr'><strong>et</strong></span> <span class='ocrx_word' id='word_1_501' title='bbox 1903 4234 1971 4288; x_wconf 84' lang='lat' dir='ltr'><strong>in</strong></span> <span class='ocrx_word' id='word_1_502' title='bbox 1996 4234 2118 4305; x_wconf 85' lang='lat' dir='ltr'><strong>lege</strong></span> 
     </span>
    </p>
   </div>
   <div class='ocr_carea' id='block_1_67' title="bbox 533 4325 2118 4396">
    <p class='ocr_par' dir='ltr' id='par_1_67' title="bbox 533 4325 2118 4396">
     <span class='ocr_line' id='line_1_67' title="bbox 533 4325 2118 4396; baseline 0.001 -17"><span class='ocrx_word' id='word_1_503' title='bbox 533 4327 656 4396; x_wconf 78' lang='lat' dir='ltr'><strong>ejus</strong></span> <span class='ocrx_word' id='word_1_504' title='bbox 707 4325 1009 4380; x_wconf 89' lang='lat' dir='ltr'><strong>noluerunt</strong></span> <span class='ocrx_word' id='word_1_505' title='bbox 1071 4325 1356 4381; x_wconf 90' lang='lat' dir='ltr'><strong>ambulare</strong></span> <span class='ocrx_word' id='word_1_506' title='bbox 1385 4325 1453 4379; x_wconf 70' lang='grc'><strong>⁸⁷.</strong></span> <span class='ocrx_word' id='word_1_507' title='bbox 1490 4345 1509 4378; x_wconf 75' lang='grc' dir='ltr'><strong>ι</strong></span> <span class='ocrx_word' id='word_1_508' title='bbox 1547 4325 1644 4382; x_wconf 90' lang='lat' dir='ltr'><strong>Dei</strong></span> <span class='ocrx_word' id='word_1_509' title='bbox 1670 4327 1820 4382; x_wconf 90' lang='lat' dir='ltr'><strong>enim</strong></span> <span class='ocrx_word' id='word_1_510' title='bbox 1858 4327 2118 4382; x_wconf 87' lang='lat' dir='ltr'><strong>mandato</strong></span> 
     </span>
    </p>
   </div>
   <div class='ocr_carea' id='block_1_68' title="bbox 527 4409 2116 4491">
    <p class='ocr_par' dir='ltr' id='par_1_68' title="bbox 527 4409 2116 4491">
     <span class='ocr_line' id='line_1_68' title="bbox 527 4409 2116 4491; baseline -0.001 -17"><span class='ocrx_word' id='word_1_511' title='bbox 527 4418 874 4491; x_wconf 83' lang='lat' dir='ltr'><strong>jubebantur</strong></span> <span class='ocrx_word' id='word_1_512' title='bbox 922 4419 1125 4490; x_wconf 81' lang='lat' dir='ltr'><strong>singuli</strong></span> <span class='ocrx_word' id='word_1_513' title='bbox 1162 4421 1370 4490; x_wconf 90' lang='lat' dir='ltr'><strong>quique</strong></span> <span class='ocrx_word' id='word_1_514' title='bbox 1405 4409 1516 4474; x_wconf 76' lang='lat' dir='ltr'><strong>uno</strong></span> <span class='ocrx_word' id='word_1_515' title='bbox 1547 4434 1767 4490; x_wconf 88' lang='lat' dir='ltr'><strong>quoque</strong></span> <span class='ocrx_word' id='word_1_516' title='bbox 1797 4418 1887 4473; x_wconf 90' lang='lat' dir='ltr'><strong>die</strong></span> <span class='ocrx_word' id='word_1_517' title='bbox 1913 4433 2116 4473; x_wconf 90' lang='lat' dir='ltr'><strong>manna</strong></span> 
     </span>
    </p>
   </div>
   <div class='ocr_carea' id='block_1_69' title="bbox 532 4510 2117 4581">
    <p class='ocr_par' dir='ltr' id='par_1_69' title="bbox 532 4510 2117 4581">
     <span class='ocr_line' id='line_1_69' title="bbox 532 4510 2117 4581; baseline -0.001 -15"><span class='ocrx_word' id='word_1_518' title='bbox 532 4523 595 4567; x_wconf 85' lang='lat' dir='ltr'><strong>ut</strong></span> <span class='ocrx_word' id='word_1_519' title='bbox 655 4522 1040 4577; x_wconf 85' lang='lat' dir='ltr'><strong>vescerentur,</strong></span> <span class='ocrx_word' id='word_1_520' title='bbox 1073 4527 1177 4567; x_wconf 89' lang='lat' dir='ltr'><strong>nec</strong></span> <span class='ocrx_word' id='word_1_521' title='bbox 1204 4511 1508 4581; x_wconf 90' lang='lat' dir='ltr'><strong>quidquam</strong></span> <span class='ocrx_word' id='word_1_522' title='bbox 1537 4526 1605 4566; x_wconf 86' lang='lat' dir='ltr'><strong>ex</strong></span> <span class='ocrx_word' id='word_1_523' title='bbox 1635 4527 1704 4566; x_wconf 91' lang='lat' dir='ltr'><strong>eo</strong></span> <span class='ocrx_word' id='word_1_524' title='bbox 1736 4510 2117 4580; x_wconf 88' lang='lat' dir='ltr'><strong>relinquerent</strong></span> 
     </span>
    </p>
   </div>
   <div class='ocr_carea' id='block_1_70' title="bbox 532 4596 2114 4672">
    <p class='ocr_par' dir='ltr' id='par_1_70' title="bbox 532 4596 2114 4672">
     <span class='ocr_line' id='line_1_70' title="bbox 532 4596 2114 4672; baseline -0.003 -14"><span class='ocrx_word' id='word_1_525' title='bbox 532 4603 589 4658; x_wconf 89' lang='lat' dir='ltr'><strong>in</strong></span> <span class='ocrx_word' id='word_1_526' title='bbox 617 4604 951 4658; x_wconf 75' lang='lat' dir='ltr'><strong>crastinum:</strong></span> <span class='ocrx_word' id='word_1_527' title='bbox 970 4601 1220 4672; x_wconf 87' lang='lat' dir='ltr'><strong>Cumque</strong></span> <span class='ocrx_word' id='word_1_528' title='bbox 1248 4605 1481 4657; x_wconf 88' lang='lat' dir='ltr'><strong>istorum</strong></span> <span class='ocrx_word' id='word_1_529' title='bbox 1515 4600 1766 4657; x_wconf 89' lang='lat' dir='ltr'><strong>nonnulli</strong></span> <span class='ocrx_word' id='word_1_530' title='bbox 1797 4602 1854 4655; x_wconf 92' lang='lat' dir='ltr'><strong>in</strong></span> <span class='ocrx_word' id='word_1_531' title='bbox 1879 4596 2114 4656; x_wconf 88' lang='lat' dir='ltr'><strong>alterum</strong></span> 
     </span>
    </p>
   </div>
   <div class='ocr_carea' id='block_1_71' title="bbox 2809 2996 3212 3054">
    <p class='ocr_par' dir='ltr' id='par_1_71' title="bbox 2809 2996 3212 3054">
     <span class='ocr_line' id='line_1_71' title="bbox 2809 2996 3212 3054; baseline 0 0"><span class='ocrx_word' id='word_1_532' title='bbox 2809 2998 3033 3054; x_wconf 88' lang='grc' dir='ltr'><strong>ΛΟΓΟΣ</strong></span> <span class='ocrx_word' id='word_1_533' title='bbox 3081 2996 3212 3054; x_wconf 80' lang='lat' dir='ltr'><strong>AH’.</strong></span> 
     </span>
    </p>
   </div>
   <div class='ocr_carea' id='block_1_72' title="bbox 2747 3106 3272 3180">
    <p class='ocr_par' dir='ltr' id='par_1_72' title="bbox 2747 3106 3272 3180">
     <span class='ocr_line' id='line_1_72' title="bbox 2747 3106 3272 3180; baseline -0.006 -15"><span class='ocrx_word' id='word_1_534' title='bbox 2747 3112 2888 3180; x_wconf 78' lang='grc' dir='ltr'><strong>Περὶ</strong></span> <span class='ocrx_word' id='word_1_535' title='bbox 2933 3106 3272 3179; x_wconf 80' lang='grc' dir='ltr'>παρακοῆς.</span> 
     </span>
    </p>
   </div>
   <div class='ocr_carea' id='block_1_73' title="bbox 2291 3216 3758 3299">
    <p class='ocr_par' dir='ltr' id='par_1_73' title="bbox 2291 3216 3758 3299">
     <span class='ocr_line' id='line_1_73' title="bbox 2291 3216 3758 3299; baseline -0.01 -16"><span class='ocrx_word' id='word_1_536' title='bbox 2291 3228 2509 3298; x_wconf 83' lang='grc' dir='ltr'>Ὠσπερ</span> <span class='ocrx_word' id='word_1_537' title='bbox 2551 3227 2585 3299; x_wconf 82' lang='grc' dir='ltr'>ἢ</span> <span class='ocrx_word' id='word_1_538' title='bbox 2619 3225 2838 3295; x_wconf 81' lang='grc' dir='ltr'>ὑπακοὴ</span> <span class='ocrx_word' id='word_1_539' title='bbox 2875 3224 3022 3294; x_wconf 77' lang='grc' dir='ltr'>ζωὴν</span> <span class='ocrx_word' id='word_1_540' title='bbox 3053 3220 3486 3293; x_wconf 80' lang='grc' dir='ltr'>κατεργάζεται,</span> <span class='ocrx_word' id='word_1_541' title='bbox 3510 3220 3666 3281; x_wconf 76' lang='grc' dir='ltr'>οὕτως</span> <span class='ocrx_word' id='word_1_542' title='bbox 3689 3216 3758 3270; x_wconf 76' lang='grc' dir='ltr'>καὶ</span> 
     </span>
    </p>
   </div>
   <div class='ocr_carea' id='block_1_74' title="bbox 2223 3309 3757 3393">
    <p class='ocr_par' dir='ltr' id='par_1_74' title="bbox 2223 3309 3757 3393">
     <span class='ocr_line' id='line_1_74' title="bbox 2223 3309 3757 3393; baseline -0.01 -18"><span class='ocrx_word' id='word_1_543' title='bbox 2223 3321 2256 3393; x_wconf 80' lang='grc' dir='ltr'><strong>ἡ</strong></span> <span class='ocrx_word' id='word_1_544' title='bbox 2290 3320 2543 3392; x_wconf 76' lang='grc' dir='ltr'>παρακοὴ</span> <span class='ocrx_word' id='word_1_545' title='bbox 2610 3318 2862 3373; x_wconf 83' lang='grc' dir='ltr'>θάνατον.</span> <span class='ocrx_word' id='word_1_546' title='bbox 2888 3317 3000 3370; x_wconf 77' lang='grc' dir='ltr'><strong>Καὶ</strong></span> <span class='ocrx_word' id='word_1_547' title='bbox 3053 3317 3327 3386; x_wconf 87' lang='grc' dir='ltr'>μαρτυρεῖ</span> <span class='ocrx_word' id='word_1_548' title='bbox 3374 3331 3467 3384; x_wconf 89' lang='grc' dir='ltr'><strong>μοι</strong></span> <span class='ocrx_word' id='word_1_549' title='bbox 3495 3312 3570 3384; x_wconf 82' lang='grc' dir='ltr'>τῷ</span> <span class='ocrx_word' id='word_1_550' title='bbox 3610 3309 3757 3378; x_wconf 77' lang='grc' dir='ltr'>λόγῳό</span> 
     </span>
    </p>
   </div>
   <div class='ocr_carea' id='block_1_75' title="bbox 2222 3399 3756 3485">
    <p class='ocr_par' dir='ltr' id='par_1_75' title="bbox 2222 3399 3756 3485">
     <span class='ocr_line' id='line_1_75' title="bbox 2222 3399 3756 3485; baseline -0.01 -18"><span class='ocrx_word' id='word_1_551' title='bbox 2222 3413 2442 3485; x_wconf 86' lang='grc' dir='ltr'>πρῶτος</span> <span class='ocrx_word' id='word_1_552' title='bbox 2491 3410 2634 3482; x_wconf 68' lang='grc' dir='ltr'>χειρὶ</span> <span class='ocrx_word' id='word_1_553' title='bbox 2672 3408 2807 3462; x_wconf 81' lang='grc' dir='ltr'><strong>Θεοῦ</strong></span> <span class='ocrx_word' id='word_1_554' title='bbox 2863 3407 3124 3472; x_wconf 72' lang='grc' dir='ltr'>πλασθεὶς</span> <span class='ocrx_word' id='word_1_555' title='bbox 3153 3407 3470 3478; x_wconf 80' lang='grc' dir='ltr'>ἄνθρωπος.</span> <span class='ocrx_word' id='word_1_556' title='bbox 3502 3406 3560 3458; x_wconf 80' lang='lat' dir='ltr'><strong>Ei</strong></span> <span class='ocrx_word' id='word_1_557' title='bbox 3585 3403 3679 3473; x_wconf 81' lang='grc' dir='ltr'><strong>γὰρ</strong></span> <span class='ocrx_word' id='word_1_558' title='bbox 3705 3399 3756 3468; x_wconf 78' lang='grc' dir='ltr'>μὴ</span> 
     </span>
    </p>
   </div>
   <div class='ocr_carea' id='block_1_76' title="bbox 2223 3491 3756 3576">
    <p class='ocr_par' dir='ltr' id='par_1_76' title="bbox 2223 3491 3756 3576">
     <span class='ocr_line' id='line_1_76' title="bbox 2223 3491 3756 3576; baseline -0.009 -18"><span class='ocrx_word' id='word_1_559' title='bbox 2223 3505 2572 3576; x_wconf 82' lang='grc' dir='ltr'>παρήκουσεν</span> <span class='ocrx_word' id='word_1_560' title='bbox 2624 3501 2727 3570; x_wconf 81' lang='grc' dir='ltr'>τῆς</span> <span class='ocrx_word' id='word_1_561' title='bbox 2787 3499 3011 3569; x_wconf 79' lang='grc' dir='ltr'>ἐντολῆς</span> <span class='ocrx_word' id='word_1_562' title='bbox 3059 3498 3152 3552; x_wconf 84' lang='grc' dir='ltr'>τοῦ</span> <span class='ocrx_word' id='word_1_563' title='bbox 3189 3495 3563 3570; x_wconf 81' lang='grc' dir='ltr'>Δημιουργοῦ,</span> <span class='ocrx_word' id='word_1_564' title='bbox 3593 3496 3678 3548; x_wconf 81' lang='grc' dir='ltr'>οὐκ</span> <span class='ocrx_word' id='word_1_565' title='bbox 3709 3491 3756 3544; x_wconf 76' lang='grc' dir='ltr'>ἂν</span> 
     </span>
    </p>
   </div>
   <div class='ocr_carea' id='block_1_77' title="bbox 2225 3578 3758 3666">
    <p class='ocr_par' dir='ltr' id='par_1_77' title="bbox 2225 3578 3758 3666">
     <span class='ocr_line' id='line_1_77' title="bbox 2225 3578 3758 3666; baseline -0.01 -18"><span class='ocrx_word' id='word_1_566' title='bbox 2225 3596 2324 3666; x_wconf 81' lang='grc' dir='ltr'>μὲν</span> <span class='ocrx_word' id='word_1_567' title='bbox 2376 3595 2656 3663; x_wconf 85' lang='grc' dir='ltr'>ὑστερεῖτο</span> <span class='ocrx_word' id='word_1_568' title='bbox 2701 3589 2795 3644; x_wconf 80' lang='grc' dir='ltr'>τοῦ</span> <span class='ocrx_word' id='word_1_569' title='bbox 2860 3589 3021 3657; x_wconf 82' lang='grc' dir='ltr'>ξύλου</span> <span class='ocrx_word' id='word_1_570' title='bbox 3071 3589 3168 3658; x_wconf 83' lang='grc' dir='ltr'>τῆς</span> <span class='ocrx_word' id='word_1_571' title='bbox 3209 3589 3361 3659; x_wconf 83' lang='grc' dir='ltr'><strong>ζωῆς</strong></span> <span class='ocrx_word' id='word_1_572' title='bbox 3395 3603 3409 3619; x_wconf 93' lang='grc'><strong>·</strong></span> <span class='ocrx_word' id='word_1_573' title='bbox 3451 3578 3758 3654; x_wconf 73' lang='grc' dir='ltr'>ἐξόριστοςᾶ</span> 
     </span>
    </p>
   </div>
   <div class='ocr_carea' id='block_1_78' title="bbox 2219 3671 3755 3755">
    <p class='ocr_par' dir='ltr' id='par_1_78' title="bbox 2219 3671 3755 3755">
     <span class='ocr_line' id='line_1_78' title="bbox 2219 3671 3755 3755; baseline -0.008 -17"><span class='ocrx_word' id='word_1_574' title='bbox 2219 3684 2315 3739; x_wconf 79' lang='grc' dir='ltr'><strong>τοῦ</strong></span> <span class='ocrx_word' id='word_1_575' title='bbox 2382 3683 2712 3755; x_wconf 81' lang='grc' dir='ltr'>παραδείσου</span> <span class='ocrx_word' id='word_1_576' title='bbox 2775 3683 3090 3753; x_wconf 83' lang='grc' dir='ltr'>γενόμενος,</span> <span class='ocrx_word' id='word_1_577' title='bbox 3144 3679 3381 3734; x_wconf 81' lang='grc' dir='ltr'>θάνατον</span> <span class='ocrx_word' id='word_1_578' title='bbox 3441 3671 3755 3740; x_wconf 76' lang='grc' dir='ltr'>κατεδικάσθη</span> 
     </span>
    </p>
   </div>
   <div class='ocr_carea' id='block_1_79' title="bbox 2219 3763 3754 3840">
    <p class='ocr_par' dir='ltr' id='par_1_79' title="bbox 2219 3763 3754 3840">
     <span class='ocr_line' id='line_1_79' title="bbox 2219 3763 3754 3840; baseline -0.01 -8"><span class='ocrx_word' id='word_1_579' title='bbox 2219 3777 2385 3840; x_wconf 77' lang='grc' dir='ltr'>αὐτὸς</span> <span class='ocrx_word' id='word_1_580' title='bbox 2419 3776 2516 3831; x_wconf 70' lang='grc' dir='ltr'>καὶ</span> <span class='ocrx_word' id='word_1_581' title='bbox 2543 3777 2592 3829; x_wconf 81' lang='grc' dir='ltr'>οἱ</span> <span class='ocrx_word' id='word_1_582' title='bbox 2621 3776 2717 3829; x_wconf 88' lang='grc' dir='ltr'><strong>ἀπ’</strong></span> <span class='ocrx_word' id='word_1_583' title='bbox 2747 3773 2914 3828; x_wconf 81' lang='grc' dir='ltr'>αὐτοῦ</span> <span class='ocrx_word' id='word_1_584' title='bbox 2975 3771 3068 3827; x_wconf 82' lang='grc' dir='ltr'><strong>τὸν</strong></span> <span class='ocrx_word' id='word_1_585' title='bbox 3113 3770 3360 3838; x_wconf 76' lang='grc' dir='ltr'>αἰώνιον,</span> <span class='ocrx_word' id='word_1_586' title='bbox 3393 3770 3681 3830; x_wconf 58' lang='grc' dir='ltr'>ἀκούσαςσι</span> <span class='ocrx_word' id='word_1_587' title='bbox 3700 3763 3754 3831; x_wconf 76' lang='grc' dir='ltr'><strong>Γῆ</strong></span> 
     </span>
    </p>
   </div>
   <div class='ocr_carea' id='block_1_80' title="bbox 2222 3856 3754 3939">
    <p class='ocr_par' dir='ltr' id='par_1_80' title="bbox 2222 3856 3754 3939">
     <span class='ocr_line' id='line_1_80' title="bbox 2222 3856 3754 3939; baseline -0.01 -15"><span class='ocrx_word' id='word_1_588' title='bbox 2222 3868 2276 3925; x_wconf 83' lang='grc' dir='ltr'><strong>εί</strong></span> <span class='ocrx_word' id='word_1_589' title='bbox 2312 3870 2405 3924; x_wconf 75' lang='grc' dir='ltr'><strong>καὶ</strong></span> <span class='ocrx_word' id='word_1_590' title='bbox 2441 3871 2523 3934; x_wconf 83' lang='grc' dir='ltr'><strong>είς</strong></span> <span class='ocrx_word' id='word_1_591' title='bbox 2551 3869 2658 3939; x_wconf 84' lang='grc' dir='ltr'>γῆν</span> <span class='ocrx_word' id='word_1_592' title='bbox 2679 3865 2998 3924; x_wconf 81' lang='grc' dir='ltr'>ἁπελεύσει.</span> <span class='ocrx_word' id='word_1_593' title='bbox 3029 3885 3049 3919; x_wconf 74' lang='grc' dir='ltr'><strong>ι</strong></span> <span class='ocrx_word' id='word_1_594' title='bbox 3094 3865 3335 3936; x_wconf 82' lang='grc' dir='ltr'><strong>Ὁμοίως</strong></span> <span class='ocrx_word' id='word_1_595' title='bbox 3364 3864 3458 3918; x_wconf 74' lang='grc' dir='ltr'>καὶ</span> <span class='ocrx_word' id='word_1_596' title='bbox 3487 3866 3536 3916; x_wconf 86' lang='grc' dir='ltr'><strong>οί</strong></span> <span class='ocrx_word' id='word_1_597' title='bbox 3563 3856 3754 3927; x_wconf 74' lang='grc' dir='ltr'>ἐξελθόν-</span> 
     </span>
    </p>
   </div>
   <div class='ocr_carea' id='block_1_81' title="bbox 2219 3953 3750 4030">
    <p class='ocr_par' dir='ltr' id='par_1_81' title="bbox 2219 3953 3750 4030">
     <span class='ocr_line' id='line_1_81' title="bbox 2219 3953 3750 4030; baseline -0.007 -14"><span class='ocrx_word' id='word_1_598' title='bbox 2219 3981 2311 4027; x_wconf 87' lang='grc' dir='ltr'>τες</span> <span class='ocrx_word' id='word_1_599' title='bbox 2349 3962 2409 4028; x_wconf 76' lang='grc' dir='ltr'>ὲξ</span> <span class='ocrx_word' id='word_1_600' title='bbox 2443 3961 2746 4030; x_wconf 77' lang='grc' dir='ltr'><strong>Αἰγύπτου,</strong></span> <span class='ocrx_word' id='word_1_601' title='bbox 2771 3954 2847 4015; x_wconf 82' lang='grc' dir='ltr'>ὧν</span> <span class='ocrx_word' id='word_1_602' title='bbox 2887 3957 2960 4014; x_wconf 81' lang='grc' dir='ltr'><strong>τὰ</strong></span> <span class='ocrx_word' id='word_1_603' title='bbox 3001 3958 3152 4014; x_wconf 85' lang='grc' dir='ltr'>κῶλα</span> <span class='ocrx_word' id='word_1_604' title='bbox 3182 3957 3385 4012; x_wconf 77' lang='grc' dir='ltr'>ἔπεσεν</span> <span class='ocrx_word' id='word_1_605' title='bbox 3414 3959 3470 4010; x_wconf 82' lang='grc' dir='ltr'>ὲν</span> <span class='ocrx_word' id='word_1_606' title='bbox 3497 3958 3558 4027; x_wconf 82' lang='grc' dir='ltr'><strong>τῇ</strong></span> <span class='ocrx_word' id='word_1_607' title='bbox 3587 3953 3750 4024; x_wconf 76' lang='grc' dir='ltr'>ἐρήμῳ.</span> 
     </span>
    </p>
   </div>
   <div class='ocr_carea' id='block_1_82' title="bbox 2227 4039 3752 4125">
    <p class='ocr_par' dir='ltr' id='par_1_82' title="bbox 2227 4039 3752 4125">
     <span class='ocr_line' id='line_1_82' title="bbox 2227 4039 3752 4125; baseline -0.007 -17"><span class='ocrx_word' id='word_1_608' title='bbox 2227 4075 2245 4108; x_wconf 82' lang='grc' dir='ltr'><strong>ι</strong></span> <span class='ocrx_word' id='word_1_609' title='bbox 2276 4057 2392 4110; x_wconf 85' lang='grc' dir='ltr'>Οὐκ</span> <span class='ocrx_word' id='word_1_610' title='bbox 2424 4056 2754 4125; x_wconf 76' lang='grc' dir='ltr'>εῖσήκουσαν</span> <span class='ocrx_word' id='word_1_611' title='bbox 2782 4055 2883 4125; x_wconf 87' lang='grc' dir='ltr'><strong>τῆς</strong></span> <span class='ocrx_word' id='word_1_612' title='bbox 2914 4053 3099 4124; x_wconf 82' lang='grc' dir='ltr'>φωνῆς</span> <span class='ocrx_word' id='word_1_613' title='bbox 3129 4049 3224 4105; x_wconf 78' lang='grc' dir='ltr'><strong>τοῦ</strong></span> <span class='ocrx_word' id='word_1_614' title='bbox 3255 4051 3488 4124; x_wconf 83' lang='grc' dir='ltr'>Κυρίου,</span> <span class='ocrx_word' id='word_1_615' title='bbox 3517 4049 3603 4102; x_wconf 80' lang='grc' dir='ltr'>καὶ</span> <span class='ocrx_word' id='word_1_616' title='bbox 3628 4047 3676 4098; x_wconf 83' lang='grc' dir='ltr'>ὲν</span> <span class='ocrx_word' id='word_1_617' title='bbox 3698 4039 3752 4110; x_wconf 81' lang='grc' dir='ltr'>τῷ</span> 
     </span>
    </p>
   </div>
   <div class='ocr_carea' id='block_1_83' title="bbox 2219 4137 3752 4220">
    <p class='ocr_par' dir='ltr' id='par_1_83' title="bbox 2219 4137 3752 4220">
     <span class='ocr_line' id='line_1_83' title="bbox 2219 4137 3752 4220; baseline -0.01 -18"><span class='ocrx_word' id='word_1_618' title='bbox 2219 4149 2370 4220; x_wconf 84' lang='grc' dir='ltr'>νόμῳ</span> <span class='ocrx_word' id='word_1_619' title='bbox 2412 4146 2580 4201; x_wconf 81' lang='grc' dir='ltr'>αὐτοῦ</span> <span class='ocrx_word' id='word_1_620' title='bbox 2641 4147 2744 4200; x_wconf 80' lang='grc' dir='ltr'>οὐκ</span> <span class='ocrx_word' id='word_1_621' title='bbox 2788 4145 3178 4217; x_wconf 77' lang='grc' dir='ltr'>ἠϐουλήθησαν</span> <span class='ocrx_word' id='word_1_622' title='bbox 3212 4142 3563 4215; x_wconf 82' lang='grc' dir='ltr'>πορεύεσθαι.</span> <span class='ocrx_word' id='word_1_623' title='bbox 3601 4156 3618 4191; x_wconf 76' lang='grc' dir='ltr'><strong>ι</strong></span> <span class='ocrx_word' id='word_1_624' title='bbox 3645 4137 3752 4203; x_wconf 80' lang='grc' dir='ltr'>Παρ-</span> 
     </span>
    </p>
   </div>
   <div class='ocr_carea' id='block_1_84' title="bbox 2218 4228 3749 4312">
    <p class='ocr_par' dir='ltr' id='par_1_84' title="bbox 2218 4228 3749 4312">
     <span class='ocr_line' id='line_1_84' title="bbox 2218 4228 3749 4312; baseline -0.008 -16"><span class='ocrx_word' id='word_1_625' title='bbox 2218 4239 2472 4312; x_wconf 83' lang='grc' dir='ltr'>ήγγειλεν</span> <span class='ocrx_word' id='word_1_626' title='bbox 2515 4239 2622 4311; x_wconf 82' lang='grc' dir='ltr'>γὰρ</span> <span class='ocrx_word' id='word_1_627' title='bbox 2671 4239 2859 4303; x_wconf 83' lang='grc' dir='ltr'>αὐτοῖς</span> <span class='ocrx_word' id='word_1_628' title='bbox 2913 4239 2943 4292; x_wconf 79' lang='grc' dir='ltr'><strong>ὁ</strong></span> <span class='ocrx_word' id='word_1_629' title='bbox 2999 4237 3131 4302; x_wconf 79' lang='grc' dir='ltr'><strong>Θεὸς</strong></span> <span class='ocrx_word' id='word_1_630' title='bbox 3176 4235 3492 4308; x_wconf 80' lang='grc' dir='ltr'>αὖθήμερον</span> <span class='ocrx_word' id='word_1_631' title='bbox 3525 4232 3583 4285; x_wconf 79' lang='grc' dir='ltr'><strong>τὸ</strong></span> <span class='ocrx_word' id='word_1_632' title='bbox 3610 4228 3749 4301; x_wconf 74' lang='grc' dir='ltr'>μάννα</span> 
     </span>
    </p>
   </div>
   <div class='ocr_carea' id='block_1_85' title="bbox 2218 4318 3748 4404">
    <p class='ocr_par' dir='ltr' id='par_1_85' title="bbox 2218 4318 3748 4404">
     <span class='ocr_line' id='line_1_85' title="bbox 2218 4318 3748 4404; baseline -0.009 -16"><span class='ocrx_word' id='word_1_633' title='bbox 2218 4333 2422 4388; x_wconf 76' lang='grc' dir='ltr'>ἐσθίειν</span> <span class='ocrx_word' id='word_1_634' title='bbox 2442 4373 2459 4400; x_wconf 85' lang='grc'>,</span> <span class='ocrx_word' id='word_1_635' title='bbox 2483 4333 2585 4387; x_wconf 72' lang='grc' dir='ltr'>καὶ</span> <span class='ocrx_word' id='word_1_636' title='bbox 2616 4332 2691 4404; x_wconf 78' lang='grc' dir='ltr'>μὴ</span> <span class='ocrx_word' id='word_1_637' title='bbox 2720 4330 3156 4402; x_wconf 80' lang='grc' dir='ltr'>καταλιμπάνειν</span> <span class='ocrx_word' id='word_1_638' title='bbox 3203 4332 3287 4394; x_wconf 83' lang='grc' dir='ltr'><strong>είς</strong></span> <span class='ocrx_word' id='word_1_639' title='bbox 3313 4331 3414 4401; x_wconf 81' lang='grc' dir='ltr'><strong>τὴν</strong></span> <span class='ocrx_word' id='word_1_640' title='bbox 3443 4327 3618 4398; x_wconf 77' lang='grc' dir='ltr'>αὔριον</span> <span class='ocrx_word' id='word_1_641' title='bbox 3637 4337 3654 4355; x_wconf 71' lang='grc' dir='ltr'>ο</span> <span class='ocrx_word' id='word_1_642' title='bbox 3681 4318 3748 4372; x_wconf 71' lang='grc' dir='ltr'>καὶ</span> 
     </span>
    </p>
   </div>
   <div class='ocr_carea' id='block_1_86' title="bbox 2213 4404 3747 4492">
    <p class='ocr_par' dir='ltr' id='par_1_86' title="bbox 2213 4404 3747 4492">
     <span class='ocr_line' id='line_1_86' title="bbox 2213 4404 3747 4492; baseline -0.004 -18"><span class='ocrx_word' id='word_1_643' title='bbox 2213 4419 2710 4492; x_wconf 82' lang='grc' dir='ltr'>παρακουσάντων,</span> <span class='ocrx_word' id='word_1_644' title='bbox 2737 4419 2830 4473; x_wconf 75' lang='grc' dir='ltr'>καὶ</span> <span class='ocrx_word' id='word_1_645' title='bbox 2862 4417 3311 4489; x_wconf 75' lang='grc' dir='ltr'>καταλειψάντων</span> <span class='ocrx_word' id='word_1_646' title='bbox 3343 4419 3450 4482; x_wconf 67' lang='grc' dir='ltr'>ἕως</span> <span class='ocrx_word' id='word_1_647' title='bbox 3489 4412 3646 4488; x_wconf 78' lang='grc' dir='ltr'>πρωῒ,</span> <span class='ocrx_word' id='word_1_648' title='bbox 3687 4404 3747 4469; x_wconf 71' lang='grc' dir='ltr'><strong>ἐξ·</strong></span> 
     </span>
    </p>
   </div>
   <div class='ocr_carea' id='block_1_87' title="bbox 2216 4503 3744 4584">
    <p class='ocr_par' dir='ltr' id='par_1_87' title="bbox 2216 4503 3744 4584">
     <span class='ocr_line' id='line_1_87' title="bbox 2216 4503 3744 4584; baseline -0.001 -17"><span class='ocrx_word' id='word_1_649' title='bbox 2216 4513 2450 4584; x_wconf 88' lang='grc' dir='ltr'>ήνεγκεν</span> <span class='ocrx_word' id='word_1_650' title='bbox 2479 4511 2794 4582; x_wconf 82' lang='grc' dir='ltr'>σκώληκας,</span> <span class='ocrx_word' id='word_1_651' title='bbox 2823 4511 2919 4565; x_wconf 76' lang='grc' dir='ltr'>καὶ</span> <span class='ocrx_word' id='word_1_652' title='bbox 2935 4510 3197 4574; x_wconf 75' lang='grc' dir='ltr'>ἑπόζεσεν</span> <span class='ocrx_word' id='word_1_653' title='bbox 3217 4527 3232 4541; x_wconf 87' lang='grc'><strong>·</strong></span> <span class='ocrx_word' id='word_1_654' title='bbox 3265 4510 3361 4565; x_wconf 74' lang='grc' dir='ltr'>καὶ</span> <span class='ocrx_word' id='word_1_655' title='bbox 3382 4509 3560 4577; x_wconf 85' lang='grc' dir='ltr'>ὥσπερ</span> <span class='ocrx_word' id='word_1_656' title='bbox 3579 4507 3644 4565; x_wconf 77' lang='grc' dir='ltr'><strong>εἰς</strong></span> <span class='ocrx_word' id='word_1_657' title='bbox 3660 4503 3744 4554; x_wconf 77' lang='grc' dir='ltr'><strong>ἀτι-</strong></span> 
     </span>
    </p>
   </div>
   <div class='ocr_carea' id='block_1_88' title="bbox 2221 4589 3744 4675">
    <p class='ocr_par' dir='ltr' id='par_1_88' title="bbox 2221 4589 3744 4675">
     <span class='ocr_line' id='line_1_88' title="bbox 2221 4589 3744 4675; baseline -0.01 -16"><span class='ocrx_word' id='word_1_658' title='bbox 2221 4605 2353 4675; x_wconf 90' lang='grc' dir='ltr'>μίαν</span> <span class='ocrx_word' id='word_1_659' title='bbox 2406 4603 2502 4658; x_wconf 68' lang='grc' dir='ltr'>καὶ</span> <span class='ocrx_word' id='word_1_660' title='bbox 2553 4603 2760 4667; x_wconf 80' lang='grc' dir='ltr'>ὄνειδος</span> <span class='ocrx_word' id='word_1_661' title='bbox 2804 4603 3085 4674; x_wconf 72' lang='grc' dir='ltr'>ἐχώρησεν</span> <span class='ocrx_word' id='word_1_662' title='bbox 3125 4603 3241 4667; x_wconf 87' lang='grc' dir='ltr'>τοῖς</span> <span class='ocrx_word' id='word_1_663' title='bbox 3268 4600 3675 4674; x_wconf 81' lang='grc' dir='ltr'>παρακούσασιν.</span> <span class='ocrx_word' id='word_1_664' title='bbox 3701 4589 3744 4640; x_wconf 81' lang='grc' dir='ltr'>Ὢ</span> 
     </span>
    </p>
   </div>
   <div class='ocr_carea' id='block_1_89' title="bbox 528 4679 2116 4768">
    <p class='ocr_par' dir='ltr' id='par_1_89' title="bbox 528 4695 2114 4765">
     <span class='ocr_line' id='line_1_89' title="bbox 528 4695 2114 4765; baseline -0.003 -16"><span class='ocrx_word' id='word_1_665' title='bbox 528 4695 839 4750; x_wconf 74' lang='lat' dir='ltr'><strong>diluculum</strong></span> <span class='ocrx_word' id='word_1_666' title='bbox 859 4695 964 4750; x_wconf 89' lang='lat' dir='ltr'><strong>sibi</strong></span> <span class='ocrx_word' id='word_1_667' title='bbox 981 4695 1384 4765; x_wconf 85' lang='lat' dir='ltr'><strong>seposuissent,</strong></span> <span class='ocrx_word' id='word_1_668' title='bbox 1409 4709 1511 4765; x_wconf 88' lang='lat' dir='ltr'><strong>pro</strong></span> <span class='ocrx_word' id='word_1_669' title='bbox 1531 4709 1731 4748; x_wconf 86' lang='lat' dir='ltr'><strong>manna</strong></span> <span class='ocrx_word' id='word_1_670' title='bbox 1755 4700 2114 4762; x_wconf 86' lang='lat' dir='ltr'><strong>reportarunt</strong></span> 
     </span>
    </p>
   </div>
   <div class='ocr_carea' id='block_1_90' title="bbox 2218 4679 3741 4768">
    <p class='ocr_par' dir='ltr' id='par_1_90' title="bbox 2218 4679 3741 4766">
     <span class='ocr_line' id='line_1_90' title="bbox 2218 4679 3741 4766; baseline -0.011 -16"><span class='ocrx_word' id='word_1_671' title='bbox 2218 4696 2320 4766; x_wconf 84' lang='grc' dir='ltr'>τῆς</span> <span class='ocrx_word' id='word_1_672' title='bbox 2366 4697 2676 4766; x_wconf 81' lang='grc' dir='ltr'>παρακοῆς,</span> <span class='ocrx_word' id='word_1_673' title='bbox 2708 4693 2803 4748; x_wconf 78' lang='grc' dir='ltr'>καὶ</span> <span class='ocrx_word' id='word_1_674' title='bbox 2849 4694 2983 4749; x_wconf 84' lang='grc' dir='ltr'><strong>αὐτὸ</strong></span> <span class='ocrx_word' id='word_1_675' title='bbox 3039 4693 3100 4746; x_wconf 82' lang='grc' dir='ltr'>τὸ</span> <span class='ocrx_word' id='word_1_676' title='bbox 3151 4692 3330 4764; x_wconf 83' lang='grc' dir='ltr'>μάννα</span> <span class='ocrx_word' id='word_1_677' title='bbox 3369 4692 3645 4759; x_wconf 85' lang='grc' dir='ltr'>σκωλήκων</span> <span class='ocrx_word' id='word_1_678' title='bbox 3679 4679 3741 4733; x_wconf 75' lang='grc' dir='ltr'>καὶ</span> 
     </span>
    </p>
   </div>
   <div class='ocr_carea' id='block_1_91' title="bbox 531 4782 2115 4858">
    <p class='ocr_par' dir='ltr' id='par_1_91' title="bbox 531 4782 2115 4858">
     <span class='ocr_line' id='line_1_91' title="bbox 531 4782 2115 4858; baseline -0.002 -17"><span class='ocrx_word' id='word_1_679' title='bbox 531 4804 768 4853; x_wconf 81' lang='lat' dir='ltr'><strong>vermes,</strong></span> <span class='ocrx_word' id='word_1_680' title='bbox 806 4788 954 4858; x_wconf 91' lang='lat' dir='ltr'><strong>iique</strong></span> <span class='ocrx_word' id='word_1_681' title='bbox 989 4787 1042 4842; x_wconf 91' lang='lat' dir='ltr'><strong>in</strong></span> <span class='ocrx_word' id='word_1_682' title='bbox 1075 4787 1465 4858; x_wconf 80' lang='lat' dir='ltr'><strong>putrilaginem</strong></span> <span class='ocrx_word' id='word_1_683' title='bbox 1495 4793 1625 4841; x_wconf 89' lang='lat' dir='ltr'><strong>sunt</strong></span> <span class='ocrx_word' id='word_1_684' title='bbox 1648 4785 1795 4841; x_wconf 91' lang='lat' dir='ltr'><strong>versi</strong></span> <span class='ocrx_word' id='word_1_685' title='bbox 1834 4801 1848 4839; x_wconf 87' lang='lat'><strong>:</strong></span> <span class='ocrx_word' id='word_1_686' title='bbox 1881 4785 1936 4840; x_wconf 92' lang='lat' dir='ltr'><strong>id</strong></span> <span class='ocrx_word' id='word_1_687' title='bbox 1967 4782 2115 4854; x_wconf 89' lang='lat' dir='ltr'><strong>quod</strong></span> 
     </span>
    </p>
   </div>
   <div class='ocr_carea' id='block_1_92' title="bbox 530 4875 2117 4951">
    <p class='ocr_par' dir='ltr' id='par_1_92' title="bbox 530 4875 2117 4951">
     <span class='ocr_line' id='line_1_92' title="bbox 530 4875 2117 4951; baseline -0.001 -17"><span class='ocrx_word' id='word_1_688' title='bbox 530 4875 586 4935; x_wconf 90' lang='lat' dir='ltr'><strong>in</strong></span> <span class='ocrx_word' id='word_1_689' title='bbox 624 4880 982 4951; x_wconf 86' lang='lat' dir='ltr'><strong>ignominiam</strong></span> <span class='ocrx_word' id='word_1_690' title='bbox 1023 4889 1192 4950; x_wconf 73' lang='lat' dir='ltr'><strong>atque.</strong></span> <span class='ocrx_word' id='word_1_691' title='bbox 1221 4879 1739 4934; x_wconf 79' lang='lat' dir='ltr'><strong>dedecus-istorum</strong></span> <span class='ocrx_word' id='word_1_692' title='bbox 1773 4878 1944 4932; x_wconf 91' lang='lat' dir='ltr'><strong>cessit</strong></span> <span class='ocrx_word' id='word_1_693' title='bbox 1973 4878 2117 4932; x_wconf 90' lang='lat' dir='ltr'><strong>male</strong></span> 
     </span>
    </p>
   </div>
   <div class='ocr_carea' id='block_1_93' title="bbox 529 4970 2119 5044">
    <p class='ocr_par' dir='ltr' id='par_1_93' title="bbox 529 4970 2119 5044">
     <span class='ocr_line' id='line_1_93' title="bbox 529 4970 2119 5044; baseline -0.001 -18"><span class='ocrx_word' id='word_1_694' title='bbox 529 4973 975 5044; x_wconf 82' lang='lat' dir='ltr'><strong>morigerorum:</strong></span> <span class='ocrx_word' id='word_1_695' title='bbox 1015 4971 1253 5042; x_wconf 89' lang='lat' dir='ltr'><strong>perinde</strong></span> <span class='ocrx_word' id='word_1_696' title='bbox 1311 4980 1481 5041; x_wconf 89' lang='lat' dir='ltr'><strong>atque</strong></span> <span class='ocrx_word' id='word_1_697' title='bbox 1537 4971 1756 5026; x_wconf 89' lang='lat' dir='ltr'><strong>diceres</strong></span> <span class='ocrx_word' id='word_1_698' title='bbox 1794 4989 1807 5024; x_wconf 92' lang='lat'><strong>:</strong></span> <span class='ocrx_word' id='word_1_699' title='bbox 1847 4970 1974 5025; x_wconf 88' lang='lat' dir='ltr'><strong>Sola</strong></span> <span class='ocrx_word' id='word_1_700' title='bbox 2033 4975 2119 5024; x_wconf 87' lang='lat' dir='ltr'><strong>est</strong></span> 
     </span>
    </p>
   </div>
   <div class='ocr_carea' id='block_1_94' title="bbox 529 5062 2118 5132">
    <p class='ocr_par' dir='ltr' id='par_1_94' title="bbox 529 5062 2118 5132">
     <span class='ocr_line' id='line_1_94' title="bbox 529 5062 2118 5132; baseline -0.001 -14"><span class='ocrx_word' id='word_1_701' title='bbox 529 5063 905 5119; x_wconf 81' lang='lat' dir='ltr'><strong>inobedientia</strong></span> <span class='ocrx_word' id='word_1_702' title='bbox 955 5072 1150 5118; x_wconf 87' lang='lat' dir='ltr'><strong>auctor</strong></span> <span class='ocrx_word' id='word_1_703' title='bbox 1178 5078 1395 5117; x_wconf 67' lang='lat' dir='ltr'><strong>manna:</strong></span> <span class='ocrx_word' id='word_1_704' title='bbox 1428 5063 1484 5116; x_wconf 88' lang='lat' dir='ltr'><strong>in</strong></span> <span class='ocrx_word' id='word_1_705' title='bbox 1514 5077 1743 5118; x_wconf 74' lang='lat' dir='ltr'><strong>&#39;vermes</strong></span> <span class='ocrx_word' id='word_1_706' title='bbox 1776 5062 2118 5132; x_wconf 83' lang='lat' dir='ltr'><strong>degeneran-</strong></span> 
     </span>
    </p>
   </div>
   <div class='ocr_carea' id='block_1_95' title="bbox 530 5151 2108 5223">
    <p class='ocr_par' dir='ltr' id='par_1_95' title="bbox 530 5151 2108 5223">
     <span class='ocr_line' id='line_1_95' title="bbox 530 5151 2108 5223; baseline -0.002 -16"><span class='ocrx_word' id='word_1_707' title='bbox 530 5156 621 5216; x_wconf 88' lang='lat' dir='ltr'><strong>tis,</strong></span> <span class='ocrx_word' id='word_1_708' title='bbox 653 5164 708 5208; x_wconf 90' lang='lat' dir='ltr'><strong>et</strong></span> <span class='ocrx_word' id='word_1_709' title='bbox 739 5153 928 5208; x_wconf 91' lang='lat' dir='ltr'><strong>odoris</strong></span> <span class='ocrx_word' id='word_1_710' title='bbox 949 5154 1110 5208; x_wconf 89' lang='lat' dir='ltr'><strong>istius</strong></span> <span class='ocrx_word' id='word_1_711' title='bbox 1134 5151 1375 5223; x_wconf 87' lang='lat' dir='ltr'><strong>graviter</strong></span> <span class='ocrx_word' id='word_1_712' title='bbox 1403 5151 1668 5222; x_wconf 88' lang='lat' dir='ltr'><strong>spirantis</strong></span> <span class='ocrx_word' id='word_1_713' title='bbox 1701 5152 1904 5222; x_wconf 64' lang='lat' dir='ltr'><strong>:&quot;prius</strong></span> <span class='ocrx_word' id='word_1_714' title='bbox 1935 5151 2108 5216; x_wconf 89' lang='lat' dir='ltr'><strong>enim,</strong></span> 
     </span>
    </p>
   </div>
   <div class='ocr_carea' id='block_1_96' title="bbox 529 5244 2112 5315">
    <p class='ocr_par' dir='ltr' id='par_1_96' title="bbox 529 5244 2112 5315">
     <span class='ocr_line' id='line_1_96' title="bbox 529 5244 2112 5315; baseline 0 -17"><span class='ocrx_word' id='word_1_715' title='bbox 529 5246 670 5300; x_wconf 89' lang='lat' dir='ltr'><strong>nihil</strong></span> <span class='ocrx_word' id='word_1_716' title='bbox 737 5246 870 5301; x_wconf 92' lang='lat' dir='ltr'><strong>dum</strong></span> <span class='ocrx_word' id='word_1_717' title='bbox 921 5247 1029 5302; x_wconf 89' lang='lat' dir='ltr'><strong>tale</strong></span> <span class='ocrx_word' id='word_1_718' title='bbox 1078 5245 1381 5315; x_wconf 81' lang='lat' dir='ltr'><strong>contigisse</strong></span> <span class='ocrx_word' id='word_1_719' title='bbox 1429 5245 1818 5314; x_wconf 88' lang='lat' dir='ltr'><strong>conspicitur:</strong></span> <span class='ocrx_word' id='word_1_720' title='bbox 1863 5244 1944 5298; x_wconf 89' lang='lat' dir='ltr'><strong>0b</strong></span> <span class='ocrx_word' id='word_1_721' title='bbox 2003 5245 2112 5298; x_wconf 87' lang='lat' dir='ltr'><strong>hoc</strong></span> 
     </span>
    </p>
   </div>
   <div class='ocr_carea' id='block_1_97' title="bbox 527 5336 2113 5409">
    <p class='ocr_par' dir='ltr' id='par_1_97' title="bbox 527 5336 2113 5409">
     <span class='ocr_line' id='line_1_97' title="bbox 527 5336 2113 5409; baseline 0.001 -18"><span class='ocrx_word' id='word_1_722' title='bbox 527 5337 675 5391; x_wconf 86' lang='lat' dir='ltr'><strong>enim</strong></span> <span class='ocrx_word' id='word_1_723' title='bbox 723 5339 882 5408; x_wconf 81' lang='lat' dir='ltr'><strong>juxta</strong></span> <span class='ocrx_word' id='word_1_724' title='bbox 928 5338 1138 5409; x_wconf 85' lang='lat' dir='ltr'><strong>regium</strong></span> <span class='ocrx_word' id='word_1_725' title='bbox 1176 5339 1420 5402; x_wconf 86' lang='lat' dir='ltr'><strong>Psalten,</strong></span> <span class='ocrx_word' id='word_1_726' title='bbox 1448 5336 1931 5392; x_wconf 89' lang='lat' dir='ltr'><strong>nomenclaturam</strong></span> <span class='ocrx_word' id='word_1_727' title='bbox 1965 5352 2113 5407; x_wconf 80' lang='lat' dir='ltr'><strong>pro-</strong></span> 
     </span>
    </p>
   </div>
   <div class='ocr_carea' id='block_1_98' title="bbox 529 5428 2112 5501">
    <p class='ocr_par' dir='ltr' id='par_1_98' title="bbox 529 5428 2112 5501">
     <span class='ocr_line' id='line_1_98' title="bbox 529 5428 2112 5501; baseline -0.003 -15"><span class='ocrx_word' id='word_1_728' title='bbox 529 5437 733 5486; x_wconf 74' lang='lat' dir='ltr'><strong>meruit</strong></span> <span class='ocrx_word' id='word_1_729' title='bbox 755 5430 1025 5501; x_wconf 82' lang='lat' dir='ltr'><strong>angelicae</strong></span> <span class='ocrx_word' id='word_1_730' title='bbox 1045 5429 1324 5486; x_wconf 76' lang='lat' dir='ltr'><strong>alimoniae</strong></span> <span class='ocrx_word' id='word_1_731' title='bbox 1351 5447 1366 5484; x_wconf 87' lang='lat'><strong>:</strong></span> <span class='ocrx_word' id='word_1_732' title='bbox 1415 5446 1434 5481; x_wconf 81' lang='grc' dir='ltr'><strong>ι</strong></span> <span class='ocrx_word' id='word_1_733' title='bbox 1481 5429 1684 5484; x_wconf 90' lang='lat' dir='ltr'><strong>Panem</strong></span> <span class='ocrx_word' id='word_1_734' title='bbox 1711 5429 1860 5482; x_wconf 92' lang='lat' dir='ltr'><strong>enim</strong></span> <span class='ocrx_word' id='word_1_735' title='bbox 1885 5428 2112 5498; x_wconf 81' lang='lat' dir='ltr'><strong>angelo—</strong></span> 
     </span>
    </p>
   </div>
   <div class='ocr_carea' id='block_1_99' title="bbox 532 5517 2111 5591">
    <p class='ocr_par' dir='ltr' id='par_1_99' title="bbox 532 5517 2111 5591">
     <span class='ocr_line' id='line_1_99' title="bbox 532 5517 2111 5591; baseline -0.003 -15"><span class='ocrx_word' id='word_1_736' title='bbox 532 5537 654 5576; x_wconf 85' lang='lat' dir='ltr'><strong>rum</strong></span> <span class='ocrx_word' id='word_1_737' title='bbox 709 5521 1066 5578; x_wconf 85' lang='lat' dir='ltr'><strong>manducavit</strong></span> <span class='ocrx_word' id='word_1_738' title='bbox 1116 5523 1281 5577; x_wconf 88' lang='lat' dir='ltr'><strong>homo</strong></span> <span class='ocrx_word' id='word_1_739' title='bbox 1304 5517 1379 5576; x_wconf 56' lang='lat'><strong>4&quot;“.</strong></span> <span class='ocrx_word' id='word_1_740' title='bbox 1423 5541 1442 5575; x_wconf 70' lang='grc' dir='ltr'><strong>ι</strong></span> <span class='ocrx_word' id='word_1_741' title='bbox 1504 5521 1632 5576; x_wconf 89' lang='lat' dir='ltr'><strong>Filii</strong></span> <span class='ocrx_word' id='word_1_742' title='bbox 1695 5519 1932 5591; x_wconf 89' lang='lat' dir='ltr'><strong>proinde</strong></span> <span class='ocrx_word' id='word_1_743' title='bbox 1966 5519 2111 5585; x_wconf 81' lang='lat' dir='ltr'><strong>Heli,</strong></span> 
     </span>
    </p>
   </div>
   <div class='ocr_carea' id='block_1_100' title="bbox 527 5610 2112 5684">
    <p class='ocr_par' dir='ltr' id='par_1_100' title="bbox 527 5610 2112 5684">
     <span class='ocr_line' id='line_1_100' title="bbox 527 5610 2112 5684; baseline -0.004 -14"><span class='ocrx_word' id='word_1_744' title='bbox 527 5611 709 5684; x_wconf 83' lang='lat' dir='ltr'><strong>Ophni</strong></span> <span class='ocrx_word' id='word_1_745' title='bbox 741 5623 799 5669; x_wconf 91' lang='lat' dir='ltr'><strong>et</strong></span> <span class='ocrx_word' id='word_1_746' title='bbox 826 5613 1085 5680; x_wconf 84' lang='lat' dir='ltr'><strong>Phinees,</strong></span> <span class='ocrx_word' id='word_1_747' title='bbox 1111 5613 1260 5684; x_wconf 89' lang='lat' dir='ltr'><strong>quod</strong></span> <span class='ocrx_word' id='word_1_748' title='bbox 1293 5614 1469 5684; x_wconf 80' lang='lat' dir='ltr'><strong>patris</strong></span> <span class='ocrx_word' id='word_1_749' title='bbox 1505 5613 1594 5668; x_wconf 87' lang='lat' dir='ltr'><strong>sui</strong></span> <span class='ocrx_word' id='word_1_750' title='bbox 1623 5625 1817 5668; x_wconf 87' lang='lat' dir='ltr'><strong>vocem</strong></span> <span class='ocrx_word' id='word_1_751' title='bbox 1839 5610 2112 5666; x_wconf 82' lang='lat' dir='ltr'><strong>exaudire</strong></span> 
     </span>
    </p>
   </div>
   <div class='ocr_carea' id='block_1_101' title="bbox 2215 4773 3737 4856">
    <p class='ocr_par' dir='ltr' id='par_1_101' title="bbox 2215 4773 3737 4856">
     <span class='ocr_line' id='line_1_101' title="bbox 2215 4773 3737 4856; baseline -0.011 -14"><span class='ocrx_word' id='word_1_752' title='bbox 2215 4788 2482 4851; x_wconf 82' lang='grc' dir='ltr'>δυσωδίας</span> <span class='ocrx_word' id='word_1_753' title='bbox 2512 4786 2967 4855; x_wconf 68' lang='grc' dir='ltr'>αίτιονγέγσνεν.</span> <span class='ocrx_word' id='word_1_754' title='bbox 3000 4785 3261 4856; x_wconf 79' lang='grc' dir='ltr'>Φαίνεται</span> <span class='ocrx_word' id='word_1_755' title='bbox 3314 4785 3422 4855; x_wconf 80' lang='grc' dir='ltr'><strong>γὰρ</strong></span> <span class='ocrx_word' id='word_1_756' title='bbox 3471 4782 3569 4852; x_wconf 80' lang='grc' dir='ltr'>πρὸ</span> <span class='ocrx_word' id='word_1_757' title='bbox 3600 4773 3737 4829; x_wconf 79' lang='grc' dir='ltr'>τούτου</span> 
     </span>
    </p>
   </div>
   <div class='ocr_carea' id='block_1_102' title="bbox 2217 4875 3735 4951">
    <p class='ocr_par' dir='ltr' id='par_1_102' title="bbox 2217 4875 3735 4951">
     <span class='ocr_line' id='line_1_102' title="bbox 2217 4875 3735 4951; baseline -0.009 -18"><span class='ocrx_word' id='word_1_758' title='bbox 2217 4880 2388 4951; x_wconf 77' lang='grc' dir='ltr'>μηδὲν</span> <span class='ocrx_word' id='word_1_759' title='bbox 2424 4878 2674 4932; x_wconf 81' lang='grc' dir='ltr'>τοιοῦτον</span> <span class='ocrx_word' id='word_1_760' title='bbox 2725 4878 3101 4948; x_wconf 81' lang='grc' dir='ltr'>γεγενημένον</span> <span class='ocrx_word' id='word_1_761' title='bbox 3124 4892 3138 4907; x_wconf 87' lang='grc'><strong>·</strong></span> <span class='ocrx_word' id='word_1_762' title='bbox 3167 4877 3257 4930; x_wconf 78' lang='grc' dir='ltr'><strong>διὰ</strong></span> <span class='ocrx_word' id='word_1_763' title='bbox 3294 4878 3361 4930; x_wconf 78' lang='grc' dir='ltr'>τὸ</span> <span class='ocrx_word' id='word_1_764' title='bbox 3412 4875 3625 4947; x_wconf 78' lang='grc' dir='ltr'>μάλιστα</span> <span class='ocrx_word' id='word_1_765' title='bbox 3653 4879 3735 4932; x_wconf 61' lang='grc' dir='ltr'><strong>τῳ-</strong></span> 
     </span>
    </p>
   </div>
   <div class='ocr_carea' id='block_1_103' title="bbox 2217 4955 3730 5044">
    <p class='ocr_par' dir='ltr' id='par_1_103' title="bbox 2217 4955 3730 5044">
     <span class='ocr_line' id='line_1_103' title="bbox 2217 4955 3730 5044; baseline -0.002 -18"><span class='ocrx_word' id='word_1_766' title='bbox 2217 4972 2324 5044; x_wconf 81' lang='grc' dir='ltr'>φὴν</span> <span class='ocrx_word' id='word_1_767' title='bbox 2355 4973 2606 5042; x_wconf 84' lang='grc' dir='ltr'>ἀγγέλων</span> <span class='ocrx_word' id='word_1_768' title='bbox 2648 4971 3164 5042; x_wconf 77' lang='grc' dir='ltr'>κεχρηματικέναι·</span> <span class='ocrx_word' id='word_1_769' title='bbox 3200 4969 3276 5034; x_wconf 78' lang='grc' dir='ltr'>ὦς</span> <span class='ocrx_word' id='word_1_770' title='bbox 3324 4986 3486 5040; x_wconf 77' lang='grc' dir='ltr'>φησιν</span> <span class='ocrx_word' id='word_1_771' title='bbox 3513 4968 3540 5019; x_wconf 84' lang='grc' dir='ltr'>ὁ</span> <span class='ocrx_word' id='word_1_772' title='bbox 3569 4955 3730 5044; x_wconf 64' lang='grc' dir='ltr'><strong>Προξήῖ</strong></span> 
     </span>
    </p>
   </div>
   <div class='ocr_carea' id='block_1_104' title="bbox 2215 5041 3734 5134">
    <p class='ocr_par' dir='ltr' id='par_1_104' title="bbox 2215 5041 3734 5134">
     <span class='ocr_line' id='line_1_104' title="bbox 2215 5041 3734 5134; baseline -0.018 -6"><span class='ocrx_word' id='word_1_773' title='bbox 2215 5041 2317 5134; x_wconf 15' lang='grc' dir='ltr'>τηής</span> <span class='ocrx_word' id='word_1_774' title='bbox 2341 5079 2356 5095; x_wconf 83' lang='grc'><em>’</em></span> <span class='ocrx_word' id='word_1_775' title='bbox 2395 5041 2414 5114; x_wconf 61' lang='grc' dir='ltr'><strong>ἔ</strong></span> <span class='ocrx_word' id='word_1_776' title='bbox 2461 5041 2946 5134; x_wconf 65' lang='grc' dir='ltr'>Ἀρτοναγγέλων</span> <span class='ocrx_word' id='word_1_777' title='bbox 2979 5061 3187 5131; x_wconf 76' lang='grc' dir='ltr'>ἔφαγεν</span> <span class='ocrx_word' id='word_1_778' title='bbox 3212 5061 3519 5132; x_wconf 78' lang='grc' dir='ltr'>ἄνθρωπος.</span> <span class='ocrx_word' id='word_1_779' title='bbox 3553 5074 3570 5106; x_wconf 74' lang='grc' dir='ltr'><strong>ι</strong></span> <span class='ocrx_word' id='word_1_780' title='bbox 3605 5041 3734 5105; x_wconf 66' lang='grc' dir='ltr'><strong>Καὶϋῖ</strong></span> 
     </span>
    </p>
   </div>
   <div class='ocr_carea' id='block_1_105' title="bbox 2215 5135 3738 5224">
    <p class='ocr_par' dir='ltr' id='par_1_105' title="bbox 2215 5135 3738 5224">
     <span class='ocr_line' id='line_1_105' title="bbox 2215 5135 3738 5224; baseline -0.005 -17"><span class='ocrx_word' id='word_1_781' title='bbox 2215 5154 2328 5207; x_wconf 73' lang='grc' dir='ltr'>υἱοὶ</span> <span class='ocrx_word' id='word_1_782' title='bbox 2365 5154 2508 5222; x_wconf 78' lang='grc' dir='ltr'><strong>Ἠλὶ,</strong></span> <span class='ocrx_word' id='word_1_783' title='bbox 2553 5155 2730 5222; x_wconf 66' lang='grc' dir='ltr'>Ὀφνὶ,</span> <span class='ocrx_word' id='word_1_784' title='bbox 2757 5154 2964 5219; x_wconf 74' lang='grc' dir='ltr'>Φινεὲς,</span> <span class='ocrx_word' id='word_1_785' title='bbox 2997 5153 3098 5206; x_wconf 80' lang='grc' dir='ltr'>οὐκ</span> <span class='ocrx_word' id='word_1_786' title='bbox 3133 5155 3458 5224; x_wconf 79' lang='grc' dir='ltr'>εἰσήκουσαν</span> <span class='ocrx_word' id='word_1_787' title='bbox 3485 5147 3577 5215; x_wconf 83' lang='grc' dir='ltr'><strong>τῆς</strong></span> <span class='ocrx_word' id='word_1_788' title='bbox 3604 5135 3738 5212; x_wconf 64' lang='grc' dir='ltr'><strong>φωνῆς</strong></span> 
     </span>
    </p>
   </div>
   <div class='ocr_carea' id='block_1_106' title="bbox 2216 5228 3736 5317">
    <p class='ocr_par' dir='ltr' id='par_1_106' title="bbox 2216 5228 3736 5317">
     <span class='ocr_line' id='line_1_106' title="bbox 2216 5228 3736 5317; baseline -0.011 -19"><span class='ocrx_word' id='word_1_789' title='bbox 2216 5245 2312 5299; x_wconf 86' lang='grc' dir='ltr'><strong>τοῦ</strong></span> <span class='ocrx_word' id='word_1_790' title='bbox 2338 5245 2545 5317; x_wconf 82' lang='grc' dir='ltr'>πατρὸς</span> <span class='ocrx_word' id='word_1_791' title='bbox 2577 5245 2761 5300; x_wconf 80' lang='grc' dir='ltr'>αὐτῶν</span> <span class='ocrx_word' id='word_1_792' title='bbox 2785 5261 2800 5276; x_wconf 80' lang='lat'>&#39;</span> <span class='ocrx_word' id='word_1_793' title='bbox 2837 5247 2931 5299; x_wconf 78' lang='grc' dir='ltr'>καὶ</span> <span class='ocrx_word' id='word_1_794' title='bbox 2965 5245 3056 5299; x_wconf 80' lang='grc' dir='ltr'><strong>διὰ</strong></span> <span class='ocrx_word' id='word_1_795' title='bbox 3086 5245 3246 5299; x_wconf 80' lang='grc' dir='ltr'>τοῦτο</span> <span class='ocrx_word' id='word_1_796' title='bbox 3277 5247 3306 5297; x_wconf 85' lang='grc' dir='ltr'>ὁ</span> <span class='ocrx_word' id='word_1_797' title='bbox 3344 5241 3560 5314; x_wconf 76' lang='grc' dir='ltr'>Κύριος,</span> <span class='ocrx_word' id='word_1_798' title='bbox 3589 5228 3736 5317; x_wconf 56' lang='grc' dir='ltr'>αὐτους</span> 
     </span>
    </p>
   </div>
   <div class='ocr_carea' id='block_1_107' title="bbox 2213 5315 3738 5414">
    <p class='ocr_par' dir='ltr' id='par_1_107' title="bbox 2213 5315 3738 5414">
     <span class='ocr_line' id='line_1_107' title="bbox 2213 5315 3738 5414; baseline -0.003 -24"><span class='ocrx_word' id='word_1_799' title='bbox 2213 5339 2336 5410; x_wconf 83' lang='grc' dir='ltr'>μὲν,</span> <span class='ocrx_word' id='word_1_800' title='bbox 2362 5315 2464 5392; x_wconf 52' lang='grc' dir='ltr'><strong>καί</strong></span> <span class='ocrx_word' id='word_1_801' title='bbox 2485 5338 2613 5400; x_wconf 74' lang='grc' dir='ltr'>τοὺς</span> <span class='ocrx_word' id='word_1_802' title='bbox 2645 5337 2796 5401; x_wconf 81' lang='grc' dir='ltr'>υίοὺς</span> <span class='ocrx_word' id='word_1_803' title='bbox 2833 5337 2953 5414; x_wconf 74' lang='grc' dir='ltr'><strong>Ἠλὶ</strong></span> <span class='ocrx_word' id='word_1_804' title='bbox 2987 5339 3046 5389; x_wconf 84' lang='grc' dir='ltr'>ὲν</span> <span class='ocrx_word' id='word_1_805' title='bbox 3077 5337 3322 5406; x_wconf 76' lang='grc' dir='ltr'>ῥομφαίᾳ</span> <span class='ocrx_word' id='word_1_806' title='bbox 3356 5331 3643 5388; x_wconf 82' lang='grc' dir='ltr'>ἀπώλεσεν,</span> <span class='ocrx_word' id='word_1_807' title='bbox 3665 5315 3738 5385; x_wconf 59' lang='grc' dir='ltr'><strong>τὴν</strong></span> 
     </span>
    </p>
   </div>
   <div class='ocr_carea' id='block_1_108' title="bbox 2208 5418 3733 5501">
    <p class='ocr_par' dir='ltr' id='par_1_108' title="bbox 2208 5418 3733 5501">
     <span class='ocr_line' id='line_1_108' title="bbox 2208 5418 3733 5501; baseline -0.014 -16"><span class='ocrx_word' id='word_1_808' title='bbox 2208 5431 2264 5484; x_wconf 79' lang='grc' dir='ltr'>δὲ</span> <span class='ocrx_word' id='word_1_809' title='bbox 2299 5430 2532 5485; x_wconf 72' lang='grc' dir='ltr'>κιϐωτὸν</span> <span class='ocrx_word' id='word_1_810' title='bbox 2579 5431 2661 5494; x_wconf 81' lang='grc' dir='ltr'><strong>εἰς</strong></span> <span class='ocrx_word' id='word_1_811' title='bbox 2707 5432 2902 5501; x_wconf 86' lang='grc' dir='ltr'>χεῖρας</span> <span class='ocrx_word' id='word_1_812' title='bbox 2951 5429 3062 5482; x_wconf 84' lang='grc' dir='ltr'><strong>τῶν</strong></span> <span class='ocrx_word' id='word_1_813' title='bbox 3092 5429 3410 5499; x_wconf 73' lang='grc' dir='ltr'>ἀλλοφύλων</span> <span class='ocrx_word' id='word_1_814' title='bbox 3453 5418 3733 5501; x_wconf 43' lang='grc' dir='ltr'>παρέδωκενι</span> 
     </span>
    </p>
   </div>
   <div class='ocr_carea' id='block_1_109' title="bbox 2212 5498 3734 5591">
    <p class='ocr_par' dir='ltr' id='par_1_109' title="bbox 2212 5498 3734 5591">
     <span class='ocr_line' id='line_1_109' title="bbox 2212 5498 3734 5591; baseline 0.015 -19"><span class='ocrx_word' id='word_1_815' title='bbox 2212 5520 2424 5590; x_wconf 81' lang='grc' dir='ltr'>Ὠσπερ</span> <span class='ocrx_word' id='word_1_816' title='bbox 2477 5520 2572 5574; x_wconf 71' lang='grc' dir='ltr'>καὶ</span> <span class='ocrx_word' id='word_1_817' title='bbox 2621 5498 2872 5591; x_wconf 20' lang='grc' dir='ltr'><strong>ἔφ’ᾑήίλιῖν</strong></span> <span class='ocrx_word' id='word_1_818' title='bbox 2906 5521 3001 5573; x_wconf 83' lang='grc' dir='ltr'>νῦν</span> <span class='ocrx_word' id='word_1_819' title='bbox 3032 5498 3262 5589; x_wconf 80' lang='grc' dir='ltr'>γέγονεν</span> <span class='ocrx_word' id='word_1_820' title='bbox 3282 5535 3295 5550; x_wconf 88' lang='grc'><strong>·</strong></span> <span class='ocrx_word' id='word_1_821' title='bbox 3326 5517 3415 5571; x_wconf 81' lang='grc' dir='ltr'><strong>τδν</strong></span> <span class='ocrx_word' id='word_1_822' title='bbox 3449 5513 3540 5585; x_wconf 57' lang='grc' dir='ltr'><strong>μὲν</strong></span> <span class='ocrx_word' id='word_1_823' title='bbox 3572 5498 3734 5591; x_wconf 48' lang='lat' dir='ltr'><strong>Mm,“</strong></span> 
     </span>
    </p>
   </div>
   <div class='ocr_carea' id='block_1_110' title="bbox 2210 5590 3733 5682">
    <p class='ocr_par' dir='ltr' id='par_1_110' title="bbox 2210 5590 3733 5682">
     <span class='ocr_line' id='line_1_110' title="bbox 2210 5590 3733 5682; baseline -0.01 -18"><span class='ocrx_word' id='word_1_824' title='bbox 2210 5609 2471 5664; x_wconf 75' lang='grc' dir='ltr'>Χαλδαῖοι</span> <span class='ocrx_word' id='word_1_825' title='bbox 2493 5590 2827 5666; x_wconf 83' lang='grc' dir='ltr'>ἀπέκτειναν</span> <span class='ocrx_word' id='word_1_826' title='bbox 2853 5611 2911 5663; x_wconf 79' lang='grc' dir='ltr'>ὲν</span> <span class='ocrx_word' id='word_1_827' title='bbox 2935 5611 3213 5682; x_wconf 60' lang='grc' dir='ltr'>ῥομφαίᾳ,</span> <span class='ocrx_word' id='word_1_828' title='bbox 3233 5612 3290 5664; x_wconf 80' lang='grc' dir='ltr'>ὲν</span> <span class='ocrx_word' id='word_1_829' title='bbox 3320 5607 3462 5681; x_wconf 85' lang='grc' dir='ltr'>μέσῳ</span> <span class='ocrx_word' id='word_1_830' title='bbox 3484 5598 3568 5656; x_wconf 82' lang='grc' dir='ltr'>καὶ</span> <span class='ocrx_word' id='word_1_831' title='bbox 3589 5590 3733 5659; x_wconf 71' lang='grc' dir='ltr'>κύκλῳ</span> 
     </span>
    </p>
   </div>
   <div class='ocr_carea' id='block_1_111' title="bbox 506 5767 2116 5866">
    <p class='ocr_par' dir='ltr' id='par_1_111' title="bbox 506 5777 2116 5866">
     <span class='ocr_line' id='line_1_111' title="bbox 506 5777 2116 5866; baseline 0.001 -18"><span class='ocrx_word' id='word_1_832' title='bbox 599 5795 644 5866; x_wconf 50' lang='grc' dir='ltr'>τι</span> <span class='ocrx_word' id='word_1_833' title='bbox 683 5794 877 5850; x_wconf 89' lang='lat' dir='ltr'><strong>llCor.</strong></span> <span class='ocrx_word' id='word_1_834' title='bbox 910 5797 1026 5858; x_wconf 71' lang='lat' dir='ltr'><strong>vm,</strong></span> <span class='ocrx_word' id='word_1_835' title='bbox 1084 5796 1172 5849; x_wconf 76' lang='lat' dir='ltr'><strong>tt.</strong></span> <span class='ocrx_word' id='word_1_836' title='bbox 1251 5797 1294 5828; x_wconf 74' lang='grc' dir='ltr'><strong>³ο</strong></span> <span class='ocrx_word' id='word_1_837' title='bbox 1333 5794 1656 5866; x_wconf 54' lang='lat' dir='ltr'><strong>uectum,</strong></span> <span class='ocrx_word' id='word_1_838' title='bbox 1712 5795 1768 5849; x_wconf 67' lang='grc' dir='ltr'><strong>ε.</strong></span> <span class='ocrx_word' id='word_1_839' title='bbox 1845 5793 2116 5866; x_wconf 48' lang='lat' dir='ltr'><strong>“ibidya</strong></span> 
     </span>
    </p>
   </div>
   <div class='ocr_carea' id='block_1_112' title="bbox 2218 5767 3716 5866">
    <p class='ocr_par' dir='ltr' id='par_1_112' title="bbox 2224 5767 3716 5866">
     <span class='ocr_line' id='line_1_112' title="bbox 2224 5767 3716 5866; baseline -0.009 -38"><span class='ocrx_word' id='word_1_840' title='bbox 2224 5793 2267 5866; x_wconf 69' lang='grc' dir='ltr'><strong>ιι</strong></span> <span class='ocrx_word' id='word_1_841' title='bbox 2302 5794 2437 5850; x_wconf 86' lang='lat' dir='ltr'><strong>ibid.</strong></span> <span class='ocrx_word' id='word_1_842' title='bbox 2472 5795 2552 5854; x_wconf 55' lang='lat'><strong>&#39;6.</strong></span> <span class='ocrx_word' id='word_1_843' title='bbox 2631 5795 2676 5828; x_wconf 74' lang='grc' dir='ltr'><strong>ιι</strong></span> <span class='ocrx_word' id='word_1_844' title='bbox 2710 5794 2879 5866; x_wconf 43' lang='lat' dir='ltr'><strong>Amos</strong></span> <span class='ocrx_word' id='word_1_845' title='bbox 2907 5791 3153 5866; x_wconf 42' lang='grc' dir='ltr'><strong>η’ῌδθ.</strong></span> <span class='ocrx_word' id='word_1_846' title='bbox 3228 5793 3295 5866; x_wconf 65' lang='lat' dir='ltr'><strong>htt</strong></span> <span class='ocrx_word' id='word_1_847' title='bbox 3321 5787 3477 5847; x_wconf 70' lang='grc' dir='ltr'><strong>ιοοιι,</strong></span> <span class='ocrx_word' id='word_1_848' title='bbox 3520 5795 3584 5837; x_wconf 66' lang='grc' dir='ltr'><strong>γι,</strong></span> <span class='ocrx_word' id='word_1_849' title='bbox 3624 5767 3716 5826; x_wconf 82' lang='lat'><strong>7-8.</strong></span> 
     </span>
    </p>
   </div>
   <div class='ocr_carea' id='block_1_113' title="bbox 523 5859 2116 5940">
    <p class='ocr_par' dir='ltr' id='par_1_113' title="bbox 523 5859 2100 5935">
     <span class='ocr_line' id='line_1_113' title="bbox 523 5859 2100 5935; baseline 0.002 -16"><span class='ocrx_word' id='word_1_850' title='bbox 523 5859 574 5896; x_wconf 73' lang='lat'><strong>“</strong></span> <span class='ocrx_word' id='word_1_851' title='bbox 598 5863 738 5924; x_wconf 80' lang='lat' dir='ltr'><strong>ibid.</strong></span> <span class='ocrx_word' id='word_1_852' title='bbox 775 5868 831 5921; x_wconf 88' lang='lat'><strong>9.</strong></span> <span class='ocrx_word' id='word_1_853' title='bbox 906 5866 954 5898; x_wconf 74' lang='grc'>⁴⁸</span> <span class='ocrx_word' id='word_1_854' title='bbox 982 5866 1174 5921; x_wconf 81' lang='lat' dir='ltr'><strong>Matth.</strong></span> <span class='ocrx_word' id='word_1_855' title='bbox 1205 5882 1354 5935; x_wconf 79' lang='lat' dir='ltr'><strong>mu,</strong></span> <span class='ocrx_word' id='word_1_856' title='bbox 1391 5867 1448 5924; x_wconf 74' lang='grc'>4.</span> <span class='ocrx_word' id='word_1_857' title='bbox 1518 5865 1566 5902; x_wconf 68' lang='grc'><strong>⁸⁸</strong></span> <span class='ocrx_word' id='word_1_858' title='bbox 1594 5859 1732 5925; x_wconf 75' lang='lat' dir='ltr'><strong>Gen.</strong></span> <span class='ocrx_word' id='word_1_859' title='bbox 1759 5880 1845 5934; x_wconf 84' lang='lat' dir='ltr'><strong>nt,</strong></span> <span class='ocrx_word' id='word_1_860' title='bbox 1881 5865 1972 5922; x_wconf 80' lang='lat' dir='ltr'><strong>l9.</strong></span> <span class='ocrx_word' id='word_1_861' title='bbox 2051 5863 2100 5898; x_wconf 72' lang='grc'><strong>’⁵⁷</strong></span> 
     </span>
    </p>
   </div>
   <div class='ocr_carea' id='block_1_114' title="bbox 2218 5859 3071 5940">
    <p class='ocr_par' dir='ltr' id='par_1_114' title="bbox 2218 5864 3071 5940">
     <span class='ocr_line' id='line_1_114' title="bbox 2218 5864 3071 5940; baseline 0.001 -20"><span class='ocrx_word' id='word_1_862' title='bbox 2218 5865 2270 5922; x_wconf 79' lang='grc' dir='ltr'>ιι.</span> <span class='ocrx_word' id='word_1_863' title='bbox 2305 5881 2528 5940; x_wconf 61' lang='grc' dir='ltr'><strong>,ιιιινιι³</strong></span> <span class='ocrx_word' id='word_1_864' title='bbox 2561 5868 2651 5925; x_wconf 79' lang='grc'><strong>10.</strong></span> <span class='ocrx_word' id='word_1_865' title='bbox 2696 5880 2703 5886; x_wconf 89' lang='grc'>·</span> <span class='ocrx_word' id='word_1_866' title='bbox 2731 5866 2779 5900; x_wconf 75' lang='grc'>⁴⁸</span> <span class='ocrx_word' id='word_1_867' title='bbox 2812 5864 2949 5923; x_wconf 83' lang='lat' dir='ltr'><strong>ibid.</strong></span> <span class='ocrx_word' id='word_1_868' title='bbox 2981 5864 3071 5921; x_wconf 76' lang='lat'><strong>25.</strong></span> 
     </span>
    </p>
   </div>
  </div>
