3944 6438
277 366 414 435 ι553

1129 384 1456 444 HOMlLlA
1491 384 1822 448 XXX-VIII.
1843 410 1914 421 ·-·
1951 387 2049 448 DE
2069 389 2071 392 ’
2091 387 2662 451 ΙΝΟΒΕΒῘΕΝΤΙΑ.
2683 437 2689 440 ε

3406 387 3424 448 1

281 487 643 558 Ἰερουσαλήμ
665 504 680 520 ο
717 491 814 542 καὶ
843 491 942 543 οὑκ
971 486 1038 560 ἦν
1071 494 1099 546 6
1133 492 1374 549 θάπτων.
1400 495 1504 549 Τὸν
1529 495 1586 549 δὲ
1618 497 1852 568 σταυρὸν

1965 501 2154 555 noluer
2181 509 2260 565 nt,
2306 503 2414 554 un'a
2463 517 2588 556 cum
2638 499 2767 555 ﬁliis
2832 501 3000 555 lsrael
3069 501 3121 554 in
3206 502 3321 555 acie
3378 503 3546 572 gladii

271 581 329 632 ἐν
380 579 692 650 ’Δσσυρίοις
735 581 1035 652 ἀπῴκισεν.
1079 586 1358 650 Ὡσαύτως
1409 590 1504 643 καὶ
1559 590 1588 642 ὁ
1636 589 1854 654 Σαοὺλ,

273 672 788 744 παραλογισάμενος
816 675 917 745 τὴν
942 677 1160 749 ἐντολὴν
1195 678 1289 732 τοῦ
1315 678 1474 746 Θεοῦ,
1510 679 1852 752 ὲματαιώθη,

271 766 366 818 xa‘.
393 766 489 834 τῆς
528 766 806 836 βασιλείας
855 769 1136 835 ἐξέπεσεν,
1168 771 1261 825 καὶ
1301 772 1574 826 οἴκτιστον
1625 773 1857 827 θάνατον

272 858 617 927 ἁπενέγκατο
636 876 648 889 ’
675 861 771 914 καὶ
795 861 966 916 πολλὰ
998 864 1210 916 πενθῶν
1239 866 1368 935 περὶ
1400 864 1567 918 αὑτοῦ
1591 867 1619 918 ὁ
1641 867 1857 937 προφή-

270 967 371 1022 της
397 953 652 1023 Σαμουὴλ
672 993 687 1015 ,
712 956 807 1007 καὶ
840 955 932 1008 τὸν
957 955 1090 1008 Θεὸν
1123 957 1484 1027 παρακαλῶν,
1507 957 1661 1010 οὐδὲν
1693 959 1857 1012 αὑτὸν

269 1044 504 1117 ὤνησεν,
528 1046 643 1099 ἀλλ’
679 1046 907 1121 ὕστερον
943 1049 1179 1120 ἤκουσεν
1241 1050 1392 1122 παρά
1425 1050 1522 1104 τοῦ
1551 1052 1854 1123 προφήτου·

276 1156 296 1189 ι
335 1139 538 1210 Ἀγαθὴ
578 1140 794 1210 ὑπακοὴ
840 1141 981 1211 ὑπὲρ
1024 1141 1238 1206 Θυσίαν,
1275 1143 1370 1196 καὶ
1397 1143 1662 1212 ἀκρόασις
1719 1144 1859 1217 ὑπὲρ

272 1230 441 1302 στέαρ
468 1230 659 1302 κριῶν.
697 1249 717 1284 ›
755 1232 945 1288 Ταῦτα
982 1235 1081 1303 μὲν
1110 1237 1167 1289 ὲν
1203 1238 1269 1305 τῇ
1305 1235 1427 1303 θείᾳ
1453 1235 1669 1307 Γραφῇ.
1705 1235 1860 1290 Ἐπεὶ

271 1322 369 1374 καὶ
403 1322 634 1392 ἀνήκοος
669 1323 942 1396 μαθητὴς,
976 1327 1168 1397 ὥσπερ
1203 1325 1362 1393 ξύλον
1391 1326 1856 1398 διεστραμμένον,

271 1413 364 1468 καὶ
383 1413 444 1467 οὑ
481 1413 555 1484 μὴ
580 1415 816 1489 ὀρθωθῇ,
836 1416 1192 1488 ἐλεγχόμενος
1213 1418 1474 1489 συνεχῶς.
1503 1419 1611 1472 Kal
1635 1420 1663 1473 6
1681 1417 1858 1490 ἀσύμ-

270 1524 450 1576 φωνος
471 1508 718 1576 ἀδελφὸς,
751 1509 827 1572 ὡς
851 1511 1140 1581 ἀπηχοῦσα
1171 1508 1314 1585 αὖρα
1339 1513 1565 1583 ἀνέμου,
1589 1517 1658 1586 τῇ
1685 1514 1862 1582 ἀσυμ-

270 1598 450 1670 φωνίᾳ
474 1600 709 1670 λυομένη
740 1601 835 1655 τοῦ
867 1604 1056 1658 καινοῦ
1088 1605 1307 1674 μέλους,
1331 1607 1423 1659 καὶ
1453 1604 1642 1676 ὥσπερ
1668 1606 1701 1678 ἡ
1734 1605 1860 1675 σφί-

269 1707 341 1758 κη
397 1691 525 1754 τοὺς
584 1691 783 1756 πόνους
818 1693 929 1748 τῶν
991 1695 1266 1767 μελισσῶν
1312 1697 1517 1766 ἐσθίει,
1549 1698 1726 1763 οὑτως
1764 1699 1860 1754 καὶ

272 1780 518 1852 ῥᾴθυμος
559 1783 817 1852 ἀδελφὸς,
858 1786 1072 1856 ἀχρειοῖ
1106 1789 1353 1853 συνοδίας
1393 1790 1668 1861 ἐναρέτων
1716 1791 1859 1861 πρά-

1959 591 2375 654 conciderunt,
2447 591 2683 646 Domino
2749 591 3016 652 vindice,
3077 591 3170 660 qui
3235 601 3292 646 et
3356 605 3543 646 arcam

1962 681 2017 735 in
2049 697 2245 736 manus
2281 681 2507 736 tradidit
2541 681 3056 754 alienigenarum”.
3077 679 3155 734 Ad
3178 683 3321 737 hanc
3354 699 3546 738 excm—
3615 662 3632 674 f

1959 773 2167 843 plarcm
2203 773 2496 828 formulam
2523 775 2724 829 divina:
2755 774 2984 828 ultionis
3018 789 3166 829 nunc
3203 774 3365 828 nobis
3404 789 3548 844 quo-

1958 880 2066 934 que
2090 865 2342 935 contigit.
2369 865 2750 922 Circumcirca
2795 867 3103 922 Jerusalem
3133 908 3146 931 ,
3180 867 3445 936 pepulum
3489 866 3544 919 in

1959 957 2016 1011 in
2049 974 2147 1013 ore
2171 958 2336 1029 gladii
2362 957 2605 1014 Chaldaei
2633 959 2978 1024 ceciderunt,
3015 974 3121 1014 nec
3153 966 3238 1012 est
3268 958 3361 1028 qui
3389 949 3548 1028 sepe-

1959 1049 2058 1104 liat
2089 1071 2104 1120 ;
2203 1064 2426 1105 crucem
2458 1067 2592 1106 vero
2622 1051 2746 1124 Syri
2777 1052 2930 1106 velut
2961 1052 3016 1106 in
3050 1051 3326 1106 coloniam
3355 1065 3545 1104 secum

1960 1150 2342 1210 exportarunt.
2376 1141 2732 1198 Consimilem
2764 1145 2818 1198 in
2846 1143 3072 1198 modum
3107 1142 3234 1198 Saul
3267 1142 3360 1197 Dei
3395 1157 3551 1195 man-

1961 1232 2150 1288 datum
2226 1234 2514 1290 venatoria
2565 1245 2732 1306 atque
2789 1237 3026 1291 subdola
3084 1235 3547 1305 interpretatione

1959 1325 2214 1391 eludens,
2278 1336 2462 1381 mente
2488 1336 2636 1382 mota
2668 1327 2928 1383 vesanire
2955 1327 3125 1397 coepit
3152 1337 3313 1395 atque
3340 1325 3549 1381 excidit

1960 1432 2154 1486 regno,
2189 1431 2252 1471 ac
2306 1417 2530 1473 demum
2581 1417 2885 1472 miserabili
2933 1417 3180 1471 concidit
3237 1426 3416 1472 morte
3448 1417 3542 1470 3°:

1966 1495 2185 1572 [089
2220 1504 2436 1559 tametsi
2463 1505 2615 1560 hunc
2645 1506 2918 1576 propheta
2947 1505 3169 1560 Samuel
3198 1505 3373 1560 multo
3402 1515 3545 1562 tem-

1959 1608 2096 1663 pore
2131 1595 2366 1668 lugeret,
2400 1613 2614 1668 proque
2669 1598 2847 1654 salute
2882 1599 3002 1668 ejus
3029 1597 3455 1652 venerabundus
3483 1614 3548 1652 ac

1961 1687 2192 1756 supplex
2245 1697 2586 1756 precaretur,
2620 1687 2760 1742 adeo
2818 1687 2956 1742 nihil
3005 1687 3172 1758 juvit,
3203 1695 3265 1740 ut
3307 1685 3550 1741 audierit

1950 1779 2186 1832 tandem
2228 1779 2365 1834 illud
2413 1795 2548 1835 voce
2594 1779 2960 1850 prophetica:
2994 1799 3011 1830 ι
3050 1779 3242 1833 Melior
3281 1788 3368 1834 est
3415 1772 3550 1832 ohe—

269 1873 431 1938 ξεων.
467 1877 578 1928 Καὶ
611 1877 802 1950 ὥσπερ
833 1880 1008 1944 δειλὸς
1029 1881 1371 1954 στρατιώτης
1403 1883 1506 1948 τὰς
1532 1886 1724 1956 χεῖρας
1748 1885 1856 1940 τῶν

1965 1866 2171 1923 dientia
2224 1884 2389 1938 quam
2443 1869 2690 1935 victima,
2721 1879 2778 1924 et
2832 1867 3167 1923 auscultatio
3225 1882 3338 1938 prae
3387 1865 3549 1935 adipe

268 1968 618 2038 πολεμιστῶν
671 1973 856 2027 ἐκλύει
877 2014 890 2038 ,
925 1974 1097 2041 οὑτως
1128 1978 1223 2031 καὶ
1249 1979 1486 2049 μοναχὸς
1512 1979 1726 2051 ἀμελὴς
1759 1981 1857 2052 τὴν

264 2062 380 2116 τῶν
437 2063 683 2133 ἀδελφῶν
732 2066 1048 2138 προθυμίαν
1104 2071 1317 2139 χαυνοῖ.
1369 2070 1708 2142 Φοϐηθῶμεν
1739 2068 1855 2138 οῦν,

265 2154 515 2221 ἀδελφοὶ,
577 2157 646 2211 τὰ
692 2158 931 2213 τοσαῦτα
978 2161 1424 2232 παραδείγματα,
1456 2162 1552 2216 καὶ
1592 2164 1857 2235 φύγωμεν

267 2245 362 2298 τὸν
389 2243 610 2316 δλεθρον
630 2247 739 2316 σῆς
778 2249 1098 2318 παρακοῆς,
1127 2249 1212 2302 ἵνα
1248 2249 1324 2320 μὴ
1366 2252 1464 2304 σὺν
1494 2252 1610 2315 τοῖς
1654 2252 1858 2324 ιιτρολα⁸

269 2335 462 2391 δοῦσιν
490 2339 938 2409 κατακριθῶμεν.
969 2341 1129 2394 Ποῖον
1152 2342 1261 2411 γὰρ
1285 2342 1480 2411 δφελος
1505 2343 1660 2398 ἔσται
1688 2345 1766 2415 τῷ
1798 2347 1860 2405 τὸ

269 2427 432 2498 σῶμα
465 2430 736 2502 παρθένον
769 2433 1094 2502 τηρήσαντι,
1129 2433 1231 2505 τὴν
1278 2436 1335 2489 δὲ
1369 2435 1552 2506 ψυχὴν
1596 2437 1705 2490 ὑπὸ
1757 2438 1859 2510 τῆς

271 2523 560 2592 παρακοῆς
595 2525 1016 2596 μεμοιχευμένῳ
1055 2526 1344 2597 δαίμονος;
1390 2529 1461 2582 Ἦ
1505 2529 1621 2594 πῶς
1655 2547 1856 2599 στεφα-

274 2611 579 2684 νωθήσεται
603 2616 630 2668 6
654 2615 1100 2688 γαστριμαργίας
1135 2616 1234 2686 μὲν
1261 2660 1276 2683 ,
1313 2617 1406 2670 καὶ
1446 2616 1626 2687 πάσης
1662 2619 1857 2672 ὲπιθυ-

273 2703 406 2774 μίας
427 2708 730 2776 κρατήσας,
762 2707 992 2778 οἰήσεως
1026 2708 1083 2761 δὲ
1111 2708 1204 2761 καὶ
1233 2708 1538 2778 φιλοδοξίας
1563 2708 1638 2781 μὴ
1665 2711 1863 2780 ἐπιμε-

267 2795 618 2866 λησάμενοςς
657 2798 821 2867 Λέγει
865 2799 920 2852 δὲ
975 2800 1070 2852 καὶ
1125 2801 1153 2853 6
1202 2802 1651 2872 Παροιμιαστής’
1689 2820 1707 2852 ι
1733 2801 1861 2866 Υἱὸς

269 2887 607 2958 πανοῦργος,
666 2888 908 2955 ὑπήκοος
959 2887 1164 2959 πατρί·
1213 2889 1329 2952 υἱὸς
1379 2889 1436 2942 δὲ
1498 2890 1750 2959 ἀνήκοος,
1799 2893 1857 2943 ὲν

263 2977 523 3048 ἀπωλείᾳ
573 2978 748 3033 ἔσται.
792 2998 810 3030 ι
847 2981 958 3032 Kal
1011 2975 1188 3044 αὖθιςο
1233 2997 1252 3032 ι
1333 2979 1553 3050 Ἐπειδὴ
1603 2981 1857 3050 ἐκάλουν,

266 3071 373 3124 καὶ
394 3072 494 3142 οὑχ
523 3071 898 3142 ὑπηκούσατε,
922 3071 1063 3126 ἀλλά
1095 3071 1334 3143 ἀκύρους
1364 3073 1662 3144 ἐποιήσατε
1691 3073 1862 3143 ὲμοὺς

1963 1959 2201 2013 arietum
2239 1961 2304 2015 "‘.
2346 1979 2363 2012 ι
2397 1960 2523 2016 Haec
2554 1977 2685 2016 sane
2720 1961 2906 2016 divina
2951 1961 3198 2018 continet
3236 1960 3545 2029 Scriptura.

1962 2050 2274 2121 Discipulus
2309 2053 2542 2123 proinde
2591 2054 2731 2109 male
2770 2053 3004 2109 audiens
3044 2053 3194 2107 dicto
3222 2052 3556 2122 superioris.

1962 2143 2194 2213 perinde
2247 2160 2311 2199 ac
2343 2145 2550 2216 lignum
2579 2145 2867 2200 obtortum
2903 2154 2958 2200 et
3001 2144 3227 2214 oblique
3273 2145 3553 2198 interver-

1961 2250 2084 2290 sum
2112 2253 2128 2303 ;
2166 2238 2380 2292 tametsi
2424 2238 2779 2294 continenter
2800 2246 3087 2308 arguatur,
3117 2251 3187 2290 ne
3218 2236 3298 2291 sic
3324 2235 3548 2306 quidem

1961 2344 2204 2398 unquam
2238 2345 2297 2384 se
2334 2330 2399 2385 ad
2429 2331 2823 2387 rectitudinem
2855 2330 3108 2401 recipiet.
3136 2329 3330 2384 Frater
3359 2345 3553 2384 amans

1961 2419 2256 2476 discordia).
2285 2429 2341 2476 et
2375 2423 2508 2487 litis,
2546 2431 2605 2477 ut
2633 2422 2775 2478 lenis
2821 2428 3023 2478 ventus
3059 2422 3156 2476 sed
3187 2420 3460 2476 stridulus
3489 2437 3554 2476 ac

1962 2513 2260 2580 dissonus,
2305 2531 2406 2570 suo
2465 2516 2561 2572 illo
2611 2516 2854 2572 discordi
2920 2515 3163 2571 stridore
3219 2514 3554 2570 concordem

1962 2603 2196 2658 aliorum
2231 2606 2283 2659 in
2321 2621 2614 2662 commune
2655 2607 2813 2662 vitiat
2841 2622 2906 2662 ac
2959 2605 3143 2677 perdit
3186 2614 3551 2670 concentum;

1962 2701 2134 2764 utque
2183 2695 2344 2751 fucus
2376 2697 2596 2752 labores
2635 2698 2702 2752 ad
2755 2697 3087 2753 industriam
3148 2703 3555 2766 argumentosa:

1963 2787 2084 2856 apis
2111 2788 2297 2843 exedit
2351 2805 2414 2844 ac
2467 2789 2809 2860 depascitur,
2847 2791 2919 2845 ita
2951 2800 3006 2845 et
3040 2790 3211 2845 frater
3249 2787 3404 2858 segni
3440 2788 3555 2842 otio

1962 2879 2300 2946 lentescens,
2331 2882 2503 2936 totius
2529 2875 2978 2953 congregationis
3003 2885 3383 2954 Operationem
3411 2884 3554 2940 alio-

1947 2973 2060 3042 ,qui
2094 2972 2370 3028 ellieacem
2407 2972 2604 3028 reddet
2636 2974 2910 3028 inutilem.
2946 2975 3016 3031 Ut
3042 2976 3201 3031 miles
3229 2976 3457 3046 ignavus
3493 2976 3588 3030 ac-

1967 3063 2256 3120 timidulus
2320 3080 2518 3119 manus
2586 3065 3046 3143 commilitonum.
3085 3066 3341 3122 dissolvit
3392 3077 3557 3137 atque

265 3164 485 3232 λόγους,
536 3163 828 3235 τοιγαροῦν
862 3163 1019 3233 κάγὼ
1068 3167 1133 3236 τῇ
1186 3165 1428 3237 ὑμετέρᾳ
1461 3166 1709 3238 ἀπωλείᾳ
1741 3171 1862 3221 ἑπι-

1968 3165 2220 3219 enervat,
2261 3156 2337 3211 ita
2399 3158 2708 3212 monachus
2767 3173 2999 3213 securus
3059 3174 3206 3213 cura:
3269 3158 3449 3213 omnis
3501 3171 3560 3213 et

266 3253 600 3322 γελάσομαι.
626 3255 820 3307 Ἔσται
863 3255 974 3326 γὰρ
1021 3255 1152 3309 ὅταν
1183 3255 1584 3326 ὲπικαλέσησθέ
1617 3273 1687 3324 με
1707 3297 1721 3322 ,
1752 3257 1864 3326 ἐγὼ

266 3347 332 3400 δὲ
356 3347 458 3401 οὑκ
492 3347 888 3415 είσακούσομαι
914 3364 927 3377 ·
962 3345 1259 3418 ζητήσουσι
1303 3349 1411 3419 γάρ
1446 3365 1514 3416 με
1557 3351 1738 3413 κακοὶ,
1772 3351 1866 3404 καὶ

268 3438 374 3507 οὐχ
411 3438 759 3509 εὑρήσουσιν,
795 3437 878 3491 ὄτι
916 3438 1007 3492 τὸν
1044 3438 1208 3509 φόϐον
1241 3440 1450 3510 Κυρίου
1488 3439 1549 3493 οὑ
1581 3441 1865 3510 προείλον-

267 3545 357 3584 το.
389 3529 694 3600 Τοιγαροῦν
749 3530 960 3584 ἔδονται
1013 3530 1108 3583 καὶ
1170 3531 1271 3600 τῆς
1329 3529 1542 3583 ἑαυτῶν
1577 3530 1700 3585 ὁδοῦ
1729 3532 1860 3596 τοὺς

269 3622 544 3694 καρπούς.
586 3641 604 3675 ι
640 3623 750 3677 Kal
789 3623 974 3677 πάλιν·
1016 3643 1036 3676 ι
1074 3622 1166 3694 Μὴ
1211 3623 1492 3696 ἀσεϐήσῃς
1522 3624 1694 3679 πολλά
1718 3665 1732 3691 ,
1769 3627 1865 3678 καὶ

272 3711 357 3784 μὴ
403 3711 552 3782 γίνου
601 3714 859 3785 σκληρὸς,
902 3714 986 3767 ἶνα
1037 3713 1112 3785 μὴ
1167 3713 1448 3786 ἀποθάνῃς
1499 3715 1558 3767 ἑν
1589 3717 1651 3768 οὑ
1684 3715 1864 3788 καιρῷ

273 3819 398 3859 σου.
426 3823 446 3856 ι
481 3805 590 3858 Καὶ
614 3805 798 3859 πάλιν·
827 3823 844 3857 ι
872 3805 933 3859 '0
961 3804 1228 3859 ἐκκλίνων
1251 3805 1312 3858 τὸ
1335 3801 1429 3869 οὖς
1454 3803 1758 3870 αὑτοῦ,τοῦ
1787 3806 1864 3878 μὴ

269 3895 595 3952 εἰσακοῦσαι
637 3897 826 3968 νόμου,
857 3899 952 3952 καὶ
995 3897 1158 3961 αὑτὸς
1214 3897 1315 3966 τὴν
1362 3898 1674 3970 προσευχὴν
1696 3899 1864 3953 αὑτοῦ

268 3988 617 4044 ἑϐδέλυκται.
659 3990 771 4044 Kal
807 3989 988 4054 ἀλλος·
1028 4009 1046 4043 ι
1097 3989 1156 4044 '0
1187 3989 1592 4061 ἀπολιπόμενος
1630 3991 1867 4061 φυλάξαι

265 4081 531 4136 παιδείαν
575 4082 803 4152 πατρὸς,
834 4081 1126 4154 μελετήσει
1180 4081 1371 4151 ῥήσεις
1433 4081 1632 4147 κακάς.
1680 4099 1699 4133 ι
1753 4082 1869 4137 Kal

269 4175 462 4229 πάλινο
495 4192 514 4227 ε
566 4173 626 4228 Ὀ
659 4177 901 4246 σπείρων
950 4174 1166 4244 φαῦλα,
1203 4174 1411 4246 θερίσει
1455 4175 1626 4228 κακά.
1671 4175 1866 4230 Ἀπαι-

267 4265 450 4338 δεύτῳ
469 4266 579 4338 γάρ
603 4268 838 4338 συναντᾷ
873 4265 1123 4331 θάνατος.
1160 4285 1179 4319 ι
1216 4268 1379 4336 Λέγει
1405 4266 1464 4320 δὲ
1498 4267 1593 4320 καὶ
1623 4267 1652 4320 δ
1697 4266 1865 4337 Ἱερε-

276 4357 433 4428 μίας·
471 4375 489 4409 ι
536 4358 948 4429 Ἐπιστράφητε
987 4359 1122 4430 πρός
1154 4375 1244 4430 με,
1278 4359 1432 4428 λέγει
1468 4359 1676 4430 Κύριος
1708 4376 1726 4392 ο
1768 4361 1867 4414 καὶ

273 4448 380 4502 οὑκ
412 4443 482 4520 ἦν
529 4451 558 4504 6
599 4450 922 4505 είσακούων.
965 4470 983 4503 ι
1022 4453 1132 4506 Kal
1163 4453 1190 4505 6
1230 4451 1556 4516 Ἀπόστολος
1586 4469 1600 4482 ο
1637 4473 1656 4505 ι
1697 4453 1758 4507 El
1806 4453 1866 4508 δέ

1970 3251 2138 3316 iners,
2188 3251 2422 3306 fratrum
2471 3253 2812 3308 alacritatem
2855 3252 3087 3308 emollit.
3121 3253 3226 3308 Tot
3275 3269 3340 3309 ac
3391 3257 3594 3310 tantis.

1967 3341 2175 3396 eruditi
2215 3342 2482 3412 exemplis
2512 3343 2829 3408 tirneamus,
2856 3344 3194 3409 charissimi,
3231 3360 3295 3400 ac
3321 3345 3560 3398 vitemus

1970 3433 2135 3489 istius
2190 3434 2586 3490 inobedientize
2640 3436 2966 3506 perniciem,
2996 3453 3066 3492 ne
3126 3453 3252 3492 cum
3303 3439 3424 3494 istis
3460 3441 3555 3507 qui

1966 3532 2182 3579 aetatem
2233 3534 2479 3580 nostram
2533 3535 2982 3591 anteverterunt,
3029 3527 3379 3583 damnentur.
3415 3528 3558 3596 Quid

1969 3617 2119 3671 enim
2166 3617 2233 3671 ad
2288 3624 2340 3672 te
2401 3618 2615 3673 resiliet
2667 3619 3069 3684 emolumenti,
3101 3619 3147 3673 si
3183 3620 3558 3691 virginitatem

1970 3709 2331 3765 indelib’atam
2375 3709 2601 3780 quidem
2651 3711 2990 3765 conservasti
3031 3711 3301 3780 corporis,
3340 3719 3396 3766 at
3433 3713 3557 3769 ani-

1969 3820 2116 3860 mam
2163 3804 2399 3861 daémoni
2439 3821 2539 3876 per
2571 3805 3007 3861 inobedientiam
3045 3803 3419 3876 prostituisti?
3448 3807 3562 3860 Aut

1970 3913 2078 3967 qua
2103 3896 2290 3953 fronte
2321 3912 2510 3968 speres
2543 3907 2595 3952 te
2622 3897 2886 3953 donatum
2925 3898 2993 3952 iri
3023 3912 3248 3960 corona,
3279 3896 3371 3967 qui
3410 3899 3560 3951 ‘ven-

1973 3987 2072 4041 tris
2098 3987 2396 4057 ingluviem
2423 3997 2480 4042 et
2503 3987 2768 4057 reliquam
2801 4003 3022 4044 omnem
3053 3987 3560 4059 concupiscentiam

1973 4080 2360 4150 temperantiae
2394 4078 2551 4134 freno
2585 4080 2980 4149 suppressis‘ti;
3015 4081 3109 4134 uni
3139 4089 3325 4135 autem
3356 4095 3556 4150 super-

1972 4171 2080 4228 biae
2109 4181 2167 4227 et
2218 4170 2510 4226 ambitioni
2569 4186 2638 4226 ex
2687 4171 2876 4226 animo
2912 4167 3294 4227 deturbandus
3350 4172 3560 4228 nullam

1972 4263 2299 4334 impendisti'
2339 4263 2729 4334 diligentiam?
2758 4263 2905 4320 Dicit
2934 4265 3364 4320 Paruemiastes:
3403 4283 3422 4317 ι
3468 4265 3562 4322 Fi-

1971 4358 2082 4414 lius
2105 4359 2280 4415 solérs
2306 4359 2497 4414 obedit
2520 4360 2666 4428 patri
2700 4375 2822 4424 suo,
2841 4357 2988 4414 filius
3015 4367 3200 4414 autem
3231 4358 3562 4415 inobcdiens

1975 4450 2032 4504 in
2085 4449 2398 4520 perditione
2432 4449 2625 4504 erit".
2663 4469 2682 4502 ι
2723 4451 2939 4505 Rursus
2972 4467 2984 4504 :
3027 4470 3046 4501 ι
3086 4449 3224 4517 Quia
3254 4449 3562 4516 vocavi,_et

269 4555 362 4602 τις
388 4540 486 4609 οὑχ
533 4539 800 4594 ὑπακούει
825 4541 1003 4610 ἡμῶν,
1027 4540 1117 4594 διά
1159 4540 1261 4612 τῆς
1313 4540 1607 4610 ἐπιστολῆς
1670 4545 1861 4599 τοῦτον

1968 4557 2079 4596 non
2135 4540 2480 4606 ohedivistis,
2511 4541 2609 4598 sed
2656 4541 2812 4597 irrita
2864 4541 3076 4598 fecistis
3121 4543 3352 4598 consilia
3395 4558 3559 4605 mea,

275 4630 614 4700 σημειοῦσθε
641 4671 656 4695 ,
681 4633 778 4685 καὶ
815 4632 889 4702 μὴ
941 4631 1417 4702 συναναμίγνυσθε
1464 4631 1635 4701 αὑτῷ,
1665 4631 1754 4685 ἵνα
1791 4631 1868 4702 μὴ

270 4724 611 4796 ἑντραπῆτε.
660 4742 677 4775 ι
712 4724 825 4778 Kal
873 4722 1013 4796 πρὸς
1043 4722 1198 4777 Τῖτόν
1241 4741 1409 4796 φησιν
1445 4741 1459 4755 ·
1495 4741 1515 4775 ι
1556 4724 1712 4778 Εἰσὶν
1758 4724 1869 4794 γὰρ

273 4814 468 4869 πολλοὶ
501 4816 894 4883 ἀνυπότακτοι,
945 4817 1319 4888 ματαιολόγοι,
1361 4818 1455 4871 καὶ
1494 4816 1865 4886 φρεναπάται,

269 4906 370 4972 οὓς
399 4909 482 4963 δεῖ
517 4909 918 4979 ἐπιστομίζειν.
962 4929 981 4962 ι
1016 4911 1126 4964 Kal
1163 4911 1300 4981 πρὸς
1341 4909 1630 4982 Ἐϐραίους
1661 4927 1674 4941 ·
1707 4928 1726 4961 ι
1757 4911 1866 4963 Πε-

272 5003 613 5075 ρισσοτέρως
654 5003 712 5056 δὲ
742 5003 826 5057 δεῖ
848 5005 1136 5075 προσέχειν
1175 5005 1324 5075 ἡμᾶς
1374 5005 1448 5076 μή
1493 5021 1626 5058 ποτε
1675 5020 1866 5075 παρα-

274 5093 518 5166 ρυῶμεν,
546 5114 564 5147 ι
600 5096 961 5167 Ἀποστῶμεν
979 5094 1094 5165 οὖν,
1116 5097 1419 5166 ἀγαπητοὶ,
1450 5097 1558 5151 ἀπὸ
1580 5097 1678 5167 τῆς
1697 5096 1863 5150 θανα-

271 5187 516 5258 τηφόρου
566 5187 774 5259 ταύτης
823 5189 1133 5261 παρακοῆς,
1159 5188 1256 5242 καὶ
1290 5189 1525 5260 ὑπήκοοι
1569 5188 1865 5260 γενώμεθα

275 5281 339 5332 ὲν
377 5278 605 5345 ἅπασιν,
629 5281 744 5344 τοῖς
773 5283 1170 5351 πνευματικοῖς
1225 5281 1512 5352 Πατράσιν
1567 5281 1750 5353 ἡμῶν,
1779 5282 1868 5336 ἵνα

275 5370 606 5442 ἀκούσωμεν
655 5373 809 5442 παρά
849 5373 943 5427 τοῦ
990 5374 1222 5444 Κυρίου·
1259 5393 1276 5426 ι
1331 5372 1389 5428 Ὀ
1420 5374 1637 5428 ἀκούων
1670 5374 1864 5443 ὑμῶν,

271 5462 416 5534 ἐμοῦ
470 5463 683 5526 ἀκούει,
719 5464 814 5518 καὶ
841 5465 870 5518 6
895 5463 1190 5536 δεχόμενος
1219 5464 1387 5533 ὑμᾶς,
1421 5463 1522 5533 ἐμὲ
1548 5463 1763 5534 δέχεται
1795 5481 1808 5495 ο
1837 5465 1866 5517 6

271 5554 470 5624 δὶ--ὲμὲ
518 5555 1096 5629 δεχόμενος,ιδέχεται
1135 5556 1228 5609 τὸν
1262 5556 1662 5612 ἀποστείλαντά
1709 5574 1860 5628 με.)

276 5645 439 5710 Αὑτῷ
462 5645 500 5716 ἡ
535 5643 660 5711 δόξα
686 5647 766 5712 είς
799 5648 924 5710 τοὺς
947 5647 1170 5711 αἰῶνας.
1226 5647 1421 5718 Ἀμήν.

354 5758 399 5788 δ’
429 5757 728 5846 [βοαί-ιχ,
764 5759 851 5814 Η.
886 5762 977 5815 ⁵⁸1
1012 5763 1146 5846 Reg.
1182 5777 1442 5846 μίξεων
1524 5763 1564 5792 ⁸¹
1596 5761 1904 5846 Ῐυίῖρᾳζακῖ,
1930 5764 2019 5818 Ξὲ.

277 5840 388 5896 νη,
431 5827 514 5885 {8.
593 5829 638 5861 "
665 5831 826 5885 Prov.
861 5847 1051 5899 nvm,
1095 5827 1146 5888 9.
1229 5834 1270 5864 "‘
1301 5827 1460 5887 Prov.
1497 5849 1583 5889 xv.
1617 5834 1668 5887 5.

1971 4633 2140 4705 igitur
2195 4641 2253 4688 et
2290 4643 2487 4689 vestrae
2540 4633 2840 4704 perditioni
2897 4634 3175 4689 insultabo
3209 4651 3225 4688 :
3263 4634 3373 4688 erit
3410 4637 3564 4688 enim

1969 4723 2191 4795 quando
2219 4724 2550 4780 invocabitis
2574 4741 2682 4790 me,
2718 4741 2820 4796 ego
2851 4734 3048 4781 autem.
3080 4740 3189 4780 non
3224 4725 3560 4780 exaudiam:

1969 4826 2220 4887 quaerent
2277 4805 2369 4873 me
2433 4817 2586 4881 mali,
2619 4832 2722 4873 nec
2768 4817 3075 4880 invenient,
3112 4816 3242 4888 quia
3303 4815 3557 4871 timorem

1968 4907 2186 4963 Domini
2247 4910 2591 4964 noluerunt:
2627 4908 2918 4964 comedent
2971 4908 3140 4979 igitur
3194 4905 3410 4961 fructus
3457 4905 3562 4962 via:

1969 5020 2083 5060 suae
2108 5006 2172 5057 ⁸⁸.
2214 5025 2232 5057 ι
2261 5005 2466 5060 lterum
2498 5022 2514 5059 ;
2553 5023 2571 5055 ι
2605 5005 2685 5059 Ne
2718 5002 2885 5074 impie
2912 5003 3093 5074 egeris
3123 5002 3381 5066 multum,
3409 5009 3560 5056 etne

1971 5097 2048 5151 sis
2071 5097 2245 5152 durus
2274 5114 2287 5150 :
2328 5103 2388 5151 ut
2419 5113 2487 5152 ne
2517 5097 2774 5151 moriaris
2802 5096 2854 5150 in
2897 5104 3146 5168 tempore
3179 5109 3290 5148 non
3325 5103 3420 5148 tuo
3450 5092 3552 5146 ⁵⁵.»

1969 5189 2208 5244 Rursum
2241 5207 2253 5243 :
2287 5210 2304 5240 ι
2343 5188 2448 5256 Qui
2477 5189 2728 5244 declinat.
2768 5203 2960 5243 aurem
3013 5203 3080 5243 ne
3136 5186 3326 5242 audiat
3358 5187 3556 5257 legem,

1970 5282 2086 5351 ipse
2141 5297 2362 5351 quoque
2438 5282 2492 5336 in
2565 5283 2820 5337 oratione
2897 5297 2993 5336 sua
3047 5279 3408 5336 exsecrabilis
3434 5281 3557 5336 ⁸⁵.»

1974 5373 2176 5429 Alius:
2226 5394 2244 5426 ι
2292 5373 2397 5440 Qui
2448 5374 2632 5428 renuit
2664 5373 2946 5429 custodire
2991 5372 3340 5442 disciplinam
3389 5371 3562 5442 patris

1977 5465 2084 5528 sui,
2112 5465 2448 5536 excogitabit
2472 5465 2785 5520 locutiones
2816 5465 2992 5520 malas
3013 5465 3083 5519 ⁸⁸.
3119 5483 3138 5515 ι
3169 5463 3270 5520 Et:
3313 5483 3330 5516 ι
3378 5464 3560 5521 Semi-

1976 5576 2117 5616 nans
2145 5576 2429 5630 perversa,
2460 5569 2630 5615 metet
2657 5562 2798 5616 mala
2830 5580 2842 5614 :
2877 5559 3158 5615 inerudito
3182 5559 3331 5615 enim
3362 5573 3562 5613 occur-

1976 5652 2051 5706 rit
2101 5667 2251 5707 mors
2276 5653 2385 5706 ⁵⁷.»
2441 5653 2756 5708 Jeremias:
2798 5671 2816 5701 ‹
2857 5649 3260 5706 Convertimini
3319 5648 3387 5704 ad
3449 5662 3558 5712 me,

2134 5766 2178 5797 "
2213 5766 2376 5847 Phrov.
2416 5782 2464 5832 Χ,
2508 5767 2550 5820 ι.
2630 5765 2672 5796 ⁸³
2705 5765 2867 5819 Prov.
2906 5777 2942 5829 ι,
2995 5761 3180 5816 ili-31.
3291 5760 3338 5793 ”
3373 5759 3554 5817 Eccla.

1775 5835 1817 5865 ⁸⁷
1847 5835 2011 5890 Prov.
2051 5851 2198 5903 xw,
2236 5837 2286 5889 8.
