3944 6428
548 331 686 396 ί555

1807 348 2170 410 ANTIOCHI
2215 351 2563 413 MONACHI

3625 358 3718 425 1556

533 444 670 538 dicit
737 444 1003 503 Dominus
1037 467 1049 506 :
1078 457 1132 505 et
1158 465 1267 506 non
1295 454 1529 524 eratqui
1568 455 1786 510 audiret
1836 474 1937 513 nos
1967 460 2032 513 "‘.
2073 478 2092 510 ι
2132 461 2474 530 Apostolus:
2514 481 2533 514 ι
2575 452 2778 533 Siquis
2807 480 2918 522 non
2976 466 3164 522 obedit
3226 466 3405 530 nobis,
3461 479 3548 537 per
3574 470 3722 538 episto-

534 537 641 627 lam
675 539 823 598 hunc
850 553 1061 612 notate,
1095 556 1150 600 et
1180 562 1249 602 ne
1278 549 1748 605 commisceamini
1815 551 1913 617 illi,
1971 561 2032 607 ut
2086 554 2461 611 confundatur
2489 559 2555 610 '9.
2627 576 2645 610 ι
2713 559 2848 615 item
2885 559 2956 614 ad
2987 560 3174 615 Titum
3203 579 3216 614 :
3261 582 3282 612 ι
3323 561 3460 615 Sunt
3504 537 3634 615 multi
3666 563 3726 616 in-

536 634 883 701 obcdientes,
949 640 1236 709 loquentes
1291 659 1453 707 vana,
1509 652 1566 698 et
1618 644 1958 712 seductores,
2010 663 2153 716 quos
2190 659 2414 718 oportet
2477 651 2734 723 redargui
2775 653 2840 707 °°.
2875 674 2895 706 ›
2961 654 3045 710 Ad
3101 655 3400 711 Hebraeos:
3439 673 3458 706 ι
3498 655 3730 712 Abundan-

540 728 650 782 lius
675 738 860 784 autem
888 741 1108 802 oportet
1142 737 1428 792 attendere
1490 753 1615 801 nos,
1682 755 1751 794 ne
1814 739 1957 797 forte
1997 744 2488 812 praetereﬂluamus
2526 746 2592 800 ".
2631 765 2650 800 ι
2718 747 2801 802 Ab
2857 749 2962 804 hac
3016 749 3186 821 igitur
3249 749 3603 804 inobedientia
3649 764 3734 819 qua

528 829 976 908 praesentaneam
1030 825 1191 880 allert
1239 835 1474 883 mortem
1511 830 1596 884 sui
1629 831 1916 898 studiosis,
1963 848 2126 902 quam
2166 834 2490 905 longissime
2541 853 2643 893 nos
2713 855 3032 908 avocemus,
3073 843 3410 904 charissimi,
3450 849 3504 894 et
3539 839 3738 908 spiritua-

539 907 673 963 lium
701 912 925 968 Patrum
963 915 1311 973 hortamenta
1381 933 1768 978 consectemur
1810 924 1866 978 in
1929 926 2190 984 omnibus
2229 929 2490 998 morigeri
2529 940 2588 986 et
2627 932 2976 1000 obedientes,
3012 943 3074 989 ut
3109 935 3240 988 illud
3280 949 3310 988 a
3342 933 3564 988 Domino
3596 931 3740 986 audia-

540 1021 666 1061 mus
695 1027 708 1062 :
751 1027 770 1061 ι
815 1011 920 1077 Qui
945 1013 1099 1068 audit
1126 1029 1245 1082 vos,
1282 1027 1340 1073 et
1375 1035 1460 1075 me
1490 1021 1648 1076 audit
1675 1039 1689 1090 ;
1718 1022 1811 1091 qui
1842 1022 2046 1094 accipit
2076 1037 2194 1088 vos,
2231 1025 2439 1095 accipit
2469 1041 2598 1082 eum
2625 1029 2720 1098 qui
2755 1045 2841 1085 me
2871 1031 3026 1086 misit
3049 1031 3116 1084 ⁶².
3157 1049 3175 1083 ι
3202 1029 3313 1100 ipsi
3341 1029 3514 1098 gloria
3535 1028 3586 1082 in
3614 1041 3742 1082 saecu-

543 1100 615 1155 la.
654 1101 849 1158 Amen.

928 1222 1144 1295 1090
1169 1226 1452 1284 llOMlLlA
1506 1231 1746 1288 XXXIX.

1091 1339 1164 1395 De
1233 1343 1546 1400 obedientia.

611 1447 714 1515 Qui
749 1450 969 1507 sincero
1011 1452 1209 1510 all‘cctu
1254 1474 1351 1528 per
1384 1462 1565 1516 omnia
1603 1461 1971 1532 Spiritualium
2022 1463 2122 1516 Pa-

545 1545 689 1595 trum
752 1544 1086 1601 monitiones
1139 1558 1500 1616 sectatur,et
1550 1552 1784 1619 obedit;
1822 1553 1960 1606 nihil
2009 1567 2120 1606 nou

541 1646 734 1686 eorum
789 1649 915 1704 quae
967 1653 1069 1708 per
1117 1654 1174 1695 se
1223 1638 1374 1706 facit,
1419 1642 1485 1697 ad
1519 1643 1614 1698 Dei
1655 1643 1976 1699 transcribit
2001 1645 2120 1713 glo-

545 1723 722 1792 riam;
787 1737 844 1781 et
906 1729 984 1784 illi
1049 1732 1143 1786 uni
1197 1733 1468 1804 quidquid
1523 1734 1686 1790 laude
1738 1717 2122 1806 cumprimis

544 1815 768 1887 dignum
795 1836 988 1892 magna
1029 1824 1197 1879 animi
1235 1827 1586 1882 contentione
1614 1827 1888 1883 conﬁcere
1925 1838 2121 1898 potue-

544 1907 648 1971 rit,
688 1911 857 1964 multa
923 1928 1050 1966 cum
1104 1915 1391 1971 alacritate
1446 1927 1766 1976 consecrat.
1811 1919 1909 1974 Vir
1959 1919 2120 1987 plane

543 1996 829 2066 obediens,
859 2005 1072 2059 tametsi
1103 2006 1156 2060 in
1186 2007 1298 2062 vita
1334 2010 1593 2078 praesenti
1616 2017 1719 2076 est,
1775 2018 2016 2065 attamen
2049 2010 2121 2064 ita

543 2101 908 2146 conversatur
942 2101 1200 2164 tanquam
1235 2114 1268 2152 a
1323 2099 1532 2154 mundo
1563 2101 1804 2156 extorris
1835 2111 1892 2156 et
1941 2101 2120 2156 exoti-

542 2196 682 2236 cus:
717 2186 990 2254 propriam
1020 2187 1169 2242 enim
1215 2190 1554 2248 voluntatem
1591 2191 1961 2247 renuntiando
1995 2208 2122 2248 cum

542 2287 574 2326 a
599 2289 656 2328 se
701 2279 1028 2342 excusserit,
1065 2296 1185 2336 eam
1219 2281 1438 2351 perlicit
1481 2284 1711 2338 liberius
1743 2299 1864 2353 qum
1900 2283 2119 2338 Domini

542 2373 644 2420 est.
676 2365 840 2439 Atqui
872 2370 996 2426 talis
1023 2372 1078 2426 in
1112 2389 1405 2429 numerum
1435 2376 1634 2431 lransit
1663 2375 1868 2432 Christi
1908 2376 2124 2431 confes-

541 2471 730 2512 sorum
755 2476 768 2512 :
797 2473 900 2516 nec
943 2461 996 2517 id
1043 2467 1360 2536 assequitur
1403 2468 1601 2532 solum,
1631 2467 1728 2523 sed
1758 2476 1815 2523 et
1846 2467 1993 2538 quod
2031 2482 2121 2522 re-

541 2548 754 2619 liquum
813 2553 888 2608 illi
950 2563 1035 2612 est
1093 2559 1356 2630 temporis
1423 2560 1511 2615 sui
1558 2559 1831 2616 incolatus
1891 2574 2124 2630 prorsus

541 2642 680 2697 vivit
723 2659 869 2702 curae
902 2649 1084 2703 omnis
1121 2650 1281 2706 liber.
1310 2651 1392 2706 Ad
1426 2653 1562 2718 haec,
1596 2667 1763 2722 opere
1793 2651 1932 2722 ipso,
1959 2652 2124 2706 scdu-

542 2732 660 2787 lum
703 2750 762 2790 se
795 2737 993 2806 probat
1023 2740 1240 2796 Domini
1273 2743 1644 2798 imitatorem:
1677 2744 1795 2814 ipse
1815 2743 1965 2799 enim
1997 2763 2016 2796 ι
2043 2743 2124 2798 fa-

542 2836 669 2880 ctus
725 2837 809 2883 est
875 2831 1142 2889 obediens
1197 2835 1265 2889 ad
1334 2848 1588 2902 mortem,
1631 2847 1863 2891 mortem
1937 2843 2122 2890 autem

543 2920 726 2975 erucis
751 2923 814 2974 “.
856 2940 875 2973 ι
909 2923 1050 2978 Sane
1085 2925 1402 2981 obcdientia
1433 2935 1517 2982 est
1541 2966 1554 2990 ,
1589 2943 1694 2996 qua
1738 2927 1866 2996 quis
1895 2941 2124 2996 persua-

543 3011 710 3067 detur
765 3023 821 3069 et
873 3015 1064 3070 obedit
1108 3017 1249 3072 citra
1283 3019 1451 3072 ullam
1480 3019 1956 3089 dijudicationem,
1983 3018 2123 3074 adeo

533 3091 780 3176 utquod
836 3109 1138 3178 superioris
1189 3111 1424 3180 imperio
1467 3111 1791 3181 imponitur,
1843 3111 2124 3181 jucundus

544 3197 670 3266 quis
698 3207 754 3252 et
778 3199 981 3265 alacer,
1015 3217 1126 3256 non
1157 3204 1287 3258 item
1313 3203 1687 3266 turbulentus,
1713 3203 1946 3272 expleat.
1975 3201 2123 3257 Obe-

544 3287 755 3344 dientia
814 3293 1154 3347 renuntiatio
1204 3295 1443 3364 preprire
1487 3304 1572 3350 est
1613 3294 1938 3358 voluntatis,
1972 3293 2123 3347 nulla

545 3396 654 3435 non
706 3383 792 3437 sui
831 3393 987 3454 parte
1032 3385 1297 3456 perfecta,
1333 3403 1456 3456 qua:
1487 3388 1605 3442 solo
1633 3387 2003 3442 moderatoris
2037 3385 2122 3440 sui

541 3483 755 3529 annqu
805 3477 873 3531 ad
931 3478 1154 3549 quidvis
1207 3480 1550 3549 operandum
1609 3479 1748 3534 nihil
1806 3479 2124 3534 turbulente

545 3576 821 3622 movetur.
853 3568 934 3622 Ad
983 3569 1251 3640 explenda
1297 3587 1465 3640 Opere
1520 3571 1802 3639 mandata,
1851 3569 2120 3630 obedieno

545 3660 621 3713 tia
679 3660 921 3730 primum
999 3662 1232 3718 sortitur
1286 3663 1488 3718 locum.
1545 3665 1696 3724 Inter
1739 3684 1834 3724 eas
1889 3667 2126 3722 virtutes

543 3764 666 3819 quae
722 3749 1004 3806 hominem
1054 3753 1206 3813 velut
1272 3770 1439 3814 manu
1495 3760 1707 3817 ducunt
1733 3769 1789 3816 et
1823 3761 2126 3818 instituunt

2815 1239 3036 1314 nores
3094 1238 3218 1294 Aen

2780 1351 2925 1422 Περὶ
2952 1349 3250 1420 ὑπακοῆς.

2313 1463 2371 1516 Ὀ
2401 1462 2711 1534 εἰλικρινῶς
2738 1463 2796 1516 ὲν
2829 1463 2996 1516 πᾶσιν
3027 1457 3327 1514 ὑπακούων
3357 1458 3472 1520 τοῖς
3509 1473 3752 1526 πνευματι-

2229 1555 2345 1618 κοῖς
2377 1555 2649 1626 πατράσιν
2678 1552 2867 1618 αύτοῦ,
2894 1552 2963 1605 τὰ
2985 1552 3126 1605 κατά
3139 1550 3271 1603 Θεὸν
3300 1548 3378 1617 τῷ
3412 1547 3530 1618 Θεῷ
3552 1547 3752 1616 ἀνατίθη·

2233 1664 2338 1701 σιν.
2358 1647 2416 1700 Ὀ
2449 1645 2694 1716 ὑπήκοος
2715 1643 2855 1716 ἀνὴρ
2885 1643 2988 1698 κᾶν
3011 1644 3068 1696 ὲν
3089 1642 3232 1713 τῷδε
3252 1641 3334 1711 τῷ
3365 1640 3467 1710 βίῳ
3490 1639 3658 1711 διάγῃ,
3673 1637 3754 1690 ἀλλ’

2227 1740 2302 1803 ὡς
2332 1738 2436 1803 ἔξω
2473 1737 2568 1791 τοῦ
2600 1738 2810 1806 κόσμου
2841 1736 3034 1792 τούτου
3070 1734 3445 1804 πομπεύεται.
3470 1729 3540 1782 Τὸ
3567 1729 3662 1798 γάρ
3685 1728 3755 1780 αύ-

2228 1832 2323 1886 τοῦ
2373 1831 2587 1903 θέλημα
2640 1829 3043 1903 ἀρνησάμενος,
3072 1827 3134 1880 τὸ
3186 1825 3284 1879 τοῦ
3331 1823 3538 1894 Κυρίου
3575 1819 3753 1874 ὲκτελεῖ.

2232 1925 2340 1978 Καὶ
2367 1925 2396 1977 ὁ
2424 1923 2667 1986 τοιοῦτος
2715 1925 2828 1985 τοῖς
2867 1919 3232 1992 ὁμολογηταῖς
3284 1915 3693 1985 συναριθμεῖταιο
3714 1910 3755 1963 οὐ

2233 2017 2392 2088 μόνον
2421 2015 2479 2069 δὲ
2509 2014 2688 2078 τοῦτο,
2713 2014 2850 2068 άλλά
2877 2015 2970 2068 καὶ
2994 2012 3320 2083 ἀμερίμνως
3346 2008 3455 2079 βιοῖ
3480 2007 3674 2060 ἅπαντα
3695 2003 3757 2055 τὸν

2228 2107 2329 2176 τῆς
2364 2106 2655 2176 παροικίας
2688 2104 2852 2157 αὐτοῦ
2899 2106 3115 2174 χρόνον.
3153 2103 3302 2173 Πρὸς
3337 2098 3545 2160 τούτοις
3574 2095 3658 2150 καὶ
3699 2110 3758 2164 μι-

2234 2199 2411 2269 μητὴς
2442 2197 2535 2251 τοῦ
2571 2197 2779 2267 Κυρίου
2829 2195 3239 2258 ἀναδείκνυται,
3306 2193 3392 2245 ὅτι
3429 2210 3448 2242 ι
3493 2187 3757 2266 Αύτὸςὺπ-

2231 2289 2391 2357 ήκοος
2419 2288 2636 2354 ἐγένετο
2659 2287 2825 2358 μέχρι
2858 2284 3114 2347 Θανάτου,
3149 2281 3392 2336 Θανάτου
3411 2281 3465 2333 δὲ
3493 2277 3716 2348 σταυροῦ.
3741 2294 3754 2326 ι

2243 2378 2489 2450 ’Υπακοὴ
2544 2378 2638 2432 οὖν
2699 2381 2849 2431 ἐστιν
2900 2377 3220 2446 ἀδιάκριτος
3265 2370 3476 2426 πειθώ·
3507 2371 3588 2423 ἵνα
3631 2384 3700 2428 τις
3719 2365 3760 2416 τὸ

2229 2469 2572 2539 προσταχθὲν
2618 2468 2840 2531 ἀλύπως
2881 2467 3193 2538 ἐπιτελέσῃ.
3239 2462 3489 2533 Ύπακοή
3523 2461 3629 2512 ἐστι
3658 2475 3758 2509 πειν-

2223 2559 2384 2632 τελὴς
2434 2558 2685 2632 ύποταγὴ
2730 2557 2824 2612 τοῦ
2873 2558 3010 2612 ἰδίου
3065 2558 3378 2628 Θελήματος
3431 2549 3755 2620 ἐστερημένη,

2224 2655 2319 2708 καὶ
2351 2653 2496 2724 μόνῳ
2537 2653 2614 2723 τῷ
2640 2652 2736 2705 τοῦ
2771 2652 3193 2714 ἐπιστατοῦντος
3227 2649 3470 2718 νεύματι
3519 2640 3757 2712 ἀταράχως

2225 2749 2364 2820 πρὸς
2390 2749 2590 2820 πρᾶξιν
2617 2747 2915 2818 κινουμένη
2953 2747 3012 2799 ὲν
3046 2745 3250 2806 πάσαις
3296 2741 3559 2802 ἐντολαῖς.
3600 2737 3655 2789 'H
3681 2735 3754 2786 ὑπ-

2226 2842 2365 2912 ακοὴ
2403 2842 2615 2912 πρῶτον
2645 2841 2702 2895 ὲν
2733 2838 2937 2902 πάσαις
2984 2840 3105 2900 ταῖς
3154 2833 3552 2902 είσαγωγ-ικαῖς
3584 2825 3755 2898 ἀρεταῖς

2225 2936 2492 3004 ἔγνωσται
2518 2935 2786 3005 ὑπάρχειν
2811 2931 2993 2992 καλόν·
3021 2929 3116 2984 καὶ
3149 2929 3250 2998 τὴν
3279 2927 3384 2996 μὲν
3410 2926 3582 2995 οἴησιν
3599 2917 3752 2976 ἀθετεῖ,

2223 3027 2324 3097 τὴν
2363 3027 2418 3080 δὲ
2443 3025 2946 3095 ταπεινοφροσύνην
2986 3021 3180 3075 τίκτει.
3228 3018 3403 3090 Ἀρχὴ
3453 3016 3557 3084 γὰρ
3598 3012 3757 3106 γίνεται

2227 3118 2326 3186 τῆς
2380 3117 2461 3180 είς
2498 3115 2734 3186 Χριστὸν
2767 3114 3012 3183 ἀγάπης.
3043 3111 3207 3162 Ὅθεν
3241 3109 3344 3161 καὶ
3391 3109 3420 3160 ό
3465 3102 3674 3174 Χριστος
3704 3102 3755 3163 τῷ

2226 3211 2325 3278 τῆς
2369 3206 2685 3278 οίκονομίας
2724 3206 2869 3276 λόγῳ
2923 3205 3055 3275 ἄχρι
3104 3201 3348 3272 σταυροῦ
3414 3200 3510 3252 καὶ
3554 3194 3754 3249 Θανάτουι

2228 3301 2509 3372 ὑπήκουσε
2559 3298 2639 3370 τῷ
2693 3296 2888 3355 ἑαυτοῦ
2941 3295 3139 3365 “arpi,
3174 3295 3264 3348 ἵνα
3322 3291 3453 3354 τοὺς
3485 3292 3540 3344 ὲν
3590 3282 3753 3372 ὑπακοῇ

2228 3369 2522 3465 ζήσαντας,
2552 3369 2635 3456 είς
2697 3387 2918 3445 αἰώνιον
2958 3387 3104 3458 ζωὴν
3153 3386 3443 3457 ἐπαγάγῃ.
3480 3381 3571 3444 Τίς
3601 3371 3677 3431 οὖν
3705 3369 3755 3442 μὴ

2228 3481 2512 3557 μακαρίσῃ
2559 3482 2650 3536 τὸν
2683 3480 2926 3534 τοιοῦτον
2957 3497 2971 3544 ;
3007 3479 3226 3533 Μᾶλλον
3257 3478 3320 3532 δὲ
3352 3478 3437 3539 τίς
3479 3473 3551 3544 μὴ
3588 3467 3755 3538 ζηλώσῃ

2224 3579 2323 3648 τὴν
2360 3576 2615 3646 τοιαύτην
2668 3574 2982 3640 πολιτείαν;
3009 3572 3081 3625 Τὸ
3114 3572 3222 3640 γὰρ
3285 3568 3519 3637 ἐκκόψαι
3559 3565 3614 3616 τδ
3652 3560 3755 3648 tam"

2227 3647 2438 3736 θέλημα
2483 3661 2889 3734 αἱματεκχυσία
2911 3661 3050 3724 ἐστὶ,
3083 3661 3179 3712 καὶ
3213 3660 3296 3721 είς
3320 3657 3511 3711 ουσίαν
3536 3647 3753 3719 λογίζεται

2226 3756 2304 3828 τῷ
2325 3752 2596 3826 ἀνθρώπῳ
2624 3770 2638 3784 ο
2675 3753 2767 3806 καὶ
2796 3751 3063 3822 φρονίμου
3094 3751 3188 3802 καὶ
3213 3748 3428 3801 τελείου
3461 3742 3637 3814 ἀνδρός
3672 3741 3752 3789 ἐστι

543 3841 612 3896 ad
666 3842 948 3915 pietatem,
999 3849 1260 3920 quiddam
1311 3853 1590 3925 egregium
1641 3853 1696 3908 in
1737 3869 1796 3908 se
1832 3855 2124 3925 complecti

2230 3852 2290 3906 τὺ
2312 3849 2664 3921 κατόρθωμα.
2700 3849 2821 3902 ’Καὶ
2853 3847 3035 3915 σαφῶς
3064 3844 3312 3898 διδάσκει
3345 3843 3490 3913 ἡμᾶς
3519 3842 3546 3892 ὁ
3578 3832 3751 3925 Ἡσαΐας

542 3940 879 4009 perspicitur
914 3939 1422 4001 obedientia."Hzec
1453 3945 1680 4000 stultam
1711 3947 1864 4000 illam
1899 3947 1984 4001 sui
2013 3946 2130 4002 exi-

545 4029 919 4101 stimationem
980 4035 1096 4090 sive
1160 4036 1532 4106 arrogantiam
1601 4038 2126 4108 aspernaturzjure

543 4122 793 4190 quidem,
825 4140 1027 4195 parens
1057 4125 1342 4181 modestim
1375 4141 1502 4183 cum
1534 4127 1604 4182 sit
1633 4137 1798 4197 atque
1843 4128 2129 4182 humilita-

546 4213 616 4269 tis
648 4232 662 4268 :
697 4216 1034 4287 principium
1065 4219 1214 4275 enim
1239 4217 1442 4275 divinae
1475 4228 1560 4275 est
1593 4220 1945 4278 dilectionis:
1980 4219 2129 4274 unde

530 4299 600 4359 ὀι
635 4306 903 4362 Dominus
942 4309 1098 4378 juxta
1152 4310 1422 4364 rationem
1468 4310 1901 4382 dispensationis
1953 4325 2127 4381 usque

531 4395 612 4452 ad
649 4413 870 4454 crucem
903 4409 960 4454 et
999 4407 1234 4456 mortem
1264 4401 1412 4473 Patri
1448 4417 1549 4457 suo
1591 4403 1858 4470 obedivit,
1895 4403 1950 4457 in
2000 4404 2125 4467 hoc,

551 4498 610 4546 ut
638 4504 735 4544 eos
762 4506 903 4560 quos
934 4492 1242 4562 compcrict
1265 4492 1320 4546 in
1351 4493 1456 4548 hac
1483 4493 1592 4548 vita
1627 4493 1958 4549 inoll‘ensum
1994 4493 2131 4549 obe-

546 4581 767 4637 dientiae
799 4573 1042 4639 tenuisse
1082 4584 1300 4649 callem,
1337 4585 1406 4639 ad
1441 4594 1703 4641 :eternam
1734 4587 1881 4640 illam
1905 4575 2134 4642 revehat

547 4675 738 4728 vitam.
775 4674 911 4742 Quis
941 4691 1053 4731 non
1091 4676 1256 4732 talem
1291 4676 1600 4732 demiretur
1641 4693 1705 4732 ac
1737 4678 1960 4733 beatum
1993 4694 2121 4749 prte-

546 4765 737 4820 dicet?
763 4767 907 4834 Quin
939 4767 1129 4837 potius
1148 4768 1286 4839 quin
1311 4783 1423 4823 non
1461 4769 1607 4823 banc
1636 4768 1985 4822 admirabilis
2007 4767 2134 4824 vita:

547 4855 820 4912 rationem
859 4857 1084 4913 studeat
1125 4858 1375 4914 simulari
1399 4859 1423 4911 ἲ
1451 4859 1804 4934 Yoluntatem
1850 4859 2134 4929 propriam

546 4963 578 5003 a
608 4957 660 5009 te
689 4951 1039 5015 exscindere,
1079 4949 1312 5021 perinde
1363 4959 1448 5006 est
1479 4966 1545 5005 ac
1587 4950 1632 5005 si
1663 4951 1954 5021 proprium
2004 4951 2134 5005 fun-

546 5042 646 5097 das
676 5042 1006 5112 sanguinem
1042 5060 1055 5096 :
1090 5042 1184 5097 sed
1219 5053 1276 5098 et
1304 5043 1422 5097 haec
1452 5042 1664 5097 homini
1702 5043 2011 5111 imputatur
2033 5057 2135 5112 pro

2229 3945 2422 4012 λέγων·
2470 3940 2596 3996 Ἐάν
2661 3942 2737 4010 μὴ
2784 3939 3016 4010 ποιήσῃς
3061 3937 3124 3992 τὸ
3170 3936 3389 4006 θέλημα
3433 3934 3494 3986 τὸ
3539 3931 3619 3983 σὺν
3643 3922 3749 4027 ἐν.τῇ

2230 4035 2417 4111 ἡμέρᾳ
2447 4035 2512 4104 τῇ
2571 4031 2729 4102 ἁγίᾳ,
2759 4030 2857 4084 καὶ
2900 4029 3002 4083 οὐκ
3063 4029 3206 4100 ἄρῃς
3251 4027 3346 4080 τὸν
3401 4025 3531 4078 πόδα
3590 4029 3738 4071 uouet:

2230 4127 2410 4200 ἔργον,
2439 4123 2559 4177 οὐδὲ
2587 4122 2827 4194 λαλήσῃς
2854 4119 3012 4188 λόγον
3043 4119 3101 4172 ὲν
3133 4118 3298 4208 ὀργῇ,
3335 4113 3558 4208 καλ-ἔσῃ
3603 4119 3747 4208 ait?”

2232 4218 2340 4282 Θὼς
2383 4217 2476 4270 ἐπὶ
2512 4213 2740 4286 Κύριον,
2775 4212 2870 4265 καὶ
2916 4211 3155 4281 ψωμιεῖς
3183 4207 3254 4261 τὰ
3281 4205 3465 4276 ἀγαθά
3490 4202 3579 4272 τῆς
3606 4202 3700 4267 γῆς.

2230 4310 2399 4380 Φησὶν
2449 4307 2508 4362 δὲ
2562 4281 2798 4374 ὁνσοφὸς
2845 4302 3124 4372 Σολομώνο
3154 4318 3172 4351 ι
3214 4299 3343 4362 Υἱὸς
3403 4281 3745 4394 ἐγενόμην’καὶ

2231 4402 2400 4472 πατρὶ
2426 4399 2687 4469 ὑπήκοος,
2720 4395 2816 4450 καὶ
2853 4397 2912 4448 ὲν
2938 4391 3215 4465 προσώπῳ
3251 4389 3482 4477 μητρὸς
3509 4388 3743 4477 ἀγαπωμες

2233 4493 2588 4558 νος-οἵτινες
2640 4490 2922 4564 ἐδίδασκον
2976 4502 3044 4556 με
3106 4485 3393 4553 λέγοντες-
3465 4473 3742 4564 Ἐρείὸοιτορ

2232 4585 2390 4652 λόγος
2445 4581 2604 4653 ἡμῶν
2648 4581 2707 4632 ὲν
2736 4581 2804 4649 τῇ
2841 4559 3044 4646 καρδίᾳ
3085 4591 3210 4668 ιι-ουἶ
3246 4592 3265 4624 ι
3303 4570 3412 4668 Καὶ
3447 4559 3741 4668 ςιιλλο-ςίι

2233 4647 2502 4742 φυλάσσει
2560 4647 2804 4739 ἐντολὴν,
2829 4669 2988 4738 τηρεῖ
3045 4665 3146 4734 τὴν
3192 4660 3390 4715 ἑαυτοῦ
3440 4657 3636 4726 ψυχήν

2233 4763 2595 4835 καταφρονῶν
2645 4759 2756 4813 τῶν
2801 4755 2995 4810 ἑαυτοῦ
3054 4753 3214 4820 ὁδῶν,
3242 4737 3737 4842 ἀποθανεῖται.».ίιξι

2234 4856 2416 4910 πάλιν·
2449 4874 2467 4906 ι
2505 4850 2795 4922 Μακάριος
2827 4849 2886 4912 ὃς
2915 4847 3302 4916 καταπατήσει
3342 4843 3512 4896 πάντα,
3544 4836 3605 4891 δι’
3627 4836 3735 4884 εὐλα-

2235 4951 2407 5003 ϐειαν.
2456 4946 2517 4999 '0
2547 4944 2657 5016 γὰρ
2699 4941 2991 5013 φυλάσσων
3021 4935 3266 5008 ἐντολὴν,
3311 4935 3372 4988 ού
3405 4929 3649 5016 γνώσεται
3678 4932 3733 4969 πθ

2235 5039 2397 5110 νηρά.
2429 5057 2446 5089 ι
2467 5037 2525 5089 '0
2556 5014 2612 5088 δὲ
2632 5014 2848 5106 Πέτρος
2878 5028 3189 5086 ἐπιστέλλει
3217 5027 3410 5095 λέγων’
3433 5041 3450 5073 ι
3477 5014 3740 5110 ’Υποτέῖςητξ

546 5134 793 5188 victima.
825 5134 1058 5189 Functio
1111 5135 1249 5199 hmo,
1287 5135 1395 5190 hoc
1423 5149 1650 5200 munus,
1691 5134 1796 5189 viri
1846 5134 2008 5204 plane
2051 5143 2125 5189 est

2237 5101 2329 5185 ούν
2368 5131 2520 5200 πάσῃ
2550 5101 2871 5197 ἀνθρωπίνῃ
2909 5121 3085 5176 κτίσει
3120 5120 3211 5173 διὰ
3245 5118 3337 5171 τὸν
3369 5113 3575 5204 Κύριον.
3604 5101 3736 5204 {Kal-5"

548 5230 605 5275 et
641 5223 936 5292 prudentis
959 5233 1016 5279 et
1045 5225 1319 5294 perfecti:
1355 5225 1412 5280 ιιι
1447 5225 1598 5296 quod
1625 5225 1932 5280 clarissime
1967 5225 2125 5281 docet

2239 5223 2450 5275 οἰκέται
2493 5216 2930 5284 ὑποτασσόμενοι
2992 5215 3050 5265 ὲν
3097 5209 3264 5263 παντλ⁵
3291 5209 3437 5275 τόπῳ
3476 5202 3577 5260 τοῖς
3601 5184 3737 5296 δεξπδ’

550 5327 655 5367 nos
713 5314 882 5371 lsaias
940 5315 1132 5371 dicens
1172 5335 1184 5370 :
1232 5335 1250 5367 ι
1290 5317 1347 5371 Si
1392 5334 1502 5372 non
1536 5318 1740 5372 feceris
1787 5317 2134 5373 voluntatem

553 5413 703 5456 tuam
749 5403 803 5456 in
844 5403 933 5459 die
979 5415 1188 5470 sancto,
1225 5415 1279 5460 et
1306 5423 1413 5460 non
1448 5407 1712 5462 extuleris
1739 5407 1936 5477 pedem
1979 5415 2133 5461 tuum

2237 5332 2379 5377 ταις,
2409 5311 2469 5364 οὐ
2509 5310 2670 5380 μόνον
2715 5309 2828 5370 τοῖς
2879 5303 3128 5373 ἀγαθοῖς.
3169 5303 3266 5356 καὶ
3311 5301 3419 5361 τοῖς
3477 5282 3734 5380 mea???

2237 5407 2376 5460 ἀλλὰ
2407 5405 2502 5458 καὶ
2530 5404 2642 5463 τοῖς
2697 5397 2954 5459 σκολιοῖς.
2999 5416 3018 5447 ι
3067 5393 3343 5455 Ὡσαύτως
3385 5389 3472 5443 καὶ
3508 5386 3532 5436 ὁ
3576 5366 3733 5463 Παυλῆς

852 5455 929 5459 η--
979 5455 1188 5470 ____---,
1229 5455 1276 5460 -_
1453 5455 1711 5462 -___--___
1739 5455 1936 5477 την--
1981 5455 2125 5461 -w--.

553 5496 620 5551 ad
667 5512 826 5568 Opus,
866 5514 1045 5569 neque
1099 5501 1318 5560 locutus
1344 5501 1515 5556 fueris
1555 5501 1783 5556 verbum
1811 5501 1867 5556 in
1894 5502 1995 5567 ira,
2027 5501 2125 5555 eris

2239 5513 2427 5570 φησιν’
2467 5516 2486 5548 ι
2532 5494 2613 5547 Τὰ
2651 5493 2814 5546 τέκνα
2857 5488 3168 5544 ὑπακούετε
3207 5489 3319 5549 τοῖς
3347 5478 3541 5552 γονεῦσι
3570 5489 3581 5503 ’
3607 5486 3623 5519 ί
3651 5455 3718 5515 καί

556 5760 622 5814 tt,
654 5747 708 5801 8.

624 5674 894 5749 "fierem.
929 5693 1009 5748 ιιι,
1039 5679 1129 5733 22.
1207 5681 1251 5712 ”
1281 5681 1322 5736 ll
1385 5681 1580 5737 Thess.
1641 5697 1721 5749 ιιι,
1759 5682 1839 5737 ιι.
1920 5677 2125 5736 ⁶⁰⁴ι“ἰι.ι

2233 5677 2355 5745 ,Η.
2433 5677 2473 5707 ⁶¹
2504 5672 2670 5731 llcbr.
2721 5687 2778 5737 ιι,
2825 5671 2876 5724 l.

2990 5670 3034 5721 εξ
3056 5667 3192 5723 Luc.
3226 5683 3287 5734 x,
3323 5664 3402 5719 16.
3472 5660 3512 5695 ⁸³
3544 5644 3727 5712 Philipp-
