3944 6464
200 400 347 473 1557

1252 419 1583 480 HOMILIA
1626 421 1746 482 XL.
1788 445 1869 459 -ι
1895 421 1995 482 DE
2033 422 2451 486 CALUMNIA.

3330 423 3473 490 1558

205 541 226 575 ι
266 522 330 577 ιιι
381 522 582 583 δοῦλοι.
640 523 946 580 ὑπακούετε
978 526 1093 589 τοῖς
1141 527 1285 582 κατὰ
1341 529 1522 600 σάρκα
1566 529 1777 601 κυρίοις

1900 529 2138 585 iduciam
2166 530 2378 586 habens
2401 533 2456 586 in
2483 532 2734 600 Domino,
2770 541 2827 589 et
2859 532 3067 590 cibabit
3094 541 3146 589 te
3173 532 3337 590 bonis
3366 544 3475 589 ter-

198 612 382 684 ὗμῶν,
409 615 483 685 μὴ
513 616 1162 689 κατ’ὀφθαλμοδουλείας,
1191 619 1267 684 ὡς
1292 620 1775 692 ἀνθρωπάρεσκοι,

196 705 318 761 ἀλλ’
344 708 402 759 ἐν
421 706 572 777 φόϐῳ
596 707 755 763 Θεοῦ.
775 727 794 760 ι
819 711 928 763 Kal.
944 711 1202 783 ἀλλαχοῦ·
1228 730 1246 763 ι
1268 711 1367 766 Διὰ
1382 713 1542 767 τοῦτο
1560 711 1780 783 ἔγραψα.

198 798 335 869 ὑμῖν
367 798 455 852 ἵνα
492 799 607 868 γνῶ
636 800 737 872 τὴν
769 801 1002 874 δοκιμὴν
1040 803 1216 873 ὑμῶν,
1252 806 1300 858 εἰ
1339 806 1421 866 εις
1453 806 1634 859 πάντα
1672 805 1779 858 ὐπ-

199 892 362 963 ήκοοί
392 895 541 950 ὲστε.
564 911 584 945 ι
629 892 651 966 l
681 895 812 949 Kai'
843 915 862 948 ι
889 895 959 950 Εί
997 915 1084 961 τις
1112 897 1211 968 οὐχ
1269 896 1536 952 ὑπακούει
1601 896 1778 967 ὑμῶν,

195 986 292 1039 τὸν
358 985 606 1041 τοιοῦτον
692 986 781 1043 διά
881 989 982 1059 τῆς
1037 988 1332 1060 ἐπιστολῆς
1403 988 1732 1059 σημειοῦσθε
1760 1029 1777 1052 ,

197 1079 296 1133 καὶ
353 1079 428 1151 μὴ
479 1081 953 1151 συναναμίγνυσθε
996 1081 1166 1153 αὐτῷ.
1205 1082 1254 1155 ι]
1286 1084 1395 1137 Kal.
1425 1079 1602 1144 αὖθις·
1644 1099 1664 1129 ε
1717 1081 1780 1135 Ἦ

195 1161 309 1239 γάρ
336 1169 493 1239 ὑμῶν
527 1169 742 1243 ὑπακοὴ
784 1172 865 1236 είς
911 1171 1125 1235 πάντας
1168 1172 1418 1242 ἀφίκετο.
1457 1190 1477 1223 ι
1517 1172 1626 1225 Kal.
1652 1172 1783 1242 περὶ

194 1262 292 1315 τοῦ
322 1263 529 1334 Κυρίου
553 1276 566 1292 ’
610 1282 629 1318 ι
666 1264 886 1337 Καίπερ
911 1265 988 1321 ὣν
1014 1266 1141 1331 Υἱὸς
1162 1265 1369 1338 ἔμαθεν
1392 1264 1487 1334 ἀφ’
1509 1258 1586 1319 ὧν
1609 1263 1782 1318 ἔπαθε

194 1354 300 1425 τὴν
356 1354 627 1427 ὑπακοὴν,
671 1359 769 1412 καὶ
818 1359 1132 1424 τελειωθεὶς
1185 1361 1406 1429 ιγένετο
1465 1361 1604 1414 πᾶσι
1664 1363 1779 1425 τοῖς

196 1445 571 1502 ὑπακούουσιν
609 1449 761 1521 αὐτῷ
795 1451 969 1516 αίτιος
1001 1452 1281 1524 σωτηρίας
1321 1452 1562 1508 αἰωνίου.
1609 1472 1627 1506 ι
1668 1454 1781 1508 Καὶ

191 1541 227 1589 ὁ
263 1537 485 1608 Κύριος*
524 1560 544 1592 ι
589 1541 989 1612 Κατασέσηκα,
1027 1547 1215 1615 φησιν,
1267 1546 1332 1598 ὲκ
1373 1546 1468 1599 τοῦ
1523 1545 1779 1617 οὐρανοῦ,

192 1629 298 1699 οὐχ
330 1631 417 1685 ἵνα
447 1631 586 1686 ποιῶ
605 1633 666 1686 τὸ
694 1634 907 1707 θέλημα
934 1637 997 1689 τὸ
1017 1637 1173 1706 ἐμὸν,
1194 1637 1330 1692 ἀλλὰ
1354 1639 1415 1691 τὸ
1444 1637 1656 1709 θέλημα
1684 1636 1780 1692 τοῦ

1885 620 2047 675 rae“.
2087 637 2106 672 ι
2142 619 2405 676 Salomon
2442 622 2573 678 item
2615 642 2629 679 :
2671 642 2689 677 ι
2726 622 2901 679 Filius
2952 621 3033 678 iui
3079 632 3135 679 et
3177 636 3279 694 ego
3330 624 3473 695 patri
3544 689 3563 701 ’

1883 716 2174 785 obediens,
2217 723 2275 770 et
2328 716 2567 771 dilectus
2606 715 2665 771 in
2716 723 3023 785 conspectu
3057 715 3253 769 matris
3281 729 3415 769 mea:
3450 733 3463 768 :

1880 809 1987 879 qui
2012 808 2289 865 docebant
2320 824 2406 864 me
2437 808 2687 863 dicentes
2716 825 2729 861 :
2756 806 3135 863 Continnetur
3163 820 3346 861 sermo
3376 820 3475 859 nu-

1876 894 2003 958 'stcr
2037 902 2095 957 in
2129 903 2298 957 corde
2325 901 2502 975 tuo“.
2547 921 2565 954 ι
2601 901 2762 956 Alius
2794 900 3063 971 insuper:
3105 920 3123 953 ι
3158 898 3261 966 Qui
3292 909 3477 955 custo-

1884 992 1965 1048 dit
1997 993 2337 1055 mandatum,
2359 1000 2652 1047 conservat
2674 992 2911 1046 animam
2936 1006 3128 1056 suam;
3150 989 3248 1060 qui
3284 999 3471 1046 autem

1884 1083 2114 1154 negligit
2157 1083 2275 1137 vias
2320 1096 2468 1145 suas,
2495 1082 2768 1136 morietur
2804 1080 2869 1136 °‘.
2909 1100 2928 1133 ι
2965 1081 3182 1136 Rursus
3217 1097 3231 1133 :
3281 1099 3298 1131 ι
3338 1079 3477 1135 Bea-

1887 1181 1975 1229 tus
1999 1173 2085 1228 vir
2104 1173 2198 1245 qui
2229 1173 2387 1228 timet
2414 1173 2597 1227 omnia
2622 1188 2720 1242 per
2749 1170 3307 1242 circumspectionem
3336 1187 3352 1237 ;
3380 1169 3477 1239 qui

1884 1267 2032 1322 enim
2090 1268 2336 1323 custodit
2388 1269 2736 1332 mandatum,
2779 1283 2892 1323 non
2937 1267 3142 1321 sentiet
3172 1265 3483 1335 quidquam

1886 1364 2016 1419 mali
2054 1366 2119 1419 ".
2161 1384 2183 1416 ι
2241 1364 2481 1420 Proinde
2510 1365 2708 1419 Petrus
2764 1380 2864 1435 per
2920 1361 3227 1433 Epistolam
3285 1361 3472 1416 dicit:

1891 1477 1913 1511 ι
1977 1456 2227 1530 Subjecti
2301 1457 2473 1528 igitur
2529 1465 2705 1513 estote
2778 1455 2925 1511 omni
3007 1454 3263 1510 humanae
3317 1469 3475 1508 crea-

1883 1560 2021 1607 tura:
2077 1560 2304 1622 prapter
2374 1551 2668 1605 Dominum
2731 1550 2798 1603 ⁸⁸.
2879 1567 2897 1600 ι
2949 1548 3017 1603 Ει
3073 1565 3087 1600 :
3162 1566 3180 1599 ι
3260 1543 3476 1599 Famuli

1886 1644 2122 1719 subjecti
2183 1644 2239 1698 in
2287 1643 2437 1699 omni
2496 1643 2641 1707 loco,
2669 1640 2913 1697 dominis
2952 1655 3064 1694 non
3099 1638 3277 1693 solum
3313 1635 3483 1691 bonis

193 1722 518 1794 πέμψαντός
555 1742 622 1796 με
670 1727 906 1799 Πατρός.
934 1727 1072 1802 [Καὶ
1105 1730 1291 1784 πάλιν·
1331 1749 1350 1782 ι
1389 1729 1450 1785 '0
1493 1730 1782 1801 δεχόμενος

1900 1742 1942 1792 3t
1972 1735 2259 1801 modestis,
2291 1734 2390 1790 sed
2447 1735 2617 1790 etiam
2670 1733 2912 1807 dyscolis
2939 1733 3004 1786 ⁸⁸.
3042 1750 3059 1784 ι
3114 1729 3363 1785 Similem
3421 1727 3476 1782 in

194 1813 369 1884 ὑμᾶς,
394 1814 496 1887 ἐμὲ
527 1818 765 1888 δέχεται.
806 1838 826 1872 ι
854 1821 965 1874 Καὶ
990 1816 1169 1886 αὖθις·
1212 1841 1232 1875 ι
1273 1822 1334 1876 Ὀ
1360 1820 1574 1877 ἀκούων
1613 1823 1778 1894 ὑμᾶς,

1900 1825 2113 1880 modum
2140 1825 2345 1881 Paulus
2380 1842 2393 1879 :
2434 1844 2453 1876 ι
2487 1823 2634 1887 Filii,
2667 1821 2887 1877 obedite
2912 1814 3417 1890 parcntibus".¢Et
3460 1831 3475 1869 :

186 1906 334 1976 ἐμοῦ
359 1908 570 1964 ἀκούει.
601 1930 621 1963 ι
644 1910 667 1984 ]
694 1913 853 1984 Αὐτῷ
873 1915 907 1984 ﬂ
930 1912 1059 1978 δόξα
1083 1916 1163 1977 είς
1186 1915 1313 1978 τοὺς
1333 1915 1561 1978 αἰῶνας.
1588 1916 1784 1989 Ἀμήν.

1900 1935 1916 1968 ι
1961 1916 2142 1984 Servi,
2185 1916 2407 1973 obedite
2465 1914 2786 1971 carnalibus
2832 1911 3075 1983 dominis
3114 1908 3336 1969 vestris,
3366 1920 3479 1961 non

189 1998 268 2053 ad
291 2000 512 2057 oculum
534 2003 862 2071 servientes,
897 2005 1054 2076 quasi
1087 2006 1370 2075 placentes
1400 2006 1744 2075 hominibus,
1767 2006 1978 2083 1091
2003 2008 2097 2064 sed
2132 2009 2186 2064 in
2217 2010 2417 2064 timore
2444 2008 2544 2064 Dei
2571 2010 2668 2062 τι.»
2694 2006 2822 2083 ‘Alio
2848 2005 2979 2061 item
3009 2003 3132 2059 loco
3162 2021 3175 2057 ε
3208 2020 3225 2053 ι
3250 2000 3480 2069 Propter

112 2088 123 2093 ’
182 2092 306 2147 hoc
353 2093 552 2165 scripsi
595 2096 778 2163 vobis,
810 2106 872 2152 ut
902 2097 1225 2168 intelligatis
1282 2099 1672 2168 probationem
1742 2080 2005 2165 vestram,
2032 2102 2077 2156 si
2112 2101 2168 2155 in
2208 2101 2468 2157 omnibus
2523 2080 2850 2158 obedientes
2877 2101 3013 2156 estis
3044 2098 3112 2150 ”.
3154 2114 3172 2148 ι
3209 2093 3422 2148 Rursus
3462 2109 3474 2143 :

193 2202 215 2235 ι
260 2184 455 2241 Vestra
505 2189 653 2245 enim
695 2191 1013 2247 obedientia
1078 2192 1146 2246 ad
1191 2207 1386 2247 omnes
1436 2194 1692 2263 pervenit
1739 2193 1810 2250 ".
1874 2212 1893 2247 ι
1944 2197 2014 2252 Ει
2044 2196 2113 2252 de
2140 2196 2373 2253 Domino
2416 2215 2430 2252 :
2475 2215 2493 2249 ι
2542 2196 2612 2251 Ει
2650 2196 2876 2267 quidem
2905 2208 3031 2250 cum
3074 2201 3220 2247 esset
3283 2188 3483 2249 Filius,

189 2278 400 2336 didicit
441 2298 509 2338 ex
562 2285 631 2340 iis
696 2302 819 2357 quas
854 2302 1047 2357 passus
1081 2296 1187 2351 est,
1218 2286 1620 2354 obedientiam,
1679 2297 1735 2345 et
1786 2299 2207 2347 consummatus
2274 2290 2454 2347 factus
2504 2300 2591 2347 est
2652 2290 2915 2353 omnibus
2969 2282 3478 2356 obtemperantibus

190 2373 332 2441 sibi,
372 2392 538 2433 causa
584 2379 779 2433 salutis
810 2391 1033 2435 aeterna:
1069 2381 1138 2434 ⁷⁸.
1183 2399 1200 2431 ι
1247 2380 1514 2436 Dominus
1565 2381 1808 2451 denique
1846 2383 1920 2438 ait
1953 2401 1966 2438 :
2006 2403 2025 2437 ι
2070 2384 2342 2440 Descendi
2364 2384 2433 2440 de
2457 2385 2619 2447 coelo,
2654 2400 2769 2439 non
2808 2392 2869 2438 ut
2908 2383 3103 2438 faciam
3139 2380 3480 2435 voluntatem

194 2486 404 2536 meam,
428 2471 525 2529 sed
554 2472 890 2529 voluntatem
910 2476 1050 2548 ejus,
1074 2474 1168 2546 qui
1189 2475 1337 2530 misit
1360 2491 1467 2541 me,
1494 2474 1672 2532 Patris
1704 2477 1747 2509 "
1794 2495 1853 2531 ει
1900 2477 1987 2533 cui
2024 2483 2081 2533 et
2125 2476 2299 2548 gloria
2346 2485 2403 2534 et
2438 2476 2733 2549 imperium
2771 2477 2828 2535 in
2884 2475 3083 2532 saecula
3130 2471 3477 2529 saeculorum

202 2562 413 2618 Amen.
1882 2572 1883 2575 ‘

823 2682 1045 2736 ΛΟΓΟΣ
1071 2683 1162 2738 Μ’.

702 2793 844 2862 Περὶ
857 2797 1294 2865 συκοφαντίας.

2465 2682 2753 2741 ιιοΜιιιΑ
2792 2683 2907 2739 XL.

2486 2797 2565 2854 De
2607 2796 2903 2852 calumnia.

1969 2914 2230 2969 Pervicax
2264 2922 2320 2968 et
2348 2913 2608 2984 perplexa
2639 2921 2725 2967 est
2755 2910 2974 2974 aii‘cctio
3008 2909 3126 2964 haec
3152 2904 3483 2970 calumniae;

199 2996 541 3061 διαϐολικδν,
570 3001 712 3055 κατὰ
744 3000 806 3054 τὸ
846 3004 977 3074 περὶ
1004 3001 1173 3056 αὐτοῦ
1204 3005 1263 3056 ὲν
1290 3004 1543 3075 Ψαλμοῖς
1567 3006 1794 3077 είρημέο

1900 3006 2083 3061 verius
2110 3005 2342 3061 dixerim
2373 3021 2495 3062 esse
2525 3004 2878 3066 diabolicam,
2915 3001 3222 3057 secundum
3257 2998 3310 3054 id
3333 2999 3483 3068 quod

201 3107 307 3142 νον
329 3106 345 3122 ·
379 3088 746 3147 Tuaen-dicat
782 3094 1202 3164 συκοφάντην.
1231 3096 1523 3151 Ἀσπονδοι
1562 3096 1671 3168 γάρ
1704 3095 1794 3151 ὅν-

1900 3097 1967 3153 de
1991 3113 2055 3153 ea
2085 3097 2139 3152 in
2173 3098 2403 3152 Psalmis
2425 3096 2635 3152 dictum
2666 3105 2751 3152 est
2786 3114 2799 3150 :
2834 3091 3150 3149 Humiiinbit
3176 3088 3481 3144 calumnia-

200 3196 308 3242 τες
356 3183 451 3234 καὶ
497 3182 809 3252 θεοστυγεῖς
851 3186 901 3238 οί
950 3187 1331 3256 συκοφάνται,
1380 3189 1663 3252 κοινωνοὶ,
1700 3188 1795 3241 καὶ

1900 3191 2159 3243 torem".
2220 3188 2380 3245 Tales
2440 3189 2648 3244 nemini
2718 3186 3106 3248 conciliantur,
3160 3181 3314 3236 inﬂdi
3355 3195 3486 3236 cum

205 3271 574 3343 συμμέτοχοι,
607 3273 701 3327 καὶ
733 3274 1171 3346 συγκληρονόμοι
1190 3276 1432 3345 γίνονται
1458 3278 1571 3340 τοῖς
1588 3276 1791 3347 προδώ-

1900 3282 2031 3343 sint,
2060 3290 2116 3335 et
2144 3296 2242 3350 per
2273 3281 2398 3346 hoc,
2429 3281 2539 3336 Deo
2564 3279 2723 3334 invisi
2750 3279 3008 3333 maxime.
3041 3275 3264 3330 Illorum
3288 3288 3485 3328 accen-

201 3375 376 3413 κασιν
402 3361 495 3414 καὶ
519 3362 901 3432 σταυρώσασιν
924 3361 1021 3433 τὴν
1051 3361 1311 3433 ἀλήθειαν
1329 3380 1344 3394 ι
1374 3363 1676 3428 τουτέστιν,
1706 3363 1797 3416 τὸν

1902 3367 2057 3422 sendi
2085 3375 2217 3423 sunt
2248 3369 2550 3430 consortio.
2576 3366 2893 3437 participio,
2933 3381 3036 3421 nec
3056 3364 3263 3434 dispari
3304 3363 3485 3417 haere-

210 3450 424 3524 Κύριον
469 3453 627 3523 ήμῶν
676 3454 888 3525 Ἰησοῦν
925 3454 1185 3525 Χριστόν.
1226 3473 1245 3506 ι
1295 3452 1438 3523 Ἐγὼ
1484 3454 1596 3526 γάρ
1643 3454 1797 3527 είμι,

1903 3454 2093 3520 dilati,
2128 3452 2229 3526 qui
2268 3455 2557 3511 veritatem
2598 3456 2773 3524 ipsam
2811 3452 3179 3525 perﬁdissime
3215 3451 3483 3521 prodide-

206 3543 404 3614 φησὶν,
438 3546 470 3615 ὴ
495 3545 726 3615 ἀλήθεια
751 3586 768 3611 ,
796 3545 892 3600 καὶ
922 3546 956 3616 ἡ
983 3545 1123 3616 ζωή.
1155 3563 1178 3598 ι
1217 3545 1669 3617 Παρακελεύεται
1703 3542 1797 3600 οὖν

1902 3553 2054 3609 runt,
2091 3544 2332 3616 denique
2357 3545 2507 3600 cruci
2538 3543 2866 3609 atlixerunt,
2908 3541 3016 3597 hoc
3041 3551 3145 3607 est,
3187 3539 3495 3595 Dominum

286 2905 468 2960 Δεινδν
508 2906 568 2960 τδ
607 2908 707 2979 τῆς
737 2909 1107 2980 συκοφαντίας
1139 2911 1335 2976 πάθος,
1381 2910 1584 2980 μᾶλλον
1615 2912 1671 2967 δὲ
1700 2913 1795 2966 καὶ

204 3637 239 3688 ὀ
273 3635 436 3705 νόμος
463 3635 658 3704 λέγων,
689 3636 805 3691 Οὐκ
836 3637 1068 3707 ἐμμένει
1103 3637 1316 3709 μάρτυς
1349 3631 1430 3698 εἷς
1453 3635 1605 3691 κατά
1618 3639 1802 3692 πᾶσαν

207 3726 435 3783 ἀδικίαν
455 3731 551 3783 καὶ
583 3731 864 3803 ἁμαρτίαν
895 3731 962 3803 ἦν
983 3732 1260 3803 ἥμαρτεν.
1289 3748 1308 3782 ι
1349 3730 1477 3785 Ἐπὶ
1508 3729 1801 3799 στόματος,

208 3819 388 3889 φησιν
411 3859 426 3884 ,
464 3820 559 3876 δύο
588 3820 622 3893 ἦ
651 3821 820 3892 τριῶν
864 3820 1165 3893 μαρτύρων
1198 3821 1529 3893 σταθήσεται
1567 3823 1675 3875 πᾶν
1707 3822 1805 3892 ῥῆ-

216 3926 322 3981 μα.
362 3927 382 3961 ι
430 3910 487 3965 '0
533 3912 590 3966 δὲ
636 3911 811 3967 Σαοὺλ
852 3913 1384 3984 παρακρουσάμενος
1427 3912 1530 3981 τὴν
1581 3913 1804 3986 ἐντολὴν

209 4002 448 4074 ταύτην,
468 4005 596 4068 τοὺς
616 4005 967 4075 τριακοσίους
990 4008 1157 4076 ἱερεῖς
1175 4006 1272 4061 τοῦ
1303 4007 1511 4078 Κυρίου
1545 4008 1807 4063 ἀπέκτει-

213 4111 315 4148 νεν
346 4093 435 4148 διὰ
476 4095 577 4163 τῆς
626 4097 943 4168 μαρτυρίας
973 4097 1094 4161 ἑνὸς
1141 4098 1481 4167 συκοφάντου
1508 4099 1668 4172 Δωὴκ
1701 4100 1798 4155 τοῦ

216 4185 422 4256 Σύρου.
461 4187 579 4242 Καὶ
612 4182 791 4251 αὖθιςο
829 4206 850 4241 ι
876 4188 952 4242 Οὐ
1006 4190 1409 4261 συκοφαντήσει
1448 4190 1682 4256 ἕκαστος
1714 4191 1807 4246 τὸν

213 4276 453 4346 πλησίον
473 4276 663 4334 αὑτοῦ.
696 4296 715 4330 ι
743 4278 896 4333 Καὶό
915 4280 1352 4353 Παροιμιαστής·
1388 4301 1409 4334 ι
1456 4282 1517 4337 '0
1541 4299 1809 4353 cuxocpav-

213 4368 334 4425 τῶν
358 4369 588 4441 πένητα,
630 4370 924 4443 παροξύνει
949 4372 1041 4425 τὸν
1072 4374 1380 4444 ποιήσαντα
1409 4374 1595 4429 αὐτόν.
1644 4392 1664 4426 ι
1694 4375 1808 4430 Kal.

215 4461 455 4530 ὲπάγει’
514 4481 535 4516 ι
605 4463 746 4530 Δόξα
794 4465 954 4538 ἀνδρὶ
1009 4466 1452 4538 ἀποστρέφεσθαι
1512 4468 1805 4539 λοιδορίας.

216 4556 342 4618 na,-
361 4555 419 4609 δὲ
444 4556 634 4627 ἄφρων
658 4557 871 4621 τούτοις
901 4559 1376 4631 συμπλακήσεται.
1408 4578 1427 4611 ι
1447 4559 1507 4613 '0
1534 4560 1594 4614 δὲ
1619 4562 1804 4617 Δαυΐδ*

1901 3645 2154 3692 nostrum
2192 3635 2379 3692 Jesum
2400 3635 2706 3692 Christum.
2737 3635 2859 3706 lpse
2886 3634 3036 3691 enim
3084 3632 3273 3689 dixit:
3313 3649 3332 3683 ι
3371 3631 3503 3702 Ego.»

1903 3743 2028 3784 sum
2066 3729 2274 3784 veritas
2296 3739 2354 3786 et
2387 3728 2498 3784 vita
2519 3731 2588 3783 '".
2623 3747 2642 3780 ι
2677 3728 2848 3784 Cavet
2873 3728 3021 3783 enim
3044 3726 3130 3782 lex
3154 3740 3226 3780 ne
3258 3739 3404 3780 unus
3430 3732 3488 3779 et

1904 3821 2057 3876 solus
2082 3820 2348 3877 consistat
2373 3823 2550 3887 testis,
2577 3821 2643 3877 ad
2672 3820 3079 3893 perhibendum
3104 3817 3500 3874 testimonium:

1866 3939 1871 3943 ο
1905 3914 2175 3970 adversus
2206 3923 2499 3985 peccatum
2538 3928 2703 3970 omne
2751 3927 2865 3984 quo
2896 3912 3023 3983 quis
3046 3909 3319 3982 peccavit.
3364 3923 3386 3960 ι
3426 3908 3501 3963 lu

1906 4021 2028 4073 ore,
2069 4007 2173 4073 ait,
2213 4006 2452 4062 duorum
2501 4015 2598 4062 aut
2651 4007 2818 4062 trium
2866 4004 3091 4060 testium
3132 4003 3303 4058 stabit
3324 4016 3501 4057 omne:

1898 4098 2143 4153 verbum
2172 4099 2240 4153 ’⁸.
2304 4117 2322 4151 ι
2363 4097 2473 4154 Sed
2507 4105 2565 4153 et
2616 4095 2771 4163 Saul,
2819 4103 3159 4167 praeceptum
3206 4094 3314 4148 hoc
3360 4106 3490 4147 cum

1904 4187 2079 4244 veluti
2113 4188 2335 4260 obiecto
2359 4189 2550 4244 cubito
2587 4203 2618 4242 a
2645 4201 2703 4242 se
2725 4185 2922 4242 {uisset
2948 4185 3211 4240 amolitus
3232 4199 3299 4240 ac
3326 4197 3492 4248 repu-

1907 4277 2136 4343 diasset,
2167 4278 2236 4333 ad
2282 4277 2450 4334 unius
2489 4276 2842 4350 sycophanta:
2869 4276 3022 4346 Doeg
3070 4273 3198 4346 Syri
3237 4272 3495 4328 testimo-

1907 4372 2087 4437 nium,
2135 4379 2450 4428 tercentum
2497 4369 2818 4426 sacerdotes
2864 4365 3083 4423 Domini
3133 4365 3370 4436 peremit
3421 4366 3488 4416 τ’.

1909 4464 2124 4519 Rursus
2172 4462 2356 4518 edicto
2395 4470 2572 4528 cavet,
2620 4476 2692 4517 ne
2736 4461 2865 4532 quis
2913 4460 3170 4531 proximo
3205 4474 3307 4516 suo
3334 4459 3496 4515 faciat

1912 4557 2266 4612 calumniam.
2303 4554 2692 4611 Paraemiastes
2716 4553 2851 4608 item
2882 4570 2897 4607 :
2930 4571 2950 4604 ι
2989 4552 3095 4619 Qui
3122 4551 3496 4608 calumniatur

225 4667 245 4700 ι
307 4646 465 4717 Ἐμοὶ
495 4618 597 4719 μὲν
625 4618 879 4721 είρηνικά
907 4618 1154 4714 ἐλάλουν,
1183 4618 1277 4706 καὶ
1307 4652 1395 4704 ἐπ’
1419 4651 1591 4723 ὀργὴν
1619 4652 1797 4716 δόλους

1911 4662 2238 4719 pauperem,
2289 4645 2593 4702 exacerbat
2620 4659 2749 4700 eum
2780 4646 2878 4715 qui
2904 4618 3035 4699 fecit
3055 4643 3211 4699 illum
3244 4641 3315 4695 ⁸⁸.
3356 4659 3377 4694 ›
3409 4642 3498 4696 ιιι-

217 4740 609 4828 διελογίζοντο.
656 4761 677 4795 ι
732 4745 843 4797 Kal.
890 4744 1054 4807 αὐτὸς
1111 4743 1408 4815 ἐπεύχεται
1461 4742 1809 4815 λυτρωθῆναι

220 4832 339 4888 άπὸ
369 4835 740 4905 συκοφαντίας
766 4834 1074 4907 ἀνθρώπων
1094 4853 1110 4870 ο
1137 4836 1232 4890 καί⁵
1274 4836 1677 4906 ἐπαγγέλλεται
1707 4852 1810 4903 φυ-

222 4926 454 4981 λάσσειν
492 4926 595 4990 τὰς
621 4925 842 4990 ἐντολὰς
873 4926 1066 4983 αὐτοῦ.
1099 4928 1210 4982 Kal.
1240 4925 1400 4991 αὖθις
1422 4941 1436 4956 ·
1469 4946 1490 4979 ι
1526 4924 1811 4980 Σκέπασόν

226 5033 303 5088 με
350 5016 458 5069 ἀπὸ
501 5015 869 5087 συκοφαντίας
890 5015 1225 5088 ἀνθρώπων,
1258 5017 1356 5072 καὶ
1385 5016 1695 5087 συστροφῆς
1716 5034 1814 5070 πο-

224 5106 637 5176 νηρευομένων,
687 5106 744 5160 οἵ
785 5123 931 5172 τινες
974 5102 1370 5177 ὴκόνησανλὼς
1396 5106 1689 5179 ’ῥομφαίαν
1717 5105 1813 5170 τὰς

224 5196 484 5264 γλώσσας
527 5195 730 5252 αὐτῶν.
770 5218 790 5250 ι
826 5198 936 5251 Καὶ
979 5198 1197 5264 ἐπάγει·
1231 5216 1250 5249 ι
1287 5196 1574 5268 Μακάριος
1600 5196 1740 5268 ἀνὴρ
1772 5188 1816 5263 ᾧ

224 5290 294 5342 οὐ
330 5290 405 5359 μὴ
429 5289 716 5358 λογίσηται
746 5290 951 5360 Κύριος
975 5290 1257 5360 ἁμαρτίαν
1278 5329 1295 5355 ,
1327 5289 1449 5344 οὐδὲ
1473 5293 1623 5343 ἐστιν
1651 5291 1710 5342 ὲν
1737 5286 1817 5359 τῷ

230 5378 464 5449 στόματι
511 5381 678 5435 αὐτοῦ
711 5381 881 5446 δόλος.
920 5401 938 5435 ι
990 5382 1102 5436 Καὶ
1133 5382 1327 5445 ἄλλος’
1373 5400 1393 5435 ι
1444 5381 1507 5435 '0
1541 5397 1817 5448 συκοφαν-

229 5469 344 5525 τῶν
372 5472 591 5544 πτωχὸν
615 5514 632 5540 ,
660 5474 833 5528 πολλὰ
859 5477 1005 5528 ποιεῖ
1026 5475 1098 5528 τά
1140 5473 1343 5529 ἑαυτοῦ
1376 5474 1543 5530 κακά.
1588 5492 1607 5525 ι
1647 5473 1757 5527 Καὶ
1787 5475 1816 5527 ὁ

1909 4739 2065 4815 ducit
2096 4756 2111 4793 :
2154 4757 2174 4790 ι
2204 4738 2392 4795 Gloria
2425 4746 2512 4793 est
2543 4736 2668 4791 viro
2689 4736 2785 4807 qui
2821 4735 3024 4790 avertit
3045 4749 3106 4789 se
3135 4749 3166 4789 a
3194 4733 3489 4797 conviciis,

1909 4830 2007 4901 qui
2052 4838 2240 4886 autem
2287 4829 2615 4900 imprudens
2656 4835 2743 4883 est
2793 4825 3203 4881 immiscebitur
3238 4825 3327 4880 his
3365 4824 3433 4879 ⁸⁸.
3470 4844 3489 4876 ι

1909 4922 2083 4978 David
2113 4940 2128 4977 :
2170 4941 2190 4974 ι
2223 4921 2356 4978 Mihi
2387 4920 2612 4991 quidem
2638 4918 2870 4990 paciﬁca
2901 4917 3272 4988 loquebantur
3297 4956 3312 4981 ,
3352 4923 3411 4971 et
3438 4915 3498 4971 in

1912 5015 2203 5071 iracundia
2234 5014 2394 5069 dolos
2417 5011 2738 5083 cogitabant
2764 5012 2833 5065 ⁸⁸.
2875 5029 2894 5063 ι
2928 5010 3079 5065 idem
3112 5009 3343 5079 supplex
3373 5018 3499 5064 orat

1915 5106 2081 5163 eximi
2100 5106 2219 5161 sive
2243 5098 2443 5160 redimi
2465 5120 2496 5158 a
2519 5103 2812 5159 calumniis
2835 5103 3149 5167 hominum,
3177 5108 3345 5171 atque
3366 5101 3506 5158 hinc

1915 5196 2191 5267 promisso
2235 5194 2537 5266 obstringit
2557 5211 2617 5250 se
2648 5195 2717 5250 ad
2748 5195 3058 5251 custodiam
3112 5194 3502 5251 mandatorum

1916 5288 2037 5342 Dei.
2062 5287 2305 5343 Rursum
2339 5304 2353 5341 :
2387 5304 2405 5339 ι
2434 5288 2669 5358 Protege
2693 5302 2783 5343 me
2808 5302 2839 5342 a
2867 5274 3148 5342 conventu
3187 5286 3497 5357 malignan-

1918 5379 2054 5435 tium
2085 5420 2100 5445 ,
2135 5398 2153 5429 ι
2190 5379 2288 5449 qui
2317 5378 2544 5451 quidem
2582 5397 2601 5431 ι
2632 5374 2981 5435 ἓιιοουθνυηι
3023 5387 3087 5434 ut
3117 5378 3360 5449 gladium
3393 5378 3501 5433 lin-

1912 5487 2049 5544 guas
2075 5486 2204 5527 suas
2226 5472 2294 5527 ⁸³.
2330 5489 2348 5523 ι
2382 5470 2640 5528 lnducit:
2676 5488 2696 5523 ι
2726 5471 2929 5526 Beatus
2952 5469 3038 5524 vir
3062 5470 3284 5525 cuinon
3318 5470 3500 5539 impu-

308 5625 355 5699 ’ἦ
378 5626 487 5699 ιω.
512 5642 666 5699 quin,
696 5626 784 5691 l5,
820 5625 911 5697 M.
967 5628 1026 5699 A”
1054 5628 1314 5699 l‘rov.tv,
1332 5630 1387 5699 ’5,
1410 5632 1465 5688 6.
1480 5628 1701 5699 "Prov.
1730 5643 1797 5681 x11

1900 5626 1969 5682 l6.
1994 5627 2091 5699 ff
2127 5625 2310 5680 Ecclc.
2337 5624 2547 5699 vm,_5.
2617 5623 2671 5699 _‘_'
2694 5623 2896 5699 l_P_etr.
2943 5638 3010 5699 It,
3050 5623 3135 5699 ιτ.
3213 5622 3305 5699 "_l
3333 5623 3480 5699 Patr.

235 5712 298 5757 ιι,
338 5697 423 5757 18.
498 5697 544 5729 ⁷⁸
576 5698 783 5767 Ephes.
831 5714 906 5763 vi,
959 5697 1011 5753 1.

234 5781 316 5828 τι.
344 5768 434 5823 58.
511 5767 558 5800 ’⁸
589 5768 736 5823 Psal.
769 5785 912 5835 uxr,
940 5769 992 5823 4.
1107 5768 1153 5800 ⁷⁷
1192 5768 1352 5824 Joan.
1379 5785 1489 5830 xlv,
1515 5768 1567 5822 6.

1085 5699 1127 5729 '“
1159 5695 1384 5754 ibid.5.'
1442 5701 1487 5732 "
1512 5698 1554 5751 11
1591 5697 1718 5752 Cor.
1752 5715 1807 5750 ιι.
1851 5697 1904 5751 9.
1983 5697 2028 5728 ⁷³
2065 5697 2224 5752 Rom.
2274 5712 2391 5757 xw,
2428 5695 2513 5748 19.

1107 5768 1153 5800 ⁷⁷
1192 5768 1352 5821 Joan.
1379 5785 1489 5821 xlv.
1515 5768 1567 5821 6.
1679 5768 1726 5797 ⁷⁸
1777 5765 1929 5821 Deut.
1953 5781 2061 5821 six.
2089 5768 2170 5821 15.
2318 5768 2361 5799 ⁷⁸
2393 5769 2410 5821 l
2445 5766 2513 5820 Rc

1820 5783 1929 5821 υιιι.
1953 5783 2061 5835 Xlx,
2089 5783 2170 5825 to.

2617 5693 2665 5725 "
2699 5694 2864 5749 Hebr.
2898 5709 2951 5759 ν,
2981 5694 3013 5745 8
3041 5735 3054 5756 ,
3097 5695 3150 5748 9.
3262 5694 3306 5724 ⁷³
3332 5693 3494 5747 Juan.

2318 5768 2361 5799 ⁷⁸
2393 5769 2410 5822 l
2445 5766 2578 5835 Reg.
2622 5779 2753 5833 χχιι,
2780 5763 2863 5820 18.
2976 5764 3022 5795 ⁸⁰
3053 5763 3209 5819 Prov.
3244 5780 3370 5831 xm,
3410 5763 3492 5819 id.

236 5838 287 5869 ἰ
323 5839 485 5894 Prov.
531 5854 618 5902 xx,
641 5838 695 5894 5.
771 5841 816 5873 ⁸³
849 5840 990 5896 Psal.
1016 5853 1197 5905 xxxnv,
1226 5838 1316 5892 20.
1406 5838 1452 5872 ⁸³
1482 5838 1623 5895 Psal.
1655 5854 1802 5903 Lxui,
1831 5836 1886 5903 5,
1916 5837 1968 5890 ι.
