3944 6422
573 359 708 423 1559
1811 369 2130 432 ANTIOCE

2217 375 2563 438 MONACHI
2757 426 2762 431 .
3662 375 3759 444 1560

569 480 706 534 tubit
743 474 1008 532 Dominus
1038 487 1349 549 peccatum,
1388 496 1566 550 neque
1591 489 1675 536 est
1702 481 1755 535 in
1785 497 1882 537 ore
1905 485 2029 555 ejus
2061 485 2126 540 do

2206 497 2229 551 ι
2263 489 2676 562 Παροιμιαστής
2701 509 2891 563 φησιν·
2927 509 2946 544 ι
3002 491 3273 563 Ἀνδρεῖος
3301 489 3362 543 ἒν
3396 487 3620 554 ἀσεϐεία,
3646 509 3763 546 συκο-

565 571 651 624 lus
675 568 741 622 ⁸⁸.
788 587 807 622 ι
852 567 1009 622 Alius
1045 586 1060 622 :
1093 588 1112 620 ε
1141 568 1246 635 Qui
1281 571 1615 625 calumniam
1663 574 1867 628 astruit
1892 577 2122 645 pauperi

2251 583 2446 650 φαντεῖ
2475 583 2747 653 πτωχούς.
2803 602 2822 636 ι
2862 585 2974 638 Kal
3005 583 3171 638 πάλιν
3193 599 3206 612 ·
3247 601 3265 634 ι
3294 581 3451 636 Λέων
3479 581 3674 646 πεινῶν,
3699 585 3766 638 καὶ

563 667 825 730 aggravat
856 674 954 714 sua
990 659 1166 729 ipsius
1188 671 1432 731 peccata.
1475 681 1492 713 ι
1522 663 1912 720 Ροτωηιίιιειεε
1943 682 1958 720 :
1996 686 2014 718 ι
2046 667 2120 734 Qu

2249 672 2418 737 λύκος
2438 673 2630 744 διψῶν,
2666 695 2685 727 ι
2723 675 2782 740 δς
2814 679 3089 748 τυραννεῖ,
3119 674 3334 744 πτωχῦς
3361 673 3437 726 ὢν
3455 715 3470 740 ,
3502 673 3637 736 ἔθνος
3659 692 3769 729 πενι-

565 751 634 805 ad
668 751 1009 821 impietatem
1035 752 1196 807 fortis
1225 763 1329 819 est,
1353 754 1725 810 calumniatur
1756 773 2029 828 pauperes
2045 760 2111 814 ”.

2254 766 2409 836 χρόν.
2444 767 2574 820 Καίο
2596 787 2614 818 ι
2638 768 2906 832 Βασιλεὺς
2927 769 3111 838 ἐνδεὴς
3143 767 3446 837 προσόδων,
3477 764 3632 834 μέγας
3656 781 3771 819 συκο-

565 841 773 897 Iterum
810 859 824 894 :
857 860 874 893 ‹
923 841 1036 897 Leo
1069 844 1358 910 esuriens,
1391 854 1448 900 et
1485 847 1649 916 lupus
1677 848 1874 902 sitiens
1890 849 1956 913 ⁸⁸,
2002 869 2020 901 ι
2053 865 2122 920 qu

2251 858 2480 928 φάντης.
2545 879 2563 910 ι
2604 861 2734 913 Καί·
2766 880 2785 912 ι
2829 861 2889 913 '0
2929 860 3182 932 ὀρύσσων
3237 857 3432 927 βόθρον
3476 857 3551 926 τῷ
3593 856 3771 928 πλησίφ,

566 947 693 985 cum
727 931 783 986 fit
806 947 1038 1002 pauper,
1067 935 1353 1005 tyrannide
1383 940 1822 1008 premitgentem
1844 956 2123 1010 paupercu

2249 950 2574 1020 ἐμπεσεῖται
2602 953 2682 1015 είς
2701 951 2888 1006 αὐτόν.
2913 970 2931 1003 ι
2950 953 3059 1006 Kal
3085 954 3114 1005 ό
3153 949 3615 1020 Ἐκκλησιαστὴς’
3638 966 3653 998 ι
3684 949 3775 1002 Ἔπ-

565 1023 766 1079 lorum.
804 1024 1016 1095 1092
1066 1026 1133 1079 Et
1166 1043 1178 1078 :
1217 1044 1236 1076 ι
1296 1027 1411 1081 Rex
1460 1029 1713 1099 indigens
1761 1041 2148 1101 proventuum,
2253 1040 2494 1112 έστρεψα
2538 1041 2671 1109 ἐγὼ,
2711 1043 2808 1096 καὶ
2847 1044 2956 1097 ίδον
2991 1043 3172 1106 πάσας
3204 1042 3304 1104 τὰς
3347 1039 3690 1108 συκοφαντίας
3708 1040 3776 1102 τὰς

566 1131 798 1186 magnus
821 1126 905 1171 est
935 1116 1326 1172 calumniator.
1374 1137 1392 1170 ι
1432 1120 1537 1174 Et:
1580 1140 1597 1172 ι
1634 1121 1737 1188 Qui
1769 1121 1907 1178 fodit
1936 1123 2123 1180 fovean

2251 1134 2554 1202 γενομένας
2587 1135 2692 1188 ὑπὸ
2730 1135 2822 1188 τὸν
2849 1135 3002 1206 ἥλιον
3023 1152 3037 1165 ο
3084 1137 3180 1188 καὶ
3211 1135 3323 1188 ἰδοῦ
3356 1134 3569 1202 δάκρυα
3593 1131 3688 1184 τῶν
3712 1149 3778 1183 συ-

565 1209 840 1277 proximo,
879 1209 1090 1264 incidet
1115 1209 1170 1264 in
1197 1225 1320 1265 eam
1345 1211 1413 1268 ⁶’.
1455 1231 1480 1283 ι,
1507 1212 1872 1270 Ecclesiastes
1909 1231 1923 1268 :
1952 1233 1971 1266 ‹
2005 1215 2121 1271 Con

2250 1226 2742 1295 κοφαντουμένων·
2776 1228 2873 1281 καὶ
2927 1228 3032 1282 οὐκ
3080 1227 3232 1280 ἔστιν
3273 1225 3480 1288 αὐτοὺς
3523 1225 3552 1276 ὁ
3579 1241 3777 1294 παρακι-

565 1299 707 1354 verti
769 1315 871 1370 ego
923 1315 1033 1366 me,
1091 1308 1150 1354 et
1205 1301 1321 1356 vidi
1358 1303 1648 1360 universas
1679 1305 1986 1362 calumnias
2030 1324 2122 1377 qu:

2251 1317 2379 1370 λῶν.
2437 1335 2456 1369 ›
2490 1318 2602 1371 Kal
2637 1314 2796 1382 αὖθις
2822 1333 2838 1348 '
2891 1339 2908 1371 ι
2956 1319 3021 1372 Ἦ
3056 1317 3398 1386 συκοφαντία
3434 1316 3700 1385 περιφέρει
3724 1331 3781 1366 εο-

566 1389 704 1445 fiunt
751 1391 854 1448 sub
893 1395 1030 1458 sole,
1079 1403 1135 1450 et
1160 1410 1291 1450 ecce
1318 1396 1574 1468 lacrymte
1595 1414 1789 1454 eorum
1826 1402 1920 1471 qui
1959 1403 2120 1471 oppri

2253 1405 2374 1474 φὺν,
2407 1405 2500 1458 καὶ
2523 1406 2781 1461 ἀπολλύει
2805 1407 2903 1478 τὴν
2935 1408 3165 1480 καρδίαν
3193 1405 3479 1473 εὐγενείας
3515 1403 3682 1458 αὐτοῦ.
3715 1405 3781 1458 »Ὀ

565 1490 793 1538 muntur
845 1485 1180 1561 calumniis,
1239 1496 1296 1543 et
1367 1505 1477 1544 non
1531 1499 1617 1545 est
1680 1491 1777 1562 qui
1833 1495 2118 1549 consoletu

2251 1494 2307 1547 δὲ
2337 1496 2541 1566 Κύριος
2575 1514 2594 1548 ‹
2634 1497 2799 1550 σώσει
2833 1499 2964 1561 τοὺς
2991 1499 3142 1560 υἱοὺς
3171 1497 3278 1550 τῶν
3315 1496 3589 1564 πενήτων,
3616 1496 3698 1546 καί
3716 1511 3782 1545 :1-

561 1591 662 1630 eos
683 1575 750 1629 ⁸⁸.
785 1597 802 1628 ι
831 1577 1082 1634 Rursus:
1109 1599 1126 1632 ι
1158 1579 1498 1651 Circumagit
1519 1597 1582 1637 ac
1606 1583 1901 1653 perturbat
1930 1586 2118 1655 sapicn

2253 1585 2510 1640 πεινώσει
2539 1589 2904 1658 συκοφάντην.
2931 1608 2948 1641 ι
2985 1585 3446 1657 Ἀσφαλισὼμεθα
3467 1581 3561 1639 οὖν
3588 1585 3781 1647 ἑαυτοὺς,

564 1675 696 1732 tem,
741 1676 796 1723 et
829 1669 1016 1738 perdit
1067 1673 1500 1741 generositatem
1541 1676 1663 1744 ejus
1708 1675 1777 1728 ⁸⁸.
1815 1693 1834 1727 ι
1882 1675 2119 1732 Dominu

2251 1675 2474 1746 ἀδελφοὶ
2502 1717 2518 1741 ,
2565 1678 2673 1731 ἀπὸ
2722 1679 2824 1750 τῆς
2853 1680 3144 1747 παγκάκου
3178 1677 3576 1746 συκοφαντίας,
3602 1674 3783 1736 δεδιότες

561 1766 748 1812 autem
791 1779 809 1811 ι
848 1761 1040 1816 Salvos
1064 1762 1231 1817 faciet
1260 1763 1403 1820 filios
1428 1779 1760 1834 pauperum,
1795 1775 1853 1821 et
1886 1767 2116 1822 humilia

2253 1766 2354 1836 τὴν
2383 1769 2590 1840 πικρὰν
2622 1770 2844 1823 κόλασιν
2878 1769 2989 1824 τῶν
3013 1770 3221 1840 ταύτην
3255 1769 3580 1840 μετιόντων.
3603 1767 3783 1820 Τούνειν-

561 1847 644 1903 bit
677 1850 1134 1907 calumniatorem
1174 1854 1241 1908 ’°.
1288 1873 1306 1904 ι
1354 1854 1790 1911 Prwmuniamus
1840 1856 2008 1928 igitur
2046 1873 2118 1912 no

2251 1824 2364 1911 τίον
2393 1824 2580 1924 δὲ,.τὰ
2616 1860 2711 1914 τοῦ
2745 1861 2961 1915 Παύλου
2985 1902 3000 1926 ,
3036 1862 3135 1916 σὺν
3165 1824 3485 1931 τῷιΠαύλῳ
3519 1858 3783 1929 μελῳδήσω-

561 1937 734 2009 ipsos,
775 1941 972 1998 fratres
1003 1944 1134 2009 mei,
1164 1945 1430 2001 adversus
1467 1946 1821 2012 calumniam,
1853 1947 2002 2002 nulla
2037 1964 2118 2003 non

2251 1967 2374 2021 μενο
2413 1970 2430 2003 ι
2469 1953 2889 2024 Λοιδορούμενοι
2921 1953 3274 2024 εὐλογοῦμεν,
3299 1953 3627 2022 διωκόμενοι
3649 1949 3783 2018 ἀνεχόι

559 2033 646 2087 sui
670 2042 824 2103 parte
855 2036 1210 2104 pestilentem
1243 2052 1306 2091 ac
1335 2037 1700 2107 perniciosam
1721 2079 1734 2104 ,
1760 2053 1953 2094 eorum
1973 2049 2116 2095 atro¢

2251 2041 2409 2112 μεθα,
2441 2041 2925 2114 βλασφημούμενοι
2960 2043 3418 2114 παρακαλοῦμεν.
3451 2040 3692 2109 Ὧσπερεὶ
3721 2056 3783 2090 κα-

560 2127 837 2197 supplicio
897 2129 1168 2195 exterriti,
1211 2131 1305 2200 qui
1360 2130 1740 2187 ambitiosiore
1792 2131 1978 2186 studio
2027 2147 2117 2186 ear

2253 2132 2513 2204 θάρματα
2536 2133 2630 2188 τοῦ
2657 2135 2862 2206 κόσμου
2893 2136 3264 2206 ἐγενήθημεν,
3296 2135 3524 2187 πάντων
3551 2130 3782 2202 περίψημι

555 2220 947 2275 cxcoluerunt.
1009 2219 1321 2276 Adversum
1379 2222 1522 2276 hanc
1577 2223 1841 2277 melicum
1891 2221 2030 2276 illud
2092 2239 2112 2278 ε

2246 2223 2354 2287 ἓως
2384 2224 2530 2294 ἄρτι.
2571 2245 2588 2277 ι
2637 2225 2728 2294 Μὴ
2778 2224 3319 2295 συγκατακριθῶμεν
3359 2226 3476 2286 τοῖς
3521 2221 3783 2292 δυσμενέσιν

557 2326 826 2381 perquam
856 2328 1024 2368 suave
1055 2314 1213 2368 Pauli
1252 2305 1484 2370 verbum
1519 2329 1646 2369 cum
1680 2314 1874 2370 eodem
1899 2315 2114 2372 cantille

2247 2315 2461 2385 ἐχθροῖς
2491 2314 2587 2368 τοῦ
2611 2315 2872 2386 Χριστοῦ,
2917 2316 3197 2394 Ἰουδαίοις
3219 2331 3234 2346 ·
3275 2315 3486 2377 οἵτινες
3526 2309 3784 2380 προσελθόν-

557 2418 729 2458 mus:
796 2422 816 2456 ι
879 2404 1332 2460 Persecutionem
1386 2407 1651 2477 patimur,
1701 2416 1756 2461 et
1786 2407 2114 2462 sustinemus

2247 2425 2339 2472 τες
2383 2406 2460 2478 τῷ
2503 2408 2724 2478 Πιλάτῳ
2747 2449 2762 2474 ,
2804 2407 2950 2462 κατὰ
2975 2408 3069 2461 τοῦ
3101 2408 3314 2478 Κυρίου
3340 2407 3552 2476 ἔλεγον·
3593 2423 3611 2455 ι
3639 2403 3785 2455 Τοῦτον

557 2495 1034 2566 blasphemamur,
1078 2507 1134 2554 et
1181 2499 1538 2554 obsecramus
1567 2540 1582 2564 ,
1633 2510 1896 2570 tanquam
1949 2515 2114 2569 purga

2248 2498 2496 2570 ηῦραμεν
2533 2499 2925 2571 διαστρέφοντα
2967 2501 3029 2552 τὸ
3071 2499 3242 2562 ἔθνος,
3272 2499 3375 2552 καὶ
3405 2497 3671 2552 κωλύοντα
3695 2493 3784 2547 Καὶ·

557 2598 746 2644 menta
795 2590 988 2645 mundi
1054 2590 1185 2645 facti
1236 2607 1454 2651 sumus.
1519 2591 1768 2646 omnium
1837 2590 2113 2660 peripsem

2251 2609 2377 2662 σαρι
2408 2591 2609 2644 διδόναι
2655 2591 2878 2661 φόρους,
2921 2591 3154 2659 λέγοντα
3195 2591 3397 2643 ἑαυτὸν
3433 2588 3656 2658 Χριστὸν
3680 2585 3784 2655 βασι·

555 2697 732 2752 usque
751 2683 934 2738 adhuc
953 2685 1032 2738 ἰε
1061 2704 1079 2736 ι
1105 2691 1164 2738 ut
1183 2701 1250 2739 ne
1270 2699 1395 2740 cum
1419 2683 1623 2740 Iudaeis
1639 2683 1734 2754 qui
1757 2683 2042 2738 Christum
2071 2683 2112 2737 ir

2251 2683 2349 2736 λέα
2379 2677 2540 2735 εἶναι.
2587 2701 2604 2734 ι
2645 2681 2818 2746 Αὐτὸς
2850 2682 2908 2736 δὲ
2943 2683 3123 2736 πάντα
3158 2681 3234 2744 ὡς
3265 2681 3463 2753 ἀρνίον
3505 2681 3692 2734 ἄκακον
3717 2692 3785 2744 μι-

554 2773 715 2828 fenso
746 2783 915 2846 atque
949 2777 1140 2831 hostili
1167 2777 1404 2832 oderant
1435 2777 1645 2841 animo,
1674 2775 1921 2844 compari
1952 2775 2111 2829 multt

2253 2773 2548 2844 κροθύμως
2587 2773 2802 2844 ἔφερεν.
2851 2773 3015 2844 Αύτῷ
3061 2775 3095 2845 ἡ
3147 2772 3274 2838 δόξα
3322 2774 3407 2837 εἰς
3459 2773 3582 2834 τοὺς
3615 2768 3782 2827 αἰῶνας.

551 2882 682 2922 mur
731 2867 1112 2925 damnatione.
1167 2871 1263 2925 Isti
1302 2870 1371 2926 ad
1415 2870 1653 2924 Pilatum
1686 2884 1812 2923 cum
1842 2869 2154 2933 venissent,
2269 2866 2468 2934 Ἀμήν.

553 2971 771 3018 exserta
812 2979 948 3018 voce
980 2966 1249 3020 adversus
1277 2964 1572 3019 Dominum
1609 2962 1869 3018 dicebant
1903 2980 1917 3016 :
1955 2980 1975 3012 ‹
2020 2959 2179 3015 Hunc
2218 2959 2536 3014 invenimus
2574 2959 2991 3014 subvertentem
3045 2968 3285 3030 gentem,
3334 2968 3394 3015 et
3458 2956 3784 3030 prohibentem

557 3051 768 3107 tributa
809 3054 926 3110 dari
969 3054 1194 3115 Caesari.
1228 3055 1507 3110 dicentem
1556 3069 1616 3110 se
1644 3052 1928 3110 Christum
1997 3065 2186 3120 regem
2224 3065 2348 3104 esse
2371 3051 2418 3082 θ’
2456 3067 2470 3103 :
2509 3069 2526 3100 ι
2565 3049 2684 3120 ipse
2712 3059 2896 3105 autem
2945 3059 3004 3104 ut
3065 3067 3240 3122 agnus
3270 3052 3568 3114 innocens,
3589 3042 3784 3116 longani-

555 3145 631 3200 mi
669 3147 958 3202 tolerantia
989 3158 1188 3204 cuncta
1228 3148 1567 3218 perferebat.
1611 3147 1722 3218 lpsi
1749 3147 1922 3219 gloria
1953 3145 2008 3199 in
2053 3140 2256 3198 saecula
2289 3141 2486 3197 Amen.

1121 3282 1407 3338 [IOMILIA
1442 3283 1579 3337 XLI.

2844 3280 3065 3332 ΔΟΓυΣ
3098 3279 3238 3335 MA'.

1209 3397 1283 3451 De
1317 3397 1480 3467 furto.
2451 3367 2454 3370 ί

2451 3367 2454 3370 ’
2822 3394 2965 3460 Περὶ
3007 3393 3270 3462 κλοπῆς.

631 3510 851 3567 Dzemon
892 3511 983 3566 hic
1025 3510 1378 3580 improbandi
1430 3510 1565 3566 furti
1617 3511 1892 3582 reprobus
1945 3513 2188 3579 artifext

2325 3499 2494 3570 Οὗτος
2539 3508 2567 3559 ό
2595 3506 2928 3576 κακότεχνος
2969 3506 3070 3577 τῆς
3096 3507 3312 3576 κλοπῆς
3355 3507 3588 3579 δαίμων,
3619 3505 3778 3576 πρῶτον

556 3602 800 3672 primum
817 3599 1042 3671 quidem
1065 3616 1095 3654 a
1116 3599 1323 3654 vilibus
1344 3609 1400 3656 et
1422 3600 1637 3671 exiguis
1653 3602 1822 3658 rebus
1840 3603 2113 3672 auspiciut

2257 3599 2360 3670 μὲν
2382 3599 2598 3671 μικρῶν
2621 3599 2733 3652 τῶν
2755 3599 3101 3670 πραγμάτων
3122 3599 3466 3671 ἀπάρχεται.
3495 3598 3600 3652 Kal
3628 3593 3778 3667 προῖὼν

555 3693 732 3748 sumit
773 3707 888 3748 suae
944 3693 1100 3747 artis.
1157 3693 1325 3764 Atqui
1379 3693 1644 3763 temporis
1717 3709 2017 3765 progressu
2079 3709 2109 3748 a

2253 3690 2335 3754 είς
2371 3689 2586 3760 μεγάλα
2621 3690 2713 3744 καὶ
2749 3690 2930 3761 παχέα
2958 3691 3281 3760 καταλήγει.
3314 3693 3428 3745 Καὶ
3459 3691 3565 3762 γὰρ
3596 3689 3675 3743 καί
3698 3690 3777 3740 ἐκι-

556 3800 756 3856 magna
783 3785 988 3841 sensim
1016 3785 1366 3855 provehitur,
1394 3801 1458 3840 ac
1487 3785 1708 3841 tandem
1739 3787 1796 3841 in
1827 3785 2113 3862 difficillim

2255 3799 2380 3836 στον
2392 3783 2500 3836 τῶν
2525 3782 2826 3854 γινομένων
2854 3783 2961 3837 ἀπὸ
2992 3783 3197 3853 μικροῦ
3225 3784 3558 3854 ἀπάρχεται,
3584 3782 3664 3835 καὶ
3682 3777 3774 3832 κοτὲ

557 3891 794 3946 quaeque
822 3875 1048 3932 desinit.
1081 3875 1287 3930 Eorum
1311 3876 1458 3930 enim
1484 3891 1606 3946 quae
1641 3875 1780 3930 fiunt
1801 3876 2114 3946 unumquod

2257 3873 2425 3944 μέρος
2464 3876 2800 3945 τρεφόμενον
2850 3874 3121 3944 λαμϐάνει
3168 3875 3270 3945 τὴν
3315 3875 3583 3946 αὓξησινο
3633 3875 3698 3928 ὅτι
3729 3870 3773 3922 δί-

559 3983 690 4038 que,
719 3983 751 4022 a
789 3968 1020 4022 minimo
1053 3983 1215 4022 suum
1256 3967 1408 4038 capit
1444 3967 1777 4027 exordium:
1819 3967 1912 4023 ubi
1963 3981 2116 4024 auter

2254 3965 2416 4020 κτυόν
2444 3965 2593 4019 ἐστιν
2620 3964 2959 4018 πολύπλοκον
2983 3965 3082 4034 τῆς
3107 3967 3309 4031 κακίας
3334 3968 3570 4037 μέθοδος.
3606 3966 3656 4018 '0
3676 3977 3775 4032 μερι-

558 4078 624 4115 ιιιι
649 4075 739 4116 res
767 4069 985 4131 sumpta
1023 4059 1290 4130 paulatim
1334 4059 1595 4114 alimonia
1623 4059 1953 4125 adoleverit,
1985 4075 2115 4130 gran

2254 4055 2368 4120 κῶς
2397 4055 2724 4125 ἐμπλακεὶς,
2757 4057 2854 4110 ἐὰν
2903 4057 3175 4130 ἀμελήσῃ,
3214 4058 3580 4129 περιεκτικῶς
3608 4053 3773 4123 σφίγγε-

559 4151 745 4208 descit
787 4153 903 4224 jam
961 4153 1288 4223 quotidiana
1343 4153 1681 4207 accessione.
1733 4151 1950 4206 Malitia:
1999 4151 2116 4206 enit

2253 4166 2343 4201 ται
2365 4164 2382 4180 ο
2411 4147 2718 4213 Εύτελίζων
2764 4149 2873 4218 γὰρ
2903 4148 2972 4202 τὰ
3002 4149 3177 4220 μικρὰ
3200 4189 3214 4215 ,
3251 4151 3441 4219 φησὶν,
3471 4147 3628 4204 Οὐδέν
3662 4145 3770 4201 εἰσιν.

555 4241 726 4296 istius
757 4240 1215 4312 deploratissimze
1238 4256 1349 4301 ars.
1399 4250 1517 4295 rete
1541 4238 1818 4309 quoddam
1859 4248 1946 4294 est
1994 4240 2112 4294 miri

2255 4241 2355 4295 ούκ
2397 4240 2546 4295 ἐστιν
2601 4241 2882 4312 ἁμαρτίαο
2917 4242 3014 4295 καὶ
3049 4241 3239 4296 λοιπὴν
3285 4241 3571 4312 συνηθείας
3599 4243 3769 4305 ἐπικρα-

561 4331 784 4386 tcclmis
817 4333 1118 4402 implexum
1153 4340 1210 4385 et
1238 4331 1550 4384 involutum
1585 4348 1598 4383 :
1628 4329 1722 4400 qui
1756 4329 1943 4400 aliquo
1973 4346 2115 4400 usqu

2255 4331 2478 4404 τούσης,
2503 4332 2580 4396 ὡς
2601 4323 2914 4402 γάγγραινα
2939 4331 3108 4402 νομὴν
3132 4331 3564 4402 εύρίσκει.”Εθος
3585 4329 3688 4397 γὰρ.
3710 4339 3770 4390 φτ

563 4441 624 4480 se
673 4425 787 4496 jam
843 4424 973 4479 sivit
1031 4425 1138 4479 hoc
1216 4422 1487 4493 implicari
1567 4423 1807 4492 laqueo,
1873 4423 2120 4493 siquidem

2258 4428 2364 4492 olv,
2392 4424 2625 4495 δευτέρα
2660 4425 2848 4495 φύσις.
2883 4425 2996 4478 Kal
3031 4423 3211 4492 πολλῷ
3236 4425 3394 4496 κόπῳ
3420 4425 3503 4487 τίς
3528 4414 3765 4482 ἐλευθεροῦ-

565 4525 862 4573 cunctetur
890 4527 947 4572 et
971 4516 1210 4588 negligat
1244 4517 1330 4572 his
1353 4515 1505 4570 tricis
1527 4516 1804 4585 explicare
1838 4529 1897 4570 se
1924 4523 1981 4570 et
2005 4515 2122 4570 evol

2253 4536 2347 4574 ται
2393 4517 2932 4588 κατακυριευόμενος
2968 4517 3061 4570 ὑπ’
3104 4517 3299 4584 αὐτοῦ,
3354 4519 3404 4571 si.
3451 4517 3522 4587 μὴ
3551 4510 3763 4566 ἀνενὸότως

563 4626 717 4676 vere,
749 4611 899 4665 omni
948 4627 1075 4666 mox
1102 4627 1170 4666 ex
1212 4619 1367 4680 parte
1420 4608 1768 4679 astringitur.
1815 4608 1956 4663 Dum
2003 4609 2120 4664 enir

2257 4612 2353 4665 καὶ
2381 4610 2613 4674 ἀναιδῶς
2646 4608 2925 4682 προσέλθῃ
2947 4608 3024 4679 τῷ
3042 4609 3288 4680 Δεσπότῃ
3308 4607 3529 4679 Χριστῷ
3555 4603 3632 4658 διὰ
3648 4612 3761 4668 προσ·

562 4705 826 4755 extenuat
872 4697 1008 4753 furti
1047 4697 1394 4769 gravitatem,
1447 4711 1634 4751 secum
1665 4696 2046 4752 admurmurat
2071 4705 2119 4750 ta

2257 4703 2429 4774 ευχῆς
2475 4704 2571 4758 καὶ
2627 4703 2906 4774 νηστείας,
2943 4702 3037 4754 καὶ
3087 4701 3483 4771 ἐλεημοσύνης,
3517 4695 3698 4766 κράζων
3715 4682 3758 4751 τῷ

563 4791 712 4846 citus
747 4808 760 4844 :
821 4805 992 4862 parva
1033 4797 1165 4845 sunt
1204 4790 1342 4853 lucc,
1399 4787 1534 4842 nihil
1570 4787 1688 4843 lucc
1727 4796 1879 4853 sunt,
1927 4804 2039 4843 non
2070 4804 2120 4844 cs

2198 4863 2208 4865 _
2257 4795 2456 4865 Ἰησοῦ,
2475 4795 2568 4848 καὶ
2589 4794 2783 4862 λέγων·
2812 4792 3213 4862 Ἐλευθέρωσόν
3245 4810 3335 4862 με,
3363 4793 3614 4846 Δέσποτα,
3637 4776 3755 4843 ὡςτὸν

563 4893 856 4956 peccatum
897 4904 910 4939 :
939 4900 1006 4940 ac
1045 4884 1121 4939 ita
1153 4884 1419 4953 deinceps
1455 4883 1830 4938 invalescente
1855 4891 2120 4936 consuetu

2194 4863 2232 4918 θ
2261 4863 2718 4955 συσταυρωθέντα
2745 4900 2826 4936 σοι
2854 4882 3082 4954 λῃστὴν,
3119 4881 3217 4936 καὶ
3238 4883 3423 4945 Λευὶν,
3452 4880 3541 4934 καὶ
3563 4869 3751 4956 Ζακχαῐρν

565 4977 721 5041 dine,
767 4991 1072 5048 μηδι-ωηατ
1119 4975 1175 5028 in
1220 4989 1455 5039 morem,
1503 4973 1558 5028 in
1603 4974 1762 5028 ulcus
1808 4972 2122 5028 fedissimur

2258 4978 2384 5041 τοὺς
2415 4954 2688 5042 τεῗλὼναω
2727 4976 2850 5047 Χρὴ
2887 4975 2944 5028 δὲ
2974 4975 3068 5028 καὶ
3098 4975 3312 5045 δάκρυα
3347 4954 3746 5048 προσκομίσαι

567 5081 898 5138 proserpere
948 5065 1252 5120 invenitur.
1306 5065 1667 5120 Consuetudo
1712 5065 1883 5129 enim,
1917 5065 1996 5118 ait
2043 5065 2124 5120 ille

2257 5069 2359 5139 τῷ,
2407 5070 2488 5122 ὅτι
2525 5068 2594 5122 τὰ
2621 5043 2849 5138 δάκρυα⁷
2879 5066 3046 5120 δεκτὰ
3077 5043 3229 5136 αύτῷ
3249 5043 3406 5120 εἰσιν.
3431 5063 3535 5117 Kal
3561 5043 3752 5139 βλέπων-ὸ

566 5137 742 5214 altera
784 5167 872 5214 est
915 5167 1134 5213 natura.
1189 5159 1394 5229 Ecquis
1423 5158 1648 5213 tandem
1684 5158 1753 5212 ab
1797 5157 1904 5212 hac
1935 5158 2123 5212 furand

2257 5161 2390 5223 θεὸς
2449 5159 2551 5228 τὴν
2592 5160 2885 5231 μετάνοιαν
2934 5157 3122 5225 αὑτοῦ,
3169 5158 3399 5229 παρέχει
3441 5150 3580 5220 αὐτῷ
3615 5137 3754 5210 ἀγαθδδ

569 5249 997 5316 consuetudine,
1043 5251 1491 5321 quantiscunque
1563 5250 1848 5306 laboribus
1893 5251 2123 5305 eximitu

2257 5252 2519 5323 λογισμὸν
2541 5251 2637 5306 τοῦ
2672 5251 2746 5323 μὴ
2771 5251 3057 5322 ὀρέγεσθαι
3089 5251 3158 5304 τὰ
3178 5251 3271 5304 τοῦ
3298 5248 3533 5318 πλησίον.
3571 5243 3620 5293 ’0
3639 5233 3753 5288 θέλων

571 5352 629 5396 et
651 5343 1051 5413 emancipator,
1093 5343 1181 5398 vel
1209 5345 1380 5399 semel
1410 5345 1479 5399 ab
1505 5359 1569 5398 ea
1603 5343 1916 5399 edomitus?
1949 5344 2004 5399 ni
2040 5343 2124 5399 for

2261 5341 2375 5410 οὖν,
2405 5344 2480 5408 ὡς
2509 5344 2762 5415 εἴρηται,
2793 5344 2894 5413 τῆς
2921 5343 3129 5414 ἀνόμου
3163 5342 3366 5413 ταύτης
3393 5334 3628 5411 ἐργασίας
3648 5325 3751 5377 ἕλευ·

573 5449 672 5488 san
701 5434 748 5489 is
773 5449 883 5488 non
911 5433 1289 5504 perfunctorie
1328 5449 1392 5489 ac
1423 5435 1578 5490 nullo
1605 5444 1919 5491 remorante
1943 5437 2130 5506 pudori

2267 5437 2453 5506 θερίας
2475 5438 2682 5506 τυχεῖν,
2706 5435 2988 5506 εὐμαρῶς,
3014 5435 3084 5487 δι’
3107 5431 3500 5504 ἀκτημοσύνης,
3526 5424 3604 5477 καί
3627 5417 3749 5476 ὀλιγο-

573 5523 779 5578 Cltristi
805 5525 1025 5580 Domini
1049 5525 1279 5595 supplex
1310 5526 1562 5596 procidat
1595 5526 1831 5596 pedibus
1852 5567 1866 5590 ,
1900 5542 2000 5596 per
2029 5542 2124 5583 ora

2269 5529 2467 5593 σιτίαςν
2522 5529 2618 5581 καὶ
2667 5528 3018 5601 προσευχῆς,
3066 5527 3162 5580 καὶ
3219 5527 3318 5597 τῆς
3370 5522 3471 5575 τῶν
3519 5508 3749 5587 μελλόντων

581 5769 624 5797 μ
734 5710 877 5797 P_sal.
907 5724 1054 5797 nit,
1081 5708 1161 5797 2;.
1195 5779 1231 5797 ᾗ
1253 5708 1309 5797 ⁸³.
1331 5711 1502 5765 Eccli.
1537 5727 1652 5797 ξιιι,
1677 5713 1762 5797 50‘.
1793 5782 1828 5797 Α
1879 5713 1924 5743 ⁸⁸
1949 5713 2123 5797 Ριογἕ

2188 5727 2332 5770 xvm.
2363 5710 2449 5765 13.
2563 5709 2608 5742 ⁸⁷
2657 5710 2820 5766 Prov.
2893 5722 3040 5770 xxvi,
3101 5705 3192 5758 9.7.
3283 5703 3325 5735 ⁸⁸
3358 5694 3521 5755 Ecclc.
3569 5701 3626 5745 ιν.
3656 5677 3745 5741 ’νὼ

608 5776 624 5797 ⁵
655 5779 838 5834 Ecclc.
866 5794 961 5846 vtt,
986 5776 1039 5834 ευ.
1117 5781 1161 5813 ⁸⁸
1191 5779 1330 5836 Psal.
1357 5798 1497 5849 uxr,
1535 5785 1588 5838 4.
1641 5776 1704 5816 ’³⁸
1739 5785 1759 5839 l
1790 5782 1914 5839 Cor.
1957 5799 2028 5848 tv,
2062 5781 2146 5851 12,

1268 5781 1330 5835 al.
1357 5798 1497 5849 LXXI,
1535 5785 1588 5838 4.
1641 5776 1704 5816 ’³⁸
1739 5785 1759 5839 ι
1790 5782 1914 5839 Cor.
1957 5799 2028 5848 tv,
2062 5781 2146 5851 12,
2183 5782 2264 5836 15.
2328 5781 2546 5838 ",Luc.
2583 5796 2730 5851 χχιιι,
2769 5781 2825 5834 ‘2.
