3944 6410
266 341 399 409 1561

1375 347 1705 408 HOMILIA
1744 335 1899 408 XLI.
1933 371 2003 383 ·-
2042 348 2140 409 DE
2178 347 2452 409 FURTO.

3396 341 3535 407 1562

267 454 635 526 προσδοκίας,
697 455 894 527 ῥᾳδίως
953 453 1388 509 ἀπαλλάσσεται.
1449 454 1509 510 Ὀ
1557 455 1886 524 φυλάττων,

1995 473 2184 524 onem,
2233 456 2529 528 jejunium,
2563 465 2622 511 et
2669 455 3102 526 eleemosynam,
3129 467 3346 510 exserta
3400 469 3532 510 voce

265 548 377 620 γὰρ
409 547 500 600 τὸν
523 547 690 618 νόμον
711 586 726 612 ,
764 546 1098 617 φυλάττεται
1127 548 1233 602 ὑπὸ
1261 551 1550 619 νομοδότου
1584 549 1846 620 Χριστοῦ.

264 640 357 708 Μὴ
387 635 480 692 οὗν
508 639 897 711 ἀμελήσωμεν,
921 641 1216 711 ἀγαπητοὶ,
1243 641 1339 694 τοῦ
1372 641 1654 711 συντόμως
1682 641 1852 694 ἀπαλ-

1949 551 2144 606 dicens
2178 567 2192 604 :
2229 549 2384 612 Jesu,
2417 559 2500 614 tu,
2535 548 2609 602 mi
2657 547 2912 613 Domine,
2949 547 3148 612 libera,
3179 562 3388 617 quaeso,
3421 562 3532 609 me,

1952 641 2161 696 utolim
2189 640 2438 694 liberasti
2459 639 2733 693 latronem
2761 653 2871 692 una
2897 646 3080 691 tecum
3102 638 3255 692 cruci
3284 637 3530 700 aﬂixum,

268 731 502 800 λαγῆναι
531 731 629 800 τῆς
664 730 921 802 τοιαύτης
953 730 1236 802 αἰσχύνης·
1275 731 1421 784 ἐστιν
1448 732 1558 801 γὰρ
1587 730 1648 783 τὸ
1679 731 1851 794 πάθος

1988 734 2085 787 .evi
2143 733 2372 802 insuper
2412 741 2470 786 et
2521 731 2845 785 Zacchazum
2890 730 3251 800 publicanos?
3298 729 3536 784 Necesse

268 821 427 875 τοῦτο
445 822 892 876 δυσαπάλλακτον
919 837 934 851 ·
966 823 1154 893 ἐπειδὴ
1178 823 1578 892 θυμηδέστερον
1601 822 1851 890 φαίνεται

268 913 347 984 τῷ
373 913 582 987 κλέπτῃ
610 914 900 984 ἐπιθυμεῖν
925 914 1034 966 τῶν
1065 916 1384 984 ἀλλοτρίων.
1419 915 1530 968 Kal
1559 914 1733 967 δοκῶν
1767 913 1855 984 θη-

273 1005 455 1073 ρεύειν
487 1003 558 1058 τὰ
599 1006 673 1076 μὴ
701 1004 890 1068 αὐτοῦ,
920 1006 1218 1058 ἀπόλλυσιν
1245 1004 1316 1058 τὰ
1347 1006 1536 1059 αὐτοῦ.
1574 1003 1854 1072 Συνῆπται

273 1097 330 1150 δέ
366 1098 460 1151 καλ⁷
486 1100 554 1168 τῇ
593 1098 766 1169 κλοπῇ
796 1097 858 1150 τὸ
885 1097 1081 1165 ψεῦδος
1119 1098 1215 1152 καὶ
1245 1100 1277 1169 ἡ
1319 1097 1678 1166 συκοφαντία.
1718 1097 1857 1164 Φησὶ

273 1191 384 1262 γὰρ
415 1192 443 1242 6
481 1191 644 1261 νόμος
669 1207 681 1220 ·
720 1209 739 1242 ι
783 1191 857 1244 Ού
894 1190 1136 1260 κλέψεις,
1166 1191 1228 1244 οὐ
1256 1190 1502 1260 ψεύσεις,
1533 1189 1657 1242 ούδέ
1697 1206 1860 1242 συκο-

277 1283 571 1352 φαντήσεις
603 1287 695 1334 τόν
722 1281 949 1351 πλησίον
979 1300 1094 1336 σου.
1138 1301 1156 1334 ι
1193 1281 1255 1335 Ὀ
1285 1281 1342 1334 δέ
1377 1282 1556 1352 Ἀχαρ
1585 1282 1639 1347 h,
1676 1298 1858 1351 παρα-

277 1375 445 1445 ϐάτης
471 1375 638 1444 νόμου
676 1376 771 1428 καὶ
808 1376 1030 1446 ἐντολῆς
1058 1375 1371 1446 γενόμενος,
1398 1375 1626 1444 ἔκλεψεν
1673 1377 1735 1428 ἐκ
1762 1374 1858 1429 τοῦ

278 1465 442 1520 ἀναθέ
451 1484 642 1538 ματος,
659 1467 880 1538 ψελλὴν,
895 1470 990 1522 καὶ
1006 1468 1263 1536 γλῶσσαν
1285 1468 1514 1539 χρυσῆν,
1537 1470 1630 1520 καὶ
1648 1468 1864 1539 δεδραγ-

281 1573 358 1627 μα
394 1558 683 1612 διακόσια·
731 1563 826 1614 καὶ
870 1561 958 1614 διὰ
1000 1560 1099 1631 τὴν
1130 1560 1297 1614 αὑτοῦ
1348 1561 1624 1631 ἁμαρτίαν
1667 1561 1695 1615 6
1734 1561 1864 1623 λαὸς

279 1647 469 1713 ὤλετο,
510 1651 560 1704 εί
597 1651 672 1722 μὴ
703 1654 731 1706 ό
783 1652 1041 1724 Θεράπων
1082 1651 1292 1722 Ἰησοῦς
1320 1651 1551 1720 ἐϐόησεν
1584 1652 1721 1723 πρὸς
1748 1653 1865 1706 Κύ-

285 1757 419 1812 ριον,
450 1742 545 1795 καὶ
573 1742 737 1806 αὐτὸς
780 1744 1128 1814 ἐφανέρωσεν
1158 1743 1308 1814 αὺτῷ
1352 1743 1540 1798 αὐτόν.
1574 1743 1686 1810 Kal
1710 1740 1865 1797 εἶπεν

1954 827 2187 898 proinde
2248 826 2340 890 sit,
2389 826 2538 879 hunc
2579 824 2742 878 talem
2784 822 2854 877 ad
2915 823 3210 876 Dominum
3267 821 3540 890 lacryma's

1954 921 2290 992 praemittere
2344 929 2400 973 et
2447 917 2649 972 oﬂ‘erre
2693 934 2706 969 :
2757 916 2964 970 etenim
3016 916 3272 986 lacrymaa
3305 913 3386 967 illi
3417 927 3543 982 per-

1957 1026 2119 1081 quam
2156 1018 2396 1078 accepta:
2434 1014 2583 1061 sunt.
2610 1005 2784 1061 Simul
2819 1005 2968 1060 enim
3004 1005 3151 1058 Deus
3175 1013 3237 1057 ut
3267 1003 3428 1056 istius
3455 1000 3543 1055 vi-

1959 1103 2052 1158 det
2089 1099 2493 1172 paenitentiam,
2541 1098 2741 1151 bonam
2795 1111 2922 1150 mox
2956 1096 3165 1164 aspirat
3205 1093 3362 1148 cordi
3397 1091 3546 1162 cogi-

1961 1195 2262 1256 tationem,
2295 1197 2358 1244 ut
2397 1204 2465 1243 ne
2495 1190 2551 1243 in
2591 1197 2876 1257 posterum
2910 1184 3212 1254 quidquam
3243 1183 3382 1239 male
3407 1197 3544 1237 con-

1961 1283 2212 1350 cupiscat
2257 1292 2451 1334 eorum
2508 1293 2631 1346 quae
2693 1276 2748 1329 in
2813 1275 3032 1345 peculio
3085 1281 3215 1328 sunt
3278 1270 3543 1342 proximi.

1967 1372 2180 1443 1093
2228 1370 2493 1440 Quisquis
2539 1370 2726 1439 igitur,
2773 1367 2843 1421 ab
2883 1367 2988 1420 hac
3023 1365 3214 1435 exlege
3251 1373 3308 1420 et
3353 1364 3547 1433 iniqua

1963 1464 2286 1534 operatione
2338 1477 2449 1517 non
2508 1476 2708 1531 magno
2765 1461 3064 1514 admodum
3116 1455 3340 1528 negotio
3391 1454 3548 1525 cupit

1965 1559 2306 1629 emaneipari
2353 1566 2410 1612 et
2454 1557 2713 1611 libertate
2749 1556 2983 1626 perfrui,
3026 1570 3159 1609 sane
3199 1554 3248 1608 is
3277 1568 3376 1622 per
3402 1552 3550 1606 elee—

1966 1662 2252 1719 mosynam
2287 1655 2346 1701 et
2383 1645 2752 1716 frugalitatem
2781 1645 2896 1698 sive
2923 1642 3320 1713 parcimoniam
3342 1641 3546 1702 victus,

1968 1756 2069 1811 per
2110 1739 2420 1794 orationem
2464 1745 2521 1791 et
2558 1736 2875 1790 futurorum
2906 1749 3058 1804 spem
3097 1731 3355 1788 neutrubi
3382 1730 3554 1785 vacil-

297 1831 508 1900 Ἰησοῦς
536 1849 552 1865 ·
590 1850 610 1884 ι
660 1834 727 1887 Τί
773 1834 856 1888 ὅτι
901 1835 1114 1900 ὤλεσας
1151 1838 1338 1906 ήμᾶςς
1383 1833 1762 1905 ἐξολοθρεύσαι
1807 1849 1868 1887 σε

1989 1845 2194 1898 antem,
2254 1831 2413 1886 facile
2439 1829 2555 1883 voti
2610 1827 2702 1882 ﬁet
2724 1841 2972 1895 compos.
3003 1823 3109 1891 Qui
3157 1832 3342 1878 autem
3370 1827 3554 1878 servat

287 1924 514 1995 Κύριος.
563 1944 582 1978 ι
629 1927 741 1982 Καὶ
787 1929 1064 1982 ἀπέλαϐεν
1095 1930 1383 2001 ἰσόρροπον
1429 1928 1524 1982 τοῦ
1553 1927 1870 1999 κλέμματος

287 2016 390 2086 τῆς
433 2020 805 2089 παρανομίας.
861 2021 1274 2087 Ἐλιθοϐόλησεν
1320 2021 1430 2092 γὰρ
1479 2021 1645 2075 αὐτὸν
1684 2022 1793 2084 πᾶς
1841 2021 1870 2073 ό

290 2107 419 2172 λαὸς
475 2109 573 2163 σὺν
631 2113 802 2166 πᾶσιν
855 2115 966 2176 τοῖς
1006 2113 1194 2178 αὐτοῦ,
1229 2113 1324 2166 καὶ
1375 2113 1664 2166 ἀπέθανεν.
1693 2112 1872 2164 Καὶιό

294 2201 578 2272 προφήτης
603 2203 881 2273 Ζαχαρίας
909 2203 1167 2274 περὶτῶν
1196 2202 1455 2256 τοιούτων
1487 2201 1674 2270 φησίν·
1713 2219 1733 2252 ι
1763 2201 1874 2254 Καὶ

294 2294 664 2350 εἰσελεύσεται
706 2299 740 2369 ἡ
801 2299 911 2369 ἀρὰ
944 2301 1024 2362 εἰς
1056 2299 1149 2352 τὸν
1177 2293 1326 2351 οἷκον
1351 2297 1446 2350 τοῦ
1479 2297 1713 2350 κλέπτου
1734 2336 1750 2359 ,
1781 2293 1875 2348 καὶ

297 2388 376 2448 είς
397 2386 487 2440 τὸν
507 2384 656 2441 οἶκον
689 2389 781 2442 τοῦ
806 2389 1123 2459 ὀμνύοντος,
1167 2391 1264 2443 καὶ
1293 2388 1591 2442 καταλύσει
1624 2387 1685 2440 ἐν
1725 2386 1877 2457 μέσῳ

299 2477 482 2532 αὑτοῦ.
511 2497 531 2530 ι
568 2479 801 2550 Ἔχειδέ
829 2482 924 2534 καὶ
952 2484 980 2535 ό
1010 2482 1275 2552 κλέπτης,
1309 2481 1404 2534 καὶ
1436 2481 1529 2533 τὸν
1556 2480 1718 2550 ὅρκον
1749 2495 1878 2530 συν-

305 2570 653 2641 επισχύοντα,
683 2571 824 2625 ὥστε
851 2573 960 2625 πᾶν
991 2573 1226 2643 κλέμμα
1256 2571 1527 2640 ἀνάθεμα.
1557 2569 1615 2623 Ὀ
1643 2569 1700 2621 δέ
1731 2570 1880 2637 Παρ-

1970 1929 2166 1998 legem,
2221 1924 2413 1994 utique
2461 1921 2530 1975 ab
2587 1935 2656 1974 eo
2696 1919 3007 1989 protegitur
3049 1925 3107 1971 et
3150 1921 3405 1970 servatur
3454 1910 3554 1981 qui

1973 2020 2153 2077 sanxit
2197 2019 2397 2088 legem,
2442 2015 2682 2071 Christo.
2722 2012 2801 2066 Ne
2834 2011 3025 2081 igitur,
3065 2005 3378 2062 charissimi
3421 2019 3559 2059 cun-

1973 2124 2190 2170 ctemur
2220 2110 2289 2165 ab
2318 2110 2426 2163 hoc
2450 2123 2550 2178 per
2577 2121 2635 2160 se
2666 2103 2926 2174 pudendo
2949 2111 3006 2156 et
3045 2098 3413 2169 ignominioso
3455 2094 3556 2150 de-

1975 2207 2389 2271 decore,,quam
2420 2197 2676 2253 ocissime
2700 2191 3061 2262 emancipari.
3105 2191 3232 2244 Haec
3261 2187 3410 2242 enim
3441 2185 3561 2239 ani-

1977 2296 2052 2351 mi
2075 2293 2348 2366 mgritudo
2372 2291 2620 2345 insidens
2643 2287 2830 2341 animo
2860 2284 3054 2347 semel,
3079 2282 3148 2337 ab
3177 2295 3244 2335 eo
3272 2277 3560 2350 aegerrime

1978 2407 2036 2447 se
2064 2389 2198 2444 sinit
2227 2386 2412 2448 avelli,
2454 2398 2579 2438 cum
2619 2382 2710 2436 fur
2737 2379 2948 2441 credat,
2983 2373 3342 2444 cupiditatem
3382 2369 3562 2426 aliena

1981 2481 2281 2551 suppilare,
2304 2493 2422 2532 rem
2460 2490 2583 2530 esse
2616 2485 2952 2543 magnopere
2977 2465 3340 2537 expetendam
3375 2475 3440 2514 ac
3462 2459 3564 2513 de-

1980 2573 2292 2629 lectabilem
2329 2587 2343 2623 :
2381 2567 2509 2622 inde
2534 2565 2594 2619 ﬁt
2615 2574 2694 2628 ut,
2722 2577 2846 2617 cum
2877 2559 3101 2614 videtur
3130 2571 3243 2610 non
3269 2569 3368 2609 sua
3392 2563 3565 2605 vena-

304 2639 592 2733 οιμιαστής
614 2680 628 2695 ·
666 2681 686 2714 ‹
738 2664 925 2728 Ὁδοὺς
954 2639 1168 2719 ἀσεϐῶν
1203 2664 1278 2735 μὴ
1311 2664 1591 2737 ιέπέλθῃς,
1635 2661 1881 2715 ἓκκλινον

1988 2675 2162 2722 torum
2205 2675 2359 2716 more
2396 2655 2725 2720 consectari,
2749 2669 2871 2723 qua:
2915 2651 2998 2706 sui
3037 2657 3170 2703 sunt
3201 2645 3344 2717 juris
3373 2639 3568 2713 perdat

305 2753 398 2805 ἀπ’
427 2755 617 2826 αὐτῆς,
649 2756 744 2809 καὶ
770 2757 1134 2828 παράλλαξον.
1182 2734 1213 2808 »⁷
1257 2734 1664 2824 ’ΫΑσέϐειαλγὰρ
1710 2755 1879 2818 ἐστιν,

1988 2759 2172 2812 miser.
2202 2753 2372 2808 Furto
2403 2749 2753 2804 mendacium
2781 2753 2946 2813 atque
2977 2738 3252 2796 calumnia
3283 2735 3401 2806 pari
3435 2734 3569 2803 jugo

305 2846 375 2899 τὰ
421 2847 531 2902 τῶν
581 2848 760 2902 ἄλλων
801 2827 1211 2902 οἰκειώσασθαι.
1252 2849 1365 2902 Kal.
1399 2848 1629 2916 ἐπάγει·
1665 2847 1728 2899 El
1775 2846 1882 2916 γὰρ

1988 2847 2443 2904 confmderantur
2481 2860 2494 2896 :
2548 2839 2826 2909 siquidem
2865 2837 2954 2890 lex
2983 2835 3062 2888 ait
3093 2850 3107 2886 :
3141 2850 3159 2882 ι
3198 2831 3320 2885 Non
3357 2827 3571 2882 furtum

307 2937 634 3010 ἐπορεύοντο
699 2940 920 3010 τρίϐους
973 2940 1206 3008 ἀγαθὰς,
1261 2939 1498 3011 εὖροσαν
1546 2939 1613 2994 ἂν
1661 2938 1886 3010 τρίϐους

1988 2939 2178 2998 facies,
2197 2951 2309 2990 non
2335 2930 2642 2996 mentieris,
2668 2945 2780 2983 non
2805 2921 3238 2982 calumniaberis
3257 2917 3570 2989 proximum

307 3033 675 3103 δικαιοσύνης.
707 3035 820 3089 Καὶ
854 3037 882 3087 6
933 3034 1147 3098 Παῦλος
1184 3010 1468 3105 παραινῶν
1492 3050 1658 3104 φησιν
1687 3049 1701 3062 ·
1733 3051 1752 3084 ‹
1792 3031 1886 3101 Μὴ

1991 3038 2148 3083 tuum
2177 3027 2247 3079 ³³.
2292 3043 2310 3074 ι
2343 3022 2528 3077 Achar
2567 3019 2657 3073 ille
2692 3016 2919 3071 sancita:
2960 3012 3096 3083 legis
3124 3010 3284 3066 istius
3321 3020 3387 3061 ac
3415 3019 3574 3058 man-

308 3122 478 3176 δίδοτε
513 3095 676 3178 τόπον
711 3124 788 3195 τῷ
818 3125 1082 3193 διαϐόλῳ·
1195 3095 1470 3187 κλέπτων,
1502 3095 1720 3193 ’μηκέτι
1759 3095 1886 3174 κλελ

1995 3120 2108 3175 dati
2166 3114 2557 3188 praevaricator
2603 3109 2800 3172 factus,
2851 3105 3067 3159 furatus
3099 3109 3186 3157 est
3234 3115 3302 3154 ex
3339 3095 3574 3150 anathe-

312 3214 508 3280 πτέτω,
555 3183 840 3284 μᾶλλονδέ
865 3183 1132 3281 κοπιάτω,
1174 3183 1545 3286 ἐργαζόμενος
1577 3183 1699 3275 ταῖς
1731 3211 1886 3273 ἰδίαις

1994 3217 2139 3265 male
2169 3183 2416 3260 militare
2463 3200 2689 3270 pallium
2726 3205 2784 3250 et
2829 3194 3072 3263 linguam
3113 3202 3338 3244 auream
3369 3195 3428 3241 et
3473 3183 3580 3238 du-

314 3309 498 3379 χερσὶν
535 3309 596 3361 τὸ
623 3307 867 3377 ἀγαθὸν,
927 3307 1012 3362 ἵνα
1049 3307 1148 3378 ἔχῃ
1201 3306 1544 3377 μεταδιδόναι
1585 3302 1662 3374 τῷ
1701 3303 1893 3374 χρείαν

310 3399 508 3472 ἔχοντι.
561 3417 580 3451 ι
623 3401 731 3452 Kal.
780 3399 957 3462 αὖθις·
1010 3416 1030 3449 ι
1092 3398 1274 3466 Ἔγνω
1325 3396 1530 3468 Κύριος
1567 3394 1695 3458 τοὺς
1736 3393 1895 3456 ὄντας

314 3491 502 3546 αὐτοῦ.
535 3511 554 3544 ι
581 3492 709 3566 Καί·
739 3511 756 3543 ι
781 3491 1100 3561 Ἀποστήτω
1135 3491 1244 3542 ἀπὸ
1268 3488 1482 3550 ἀδικίας
1508 3488 1618 3550 πᾶς
1648 3488 1676 3540 ὁ
1699 3484 1898 3554 ὀνομά-

316 3581 425 3646 ζων
448 3583 511 3636 τδ
541 3583 713 3654 δνομα
747 3583 979 3654 Κυρίου.
1022 3601 1041 3634 ι
1094 3581 1205 3634 Kal.
1233 3579 1489 3650 ἐπιφέρει
1509 3595 1524 3610 ·
1570 3597 1590 3630 ι
1649 3576 1778 3631 Ἐὰν
1803 3575 1898 3629 οὖν

318 3673 600 3746 ἐκκαθάρῃ
645 3692 730 3738 τις
757 3674 953 3730 ἐαυτὸν
981 3673 1091 3728 άπὸ
1130 3670 1338 3726 τούτων
1357 3711 1372 3735 ,
1411 3670 1566 3723 ἐσται
1595 3667 1788 3732 σκεῦος
1822 3668 1900 3729 εἰς

318 3765 482 3837 τιμὴν
511 3767 870 3835 ἡγιασμένον.
910 3785 928 3818 ι
963 3765 1072 3818 Καὶ
1098 3763 1404 3818 ἐπιστέλλει
1428 3760 1506 3832 τῷ
1529 3760 1695 3827 Τίτῳ·
1725 3777 1743 3810 ι
1772 3756 1904 3810 Δού-

322 3856 448 3920 λους
474 3845 769 3920 δεσπόταις
803 3857 954 3919 ἰδίοις
985 3853 1393 3908 ὑποτάσσεσθαι
1418 3854 1476 3905 ἐν
1500 3852 1689 3915 πᾶσιν,
1709 3848 1906 3920 εὐαρέ-

323 3967 482 4014 στους
515 3948 676 4014 εἶναι,
725 3969 744 4001 ι
793 3950 868 4022 μὴ
909 3948 1314 4016 ἀντιλέγοντας,
1349 3944 1424 4017 μὴ
1453 3937 1902 4012 νοσφιζομένους,

325 4044 461 4097 ἀλλὰ
499 4045 681 4096 πᾶσαν
728 4041 920 4094 πίστιν
965 4039 1408 4109 ἐνδεικνυμένους
1437 4035 1670 4105 ἀγαθήν.
1701 4035 1764 4088 Ei
1795 4034 1906 4104 γὰρ

329 4139 403 4190 ἐκ.
425 4137 535 4190 τῶν
579 4135 798 4189 οἰκείων
836 4133 1226 4203 νοσφισάμενοι
1249 4171 1264 4194 ,
1301 4129 1544 4184 τοιοῦτον
1577 4128 1734 4190 τέλος
1762 4127 1906 4196 ἁπη-

329 4229 614 4298 νέγκαντο,
669 4225 920 4288 Ἀνανίας
953 4224 1048 4277 καὶ
1079 4223 1370 4292 Σάπφειρα
1400 4221 1472 4291 (οἱ
1497 4223 1554 4273 ἐν
1583 4221 1707 4282 ταῖς
1755 4217 1910 4288 Πρά-

335 4321 503 4388 ξεσιν,
535 4319 725 4390 φημὶ),
753 4319 905 4386 πόσῳ
941 4315 1142 4384 μᾶλλον
1168 4316 1217 4367 oi
1241 4316 1306 4367 ἐκ
1329 4313 1441 4366 τῶν
1468 4310 1763 4381 ἀλλοτρίων
1789 4326 1804 4376 ;
1840 4308 1913 4360 Τὸ

336 4413 441 4482 γὰρ
496 4411 722 4480 κλέμμα
775 4408 1047 4478 σύμϐολόν
1095 4407 1242 4459 ἐστιν
1292 4405 1388 4459 τοῦ
1443 4401 1778 4472 ἀφίστασθαι
1813 4401 1914 4470 τῆς

337 4467 877 4576 άληθείας“·“μᾶλλον
900 4500 956 4555 δέ
981 4500 1073 4553 καὶ
1103 4499 1203 4568 τῆς
1236 4467 1563 4567 δεσποτικης
1595 4467 1885 4565 προδοσίας

1988 4501 1990 4523 ¹
2021 4489 2340 4553 accesseris,
2373 4483 2469 4540 sed
2515 4478 2732 4536 declina
2766 4475 2836 4531 ab
2862 4474 2944 4529 eis
2970 4482 3025 4526 et
3053 4468 3276 4524 discede
3300 4467 3366 4519 ".

339 4600 654 4668 Γέγραπτα.
709 4595 819 4664 γὰρ
872 4595 931 4645 ἐν
971 4592 1048 4663 τῷ
1086 4590 1231 4644 κατὰ
1270 4589 1526 4658 Ἰωάννην
1569 4585 1914 4655 Εὐαγγελίῳ·

347 4708 366 4739 ι
405 4689 572 4756 Λέγει
599 4681 692 4739 οὖν
735 4679 816 4747 εἷς
840 4685 905 4738 ἐκ
949 4683 1058 4737 τῶν
1088 4679 1381 4752 μαθητῶν,
1433 4677 1634 4740 Ἰούδας
1680 4677 1864 4747 Σίμων
1893 4677 1921 4728 ὁ

354 4775 730 4846 Ἰσκαριώτης·
785 4773 885 4827 Διά
941 4772 994 4825 τί
1043 4772 1204 4825 τοῦτο
1244 4769 1304 4822 τὸ
1356 4767 1526 4839 μύρον
1557 4768 1660 4820 οὐκ
1705 4764 1919 4836 ἐπράθη

343 4868 675 4937 τριακοσίων
717 4865 990 4936 δηναρίων
1019 4905 1032 4927 ,
1070 4863 1162 4917 καὶ
1211 4862 1365 4930 ἐδόθη
1425 4862 1701 4930 πτωχοῖς;
1752 4852 1922 4911 Εἶπεν

345 4963 402 5016 δέ
439 4960 634 5024 τοῦτο,
679 4959 776 5029 οὐχ
807 4960 888 5012 ὅτι
917 4957 1046 5028 περὶ
1079 4956 1188 5009 τῶν
1237 4953 1466 5024 πτωχῶν
1509 4951 1700 5023 ἔμελεν
1749 4949 1923 5018 αὐτῷ,

1995 3307 2185 3357 centas
2225 3293 2582 3350 didrachmas
2614 3308 2628 3343 :
2665 3299 2832 3357 atque
2864 3286 2936 3339 ob
2973 3285 3081 3337 hoc
3120 3286 3412 3350 peccatum
3445 3289 3580 3345 per-

1972 3395 2139 3449 ‘ierat
2189 3387 2452 3460 populus,
2521 3382 2631 3436 nisi
2698 3380 2866 3434 Josue
2919 3375 3160 3429 famulus
3216 3367 3434 3424 Domini
3510 3363 3578 3419 ad

1998 3487 2170 3540 Deum
2223 3478 2452 3550 supplex
2493 3474 2876 3529 exclamasset.
2908 3469 2978 3522 At
3024 3466 3117 3520 hic
3169 3463 3377 3517 furtum
3417 3472 3579 3514 suum

2002 3571 2247 3644 prodidit
2292 3545 2485 3629 losue,
2521 3564 2616 3633 qui
2661 3571 2718 3616 et
2764 3558 2947 3613 dixit:
2988 3575 3007 3607 ι
3045 3554 3116 3610 Ut
3156 3550 3290 3622 quid
3341 3545 3582 3644 turbasti

2000 3636 2135 3720 nos?
2185 3659 2446 3717 exturbet
2497 3664 2550 3710 te
2609 3647 2960 3707 Dominus”.
3006 3665 3023 3697 ι
3071 3645 3313 3712 Ecquem
3374 3636 3586 3706 recepit

2002 3757 2246 3811 fructum
2273 3751 2342 3805 de
2394 3748 2542 3801 furto
2593 3736 3108 3814 prawaricationis?
3153 3732 3291 3787 Cum
3324 3729 3586 3783 universo

2006 3847 2279 3918 siquidem
2307 3841 2525 3914 peculio
2560 3838 2676 3906 ipse
2713 3829 3018 3893 intercidit,
3049 3842 3111 3881 ac
3138 3833 3392 3878 mortuus
3415 3827 3523 3882 est,
3553 3833 3587 3872 α

2006 3912 2212 4014 populo
2263 3912 2546 4015 appetitus
2619 3924 2919 3996 lapidibus.
2951 3918 3246 3974 Zacharias
3291 3912 3585 3984 propheta,

2007 4005 2410 4101 ile-ejusmodi:
2446 4042 2464 4074 ι
2494 4023 2562 4077 Ει
2585 4016 2928 4089 ingredietur
2948 4007 3262 4065 maledictio
3285 4006 3340 4059 in
3364 4005 3589 4058 domum

2010 4097 2168 4188 furis,
2196 4131 2252 4176 et
2288 4120 2345 4174 in-
2381 4117 2605 4170 domum
2631 4107 2890 4182 jurantis,
2931 4112 2987 4159 et
3016 4100 3232 4157 eversio
3263 4098 3355 4152 ﬁet
3386 4097 3444 4149 in
3473 4109 3593 4149 me-

2012 4218 2106 4273 dio
2126 4216 2322 4270 domus
2353 4211 2571 4265 illorum
2585 4206 2653 4258 ⁸⁸.
2693 4223 2710 4255 ι
2739 4201 2916 4256 Habet
2939 4197 3087 4253 enim
3113 4194 3201 4247 fur
3216 4193 3592 4262 juramentum

2014 4324 2124 4381 quo
2171 4322 2229 4362 se
2261 4303 2418 4359 fulcit
2447 4315 2512 4354 ac
2556 4298 2756 4351 firmat.
2791 4293 2978 4361 Itaque
3009 4289 3220 4342 furtum
3263 4299 3427 4338 omne
3471 4297 3598 4335 ana-

2015 4377 2198 4457 thema
2227 4400 2340 4453 est.
2387 4390 2773 4449 Parazmiastes
2813 4403 2827 4438 :
2869 4402 2886 4434 ι
2918 4381 2998 4437 Ad
3028 4380 3146 4433 vias
3183 4377 3482 4445 impiorum
3525 4387 3595 4426 ne

3405 4485 3424 4516 ι
3455 4463 3597 4518 Sane

2017 4579 2319 4652 impietatis
2346 4583 2432 4631 est
2461 4572 2566 4628 sibi
2611 4569 2896 4623 vindicare
2933 4579 3055 4633 qua
3093 4559 3258 4615 alieni
3289 4555 3599 4625 suntjuris.

2019 4675 2076 4730 Si
2099 4645 2256 4728 enim
2301 4667 2390 4723 isti
2435 4671 2580 4718 recta
2617 4658 2849 4730 ingressi
2890 4655 3146 4715 fuissent,
3196 4649 3458 4703 nimirum
3513 4645 3602 4698 in-

2020 4762 2302 4817 venissent
2358 4753 2582 4810 semitas
2642 4746 2888 4817 iustitiae.
2941 4743 3072 4798 Jure
3124 4739 3290 4808 igitur
3341 4735 3602 4789 admonet

2022 4853 2227 4910 Paulus
2256 4867 2270 4903 :
2309 4868 2326 4900 ι
2380 4845 2459 4901 Ne
2498 4840 2764 4897 dederitis
2792 4838 2972 4891 locum
3005 4831 3224 4886 diabolo
3257 4847 3270 4881 :
3306 4825 3401 4895 qui
3448 4824 3602 4877 fura-

2026 4945 2211 5006 batur,
2243 4941 2353 5010 jam
2385 4951 2452 4989 ne
2485 4933 2727 4994 furetur;
2766 4926 2940 4995 magis
2966 4932 3148 4975 autem
3199 4919 3436 4977 laboret,
3470 4927 3604 4982 ope-

348 5052 463 5106 άλλ¹
491 5053 575 5105 ὅτι
616 5007 858 5118 κλέπτης
886 5044 975 5120 ἦν,
993 5007 1102 5101 ικαὶ.
1122 5007 1189 5100 τὸ
1214 5007 1603 5115 γλωσσόκομον
1636 5043 1799 5113 ἔχων,
1834 5007 1886 5094 κέ

2029 5050 2159 5090 rans
2189 5033 2305 5092 suis
2334 5028 2589 5084 manibus
2613 5022 2759 5094 quod
2782 5022 2985 5076 bonum
3014 5025 3120 5080 est,
3152 5023 3212 5068 ut
3233 5013 3432 5066 habeat
3463 5007 3611 5061 unde

350 5143 421 5198 τὰ
446 5142 750 5214 βαλλόμενα
777 5138 1099 5204 ἐϐάσταζεν.
1138 5159 1158 5191 ι
1209 5140 1272 5191 '0
1301 5136 1357 5189 δέ
1386 5137 1591 5204 Κύριος
1651 5132 1928 5205 μακροθύ-

358 5255 472 5308 μως
515 5236 693 5290 πάντα
733 5235 949 5306 ἔφερεν.
979 5233 1138 5304 Αύτῷ
1178 5234 1210 5304 ἡ
1259 5232 1387 5296 δόξα
1416 5232 1494 5293 εἰς
1531 5231 1656 5294 τοὺς
1703 5229 1928 5290 αἰῶνας.

368 5328 423 5380 Ἀ
435 5327 563 5398 μήν.

463 5482 507 5512 ’³
536 5479 706 5534 Exod.
731 5471 1036 5543 xx,l5,16.
1059 5476 1106 5508 ³³
1134 5477 1298 5532 Josue
1322 5494 1409 5545 vn,
1447 5477 1536 5532 23.

365 5551 472 5604 "II
507 5550 648 5604 Tini.
690 5564 724 5602 ll
757 5550 886 5612 .19.
963 5550 1008 5580 ⁹⁹
1043 5547 1180 5601 ibid.
1301 5557 1306 5560 '

1639 5477 1683 5506 ⁸⁵
1724 5473 1953 5530 Zachar.
1988 5488 2041 5535 v,
2088 5469 2143 5522 '5.
2242 5467 2288 5499 ⁸⁸
2314 5467 2477 5520 Prov.
2533 5479 2607 5529 Iv,
2653 5460 2739 5525 M,
2784 5457 2872 5512 15.

2031 5128 2238 5182 tribuat
2291 5121 2678 5178 necessitatem
2719 5112 3033 5170 habenti”.
3085 5129 3103 5160 ι
3147 5109 3403 5162 Rursus:
3449 5101 3610 5157 Novit

2030 5219 2300 5276 Dominus
2340 5215 2436 5285 qui
2483 5220 2612 5268 sunt
2648 5211 2769 5281 ejus
2787 5209 2856 5261 ’⁸.
2900 5206 2967 5260 Et
3002 5221 3015 5257 :
3057 5223 3075 5253 ‹
3113 5199 3386 5256 Ahseedat
3415 5196 3484 5250 ab
3513 5192 3626 5247 ini—

2032 5313 2245 5384 quitate
2266 5309 2448 5364 omnis
2475 5306 2569 5376 qui
2606 5303 2855 5359 nominat
2884 5313 3087 5353 nomen
3132 5291 3352 5348 Domini
3372 5291 3438 5343 9°.
3477 5308 3494 5338 ι
3550 5285 3616 5338 Ει

2989 5454 3036 5489 ’⁷
3064 5451 3266 5522 Ephes.
3295 5465 3366 5514 tv,
3400 5446 3491 5510 ‘27,
3523 5441 3615 5495 28.

1654 5653 1738 5707 νει
1751 5649 1886 5705 Ille
1931 5644 2335 5705 LECTIONES.
2429 5637 2470 5658 “

339 5775 344 5778 -
443 5755 470 5797 δ
505 5754 704 5824 Ἀχαρ,
738 5753 1099 5820 dic,’Acham.
