  <div class='ocr_page' id='page_1' title='image "/cluster/home/n/w/nwhite01/storage/ocr_20150623/89/coo.31924054869932/797.png"; bbox 0 0 3944 6440; ppageno 0'>
   <div class='ocr_carea' id='block_1_1' title="bbox 437 355 2036 421">
    <p class='ocr_par' dir='ltr' id='par_1_1' title="bbox 437 355 2036 421">
     <span class='ocr_line' id='line_1_1' title="bbox 437 355 2036 421; baseline 0.001 -7"><span class='ocrx_word' id='word_1_1' title='bbox 437 355 581 421; x_wconf 70' lang='grc'><strong>1563</strong></span> <span class='ocrx_word' id='word_1_2' title='bbox 1681 355 2036 419; x_wconf 74' lang='lat' dir='ltr'><strong>ANTIOCHI</strong></span> 
     </span>
    </p>
   </div>
   <div class='ocr_carea' id='block_1_2' title="bbox 2141 355 2434 421">
    <p class='ocr_par' dir='ltr' id='par_1_2' title="bbox 2141 359 2434 420">
     <span class='ocr_line' id='line_1_2' title="bbox 2141 359 2434 420; baseline 0.003 -2"><span class='ocrx_word' id='word_1_3' title='bbox 2141 359 2434 420; x_wconf 30' lang='lat' dir='ltr'><strong>‘ONACHI</strong></span> 
     </span>
    </p>
   </div>
   <div class='ocr_carea' id='block_1_3' title="bbox 3573 363 3682 431">
    <p class='ocr_par' dir='ltr' id='par_1_3' title="bbox 3573 363 3682 431">
     <span class='ocr_line' id='line_1_3' title="bbox 3573 363 3682 431; baseline 0.018 -2"><span class='ocrx_word' id='word_1_4' title='bbox 3573 363 3682 431; x_wconf 65' lang='grc'><strong>1564</strong></span> 
     </span>
    </p>
   </div>
   <div class='ocr_carea' id='block_1_4' title="bbox 439 464 3683 544">
    <p class='ocr_par' dir='ltr' id='par_1_4' title="bbox 439 464 3683 544">
     <span class='ocr_line' id='line_1_4' title="bbox 439 464 3683 544; baseline 0.003 -22"><span class='ocrx_word' id='word_1_5' title='bbox 439 470 608 523; x_wconf 77' lang='lat' dir='ltr'><strong>Infert</strong></span> <span class='ocrx_word' id='word_1_6' title='bbox 645 487 656 522; x_wconf 95' lang='lat'>:</span> <span class='ocrx_word' id='word_1_7' title='bbox 689 487 706 519; x_wconf 81' lang='grc' dir='ltr'><strong>ι</strong></span> <span class='ocrx_word' id='word_1_8' title='bbox 738 466 795 523; x_wconf 93' lang='lat' dir='ltr'><strong>Si</strong></span> <span class='ocrx_word' id='word_1_9' title='bbox 827 465 954 538; x_wconf 88' lang='lat' dir='ltr'><strong>quis</strong></span> <span class='ocrx_word' id='word_1_10' title='bbox 982 464 1150 536; x_wconf 79' lang='lat' dir='ltr'><strong>igitur</strong></span> <span class='ocrx_word' id='word_1_11' title='bbox 1176 479 1236 522; x_wconf 85' lang='lat' dir='ltr'><strong>se</strong></span> <span class='ocrx_word' id='word_1_12' title='bbox 1274 465 1660 520; x_wconf 84' lang='lat' dir='ltr'><strong>emundaverit</strong></span> <span class='ocrx_word' id='word_1_13' title='bbox 1719 465 1788 521; x_wconf 86' lang='lat' dir='ltr'><strong>ab</strong></span> <span class='ocrx_word' id='word_1_14' title='bbox 1814 466 1922 528; x_wconf 86' lang='lat' dir='ltr'><strong>his,</strong></span> <span class='ocrx_word' id='word_1_15' title='bbox 1953 465 2061 520; x_wconf 92' lang='lat' dir='ltr'><strong>erit</strong></span> <span class='ocrx_word' id='word_1_16' title='bbox 2099 482 2194 523; x_wconf 89' lang='lat' dir='ltr'><strong>vas</strong></span> <span class='ocrx_word' id='word_1_17' title='bbox 2239 469 2294 522; x_wconf 90' lang='lat' dir='ltr'><strong>in</strong></span> <span class='ocrx_word' id='word_1_18' title='bbox 2343 469 2614 524; x_wconf 87' lang='lat' dir='ltr'><strong>honorem</strong></span> <span class='ocrx_word' id='word_1_19' title='bbox 2677 471 3083 530; x_wconf 87' lang='lat' dir='ltr'><strong>sanctiﬁcatum</strong></span> <span class='ocrx_word' id='word_1_20' title='bbox 3109 473 3149 527; x_wconf 76' lang='grc' dir='ltr'>ί.</span> <span class='ocrx_word' id='word_1_21' title='bbox 3206 491 3227 527; x_wconf 75' lang='grc' dir='ltr'><strong>ι</strong></span> <span class='ocrx_word' id='word_1_22' title='bbox 3273 473 3387 530; x_wconf 88' lang='lat' dir='ltr'><strong>Per</strong></span> <span class='ocrx_word' id='word_1_23' title='bbox 3422 474 3683 544; x_wconf 78' lang='lat' dir='ltr'><strong>Epistulam</strong></span> 
     </span>
    </p>
   </div>
   <div class='ocr_carea' id='block_1_5' title="bbox 435 557 3688 639">
    <p class='ocr_par' dir='ltr' id='par_1_5' title="bbox 435 557 3688 639">
     <span class='ocr_line' id='line_1_5' title="bbox 435 557 3688 639; baseline 0.004 -27"><span class='ocrx_word' id='word_1_24' title='bbox 435 558 592 629; x_wconf 86' lang='lat' dir='ltr'><strong>jubet</strong></span> <span class='ocrx_word' id='word_1_25' title='bbox 623 571 680 616; x_wconf 86' lang='lat' dir='ltr'><strong>et</strong></span> <span class='ocrx_word' id='word_1_26' title='bbox 714 560 840 618; x_wconf 85' lang='lat' dir='ltr'><strong>Tito</strong></span> <span class='ocrx_word' id='word_1_27' title='bbox 887 577 902 615; x_wconf 80' lang='grc' dir='ltr'><strong>ι</strong></span> <span class='ocrx_word' id='word_1_28' title='bbox 939 579 960 611; x_wconf 69' lang='grc' dir='ltr'><strong><em>ε</em></strong></span> <span class='ocrx_word' id='word_1_29' title='bbox 993 559 1153 616; x_wconf 84' lang='lat' dir='ltr'><strong>Servi</strong></span> <span class='ocrx_word' id='word_1_30' title='bbox 1189 566 1250 613; x_wconf 87' lang='lat' dir='ltr'><strong>ut</strong></span> <span class='ocrx_word' id='word_1_31' title='bbox 1273 558 1385 613; x_wconf 88' lang='lat' dir='ltr'><strong>sint</strong></span> <span class='ocrx_word' id='word_1_32' title='bbox 1411 557 1654 613; x_wconf 83' lang='lat' dir='ltr'><strong>dominis</strong></span> <span class='ocrx_word' id='word_1_33' title='bbox 1693 559 1810 614; x_wconf 85' lang='lat' dir='ltr'><strong>suis</strong></span> <span class='ocrx_word' id='word_1_34' title='bbox 1837 560 2072 630; x_wconf 80' lang='lat' dir='ltr'><strong>subjecti</strong></span> <span class='ocrx_word' id='word_1_35' title='bbox 2103 563 2148 625; x_wconf 79' lang='grc'><em>³,</em></span> <span class='ocrx_word' id='word_1_36' title='bbox 2179 580 2198 612; x_wconf 83' lang='grc'><strong>›</strong></span> <span class='ocrx_word' id='word_1_37' title='bbox 2235 572 2405 632; x_wconf 86' lang='lat' dir='ltr'><strong>utque</strong></span> <span class='ocrx_word' id='word_1_38' title='bbox 2434 561 2490 616; x_wconf 91' lang='lat' dir='ltr'><strong>in</strong></span> <span class='ocrx_word' id='word_1_39' title='bbox 2557 566 2820 621; x_wconf 90' lang='lat' dir='ltr'><strong>omnibus</strong></span> <span class='ocrx_word' id='word_1_40' title='bbox 2887 566 3000 621; x_wconf 90' lang='lat' dir='ltr'><strong>sint</strong></span> <span class='ocrx_word' id='word_1_41' title='bbox 3033 569 3195 639; x_wconf 88' lang='lat' dir='ltr'><strong>grati,</strong></span> <span class='ocrx_word' id='word_1_42' title='bbox 3265 582 3386 622; x_wconf 88' lang='lat' dir='ltr'><strong>non</strong></span> <span class='ocrx_word' id='word_1_43' title='bbox 3443 567 3565 623; x_wconf 84' lang='lat' dir='ltr'><strong>item</strong></span> <span class='ocrx_word' id='word_1_44' title='bbox 3585 585 3688 625; x_wconf 86' lang='lat' dir='ltr'><strong>con-</strong></span> 
     </span>
    </p>
   </div>
   <div class='ocr_carea' id='block_1_6' title="bbox 437 648 3692 736">
    <p class='ocr_par' dir='ltr' id='par_1_6' title="bbox 437 648 3692 736">
     <span class='ocr_line' id='line_1_6' title="bbox 437 648 3692 736; baseline 0.004 -29"><span class='ocrx_word' id='word_1_45' title='bbox 437 654 797 714; x_wconf 87' lang='lat' dir='ltr'><strong>tradicentes.</strong></span> <span class='ocrx_word' id='word_1_46' title='bbox 828 669 941 708; x_wconf 84' lang='lat' dir='ltr'><strong>non</strong></span> <span class='ocrx_word' id='word_1_47' title='bbox 963 654 1236 718; x_wconf 77' lang='lat' dir='ltr'><strong>furantes,</strong></span> <span class='ocrx_word' id='word_1_48' title='bbox 1276 651 1373 708; x_wconf 87' lang='lat' dir='ltr'><strong>sed</strong></span> <span class='ocrx_word' id='word_1_49' title='bbox 1399 660 1460 706; x_wconf 93' lang='lat' dir='ltr'><strong>ut</strong></span> <span class='ocrx_word' id='word_1_50' title='bbox 1483 666 1702 706; x_wconf 89' lang='lat' dir='ltr'><strong>omnem</strong></span> <span class='ocrx_word' id='word_1_51' title='bbox 1727 649 1891 715; x_wconf 89' lang='lat' dir='ltr'><strong>ﬁdem</strong></span> <span class='ocrx_word' id='word_1_52' title='bbox 1921 648 2304 706; x_wconf 84' lang='lat' dir='ltr'><strong>demonstrent</strong></span> <span class='ocrx_word' id='word_1_53' title='bbox 2331 654 2556 713; x_wconf 83' lang='lat' dir='ltr'><strong>bonam.</strong></span> <span class='ocrx_word' id='word_1_54' title='bbox 2587 657 2643 712; x_wconf 92' lang='lat' dir='ltr'><strong>Si</strong></span> <span class='ocrx_word' id='word_1_55' title='bbox 2675 660 2825 714; x_wconf 89' lang='lat' dir='ltr'><strong>enim</strong></span> <span class='ocrx_word' id='word_1_56' title='bbox 2890 662 2985 732; x_wconf 93' lang='lat' dir='ltr'><strong>qui</strong></span> <span class='ocrx_word' id='word_1_57' title='bbox 3047 679 3116 718; x_wconf 81' lang='lat' dir='ltr'><strong>ex</strong></span> <span class='ocrx_word' id='word_1_58' title='bbox 3180 663 3419 736; x_wconf 82' lang='lat' dir='ltr'><strong>praediis</strong></span> <span class='ocrx_word' id='word_1_59' title='bbox 3486 667 3692 734; x_wconf 83' lang='lat' dir='ltr'><strong>prOpriis</strong></span> 
     </span>
    </p>
   </div>
   <div class='ocr_carea' id='block_1_7' title="bbox 437 739 3692 822">
    <p class='ocr_par' dir='ltr' id='par_1_7' title="bbox 437 739 3692 822">
     <span class='ocr_line' id='line_1_7' title="bbox 437 739 3692 822; baseline 0.003 -22"><span class='ocrx_word' id='word_1_60' title='bbox 437 746 826 816; x_wconf 84' lang='lat' dir='ltr'><strong>suppilarunt,</strong></span> <span class='ocrx_word' id='word_1_61' title='bbox 871 745 1036 802; x_wconf 82' lang='lat' dir='ltr'><strong>talem</strong></span> <span class='ocrx_word' id='word_1_62' title='bbox 1084 751 1439 814; x_wconf 88' lang='lat' dir='ltr'><strong>reportarunt</strong></span> <span class='ocrx_word' id='word_1_63' title='bbox 1481 758 1551 797; x_wconf 82' lang='lat' dir='ltr'><strong>ex</strong></span> <span class='ocrx_word' id='word_1_64' title='bbox 1600 741 1749 795; x_wconf 74' lang='lat' dir='ltr'><strong>furto</strong></span> <span class='ocrx_word' id='word_1_65' title='bbox 1805 739 2015 794; x_wconf 75' lang='lat' dir='ltr'><strong>exitum</strong></span> <span class='ocrx_word' id='word_1_66' title='bbox 2054 741 2344 812; x_wconf 87' lang='lat' dir='ltr'><strong>(Ananiam</strong></span> <span class='ocrx_word' id='word_1_67' title='bbox 2377 745 2504 801; x_wconf 87' lang='lat' dir='ltr'><strong>dico</strong></span> <span class='ocrx_word' id='word_1_68' title='bbox 2570 756 2626 801; x_wconf 91' lang='lat' dir='ltr'><strong>et</strong></span> <span class='ocrx_word' id='word_1_69' title='bbox 2689 748 3044 819; x_wconf 79' lang='lat' dir='ltr'><strong>Saphiram&#39;;</strong></span> <span class='ocrx_word' id='word_1_70' title='bbox 3095 759 3155 806; x_wconf 91' lang='lat' dir='ltr'><strong>ut</strong></span> <span class='ocrx_word' id='word_1_71' title='bbox 3194 752 3254 805; x_wconf 90' lang='lat' dir='ltr'><strong>in</strong></span> <span class='ocrx_word' id='word_1_72' title='bbox 3291 752 3692 822; x_wconf 87' lang='lat' dir='ltr'><strong>apostolicorum</strong></span> 
     </span>
    </p>
   </div>
   <div class='ocr_carea' id='block_1_8' title="bbox 439 833 3696 912">
    <p class='ocr_par' dir='ltr' id='par_1_8' title="bbox 439 833 3696 912">
     <span class='ocr_line' id='line_1_8' title="bbox 439 833 3696 912; baseline 0.002 -18"><span class='ocrx_word' id='word_1_73' title='bbox 439 839 677 894; x_wconf 85' lang='lat' dir='ltr'><strong>Actuum</strong></span> <span class='ocrx_word' id='word_1_74' title='bbox 725 840 957 894; x_wconf 83' lang='lat' dir='ltr'><strong>historia</strong></span> <span class='ocrx_word' id='word_1_75' title='bbox 1010 839 1289 908; x_wconf 88' lang='lat' dir='ltr'><strong>proditum</strong></span> <span class='ocrx_word' id='word_1_76' title='bbox 1336 837 1467 906; x_wconf 90' lang='lat' dir='ltr'><strong>est),</strong></span> <span class='ocrx_word' id='word_1_77' title='bbox 1518 845 1726 906; x_wconf 88' lang='lat' dir='ltr'><strong>quanto</strong></span> <span class='ocrx_word' id='word_1_78' title='bbox 1776 834 2021 889; x_wconf 85' lang='lat' dir='ltr'><strong>atrocius</strong></span> <span class='ocrx_word' id='word_1_79' title='bbox 2057 833 2182 888; x_wconf 90' lang='lat' dir='ltr'><strong>illos</strong></span> <span class='ocrx_word' id='word_1_80' title='bbox 2213 837 2399 891; x_wconf 67' lang='lat' dir='ltr'><strong>m‘anet</strong></span> <span class='ocrx_word' id='word_1_81' title='bbox 2457 840 2814 910; x_wconf 80' lang='lat' dir='ltr'><strong>supplicium,</strong></span> <span class='ocrx_word' id='word_1_82' title='bbox 2851 842 2947 912; x_wconf 92' lang='lat' dir='ltr'><strong>qui</strong></span> <span class='ocrx_word' id='word_1_83' title='bbox 2988 858 3056 897; x_wconf 84' lang='lat' dir='ltr'><strong>ex</strong></span> <span class='ocrx_word' id='word_1_84' title='bbox 3113 842 3304 898; x_wconf 90' lang='lat' dir='ltr'><strong>alieno</strong></span> <span class='ocrx_word' id='word_1_85' title='bbox 3333 842 3622 911; x_wconf 87' lang='lat' dir='ltr'><strong>compiiant</strong></span> <span class='ocrx_word' id='word_1_86' title='bbox 3654 854 3696 899; x_wconf 90' lang='lat' dir='ltr'><strong>et</strong></span> 
     </span>
    </p>
   </div>
   <div class='ocr_carea' id='block_1_9' title="bbox 440 923 3700 1002">
    <p class='ocr_par' dir='ltr' id='par_1_9' title="bbox 440 923 3700 1002">
     <span class='ocr_line' id='line_1_9' title="bbox 440 923 3700 1002; baseline -0.001 -18"><span class='ocrx_word' id='word_1_87' title='bbox 440 930 713 987; x_wconf 86' lang='lat' dir='ltr'><strong>arrodunt</strong></span> <span class='ocrx_word' id='word_1_88' title='bbox 746 929 1010 1000; x_wconf 86' lang='lat' dir='ltr'><strong>peculio?</strong></span> <span class='ocrx_word' id='word_1_89' title='bbox 1045 926 1330 998; x_wconf 89' lang='lat' dir='ltr'><strong>Ejusmodi</strong></span> <span class='ocrx_word' id='word_1_90' title='bbox 1395 927 1542 980; x_wconf 89' lang='lat' dir='ltr'><strong>enim</strong></span> <span class='ocrx_word' id='word_1_91' title='bbox 1597 923 1802 979; x_wconf 79' lang='lat' dir='ltr'><strong>furtiva</strong></span> <span class='ocrx_word' id='word_1_92' title='bbox 1835 923 2155 993; x_wconf 83' lang='lat' dir='ltr'><strong>compilatio</strong></span> <span class='ocrx_word' id='word_1_93' title='bbox 2193 927 2409 994; x_wconf 88' lang='lat' dir='ltr'><strong>pararia</strong></span> <span class='ocrx_word' id='word_1_94' title='bbox 2446 938 2532 984; x_wconf 91' lang='lat' dir='ltr'><strong>est</strong></span> <span class='ocrx_word' id='word_1_95' title='bbox 2579 931 2798 985; x_wconf 84' lang='lat' dir='ltr'><strong>consilii</strong></span> <span class='ocrx_word' id='word_1_96' title='bbox 2833 947 2944 1001; x_wconf 90' lang='lat' dir='ltr'><strong>quo</strong></span> <span class='ocrx_word' id='word_1_97' title='bbox 3001 932 3071 986; x_wconf 88' lang='lat' dir='ltr'><strong>ab</strong></span> <span class='ocrx_word' id='word_1_98' title='bbox 3104 933 3222 1002; x_wconf 88' lang='lat' dir='ltr'><strong>ipsa</strong></span> <span class='ocrx_word' id='word_1_99' title='bbox 3293 931 3524 988; x_wconf 88' lang='lat' dir='ltr'><strong>deﬁcias</strong></span> <span class='ocrx_word' id='word_1_100' title='bbox 3578 936 3700 992; x_wconf 80' lang='lat' dir='ltr'><strong>reri-</strong></span> 
     </span>
    </p>
   </div>
   <div class='ocr_carea' id='block_1_10' title="bbox 443 1019 3704 1105">
    <p class='ocr_par' dir='ltr' id='par_1_10' title="bbox 443 1019 3704 1105">
     <span class='ocr_line' id='line_1_10' title="bbox 443 1019 3704 1105; baseline 0.002 -28"><span class='ocrx_word' id='word_1_101' title='bbox 443 1031 578 1085; x_wconf 85' lang='lat' dir='ltr'><strong>tate.</strong></span> <span class='ocrx_word' id='word_1_102' title='bbox 627 1026 800 1095; x_wconf 84' lang='lat' dir='ltr'><strong>magis</strong></span> <span class='ocrx_word' id='word_1_103' title='bbox 843 1032 1027 1081; x_wconf 89' lang='lat' dir='ltr'><strong>autem</strong></span> <span class='ocrx_word' id='word_1_104' title='bbox 1068 1033 1266 1079; x_wconf 88' lang='lat' dir='ltr'><strong>auctor</strong></span> <span class='ocrx_word' id='word_1_105' title='bbox 1319 1023 1620 1078; x_wconf 73' lang='lat' dir='ltr'><strong>Dominicae</strong></span> <span class='ocrx_word' id='word_1_106' title='bbox 1661 1020 2014 1092; x_wconf 86' lang='lat' dir='ltr'><strong>proditionis.</strong></span> <span class='ocrx_word' id='word_1_107' title='bbox 2059 1019 2338 1092; x_wconf 90' lang='lat' dir='ltr'><strong>Scriptum</strong></span> <span class='ocrx_word' id='word_1_108' title='bbox 2365 1026 2571 1096; x_wconf 87' lang='lat' dir='ltr'><strong>quippe</strong></span> <span class='ocrx_word' id='word_1_109' title='bbox 2604 1035 2690 1082; x_wconf 90' lang='lat' dir='ltr'><strong>est</strong></span> <span class='ocrx_word' id='word_1_110' title='bbox 2750 1029 2805 1082; x_wconf 92' lang='lat' dir='ltr'><strong>in</strong></span> <span class='ocrx_word' id='word_1_111' title='bbox 2864 1029 3092 1086; x_wconf 78' lang='lat' dir='ltr'><strong>Joannis</strong></span> <span class='ocrx_word' id='word_1_112' title='bbox 3120 1029 3434 1100; x_wconf 79' lang='lat' dir='ltr'><strong>Evangelia</strong></span> <span class='ocrx_word' id='word_1_113' title='bbox 3469 1050 3482 1084; x_wconf 88' lang='lat'>:</span> <span class='ocrx_word' id='word_1_114' title='bbox 3521 1032 3704 1105; x_wconf 62' lang='lat'><strong>1095</strong></span> 
     </span>
    </p>
   </div>
   <div class='ocr_carea' id='block_1_11' title="bbox 447 1115 3702 1196">
    <p class='ocr_par' dir='ltr' id='par_1_11' title="bbox 447 1115 3702 1196">
     <span class='ocr_line' id='line_1_11' title="bbox 447 1115 3702 1196; baseline 0.003 -26"><span class='ocrx_word' id='word_1_115' title='bbox 447 1137 469 1170; x_wconf 71' lang='grc' dir='ltr'><strong>ι</strong></span> <span class='ocrx_word' id='word_1_116' title='bbox 508 1118 652 1173; x_wconf 89' lang='lat' dir='ltr'><strong>Dicit</strong></span> <span class='ocrx_word' id='word_1_117' title='bbox 684 1121 851 1189; x_wconf 79' lang='lat' dir='ltr'><strong>igitur</strong></span> <span class='ocrx_word' id='word_1_118' title='bbox 879 1135 1021 1174; x_wconf 90' lang='lat' dir='ltr'><strong>unus</strong></span> <span class='ocrx_word' id='word_1_119' title='bbox 1039 1135 1106 1174; x_wconf 86' lang='lat' dir='ltr'><strong>ex</strong></span> <span class='ocrx_word' id='word_1_120' title='bbox 1128 1119 1418 1189; x_wconf 89' lang='lat' dir='ltr'><strong>discipulis</strong></span> <span class='ocrx_word' id='word_1_121' title='bbox 1478 1118 1651 1188; x_wconf 88' lang='lat' dir='ltr'><strong>ipsius</strong></span> <span class='ocrx_word' id='word_1_122' title='bbox 1712 1117 1884 1172; x_wconf 79' lang='lat' dir='ltr'><strong>Iudas</strong></span> <span class='ocrx_word' id='word_1_123' title='bbox 1914 1115 2158 1170; x_wconf 87' lang='lat' dir='ltr'><strong>Simonis</strong></span> <span class='ocrx_word' id='word_1_124' title='bbox 2192 1117 2282 1172; x_wconf 93' lang='lat' dir='ltr'><strong>ille</strong></span> <span class='ocrx_word' id='word_1_125' title='bbox 2322 1119 2614 1176; x_wconf 87' lang='lat' dir='ltr'><strong>lseariotes</strong></span> <span class='ocrx_word' id='word_1_126' title='bbox 2645 1140 2659 1176; x_wconf 89' lang='lat'><strong>:</strong></span> <span class='ocrx_word' id='word_1_127' title='bbox 2685 1143 2703 1173; x_wconf 75' lang='grc' dir='ltr'><strong>ι</strong></span> <span class='ocrx_word' id='word_1_128' title='bbox 2747 1123 2948 1193; x_wconf 89' lang='lat' dir='ltr'><strong>thuid</strong></span> <span class='ocrx_word' id='word_1_129' title='bbox 2989 1133 3341 1196; x_wconf 82' lang='lat' dir='ltr'><strong>unguentum</strong></span> <span class='ocrx_word' id='word_1_130' title='bbox 3418 1125 3562 1180; x_wconf 88' lang='lat' dir='ltr'><strong>istud</strong></span> <span class='ocrx_word' id='word_1_131' title='bbox 3614 1142 3702 1181; x_wconf 89' lang='lat' dir='ltr'><strong>non</strong></span> 
     </span>
    </p>
   </div>
   <div class='ocr_carea' id='block_1_12' title="bbox 447 1207 3702 1286">
    <p class='ocr_par' dir='ltr' id='par_1_12' title="bbox 447 1207 3702 1286">
     <span class='ocr_line' id='line_1_12' title="bbox 447 1207 3702 1286; baseline 0.003 -22"><span class='ocrx_word' id='word_1_132' title='bbox 447 1210 618 1266; x_wconf 80' lang='lat' dir='ltr'><strong>veniit</strong></span> <span class='ocrx_word' id='word_1_133' title='bbox 653 1211 913 1266; x_wconf 90' lang='lat' dir='ltr'><strong>trecentis</strong></span> <span class='ocrx_word' id='word_1_134' title='bbox 935 1213 1197 1276; x_wconf 87' lang='lat' dir='ltr'><strong>denariis,</strong></span> <span class='ocrx_word' id='word_1_135' title='bbox 1222 1220 1280 1266; x_wconf 88' lang='lat' dir='ltr'><strong>et</strong></span> <span class='ocrx_word' id='word_1_136' title='bbox 1298 1211 1487 1265; x_wconf 89' lang='lat' dir='ltr'><strong>datum</strong></span> <span class='ocrx_word' id='word_1_137' title='bbox 1524 1217 1610 1264; x_wconf 89' lang='lat' dir='ltr'><strong>est</strong></span> <span class='ocrx_word' id='word_1_138' title='bbox 1631 1207 2020 1279; x_wconf 85' lang='lat' dir='ltr'><strong>pauperibus?</strong></span> <span class='ocrx_word' id='word_1_139' title='bbox 2061 1207 2208 1263; x_wconf 82' lang='lat' dir='ltr'><strong>Dixit</strong></span> <span class='ocrx_word' id='word_1_140' title='bbox 2229 1220 2413 1265; x_wconf 88' lang='lat' dir='ltr'><strong>autem</strong></span> <span class='ocrx_word' id='word_1_141' title='bbox 2443 1213 2571 1278; x_wconf 89' lang='lat' dir='ltr'><strong>hoc,</strong></span> <span class='ocrx_word' id='word_1_142' title='bbox 2606 1228 2718 1267; x_wconf 90' lang='lat' dir='ltr'><strong>non</strong></span> <span class='ocrx_word' id='word_1_143' title='bbox 2788 1215 2917 1283; x_wconf 90' lang='lat' dir='ltr'><strong>quia</strong></span> <span class='ocrx_word' id='word_1_144' title='bbox 2957 1215 3026 1269; x_wconf 91' lang='lat' dir='ltr'><strong>de</strong></span> <span class='ocrx_word' id='word_1_145' title='bbox 3083 1215 3442 1286; x_wconf 86' lang='lat' dir='ltr'><strong>pauperibus</strong></span> <span class='ocrx_word' id='word_1_146' title='bbox 3485 1233 3609 1272; x_wconf 89' lang='lat' dir='ltr'><strong>cura</strong></span> <span class='ocrx_word' id='word_1_147' title='bbox 3639 1221 3702 1273; x_wconf 90' lang='lat' dir='ltr'><strong>illi</strong></span> 
     </span>
    </p>
   </div>
   <div class='ocr_carea' id='block_1_13' title="bbox 443 1301 3704 1377">
    <p class='ocr_par' dir='ltr' id='par_1_13' title="bbox 443 1301 3704 1377">
     <span class='ocr_line' id='line_1_13' title="bbox 443 1301 3704 1377; baseline 0.002 -18"><span class='ocrx_word' id='word_1_148' title='bbox 443 1312 583 1368; x_wconf 89' lang='lat' dir='ltr'><strong>erat,</strong></span> <span class='ocrx_word' id='word_1_149' title='bbox 633 1304 728 1358; x_wconf 90' lang='lat' dir='ltr'><strong>sed</strong></span> <span class='ocrx_word' id='word_1_150' title='bbox 765 1305 894 1374; x_wconf 86' lang='lat' dir='ltr'><strong>quia</strong></span> <span class='ocrx_word' id='word_1_151' title='bbox 931 1304 1021 1358; x_wconf 82' lang='lat' dir='ltr'><strong>fur</strong></span> <span class='ocrx_word' id='word_1_152' title='bbox 1060 1314 1181 1360; x_wconf 90' lang='lat' dir='ltr'><strong>erat</strong></span> <span class='ocrx_word' id='word_1_153' title='bbox 1217 1311 1274 1360; x_wconf 92' lang='lat' dir='ltr'><strong>et</strong></span> <span class='ocrx_word' id='word_1_154' title='bbox 1348 1304 1560 1360; x_wconf 91' lang='lat' dir='ltr'><strong>loculos</strong></span> <span class='ocrx_word' id='word_1_155' title='bbox 1629 1301 1890 1365; x_wconf 85' lang='lat' dir='ltr'><strong>habebat,</strong></span> <span class='ocrx_word' id='word_1_156' title='bbox 1932 1307 1989 1354; x_wconf 86' lang='lat' dir='ltr'><strong>et</strong></span> <span class='ocrx_word' id='word_1_157' title='bbox 2028 1314 2091 1353; x_wconf 89' lang='lat' dir='ltr'><strong>ea</strong></span> <span class='ocrx_word' id='word_1_158' title='bbox 2129 1316 2252 1370; x_wconf 74' lang='lat' dir='ltr'><strong>quae</strong></span> <span class='ocrx_word' id='word_1_159' title='bbox 2279 1305 2681 1372; x_wconf 89' lang='lat' dir='ltr'><strong>mittebantur,</strong></span> <span class='ocrx_word' id='word_1_160' title='bbox 2713 1308 3040 1377; x_wconf 80' lang='lat' dir='ltr'><strong>exportabat</strong></span> <span class='ocrx_word' id='word_1_161' title='bbox 3069 1309 3113 1364; x_wconf 71' lang='grc'><strong>⁸.</strong></span> <span class='ocrx_word' id='word_1_162' title='bbox 3164 1329 3182 1362; x_wconf 75' lang='grc' dir='ltr'><strong>ι</strong></span> <span class='ocrx_word' id='word_1_163' title='bbox 3216 1310 3503 1368; x_wconf 91' lang='lat' dir='ltr'><strong>Dominus</strong></span> <span class='ocrx_word' id='word_1_164' title='bbox 3545 1321 3704 1367; x_wconf 89' lang='lat' dir='ltr'><strong>autem</strong></span> 
     </span>
    </p>
   </div>
   <div class='ocr_carea' id='block_1_14' title="bbox 447 1389 2877 1466">
    <p class='ocr_par' dir='ltr' id='par_1_14' title="bbox 447 1389 2877 1466">
     <span class='ocr_line' id='line_1_14' title="bbox 447 1389 2877 1466; baseline 0.001 -16"><span class='ocrx_word' id='word_1_165' title='bbox 447 1395 585 1452; x_wconf 85' lang='lat' dir='ltr'><strong>nihil</strong></span> <span class='ocrx_word' id='word_1_166' title='bbox 631 1411 742 1450; x_wconf 92' lang='lat' dir='ltr'><strong>non</strong></span> <span class='ocrx_word' id='word_1_167' title='bbox 785 1395 1101 1466; x_wconf 80' lang='lat' dir='ltr'><strong>perferebat</strong></span> <span class='ocrx_word' id='word_1_168' title='bbox 1135 1394 1544 1466; x_wconf 89' lang='lat' dir='ltr'><strong>longanimiter.</strong></span> <span class='ocrx_word' id='word_1_169' title='bbox 1569 1393 1687 1464; x_wconf 52' lang='lat' dir='ltr'><strong>.lpsi</strong></span> <span class='ocrx_word' id='word_1_170' title='bbox 1743 1390 1916 1463; x_wconf 82' lang='lat' dir='ltr'><strong>gloria</strong></span> <span class='ocrx_word' id='word_1_171' title='bbox 1969 1389 2026 1444; x_wconf 88' lang='lat' dir='ltr'><strong>in</strong></span> <span class='ocrx_word' id='word_1_172' title='bbox 2066 1393 2265 1447; x_wconf 66' lang='lat' dir='ltr'><strong>saacula</strong></span> <span class='ocrx_word' id='word_1_173' title='bbox 2300 1395 2650 1451; x_wconf 81' lang='lat' dir='ltr'><strong>saeculorum.</strong></span> <span class='ocrx_word' id='word_1_174' title='bbox 2681 1398 2877 1452; x_wconf 86' lang='lat' dir='ltr'><strong>Amen.</strong></span> 
     </span>
    </p>
   </div>
   <div class='ocr_carea' id='block_1_15' title="bbox 998 1506 1479 1563">
    <p class='ocr_par' dir='ltr' id='par_1_15' title="bbox 998 1506 1479 1563">
     <span class='ocr_line' id='line_1_15' title="bbox 998 1506 1479 1563; baseline 0.002 -4"><span class='ocrx_word' id='word_1_175' title='bbox 998 1506 1286 1563; x_wconf 76' lang='lat' dir='ltr'><strong>HOMILIA</strong></span> <span class='ocrx_word' id='word_1_176' title='bbox 1315 1506 1479 1562; x_wconf 80' lang='lat' dir='ltr'><strong>XLII.</strong></span> 
     </span>
    </p>
   </div>
   <div class='ocr_carea' id='block_1_16' title="bbox 1035 1620 1438 1675">
    <p class='ocr_par' dir='ltr' id='par_1_16' title="bbox 1035 1620 1438 1675">
     <span class='ocr_line' id='line_1_16' title="bbox 1035 1620 1438 1675; baseline 0 -1"><span class='ocrx_word' id='word_1_177' title='bbox 1035 1620 1111 1674; x_wconf 84' lang='lat' dir='ltr'><strong>De</strong></span> <span class='ocrx_word' id='word_1_178' title='bbox 1145 1621 1438 1675; x_wconf 83' lang='lat' dir='ltr'><strong>mendacio.</strong></span> 
     </span>
    </p>
   </div>
   <div class='ocr_carea' id='block_1_17' title="bbox 521 1730 2031 1804">
    <p class='ocr_par' dir='ltr' id='par_1_17' title="bbox 521 1730 2031 1804">
     <span class='ocr_line' id='line_1_17' title="bbox 521 1730 2031 1804; baseline -0.003 -15"><span class='ocrx_word' id='word_1_179' title='bbox 521 1733 871 1792; x_wconf 80' lang='lat' dir='ltr'><strong>Mendacium</strong></span> <span class='ocrx_word' id='word_1_180' title='bbox 906 1749 1134 1804; x_wconf 86' lang='lat' dir='ltr'><strong>prorsus</strong></span> <span class='ocrx_word' id='word_1_181' title='bbox 1172 1733 1531 1789; x_wconf 90' lang='lat' dir='ltr'><strong>interdictum</strong></span> <span class='ocrx_word' id='word_1_182' title='bbox 1563 1730 1895 1790; x_wconf 83' lang='lat' dir='ltr'><strong>Christianis</strong></span> <span class='ocrx_word' id='word_1_183' title='bbox 1925 1739 2031 1788; x_wconf 92' lang='lat' dir='ltr'><strong>est.</strong></span> 
     </span>
    </p>
   </div>
   <div class='ocr_carea' id='block_1_18' title="bbox 449 1821 2083 1896">
    <p class='ocr_par' dir='ltr' id='par_1_18' title="bbox 449 1821 2083 1896">
     <span class='ocr_line' id='line_1_18' title="bbox 449 1821 2083 1896; baseline -0.004 -13"><span class='ocrx_word' id='word_1_184' title='bbox 449 1826 523 1883; x_wconf 85' lang='lat' dir='ltr'><strong>Ut</strong></span> <span class='ocrx_word' id='word_1_185' title='bbox 550 1827 698 1883; x_wconf 83' lang='lat' dir='ltr'><strong>enim</strong></span> <span class='ocrx_word' id='word_1_186' title='bbox 725 1843 852 1882; x_wconf 88' lang='lat' dir='ltr'><strong>vera</strong></span> <span class='ocrx_word' id='word_1_187' title='bbox 888 1827 982 1896; x_wconf 85' lang='lat' dir='ltr'><strong>qui</strong></span> <span class='ocrx_word' id='word_1_188' title='bbox 1030 1826 1296 1896; x_wconf 86' lang='lat' dir='ltr'><strong>loquitur,</strong></span> <span class='ocrx_word' id='word_1_189' title='bbox 1334 1826 1492 1881; x_wconf 80' lang='lat' dir='ltr'><strong>verbi</strong></span> <span class='ocrx_word' id='word_1_190' title='bbox 1518 1825 1768 1880; x_wconf 86' lang='lat' dir='ltr'><strong>veritatis</strong></span> <span class='ocrx_word' id='word_1_191' title='bbox 1792 1839 1852 1880; x_wconf 91' lang='lat' dir='ltr'><strong>se</strong></span> <span class='ocrx_word' id='word_1_192' title='bbox 1893 1821 2032 1878; x_wconf 90' lang='lat' dir='ltr'><strong>nihil</strong></span> <span class='ocrx_word' id='word_1_193' title='bbox 2074 1855 2083 1864; x_wconf 67' lang='grc' dir='ltr'><strong>ι</strong></span> 
     </span>
    </p>
   </div>
   <div class='ocr_carea' id='block_1_19' title="bbox 445 1916 2032 1988">
    <p class='ocr_par' dir='ltr' id='par_1_19' title="bbox 445 1916 2032 1988">
     <span class='ocr_line' id='line_1_19' title="bbox 445 1916 2032 1988; baseline 0.001 -19"><span class='ocrx_word' id='word_1_194' title='bbox 445 1917 688 1972; x_wconf 84' lang='lat' dir='ltr'><strong>obscure</strong></span> <span class='ocrx_word' id='word_1_195' title='bbox 722 1917 967 1973; x_wconf 88' lang='lat' dir='ltr'><strong>declarat</strong></span> <span class='ocrx_word' id='word_1_196' title='bbox 990 1933 1112 1974; x_wconf 87' lang='lat' dir='ltr'><strong>esse</strong></span> <span class='ocrx_word' id='word_1_197' title='bbox 1133 1934 1391 1985; x_wconf 90' lang='lat' dir='ltr'><strong>servum;</strong></span> <span class='ocrx_word' id='word_1_198' title='bbox 1417 1919 1492 1974; x_wconf 87' lang='lat' dir='ltr'><strong>ita</strong></span> <span class='ocrx_word' id='word_1_199' title='bbox 1520 1918 1616 1988; x_wconf 92' lang='lat' dir='ltr'><strong>qui</strong></span> <span class='ocrx_word' id='word_1_200' title='bbox 1640 1933 1736 1973; x_wconf 90' lang='lat' dir='ltr'><strong>ore</strong></span> <span class='ocrx_word' id='word_1_201' title='bbox 1759 1916 1898 1972; x_wconf 90' lang='lat' dir='ltr'><strong>nihil</strong></span> <span class='ocrx_word' id='word_1_202' title='bbox 1925 1917 2032 1971; x_wconf 83' lang='lat' dir='ltr'><strong>du-</strong></span> 
     </span>
    </p>
   </div>
   <div class='ocr_carea' id='block_1_20' title="bbox 447 2008 2034 2081">
    <p class='ocr_par' dir='ltr' id='par_1_20' title="bbox 447 2008 2034 2081">
     <span class='ocr_line' id='line_1_20' title="bbox 447 2008 2034 2081; baseline 0.001 -19"><span class='ocrx_word' id='word_1_203' title='bbox 447 2009 592 2063; x_wconf 86' lang='lat' dir='ltr'><strong>bitat</strong></span> <span class='ocrx_word' id='word_1_204' title='bbox 636 2010 923 2065; x_wconf 89' lang='lat' dir='ltr'><strong>mendacia</strong></span> <span class='ocrx_word' id='word_1_205' title='bbox 951 2011 1298 2081; x_wconf 89' lang='lat' dir='ltr'><strong>depromere,</strong></span> <span class='ocrx_word' id='word_1_206' title='bbox 1350 2012 1659 2080; x_wconf 89' lang='lat' dir='ltr'><strong>mancipem</strong></span> <span class='ocrx_word' id='word_1_207' title='bbox 1693 2026 1751 2064; x_wconf 86' lang='lat' dir='ltr'><strong>se</strong></span> <span class='ocrx_word' id='word_1_208' title='bbox 1783 2025 1905 2065; x_wconf 90' lang='lat' dir='ltr'><strong>esse</strong></span> <span class='ocrx_word' id='word_1_209' title='bbox 1931 2008 2034 2064; x_wconf 75' lang='lat' dir='ltr'><strong>de-</strong></span> 
     </span>
    </p>
   </div>
   <div class='ocr_carea' id='block_1_21' title="bbox 451 2103 2032 2176">
    <p class='ocr_par' dir='ltr' id='par_1_21' title="bbox 451 2103 2032 2176">
     <span class='ocr_line' id='line_1_21' title="bbox 451 2103 2032 2176; baseline 0.003 -22"><span class='ocrx_word' id='word_1_210' title='bbox 451 2110 722 2157; x_wconf 87' lang='lat' dir='ltr'><strong>monstrat</strong></span> <span class='ocrx_word' id='word_1_211' title='bbox 747 2103 902 2158; x_wconf 81' lang='lat' dir='ltr'><strong>verbi</strong></span> <span class='ocrx_word' id='word_1_212' title='bbox 943 2107 1258 2171; x_wconf 89' lang='lat' dir='ltr'><strong>mendacis;</strong></span> <span class='ocrx_word' id='word_1_213' title='bbox 1290 2107 1465 2176; x_wconf 84' lang='lat' dir='ltr'><strong>magis</strong></span> <span class='ocrx_word' id='word_1_214' title='bbox 1496 2119 1629 2160; x_wconf 86' lang='lat' dir='ltr'><strong>vero</strong></span> <span class='ocrx_word' id='word_1_215' title='bbox 1676 2105 1851 2174; x_wconf 87' lang='lat' dir='ltr'><strong>patris</strong></span> <span class='ocrx_word' id='word_1_216' title='bbox 1877 2119 2032 2159; x_wconf 88' lang='lat' dir='ltr'><strong>men-</strong></span> 
     </span>
    </p>
   </div>
   <div class='ocr_carea' id='block_1_22' title="bbox 451 2194 2033 2270">
    <p class='ocr_par' dir='ltr' id='par_1_22' title="bbox 451 2194 2033 2270">
     <span class='ocr_line' id='line_1_22' title="bbox 451 2194 2033 2270; baseline 0.004 -23"><span class='ocrx_word' id='word_1_217' title='bbox 451 2194 604 2250; x_wconf 84' lang='lat' dir='ltr'><strong>dacis</strong></span> <span class='ocrx_word' id='word_1_218' title='bbox 641 2213 654 2250; x_wconf 71' lang='lat'><strong>:</strong></span> <span class='ocrx_word' id='word_1_219' title='bbox 712 2216 729 2247; x_wconf 75' lang='grc' dir='ltr'><strong>ι</strong></span> <span class='ocrx_word' id='word_1_220' title='bbox 769 2197 815 2252; x_wconf 84' lang='grc' dir='ltr'>Α</span> <span class='ocrx_word' id='word_1_221' title='bbox 841 2214 950 2267; x_wconf 89' lang='lat' dir='ltr'><strong>quo</strong></span> <span class='ocrx_word' id='word_1_222' title='bbox 1001 2201 1148 2254; x_wconf 88' lang='lat' dir='ltr'><strong>enim</strong></span> <span class='ocrx_word' id='word_1_223' title='bbox 1176 2201 1303 2270; x_wconf 90' lang='lat' dir='ltr'><strong>quis</strong></span> <span class='ocrx_word' id='word_1_224' title='bbox 1335 2201 1515 2256; x_wconf 87' lang='lat' dir='ltr'><strong>victus</strong></span> <span class='ocrx_word' id='word_1_225' title='bbox 1568 2208 1674 2263; x_wconf 88' lang='lat' dir='ltr'><strong>est,</strong></span> <span class='ocrx_word' id='word_1_226' title='bbox 1706 2200 1838 2254; x_wconf 90' lang='lat' dir='ltr'><strong>huic</strong></span> <span class='ocrx_word' id='word_1_227' title='bbox 1867 2207 1925 2254; x_wconf 90' lang='lat' dir='ltr'><strong>et</strong></span> <span class='ocrx_word' id='word_1_228' title='bbox 1977 2199 2033 2254; x_wconf 91' lang='lat' dir='ltr'><strong>in</strong></span> 
     </span>
    </p>
   </div>
   <div class='ocr_carea' id='block_1_23' title="bbox 451 2288 2032 2362">
    <p class='ocr_par' dir='ltr' id='par_1_23' title="bbox 451 2288 2032 2362">
     <span class='ocr_line' id='line_1_23' title="bbox 451 2288 2032 2362; baseline 0.001 -19"><span class='ocrx_word' id='word_1_229' title='bbox 451 2288 772 2344; x_wconf 85' lang='lat' dir='ltr'><strong>servitutem</strong></span> <span class='ocrx_word' id='word_1_230' title='bbox 811 2291 1080 2362; x_wconf 83' lang='lat' dir='ltr'><strong>redigitur</strong></span> <span class='ocrx_word' id='word_1_231' title='bbox 1108 2295 1150 2357; x_wconf 77' lang='grc' dir='ltr'>δ,</span> <span class='ocrx_word' id='word_1_232' title='bbox 1193 2313 1211 2346; x_wconf 77' lang='grc' dir='ltr'><strong>ι</strong></span> <span class='ocrx_word' id='word_1_233' title='bbox 1241 2295 1319 2348; x_wconf 91' lang='lat' dir='ltr'><strong>ait</strong></span> <span class='ocrx_word' id='word_1_234' title='bbox 1345 2294 1562 2348; x_wconf 86' lang='lat' dir='ltr'><strong>Petrus.</strong></span> <span class='ocrx_word' id='word_1_235' title='bbox 1605 2291 1746 2347; x_wconf 89' lang='lat' dir='ltr'><strong>Sunt</strong></span> <span class='ocrx_word' id='word_1_236' title='bbox 1767 2292 1916 2346; x_wconf 89' lang='lat' dir='ltr'><strong>enim</strong></span> <span class='ocrx_word' id='word_1_237' title='bbox 1943 2291 2032 2345; x_wconf 86' lang='lat' dir='ltr'><strong>in-</strong></span> 
     </span>
    </p>
   </div>
   <div class='ocr_carea' id='block_1_24' title="bbox 453 2381 2034 2455">
    <p class='ocr_par' dir='ltr' id='par_1_24' title="bbox 453 2381 2034 2455">
     <span class='ocr_line' id='line_1_24' title="bbox 453 2381 2034 2455; baseline 0.007 -24"><span class='ocrx_word' id='word_1_238' title='bbox 453 2387 538 2434; x_wconf 89' lang='lat' dir='ltr'><strong>ter</strong></span> <span class='ocrx_word' id='word_1_239' title='bbox 566 2381 764 2436; x_wconf 69' lang='lat' dir='ltr'><strong>animae</strong></span> <span class='ocrx_word' id='word_1_240' title='bbox 795 2383 1022 2438; x_wconf 90' lang='lat' dir='ltr'><strong>vitiosas</strong></span> <span class='ocrx_word' id='word_1_241' title='bbox 1056 2384 1380 2440; x_wconf 68' lang='lat' dir='ltr'><strong>affectiones</strong></span> <span class='ocrx_word' id='word_1_242' title='bbox 1409 2387 1687 2455; x_wconf 59' lang='lat' dir='ltr'><strong>pleraeque</strong></span> <span class='ocrx_word' id='word_1_243' title='bbox 1718 2385 1859 2450; x_wconf 80' lang='lat' dir='ltr'><strong>aliae,</strong></span> <span class='ocrx_word' id='word_1_244' title='bbox 1895 2400 2034 2454; x_wconf 84' lang='lat' dir='ltr'><strong>quas</strong></span> 
     </span>
    </p>
   </div>
   <div class='ocr_carea' id='block_1_25' title="bbox 450 2470 2033 2546">
    <p class='ocr_par' dir='ltr' id='par_1_25' title="bbox 450 2470 2033 2546">
     <span class='ocr_line' id='line_1_25' title="bbox 450 2470 2033 2546; baseline 0.005 -24"><span class='ocrx_word' id='word_1_245' title='bbox 450 2471 538 2526; x_wconf 86' lang='lat' dir='ltr'><strong>vel</strong></span> <span class='ocrx_word' id='word_1_246' title='bbox 571 2470 688 2541; x_wconf 92' lang='lat' dir='ltr'><strong>ipso</strong></span> <span class='ocrx_word' id='word_1_247' title='bbox 722 2484 934 2530; x_wconf 69' lang='lat' dir='ltr'><strong>natura:</strong></span> <span class='ocrx_word' id='word_1_248' title='bbox 969 2491 1137 2531; x_wconf 89' lang='lat' dir='ltr'><strong>sensu</strong></span> <span class='ocrx_word' id='word_1_249' title='bbox 1179 2477 1650 2546; x_wconf 83' lang='lat' dir='ltr'><strong>deprehendimus</strong></span> <span class='ocrx_word' id='word_1_250' title='bbox 1687 2493 1809 2533; x_wconf 89' lang='lat' dir='ltr'><strong>esse</strong></span> <span class='ocrx_word' id='word_1_251' title='bbox 1832 2492 2033 2546; x_wconf 79' lang='lat' dir='ltr'><strong>pecca-</strong></span> 
     </span>
    </p>
   </div>
   <div class='ocr_carea' id='block_1_26' title="bbox 451 2564 2034 2632">
    <p class='ocr_par' dir='ltr' id='par_1_26' title="bbox 451 2564 2034 2632">
     <span class='ocr_line' id='line_1_26' title="bbox 451 2564 2034 2632; baseline 0.005 -16"><span class='ocrx_word' id='word_1_252' title='bbox 451 2571 545 2627; x_wconf 83' lang='lat' dir='ltr'><strong>ta;</strong></span> <span class='ocrx_word' id='word_1_253' title='bbox 591 2564 943 2620; x_wconf 87' lang='lat' dir='ltr'><strong>mendacium</strong></span> <span class='ocrx_word' id='word_1_254' title='bbox 987 2574 1214 2632; x_wconf 85' lang='lat' dir='ltr'><strong>autem,</strong></span> <span class='ocrx_word' id='word_1_255' title='bbox 1261 2568 1352 2624; x_wconf 90' lang='lat' dir='ltr'><strong>ubi</strong></span> <span class='ocrx_word' id='word_1_256' title='bbox 1406 2567 1728 2626; x_wconf 88' lang='lat' dir='ltr'><strong>assiduitate</strong></span> <span class='ocrx_word' id='word_1_257' title='bbox 1773 2569 2034 2624; x_wconf 91' lang='lat' dir='ltr'><strong>occalluit</strong></span> 
     </span>
    </p>
   </div>
   <div class='ocr_carea' id='block_1_27' title="bbox 449 2654 2032 2730">
    <p class='ocr_par' dir='ltr' id='par_1_27' title="bbox 449 2654 2032 2730">
     <span class='ocr_line' id='line_1_27' title="bbox 449 2654 2032 2730; baseline 0.007 -24"><span class='ocrx_word' id='word_1_258' title='bbox 449 2662 617 2721; x_wconf 85' lang='lat' dir='ltr'><strong>atque</strong></span> <span class='ocrx_word' id='word_1_259' title='bbox 662 2654 958 2719; x_wconf 88' lang='lat' dir='ltr'><strong>induruit,</strong></span> <span class='ocrx_word' id='word_1_260' title='bbox 992 2673 1060 2711; x_wconf 93' lang='lat' dir='ltr'><strong>ne</strong></span> <span class='ocrx_word' id='word_1_261' title='bbox 1093 2673 1236 2712; x_wconf 90' lang='lat' dir='ltr'><strong>unus</strong></span> <span class='ocrx_word' id='word_1_262' title='bbox 1277 2657 1500 2727; x_wconf 87' lang='lat' dir='ltr'><strong>quidem</strong></span> <span class='ocrx_word' id='word_1_263' title='bbox 1549 2659 1827 2730; x_wconf 82' lang='lat' dir='ltr'><strong>intelligit,</strong></span> <span class='ocrx_word' id='word_1_264' title='bbox 1867 2675 2032 2729; x_wconf 87' lang='lat' dir='ltr'><strong>quam</strong></span> 
     </span>
    </p>
   </div>
   <div class='ocr_carea' id='block_1_28' title="bbox 448 2743 2030 2818">
    <p class='ocr_par' dir='ltr' id='par_1_28' title="bbox 448 2743 2030 2818">
     <span class='ocr_line' id='line_1_28' title="bbox 448 2743 2030 2818; baseline 0.007 -22"><span class='ocrx_word' id='word_1_265' title='bbox 448 2743 526 2808; x_wconf 82' lang='lat' dir='ltr'><strong>sit</strong></span> <span class='ocrx_word' id='word_1_266' title='bbox 571 2744 686 2800; x_wconf 70' lang='lat' dir='ltr'><strong>haec</strong></span> <span class='ocrx_word' id='word_1_267' title='bbox 747 2745 915 2801; x_wconf 89' lang='lat' dir='ltr'><strong>animi</strong></span> <span class='ocrx_word' id='word_1_268' title='bbox 967 2748 1236 2818; x_wconf 43' lang='lat' dir='ltr'><strong>aegritudo</strong></span> <span class='ocrx_word' id='word_1_269' title='bbox 1283 2749 1546 2816; x_wconf 84' lang='lat' dir='ltr'><strong>molesta,</strong></span> <span class='ocrx_word' id='word_1_270' title='bbox 1600 2750 1710 2806; x_wconf 93' lang='lat' dir='ltr'><strong>imo</strong></span> <span class='ocrx_word' id='word_1_271' title='bbox 1768 2753 2030 2809; x_wconf 84' lang='lat' dir='ltr'><strong>exitialis.</strong></span> 
     </span>
    </p>
   </div>
   <div class='ocr_carea' id='block_1_29' title="bbox 2061 1508 2108 1563">
    <p class='ocr_par' dir='ltr' id='par_1_29' title="bbox 2061 1508 2108 1563">
     <span class='ocr_line' id='line_1_29' title="bbox 2061 1508 2108 1563; baseline 0 0"><span class='ocrx_word' id='word_1_272' title='bbox 2061 1508 2108 1563; x_wconf 81' lang='grc' dir='ltr'>Α</span> 
     </span>
    </p>
   </div>
   <div class='ocr_carea' id='block_1_30' title="bbox 2731 1512 3124 1568">
    <p class='ocr_par' dir='ltr' id='par_1_30' title="bbox 2731 1512 3124 1568">
     <span class='ocr_line' id='line_1_30' title="bbox 2731 1512 3124 1568; baseline 0.01 -3"><span class='ocrx_word' id='word_1_273' title='bbox 2731 1512 2952 1565; x_wconf 86' lang='grc' dir='ltr'><strong>ΛΟΓΟΣ</strong></span> <span class='ocrx_word' id='word_1_274' title='bbox 2988 1515 3124 1568; x_wconf 83' lang='lat' dir='ltr'><strong>MB’.</strong></span> 
     </span>
    </p>
   </div>
   <div class='ocr_carea' id='block_1_31' title="bbox 2689 1626 3158 1694">
    <p class='ocr_par' dir='ltr' id='par_1_31' title="bbox 2689 1626 3158 1694">
     <span class='ocr_line' id='line_1_31' title="bbox 2689 1626 3158 1694; baseline 0.009 -17"><span class='ocrx_word' id='word_1_275' title='bbox 2689 1626 2829 1693; x_wconf 75' lang='grc' dir='ltr'>Περὶ</span> <span class='ocrx_word' id='word_1_276' title='bbox 2863 1626 3158 1694; x_wconf 72' lang='grc' dir='ltr'>ψεύδους.</span> 
     </span>
    </p>
   </div>
   <div class='ocr_carea' id='block_1_32' title="bbox 2206 1733 3706 1813">
    <p class='ocr_par' dir='ltr' id='par_1_32' title="bbox 2206 1733 3706 1813">
     <span class='ocr_line' id='line_1_32' title="bbox 2206 1733 3706 1813; baseline 0.005 -27"><span class='ocrx_word' id='word_1_277' title='bbox 2206 1733 2280 1787; x_wconf 72' lang='lat' dir='ltr'><strong>To</strong></span> <span class='ocrx_word' id='word_1_278' title='bbox 2301 1733 2495 1803; x_wconf 79' lang='grc' dir='ltr'>ψεῦδος</span> <span class='ocrx_word' id='word_1_279' title='bbox 2516 1735 2685 1807; x_wconf 76' lang='grc' dir='ltr'>ἄρδην</span> <span class='ocrx_word' id='word_1_280' title='bbox 2708 1738 3085 1810; x_wconf 78' lang='grc' dir='ltr'><strong>ἀπηγόρευται</strong></span> <span class='ocrx_word' id='word_1_281' title='bbox 3102 1741 3494 1811; x_wconf 81' lang='grc' dir='ltr'>Χριστιανοῐς.</span> <span class='ocrx_word' id='word_1_282' title='bbox 3522 1741 3706 1813; x_wconf 68' lang='grc' dir='ltr'>Ὥσπερ</span> 
     </span>
    </p>
   </div>
   <div class='ocr_carea' id='block_1_33' title="bbox 2135 1825 3704 1900">
    <p class='ocr_par' dir='ltr' id='par_1_33' title="bbox 2135 1825 3704 1900">
     <span class='ocr_line' id='line_1_33' title="bbox 2135 1825 3704 1900; baseline 0.004 -23"><span class='ocrx_word' id='word_1_283' title='bbox 2135 1825 2300 1896; x_wconf 85' lang='grc' dir='ltr'><strong>γὰρὸ</strong></span> <span class='ocrx_word' id='word_1_284' title='bbox 2339 1826 2722 1896; x_wconf 76' lang='grc' dir='ltr'>ἁληθινολάλος</span> <span class='ocrx_word' id='word_1_285' title='bbox 2769 1829 2958 1892; x_wconf 78' lang='grc' dir='ltr'>δοῦλός</span> <span class='ocrx_word' id='word_1_286' title='bbox 3012 1833 3163 1884; x_wconf 83' lang='grc' dir='ltr'>ἐστιν</span> <span class='ocrx_word' id='word_1_287' title='bbox 3207 1830 3310 1884; x_wconf 75' lang='grc' dir='ltr'>τοῦ</span> <span class='ocrx_word' id='word_1_288' title='bbox 3353 1831 3610 1900; x_wconf 79' lang='grc' dir='ltr'>ἀληθινοῦ</span> <span class='ocrx_word' id='word_1_289' title='bbox 3635 1833 3704 1884; x_wconf 75' lang='grc' dir='ltr'>λό-</span> 
     </span>
    </p>
   </div>
   <div class='ocr_carea' id='block_1_34' title="bbox 2135 1918 3708 1992">
    <p class='ocr_par' dir='ltr' id='par_1_34' title="bbox 2135 1918 3708 1992">
     <span class='ocr_line' id='line_1_34' title="bbox 2135 1918 3708 1992; baseline 0.003 -22"><span class='ocrx_word' id='word_1_290' title='bbox 2135 1935 2233 1986; x_wconf 90' lang='grc' dir='ltr'><strong>γου</strong></span> <span class='ocrx_word' id='word_1_291' title='bbox 2257 1935 2268 1947; x_wconf 93' lang='grc'>·</span> <span class='ocrx_word' id='word_1_292' title='bbox 2303 1918 2475 1982; x_wconf 68' lang='grc' dir='ltr'>οὕτως</span> <span class='ocrx_word' id='word_1_293' title='bbox 2492 1919 2585 1972; x_wconf 78' lang='grc' dir='ltr'>καὶ</span> <span class='ocrx_word' id='word_1_294' title='bbox 2607 1919 2973 1989; x_wconf 74' lang='grc' dir='ltr'>ὁψευδολόγος</span> <span class='ocrx_word' id='word_1_295' title='bbox 2997 1921 3094 1973; x_wconf 85' lang='grc' dir='ltr'>τοῦ</span> <span class='ocrx_word' id='word_1_296' title='bbox 3119 1919 3362 1990; x_wconf 79' lang='grc' dir='ltr'>ψευδοῦς</span> <span class='ocrx_word' id='word_1_297' title='bbox 3385 1921 3569 1990; x_wconf 81' lang='grc' dir='ltr'>λόγου,</span> <span class='ocrx_word' id='word_1_298' title='bbox 3597 1924 3708 1992; x_wconf 71' lang='grc' dir='ltr'>μᾶλ-</span> 
     </span>
    </p>
   </div>
   <div class='ocr_carea' id='block_1_35' title="bbox 2135 2007 3708 2083">
    <p class='ocr_par' dir='ltr' id='par_1_35' title="bbox 2135 2007 3708 2083">
     <span class='ocr_line' id='line_1_35' title="bbox 2135 2007 3708 2083; baseline 0.001 -21"><span class='ocrx_word' id='word_1_299' title='bbox 2135 2009 2226 2063; x_wconf 88' lang='grc' dir='ltr'><strong>λον</strong></span> <span class='ocrx_word' id='word_1_300' title='bbox 2255 2010 2312 2064; x_wconf 85' lang='grc' dir='ltr'><strong>δέ</strong></span> <span class='ocrx_word' id='word_1_301' title='bbox 2340 2008 2434 2063; x_wconf 80' lang='grc' dir='ltr'>τοῦ</span> <span class='ocrx_word' id='word_1_302' title='bbox 2455 2011 2662 2082; x_wconf 72' lang='grc' dir='ltr'>πατρὸς</span> <span class='ocrx_word' id='word_1_303' title='bbox 2692 2010 2783 2065; x_wconf 80' lang='grc' dir='ltr'>τοῦ</span> <span class='ocrx_word' id='word_1_304' title='bbox 2801 2011 3052 2083; x_wconf 81' lang='grc' dir='ltr'>ψεύδους·</span> <span class='ocrx_word' id='word_1_305' title='bbox 3089 2031 3110 2064; x_wconf 85' lang='grc'><em>‹</em></span> <span class='ocrx_word' id='word_1_306' title='bbox 3143 2007 3217 2082; x_wconf 77' lang='grc' dir='ltr'><strong><em>Ὦ</em></strong></span> <span class='ocrx_word' id='word_1_307' title='bbox 3247 2015 3368 2082; x_wconf 82' lang='grc' dir='ltr'>γάρ</span> <span class='ocrx_word' id='word_1_308' title='bbox 3397 2029 3517 2076; x_wconf 87' lang='grc' dir='ltr'>τις,</span> <span class='ocrx_word' id='word_1_309' title='bbox 3549 2014 3708 2082; x_wconf 64' lang='grc' dir='ltr'>φησιν,</span> 
     </span>
    </p>
   </div>
   <div class='ocr_carea' id='block_1_36' title="bbox 2135 2103 3708 2175">
    <p class='ocr_par' dir='ltr' id='par_1_36' title="bbox 2135 2103 3708 2175">
     <span class='ocr_line' id='line_1_36' title="bbox 2135 2103 3708 2175; baseline 0.003 -21"><span class='ocrx_word' id='word_1_310' title='bbox 2135 2103 2402 2174; x_wconf 76' lang='grc' dir='ltr'>ἥττηται,</span> <span class='ocrx_word' id='word_1_311' title='bbox 2471 2105 2650 2175; x_wconf 78' lang='grc' dir='ltr'>τούτῳ</span> <span class='ocrx_word' id='word_1_312' title='bbox 2713 2106 2814 2159; x_wconf 75' lang='grc' dir='ltr'>καὶ</span> <span class='ocrx_word' id='word_1_313' title='bbox 2863 2105 3211 2160; x_wconf 81' lang='grc' dir='ltr'><strong>δεδούλωται.</strong></span> <span class='ocrx_word' id='word_1_314' title='bbox 3260 2125 3280 2158; x_wconf 72' lang='grc' dir='ltr'><strong>ι</strong></span> <span class='ocrx_word' id='word_1_315' title='bbox 3320 2106 3408 2159; x_wconf 77' lang='grc' dir='ltr'><strong>Τὰ</strong></span> <span class='ocrx_word' id='word_1_316' title='bbox 3482 2105 3581 2175; x_wconf 83' lang='grc' dir='ltr'>μὲν</span> <span class='ocrx_word' id='word_1_317' title='bbox 3619 2105 3708 2175; x_wconf 67' lang='grc' dir='ltr'><strong>γὰρ</strong></span> 
     </span>
    </p>
   </div>
   <div class='ocr_carea' id='block_1_37' title="bbox 2137 2195 3710 2266">
    <p class='ocr_par' dir='ltr' id='par_1_37' title="bbox 2137 2195 3710 2266">
     <span class='ocr_line' id='line_1_37' title="bbox 2137 2195 3710 2266; baseline -0.001 -18"><span class='ocrx_word' id='word_1_318' title='bbox 2137 2195 2358 2248; x_wconf 82' lang='grc' dir='ltr'>πλείονα</span> <span class='ocrx_word' id='word_1_319' title='bbox 2391 2195 2501 2249; x_wconf 85' lang='grc' dir='ltr'>τῶν</span> <span class='ocrx_word' id='word_1_320' title='bbox 2529 2196 2706 2250; x_wconf 82' lang='grc' dir='ltr'>ἄλλων</span> <span class='ocrx_word' id='word_1_321' title='bbox 2739 2197 2930 2250; x_wconf 84' lang='grc' dir='ltr'>παθῶν</span> <span class='ocrx_word' id='word_1_322' title='bbox 2959 2198 3346 2266; x_wconf 73' lang='grc' dir='ltr'><strong>αἰσθανόμεθα</strong></span> <span class='ocrx_word' id='word_1_323' title='bbox 3372 2197 3458 2250; x_wconf 81' lang='grc' dir='ltr'>ὅτι</span> <span class='ocrx_word' id='word_1_324' title='bbox 3489 2198 3710 2266; x_wconf 73' lang='grc' dir='ltr'>ἁμαρτία</span> 
     </span>
    </p>
   </div>
   <div class='ocr_carea' id='block_1_38' title="bbox 2134 2287 3708 2360">
    <p class='ocr_par' dir='ltr' id='par_1_38' title="bbox 2134 2287 3708 2360">
     <span class='ocr_line' id='line_1_38' title="bbox 2134 2287 3708 2360; baseline -0.001 -18"><span class='ocrx_word' id='word_1_325' title='bbox 2134 2288 2306 2354; x_wconf 70' lang='grc' dir='ltr'>ἐστὶν,</span> <span class='ocrx_word' id='word_1_326' title='bbox 2334 2288 2394 2341; x_wconf 82' lang='grc' dir='ltr'><strong>τὸ</strong></span> <span class='ocrx_word' id='word_1_327' title='bbox 2427 2288 2484 2343; x_wconf 77' lang='grc' dir='ltr'>δὲ</span> <span class='ocrx_word' id='word_1_328' title='bbox 2527 2287 2722 2358; x_wconf 74' lang='grc' dir='ltr'>ψεῦδος</span> <span class='ocrx_word' id='word_1_329' title='bbox 2752 2290 2818 2342; x_wconf 80' lang='grc' dir='ltr'><strong>ἐκ</strong></span> <span class='ocrx_word' id='word_1_330' title='bbox 2850 2289 2945 2343; x_wconf 81' lang='grc' dir='ltr'>τοῦ</span> <span class='ocrx_word' id='word_1_331' title='bbox 2975 2289 3146 2343; x_wconf 77' lang='grc' dir='ltr'>αὐτοῦ</span> <span class='ocrx_word' id='word_1_332' title='bbox 3188 2289 3560 2360; x_wconf 77' lang='grc' dir='ltr'>ἐνδελεχίζειν</span> <span class='ocrx_word' id='word_1_333' title='bbox 3605 2288 3708 2342; x_wconf 62' lang='grc' dir='ltr'>οὐδὲ</span> 
     </span>
    </p>
   </div>
   <div class='ocr_carea' id='block_1_39' title="bbox 2136 2379 3710 2452">
    <p class='ocr_par' dir='ltr' id='par_1_39' title="bbox 2136 2379 3710 2452">
     <span class='ocr_line' id='line_1_39' title="bbox 2136 2379 3710 2452; baseline 0 -20"><span class='ocrx_word' id='word_1_334' title='bbox 2136 2380 2298 2448; x_wconf 72' lang='grc' dir='ltr'>ἴσμεν</span> <span class='ocrx_word' id='word_1_335' title='bbox 2325 2395 2338 2410; x_wconf 73' lang='grc'><strong>⁸</strong></span> <span class='ocrx_word' id='word_1_336' title='bbox 2376 2381 2459 2432; x_wconf 82' lang='grc' dir='ltr'><strong>ὅτι</strong></span> <span class='ocrx_word' id='word_1_337' title='bbox 2508 2379 2744 2448; x_wconf 74' lang='grc' dir='ltr'>χαλεπὸν</span> <span class='ocrx_word' id='word_1_338' title='bbox 2794 2383 2890 2434; x_wconf 77' lang='grc' dir='ltr'>καὶ</span> <span class='ocrx_word' id='word_1_339' title='bbox 2927 2381 3173 2452; x_wconf 73' lang='grc' dir='ltr'>ὀλέθριόν</span> <span class='ocrx_word' id='word_1_340' title='bbox 3216 2385 3398 2436; x_wconf 84' lang='grc' dir='ltr'>ἐστιν.</span> <span class='ocrx_word' id='word_1_341' title='bbox 3448 2382 3595 2435; x_wconf 82' lang='grc' dir='ltr'>Πάνυ</span> <span class='ocrx_word' id='word_1_342' title='bbox 3623 2381 3710 2451; x_wconf 81' lang='grc' dir='ltr'><strong>γὰρ</strong></span> 
     </span>
    </p>
   </div>
   <div class='ocr_carea' id='block_1_40' title="bbox 2137 2459 3707 2544">
    <p class='ocr_par' dir='ltr' id='par_1_40' title="bbox 2137 2459 3707 2544">
     <span class='ocr_line' id='line_1_40' title="bbox 2137 2459 3707 2544; baseline 0 -19"><span class='ocrx_word' id='word_1_343' title='bbox 2137 2470 2290 2541; x_wconf 74' lang='grc' dir='ltr'>παρὰ</span> <span class='ocrx_word' id='word_1_344' title='bbox 2323 2474 2390 2541; x_wconf 81' lang='grc' dir='ltr'>τῇ</span> <span class='ocrx_word' id='word_1_345' title='bbox 2426 2471 2548 2540; x_wconf 79' lang='grc' dir='ltr'>θείᾳ</span> <span class='ocrx_word' id='word_1_346' title='bbox 2581 2459 2776 2541; x_wconf 73' lang='grc' dir='ltr'>Γραὲρῆ</span> <span class='ocrx_word' id='word_1_347' title='bbox 2809 2474 3212 2544; x_wconf 78' lang='grc' dir='ltr'><strong>ἀπηγόρευται,</strong></span> <span class='ocrx_word' id='word_1_348' title='bbox 3239 2475 3343 2527; x_wconf 72' lang='grc' dir='ltr'><strong>καὶ</strong></span> <span class='ocrx_word' id='word_1_349' title='bbox 3385 2474 3536 2527; x_wconf 78' lang='grc' dir='ltr'>ἐστιν</span> <span class='ocrx_word' id='word_1_350' title='bbox 3567 2477 3707 2543; x_wconf 82' lang='grc' dir='ltr'>χαλε-</span> 
     </span>
    </p>
   </div>
   <div class='ocr_carea' id='block_1_41' title="bbox 2138 2561 3708 2636">
    <p class='ocr_par' dir='ltr' id='par_1_41' title="bbox 2138 2561 3708 2636">
     <span class='ocr_line' id='line_1_41' title="bbox 2138 2561 3708 2636; baseline -0.001 -20"><span class='ocrx_word' id='word_1_351' title='bbox 2138 2561 2386 2631; x_wconf 87' lang='grc' dir='ltr'>πώτερον</span> <span class='ocrx_word' id='word_1_352' title='bbox 2415 2562 2632 2618; x_wconf 73' lang='grc' dir='ltr'>πάντων</span> <span class='ocrx_word' id='word_1_353' title='bbox 2659 2562 2769 2618; x_wconf 83' lang='grc' dir='ltr'>τῶν</span> <span class='ocrx_word' id='word_1_354' title='bbox 2801 2565 3013 2618; x_wconf 84' lang='grc' dir='ltr'>παθῶν.</span> <span class='ocrx_word' id='word_1_355' title='bbox 3051 2565 3269 2632; x_wconf 81' lang='grc' dir='ltr'>Ὠσπερ</span> <span class='ocrx_word' id='word_1_356' title='bbox 3297 2565 3417 2636; x_wconf 72' lang='grc' dir='ltr'>γὰρ</span> <span class='ocrx_word' id='word_1_357' title='bbox 3465 2565 3524 2617; x_wconf 66' lang='lat' dir='ltr'><strong>zz.</strong></span> <span class='ocrx_word' id='word_1_358' title='bbox 3559 2564 3708 2633; x_wconf 81' lang='grc' dir='ltr'><strong>στόμα</strong></span> 
     </span>
    </p>
   </div>
   <div class='ocr_carea' id='block_1_42' title="bbox 2135 2652 3705 2727">
    <p class='ocr_par' dir='ltr' id='par_1_42' title="bbox 2135 2652 3705 2727">
     <span class='ocr_line' id='line_1_42' title="bbox 2135 2652 3705 2727; baseline -0.002 -17"><span class='ocrx_word' id='word_1_359' title='bbox 2135 2652 2231 2710; x_wconf 84' lang='grc' dir='ltr'>τοῦ</span> <span class='ocrx_word' id='word_1_360' title='bbox 2274 2654 2549 2724; x_wconf 78' lang='grc' dir='ltr'>ἀψεύστου</span> <span class='ocrx_word' id='word_1_361' title='bbox 2577 2656 2866 2725; x_wconf 80' lang='grc' dir='ltr'><strong>ἁγιάζεται</strong></span> <span class='ocrx_word' id='word_1_362' title='bbox 2909 2658 2976 2711; x_wconf 87' lang='grc' dir='ltr'><strong>ἐκ</strong></span> <span class='ocrx_word' id='word_1_363' title='bbox 3025 2658 3125 2726; x_wconf 83' lang='grc' dir='ltr'><strong>τῆς</strong></span> <span class='ocrx_word' id='word_1_364' title='bbox 3157 2656 3428 2727; x_wconf 77' lang='grc' dir='ltr'>ἀληθείας</span> <span class='ocrx_word' id='word_1_365' title='bbox 3470 2660 3490 2724; x_wconf 89' lang='grc'>(</span> <span class='ocrx_word' id='word_1_366' title='bbox 3524 2676 3543 2708; x_wconf 74' lang='grc' dir='ltr'><strong>ι</strong></span> <span class='ocrx_word' id='word_1_367' title='bbox 3590 2653 3705 2724; x_wconf 82' lang='grc' dir='ltr'><strong>Ἐγὼ</strong></span> 
     </span>
    </p>
   </div>
   <div class='ocr_carea' id='block_1_43' title="bbox 2137 2748 3706 2820">
    <p class='ocr_par' dir='ltr' id='par_1_43' title="bbox 2137 2748 3706 2820">
     <span class='ocr_line' id='line_1_43' title="bbox 2137 2748 3706 2820; baseline -0.001 -18"><span class='ocrx_word' id='word_1_368' title='bbox 2137 2750 2246 2820; x_wconf 83' lang='grc' dir='ltr'>γάρ</span> <span class='ocrx_word' id='word_1_369' title='bbox 2286 2751 2401 2819; x_wconf 76' lang='grc' dir='ltr'>εἰμι</span> <span class='ocrx_word' id='word_1_370' title='bbox 2438 2751 2472 2820; x_wconf 81' lang='grc' dir='ltr'><strong>ἡ</strong></span> <span class='ocrx_word' id='word_1_371' title='bbox 2508 2749 2758 2818; x_wconf 82' lang='grc' dir='ltr'><strong>ἀλήθεια,</strong></span> <span class='ocrx_word' id='word_1_372' title='bbox 2799 2751 2966 2819; x_wconf 68' lang='grc' dir='ltr'>φησιν</span> <span class='ocrx_word' id='word_1_373' title='bbox 2987 2752 3017 2803; x_wconf 86' lang='grc' dir='ltr'><strong>ό</strong></span> <span class='ocrx_word' id='word_1_374' title='bbox 3047 2749 3256 2820; x_wconf 84' lang='grc' dir='ltr'>Κύριος</span> <span class='ocrx_word' id='word_1_375' title='bbox 3290 2769 3310 2801; x_wconf 77' lang='grc' dir='ltr'><strong>ι</strong></span> <span class='ocrx_word' id='word_1_376' title='bbox 3343 2750 3362 2820; x_wconf 89' lang='grc'><strong>)</strong></span> <span class='ocrx_word' id='word_1_377' title='bbox 3389 2768 3402 2779; x_wconf 92' lang='grc'><strong>·</strong></span> <span class='ocrx_word' id='word_1_378' title='bbox 3431 2748 3601 2810; x_wconf 75' lang='grc' dir='ltr'>οὕτως</span> <span class='ocrx_word' id='word_1_379' title='bbox 3631 2764 3706 2816; x_wconf 85' lang='grc' dir='ltr'>μο-</span> 
     </span>
    </p>
   </div>
   <div class='ocr_carea' id='block_1_44' title="bbox 449 2833 2036 2912">
    <p class='ocr_par' dir='ltr' id='par_1_44' title="bbox 449 2833 2033 2912">
     <span class='ocr_line' id='line_1_44' title="bbox 449 2833 2033 2912; baseline 0.008 -25"><span class='ocrx_word' id='word_1_380' title='bbox 449 2833 688 2902; x_wconf 85' lang='lat' dir='ltr'><strong>Prorsus</strong></span> <span class='ocrx_word' id='word_1_381' title='bbox 727 2839 1012 2895; x_wconf 85' lang='lat' dir='ltr'><strong>sanctione</strong></span> <span class='ocrx_word' id='word_1_382' title='bbox 1049 2841 1252 2897; x_wconf 75' lang='lat' dir='ltr'><strong>divina:</strong></span> <span class='ocrx_word' id='word_1_383' title='bbox 1292 2843 1592 2912; x_wconf 63' lang='lat' dir='ltr'><strong>Scriptura:</strong></span> <span class='ocrx_word' id='word_1_384' title='bbox 1643 2845 2033 2901; x_wconf 86' lang='lat' dir='ltr'><strong>interdicimur</strong></span> 
     </span>
    </p>
   </div>
   <div class='ocr_carea' id='block_1_45' title="bbox 2141 2833 3702 2912">
    <p class='ocr_par' dir='ltr' id='par_1_45' title="bbox 2141 2838 3702 2912">
     <span class='ocr_line' id='line_1_45' title="bbox 2141 2838 3702 2912; baseline -0.003 -19"><span class='ocrx_word' id='word_1_385' title='bbox 2141 2841 2356 2894; x_wconf 83' lang='grc' dir='ltr'>λύνεται</span> <span class='ocrx_word' id='word_1_386' title='bbox 2394 2843 2422 2895; x_wconf 84' lang='grc' dir='ltr'>ὁ</span> <span class='ocrx_word' id='word_1_387' title='bbox 2457 2841 2790 2912; x_wconf 79' lang='grc' dir='ltr'>ψευδόμενος</span> <span class='ocrx_word' id='word_1_388' title='bbox 2819 2843 2885 2895; x_wconf 86' lang='grc' dir='ltr'><strong>ἐκ</strong></span> <span class='ocrx_word' id='word_1_389' title='bbox 2925 2841 3021 2895; x_wconf 83' lang='grc' dir='ltr'>τοῦ</span> <span class='ocrx_word' id='word_1_390' title='bbox 3048 2842 3261 2912; x_wconf 79' lang='grc' dir='ltr'>πατρὸς</span> <span class='ocrx_word' id='word_1_391' title='bbox 3291 2838 3465 2894; x_wconf 76' lang='grc' dir='ltr'>αὐτοῦ</span> <span class='ocrx_word' id='word_1_392' title='bbox 3495 2838 3587 2892; x_wconf 77' lang='grc' dir='ltr'><strong>τοῦ</strong></span> <span class='ocrx_word' id='word_1_393' title='bbox 3610 2838 3702 2890; x_wconf 83' lang='grc' dir='ltr'>δια-</span> 
     </span>
    </p>
   </div>
   <div class='ocr_carea' id='block_1_46' title="bbox 453 2926 2033 3003">
    <p class='ocr_par' dir='ltr' id='par_1_46' title="bbox 453 2926 2033 3003">
     <span class='ocr_line' id='line_1_46' title="bbox 453 2926 2033 3003; baseline 0.008 -23"><span class='ocrx_word' id='word_1_394' title='bbox 453 2926 766 2982; x_wconf 88' lang='lat' dir='ltr'><strong>mendacio.</strong></span> <span class='ocrx_word' id='word_1_395' title='bbox 808 2929 904 2984; x_wconf 89' lang='lat' dir='ltr'><strong>Est</strong></span> <span class='ocrx_word' id='word_1_396' title='bbox 933 2930 1081 2986; x_wconf 91' lang='lat' dir='ltr'><strong>enim</strong></span> <span class='ocrx_word' id='word_1_397' title='bbox 1130 2933 1341 2988; x_wconf 63' lang='lat' dir='ltr'><strong>caeteris</strong></span> <span class='ocrx_word' id='word_1_398' title='bbox 1371 2936 1882 3003; x_wconf 87' lang='lat' dir='ltr'><strong>perturbationibus</strong></span> <span class='ocrx_word' id='word_1_399' title='bbox 1913 2939 2033 2992; x_wconf 85' lang='lat' dir='ltr'><strong>ani-</strong></span> 
     </span>
    </p>
   </div>
   <div class='ocr_carea' id='block_1_47' title="bbox 455 3021 2030 3098">
    <p class='ocr_par' dir='ltr' id='par_1_47' title="bbox 455 3021 2030 3098">
     <span class='ocr_line' id='line_1_47' title="bbox 455 3021 2030 3098; baseline 0.008 -26"><span class='ocrx_word' id='word_1_400' title='bbox 455 3035 557 3073; x_wconf 71' lang='lat' dir='ltr'><strong>ma:</strong></span> <span class='ocrx_word' id='word_1_401' title='bbox 580 3035 689 3074; x_wconf 90' lang='lat' dir='ltr'><strong>non</strong></span> <span class='ocrx_word' id='word_1_402' title='bbox 709 3021 869 3090; x_wconf 89' lang='lat' dir='ltr'><strong>paulo</strong></span> <span class='ocrx_word' id='word_1_403' title='bbox 895 3024 1020 3092; x_wconf 87' lang='lat' dir='ltr'><strong>plus</strong></span> <span class='ocrx_word' id='word_1_404' title='bbox 1043 3023 1282 3079; x_wconf 78' lang='lat' dir='ltr'><strong>aﬂerens</strong></span> <span class='ocrx_word' id='word_1_405' title='bbox 1301 3027 1566 3081; x_wconf 62' lang='lat' dir='ltr'><strong>molestiae</strong></span> <span class='ocrx_word' id='word_1_406' title='bbox 1589 3037 1752 3096; x_wconf 85' lang='lat' dir='ltr'><strong>atque</strong></span> <span class='ocrx_word' id='word_1_407' title='bbox 1779 3030 2030 3098; x_wconf 89' lang='lat' dir='ltr'><strong>periculi.</strong></span> 
     </span>
    </p>
   </div>
   <div class='ocr_carea' id='block_1_48' title="bbox 462 3111 2028 3182">
    <p class='ocr_par' dir='ltr' id='par_1_48' title="bbox 462 3111 2028 3182">
     <span class='ocr_line' id='line_1_48' title="bbox 462 3111 2028 3182; baseline 0.008 -21"><span class='ocrx_word' id='word_1_408' title='bbox 462 3130 481 3161; x_wconf 75' lang='grc' dir='ltr'><strong>ι</strong></span> <span class='ocrx_word' id='word_1_409' title='bbox 531 3111 644 3182; x_wconf 78' lang='lat' dir='ltr'><strong>Ego</strong></span> <span class='ocrx_word' id='word_1_410' title='bbox 673 3113 822 3168; x_wconf 90' lang='lat' dir='ltr'><strong>enim</strong></span> <span class='ocrx_word' id='word_1_411' title='bbox 854 3130 997 3180; x_wconf 90' lang='lat' dir='ltr'><strong>sum,</strong></span> <span class='ocrx_word' id='word_1_412' title='bbox 1030 3116 1108 3170; x_wconf 90' lang='lat' dir='ltr'><strong>ait</strong></span> <span class='ocrx_word' id='word_1_413' title='bbox 1130 3117 1419 3180; x_wconf 86' lang='lat' dir='ltr'><strong>Dominus,</strong></span> <span class='ocrx_word' id='word_1_414' title='bbox 1457 3120 1662 3174; x_wconf 86' lang='lat' dir='ltr'><strong>veritas</strong></span> <span class='ocrx_word' id='word_1_415' title='bbox 1684 3131 1740 3174; x_wconf 91' lang='lat' dir='ltr'><strong>et</strong></span> <span class='ocrx_word' id='word_1_416' title='bbox 1772 3122 1880 3176; x_wconf 89' lang='lat' dir='ltr'><strong>vita</strong></span> <span class='ocrx_word' id='word_1_417' title='bbox 1904 3125 1924 3155; x_wconf 74' lang='grc'><strong><em>⁸</em></strong></span> <span class='ocrx_word' id='word_1_418' title='bbox 1953 3141 1966 3176; x_wconf 90' lang='lat'>:</span> <span class='ocrx_word' id='word_1_419' title='bbox 2011 3142 2028 3174; x_wconf 82' lang='grc'>›</span> 
     </span>
    </p>
   </div>
   <div class='ocr_carea' id='block_1_49' title="bbox 452 3203 2034 3282">
    <p class='ocr_par' dir='ltr' id='par_1_49' title="bbox 452 3203 2034 3282">
     <span class='ocr_line' id='line_1_49' title="bbox 452 3203 2034 3282; baseline 0.008 -24"><span class='ocrx_word' id='word_1_420' title='bbox 452 3203 593 3259; x_wconf 86' lang='lat' dir='ltr'><strong>adeo</strong></span> <span class='ocrx_word' id='word_1_421' title='bbox 629 3220 688 3258; x_wconf 91' lang='lat' dir='ltr'><strong>se</strong></span> <span class='ocrx_word' id='word_1_422' title='bbox 711 3205 963 3276; x_wconf 82' lang='lat' dir='ltr'><strong>inquinat</strong></span> <span class='ocrx_word' id='word_1_423' title='bbox 991 3223 1056 3263; x_wconf 89' lang='lat' dir='ltr'><strong>ac</strong></span> <span class='ocrx_word' id='word_1_424' title='bbox 1074 3208 1590 3282; x_wconf 69' lang='lat' dir='ltr'><strong>defoedatquisquis</strong></span> <span class='ocrx_word' id='word_1_425' title='bbox 1616 3213 1789 3282; x_wconf 86' lang='lat' dir='ltr'><strong>patris</strong></span> <span class='ocrx_word' id='word_1_426' title='bbox 1829 3216 2034 3271; x_wconf 89' lang='lat' dir='ltr'><strong>diaboli</strong></span> 
     </span>
    </p>
   </div>
   <div class='ocr_carea' id='block_1_50' title="bbox 455 3297 2034 3373">
    <p class='ocr_par' dir='ltr' id='par_1_50' title="bbox 455 3297 2034 3373">
     <span class='ocr_line' id='line_1_50' title="bbox 455 3297 2034 3373; baseline 0.008 -24"><span class='ocrx_word' id='word_1_427' title='bbox 455 3297 817 3364; x_wconf 85' lang='lat' dir='ltr'><strong>persuasione</strong></span> <span class='ocrx_word' id='word_1_428' title='bbox 869 3299 1070 3354; x_wconf 81' lang='lat' dir='ltr'><strong>falsum</strong></span> <span class='ocrx_word' id='word_1_429' title='bbox 1099 3301 1204 3356; x_wconf 89' lang='lat' dir='ltr'><strong>sibi</strong></span> <span class='ocrx_word' id='word_1_430' title='bbox 1239 3313 1456 3373; x_wconf 81' lang='lat' dir='ltr'><strong>arrogat</strong></span> <span class='ocrx_word' id='word_1_431' title='bbox 1497 3321 1736 3360; x_wconf 88' lang='lat' dir='ltr'><strong>nomen:</strong></span> <span class='ocrx_word' id='word_1_432' title='bbox 1765 3323 1854 3361; x_wconf 90' lang='lat' dir='ltr'><strong>res</strong></span> <span class='ocrx_word' id='word_1_433' title='bbox 1885 3309 2034 3362; x_wconf 91' lang='lat' dir='ltr'><strong>enim</strong></span> 
     </span>
    </p>
   </div>
   <div class='ocr_carea' id='block_1_51' title="bbox 451 3386 2036 3468">
    <p class='ocr_par' dir='ltr' id='par_1_51' title="bbox 451 3386 2036 3468">
     <span class='ocr_line' id='line_1_51' title="bbox 451 3386 2036 3468; baseline 0.008 -27"><span class='ocrx_word' id='word_1_434' title='bbox 451 3386 570 3454; x_wconf 87' lang='lat' dir='ltr'><strong>ipsa</strong></span> <span class='ocrx_word' id='word_1_435' title='bbox 609 3388 920 3446; x_wconf 90' lang='lat' dir='ltr'><strong>luculenter</strong></span> <span class='ocrx_word' id='word_1_436' title='bbox 964 3392 1127 3447; x_wconf 91' lang='lat' dir='ltr'><strong>docet</strong></span> <span class='ocrx_word' id='word_1_437' title='bbox 1174 3395 1520 3450; x_wconf 88' lang='lat' dir='ltr'><strong>mendacium</strong></span> <span class='ocrx_word' id='word_1_438' title='bbox 1589 3413 1620 3450; x_wconf 90' lang='lat' dir='ltr'><strong>a</strong></span> <span class='ocrx_word' id='word_1_439' title='bbox 1660 3399 1804 3452; x_wconf 87' lang='lat' dir='ltr'><strong>malo</strong></span> <span class='ocrx_word' id='word_1_440' title='bbox 1866 3399 2036 3468; x_wconf 83' lang='lat' dir='ltr'><strong>proti-</strong></span> 
     </span>
    </p>
   </div>
   <div class='ocr_carea' id='block_1_52' title="bbox 451 3479 2037 3556">
    <p class='ocr_par' dir='ltr' id='par_1_52' title="bbox 451 3479 2037 3556">
     <span class='ocr_line' id='line_1_52' title="bbox 451 3479 2037 3556; baseline 0.008 -25"><span class='ocrx_word' id='word_1_441' title='bbox 451 3479 608 3533; x_wconf 90' lang='lat' dir='ltr'><strong>cisci.</strong></span> <span class='ocrx_word' id='word_1_442' title='bbox 637 3479 741 3546; x_wconf 84' lang='lat' dir='ltr'><strong>Qui</strong></span> <span class='ocrx_word' id='word_1_443' title='bbox 768 3481 934 3552; x_wconf 77' lang='lat' dir='ltr'><strong>igitur</strong></span> <span class='ocrx_word' id='word_1_444' title='bbox 954 3485 1242 3539; x_wconf 85' lang='lat' dir='ltr'><strong>veritatem</strong></span> <span class='ocrx_word' id='word_1_445' title='bbox 1273 3486 1474 3556; x_wconf 77' lang='lat' dir='ltr'><strong>diligit,</strong></span> <span class='ocrx_word' id='word_1_446' title='bbox 1507 3488 1644 3541; x_wconf 89' lang='lat' dir='ltr'><strong>nihil</strong></span> <span class='ocrx_word' id='word_1_447' title='bbox 1677 3489 1914 3543; x_wconf 87' lang='lat' dir='ltr'><strong>obscure</strong></span> <span class='ocrx_word' id='word_1_448' title='bbox 1944 3489 2037 3544; x_wconf 88' lang='lat' dir='ltr'><strong>hic</strong></span> 
     </span>
    </p>
   </div>
   <div class='ocr_carea' id='block_1_53' title="bbox 451 3570 2036 3647">
    <p class='ocr_par' dir='ltr' id='par_1_53' title="bbox 451 3570 2036 3647">
     <span class='ocr_line' id='line_1_53' title="bbox 451 3570 2036 3647; baseline 0.006 -23"><span class='ocrx_word' id='word_1_449' title='bbox 451 3570 748 3626; x_wconf 87' lang='lat' dir='ltr'><strong>Dominum</strong></span> <span class='ocrx_word' id='word_1_450' title='bbox 775 3583 832 3628; x_wconf 92' lang='lat' dir='ltr'><strong>et</strong></span> <span class='ocrx_word' id='word_1_451' title='bbox 864 3573 1063 3646; x_wconf 82' lang='lat' dir='ltr'><strong>diligit.</strong></span> <span class='ocrx_word' id='word_1_452' title='bbox 1097 3576 1210 3630; x_wconf 79' lang='lat' dir='ltr'><strong>Lex</strong></span> <span class='ocrx_word' id='word_1_453' title='bbox 1241 3577 1332 3631; x_wconf 91' lang='lat' dir='ltr'><strong>illa</strong></span> <span class='ocrx_word' id='word_1_454' title='bbox 1362 3580 1516 3647; x_wconf 89' lang='lat' dir='ltr'><strong>prior</strong></span> <span class='ocrx_word' id='word_1_455' title='bbox 1543 3578 1726 3633; x_wconf 82' lang='lat' dir='ltr'><strong>edicto</strong></span> <span class='ocrx_word' id='word_1_456' title='bbox 1762 3589 1938 3644; x_wconf 75' lang='lat' dir='ltr'><strong>cavet,</strong></span> <span class='ocrx_word' id='word_1_457' title='bbox 1967 3596 2036 3634; x_wconf 89' lang='lat' dir='ltr'><strong>ne</strong></span> 
     </span>
    </p>
   </div>
   <div class='ocr_carea' id='block_1_54' title="bbox 453 3664 2032 3737">
    <p class='ocr_par' dir='ltr' id='par_1_54' title="bbox 453 3664 2032 3737">
     <span class='ocr_line' id='line_1_54' title="bbox 453 3664 2032 3737; baseline 0.004 -19"><span class='ocrx_word' id='word_1_458' title='bbox 453 3664 580 3732; x_wconf 84' lang='lat' dir='ltr'><strong>quis</strong></span> <span class='ocrx_word' id='word_1_459' title='bbox 601 3665 871 3721; x_wconf 87' lang='lat' dir='ltr'><strong>adversus</strong></span> <span class='ocrx_word' id='word_1_460' title='bbox 889 3669 1203 3737; x_wconf 76' lang='lat' dir='ltr'><strong>proximum</strong></span> <span class='ocrx_word' id='word_1_461' title='bbox 1231 3671 1426 3725; x_wconf 79' lang='lat' dir='ltr'><strong>falsum</strong></span> <span class='ocrx_word' id='word_1_462' title='bbox 1451 3671 1596 3727; x_wconf 86' lang='lat' dir='ltr'><strong>dicat</strong></span> <span class='ocrx_word' id='word_1_463' title='bbox 1623 3673 1994 3726; x_wconf 89' lang='lat' dir='ltr'><strong>testimonium</strong></span> <span class='ocrx_word' id='word_1_464' title='bbox 2019 3688 2032 3725; x_wconf 93' lang='lat'>:</span> 
     </span>
    </p>
   </div>
   <div class='ocr_carea' id='block_1_55' title="bbox 451 3755 2038 3831">
    <p class='ocr_par' dir='ltr' id='par_1_55' title="bbox 451 3755 2038 3831">
     <span class='ocr_line' id='line_1_55' title="bbox 451 3755 2038 3831; baseline 0.004 -21"><span class='ocrx_word' id='word_1_465' title='bbox 451 3755 760 3825; x_wconf 86' lang='lat' dir='ltr'><strong>eademque</strong></span> <span class='ocrx_word' id='word_1_466' title='bbox 806 3758 985 3827; x_wconf 85' lang='lat' dir='ltr'><strong>jubet,</strong></span> <span class='ocrx_word' id='word_1_467' title='bbox 1027 3761 1258 3814; x_wconf 90' lang='lat' dir='ltr'><strong>verbum</strong></span> <span class='ocrx_word' id='word_1_468' title='bbox 1283 3775 1446 3815; x_wconf 92' lang='lat' dir='ltr'><strong>omne</strong></span> <span class='ocrx_word' id='word_1_469' title='bbox 1510 3761 1762 3831; x_wconf 91' lang='lat' dir='ltr'><strong>iniquum</strong></span> <span class='ocrx_word' id='word_1_470' title='bbox 1799 3775 1861 3816; x_wconf 88' lang='lat' dir='ltr'><strong>ut</strong></span> <span class='ocrx_word' id='word_1_471' title='bbox 1882 3777 2038 3817; x_wconf 88' lang='lat' dir='ltr'><strong>aver-</strong></span> 
     </span>
    </p>
   </div>
   <div class='ocr_carea' id='block_1_56' title="bbox 453 3847 2037 3923">
    <p class='ocr_par' dir='ltr' id='par_1_56' title="bbox 453 3847 2037 3923">
     <span class='ocr_line' id='line_1_56' title="bbox 453 3847 2037 3923; baseline 0.006 -22"><span class='ocrx_word' id='word_1_472' title='bbox 453 3862 600 3902; x_wconf 82' lang='lat' dir='ltr'><strong>sere.</strong></span> <span class='ocrx_word' id='word_1_473' title='bbox 633 3847 740 3904; x_wconf 85' lang='lat' dir='ltr'><strong>Sed</strong></span> <span class='ocrx_word' id='word_1_474' title='bbox 763 3858 819 3904; x_wconf 92' lang='lat' dir='ltr'><strong>et</strong></span> <span class='ocrx_word' id='word_1_475' title='bbox 843 3849 1125 3920; x_wconf 89' lang='lat' dir='ltr'><strong>Sapientia</strong></span> <span class='ocrx_word' id='word_1_476' title='bbox 1161 3871 1172 3906; x_wconf 92' lang='lat'><strong>:</strong></span> <span class='ocrx_word' id='word_1_477' title='bbox 1204 3871 1222 3903; x_wconf 75' lang='grc' dir='ltr'><strong>ι</strong></span> <span class='ocrx_word' id='word_1_478' title='bbox 1254 3852 1327 3908; x_wconf 90' lang='lat' dir='ltr'><strong>Os</strong></span> <span class='ocrx_word' id='word_1_479' title='bbox 1351 3853 1499 3923; x_wconf 85' lang='lat' dir='ltr'><strong>quod</strong></span> <span class='ocrx_word' id='word_1_480' title='bbox 1524 3855 1811 3919; x_wconf 89' lang='lat' dir='ltr'><strong>mentitur,</strong></span> <span class='ocrx_word' id='word_1_481' title='bbox 1833 3854 2037 3911; x_wconf 86' lang='lat' dir='ltr'><strong>occidit</strong></span> 
     </span>
    </p>
   </div>
   <div class='ocr_carea' id='block_1_57' title="bbox 451 3936 2037 3999">
    <p class='ocr_par' dir='ltr' id='par_1_57' title="bbox 451 3936 2037 3999">
     <span class='ocr_line' id='line_1_57' title="bbox 451 3936 2037 3999; baseline 0.005 -8"><span class='ocrx_word' id='word_1_482' title='bbox 451 3936 693 3992; x_wconf 84' lang='lat' dir='ltr'><strong>animam</strong></span> <span class='ocrx_word' id='word_1_483' title='bbox 725 3939 767 3992; x_wconf 80' lang='grc'><strong>⁷.</strong></span> <span class='ocrx_word' id='word_1_484' title='bbox 809 3958 826 3992; x_wconf 73' lang='grc' dir='ltr'><strong>ι</strong></span> <span class='ocrx_word' id='word_1_485' title='bbox 876 3941 1090 3996; x_wconf 83' lang='lat' dir='ltr'><strong>Rursus</strong></span> <span class='ocrx_word' id='word_1_486' title='bbox 1128 3959 1140 3995; x_wconf 94' lang='lat'>:</span> <span class='ocrx_word' id='word_1_487' title='bbox 1188 3961 1206 3992; x_wconf 80' lang='grc' dir='ltr'><strong>ι</strong></span> <span class='ocrx_word' id='word_1_488' title='bbox 1259 3941 1338 3996; x_wconf 85' lang='lat' dir='ltr'><strong>Ne</strong></span> <span class='ocrx_word' id='word_1_489' title='bbox 1390 3959 1587 3998; x_wconf 82' lang='lat' dir='ltr'><strong>exares</strong></span> <span class='ocrx_word' id='word_1_490' title='bbox 1627 3952 1684 3998; x_wconf 89' lang='lat' dir='ltr'><strong>et</strong></span> <span class='ocrx_word' id='word_1_491' title='bbox 1736 3944 2037 3999; x_wconf 90' lang='lat' dir='ltr'><strong>concinnes</strong></span> 
     </span>
    </p>
   </div>
   <div class='ocr_carea' id='block_1_58' title="bbox 455 4029 2037 4097">
    <p class='ocr_par' dir='ltr' id='par_1_58' title="bbox 455 4029 2037 4097">
     <span class='ocr_line' id='line_1_58' title="bbox 455 4029 2037 4097; baseline 0.006 -15"><span class='ocrx_word' id='word_1_492' title='bbox 455 4029 806 4084; x_wconf 87' lang='lat' dir='ltr'><strong>mendacium</strong></span> <span class='ocrx_word' id='word_1_493' title='bbox 849 4031 1116 4088; x_wconf 87' lang='lat' dir='ltr'><strong>adversus</strong></span> <span class='ocrx_word' id='word_1_494' title='bbox 1163 4033 1388 4088; x_wconf 76' lang='lat' dir='ltr'><strong>fratrem</strong></span> <span class='ocrx_word' id='word_1_495' title='bbox 1440 4043 1618 4097; x_wconf 89' lang='lat' dir='ltr'><strong>tuum.</strong></span> <span class='ocrx_word' id='word_1_496' title='bbox 1667 4045 1725 4089; x_wconf 92' lang='lat' dir='ltr'><strong>et</strong></span> <span class='ocrx_word' id='word_1_497' title='bbox 1766 4051 1836 4090; x_wconf 90' lang='lat' dir='ltr'><strong>ne</strong></span> <span class='ocrx_word' id='word_1_498' title='bbox 1898 4036 2037 4091; x_wconf 88' lang='lat' dir='ltr'><strong>velis</strong></span> 
     </span>
    </p>
   </div>
   <div class='ocr_carea' id='block_1_59' title="bbox 455 4120 2037 4198">
    <p class='ocr_par' dir='ltr' id='par_1_59' title="bbox 455 4120 2037 4198">
     <span class='ocr_line' id='line_1_59' title="bbox 455 4120 2037 4198; baseline 0.006 -26"><span class='ocrx_word' id='word_1_499' title='bbox 455 4120 680 4175; x_wconf 87' lang='lat' dir='ltr'><strong>mentiri</strong></span> <span class='ocrx_word' id='word_1_500' title='bbox 731 4137 896 4177; x_wconf 91' lang='lat' dir='ltr'><strong>omne</strong></span> <span class='ocrx_word' id='word_1_501' title='bbox 947 4124 1338 4190; x_wconf 89' lang='lat' dir='ltr'><strong>mendacium;</strong></span> <span class='ocrx_word' id='word_1_502' title='bbox 1387 4126 1681 4180; x_wconf 90' lang='lat' dir='ltr'><strong>assiduitas</strong></span> <span class='ocrx_word' id='word_1_503' title='bbox 1730 4127 1876 4182; x_wconf 89' lang='lat' dir='ltr'><strong>enim</strong></span> <span class='ocrx_word' id='word_1_504' title='bbox 1917 4128 2037 4198; x_wconf 87' lang='lat' dir='ltr'><strong>ejus</strong></span> 
     </span>
    </p>
   </div>
   <div class='ocr_carea' id='block_1_60' title="bbox 2135 2927 3702 3004">
    <p class='ocr_par' dir='ltr' id='par_1_60' title="bbox 2135 2927 3702 3004">
     <span class='ocr_line' id='line_1_60' title="bbox 2135 2927 3702 3004; baseline -0.002 -18"><span class='ocrx_word' id='word_1_505' title='bbox 2135 2934 2315 2988; x_wconf 78' lang='grc' dir='ltr'>δόλου.</span> <span class='ocrx_word' id='word_1_506' title='bbox 2358 2933 2431 2986; x_wconf 87' lang='grc' dir='ltr'><strong>Τὸ</strong></span> <span class='ocrx_word' id='word_1_507' title='bbox 2459 2934 2566 3004; x_wconf 84' lang='grc' dir='ltr'><strong>γὰρ</strong></span> <span class='ocrx_word' id='word_1_508' title='bbox 2593 2933 2788 3002; x_wconf 79' lang='grc' dir='ltr'>ψεῦδος</span> <span class='ocrx_word' id='word_1_509' title='bbox 2815 2934 2882 2986; x_wconf 83' lang='grc' dir='ltr'><strong>ἐκ</strong></span> <span class='ocrx_word' id='word_1_510' title='bbox 2907 2933 3004 2986; x_wconf 77' lang='grc' dir='ltr'>τοῦ</span> <span class='ocrx_word' id='word_1_511' title='bbox 3037 2931 3281 3002; x_wconf 84' lang='grc' dir='ltr'>πονηροῦ</span> <span class='ocrx_word' id='word_1_512' title='bbox 3327 2928 3471 2984; x_wconf 78' lang='grc' dir='ltr'>εἶναι</span> <span class='ocrx_word' id='word_1_513' title='bbox 3498 2927 3702 2997; x_wconf 71' lang='grc' dir='ltr'>σαφῶςὸ</span> 
     </span>
    </p>
   </div>
   <div class='ocr_carea' id='block_1_61' title="bbox 2135 3019 3702 3096">
    <p class='ocr_par' dir='ltr' id='par_1_61' title="bbox 2135 3019 3702 3096">
     <span class='ocr_line' id='line_1_61' title="bbox 2135 3019 3702 3096; baseline -0.006 -15"><span class='ocrx_word' id='word_1_514' title='bbox 2135 3027 2340 3096; x_wconf 77' lang='grc' dir='ltr'>Κύριος</span> <span class='ocrx_word' id='word_1_515' title='bbox 2365 3027 2632 3080; x_wconf 81' lang='grc' dir='ltr'><strong>διδάσκει.</strong></span> <span class='ocrx_word' id='word_1_516' title='bbox 2667 3027 2724 3079; x_wconf 86' lang='lat'><strong>&#39;0</strong></span> <span class='ocrx_word' id='word_1_517' title='bbox 2747 3021 2840 3080; x_wconf 74' lang='grc' dir='ltr'><strong>οὖν</strong></span> <span class='ocrx_word' id='word_1_518' title='bbox 2865 3025 3094 3094; x_wconf 82' lang='grc' dir='ltr'><strong>ἀγαπῶν</strong></span> <span class='ocrx_word' id='word_1_519' title='bbox 3125 3025 3222 3095; x_wconf 85' lang='grc' dir='ltr'>τὴν</span> <span class='ocrx_word' id='word_1_520' title='bbox 3254 3023 3540 3094; x_wconf 84' lang='grc' dir='ltr'>ἀλήθειαν,</span> <span class='ocrx_word' id='word_1_521' title='bbox 3572 3019 3702 3090; x_wconf 70' lang='grc' dir='ltr'>δῆλον</span> 
     </span>
    </p>
   </div>
   <div class='ocr_carea' id='block_1_62' title="bbox 2134 3109 3701 3186">
    <p class='ocr_par' dir='ltr' id='par_1_62' title="bbox 2134 3109 3701 3186">
     <span class='ocr_line' id='line_1_62' title="bbox 2134 3109 3701 3186; baseline -0.006 -16"><span class='ocrx_word' id='word_1_522' title='bbox 2134 3118 2216 3170; x_wconf 83' lang='grc' dir='ltr'>ὅτι</span> <span class='ocrx_word' id='word_1_523' title='bbox 2249 3117 2339 3170; x_wconf 73' lang='grc' dir='ltr'>τὸν</span> <span class='ocrx_word' id='word_1_524' title='bbox 2374 3116 2578 3186; x_wconf 80' lang='grc' dir='ltr'>Κύριον</span> <span class='ocrx_word' id='word_1_525' title='bbox 2613 3116 2838 3186; x_wconf 74' lang='grc' dir='ltr'><strong>ἀγαπᾷο</strong></span> <span class='ocrx_word' id='word_1_526' title='bbox 2869 3117 2966 3168; x_wconf 71' lang='grc' dir='ltr'><strong>καὶ</strong></span> <span class='ocrx_word' id='word_1_527' title='bbox 3000 3117 3028 3167; x_wconf 86' lang='grc' dir='ltr'>ὁ</span> <span class='ocrx_word' id='word_1_528' title='bbox 3065 3115 3277 3186; x_wconf 84' lang='grc' dir='ltr'>χαίρων</span> <span class='ocrx_word' id='word_1_529' title='bbox 3309 3114 3394 3180; x_wconf 81' lang='grc' dir='ltr'><strong>τῷ</strong></span> <span class='ocrx_word' id='word_1_530' title='bbox 3431 3111 3628 3182; x_wconf 76' lang='grc' dir='ltr'>ψεύδει,</span> <span class='ocrx_word' id='word_1_531' title='bbox 3652 3109 3701 3160; x_wconf 76' lang='grc' dir='ltr'><strong>τὸ</strong></span> 
     </span>
    </p>
   </div>
   <div class='ocr_carea' id='block_1_63' title="bbox 2135 3204 3702 3278">
    <p class='ocr_par' dir='ltr' id='par_1_63' title="bbox 2135 3204 3702 3278">
     <span class='ocr_line' id='line_1_63' title="bbox 2135 3204 3702 3278; baseline -0.007 -15"><span class='ocrx_word' id='word_1_532' title='bbox 2135 3209 2350 3278; x_wconf 79' lang='grc' dir='ltr'>θέλημα</span> <span class='ocrx_word' id='word_1_533' title='bbox 2375 3207 2468 3261; x_wconf 83' lang='grc' dir='ltr'>τοῦ</span> <span class='ocrx_word' id='word_1_534' title='bbox 2492 3207 2790 3276; x_wconf 79' lang='grc' dir='ltr'>δυσμενοῦς</span> <span class='ocrx_word' id='word_1_535' title='bbox 2812 3209 3021 3276; x_wconf 77' lang='grc' dir='ltr'><strong>ἀγαπᾷ.</strong></span> <span class='ocrx_word' id='word_1_536' title='bbox 3051 3207 3276 3276; x_wconf 82' lang='grc' dir='ltr'>Πρῶτος</span> <span class='ocrx_word' id='word_1_537' title='bbox 3301 3209 3329 3258; x_wconf 84' lang='grc' dir='ltr'><strong>ὁ</strong></span> <span class='ocrx_word' id='word_1_538' title='bbox 3360 3204 3527 3274; x_wconf 83' lang='grc' dir='ltr'>νόμος</span> <span class='ocrx_word' id='word_1_539' title='bbox 3554 3216 3702 3268; x_wconf 78' lang='grc' dir='ltr'>παρα·</span> 
     </span>
    </p>
   </div>
   <div class='ocr_carea' id='block_1_64' title="bbox 2137 3288 3700 3366">
    <p class='ocr_par' dir='ltr' id='par_1_64' title="bbox 2137 3288 3700 3366">
     <span class='ocr_line' id='line_1_64' title="bbox 2137 3288 3700 3366; baseline -0.008 -14"><span class='ocrx_word' id='word_1_540' title='bbox 2137 3298 2422 3353; x_wconf 84' lang='grc' dir='ltr'>κελεύεται</span> <span class='ocrx_word' id='word_1_541' title='bbox 2443 3314 2456 3328; x_wconf 79' lang='grc'><strong>”</strong></span> <span class='ocrx_word' id='word_1_542' title='bbox 2481 3297 2556 3351; x_wconf 77' lang='grc' dir='ltr'><strong>Οὐ</strong></span> <span class='ocrx_word' id='word_1_543' title='bbox 2589 3297 3140 3366; x_wconf 81' lang='grc' dir='ltr'><strong>ψευδομαρτυρήσεις</strong></span> <span class='ocrx_word' id='word_1_544' title='bbox 3183 3295 3332 3348; x_wconf 78' lang='grc' dir='ltr'>κατὰ</span> <span class='ocrx_word' id='word_1_545' title='bbox 3364 3292 3462 3346; x_wconf 78' lang='grc' dir='ltr'>τοῦ</span> <span class='ocrx_word' id='word_1_546' title='bbox 3505 3288 3700 3361; x_wconf 76' lang='grc' dir='ltr'>πλησίον</span> 
     </span>
    </p>
   </div>
   <div class='ocr_carea' id='block_1_65' title="bbox 2140 3383 3700 3460">
    <p class='ocr_par' dir='ltr' id='par_1_65' title="bbox 2140 3383 3700 3460">
     <span class='ocr_line' id='line_1_65' title="bbox 2140 3383 3700 3460; baseline -0.007 -18"><span class='ocrx_word' id='word_1_547' title='bbox 2140 3407 2232 3442; x_wconf 84' lang='grc' dir='ltr'><strong>σου</strong></span> <span class='ocrx_word' id='word_1_548' title='bbox 2277 3389 2584 3460; x_wconf 80' lang='grc' dir='ltr'>μαρτυρίαν</span> <span class='ocrx_word' id='word_1_549' title='bbox 2608 3388 2781 3460; x_wconf 75' lang='grc' dir='ltr'>ψευδῆ</span> <span class='ocrx_word' id='word_1_550' title='bbox 2816 3403 2830 3418; x_wconf 92' lang='grc'><strong>·</strong></span> <span class='ocrx_word' id='word_1_551' title='bbox 2865 3389 2974 3442; x_wconf 82' lang='grc' dir='ltr'>ἀπὸ</span> <span class='ocrx_word' id='word_1_552' title='bbox 3009 3387 3210 3450; x_wconf 77' lang='grc' dir='ltr'>παντὸς</span> <span class='ocrx_word' id='word_1_553' title='bbox 3253 3389 3504 3459; x_wconf 78' lang='grc' dir='ltr'>ῥήματος</span> <span class='ocrx_word' id='word_1_554' title='bbox 3540 3383 3700 3436; x_wconf 80' lang='grc' dir='ltr'>ἀδίκου</span> 
     </span>
    </p>
   </div>
   <div class='ocr_carea' id='block_1_66' title="bbox 2137 3475 3700 3552">
    <p class='ocr_par' dir='ltr' id='par_1_66' title="bbox 2137 3475 3700 3552">
     <span class='ocr_line' id='line_1_66' title="bbox 2137 3475 3700 3552; baseline -0.004 -19"><span class='ocrx_word' id='word_1_555' title='bbox 2137 3481 2450 3551; x_wconf 84' lang='grc' dir='ltr'>ἀποστήσῃ.</span> <span class='ocrx_word' id='word_1_556' title='bbox 2492 3480 2605 3536; x_wconf 73' lang='grc' dir='ltr'><strong>Κιὺ⁸</strong></span> <span class='ocrx_word' id='word_1_557' title='bbox 2639 3483 2672 3552; x_wconf 82' lang='grc' dir='ltr'>ἡ</span> <span class='ocrx_word' id='word_1_558' title='bbox 2710 3480 2901 3548; x_wconf 80' lang='grc' dir='ltr'>Σοφία·</span> <span class='ocrx_word' id='word_1_559' title='bbox 2943 3499 2962 3532; x_wconf 77' lang='grc' dir='ltr'><strong>ι</strong></span> <span class='ocrx_word' id='word_1_560' title='bbox 3023 3479 3208 3548; x_wconf 84' lang='grc' dir='ltr'>Στόμα</span> <span class='ocrx_word' id='word_1_561' title='bbox 3248 3475 3700 3548; x_wconf 79' lang='grc' dir='ltr'>καταψευδόμενον</span> 
     </span>
    </p>
   </div>
   <div class='ocr_carea' id='block_1_67' title="bbox 2139 3563 3700 3644">
    <p class='ocr_par' dir='ltr' id='par_1_67' title="bbox 2139 3563 3700 3644">
     <span class='ocr_line' id='line_1_67' title="bbox 2139 3563 3700 3644; baseline -0.001 -18"><span class='ocrx_word' id='word_1_562' title='bbox 2139 3573 2356 3643; x_wconf 86' lang='grc' dir='ltr'>ἀναιρεί</span> <span class='ocrx_word' id='word_1_563' title='bbox 2381 3573 2582 3642; x_wconf 78' lang='grc' dir='ltr'><strong>ψυχήν.</strong></span> <span class='ocrx_word' id='word_1_564' title='bbox 2631 3591 2649 3622; x_wconf 77' lang='grc' dir='ltr'><strong>ι</strong></span> <span class='ocrx_word' id='word_1_565' title='bbox 2695 3572 2804 3625; x_wconf 72' lang='grc' dir='ltr'><strong>Καὶ</strong></span> <span class='ocrx_word' id='word_1_566' title='bbox 2855 3572 3040 3625; x_wconf 82' lang='grc' dir='ltr'>πάλιν·</span> <span class='ocrx_word' id='word_1_567' title='bbox 3073 3590 3095 3624; x_wconf 72' lang='grc' dir='ltr'><strong>ε</strong></span> <span class='ocrx_word' id='word_1_568' title='bbox 3133 3571 3227 3642; x_wconf 80' lang='grc' dir='ltr'><strong>Μὴ</strong></span> <span class='ocrx_word' id='word_1_569' title='bbox 3267 3569 3500 3644; x_wconf 81' lang='grc' dir='ltr'>ἁροτρία</span> <span class='ocrx_word' id='word_1_570' title='bbox 3529 3563 3700 3636; x_wconf 77' lang='grc' dir='ltr'>ψεῦδος</span> 
     </span>
    </p>
   </div>
   <div class='ocr_carea' id='block_1_68' title="bbox 2139 3657 3695 3734">
    <p class='ocr_par' dir='ltr' id='par_1_68' title="bbox 2139 3657 3695 3734">
     <span class='ocr_line' id='line_1_68' title="bbox 2139 3657 3695 3734; baseline 0 -17"><span class='ocrx_word' id='word_1_571' title='bbox 2139 3666 2231 3718; x_wconf 77' lang='grc' dir='ltr'><strong>ἐπὶ</strong></span> <span class='ocrx_word' id='word_1_572' title='bbox 2253 3665 2484 3733; x_wconf 81' lang='grc' dir='ltr'>ἀδελφόν</span> <span class='ocrx_word' id='word_1_573' title='bbox 2509 3682 2624 3729; x_wconf 83' lang='grc' dir='ltr'>σου,</span> <span class='ocrx_word' id='word_1_574' title='bbox 2654 3667 2750 3718; x_wconf 69' lang='grc' dir='ltr'><strong>καὶ</strong></span> <span class='ocrx_word' id='word_1_575' title='bbox 2788 3665 2863 3734; x_wconf 78' lang='grc' dir='ltr'>μὴ</span> <span class='ocrx_word' id='word_1_576' title='bbox 2889 3665 3011 3717; x_wconf 79' lang='grc' dir='ltr'>Θὲλε</span> <span class='ocrx_word' id='word_1_577' title='bbox 3041 3663 3202 3734; x_wconf 74' lang='grc' dir='ltr'>ψεύδε</span> <span class='ocrx_word' id='word_1_578' title='bbox 3215 3663 3342 3717; x_wconf 64' lang='grc' dir='ltr'>σθαι</span> <span class='ocrx_word' id='word_1_579' title='bbox 3374 3663 3481 3716; x_wconf 81' lang='grc' dir='ltr'>πᾶν</span> <span class='ocrx_word' id='word_1_580' title='bbox 3509 3657 3695 3730; x_wconf 74' lang='grc' dir='ltr'>ψεῦδος·</span> 
     </span>
    </p>
   </div>
   <div class='ocr_carea' id='block_1_69' title="bbox 2150 3749 3697 3827">
    <p class='ocr_par' dir='ltr' id='par_1_69' title="bbox 2150 3749 3697 3827">
     <span class='ocr_line' id='line_1_69' title="bbox 2150 3749 3697 3827; baseline -0.004 -18"><span class='ocrx_word' id='word_1_581' title='bbox 2150 3755 2208 3809; x_wconf 85' lang='grc' dir='ltr'><strong>Ὀ</strong></span> <span class='ocrx_word' id='word_1_582' title='bbox 2239 3756 2350 3827; x_wconf 82' lang='grc' dir='ltr'>γὰρ</span> <span class='ocrx_word' id='word_1_583' title='bbox 2395 3756 2778 3826; x_wconf 82' lang='grc' dir='ltr'>ἐνδελεχισμδς</span> <span class='ocrx_word' id='word_1_584' title='bbox 2827 3756 2994 3809; x_wconf 79' lang='grc' dir='ltr'>αὐτοῦ</span> <span class='ocrx_word' id='word_1_585' title='bbox 3025 3757 3125 3809; x_wconf 84' lang='grc' dir='ltr'>οὐκ</span> <span class='ocrx_word' id='word_1_586' title='bbox 3161 3757 3242 3821; x_wconf 81' lang='grc' dir='ltr'>είς</span> <span class='ocrx_word' id='word_1_587' title='bbox 3285 3755 3514 3824; x_wconf 84' lang='grc' dir='ltr'>ἀγαθόν.</span> <span class='ocrx_word' id='word_1_588' title='bbox 3554 3773 3571 3803; x_wconf 77' lang='grc' dir='ltr'><strong>ι</strong></span> <span class='ocrx_word' id='word_1_589' title='bbox 3605 3749 3697 3804; x_wconf 76' lang='grc' dir='ltr'><strong>Καὶ</strong></span> 
     </span>
    </p>
   </div>
   <div class='ocr_carea' id='block_1_70' title="bbox 2140 3839 3696 3917">
    <p class='ocr_par' dir='ltr' id='par_1_70' title="bbox 2140 3839 3696 3917">
     <span class='ocr_line' id='line_1_70' title="bbox 2140 3839 3696 3917; baseline -0.008 -17"><span class='ocrx_word' id='word_1_590' title='bbox 2140 3847 2326 3912; x_wconf 82' lang='grc' dir='ltr'>πάλιν,</span> <span class='ocrx_word' id='word_1_591' title='bbox 2395 3867 2412 3899; x_wconf 80' lang='grc' dir='ltr'><strong>ι</strong></span> <span class='ocrx_word' id='word_1_592' title='bbox 2464 3846 2710 3901; x_wconf 85' lang='grc' dir='ltr'>Ἐκκαίει</span> <span class='ocrx_word' id='word_1_593' title='bbox 2769 3846 2966 3917; x_wconf 72' lang='grc' dir='ltr'>ψεῦδος</span> <span class='ocrx_word' id='word_1_594' title='bbox 3025 3848 3238 3917; x_wconf 77' lang='grc' dir='ltr'>μάρτυς</span> <span class='ocrx_word' id='word_1_595' title='bbox 3295 3847 3502 3906; x_wconf 72' lang='grc' dir='ltr'>ἄδικος,</span> <span class='ocrx_word' id='word_1_596' title='bbox 3558 3862 3574 3892; x_wconf 78' lang='grc' dir='ltr'><strong>ι</strong></span> <span class='ocrx_word' id='word_1_597' title='bbox 3617 3839 3696 3891; x_wconf 71' lang='grc' dir='ltr'>καὶ</span> 
     </span>
    </p>
   </div>
   <div class='ocr_carea' id='block_1_71' title="bbox 2140 3931 3695 4008">
    <p class='ocr_par' dir='ltr' id='par_1_71' title="bbox 2140 3931 3695 4008">
     <span class='ocr_line' id='line_1_71' title="bbox 2140 3931 3695 4008; baseline 0.001 -17"><span class='ocrx_word' id='word_1_598' title='bbox 2140 3939 2447 4008; x_wconf 75' lang='grc' dir='ltr'>ἐπιπέμπει</span> <span class='ocrx_word' id='word_1_599' title='bbox 2470 3939 2682 4008; x_wconf 86' lang='grc' dir='ltr'>κρίσεις</span> <span class='ocrx_word' id='word_1_600' title='bbox 2708 3939 2812 3993; x_wconf 81' lang='grc' dir='ltr'><strong>ἀνὰ</strong></span> <span class='ocrx_word' id='word_1_601' title='bbox 2840 3939 3005 4008; x_wconf 80' lang='grc' dir='ltr'>μέσον</span> <span class='ocrx_word' id='word_1_602' title='bbox 3027 3939 3298 4007; x_wconf 73' lang='grc' dir='ltr'>ἀδελφῶν.</span> <span class='ocrx_word' id='word_1_603' title='bbox 3341 3939 3401 3992; x_wconf 88' lang='grc'><strong>⁸0</strong></span> <span class='ocrx_word' id='word_1_604' title='bbox 3429 3937 3485 3990; x_wconf 82' lang='grc' dir='ltr'>δὲ</span> <span class='ocrx_word' id='word_1_605' title='bbox 3499 3931 3695 3992; x_wconf 78' lang='grc' dir='ltr'>Ἡσαΐας</span> 
     </span>
    </p>
   </div>
   <div class='ocr_carea' id='block_1_72' title="bbox 2140 4025 3692 4099">
    <p class='ocr_par' dir='ltr' id='par_1_72' title="bbox 2140 4025 3692 4099">
     <span class='ocr_line' id='line_1_72' title="bbox 2140 4025 3692 4099; baseline -0.008 -17"><span class='ocrx_word' id='word_1_606' title='bbox 2140 4031 2268 4099; x_wconf 68' lang='grc' dir='ltr'>περὶ</span> <span class='ocrx_word' id='word_1_607' title='bbox 2298 4028 2391 4082; x_wconf 81' lang='grc' dir='ltr'><strong>τοῦ</strong></span> <span class='ocrx_word' id='word_1_608' title='bbox 2420 4027 2746 4098; x_wconf 78' lang='grc' dir='ltr'>ἀειψεύστου</span> <span class='ocrx_word' id='word_1_609' title='bbox 2774 4026 2906 4080; x_wconf 84' lang='grc' dir='ltr'>λαοῦ</span> <span class='ocrx_word' id='word_1_610' title='bbox 2957 4027 3131 4092; x_wconf 76' lang='grc' dir='ltr'>οὕτως</span> <span class='ocrx_word' id='word_1_611' title='bbox 3162 4029 3355 4098; x_wconf 67' lang='grc' dir='ltr'>φησιν·</span> <span class='ocrx_word' id='word_1_612' title='bbox 3394 4045 3413 4078; x_wconf 80' lang='grc' dir='ltr'><strong>ι</strong></span> <span class='ocrx_word' id='word_1_613' title='bbox 3448 4025 3541 4078; x_wconf 79' lang='grc' dir='ltr'><strong>Διὰ</strong></span> <span class='ocrx_word' id='word_1_614' title='bbox 3576 4037 3692 4091; x_wconf 61' lang='lat' dir='ltr'><strong>pau-</strong></span> 
     </span>
    </p>
   </div>
   <div class='ocr_carea' id='block_1_73' title="bbox 2141 4106 3693 4192">
    <p class='ocr_par' dir='ltr' id='par_1_73' title="bbox 2141 4106 3693 4192">
     <span class='ocr_line' id='line_1_73' title="bbox 2141 4106 3693 4192; baseline -0.006 -20"><span class='ocrx_word' id='word_1_615' title='bbox 2141 4120 2332 4192; x_wconf 84' lang='grc' dir='ltr'>λισμὸν</span> <span class='ocrx_word' id='word_1_616' title='bbox 2362 4121 2606 4191; x_wconf 79' lang='grc' dir='ltr'>χειλέων.</span> <span class='ocrx_word' id='word_1_617' title='bbox 2641 4123 2737 4174; x_wconf 79' lang='grc' dir='ltr'>καὶ</span> <span class='ocrx_word' id='word_1_618' title='bbox 2757 4121 2846 4176; x_wconf 83' lang='grc' dir='ltr'><strong>διὰ</strong></span> <span class='ocrx_word' id='word_1_619' title='bbox 2883 4119 3134 4192; x_wconf 79' lang='grc' dir='ltr'>γλώσσης</span> <span class='ocrx_word' id='word_1_620' title='bbox 3170 4122 3393 4191; x_wconf 81' lang='grc' dir='ltr'>ἐτέρας.</span> <span class='ocrx_word' id='word_1_621' title='bbox 3439 4139 3458 4170; x_wconf 70' lang='grc' dir='ltr'><strong>ι</strong></span> <span class='ocrx_word' id='word_1_622' title='bbox 3483 4117 3586 4170; x_wconf 75' lang='grc' dir='ltr'><strong>Καὶ</strong></span> <span class='ocrx_word' id='word_1_623' title='bbox 3618 4106 3693 4165; x_wconf 69' lang='grc' dir='ltr'><strong>αὖ·</strong></span> 
     </span>
    </p>
   </div>
   <div class='ocr_carea' id='block_1_74' title="bbox 455 4179 2036 4282">
    <p class='ocr_par' dir='ltr' id='par_1_74' title="bbox 455 4211 2036 4276">
     <span class='ocr_line' id='line_1_74' title="bbox 455 4211 2036 4276; baseline 0.008 -14"><span class='ocrx_word' id='word_1_624' title='bbox 455 4224 566 4263; x_wconf 90' lang='lat' dir='ltr'><strong>non</strong></span> <span class='ocrx_word' id='word_1_625' title='bbox 619 4211 762 4265; x_wconf 90' lang='lat' dir='ltr'><strong>cedit</strong></span> <span class='ocrx_word' id='word_1_626' title='bbox 793 4213 1001 4268; x_wconf 91' lang='lat' dir='ltr'><strong>bonum</strong></span> <span class='ocrx_word' id='word_1_627' title='bbox 1025 4215 1066 4267; x_wconf 78' lang='grc'><strong>⁸.</strong></span> <span class='ocrx_word' id='word_1_628' title='bbox 1111 4234 1130 4266; x_wconf 72' lang='grc' dir='ltr'><strong>ι</strong></span> <span class='ocrx_word' id='word_1_629' title='bbox 1175 4216 1428 4270; x_wconf 83' lang='lat' dir='ltr'><strong>Rursus:</strong></span> <span class='ocrx_word' id='word_1_630' title='bbox 1465 4236 1482 4268; x_wconf 74' lang='grc' dir='ltr'><strong>ι</strong></span> <span class='ocrx_word' id='word_1_631' title='bbox 1517 4218 1786 4273; x_wconf 88' lang='lat' dir='ltr'><strong>Accendit</strong></span> <span class='ocrx_word' id='word_1_632' title='bbox 1817 4220 2036 4276; x_wconf 90' lang='lat' dir='ltr'><strong>menda-</strong></span> 
     </span>
    </p>
   </div>
   <div class='ocr_carea' id='block_1_75' title="bbox 2141 4179 3692 4282">
    <p class='ocr_par' dir='ltr' id='par_1_75' title="bbox 2142 4179 3692 4282">
     <span class='ocr_line' id='line_1_75' title="bbox 2142 4179 3692 4282; baseline 0.002 -18"><span class='ocrx_word' id='word_1_633' title='bbox 2142 4179 2261 4274; x_wconf 78' lang='grc' dir='ltr'>οιςὀ</span> <span class='ocrx_word' id='word_1_634' title='bbox 2306 4230 2324 4263; x_wconf 76' lang='grc' dir='ltr'><strong>ι</strong></span> <span class='ocrx_word' id='word_1_635' title='bbox 2358 4179 2470 4266; x_wconf 61' lang='lat' dir='ltr'><strong>iiut</strong></span> <span class='ocrx_word' id='word_1_636' title='bbox 2492 4179 2777 4281; x_wconf 77' lang='grc' dir='ltr'>ἐθήκαμεν</span> <span class='ocrx_word' id='word_1_637' title='bbox 2814 4179 3011 4281; x_wconf 64' lang='grc' dir='ltr'>ψεὸδος</span> <span class='ocrx_word' id='word_1_638' title='bbox 3037 4179 3134 4282; x_wconf 63' lang='lat' dir='ltr'><strong>a5;</strong></span> <span class='ocrx_word' id='word_1_639' title='bbox 3182 4179 3586 4281; x_wconf 51' lang='grc' dir='ltr'>ιλτὲιδᾶκὴμῶν,</span> <span class='ocrx_word' id='word_1_640' title='bbox 3617 4201 3692 4256; x_wconf 65' lang='grc' dir='ltr'>καὶ</span> 
     </span>
    </p>
   </div>
   <div class='ocr_carea' id='block_1_76' title="bbox 453 4301 2038 4374">
    <p class='ocr_par' dir='ltr' id='par_1_76' title="bbox 453 4301 2038 4374">
     <span class='ocr_line' id='line_1_76' title="bbox 453 4301 2038 4374; baseline 0.008 -20"><span class='ocrx_word' id='word_1_641' title='bbox 453 4301 601 4354; x_wconf 85' lang='lat' dir='ltr'><strong>cium</strong></span> <span class='ocrx_word' id='word_1_642' title='bbox 635 4303 792 4358; x_wconf 88' lang='lat' dir='ltr'><strong>testis</strong></span> <span class='ocrx_word' id='word_1_643' title='bbox 823 4304 1048 4374; x_wconf 89' lang='lat' dir='ltr'><strong>iniquus</strong></span> <span class='ocrx_word' id='word_1_644' title='bbox 1069 4306 1112 4370; x_wconf 67' lang='lat'><strong>9,</strong></span> <span class='ocrx_word' id='word_1_645' title='bbox 1153 4324 1171 4358; x_wconf 71' lang='grc' dir='ltr'><strong>ι</strong></span> <span class='ocrx_word' id='word_1_646' title='bbox 1207 4308 1379 4362; x_wconf 87' lang='lat' dir='ltr'><strong>mittit</strong></span> <span class='ocrx_word' id='word_1_647' title='bbox 1411 4309 1796 4364; x_wconf 89' lang='lat' dir='ltr'><strong>accusationes</strong></span> <span class='ocrx_word' id='word_1_648' title='bbox 1836 4310 1891 4365; x_wconf 91' lang='lat' dir='ltr'><strong>in</strong></span> <span class='ocrx_word' id='word_1_649' title='bbox 1923 4327 2038 4367; x_wconf 87' lang='lat' dir='ltr'><strong>me-</strong></span> 
     </span>
    </p>
   </div>
   <div class='ocr_carea' id='block_1_77' title="bbox 454 4390 2037 4471">
    <p class='ocr_par' dir='ltr' id='par_1_77' title="bbox 454 4390 2037 4471">
     <span class='ocr_line' id='line_1_77' title="bbox 454 4390 2037 4471; baseline 0.009 -27"><span class='ocrx_word' id='word_1_650' title='bbox 454 4390 612 4444; x_wconf 89' lang='lat' dir='ltr'><strong>dium</strong></span> <span class='ocrx_word' id='word_1_651' title='bbox 666 4391 920 4448; x_wconf 86' lang='lat' dir='ltr'><strong>fratrum.</strong></span> <span class='ocrx_word' id='word_1_652' title='bbox 964 4395 1133 4450; x_wconf 88' lang='lat' dir='ltr'><strong>Isaias</strong></span> <span class='ocrx_word' id='word_1_653' title='bbox 1173 4397 1303 4451; x_wconf 91' lang='lat' dir='ltr'><strong>item</strong></span> <span class='ocrx_word' id='word_1_654' title='bbox 1349 4399 1417 4454; x_wconf 87' lang='lat' dir='ltr'><strong>de</strong></span> <span class='ocrx_word' id='word_1_655' title='bbox 1465 4400 1558 4454; x_wconf 88' lang='lat' dir='ltr'><strong>illo</strong></span> <span class='ocrx_word' id='word_1_656' title='bbox 1587 4417 1868 4471; x_wconf 87' lang='lat' dir='ltr'><strong>nunquam</strong></span> <span class='ocrx_word' id='word_1_657' title='bbox 1925 4422 2037 4459; x_wconf 88' lang='lat' dir='ltr'><strong>non</strong></span> 
     </span>
    </p>
   </div>
   <div class='ocr_carea' id='block_1_78' title="bbox 454 4479 2041 4556">
    <p class='ocr_par' dir='ltr' id='par_1_78' title="bbox 454 4479 2041 4556">
     <span class='ocr_line' id='line_1_78' title="bbox 454 4479 2041 4556; baseline 0.01 -24"><span class='ocrx_word' id='word_1_658' title='bbox 454 4479 708 4534; x_wconf 86' lang='lat' dir='ltr'><strong>mendaci</strong></span> <span class='ocrx_word' id='word_1_659' title='bbox 743 4483 948 4552; x_wconf 89' lang='lat' dir='ltr'><strong>populo</strong></span> <span class='ocrx_word' id='word_1_660' title='bbox 965 4484 1033 4539; x_wconf 92' lang='lat' dir='ltr'><strong>ad</strong></span> <span class='ocrx_word' id='word_1_661' title='bbox 1057 4485 1198 4540; x_wconf 89' lang='lat' dir='ltr'><strong>hanc</strong></span> <span class='ocrx_word' id='word_1_662' title='bbox 1223 4487 1469 4556; x_wconf 88' lang='lat' dir='ltr'><strong>loquitur</strong></span> <span class='ocrx_word' id='word_1_663' title='bbox 1490 4487 1784 4545; x_wconf 79' lang='lat' dir='ltr'><strong>formulam</strong></span> <span class='ocrx_word' id='word_1_664' title='bbox 1816 4509 1828 4545; x_wconf 91' lang='lat'><strong>:</strong></span> <span class='ocrx_word' id='word_1_665' title='bbox 1863 4513 1880 4542; x_wconf 80' lang='grc' dir='ltr'><strong>ι</strong></span> <span class='ocrx_word' id='word_1_666' title='bbox 1904 4493 2041 4549; x_wconf 85' lang='lat' dir='ltr'><strong>Pro-</strong></span> 
     </span>
    </p>
   </div>
   <div class='ocr_carea' id='block_1_79' title="bbox 455 4571 2032 4650">
    <p class='ocr_par' dir='ltr' id='par_1_79' title="bbox 455 4571 2032 4650">
     <span class='ocr_line' id='line_1_79' title="bbox 455 4571 2032 4650; baseline 0.01 -29"><span class='ocrx_word' id='word_1_667' title='bbox 455 4579 582 4638; x_wconf 84' lang='lat' dir='ltr'><strong>pter</strong></span> <span class='ocrx_word' id='word_1_668' title='bbox 613 4571 876 4626; x_wconf 87' lang='lat' dir='ltr'><strong>malitiam</strong></span> <span class='ocrx_word' id='word_1_669' title='bbox 912 4574 1185 4629; x_wconf 89' lang='lat' dir='ltr'><strong>labiorum</strong></span> <span class='ocrx_word' id='word_1_670' title='bbox 1206 4620 1220 4642; x_wconf 96' lang='lat'><strong>,</strong></span> <span class='ocrx_word' id='word_1_671' title='bbox 1250 4593 1348 4647; x_wconf 89' lang='lat' dir='ltr'><strong>per</strong></span> <span class='ocrx_word' id='word_1_672' title='bbox 1377 4579 1621 4650; x_wconf 82' lang='lat' dir='ltr'><strong>linguam</strong></span> <span class='ocrx_word' id='word_1_673' title='bbox 1645 4582 1876 4636; x_wconf 90' lang='lat' dir='ltr'><strong>alteram</strong></span> <span class='ocrx_word' id='word_1_674' title='bbox 1906 4585 1974 4637; x_wconf 84' lang='grc'><strong>¹⁰.</strong></span> <span class='ocrx_word' id='word_1_675' title='bbox 2013 4604 2032 4636; x_wconf 74' lang='grc' dir='ltr'><strong>ι</strong></span> 
     </span>
    </p>
   </div>
   <div class='ocr_carea' id='block_1_80' title="bbox 459 4659 2035 4741">
    <p class='ocr_par' dir='ltr' id='par_1_80' title="bbox 459 4659 2035 4741">
     <span class='ocr_line' id='line_1_80' title="bbox 459 4659 2035 4741; baseline 0.012 -29"><span class='ocrx_word' id='word_1_676' title='bbox 459 4659 672 4715; x_wconf 80' lang='lat' dir='ltr'><strong>Rursus</strong></span> <span class='ocrx_word' id='word_1_677' title='bbox 756 4681 774 4713; x_wconf 78' lang='grc' dir='ltr'><strong>ι</strong></span> <span class='ocrx_word' id='word_1_678' title='bbox 810 4664 878 4718; x_wconf 87' lang='lat' dir='ltr'><strong>Et</strong></span> <span class='ocrx_word' id='word_1_679' title='bbox 905 4667 1193 4734; x_wconf 89' lang='lat' dir='ltr'><strong>posuimus</strong></span> <span class='ocrx_word' id='word_1_680' title='bbox 1219 4670 1566 4725; x_wconf 89' lang='lat' dir='ltr'><strong>mendacium</strong></span> <span class='ocrx_word' id='word_1_681' title='bbox 1590 4689 1742 4741; x_wconf 90' lang='lat' dir='ltr'><strong>spem</strong></span> <span class='ocrx_word' id='word_1_682' title='bbox 1768 4683 2035 4740; x_wconf 89' lang='lat' dir='ltr'><strong>nostram,</strong></span> 
     </span>
    </p>
   </div>
   <div class='ocr_carea' id='block_1_81' title="bbox 455 4753 2036 4826">
    <p class='ocr_par' dir='ltr' id='par_1_81' title="bbox 455 4753 2036 4826">
     <span class='ocr_line' id='line_1_81' title="bbox 455 4753 2036 4826; baseline 0.01 -20"><span class='ocrx_word' id='word_1_683' title='bbox 455 4761 513 4806; x_wconf 91' lang='lat' dir='ltr'><strong>et</strong></span> <span class='ocrx_word' id='word_1_684' title='bbox 546 4753 834 4809; x_wconf 87' lang='lat' dir='ltr'><strong>mendacio</strong></span> <span class='ocrx_word' id='word_1_685' title='bbox 863 4759 1096 4826; x_wconf 88' lang='lat' dir='ltr'><strong>protecti</strong></span> <span class='ocrx_word' id='word_1_686' title='bbox 1132 4775 1324 4816; x_wconf 88' lang='lat' dir='ltr'><strong>sumus</strong></span> <span class='ocrx_word' id='word_1_687' title='bbox 1355 4763 1420 4816; x_wconf 86' lang='lat'><strong>“.</strong></span> <span class='ocrx_word' id='word_1_688' title='bbox 1454 4781 1472 4812; x_wconf 76' lang='grc' dir='ltr'><strong>ι</strong></span> <span class='ocrx_word' id='word_1_689' title='bbox 1510 4762 1618 4818; x_wconf 90' lang='lat' dir='ltr'><strong>Sed</strong></span> <span class='ocrx_word' id='word_1_690' title='bbox 1643 4773 1700 4820; x_wconf 89' lang='lat' dir='ltr'><strong>et</strong></span> <span class='ocrx_word' id='word_1_691' title='bbox 1727 4765 1994 4822; x_wconf 76' lang='lat' dir='ltr'><strong>Jeremias</strong></span> <span class='ocrx_word' id='word_1_692' title='bbox 2024 4786 2036 4821; x_wconf 92' lang='lat'>:</span> 
     </span>
    </p>
   </div>
   <div class='ocr_carea' id='block_1_82' title="bbox 467 4845 2040 4928">
    <p class='ocr_par' dir='ltr' id='par_1_82' title="bbox 467 4845 2040 4928">
     <span class='ocr_line' id='line_1_82' title="bbox 467 4845 2040 4928; baseline 0.011 -33"><span class='ocrx_word' id='word_1_693' title='bbox 467 4861 484 4894; x_wconf 73' lang='grc' dir='ltr'><strong>ι</strong></span> <span class='ocrx_word' id='word_1_694' title='bbox 517 4845 656 4910; x_wconf 80' lang='lat' dir='ltr'><strong>Quia</strong></span> <span class='ocrx_word' id='word_1_695' title='bbox 685 4848 1036 4904; x_wconf 83' lang='lat' dir='ltr'><strong>mendacium</strong></span> <span class='ocrx_word' id='word_1_696' title='bbox 1063 4861 1120 4906; x_wconf 88' lang='lat' dir='ltr'><strong>et</strong></span> <span class='ocrx_word' id='word_1_697' title='bbox 1146 4867 1255 4906; x_wconf 92' lang='lat' dir='ltr'><strong>non</strong></span> <span class='ocrx_word' id='word_1_698' title='bbox 1286 4852 1424 4908; x_wconf 91' lang='lat' dir='ltr'><strong>ﬁdes</strong></span> <span class='ocrx_word' id='word_1_699' title='bbox 1460 4854 1693 4911; x_wconf 86' lang='lat' dir='ltr'><strong>invaluit</strong></span> <span class='ocrx_word' id='word_1_700' title='bbox 1723 4872 1890 4928; x_wconf 90' lang='lat' dir='ltr'><strong>super</strong></span> <span class='ocrx_word' id='word_1_701' title='bbox 1927 4867 2040 4915; x_wconf 81' lang='lat' dir='ltr'><strong>ter-</strong></span> 
     </span>
    </p>
   </div>
   <div class='ocr_carea' id='block_1_83' title="bbox 459 4938 2042 5012">
    <p class='ocr_par' dir='ltr' id='par_1_83' title="bbox 459 4938 2042 5012">
     <span class='ocr_line' id='line_1_83' title="bbox 459 4938 2042 5012; baseline 0.013 -24"><span class='ocrx_word' id='word_1_702' title='bbox 459 4951 576 4990; x_wconf 88' lang='lat' dir='ltr'><strong>ram</strong></span> <span class='ocrx_word' id='word_1_703' title='bbox 610 4939 674 4992; x_wconf 84' lang='lat'><strong>&quot;.</strong></span> <span class='ocrx_word' id='word_1_704' title='bbox 702 4938 872 4994; x_wconf 85' lang='lat' dir='ltr'><strong>David</strong></span> <span class='ocrx_word' id='word_1_705' title='bbox 903 4957 1124 5012; x_wconf 90' lang='lat' dir='ltr'><strong>quoque</strong></span> <span class='ocrx_word' id='word_1_706' title='bbox 1159 4961 1172 4996; x_wconf 92' lang='lat'><strong>:</strong></span> <span class='ocrx_word' id='word_1_707' title='bbox 1213 4963 1230 4996; x_wconf 75' lang='grc' dir='ltr'><strong>ι</strong></span> <span class='ocrx_word' id='word_1_708' title='bbox 1261 4945 1384 5000; x_wconf 87' lang='lat' dir='ltr'><strong>Filii</strong></span> <span class='ocrx_word' id='word_1_709' title='bbox 1409 4947 1576 5001; x_wconf 89' lang='lat' dir='ltr'><strong>alieni</strong></span> <span class='ocrx_word' id='word_1_710' title='bbox 1600 4948 1890 5005; x_wconf 88' lang='lat' dir='ltr'><strong>inveterati</strong></span> <span class='ocrx_word' id='word_1_711' title='bbox 1913 4960 2042 5008; x_wconf 80' lang='lat' dir='ltr'><strong>sunt</strong></span> 
     </span>
    </p>
   </div>
   <div class='ocr_carea' id='block_1_84' title="bbox 453 5026 2042 5113">
    <p class='ocr_par' dir='ltr' id='par_1_84' title="bbox 453 5026 2042 5113">
     <span class='ocr_line' id='line_1_84' title="bbox 453 5026 2042 5113; baseline 0.012 -34"><span class='ocrx_word' id='word_1_712' title='bbox 453 5035 514 5080; x_wconf 86' lang='lat' dir='ltr'><strong>et</strong></span> <span class='ocrx_word' id='word_1_713' title='bbox 543 5026 996 5086; x_wconf 89' lang='lat' dir='ltr'><strong>claudicaverunt</strong></span> <span class='ocrx_word' id='word_1_714' title='bbox 1022 5049 1052 5086; x_wconf 93' lang='lat' dir='ltr'><strong>a</strong></span> <span class='ocrx_word' id='word_1_715' title='bbox 1085 5035 1298 5090; x_wconf 88' lang='lat' dir='ltr'><strong>semitis</strong></span> <span class='ocrx_word' id='word_1_716' title='bbox 1331 5036 1445 5094; x_wconf 90' lang='lat' dir='ltr'><strong>suis</strong></span> <span class='ocrx_word' id='word_1_717' title='bbox 1478 5037 1545 5095; x_wconf 81' lang='grc'><strong>’³.</strong></span> <span class='ocrx_word' id='word_1_718' title='bbox 1580 5059 1597 5090; x_wconf 76' lang='grc' dir='ltr'><strong>ι</strong></span> <span class='ocrx_word' id='word_1_719' title='bbox 1635 5039 1919 5110; x_wconf 86' lang='lat' dir='ltr'><strong>Siquidem</strong></span> <span class='ocrx_word' id='word_1_720' title='bbox 1948 5045 2042 5113; x_wconf 89' lang='lat' dir='ltr'><strong>qui</strong></span> 
     </span>
    </p>
   </div>
   <div class='ocr_carea' id='block_1_85' title="bbox 456 5119 2041 5205">
    <p class='ocr_par' dir='ltr' id='par_1_85' title="bbox 456 5119 2041 5205">
     <span class='ocr_line' id='line_1_85' title="bbox 456 5119 2041 5205; baseline 0.012 -33"><span class='ocrx_word' id='word_1_721' title='bbox 456 5119 623 5174; x_wconf 90' lang='lat' dir='ltr'><strong>alieni</strong></span> <span class='ocrx_word' id='word_1_722' title='bbox 659 5137 690 5175; x_wconf 91' lang='lat' dir='ltr'><strong>a</strong></span> <span class='ocrx_word' id='word_1_723' title='bbox 737 5125 969 5181; x_wconf 83' lang='lat' dir='ltr'><strong>veritate</strong></span> <span class='ocrx_word' id='word_1_724' title='bbox 1002 5135 1134 5181; x_wconf 89' lang='lat' dir='ltr'><strong>sunt</strong></span> <span class='ocrx_word' id='word_1_725' title='bbox 1178 5129 1368 5198; x_wconf 88' lang='lat' dir='ltr'><strong>utique</strong></span> <span class='ocrx_word' id='word_1_726' title='bbox 1409 5132 1744 5200; x_wconf 81' lang='lat' dir='ltr'><strong>claudicant,</strong></span> <span class='ocrx_word' id='word_1_727' title='bbox 1778 5151 1976 5205; x_wconf 89' lang='lat' dir='ltr'><strong>nempe</strong></span> <span class='ocrx_word' id='word_1_728' title='bbox 2011 5153 2041 5191; x_wconf 90' lang='lat' dir='ltr'><strong>a</strong></span> 
     </span>
    </p>
   </div>
   <div class='ocr_carea' id='block_1_86' title="bbox 460 5210 2044 5294">
    <p class='ocr_par' dir='ltr' id='par_1_86' title="bbox 460 5210 2044 5294">
     <span class='ocr_line' id='line_1_86' title="bbox 460 5210 2044 5294; baseline 0.015 -33"><span class='ocrx_word' id='word_1_729' title='bbox 460 5210 799 5268; x_wconf 89' lang='lat' dir='ltr'><strong>rectitudine</strong></span> <span class='ocrx_word' id='word_1_730' title='bbox 839 5215 940 5270; x_wconf 72' lang='lat' dir='ltr'><strong>viae</strong></span> <span class='ocrx_word' id='word_1_731' title='bbox 993 5217 1150 5287; x_wconf 79' lang='lat' dir='ltr'><strong>(quae</strong></span> <span class='ocrx_word' id='word_1_732' title='bbox 1197 5220 1450 5278; x_wconf 87' lang='lat' dir='ltr'><strong>Christus</strong></span> <span class='ocrx_word' id='word_1_733' title='bbox 1472 5229 1591 5294; x_wconf 87' lang='lat' dir='ltr'><strong>est)</strong></span> <span class='ocrx_word' id='word_1_734' title='bbox 1645 5229 1948 5282; x_wconf 87' lang='lat' dir='ltr'><strong>transversi</strong></span> <span class='ocrx_word' id='word_1_735' title='bbox 1979 5244 2044 5284; x_wconf 93' lang='lat' dir='ltr'><strong>ac</strong></span> 
     </span>
    </p>
   </div>
   <div class='ocr_carea' id='block_1_87' title="bbox 457 5299 2041 5384">
    <p class='ocr_par' dir='ltr' id='par_1_87' title="bbox 457 5299 2041 5384">
     <span class='ocr_line' id='line_1_87' title="bbox 457 5299 2041 5384; baseline 0.017 -34"><span class='ocrx_word' id='word_1_736' title='bbox 457 5299 662 5356; x_wconf 83' lang='lat' dir='ltr'><strong>detorti</strong></span> <span class='ocrx_word' id='word_1_737' title='bbox 697 5322 709 5358; x_wconf 92' lang='lat'><strong>:</strong></span> <span class='ocrx_word' id='word_1_738' title='bbox 741 5323 756 5354; x_wconf 75' lang='grc' dir='ltr'><strong>ι</strong></span> <span class='ocrx_word' id='word_1_739' title='bbox 789 5305 900 5375; x_wconf 82' lang='lat' dir='ltr'><strong>Ego</strong></span> <span class='ocrx_word' id='word_1_740' title='bbox 925 5311 1072 5363; x_wconf 92' lang='lat' dir='ltr'><strong>enim</strong></span> <span class='ocrx_word' id='word_1_741' title='bbox 1102 5311 1187 5364; x_wconf 83' lang='lat' dir='ltr'><strong>via</strong></span> <span class='ocrx_word' id='word_1_742' title='bbox 1219 5328 1338 5368; x_wconf 91' lang='lat' dir='ltr'><strong>sum</strong></span> <span class='ocrx_word' id='word_1_743' title='bbox 1359 5324 1415 5369; x_wconf 91' lang='lat' dir='ltr'><strong>et</strong></span> <span class='ocrx_word' id='word_1_744' title='bbox 1444 5317 1649 5372; x_wconf 84' lang='lat' dir='ltr'><strong>veritas</strong></span> <span class='ocrx_word' id='word_1_745' title='bbox 1674 5318 1736 5384; x_wconf 72' lang='lat'><strong>”,</strong></span> <span class='ocrx_word' id='word_1_746' title='bbox 1777 5339 1795 5369; x_wconf 79' lang='grc'><strong>»</strong></span> <span class='ocrx_word' id='word_1_747' title='bbox 1827 5319 1903 5374; x_wconf 89' lang='lat' dir='ltr'><strong>ait</strong></span> <span class='ocrx_word' id='word_1_748' title='bbox 1935 5321 2041 5377; x_wconf 83' lang='lat' dir='ltr'><strong>Do-</strong></span> 
     </span>
    </p>
   </div>
   <div class='ocr_carea' id='block_1_88' title="bbox 460 5390 2041 5467">
    <p class='ocr_par' dir='ltr' id='par_1_88' title="bbox 460 5390 2041 5467">
     <span class='ocr_line' id='line_1_88' title="bbox 460 5390 2041 5467; baseline 0.016 -25"><span class='ocrx_word' id='word_1_749' title='bbox 460 5390 665 5448; x_wconf 84' lang='lat' dir='ltr'><strong>minus.</strong></span> <span class='ocrx_word' id='word_1_750' title='bbox 719 5395 789 5449; x_wconf 80' lang='lat' dir='ltr'><strong>Et</strong></span> <span class='ocrx_word' id='word_1_751' title='bbox 815 5397 947 5452; x_wconf 83' lang='lat' dir='ltr'><strong>illud</strong></span> <span class='ocrx_word' id='word_1_752' title='bbox 993 5418 1004 5454; x_wconf 90' lang='lat'>:</span> <span class='ocrx_word' id='word_1_753' title='bbox 1063 5421 1079 5452; x_wconf 76' lang='grc' dir='ltr'><strong>ι</strong></span> <span class='ocrx_word' id='word_1_754' title='bbox 1139 5403 1355 5460; x_wconf 85' lang='lat' dir='ltr'><strong>inimici</strong></span> <span class='ocrx_word' id='word_1_755' title='bbox 1397 5408 1612 5463; x_wconf 87' lang='lat' dir='ltr'><strong>Domini</strong></span> <span class='ocrx_word' id='word_1_756' title='bbox 1647 5412 1864 5465; x_wconf 88' lang='lat' dir='ltr'><strong>mentiti</strong></span> <span class='ocrx_word' id='word_1_757' title='bbox 1911 5422 2041 5467; x_wconf 86' lang='lat' dir='ltr'><strong>sunt</strong></span> 
     </span>
    </p>
   </div>
   <div class='ocr_carea' id='block_1_89' title="bbox 2139 4293 3686 4372">
    <p class='ocr_par' dir='ltr' id='par_1_89' title="bbox 2139 4293 3686 4372">
     <span class='ocr_line' id='line_1_89' title="bbox 2139 4293 3686 4372; baseline -0.003 -16"><span class='ocrx_word' id='word_1_758' title='bbox 2139 4301 2217 4372; x_wconf 84' lang='grc' dir='ltr'><strong>τῷ</strong></span> <span class='ocrx_word' id='word_1_759' title='bbox 2265 4301 2456 4372; x_wconf 78' lang='grc' dir='ltr'>ψεύδει</span> <span class='ocrx_word' id='word_1_760' title='bbox 2504 4301 3026 4370; x_wconf 79' lang='grc' dir='ltr'>σκεπασθησόμεθα.</span> <span class='ocrx_word' id='word_1_761' title='bbox 3100 4319 3119 4352; x_wconf 68' lang='grc' dir='ltr'><strong>ι</strong></span> <span class='ocrx_word' id='word_1_762' title='bbox 3184 4303 3298 4356; x_wconf 71' lang='grc' dir='ltr'><strong>Καὶ</strong></span> <span class='ocrx_word' id='word_1_763' title='bbox 3356 4303 3386 4354; x_wconf 83' lang='grc' dir='ltr'><strong><em>ὁ</em></strong></span> <span class='ocrx_word' id='word_1_764' title='bbox 3426 4293 3686 4366; x_wconf 75' lang='grc' dir='ltr'>Ἰερεμίαςι</span> 
     </span>
    </p>
   </div>
   <div class='ocr_carea' id='block_1_90' title="bbox 2148 4383 3686 4463">
    <p class='ocr_par' dir='ltr' id='par_1_90' title="bbox 2148 4383 3686 4463">
     <span class='ocr_line' id='line_1_90' title="bbox 2148 4383 3686 4463; baseline -0.003 -17"><span class='ocrx_word' id='word_1_765' title='bbox 2148 4415 2165 4446; x_wconf 80' lang='grc' dir='ltr'><strong>ι</strong></span> <span class='ocrx_word' id='word_1_766' title='bbox 2205 4395 2327 4448; x_wconf 88' lang='grc' dir='ltr'>Ὅτι</span> <span class='ocrx_word' id='word_1_767' title='bbox 2383 4393 2579 4463; x_wconf 79' lang='grc' dir='ltr'>ψεῦδος</span> <span class='ocrx_word' id='word_1_768' title='bbox 2606 4435 2621 4458; x_wconf 89' lang='grc'><em>,</em></span> <span class='ocrx_word' id='word_1_769' title='bbox 2674 4395 2766 4448; x_wconf 71' lang='grc' dir='ltr'><strong>καὶ</strong></span> <span class='ocrx_word' id='word_1_770' title='bbox 2821 4395 2883 4447; x_wconf 82' lang='grc' dir='ltr'>οὐ</span> <span class='ocrx_word' id='word_1_771' title='bbox 2926 4394 3111 4458; x_wconf 83' lang='grc' dir='ltr'>πίστις</span> <span class='ocrx_word' id='word_1_772' title='bbox 3165 4394 3450 4463; x_wconf 84' lang='grc' dir='ltr'>ἐνίσχυσεν</span> <span class='ocrx_word' id='word_1_773' title='bbox 3493 4387 3577 4440; x_wconf 71' lang='grc' dir='ltr'><strong>ἐπὶ</strong></span> <span class='ocrx_word' id='word_1_774' title='bbox 3610 4383 3686 4450; x_wconf 82' lang='grc' dir='ltr'><strong>τῆς</strong></span> 
     </span>
    </p>
   </div>
   <div class='ocr_carea' id='block_1_91' title="bbox 2141 4479 3684 4557">
    <p class='ocr_par' dir='ltr' id='par_1_91' title="bbox 2141 4479 3684 4557">
     <span class='ocr_line' id='line_1_91' title="bbox 2141 4479 3684 4557; baseline -0.018 -6"><span class='ocrx_word' id='word_1_775' title='bbox 2141 4487 2264 4557; x_wconf 81' lang='grc' dir='ltr'><strong>γῆς.</strong></span> <span class='ocrx_word' id='word_1_776' title='bbox 2305 4506 2323 4538; x_wconf 73' lang='grc' dir='ltr'><strong>ι</strong></span> <span class='ocrx_word' id='word_1_777' title='bbox 2363 4489 2420 4540; x_wconf 88' lang='grc'><strong>’0</strong></span> <span class='ocrx_word' id='word_1_778' title='bbox 2449 4488 2505 4541; x_wconf 82' lang='grc' dir='ltr'><strong>δὲ</strong></span> <span class='ocrx_word' id='word_1_779' title='bbox 2533 4488 2695 4541; x_wconf 77' lang='grc' dir='ltr'>Δαυῒδ</span> <span class='ocrx_word' id='word_1_780' title='bbox 2714 4507 2727 4520; x_wconf 89' lang='grc'><strong>·</strong></span> <span class='ocrx_word' id='word_1_781' title='bbox 2767 4507 2786 4540; x_wconf 77' lang='grc' dir='ltr'><strong>ι</strong></span> <span class='ocrx_word' id='word_1_782' title='bbox 2824 4488 2946 4541; x_wconf 74' lang='grc' dir='ltr'>Υἱοὶ</span> <span class='ocrx_word' id='word_1_783' title='bbox 2975 4486 3248 4556; x_wconf 81' lang='grc' dir='ltr'>ἀλλότριοι</span> <span class='ocrx_word' id='word_1_784' title='bbox 3276 4479 3564 4554; x_wconf 73' lang='grc' dir='ltr'>ἐψεύσαντό</span> <span class='ocrx_word' id='word_1_785' title='bbox 3591 4488 3684 4546; x_wconf 83' lang='grc' dir='ltr'>μοι·</span> 
     </span>
    </p>
   </div>
   <div class='ocr_carea' id='block_1_92' title="bbox 2143 4563 3685 4651">
    <p class='ocr_par' dir='ltr' id='par_1_92' title="bbox 2143 4563 3685 4651">
     <span class='ocr_line' id='line_1_92' title="bbox 2143 4563 3685 4651; baseline -0.006 -18"><span class='ocrx_word' id='word_1_786' title='bbox 2143 4582 2248 4633; x_wconf 80' lang='grc' dir='ltr'>υἱοὶ</span> <span class='ocrx_word' id='word_1_787' title='bbox 2298 4580 2571 4650; x_wconf 82' lang='grc' dir='ltr'>ἀλλότριοι</span> <span class='ocrx_word' id='word_1_788' title='bbox 2620 4579 3042 4651; x_wconf 84' lang='grc' dir='ltr'>ἐπαλαιώθησαν</span> <span class='ocrx_word' id='word_1_789' title='bbox 3075 4598 3088 4611; x_wconf 75' lang='grc' dir='ltr'><strong>ο</strong></span> <span class='ocrx_word' id='word_1_790' title='bbox 3143 4579 3240 4632; x_wconf 78' lang='grc' dir='ltr'>καὶ</span> <span class='ocrx_word' id='word_1_791' title='bbox 3287 4575 3554 4648; x_wconf 81' lang='grc' dir='ltr'>ἐχώλαναν</span> <span class='ocrx_word' id='word_1_792' title='bbox 3602 4563 3685 4619; x_wconf 61' lang='grc' dir='ltr'><strong>ἀπὺ</strong></span> 
     </span>
    </p>
   </div>
   <div class='ocr_carea' id='block_1_93' title="bbox 2141 4660 3684 4744">
    <p class='ocr_par' dir='ltr' id='par_1_93' title="bbox 2141 4660 3684 4744">
     <span class='ocr_line' id='line_1_93' title="bbox 2141 4660 3684 4744; baseline -0.005 -20"><span class='ocrx_word' id='word_1_793' title='bbox 2141 4671 2252 4724; x_wconf 80' lang='grc' dir='ltr'>τῶν</span> <span class='ocrx_word' id='word_1_794' title='bbox 2273 4671 2475 4744; x_wconf 75' lang='grc' dir='ltr'>τρίϐων</span> <span class='ocrx_word' id='word_1_795' title='bbox 2503 4673 2703 4727; x_wconf 80' lang='grc' dir='ltr'>αὐτῶν.</span> <span class='ocrx_word' id='word_1_796' title='bbox 2744 4691 2762 4724; x_wconf 75' lang='grc' dir='ltr'><strong>ι</strong></span> <span class='ocrx_word' id='word_1_797' title='bbox 2785 4676 2847 4726; x_wconf 83' lang='lat' dir='ltr'><strong>Ui</strong></span> <span class='ocrx_word' id='word_1_798' title='bbox 2865 4673 2975 4744; x_wconf 77' lang='grc' dir='ltr'>γὰρ</span> <span class='ocrx_word' id='word_1_799' title='bbox 3011 4671 3287 4742; x_wconf 84' lang='grc' dir='ltr'>ἀλλότριοι</span> <span class='ocrx_word' id='word_1_800' title='bbox 3321 4671 3420 4738; x_wconf 79' lang='grc' dir='ltr'><strong>τῆς</strong></span> <span class='ocrx_word' id='word_1_801' title='bbox 3448 4660 3684 4732; x_wconf 71' lang='grc' dir='ltr'>ἀληθείας.</span> 
     </span>
    </p>
   </div>
   <div class='ocr_carea' id='block_1_94' title="bbox 2144 4746 3682 4835">
    <p class='ocr_par' dir='ltr' id='par_1_94' title="bbox 2144 4746 3682 4835">
     <span class='ocr_line' id='line_1_94' title="bbox 2144 4746 3682 4835; baseline -0.009 -19"><span class='ocrx_word' id='word_1_802' title='bbox 2144 4763 2496 4835; x_wconf 87' lang='grc' dir='ltr'>χωλαίνουσιν</span> <span class='ocrx_word' id='word_1_803' title='bbox 2537 4746 2906 4833; x_wconf 76' lang='grc' dir='ltr'>ἐκτραπέντες</span> <span class='ocrx_word' id='word_1_804' title='bbox 2927 4765 3026 4834; x_wconf 85' lang='grc' dir='ltr'>τῆς</span> <span class='ocrx_word' id='word_1_805' title='bbox 3046 4763 3261 4826; x_wconf 78' lang='grc' dir='ltr'>εὐθείας</span> <span class='ocrx_word' id='word_1_806' title='bbox 3279 4761 3420 4824; x_wconf 80' lang='grc' dir='ltr'>ὁδοῦ,</span> <span class='ocrx_word' id='word_1_807' title='bbox 3451 4753 3682 4811; x_wconf 83' lang='grc' dir='ltr'>τουτέστιν</span> 
     </span>
    </p>
   </div>
   <div class='ocr_carea' id='block_1_95' title="bbox 2144 4846 3677 4943">
    <p class='ocr_par' dir='ltr' id='par_1_95' title="bbox 2144 4846 3677 4943">
     <span class='ocr_line' id='line_1_95' title="bbox 2144 4846 3677 4943; baseline -0.005 -33"><span class='ocrx_word' id='word_1_808' title='bbox 2144 4857 2254 4910; x_wconf 80' lang='grc' dir='ltr'>ἀπὸ</span> <span class='ocrx_word' id='word_1_809' title='bbox 2273 4857 2502 4928; x_wconf 81' lang='grc' dir='ltr'>Κυρίου.</span> <span class='ocrx_word' id='word_1_810' title='bbox 2525 4856 2576 4926; x_wconf 77' lang='grc' dir='ltr'>(ι</span> <span class='ocrx_word' id='word_1_811' title='bbox 2601 4856 2744 4925; x_wconf 83' lang='grc' dir='ltr'><strong>Ἐγὼ</strong></span> <span class='ocrx_word' id='word_1_812' title='bbox 2770 4857 2877 4928; x_wconf 81' lang='grc' dir='ltr'><strong>γάρ</strong></span> <span class='ocrx_word' id='word_1_813' title='bbox 2897 4859 3013 4926; x_wconf 83' lang='grc' dir='ltr'>εἰμι</span> <span class='ocrx_word' id='word_1_814' title='bbox 3037 4858 3070 4925; x_wconf 89' lang='grc' dir='ltr'>ἠ</span> <span class='ocrx_word' id='word_1_815' title='bbox 3099 4855 3216 4919; x_wconf 74' lang='grc' dir='ltr'>ὁδὸς</span> <span class='ocrx_word' id='word_1_816' title='bbox 3244 4855 3342 4910; x_wconf 76' lang='grc' dir='ltr'><strong>καὶ</strong></span> <span class='ocrx_word' id='word_1_817' title='bbox 3365 4855 3397 4924; x_wconf 79' lang='grc' dir='ltr'><strong>ἡ</strong></span> <span class='ocrx_word' id='word_1_818' title='bbox 3426 4846 3677 4943; x_wconf 41' lang='grc' dir='ltr'>ἀλήθειαν)</span> 
     </span>
    </p>
   </div>
   <div class='ocr_carea' id='block_1_96' title="bbox 2146 4933 3680 5019">
    <p class='ocr_par' dir='ltr' id='par_1_96' title="bbox 2146 4933 3680 5019">
     <span class='ocr_line' id='line_1_96' title="bbox 2146 4933 3680 5019; baseline -0.03 9"><span class='ocrx_word' id='word_1_819' title='bbox 2146 4947 2313 5018; x_wconf 56' lang='grc' dir='ltr'><strong>φησὶν</strong></span> <span class='ocrx_word' id='word_1_820' title='bbox 2349 4949 2378 5001; x_wconf 73' lang='grc' dir='ltr'>ὁ</span> <span class='ocrx_word' id='word_1_821' title='bbox 2430 4947 2656 5019; x_wconf 70' lang='grc' dir='ltr'>Κύριος·</span> <span class='ocrx_word' id='word_1_822' title='bbox 2693 4950 2710 5019; x_wconf 96' lang='grc'>)</span> <span class='ocrx_word' id='word_1_823' title='bbox 2745 4949 2854 5001; x_wconf 74' lang='grc' dir='ltr'>Καί</span> <span class='ocrx_word' id='word_1_824' title='bbox 2879 4964 2892 4976; x_wconf 88' lang='grc'><strong><em>⁸</em></strong></span> <span class='ocrx_word' id='word_1_825' title='bbox 2934 4967 2954 5000; x_wconf 74' lang='grc' dir='ltr'><strong>ι</strong></span> <span class='ocrx_word' id='word_1_826' title='bbox 2995 4948 3060 5001; x_wconf 82' lang='lat' dir='ltr'><strong>Oi</strong></span> <span class='ocrx_word' id='word_1_827' title='bbox 3090 4947 3279 5018; x_wconf 75' lang='grc' dir='ltr'>ἐχθροὶ</span> <span class='ocrx_word' id='word_1_828' title='bbox 3327 4942 3519 5016; x_wconf 83' lang='grc' dir='ltr'>Κυρίου</span> <span class='ocrx_word' id='word_1_829' title='bbox 3556 4933 3680 5001; x_wconf 75' lang='grc' dir='ltr'>ἐψεύ-</span> 
     </span>
    </p>
   </div>
   <div class='ocr_carea' id='block_1_97' title="bbox 2149 5024 3680 5111">
    <p class='ocr_par' dir='ltr' id='par_1_97' title="bbox 2149 5024 3680 5111">
     <span class='ocr_line' id='line_1_97' title="bbox 2149 5024 3680 5111; baseline -0.003 -17"><span class='ocrx_word' id='word_1_830' title='bbox 2149 5057 2311 5094; x_wconf 88' lang='grc' dir='ltr'>σαντο</span> <span class='ocrx_word' id='word_1_831' title='bbox 2343 5041 2524 5111; x_wconf 79' lang='grc' dir='ltr'>αὐτῷ·</span> <span class='ocrx_word' id='word_1_832' title='bbox 2572 5062 2593 5092; x_wconf 84' lang='grc'>›</span> <span class='ocrx_word' id='word_1_833' title='bbox 2624 5042 2719 5095; x_wconf 73' lang='grc' dir='ltr'>καὶ</span> <span class='ocrx_word' id='word_1_834' title='bbox 2762 5041 2850 5094; x_wconf 83' lang='grc' dir='ltr'>διὰ</span> <span class='ocrx_word' id='word_1_835' title='bbox 2882 5039 3042 5094; x_wconf 80' lang='grc' dir='ltr'>τοῦτο</span> <span class='ocrx_word' id='word_1_836' title='bbox 3078 5041 3345 5111; x_wconf 80' lang='grc' dir='ltr'>ἐμίσησεν</span> <span class='ocrx_word' id='word_1_837' title='bbox 3365 5037 3552 5091; x_wconf 77' lang='grc' dir='ltr'>πάντας</span> <span class='ocrx_word' id='word_1_838' title='bbox 3580 5024 3680 5082; x_wconf 63' lang='grc' dir='ltr'><strong>τοὺς</strong></span> 
     </span>
    </p>
   </div>
   <div class='ocr_carea' id='block_1_98' title="bbox 2145 5120 3675 5205">
    <p class='ocr_par' dir='ltr' id='par_1_98' title="bbox 2145 5120 3675 5205">
     <span class='ocr_line' id='line_1_98' title="bbox 2145 5120 3675 5205; baseline 0.001 -18"><span class='ocrx_word' id='word_1_839' title='bbox 2145 5131 2552 5205; x_wconf 75' lang='grc' dir='ltr'>ἐργαζομένους</span> <span class='ocrx_word' id='word_1_840' title='bbox 2579 5133 2676 5204; x_wconf 83' lang='grc' dir='ltr'>τὴν</span> <span class='ocrx_word' id='word_1_841' title='bbox 2720 5133 2975 5204; x_wconf 84' lang='grc' dir='ltr'>ἀνομίαν.</span> <span class='ocrx_word' id='word_1_842' title='bbox 3003 5133 3146 5186; x_wconf 82' lang='grc' dir='ltr'>Καί·</span> <span class='ocrx_word' id='word_1_843' title='bbox 3189 5153 3206 5184; x_wconf 82' lang='grc' dir='ltr'><strong>ι</strong></span> <span class='ocrx_word' id='word_1_844' title='bbox 3250 5129 3482 5187; x_wconf 82' lang='grc' dir='ltr'>Ἀπολεῖς</span> <span class='ocrx_word' id='word_1_845' title='bbox 3506 5120 3675 5205; x_wconf 63' lang='grc' dir='ltr'><strong>πάνταῖ</strong></span> 
     </span>
    </p>
   </div>
   <div class='ocr_carea' id='block_1_99' title="bbox 2144 5204 3672 5295">
    <p class='ocr_par' dir='ltr' id='par_1_99' title="bbox 2144 5204 3672 5295">
     <span class='ocr_line' id='line_1_99' title="bbox 2144 5204 3672 5295; baseline -0.007 -14"><span class='ocrx_word' id='word_1_846' title='bbox 2144 5228 2272 5289; x_wconf 76' lang='grc' dir='ltr'>τοὺς</span> <span class='ocrx_word' id='word_1_847' title='bbox 2327 5226 2626 5290; x_wconf 77' lang='grc' dir='ltr'>λαλοῦντας</span> <span class='ocrx_word' id='word_1_848' title='bbox 2671 5227 2731 5279; x_wconf 83' lang='grc' dir='ltr'>τὸ</span> <span class='ocrx_word' id='word_1_849' title='bbox 2778 5226 2994 5295; x_wconf 70' lang='grc' dir='ltr'>ψεῦδος.</span> <span class='ocrx_word' id='word_1_850' title='bbox 3037 5243 3056 5276; x_wconf 76' lang='grc' dir='ltr'><strong>ι</strong></span> <span class='ocrx_word' id='word_1_851' title='bbox 3081 5255 3152 5266; x_wconf 86' lang='lat'><strong>—-—</strong></span> <span class='ocrx_word' id='word_1_852' title='bbox 3181 5245 3200 5277; x_wconf 76' lang='grc' dir='ltr'><strong>ι</strong></span> <span class='ocrx_word' id='word_1_853' title='bbox 3240 5226 3364 5278; x_wconf 86' lang='grc' dir='ltr'>Ὅτι</span> <span class='ocrx_word' id='word_1_854' title='bbox 3389 5204 3672 5289; x_wconf 71' lang='grc' dir='ltr'>ἐψεύσατοή</span> 
     </span>
    </p>
   </div>
   <div class='ocr_carea' id='block_1_100' title="bbox 2148 5306 3670 5391">
    <p class='ocr_par' dir='ltr' id='par_1_100' title="bbox 2148 5306 3670 5391">
     <span class='ocr_line' id='line_1_100' title="bbox 2148 5306 3670 5391; baseline -0.002 -17"><span class='ocrx_word' id='word_1_855' title='bbox 2148 5320 2330 5374; x_wconf 78' lang='grc' dir='ltr'>ἀδικία</span> <span class='ocrx_word' id='word_1_856' title='bbox 2357 5319 2548 5390; x_wconf 77' lang='grc' dir='ltr'>ἑαυτῇ.</span> <span class='ocrx_word' id='word_1_857' title='bbox 2594 5321 2766 5388; x_wconf 82' lang='grc' dir='ltr'>Χείλη</span> <span class='ocrx_word' id='word_1_858' title='bbox 2795 5321 2906 5391; x_wconf 70' lang='grc' dir='ltr'><strong>γὰρ</strong></span> <span class='ocrx_word' id='word_1_859' title='bbox 2937 5319 3088 5374; x_wconf 84' lang='grc' dir='ltr'>δόλια</span> <span class='ocrx_word' id='word_1_860' title='bbox 3115 5322 3172 5372; x_wconf 81' lang='grc' dir='ltr'><strong>ἐν</strong></span> <span class='ocrx_word' id='word_1_861' title='bbox 3216 5317 3409 5387; x_wconf 68' lang='grc' dir='ltr'>καρδίᾳ</span> <span class='ocrx_word' id='word_1_862' title='bbox 3452 5306 3670 5371; x_wconf 62' lang='grc' dir='ltr'><strong>ἐλάλησαν</strong></span> 
     </span>
    </p>
   </div>
   <div class='ocr_carea' id='block_1_101' title="bbox 2147 5395 3667 5482">
    <p class='ocr_par' dir='ltr' id='par_1_101' title="bbox 2147 5403 3667 5482">
     <span class='ocr_line' id='line_1_101' title="bbox 2147 5403 3667 5482; baseline -0.015 -19"><span class='ocrx_word' id='word_1_863' title='bbox 2147 5411 2341 5481; x_wconf 70' lang='grc' dir='ltr'>ψευδῆ.</span> <span class='ocrx_word' id='word_1_864' title='bbox 2385 5429 2401 5461; x_wconf 73' lang='grc' dir='ltr'><strong>ι</strong></span> <span class='ocrx_word' id='word_1_865' title='bbox 2444 5413 2502 5464; x_wconf 87' lang='grc' dir='ltr'>Ὀ</span> <span class='ocrx_word' id='word_1_866' title='bbox 2530 5412 2587 5464; x_wconf 77' lang='grc' dir='ltr'>δὲ</span> <span class='ocrx_word' id='word_1_867' title='bbox 2619 5413 2931 5482; x_wconf 74' lang='grc' dir='ltr'>σοφώτατος</span> <span class='ocrx_word' id='word_1_868' title='bbox 2954 5411 3210 5480; x_wconf 81' lang='grc' dir='ltr'>Σολομὼν</span> <span class='ocrx_word' id='word_1_869' title='bbox 3237 5427 3250 5440; x_wconf 86' lang='grc'><strong>·</strong></span> <span class='ocrx_word' id='word_1_870' title='bbox 3287 5431 3305 5462; x_wconf 85' lang='grc'><strong>‹</strong></span> <span class='ocrx_word' id='word_1_871' title='bbox 3337 5407 3431 5461; x_wconf 81' lang='grc' dir='ltr'><strong>Δύο</strong></span> <span class='ocrx_word' id='word_1_872' title='bbox 3460 5403 3667 5482; x_wconf 64' lang='grc' dir='ltr'>αἰτουμειι</span> 
     </span>
    </p>
   </div>
   <div class='ocr_carea' id='block_1_102' title="bbox 457 5477 2036 5574">
    <p class='ocr_par' dir='ltr' id='par_1_102' title="bbox 457 5483 2036 5570">
     <span class='ocr_line' id='line_1_102' title="bbox 457 5483 2036 5570; baseline 0.012 -33"><span class='ocrx_word' id='word_1_873' title='bbox 457 5483 510 5538; x_wconf 86' lang='lat' dir='ltr'><strong>ci</strong></span> <span class='ocrx_word' id='word_1_874' title='bbox 532 5484 592 5536; x_wconf 80' lang='grc'><strong>⁸⁸.</strong></span> <span class='ocrx_word' id='word_1_875' title='bbox 624 5503 641 5534; x_wconf 70' lang='grc' dir='ltr'><strong>ι</strong></span> <span class='ocrx_word' id='word_1_876' title='bbox 673 5484 1016 5558; x_wconf 71' lang='lat' dir='ltr'><strong>Quapropter</strong></span> <span class='ocrx_word' id='word_1_877' title='bbox 1039 5489 1171 5546; x_wconf 85' lang='lat' dir='ltr'><strong>odio</strong></span> <span class='ocrx_word' id='word_1_878' title='bbox 1199 5494 1366 5550; x_wconf 84' lang='lat' dir='ltr'><strong>habet</strong></span> <span class='ocrx_word' id='word_1_879' title='bbox 1393 5513 1587 5554; x_wconf 86' lang='lat' dir='ltr'><strong>omnes</strong></span> <span class='ocrx_word' id='word_1_880' title='bbox 1617 5501 1710 5569; x_wconf 88' lang='lat' dir='ltr'><strong>qui</strong></span> <span class='ocrx_word' id='word_1_881' title='bbox 1739 5512 2036 5570; x_wconf 75' lang='lat' dir='ltr'><strong>operantur</strong></span> 
     </span>
    </p>
   </div>
   <div class='ocr_carea' id='block_1_103' title="bbox 2141 5477 3663 5574">
    <p class='ocr_par' dir='ltr' id='par_1_103' title="bbox 2154 5477 3663 5574">
     <span class='ocr_line' id='line_1_103' title="bbox 2154 5477 3663 5574; baseline -0.011 -8"><span class='ocrx_word' id='word_1_882' title='bbox 2154 5477 2474 5573; x_wconf 55' lang='grc' dir='ltr'>πρὸςῡεδν,</span> <span class='ocrx_word' id='word_1_883' title='bbox 2512 5504 2676 5572; x_wconf 78' lang='grc' dir='ltr'>φησίν</span> <span class='ocrx_word' id='word_1_884' title='bbox 2695 5477 2716 5535; x_wconf 57' lang='grc'><strong>⁷·</strong></span> <span class='ocrx_word' id='word_1_885' title='bbox 2747 5504 2839 5574; x_wconf 80' lang='grc' dir='ltr'><strong>Μὴ</strong></span> <span class='ocrx_word' id='word_1_886' title='bbox 2869 5503 3074 5574; x_wconf 75' lang='grc' dir='ltr'><strong>ἀφέλῃς</strong></span> <span class='ocrx_word' id='word_1_887' title='bbox 3093 5477 3200 5555; x_wconf 72' lang='grc' dir='ltr'><strong>’ἀπ’</strong></span> <span class='ocrx_word' id='word_1_888' title='bbox 3237 5500 3368 5572; x_wconf 80' lang='grc' dir='ltr'>ἐμοῦ</span> <span class='ocrx_word' id='word_1_889' title='bbox 3399 5493 3486 5565; x_wconf 58' lang='grc' dir='ltr'><strong>πρ)</strong></span> <span class='ocrx_word' id='word_1_890' title='bbox 3509 5484 3585 5541; x_wconf 83' lang='grc' dir='ltr'><strong>τοῦ</strong></span> <span class='ocrx_word' id='word_1_891' title='bbox 3611 5477 3663 5550; x_wconf 62' lang='grc' dir='ltr'><strong><em>μδ</em></strong></span> 
     </span>
    </p>
   </div>
   <div class='ocr_carea' id='block_1_104' title="bbox 538 5613 2036 5710">
    <p class='ocr_par' dir='ltr' id='par_1_104' title="bbox 538 5613 2036 5710">
     <span class='ocr_line' id='line_1_104' title="bbox 538 5613 2036 5710; baseline 0.012 -36"><span class='ocrx_word' id='word_1_892' title='bbox 538 5619 890 5710; x_wconf 35' lang='grc' dir='ltr'>ἰιφξεηηῃ,</span> <span class='ocrx_word' id='word_1_893' title='bbox 921 5626 1012 5679; x_wconf 73' lang='lat' dir='ltr'><strong>ei.</strong></span> <span class='ocrx_word' id='word_1_894' title='bbox 1040 5629 1110 5710; x_wconf 41' lang='grc' dir='ltr'><strong>..ι</strong></span> <span class='ocrx_word' id='word_1_895' title='bbox 1141 5628 1251 5710; x_wconf 64' lang='lat' dir='ltr'><strong>ru.</strong></span> <span class='ocrx_word' id='word_1_896' title='bbox 1280 5613 1428 5710; x_wconf 60' lang='grc' dir='ltr'>πέρ.</span> <span class='ocrx_word' id='word_1_897' title='bbox 1509 5634 1528 5664; x_wconf 76' lang='grc'>³</span> <span class='ocrx_word' id='word_1_898' title='bbox 1558 5635 1764 5710; x_wconf 63' lang='lat' dir='ltr'><strong>Act._v,</strong></span> <span class='ocrx_word' id='word_1_899' title='bbox 1811 5635 1863 5710; x_wconf 1' lang='lat' dir='ltr'><strong>lg.</strong></span> <span class='ocrx_word' id='word_1_900' title='bbox 1905 5638 2036 5710; x_wconf 68' lang='lat' dir='ltr'><strong>_~Ju</strong></span> 
     </span>
    </p>
   </div>
   <div class='ocr_carea' id='block_1_105' title="bbox 2141 5613 3659 5710">
    <p class='ocr_par' dir='ltr' id='par_1_105' title="bbox 2163 5626 3659 5710">
     <span class='ocr_line' id='line_1_105' title="bbox 2163 5626 3659 5710; baseline -0.004 -18"><span class='ocrx_word' id='word_1_901' title='bbox 2163 5636 2404 5710; x_wconf 51' lang='grc' dir='ltr'>τιμαί-6.</span> <span class='ocrx_word' id='word_1_902' title='bbox 2485 5639 2575 5710; x_wconf 64' lang='lat' dir='ltr'><strong>“ll</strong></span> <span class='ocrx_word' id='word_1_903' title='bbox 2608 5640 2755 5693; x_wconf 83' lang='lat' dir='ltr'><strong>Petr.</strong></span> <span class='ocrx_word' id='word_1_904' title='bbox 2791 5655 2848 5702; x_wconf 83' lang='grc' dir='ltr'>ιι,</span> <span class='ocrx_word' id='word_1_905' title='bbox 2879 5638 2963 5692; x_wconf 74' lang='grc'><strong>19.</strong></span> <span class='ocrx_word' id='word_1_906' title='bbox 3005 5639 3199 5710; x_wconf 74' lang='lat' dir='ltr'><strong>‘ann.</strong></span> <span class='ocrx_word' id='word_1_907' title='bbox 3227 5655 3338 5702; x_wconf 74' lang='lat' dir='ltr'><strong>xiv,</strong></span> <span class='ocrx_word' id='word_1_908' title='bbox 3361 5636 3409 5690; x_wconf 82' lang='lat' dir='ltr'><strong>ﬁ.</strong></span> <span class='ocrx_word' id='word_1_909' title='bbox 3474 5626 3659 5710; x_wconf 44' lang='grc' dir='ltr'><strong>’,ξῆρῇι</strong></span> 
     </span>
    </p>
   </div>
   <div class='ocr_carea' id='block_1_106' title="bbox 466 5687 2036 5776">
    <p class='ocr_par' dir='ltr' id='par_1_106' title="bbox 466 5687 2023 5776">
     <span class='ocr_line' id='line_1_106' title="bbox 466 5687 2023 5776; baseline 0.015 -39"><span class='ocrx_word' id='word_1_910' title='bbox 466 5689 549 5740; x_wconf 75' lang='grc' dir='ltr'>ιι.</span> <span class='ocrx_word' id='word_1_911' title='bbox 631 5691 990 5776; x_wconf 40' lang='lat' dir='ltr'><strong>lacuum.</strong></span> <span class='ocrx_word' id='word_1_912' title='bbox 1039 5698 1118 5758; x_wconf 71' lang='grc' dir='ltr'><strong>ιδ,</strong></span> <span class='ocrx_word' id='word_1_913' title='bbox 1157 5701 1242 5753; x_wconf 71' lang='grc' dir='ltr'>ιι.</span> <span class='ocrx_word' id='word_1_914' title='bbox 1320 5687 1628 5764; x_wconf 42' lang='lat' dir='ltr'><strong>animum.</strong></span> <span class='ocrx_word' id='word_1_915' title='bbox 1664 5687 1763 5758; x_wconf 76' lang='lat' dir='ltr'><strong>m.’</strong></span> <span class='ocrx_word' id='word_1_916' title='bbox 1816 5687 1869 5736; x_wconf 41' lang='lat' dir='ltr'><strong>i0</strong></span> <span class='ocrx_word' id='word_1_917' title='bbox 1904 5687 2023 5762; x_wconf 58' lang='grc' dir='ltr'>ιευῖ</span> 
     </span>
    </p>
   </div>
   <div class='ocr_carea' id='block_1_107' title="bbox 2141 5687 3649 5776">
    <p class='ocr_par' dir='ltr' id='par_1_107' title="bbox 2147 5687 3649 5776">
     <span class='ocr_line' id='line_1_107' title="bbox 2147 5687 3649 5776; baseline -0.013 -2"><span class='ocrx_word' id='word_1_918' title='bbox 2147 5687 2335 5773; x_wconf 26' lang='lat' dir='ltr'><strong>litin”:</strong></span> <span class='ocrx_word' id='word_1_919' title='bbox 2366 5687 2460 5740; x_wconf 30' lang='lat' dir='ltr'>ﬁ“</span> <span class='ocrx_word' id='word_1_920' title='bbox 2495 5687 2629 5764; x_wconf 53' lang='lat' dir='ltr'><strong>ibid:</strong></span> <span class='ocrx_word' id='word_1_921' title='bbox 2792 5687 2865 5742; x_wconf 54' lang='grc' dir='ltr'><strong>’τ’</strong></span> <span class='ocrx_word' id='word_1_922' title='bbox 2919 5711 3035 5765; x_wconf 88' lang='lat' dir='ltr'><strong>imo</strong></span> <span class='ocrx_word' id='word_1_923' title='bbox 3070 5708 3211 5765; x_wconf 87' lang='lat' dir='ltr'><strong>Osce</strong></span> <span class='ocrx_word' id='word_1_924' title='bbox 3257 5687 3338 5776; x_wconf 59' lang='lat' dir='ltr'><strong>1v;</strong></span> <span class='ocrx_word' id='word_1_925' title='bbox 3357 5709 3404 5761; x_wconf 66' lang='lat'><strong>‘2.</strong></span> <span class='ocrx_word' id='word_1_926' title='bbox 3489 5697 3522 5730; x_wconf 85' lang='grc'><strong>¹¹</strong></span> <span class='ocrx_word' id='word_1_927' title='bbox 3546 5687 3649 5746; x_wconf 56' lang='lat'><strong>955&#39;-</strong></span> 
     </span>
    </p>
   </div>
   <div class='ocr_carea' id='block_1_108' title="bbox 465 5761 1885 5841">
    <p class='ocr_par' dir='ltr' id='par_1_108' title="bbox 465 5761 1885 5841">
     <span class='ocr_line' id='line_1_108' title="bbox 465 5761 1885 5841; baseline 0.017 -34"><span class='ocrx_word' id='word_1_928' title='bbox 465 5771 592 5824; x_wconf 60' lang='grc' dir='ltr'>λιιι,</span> <span class='ocrx_word' id='word_1_929' title='bbox 622 5761 709 5814; x_wconf 67' lang='lat' dir='ltr'><strong>i6.</strong></span> <span class='ocrx_word' id='word_1_930' title='bbox 790 5765 830 5794; x_wconf 79' lang='lat'>“</span> <span class='ocrx_word' id='word_1_931' title='bbox 860 5766 1019 5820; x_wconf 81' lang='lat' dir='ltr'><strong>Joan.</strong></span> <span class='ocrx_word' id='word_1_932' title='bbox 1065 5785 1173 5830; x_wconf 67' lang='lat' dir='ltr'><strong>xxv,</strong></span> <span class='ocrx_word' id='word_1_933' title='bbox 1213 5773 1263 5823; x_wconf 73' lang='lat' dir='ltr'><strong>ti.</strong></span> <span class='ocrx_word' id='word_1_934' title='bbox 1349 5775 1388 5803; x_wconf 79' lang='grc'><strong>³⁵</strong></span> <span class='ocrx_word' id='word_1_935' title='bbox 1437 5775 1574 5828; x_wconf 64' lang='lat' dir='ltr'><strong>Pani.</strong></span> <span class='ocrx_word' id='word_1_936' title='bbox 1608 5761 1769 5841; x_wconf 62' lang='lat' dir='ltr'><strong>Lux,</strong></span> <span class='ocrx_word' id='word_1_937' title='bbox 1807 5778 1885 5831; x_wconf 67' lang='lat' dir='ltr'><strong>iii.</strong></span> 
     </span>
    </p>
   </div>
  </div>
