3944 6404
246 324 379 394 i565

1167 344 1500 409 HOMILIA
1538 347 1762 409 XLIII.-
1800 362 1870 413 δέ
1909 348 2008 408 DE
2051 344 2274 410 INANI
2313 348 2626 410 GLORIA.

3376 344 3521 412 1566
3568 322 3577 327 ⁷

234 444 523 498 ὶποθανεῖν
558 461 572 477 ⁶
635 448 870 518 μάταιον
899 450 1078 523 λόγον,
1116 459 1435 532 καὶψευδῆ,
1472 464 1694 533 μακρὰν
1719 461 1815 517 ἀπ’

1925 464 2288 534 iniquitatem.
2311 464 2415 520 Et:
2440 483 2458 517 ι
2481 463 2689 520 Perdes
2706 479 2900 523 onmes
2914 465 3009 535 qui
3032 465 3337 536 loquuntur
3358 483 3513 521 men-

228 538 365 607 ἐμοῦ
406 537 656 611 ποίησον.
686 541 975 617 Βδέλυγμα
1012 551 1121 623 γὰρ
1146 552 1338 625 Κυρίῳ
1363 557 1517 628 χείλη
1545 555 1718 628 ψευδῆ
1748 571 1763 586 ·
1793 557 1822 610 ὀ

226 631 282 684 δὲ
318 631 493 685 ποιῶν
526 634 762 701 πίστεις,
791 638 982 705 δεκτὸς
1013 645 1146 716 παρ’
1175 647 1365 703 αὑτοῦ.
1411 668 1431 702 ι
1476 681 1549 693 --
1579 671 1599 704 ι
1636 655 1734 718 Ὃς
1764 653 1822 708 δὲ

231 721 501 792 ἐρείδεται
537 726 632 779 ἐπὶ
661 727 936 797 ψεύδεσιν,
980 728 1136 800 οὗτος
1169 743 1430 808 ποιμανεῖ
1462 742 1721 812 ἀνέμους.
1757 744 1822 798 'H

228 813 340 881 γὰρ
364 812 570 905 ψευδὴς
594 817 819 885 γλῶσσα
878 828 1030 893 μισεῖ
1060 826 1341 898 ἀλήθειαν.
1383 850 1402 884 ι
1433 833 1546 886 Καί
1575 850 1590 866 ο
1621 854 1640 886 ι
1666 836 1824 905 Μὰρ·

228 918 327 991 τυς
370 902 574 976 ψευδὴς
613 906 715 985 οὐκ
770 909 1122 985 ἀτιμώρητος
1162 917 1319 975 ἔσται
1347 937 1363 955 ο
1396 923 1425 974 ό
1480 922 1537 976 δὲ
1571 902 1823 991 ἐγκαλῶν

229 990 457 1088 άδίκως,
511 995 573 1051 οὐ
616 998 689 1068 μὴ
741 999 1002 1076 διασωθῇ.
1049 1026 1067 1059 ι
1109 1010 1219 1063 Καί
1244 1026 1259 1043 ο
1299 1030 1321 1063 ι
1351 1012 1584 1084 Μάρτυς
1613 1013 1824 1088 ψευδὴς

229 1084 541 1142 ἀπολετται.
577 1089 743 1162 ’Δνὴρ
772 1094 832 1147 δὲ
863 1096 1103 1168 ὑπήκοος
1131 1102 1568 1175 φυλασσόμενος,
1597 1084 1824 1177 λαλήσει

231 1176 517 1269 ἀλήθειαν.
558 1201 578 1234 ι
618 1184 727 1240 Καὶ
763 1188 928 1243 πάλιν
955 1207 968 1222 ο
1014 1211 1033 1243 ι
1072 1193 1164 1265 Μὴ
1200 1194 1310 1249 ἴσθι
1350 1195 1554 1267 ψευδὴς
1613 1176 1828 1270 μάρτυς

233 1270 332 1326 ἐπὶ
365 1272 459 1327 σὺν
499 1276 749 1350 πολιτην,
785 1299 805 1332 ι
853 1284 1154 1352 τουτέστιν,
1203 1287 1296 1341 ἐπὶ
1346 1287 1437 1342 σὺν
1475 1289 1774 1360 ὁμόπιστον
1807 1306 1822 1322 ο

240 1381 260 1413 ι
290 1362 445 1433 Μηδέ
478 1365 754 1420 πλατύνου
786 1368 883 1422 ἐπὶ⁸
921 1373 1039 1434 σοῖς
1092 1374 1349 1442 χείλεσιν.
1385 1394 1404 1428 ι
1456 1375 1568 1431 Καὶ
1624 1375 1783 1441 ἄλλος
1807 1390 1823 1408 ⁶

239 1472 261 1507 ι
299 1455 493 1526 μῶμος
532 1460 796 1530 πονηρὸς,
824 1460 1025 1532 ψεῦδος
1055 1466 1112 1518 ὲν
1134 1466 1429 1539 ἀνθρώπῳ.
1467 1468 1527 1523 ’0
1546 1469 1601 1522 δὲ
1635 1469 1827 1534 πιστὸς

238 1546 448 1616 μάρτυς
489 1549 550 1602 ού
600 1549 880 1619 ψεύδεται.
947 1572 966 1605 ι
1015 1555 1127 1609 Καὶ
1163 1558 1327 1612 πάλιν
1352 1571 1370 1589 ⁸
1412 1577 1431 1611 ι
1462 1559 1704 1623 Ἀκακος
1735 1576 1828 1613 πι-

235 1635 418 1692 στεύει
449 1639 617 1692 παντὶ
648 1639 814 1710 λόγῳ,
864 1643 1174 1716 πανοῦργος
1217 1647 1274 1701 δὲ
1307 1647 1527 1720 ἔρχεται
1551 1650 1632 1713 είς
1658 1649 1821 1720 μετά-

244 1745 405 1785 Δοιαν.
436 1748 456 1782 ι
509 1732 623 1786 Καὶ
659 1734 865 1789 πάλιν·
929 1755 949 1789 ι
979 1737 1090 1807 υύχ
1136 1738 1369 1817 ἁρμόσει
1421 1741 1617 1812 ἄφρονι
1667 1741 1821 1814 χείλη

1923 552 2146 609 dacium
2169 555 2231 608 ³⁸.
2260 574 2279 607 ι
2304 554 2408 608 Et:
2445 573 2463 605 ι
2489 553 2626 621 Quia
2652 553 2884 608 mentita
2914 564 2998 608 est
3019 553 3284 624 iniquitas
3304 552 3414 609 'sibi
3443 554 3509 628 ",

1923 645 2068 701 labia
2092 647 2239 701 enim
2261 645 2452 701 dolosa
2475 646 2536 699 in
2549 644 2718 700 corde
2730 653 2788 700 et
2803 646 2860 699 in
2879 645 3046 700 corde
3059 647 3243 701 locuta
3258 654 3390 700 sunt
3413 645 3456 679 "
3486 668 3505 697 ο

1921 739 2296 795 mendacium.
2314 738 2459 805 Quin
2488 738 2938 809 sapientissimus
2962 738 3222 794 Salomon
3250 739 3364 794 Deo
3393 740 3471 792 ait
3489 756 3508 811 ς

1928 852 1948 886 ι
1975 834 2095 889 Duo
2119 844 2249 889 sunt
2274 848 2397 904 quae
2426 841 2576 905 peto,
2606 850 2675 889 ne
2701 835 2939 905 deneges
2962 836 3079 889 sive
3105 833 3325 889 auferas
3348 849 3379 887 a
3401 848 3510 899 me,

1923 927 2246 997 priusquam
2267 925 2490 980 moriar.
2519 925 2845 982 Sermonem
2871 941 3075 980 vanum
3098 941 3163 982 ac
3189 924 3513 979 mendacem

1927 1016 2139 1086 1095
2156 1016 2318 1086 longe
2336 1014 2423 1070 fac
2446 1030 2474 1069 a
2495 1031 2583 1070 me
2599 1015 2665 1069 ¹⁹.
2680 1008 3037 1079 Abominatio
3061 1013 3208 1068 enim
3233 1010 3377 1083 apud
3402 1011 3514 1065 Do-

1924 1106 2134 1161 minum
2155 1104 2299 1161 labia
2326 1105 2648 1172 mendacia;
2675 1106 2772 1175 qui
2800 1117 2986 1161 autem
3020 1104 3199 1158 ﬁdelis
3218 1111 3325 1167 est,
3353 1116 3513 1156 acceo

1924 1203 2054 1267 ptus
2077 1203 2160 1251 est
2178 1194 2325 1265 apud
2362 1195 2537 1249 Deum
2563 1195 2633 1248 ὀ.
2672 1212 2690 1243 ι
2720 1193 2790 1248 Et
2825 1211 2839 1247 :
2881 1212 2900 1244 ι
2921 1191 3029 1259 Qui
3055 1191 3256 1246 nititur
3283 1187 3515 1244 menda-

1925 1288 2048 1351 ciis,
2084 1287 2177 1342 hic
2193 1296 2383 1359 pascet
2410 1295 2607 1342 ventos
2636 1288 2716 1353 ἰς
2746 1285 2986 1342 mendax
3012 1286 3161 1340 enim
3187 1283 3373 1353 lingua
3395 1280 3515 1336 odit

1924 1381 2215 1436 veritatem
2234 1382 2300 1435 ”.
2314 1398 2333 1431 ι
2353 1378 2421 1434 Et
2442 1397 2454 1433 :
2481 1398 2499 1431 ι
2534 1378 2714 1434 Testis
2733 1377 2970 1433 mendax
2992 1392 3100 1432 non
3124 1385 3247 1431 erat
3274 1372 3515 1444 impuni-

1926 1479 2042 1539 tus;
2066 1470 2162 1542 qui
2183 1478 2368 1526 autem
2390 1469 2570 1526 defert
2591 1470 2816 1541 injuste,
2835 1483 2949 1523 non
2964 1466 3269 1523 salvabitur
3282 1465 3348 1519 ".
3365 1486 3381 1517 ι
3401 1465 3471 1525 Et
3494 1481 3507 1517 :

1931 1577 1951 1613 ι
1986 1560 2170 1616 Testis
2225 1561 2463 1615 mendax
2506 1559 2714 1630 peribit
2749 1559 2836 1627 ἰς
2875 1559 2962 1613 vir
3013 1565 3198 1613 autem
3245 1555 3512 1612 obediens

1922 1650 2018 1720 qui
2053 1649 2159 1705 sibi
2182 1658 2359 1716 cavet,
2382 1650 2644 1720 loquetur
2665 1649 2960 1705 veritatem
2998 1648 3065 1701 ".
3108 1665 3126 1698 ι
3163 1645 3271 1701 Et:
3307 1644 3390 1701 Ne
3434 1645 3514 1699 sis

1924 1743 2084 1799 testis
2115 1741 2352 1797 mendax
2386 1741 2656 1797 adversus
2694 1742 2980 1796 concivem
3026 1747 3184 1793 tuum
3231 1737 3297 1802 “,
3337 1754 3356 1788 ι
3406 1736 3510 1791 hoc

235 1822 425 1885 πιστὰ,
455 1823 574 1877 οὐδὲ
599 1824 795 1896 δικαίῳ
813 1827 969 1898 χείλη
992 1812 1187 1900 ψευδῆ.
1223 1850 1243 1884 ι
1278 1832 1390 1886 Καὶ
1411 1811 1637 1901 ἐπάγει·
1726 1811 1822 1885 Ai;

1925 1848 2009 1893 est
2030 1835 2299 1892 adversus
2332 1833 2684 1900 conlidelem,
2743 1851 2763 1884 ι
2797 1841 2854 1888 et
2915 1847 2985 1888 ne
3045 1830 3293 1886 dilateris
3349 1826 3517 1883 labiis

114 1909 133 1918 '
238 1912 544 1982 ρετὼτερον
579 1915 823 1981 κλέπτης
869 1918 903 1990 ῆ
943 1921 972 1972 ὀ
1002 1920 1355 1991 ἐνδελεχίζων
1384 1922 1578 1992 ψευδῆ.
1619 1943 1636 1975 ι
1680 1923 1738 1977 '0
1766 1923 1823 1978 δὲ

232 2001 536 2068 ἀπόστολος
589 2005 806 2071 Παῦλος
835 2020 851 2036 ⁸
912 2030 930 2063 ι
970 2009 1063 2079 Μὴ
1109 2010 1371 2081 ψεύδεσθε
1413 2015 1494 2076 είς
1537 2014 1819 2085 ἀλλήλους,

233 2092 375 2148 ἀλλὰ
407 2093 742 2166 ἀποθέμενοι
781 2100 843 2154 τὸ
886 2100 1104 2171 ψεῦδος,
1141 2103 1357 2157 λαλεῖτε
1386 2104 1662 2175 ἀλήθειαν.
1691 2105 1823 2160 ἕκα-

238 2202 363 2249 στος
397 2188 536 2257 μετὰ
572 2189 669 2243 τοῦ
700 2190 931 2262 πλησίον
959 2193 1149 2248 αὐτοῦ.
1186 2212 1205 2246 ι
1241 2195 1350 2248 Καὶ
1379 2197 1437 2249 ἐν
1462 2198 1582 2259 ταῖς
1612 2196 1822 2268 Πράξε-

240 2294 324 2332 σιν
349 2280 378 2332 ό
405 2279 612 2350 Πέτρος
645 2281 725 2351 τῷ
761 2283 985 2356 ’Δνανίᾳ
1011 2303 1025 2318 ·
1064 2303 1084 2338 ι
1119 2285 1219 2341 Διὰ
1244 2286 1319 2350 τί,
1350 2287 1537 2357 φησὶν,
1565 2288 1823 2359 ἐπλήρω-

239 2383 336 2421 σεν
363 2369 394 2420 ὁ
419 2370 669 2434 Σατανᾶς
716 2372 820 2443 τὴν
860 2373 1092 2446 καρδίαν
1145 2392 1241 2429 σου
1291 2376 1600 2446 ψεύσασθαί
1650 2394 1709 2431 σε
1764 2377 1825 2430 τὺ

240 2460 466 2531 Πνεῦμα
493 2461 554 2515 τὸ
608 2463 787 2532 ἆγιον,
828 2465 925 2519 καὶ
957 2466 1318 2538 νοσφίσασθαι
1356 2469 1465 2522 ἀπὸ
1528 2469 1631 2539 τῆς
1658 2472 1824 2545 τιμῆς

245 2552 338 2605 τοῦ
363 2554 566 2624 χωρίου
586 2570 602 2617 ς
625 2574 644 2611 ι
677 2557 786 2610 Καὶ
806 2558 1036 2628 ἐπάγει·
1069 2578 1088 2613 ι
1115 2561 1230 2615 Ούκ
1257 2561 1471 2631 ἐψεύσω
1494 2563 1819 2633 ἀνθρώποις,

243 2644 377 2698 ἀλλὰ
426 2645 505 2716 τῷ
554 2646 694 2718 Θεῷ.
731 2667 751 2700 ι
809 2650 922 2705 Καὶ
946 2654 975 2706 ὁ
1016 2652 1271 2716 Ἰάκωϐος
1300 2669 1316 2686 ο
1377 2672 1398 2706 ι
1437 2654 1591 2709 Ἐπεὶ
1628 2657 1824 2726 μικρὸν

240 2730 402 2804 ζῆλον
430 2735 583 2805 ἔχετε
614 2740 673 2793 ἐν
712 2742 824 2803 ταῖς
850 2742 1097 2813 καρδίαις
1124 2745 1297 2814 ὑμῶν,
1346 2745 1421 2816 μὴ
1454 2748 1818 2817 καταυχᾶσθε,

244 2825 343 2879 καὶ
377 2825 645 2895 ψεύδεσθε
703 2830 846 2883 κατὰ
879 2832 979 2901 τῆς
1017 2832 1296 2903 ἀληθείας.
1335 2851 1355 2885 ι
1424 2835 1481 2888 '0
1523 2835 1578 2888 δὲ
1617 2836 1824 2908 Κύριος

1927 1928 2037 1984 tuis
2069 1928 2137 1982 "’.
2170 1946 2188 1979 ι
2232 1927 2392 1981 Alius
2425 1926 2556 1981 item
2593 1943 2608 1980 :
2660 1945 2679 1978 ι
2717 1923 3102 1995 Reprehensio
3136 1921 3301 1987 mala,
3350 1934 3505 1974 men-

1924 2019 2144 2074 dacium
2181 2018 2237 2073 in
2268 2016 2535 2084 homine;
2569 2015 2667 2085 qui
2725 2023 2911 2086 autem
2959 2012 3142 2067 ﬁdelis
3194 2018 3280 2065 est
3330 2009 3509 2074 testis,

1923 2129 2037 2167 non
2063 2111 2330 2166 mentitur
2358 2108 2425 2163 ’⁸.
2465 2127 2484 2159 ι
2530 2107 2710 2162 Item:
2764 2124 2782 2157 ι
2817 2105 3092 2160 lnnocens
3134 2101 3313 2156 credit
3359 2103 3514 2156 omni

1923 2204 2117 2269 verbo,
2145 2210 2513 2257 veteratorem
2541 2208 2726 2254 autem
2750 2205 2808 2251 et
2829 2203 3072 2250 astutum
3097 2191 3387 2262 paenitebit
3404 2191 3500 2244 ".i

1924 2293 2035 2348 Et:
2068 2311 2087 2344 ι
2116 2292 2235 2347 Νοιι
2266 2289 2611 2346 conveniunt
2664 2287 2837 2343 stulto
2886 2285 3033 2340 labia
3083 2282 3287 2346 ﬁdelia,
3330 2296 3509 2350 neque

1919 2387 2072 2456 justo
2094 2382 2263 2437 verba
2311 2379 2603 2435 mendacia
2651 2379 2718 2432 ³ο.
2747 2394 2765 2428 ι
2823 2375 3088 2432 inducit:
3148 2394 3167 2426 ι
3201 2371 3515 2443 Eligihilius

1923 2473 2056 2543 quid
2090 2479 2173 2527 est
2204 2471 2311 2535 fur,
2345 2485 2511 2540 quam
2545 2469 2640 2539 qni
2671 2467 2895 2523 assidue
2924 2465 3193 2521 mentitur
3213 2465 3280 2518 “.
3315 2482 3334 2515 ι
3360 2462 3512 2534 Apo-

1924 2565 2100 2620 stolus
2126 2563 2259 2619 item
2301 2563 2508 2618 Paulus
2539 2579 2554 2616 :
2599 2580 2617 2613 ι
2652 2558 2973 2630 Loquimini
3005 2558 3300 2612 veritatem
3341 2571 3516 2611 unus-

1923 2655 2166 2726 quisque
2190 2670 2314 2709 cum
2338 2654 2591 2724 proximo
2619 2668 2723 2707 suo
2758 2652 2824 2704 “.
2867 2670 2884 2702 ι
2916 2651 2978 2706 In
3010 2649 3242 2705 Actibus
3289 2661 3513 2719 quoque

1923 2748 2121 2803 Petrus
2152 2745 2380 2801 Ananiae
2410 2744 2551 2799 dixit
2586 2762 2599 2798 :
2641 2762 2660 2794 ι
2693 2743 2766 2800 Ut
2803 2742 2938 2812 quid
2982 2740 3235 2811 implevit
3276 2739 3509 2794 Satanas

1923 2853 2020 2892 cor
2056 2844 2235 2899 tuum,
2274 2833 2497 2890 mentiri
2542 2843 2595 2889 te
2640 2833 2876 2904 Spiritui
2925 2841 3140 2897 sancto,
3174 2842 3230 2886 et
3260 2829 3515 2885 fraudare

239 2917 493 2988 περὶτοῦ
532 2921 948 2992 Ἀντιχρίστουο
1016 2943 1035 2977 ι
1095 2926 1269 2980 Ὅταν
1330 2927 1503 2992 λαλεῖ,
1556 2929 1711 2999 φησὶ,
1762 2929 1823 2983 τὸ

1925 2929 1992 2983 de
2013 2928 2195 3000 pretio
2225 2926 2341 2996 agri
2368 2926 2450 2987 "2
2487 2943 2506 2976 ι
2536 2924 2758 2980 Inducit
2790 2942 2802 2978 :
2842 2943 2860 2975 ι
2890 2924 3088 2979 Nones
3112 2921 3383 2977 mentitus
3407 2921 3514 2976 ho~

237 3008 456 3078 ψεῦδος,
480 3013 544 3064 ἐκ
574 3012 682 3066 τῶν
714 3013 860 3069 ίδίων
901 3015 1073 3082 λαλεῖ,
1107 3018 1188 3071 ὅτι
1229 3018 1473 3091 ψεύστης
1522 3022 1694 3086 ἐστὶν,
1746 3020 1824 3084 ὡς

1925 3017 2189 3082 minibus,
2238 3015 2338 3071 sed
2381 3016 2496 3071 Deo
2536 3015 2600 3070 ".
2638 3035 2657 3067 ι
2702 3015 2978 3070 Iacobus:
3032 3033 3050 3065 ι
3088 3012 3226 3068 Cum
3266 3027 3514 3067 amarum

241 3101 340 3154 καὶ
370 3104 398 3155 ό
428 3104 611 3174 πατὴρ
652 3105 840 3161 αὑτοῦ.
877 3124 896 3159 ι
960 3108 1318 3173 Ἀκούσαντες
1358 3106 1473 3174 οὖν.
1518 3112 1818 3182 ἀγαπητοὶ,

1925 3110 2103 3164 zelum
2143 3107 2397 3164 habeatis
2432 3108 2486 3162 in
2529 3106 2796 3163 cordibus
2828 3105 3055 3170 vestris,
3083 3105 3255 3159 nolite
3285 3102 3515 3175 gloriari

238 3192 334 3245 τὸν
387 3195 624 3264 πονηρὸν
652 3196 820 3266 ψόγον
867 3197 965 3252 τοῦ
1004 3199 1313 3255 διαδολικοῦ
1356 3201 1606 3272 ψεύδους,
1665 3202 1820 3277 πάσῃ

1925 3209 1981 3257 et
2005 3200 2228 3256 mentiri
2253 3199 2520 3255 adversus
2552 3200 2845 3254 veritatem
2861 3191 3042 3252 “.Setl
3060 3204 3116 3248 et
3127 3196 3416 3261 Dominus,
3446 3194 3516 3250 de

242 3282 445 3354 σπουδῇ
479 3284 741 3356 φύγωμεν
771 3288 866 3341 ἀπ’
908 3288 1097 3355 αὐτοῦ,
1130 3291 1226 3345 καὶ
1270 3293 1711 3364 προσδράμωμεν
1751 3296 1818 3367 τῇ

1926 3293 2273 3349 Antichristo
2304 3309 2317 3345 :
2362 3311 2380 3342 ι
2409 3291 2548 3347 Cum
2580 3290 2728 3346 enim
2759 3289 3007 3360 loquitur
3031 3288 3406 3353 mendacium,
3445 3302 3516 3343 ex

241 3372 492 3446 ἀληθείᾳ,
547 3378 606 3440 ὃς
658 3378 809 3433 ἐστιν
852 3380 1090 3450 Χριστὸς
1119 3382 1150 3435 ὁ
1193 3382 1447 3453 ἀληθινὸς
1475 3384 1608 3448 Θεὸς
1637 3385 1815 3456 ἡμῶν.

1928 3383 2170 3453 propriis
2195 3383 2484 3453 loquitur;
2536 3382 2663 3455 quia
2698 3381 2935 3436 mendax
2981 3389 3087 3444 est,
3142 3386 3204 3433 ut
3248 3386 3304 3432 et
3357 3387 3516 3448 pater

242 3465 396 3534 Αὐτῷ
421 3469 454 3536 ἠ
485 3467 612 3532 δόξα
643 3470 721 3532 είς
746 3471 876 3535 τοὺς
909 3471 1134 3536 αἰῶνας.
1170 3474 1369 3544 Ἀμήν.

1931 3474 2052 3545 ejus
2077 3470 2144 3527 ³⁵.
2175 3491 2192 3525 ι
2221 3472 2425 3528 Audita
2450 3471 2642 3543 igitur,
2671 3469 3010 3533 charissimi,
3053 3466 3319 3522 diabolici
3355 3482 3515 3520 men-

241 3556 385 3613 dacii
408 3560 764 3631 vituperabili
796 3565 1158 3637 malignitate,
1186 3583 1353 3638 quam
1388 3569 1711 3641 longissime
1750 3568 1821 3625 ab
1859 3570 1957 3624 illo
1980 3567 2306 3627 secedamus
2341 3584 2356 3635 ;
2420 3566 2490 3622 ad
2524 3566 2874 3636 complexum
2910 3580 3043 3619 vero
3109 3561 3362 3616 veritatis
3400 3569 3517 3615 stu-

241 3647 336 3704 dio
377 3653 529 3707 omni
573 3655 976 3714 contendamus
1021 3659 1360 3732 pertingere,
1413 3663 1511 3733 qui
1560 3661 1819 3719 Christus
1855 3671 1940 3718 est
1970 3661 2118 3717 Deus
2147 3669 2338 3716 noster
2366 3674 2554 3714 verus.
2580 3657 2688 3729 Ipsi
2746 3655 2920 3729 gloria
2972 3656 3029 3710 in
3070 3652 3512 3710 saeculaAmen.

838 3771 1059 3826 ΛΟΓΟΣ
1096 3775 1229 3829 Ml".

2460 3770 2750 3827 HOMILIA
2778 3768 2967 3824 XLIII.

756 3884 897 3951 Περὶ
937 3885 1312 3956 κενοδοξίας.

2476 3882 2557 3939 De
2581 3883 2734 3938 ἰηαηὶ
2759 3880 2957 3953 gloria.

330 3993 386 4050 Ὀ
414 3995 693 4064 κενόδοξος
739 3998 893 4069 δηλοί
951 4000 1034 4054 ὅτι
1090 4002 1415 4073 πρόσκειται
1466 4007 1533 4075 τῇ
1587 4006 1824 4077 μισοθέῳ

1992 3999 2347 4072 Vaniglorius
2388 3997 2574 4067 reipsa
2600 3993 2850 4051 declarat
2867 4006 3090 4048 exosam
3108 4006 3168 4046 se
3191 3989 3396 4045 habere
3416 3989 3517 4044 Dei

242 4082 391 4158 δόξῃ.
452 4088 686 4144 Ἥδιστα
732 4089 842 4161 γὰρ
897 4089 1119 4162 θηρεύει
1149 4095 1278 4159 τοὺς
1310 4095 1567 4160 ἐπαίνους
1591 4097 1704 4151 τῶν
1731 4098 1824 4151 ἀν-

1925 4092 2154 4165 gloriam
2192 4108 2206 4145 :
2244 4091 2314 4145 ab
2341 4087 2667 4144 hominibus
2694 4084 2845 4139 enim
2880 4083 3074 4138 laudes
3098 4089 3283 4151 captat
3317 4095 3381 4135 ac
3417 4096 3518 4135 ve-

246 4174 500 4246 θρώπων,
538 4180 634 4232 καὶ
662 4180 746 4243 είς
789 4180 990 4245 αὐτοὺς
1036 4182 1395 4254 ἐναϐρύνεται
1440 4184 1585 4258 ὑπὲρ
1640 4186 1824 4257 ἐσμῶν

1925 4192 2085 4240 natur
2110 4196 2378 4253 perquam
2403 4178 2672 4235 suaviter.
2706 4175 2849 4230 Hine
2877 4175 2947 4229 ad
2981 4189 3078 4230 eas
3106 4189 3294 4229 secum
3338 4172 3516 4227 ambi-

247 4266 562 4331 ἐστιάσεως.
596 4269 654 4323 '0
693 4270 936 4334 τοιοῦτος
963 4271 1040 4336 ὡς
1061 4273 1522 4347 ἁνθρωπάρεσκος
1551 4277 1824 4348 κρίνεται,

1925 4275 2118 4332 tiosius
2152 4273 2428 4329 subsultat
2456 4286 2521 4326 ae
2549 4268 2833 4341 praegestit
2862 4266 3159 4339 gloriosius
3206 4280 3376 4335 quam
3426 4263 3517 4318 vel

245 4358 327 4410 ὅτι
351 4359 543 4431 ἀγαπᾷ
560 4360 662 4431 τὴν
687 4360 847 4425 δόξαν
874 4361 985 4416 τῶν
1017 4363 1320 4435 ἀνθρώπων
1374 4366 1514 4438 ὑπὲρ
1538 4368 1638 4440 τὴν
1671 4369 1824 4434 δόξαν

1925 4365 2294 4436 coepulonum
2319 4361 2696 4434 quantuslibet
2735 4370 2934 4415 coetus.
2970 4357 3119 4413 Talis
3176 4366 3239 4412 ut
3290 4354 3518 4410 humani

249 4448 340 4503 τοῦ
391 4449 547 4515 Θεοῦ,
581 4453 723 4505 κατὰ
754 4451 845 4505 τὸν
900 4453 1293 4527 εύαγγελιστὴν
1351 4456 1605 4531 Ἰωάννην
1635 4475 1652 4490 ·
1712 4460 1824 4514 ἀλλ¹

1925 4457 2128 4515 favoris
2153 4463 2408 4526 captator
2429 4452 2750 4524 judicatur:
2777 4451 2847 4505 ab
2876 4449 3197 4505 hominibus
3225 4446 3375 4502 enim
3407 4446 3516 4501 sibi

246 4540 437 4614 ὥσπερ
477 4542 568 4598 διὰ
606 4543 838 4613 θλίψεως
879 4545 948 4600 τὰ
990 4546 1173 4617 ἀγαθὰ
1201 4550 1315 4612 τοῖς
1342 4548 1653 4621 ἀνθρώποις
1679 4552 1824 4622 ήτοί-

1927 4550 2227 4606 exhibitam
2276 4547 2530 4618 gloriam,
2585 4559 2699 4614 prae
2750 4543 2923 4613 gloria
2975 4541 3073 4597 Dei
3118 4541 3317 4611 diligit,
3362 4540 3518 4609 juxta

250 4650 475 4703 μασται.
523 4633 700 4700 οὕτως
751 4637 848 4691 καὶ
906 4638 975 4693 τὰ
1034 4640 1181 4694 κακά
1246 4641 1336 4696 διὰ
1378 4643 1684 4710 κενοδοξίας
1732 4645 1824 4701 καὶ

1926 4641 2317 4712 evangelistam
2337 4639 2605 4694 Joannem
2632 4653 2647 4690 :
2678 4650 2811 4691 sane
2843 4643 2903 4689 ut
2926 4642 3056 4689 sunt
3080 4631 3398 4687 hominibus
3425 4645 3522 4699 ap-

246 4725 460 4796 ἡδονῆς.
507 4726 661 4792 Ῥίζα
686 4728 796 4801 γὰρ
846 4732 1082 4803 αἰσχρᾶς
1134 4734 1433 4805 ἐπιθυμίας
1482 4736 1830 4807 ἀνθρώπινος

246 4815 467 4885 ἔπαινος
501 4834 515 4848 ⁸
552 4820 653 4892 οὐχ
674 4821 806 4875 ὅταν
838 4822 1129 4893 ἀκούωμεν
1159 4826 1322 4890 αὐτὰ,
1355 4827 1471 4881 ἀλλ’
1524 4829 1655 4884 ὅταν
1688 4829 1829 4884 αὐτὰ

247 4908 685 4980 καταδεχὼμεθα
714 4913 909 4983 ἡδέως.
954 4915 1020 4968 Ἦ
1058 4916 1170 4987 γὰρ
1201 4918 1499 4987 κενοδοξᾶι,
1527 4921 1621 4975 καὶ
1636 4920 1823 4993 ἡδονὴ,

248 4996 398 5052 αἴτια
428 5001 670 5074 ὑπάρχει
719 5004 905 5076 πάσης
936 5006 1154 5071 κακίας.
1198 5008 1270 5062 Τὸ
1308 5010 1481 5075 πάθος
1529 5011 1688 5066 τοῦτο
1727 5012 1831 5082 τῆς

252 5091 559 5159 κενοδοξίας
585 5094 728 5148 πάνυ
759 5097 1115 5170 πολύμορφόν
1152 5100 1303 5153 ἐστιν
1347 5102 1446 5154 καὶ
1483 5100 1826 5169 λεπτότατον,

252 5179 347 5234 καὶ
374 5182 433 5235 ού
461 5184 693 5254 ταχέως,
716 5188 826 5241 οὐδ’
853 5188 945 5242 ὑπ’
969 5190 1135 5244 αὐτοῦ
1174 5189 1269 5244 τοῦ
1302 5193 1699 5265 πειραζομένου
1733 5212 1835 5249 κα-

250 5272 750 5347 ταλαμῦανὸμενον.
808 5279 936 5335 Ἐπὶ
985 5282 1094 5353 γὰρ
1143 5281 1255 5337 τῶν
1304 5283 1481 5338 ἄλλων
1528 5286 1714 5341 παθῶν
1776 5288 1834 5341 ai

253 5368 557 5437 προσὸολαὶ
604 5373 984 5445 φανερώτεραι
1028 5376 1393 5446 τυγχάνουσιν
1418 5394 1434 5410 ο
1481 5379 1579 5432 καὶ
1626 5378 1835 5452 ἡψυχὴ

1927 4741 2118 4804 parata
2145 4732 2289 4786 bona
2319 4745 2419 4800 per
2437 4728 2800 4787 afﬂictionum
2827 4724 3200 4789 tolerantiam,
3228 4724 3303 4778 ita
3330 4732 3388 4776 et
3421 4736 3522 4790 per

1926 4822 2144 4877 inanem
2190 4821 2419 4892 gloriam
2460 4828 2625 4889 atque
2652 4818 2969 4873 illecebram
3002 4814 3303 4885 voluptatis
3334 4813 3522 4867 conei-
3574 4832 3607 4893 ε,

1924 4915 2131 4970 liantur
2161 4914 2323 4969 mala.
2357 4913 2534 4969 Radix
2561 4911 2798 4982 proinde
2818 4910 3077 4964 obscena:
3099 4923 3162 4962 ac
3188 4905 3368 4975 turpis
3388 4919 3520 4959 conv

1927 5004 2287 5076 cupiscentia:
2318 5012 2406 5059 est
2452 5019 2521 5059 ex
2569 5002 2891 5057 hominibus
2946 4997 3209 5068 aucupari
3264 4996 3517 5061 laudem,

1927 5112 2036 5152 non
2059 5095 2285 5166 quidem
2314 5096 2434 5163 ipso
2467 5094 2654 5149 statim
2714 5092 2952 5148 articulo
3008 5089 3356 5154 tentationis,
3418 5087 3524 5143 sed

1928 5195 2062 5244 tunc
2075 5203 2202 5242 cum
2221 5195 2482 5256 exceptas
2504 5186 2651 5240 illam
2677 5193 2735 5239 et
2758 5200 3022 5255 perquam
3054 5182 3297 5237 suaviter
3316 5179 3520 5235 admit-

1932 5280 2021 5335 tis.
2051 5280 2220 5335 Plane
2257 5279 2482 5334 malitiae
2522 5279 2707 5334 omnis
2744 5262 2946 5332 ar'tifex
2989 5290 3131 5330 vana
3191 5282 3277 5329 est
3321 5272 3525 5343 gloria,

1933 5380 2096 5435 simul
2132 5388 2189 5435 et
2223 5380 2500 5449 voluptas.
2540 5377 2755 5448 1096
2796 5375 3036 5432 Aﬂ‘ectio
3069 5372 3301 5446 proinde
3344 5369 3521 5427 ambi-

321 5528 370 5601 ‘f
396 5529 541 5585 Psal.
574 5545 629 5584 v.
659 5532 713 5586 7.
791 5532 1002 5600 "gPsal.
1039 5547 1187 5596 xxvi,
1226 5532 1313 5588 12.
1392 5533 1436 5566 ³⁸
1462 5506 1607 5588 Psal.
1639 5548 1715 5598 xl,
1740 5532 1795 5589 '5.

1945 5535 2104 5590 Prov.
2139 5552 2268 5601 xxv,
2302 5536 2356 5598 7,
2394 5533 2448 5588 8.
2524 5537 2569 5568 ³ο
2597 5537 2758 5591 Prov.
2790 5553 2884 5595 le.
2917 5535 3010 5592 ιε.
3081 5537 3124 5569 ’⁸
3160 5536 3321 5590 Prov.
3352 5552 3406 5601 ι,
3441 5502 3515 5589 4.,
3570 5586 3587 5597 ,

255 5599 301 5630 θ’
328 5596 484 5654 Prov.
522 5615 669 5665 xxvr,
703 5601 790 5657 28.

256 5670 311 5700 "“
326 5667 488 5723 Prov.
514 5685 625 5732 XIV,
681 5672 734 5725 5.

255 5738 297 5768 ”
323 5738 456 5793 ibid.
494 5740 549 5794 4.
629 5740 694 5772 ³³⁶
722 5740 835 5797 Jac.
873 5757 953 5807 ιιι,
991 5741 1075 5796 Η.
1154 5741 1200 5774 ⁸⁸
1225 5741 1380 5798 Joan.
1416 5757 1528 5806 vin,
1574 5738 1655 5797 l-i.

872 5602 918 5635 ³⁸
952 5603 1111 5656 Prov.
1143 5611 1257 5662 χιιι.
1296 5603 1383 5656 15.
1461 5603 1507 5635 ’⁵
1539 5603 1672 5660 ibid.
1702 5603 1756 5658 9.

1842 5606 1886 5638 ⁸⁸
1920 5605 2082 5659 Prov.
2118 5623 2229 5665 xxr.
2266 5606 2357 5659 28.

813 5673 858 5703 "
894 5671 1028 5725 ibid.
1064 5672 1152 5726 15.
1231 5673 1276 5704 ³⁰
1328 5673 1495 5727 Prov.
1531 5688 1662 5740 xvn,
1724 5672 1778 5727 4.
1859 5675 1899 5705 ³⁸

2435 5604 2483 5635 ’⁸
2512 5606 2677 5660 Prov.
2708 5623 2854 5669 xxiv,
2887 5608 2981 5662 9.8.
3059 5608 3104 5640 ’⁷
3136 5605 3298 5659 Prov.
3334 5622 3407 5671 γι,
3442 5606 3503 5659 9.

1954 5675 2140 5730 Prov.‘
2174 5692 2283 5741 xix,
2319 5675 2412 5730 ‘22.
2494 5678 2538 5709 ³¹
2573 5675 2772 5745 Ephcs.
2809 5693 2883 5742 ιν,
2919 5679 3012 5733 ‘25.
3113 5676 3158 5709 ³³
3190 5676 3309 5732 Act.
3340 5693 3393 5739 ν,
3441 5673 3510 5727 5.
