3944 6442
486 344 624 410 1567

1751 347 2121 412 ANTIOCHI
2164 346 2512 408 MONACHI

3593 341 3701 406 i363

483 460 678 516 tiosior
705 455 894 527 glorize
926 453 1086 511 istius
1111 451 1309 518 inanis,
1333 466 1497 523 quam
1535 459 1622 506 est
1669 449 2056 505 multiformis!
2090 509 2093 519 1

2195 452 2345 522 ᾴδιον
2389 449 2748 520 ἐπιγινώσκει
2783 452 2875 504 τὸν
2914 451 3048 522 πρὸς
3085 451 3218 504 αὕτα
3249 431 3502 520 πόλεμον,
3532 451 3611 502 καὶ
3635 455 3709 507 διὰ

485 563 651 621 quam
679 555 766 603 est
799 545 1005 601 malum
1036 543 1276 600 subtilel
1315 540 1466 597 Adeo
1495 542 1644 596 enim
1678 540 1868 610 nequit
1905 539 2066 609 plane

485 638 812 702 internosci,
867 644 930 692 ut
980 651 1052 692 ne
1100 635 1184 690 vel
1221 634 1289 688 ab
1339 649 1408 689 eo
1436 632 1532 702 qui
1568 639 1836 697 tentatur,
1867 629 2068 699 depre-

489 731 658 786 hendi
717 729 878 786 facile
927 727 1145 799 possint
1187 726 1576 796 impressiones
1627 723 1775 778 illius
1824 722 1905 777 sic
1936 722 2069 776 insi-

489 825 676 880 diosae.
710 824 962 878 Attamen
995 836 1117 892 quae
1140 819 1432 873 adversum
1479 832 1539 871 se
1594 815 1793 875 instrui
1837 815 2066 880 bellum,

492 915 653 971 initio
684 915 804 986 ipso
828 914 983 968 novit
1039 913 1243 976 anima,
1301 907 1573 980 ejusmodi
1624 909 1883 968 incursus
1927 921 1957 960 a
2009 921 2068 961 se

491 1009 654 1064 facile
687 1007 994 1063 remollitur
1031 1020 1096 1059 ac
1123 1002 1370 1073 depellit,
1403 1001 1447 1056 si
1495 999 1720 1069 quidem
1751 999 1819 1053 ad
1855 999 2068 1070 asylum

490 1097 784 1168 suffugerit
852 1094 1136 1150 orationis.
1208 1092 1277 1147 Et
1351 1091 1575 1162 quidem
1618 1091 1810 1145 isthmc
1865 1090 2072 1144 malitia

492 1204 620 1242 cum
649 1195 731 1242 tot
767 1187 959 1241 induat
994 1184 1219 1247 formas,
1269 1181 1378 1235 dici
1422 1182 1512 1235 vix
1558 1179 1732 1249 possit
1783 1194 1947 1248 quam
1988 1187 2073 1233 est

491 1279 733 1334 difﬁcilis
777 1286 1110 1348 expugnato.
1149 1275 1212 1329 In
1251 1273 1400 1329 omni
1438 1288 1610 1343 prope
1632 1270 1852 1341 negotio
1881 1271 2074 1339 irrepit

494 1372 655 1437 clam,
691 1371 746 1426 in
772 1370 987 1432 habitu,
1021 1368 1078 1424 in
1124 1365 1396 1438 elegantia
1440 1364 1649 1430 formae,
1699 1365 1759 1419 in
1811 1363 1930 1432 ipso
1985 1362 2072 1416 in—

494 1478 675 1526 cessu,
713 1463 769 1516 in
799 1477 935 1516 voce
966 1475 1031 1515 ac
1060 1473 1336 1525 sermone,
1382 1457 1438 1511 in
1481 1454 1722 1519 silentio,
1777 1454 1835 1508 in
1883 1467 2072 1523 opere,

496 1553 554 1608 in
597 1551 820 1622 vigiliis,
856 1551 913 1605 in
964 1549 1210 1622 jejuniis,
1254 1550 1310 1603 in
1336 1547 1608 1611 oratione,
1641 1545 1698 1598 in
1725 1544 1984 1607 lectione,
2018 1543 2076 1598 in

495 1644 705 1713 quiete,
741 1644 798 1698 in
827 1641 1125 1712 longanimi
1163 1639 1479 1695 tolerantia.
1501 1639 1606 1693 Per
1625 1638 1743 1692 haec
1764 1636 1950 1690 omnia
1975 1635 2079 1690 bo—

495 1734 703 1788 minem
737 1731 829 1787 Dei
890 1743 1222 1802 magnopere
1275 1727 1461 1783 studet
1510 1725 1684 1795 gloria
1738 1722 1920 1776 inanis
1960 1721 2078 1776 suis

496 1821 769 1879 conﬁcere
806 1821 949 1876 telis.
985 1796 1043 1874 ἐὶ
1081 1796 1304 1888 quando
1332 1811 1672 1886 perspexerit
1695 1825 1804 1864 non
1831 1805 2077 1878 potuisse
2109 1796 2151 1852 Β

497 1938 558 1979 se
583 1937 682 1993 per
711 1921 1168 1978 vestimentorum
1194 1918 1383 1972 luxum
1409 1913 1773 1984 profusiorem
1801 1909 2080 1966 hominem

496 2014 768 2084 prolicere
798 2012 864 2068 ad
892 2012 976 2067 sui
999 2024 1352 2070 consensum,
1380 2007 1536 2061 illum
1563 2003 1835 2068 adoritur,
1873 2008 1933 2054 ut
1957 2008 2080 2054 ten-

499 2111 578 2159 tet
590 2119 690 2173 per
707 2102 879 2158 vestis
902 2100 1209 2156 sorditiem.
1228 2097 1399 2167 Cujus
1413 2095 1658 2151 animum
1675 2090 1991 2162 nequiverit
2011 2087 2081 2143 ad

498 2206 828 2247 consensum
859 2189 1118 2246 elationis
1159 2187 1451 2243 deﬂectere
1482 2184 1795 2254 objectione
1830 2179 2080 2244 honoris,

501 2282 650 2337 hunc
671 2297 737 2336 eo
761 2282 922 2348 tollit,
957 2289 1016 2336 ut
1047 2280 1130 2335 vel
1152 2280 1262 2349 jam
1281 2277 1592 2331 consentiat
1612 2273 1960 2344 arrogantiae,
1983 2287 2084 2340 per

499 2371 608 2426 hoc
629 2371 776 2442 quod
796 2386 956 2440 aequo
970 2371 1277 2425 fertanimo
1291 2383 1349 2423 se
1369 2365 1668 2438 ignominia
1685 2364 1922 2434 aspergi.
1942 2363 2086 2417 Rur-

410 2475 414 2478 '
499 2478 616 2527 sus,
653 2463 700 2518 si
729 2461 952 2532 quando
980 2460 1317 2532 persuadere
1350 2458 1685 2528 nequiverit,
1715 2465 1778 2511 ut
1807 2455 1935 2524 quis
1964 2469 2083 2507 ma-

499 2550 696 2622 gniﬁce
727 2551 996 2622 glorietur
1028 2551 1174 2620 quod
1197 2550 1271 2605 sit
1293 2549 1580 2617 eloquens,
1614 2545 1870 2600 eumdem
1892 2558 2085 2614 aggre-

500 2645 653 2700 ditur
675 2643 835 2714 quasi
864 2643 959 2714 qui
991 2644 1277 2713 requietus
1302 2641 1374 2696 sit
1394 2649 1452 2696 et
1479 2641 1811 2701 taciturnus,
1857 2651 1922 2692 ac
1955 2651 2086 2706 pro-

500 2735 795 2806 pcmodum
863 2735 1074 2790 inescat
1123 2744 1182 2790 et
1245 2732 1465 2804 prolicit
1507 2729 1574 2785 ad
1609 2743 1939 2784 consensum
1988 2741 2090 2797 per

504 2825 961 2881 taciturnitatem.
1013 2826 1188 2890 Quem
1215 2840 1324 2879 non
1359 2823 1604 2894 potuerit
1628 2821 1696 2876 ad
1729 2819 2088 2876 ambitionem

503 2917 691 2991 gloriae
712 2918 961 2973 emollire
992 2933 1093 2987 per
1125 2916 1436 2971 eduliorum
1464 2922 1715 2983 sumptus
1748 2910 2086 2982 magniﬁcos,

505 3010 659 3065 hunc
678 3006 1101 3064 dissolvitlaudi
1133 3007 1368 3076 propriae
1397 3013 1460 3059 ut
1499 3001 1812 3060 conSentiat
1861 3018 1959 3073 per
2005 3002 2090 3073 je-

2169 541 2478 610 προσευχῆς
2506 539 2696 594 τοῦτον
2721 541 3042 612 ἀνατρέπει.
3089 541 3156 593 Ἦ
3190 539 3247 592 δὲ
3284 539 3390 608 τῆς
3444 540 3704 605 κενοδοξίας

2169 632 2361 697 κακία,
2405 631 2481 694 ὡς
2522 627 2656 686 οὖσα
2685 632 3058 702 πολύμορφος,
3087 628 3585 697 δυσκαταγώνιστος
3607 649 3708 699 τυγ-

2169 725 2344 793 χάνει.
2389 723 2478 777 Ἐν
2505 724 2668 776 παντὶ
2697 723 2806 793 7&9
2859 721 3259 792 ἐπιτηδεύματι
3317 721 3710 790 παρυφίσταται,

2171 813 2227 866 ἐν
2283 831 2341 867 τε
2397 814 2638 882 σχήματι
2699 813 2798 868 καὶ
2853 815 2909 866 ὲν
2962 814 3146 884 μορφῇ
3193 811 3285 864 καὶ
3321 814 3381 864 ὲν
3439 810 3711 880 βαδίσματι,

2172 904 2269 958 κοιλ⁵
2298 907 2355 957 ἐν
2386 907 2559 975 φωνῇ,
2590 906 2684 958 καὶ
2731 907 2788 958 ὲν
2817 905 2981 975 λόγῳ,
3031 904 3128 957 καὶ
3183 903 3242 955 ὲν
3293 906 3499 972 σιωπῇ.
3549 903 3634 954 καὶ
3673 907 3717 955 ὲν

2173 993 2339 1064 ἔργῳ,
2369 995 2462 1047 καὶ
2493 997 2550 1046 ἐν
2577 995 2931 1064 ἀγρυπνίαις,
2965 994 3061 1046 καὶ
3090 994 3148 1046 ὲν
3195 993 3496 1064 νηστείαις,
3545 995 3630 1046 καὶ
3675 997 3718 1046 ἐν

2173 1086 2328 1156 εὐχῇ,
2369 1087 2464 1139 καὶ
2506 1088 2562 1138 ὲν
2598 1085 2928 1153 ἀναγνώσει,
2961 1086 3056 1138 καὶ
3083 1087 3141 1137 ὲν
3177 1085 3404 1155 ἠσυχίᾳ,
3441 1084 3536 1136 καὶ
3567 1086 3619 1136 ἐν
3643 1101 3720 1154 μα.

2173 1176 2445 1246 κροθυμίᾳ
2479 1193 2493 1208 ·
2523 1177 2614 1231 διὰ
2657 1175 2864 1230 τούτων
2920 1175 3141 1230 πάντων
3197 1176 3476 1244 ἐπιχειρεῖ
3526 1174 3609 1226 τὸν
3647 1175 3720 1229 τοῦ

2173 1264 2310 1318 Θεοῦ
2367 1265 2656 1336 ἄνθρωπον
2698 1265 3109 1330 κατατοξεύειν.
3167 1265 3338 1318 Ὅταν
3384 1263 3496 1333 7&9
3556 1265 3624 1334 μή
3662 1267 3728 1317 δυ-

2174 1355 2312 1427 νηθῇ
2333 1354 2422 1409 διὰ
2450 1357 2756 1411 πολυτελῶν
2786 1356 3102 1428 ἐνδυμάτων
3126 1355 3263 1426 πρὸς
3285 1355 3598 1420 κενοδοξίαν
3618 1357 3724 1410 ἀπο-

2178 1448 2398 1517 στῆσαι,
2429 1449 2497 1501 δι¹
2535 1449 2769 1502 εὐτελῶν
2791 1450 3064 1520 ἐπιχειρεῖ
3095 1449 3405 1520 πειράζειν.
3433 1449 3544 1501 Καὶ
3573 1449 3626 1501 ὃν
3650 1451 3727 1502 οὐκ

2175 1540 2415 1611 ἠδυνήθη
2456 1543 2547 1596 διὰ
2599 1543 2766 1613 τιμῆς
2809 1543 3037 1614 ἐπᾶραι,
3089 1541 3276 1595 τοῦτον
3329 1541 3421 1594 διὰ
3474 1540 3534 1594 τὸ
3578 1540 3727 1609 φέρειν

2176 1632 2339 1703 δῆθεν
2368 1633 2616 1702 ἀτιμίαν,
2648 1635 2729 1698 εἰς
2762 1635 3021 1688 ἀπόνοιαν
3061 1633 3230 1703 αἴρει.
3260 1632 3379 1686 Kal.
3408 1631 3469 1684 δν
3499 1631 3596 1685 οὐκ
3637 1633 3731 1701 ἠδυ-

2181 1724 2320 1795 νήθη
2353 1727 2542 1778 πεῖσαι
2574 1724 2640 1778 δι’
2681 1726 2990 1797 ἐπιστήμην
3018 1725 3194 1794 λόγων
3221 1722 3547 1790 κενοδοξεῖν,
3577 1723 3728 1778 τοῦτον

2179 1815 2268 1869 διὰ
2317 1815 2532 1886 σιωπῆς
2578 1815 2654 1880 ὡς
2699 1817 2902 1887 ἥσυχον
2933 1817 3094 1887 δῆθεν
3119 1815 3369 1880 δελεάζει
3404 1834 3421 1848 ο
3457 1815 3558 1869 καὶ
3577 1816 3630 1868 ὃν
3655 1815 3732 1870 οὐκ

2179 1907 2426 1978 ⁴ἠδυνήθη
2459 1907 2549 1962 διά
2577 1907 2928 1971 πολυτελείας
2965 1908 3272 1980 βρωμάτων
3300 1907 3607 1978 χαυνῶσαι,
3632 1907 3729 1960 τοῦ·
3789 1897 3792 1900 λ

2179 2014 2271 2050 τον
2288 1997 2376 2050 διὰ
2416 1998 2672 2068 νηστείας
2695 1997 2832 2068 πρὸς
2867 1997 3088 2052 ἔπαινον
3143 1997 3353 2054 ἐκλύει.
3409 1997 3523 2051 Καὶ
3580 1998 3730 2061 ἁπλῶς

2183 2091 2292 2144 πᾶν
2332 2091 2673 2162 ἐπιτήδευμα
2715 2092 2990 2161 πρόφασιν
3015 2091 3248 2163 παρέχει
3278 2089 3528 2160 πολέμου
3562 2089 3633 2160 τῷ
3660 2107 3732 2144 πο-

2183 2181 2334 2254 νηρῷ
2364 2183 2538 2253 τούτῳ
2569 2182 2806 2252 δαίμονι.
2842 2183 3045 2238 Λοιπὸν
3075 2183 3398 2252 εὑρίσκεται
3431 2183 3459 2235 ὁ
3493 2181 3732 2245 κενόδοῂ

2187 2271 2415 2342 μοναχὸς
2441 2271 2514 2335 ὡς
2539 2273 2779 2345 ἐργάτης
2808 2272 3060 2342 ἄμισθος.
3089 2273 3194 2326 Τὸν
3213 2275 3327 2344 7&9
3352 2273 3520 2326 πόνον
3540 2271 3731 2342 ὑπέστη,

2185 2363 2280 2419 καὶ
2305 2364 2401 2418 τὸν
2432 2365 2624 2434 μισθὸν
2652 2366 2752 2418 οὐκ
2781 2365 2995 2420 ἔλαϐεν.
3037 2365 3102 2418 Ἦ
3131 2366 3242 2437 7&9
3273 2365 3556 2431 κενοδοξία
3603 2365 3735 2420 ἀπόλ-

2185 2455 2339 2509 λυσιν
2398 2455 2626 2526 μισθοὺς
2679 2457 2910 2527 ἀρετῶν.
2963 2456 3076 2510 Καὶ
3106 2456 3303 2528 ὥσπερ
3355 2456 3511 2510 λίθου
3549 2455 3662 2528 βολὴ
3689 2457 3733 2509 οὐ

2189 2547 2368 2620 φθάνῃ
2393 2550 2474 2612 εἰς
2503 2547 2754 2618 οὐρανὸν,
2789 2548 2965 2614 οὕτως
3012 2548 3136 2603 οὐδὲ
3174 2549 3464 2620 προσευχὴ
3512 2551 3732 2618 ἀνθρωπ-

2188 2641 2427 2714 αρέσκου
2447 2641 2784 2712 ἀναϐήσεται
2810 2642 2948 2713 πρὸς
2967 2641 3060 2695 τὸν
3083 2641 3237 2695 Θεόν.
3263 2643 3327 2695 '0
3344 2641 3609 2712 φρόνιμος
3625 2639 3733 2710 ἀνὴρ

2189 2732 2421 2805 κρύπτει
2445 2733 2737 2804 θησαυρὸν,
2769 2734 2866 2787 καὶ
2901 2733 3105 2803 ἀρετῆς
3133 2733 3296 2786 πόνον
3329 2750 3345 2765 °
3401 2731 3614 2794 συνετὸς
3661 2747 3732 2799 μο-

2184 2825 2353 2896 ,ναχὸς
2382 2824 2478 2900 τήν
2509 2825 2776 2895 μέλισσαν
2807 2827 3081 2895 μιμεῖται,
3131 2825 3336 2891 ἔξωθεν
3391 2824 3570 2895 φέρων
3606 2822 3729 2892 ἄνθη,

2191 2918 2284 2971 καὶ
2331 2916 2534 2970 ἔσωθεν
2579 2915 2770 2986 κηρίον
2805 2916 3196 2987 ἐργαζόμενος.
3226 2916 3323 2986 Μὴ
3357 2915 3612 2987 πωλήσῃς
3635 2916 3731 2976 τοὺς

2194 3011 2392 3074 πόνους
2455 3027 2548 3062 σου
2604 3007 2732 3080 δόξῃ
2775 3007 3108 3080 ἀνθρωπίνῃ,
3156 2997 3311 3078 ’μηδὲ
3340 3008 3443 3078 τὴν
3479 3006 3732 3077 μέλλουσαν

503 3101 723 3172 iunium
757 3110 814 3154 et
846 3100 978 3155 vitae
1009 3099 1401 3169 frugalitatem.
1422 3097 1604 3166 thue
1630 3094 1958 3165 compendio
1996 3093 2092 3148 ab-

2195 3101 2353 3166 δὸξαν
2377 3098 2680 3170 προδῷςκδΰ
2707 3098 2897 3168 εὐτελῆ
2929 3098 3228 3169 εὐφημίαν.
3252 3098 3400 3164 Δόξα
3430 3099 3537 3168 7&9
3559 3097 3720 3164 &v09»

508 3194 742 3257 solvam,
773 3193 990 3246 nullum
1029 3207 1138 3245 non
1167 3205 1343 3260 genus
1389 3185 1807 3243 exercitationis
1855 3184 2091 3240 daamoni

2197 3192 2329 3262 πίνη
2365 3191 2445 3254 είς
2475 3190 2606 3259 χοῦν
2628 3191 2987 3259 κατασκηνοτ,
3020 3189 3114 3243 καὶ
3142 3189 3206 3244 τὸ
3237 3188 3401 3253 κλέος
3426 3189 3592 3257 αὐτῆς
3613 3187 3732 3240 σϐέν-

509 3281 643 3337 huic
673 3281 910 3351 reprobo
953 3280 1300 3335 occasionem
1357 3275 1601 3346 suggerit
1654 3273 1948 3330 conciendi
1994 3273 2095 3328 ad-

509 3388 731 3428 versum
756 3388 858 3428 nos
898 3372 1050 3427 belli.
1092 3371 1341 3440 Denique
1392 3367 1698 3422 monachus
1756 3364 2097 3434 comperitur

513 3465 744 3520 honoris
781 3480 905 3521 esse
961 3463 1371 3527 ambitiosulus,
1419 3467 1483 3515 ut
1541 3459 1632 3530 qui
1685 3456 1972 3513 beneﬁcus
2025 3456 2098 3511 sit

513 3557 654 3611 citra
689 3555 1015 3626 condignam
1055 3553 1365 3610 mercedem
1399 3569 1412 3605 :
1448 3552 1693 3606 laborem
1729 3549 1879 3605 enim
1933 3548 2100 3603 susti-

516 3644 660 3711 nuit,
713 3659 819 3699 nec
877 3644 1075 3714 recipit
1120 3643 1205 3698 sui
1271 3640 1582 3696 mercedem
1621 3639 1851 3694 laboris.
1903 3637 2099 3692 lsthaec

517 3736 706 3808 gloriae
761 3743 1043 3791 momento
1098 3733 1479 3790 evanescentis
1530 3731 1842 3802 cupiditas,
1897 3727 2099 3783 misere

518 3825 704 3896 perdit
733 3825 1019 3880 mercedes
1041 3823 1259 3878 debitas
1289 3821 1504 3877 virtuti.
1536 3820 1604 3876 Et
1629 3817 2097 3890 quemadmodum

521 3917 664 3986 lapis
703 3917 760 3972 in
811 3932 937 3972 aera
997 3924 1306 3978 contortus,
1355 3912 1424 3968 ad
1465 3913 1591 3968 caeli
1631 3926 1806 3981 usque
1857 3925 2102 3965 convexa

480 4038 482 4040 τ
523 4023 804 4078 nunquam
851 4007 1136 4077 pertingit,
1185 4006 1260 4060 ita
1300 4020 1405 4061 nec
1431 4003 1674 4059 hominis
1703 4003 1881 4058 oratio
1909 4003 2106 4057 huma-

522 4113 626 4154 nos
648 4098 862 4154 favores
884 4098 1157 4168 captantis
1203 4097 1271 4152 ad
1319 4112 1483 4152 aures
1523 4096 1622 4151 Dei
1679 4110 1924 4165 unquam
1973 4109 2108 4148 con-

525 4190 770 4246 scendet.
797 4191 910 4257 Vir,
953 4189 1202 4260 prudens
1234 4189 1280 4244 si
1327 4197 1431 4252 est,
1494 4188 1836 4248 thesaurum.
1879 4203 2106 4258 suasque

527 4281 750 4335 virtutis
797 4281 1046 4336 laborem
1101 4281 1306 4336 occulit
1354 4295 1419 4334 ac
1473 4279 1746 4335 recondit.
1811 4279 2110 4335 Monachus

527 4370 842 4442 intelligens
893 4371 1231 4442 ingeniosam
1277 4378 1333 4424 et
1356 4371 1614 4426 solertem
1644 4371 1891 4424 imitatur
1919 4371 2108 4440 apicu-

2196 3300 2372 3337 νυται.
2419 3280 2566 3350 Ἡδὲ
2600 3281 2695 3352 τῆς
2721 3281 2924 3352 ἀρετῆς
2956 3280 3086 3345 δόξα
3133 3280 3286 3350 μένει
3336 3283 3420 3345 είς
3461 3281 3550 3334 τὸν
3576 3278 3730 3334 αίῶνα.

2208 3371 2401 3442 Ἡμεῖς
2431 3366 2546 3437 οὖν,
2599 3372 2897 3441 ἀγαπητοὶ,
2953 3371 3029 3443 μὴ
3076 3371 3260 3443 δῶμεν
3313 3371 3502 3444 χώραν
3543 3370 3664 3424 ὥστε
3689 3367 3734 3420 τὸ

2198 3463 2366 3525 πάθος
2392 3461 2548 3517 τοῦτο
2579 3463 2869 3533 κυριεῦσαι
2913 3463 3080 3534 ,ἡμῶν
3113 3481 3129 3494 ο
3183 3464 3515 3535 φοϐούμενοι
3551 3461 3632 3516 τὸν
3669 3458 3734 3513 λέ-

2183 3543 2385 3624 ’γονταο
2419 3574 2437 3607 ι
2484 3555 2545 3608 '0
2567 3554 2698 3616 Θεὸς
2725 3555 3054 3626 ὲσκόρπισεν
3078 3556 3216 3609 ὀστᾶ
3237 3555 3337 3608 ἀνθ
3346 3554 3728 3626 ρωπαρέσκων.»

2209 3645 2499 3713 Ἑπόμενοι
2540 3645 2598 3699 δὲ
2641 3647 2844 3716 μᾶλλον
2877 3647 2956 3718 τῷ
2978 3648 3329 3719 ἀποστολικῷ
3361 3647 3510 3719 ῥητῷ
3536 3646 3734 3713 εἴπωμεν

2200 3738 2512 3809 εἰλικρινῶς
2546 3756 2559 3768 ·
2608 3758 2627 3790 ι
2669 3739 2830 3810 Ἀρτι
2855 3738 2962 3809 γὰρ
2991 3738 3317 3811 ἀνθρώπους
3359 3741 3547 3802 πείθω,
3596 3737 3625 3806 ἢ
3667 3736 3734 3787 τὸν

2201 3829 2372 3896 Θεὸν,
2435 3827 2468 3898 ἦ
2525 3828 2674 3899 ζητῶ
2721 3829 3033 3899 ἀνθρώποις
3086 3831 3390 3900 ἀρέσκειν;
3441 3829 3500 3882 El
3551 3826 3643 3895 7&9
3673 3824 3730 3876 ἔτι

2203 3902 2516 3990 ἀνθρῶποις
2545 3921 2804 3991 ἤρεσκον,
2835 3918 3076 3989 Χριστοῦ
3107 3919 3292 3984 δοῦλος
3317 3922 3424 3976 οὐκ
3453 3920 3684 3989 ἃνήμην.
3714 3931 3728 3964 ι

2205 4013 2316 4067 Καὶ
2348 4009 2507 4076 αὖθις
2533 4029 2549 4044 ο
2586 4032 2603 4064 ι
2640 4011 2827 4074 Οὕτως
2858 4011 3154 4082 λαλοῦμεν,
3183 4013 3283 4082 οὐχ
3336 4013 3415 4077 ὠς
3462 4011 3729 4083 ἀρέσκοντες

2205 4102 2533 4174 ἀνθρώποις,
2561 4102 2696 4156 ἀλλὰ
2717 4102 2796 4173 τῷ
2817 4101 2937 4173 Θεῷ
2955 4102 3033 4172 τῷ
3059 4101 3411 4174 δοκιμάζοντι
3439 4102 3532 4165 τὰς
3553 4097 3728 4170 καρδίας

2207 4194 2388 4266 ήμῶν.
2424 4193 2562 4247 Οῦτε
2582 4193 2692 4264 γὰρ
2722 4193 2933 4263 (φησιν)
2961 4194 3018 4246 ὲν
3044 4193 3187 4264 λόγῳ
3215 4194 3503 4256 κολακείας
3524 4185 3728 4259 ἐγενήθη·

2213 4301 2312 4356 μεν
2334 4284 2476 4356 πρὸς
2495 4285 2665 4355 ὑμᾶς,
2691 4283 2874 4348 καθὼς
2899 4285 3099 4347 οἴδατε,
3131 4283 3260 4338 οὔτε
3287 4284 3553 4356 προφάσει
3586 4280 3725 4333 πλεον-

2211 4380 2361 4445 εξίας
2387 4379 2540 4450 (Θεὸς
2573 4375 2828 4448 μάρτυς),
2881 4373 3004 4429 οὔτε
3056 4375 3350 4444 ζητοῦντες
3382 4374 3441 4440 ἐξ
3487 4369 3726 4440 ἀνθρώπων

529 4461 659 4516 lam.
711 4461 861 4528 Quos
910 4471 1140 4516 externe
1191 4462 1450 4532 selegerit
1497 4461 1780 4529 ﬂosculos,
1827 4461 2007 4517 defert
2056 4463 2093 4516 ir

2213 4470 2392 4536 δόξαν.
2413 4488 2434 4522 ι
2455 4498 2525 4511 --
2549 4487 2566 4516 ι
2595 4469 2669 4522 Οὐ
2701 4467 2811 4538 γὰρ
2835 4469 2864 4520 ό
2892 4466 3084 4520 ἑαυτὸν
3105 4467 3459 4530 συνιστάνων,
3481 4464 3656 4519 ἐκεῖνος
3669 4454 3726 4508 δέ’

530 4551 856 4615 alvearium.
899 4554 1112 4609 interne
1146 4555 1483 4609 mellilicium
1508 4553 1805 4624 favumque
1828 4554 2118 4626 operosius

531 4643 773 4699 conficit.
793 4645 870 4699 Ne
893 4643 1110 4700 labores
1130 4646 1341 4716 1097
1360 4654 1483 4700 tuos
1497 4646 1750 4700 humanae
1766 4645 1853 4700 isti
1872 4646 2117 4716 gloriola:

531 4752 773 4806 exponas
813 4737 1001 4799 venui,
1027 4753 1165 4793 neve
1191 4738 1432 4792 futuram
1471 4737 1702 4809 gloriam
1754 4737 1958 4807 prodas
2002 4747 2112 4792 tam

532 4829 628 4883 vili
651 4829 986 4894 mercedula,
1009 4845 1207 4899 nempe
1233 4829 1305 4884 ob
1339 4830 1782 4899 qualemcunque
1827 4829 2113 4883 hominum

534 4919 798 4976 favorem.
826 4921 1077 4977 Humana
1115 4921 1290 4993 gloria
1328 4921 1588 4975 deorsum
1611 4921 1667 4975 in
1693 4921 1917 4991 pulvere
1960 4935 2120 4976 suum

536 5012 648 5083 ﬁgit
678 5013 1096 5068 tabernaculum
1127 5029 1141 5069 :
1181 5029 1354 5084 quare
1390 5014 1510 5084 ejus
1541 5014 1664 5068 laus
1701 5021 1980 5068 momento
2029 5028 2125 5068 ex-

537 5103 834 5175 stinguitur
854 5121 918 5161 ac
940 5104 1196 5176 deperit;
1244 5121 1367 5176 qua:
1422 5115 1607 5162 autem
1657 5106 1849 5160 virtuti
1893 5105 2126 5160 debetur

538 5189 731 5258 gloria,
770 5192 925 5245 nullo
970 5191 1353 5262 intercipietur
1381 5209 1520 5248 aevo.
1558 5195 1667 5249 Nos
1695 5193 1885 5264 igitur,
1911 5193 2127 5249 charis-

541 5279 689 5342 simi,
720 5280 850 5335 huic
875 5282 1073 5338 animae
1102 5285 1509 5353 perturbationi
1533 5286 1714 5340 locum
1746 5302 1817 5340 ne
1839 5286 2120 5352 cedamus,

544 5385 612 5424 ne
643 5371 862 5440 quando
919 5376 1095 5429 nostri
1150 5375 1487 5432 dominetur.
1543 5378 1682 5434 Cum
1737 5379 1934 5432 timore
1993 5393 2120 5431 eum

545 5459 904 5517 exaudiamus
943 5464 1036 5532 qui
1083 5464 1219 5520 dicit
1249 5487 1261 5520 :
1324 5486 1341 5517 ι
1380 5468 1524 5523 Deus
1555 5469 1842 5539 dissipavit
1873 5484 1996 5522 ossa
2029 5484 2124 5522 eo-

549 5563 671 5602 rum
701 5551 797 5619 qui
821 5551 1140 5625 hominibus
1165 5559 1383 5628 placent
1404 5561 1466 5614 ⁸³.
1503 5581 1518 5614 ι
1547 5563 1915 5632 Apostolicam
1939 5561 2122 5632 potius

578 5750 588 5760 -
625 5727 673 5758 "
717 5729 853 5785 Psal.
900 5749 992 5798 LII,
1027 5735 1078 5787 6.

2215 4577 2401 4632 κιμος,
2427 4559 2540 4614 ἀλλ’
2560 4559 2619 4612 ὃν
2639 4561 2667 4612 ὁ
2691 4558 2896 4631 Κύριος
2925 4557 3261 4628 συνίστησιν*
3294 4576 3312 4607 ι
3347 4555 3521 4618 καθώς
3552 4545 3722 4620 φησινῆ

2221 4653 2472 4725 μακαρία
2503 4653 2673 4705 ’Ἄννα
2702 4651 2735 4721 ή
2762 4650 2856 4704 τοῦ
2881 4649 3139 4720 Σαμουὴλ
3174 4665 3188 4682 ο
3232 4668 3252 4702 ι
3284 4649 3376 4720 Μὴ
3420 4641 3673 4717 καυχάσθω
3705 4638 3722 4686 ὁ

2219 4744 2481 4815 φρόνιμος
2531 4743 2588 4795 ὲν
2638 4745 2705 4812 τῇ
2757 4742 3021 4813 φρονήσει
3063 4738 3253 4805 αὐτοῦ,
3281 4747 3378 4794 και
3417 4741 3444 4793 δ
3475 4733 3667 4794 δυνατὸς
3687 4729 3722 4778 ιν

2219 4837 2287 4905 τῇ
2310 4833 2539 4904 δυνάμει
2583 4833 2769 4894 αὐτοῦ,
2803 4833 2896 4888 καὶ
2948 4835 2978 4886 ὁ
3032 4831 3286 4895 πλούσιος
3336 4833 3392 4884 ὲν
3445 4828 3516 4898 τῷ
3561 4822 3719 4886 πλούτῳ

2221 4923 2386 4978 αὐτοῦ
2421 4941 2435 4956 ο
2465 4923 2577 4978 ἀλλ’
2605 4926 2663 4978 ἐν
2703 4921 2782 4993 τῷ
2814 4921 3076 4984 συνιέναι,
3120 4922 3214 4975 καὶ
3261 4922 3432 4975 ποιεῖν
3478 4918 3628 4988 κρῖμα
3658 4905 3719 4959 καὶ

2219 5017 2592 5087 δικαιοσύνην.
2633 5035 2652 5070 ι
2707 5016 2764 5069 '0
2792 5016 2851 5068 δὲ
2895 5013 3151 5085 βασιλεὺς
3197 5012 3458 5077 Ἐζεκίας,
3497 5009 3582 5076 τὴν
3609 4999 3717 5087 δόξᾳν

2221 5109 2330 5163 τῶν
2359 5085 2662 5179 ἀνθρώπων
2697 5104 3036 5177 θηρώμενος,
3069 5105 3163 5158 καὶ
3205 5099 3518 5176 περιχαρείᾳ
3551 5085 3720 5179 κρατοέυ

2227 5217 2406 5273 μενος,
2443 5176 2613 5263 ἔδειξε
2643 5200 2758 5262 τοῖς
2776 5176 3087 5260 Χαλδαίοις
3117 5195 3244 5258 τοὺς
3274 5191 3557 5266 θησαυροὺς
3581 5176 3712 5273 αὑτοῦ.

2229 5269 2338 5346 Καὶ
2392 5290 2680 5346 ἀπέστειλε
2735 5289 2941 5359 Κύριος
2986 5288 3079 5342 τὸν
3136 5287 3366 5341 Ἡσαΐαν
3395 5326 3408 5351 ,
3451 5281 3567 5349 πρὸς
3604 5269 3716 5327 αὖτδν

2229 5382 2402 5450 λέγων
2434 5399 2445 5411 ·
2487 5399 2506 5432 ι
2549 5379 2680 5434 Ἰδοὺ
2721 5379 2930 5451 ἡμέραι
2963 5379 3238 5450 ἔρχονται,
3286 5378 3381 5432 καὶ
3427 5370 3713 5451 ληφθήσοντιι

2230 5448 2408 5527 πάντα
2454 5471 2490 5526 δι
2532 5469 2662 5538 ἴδον,
2828 5448 3147 5524 Βαϐυλῶνα.
3191 5489 3210 5522 ι
3271 5469 3358 5532 Ὠς
3412 5464 3493 5519 καὶ
3519 5454 3587 5526 ἐφ’
3623 5448 3714 5518 ἡμῖν

2230 5560 2324 5617 νῦν
2351 5561 2593 5630 γέγονεν.
2639 5557 3056 5630 Ἐπαχὺνθημεν
3080 5556 3188 5629 γὰρ
3222 5557 3318 5612 καὶ
3339 5544 3709 5612 ἀπελακτίςαμιγ.
