3944 6456
271 400 412 470 1569

1300 408 1631 469 HOMILIA
1669 409 1874 473 XLIV.
1901 435 1970 445 ·-
2001 412 2098 472 DE
2139 414 2539 476 SUPERBIA.

3405 422 3542 493 1570

267 521 364 575 καὶ
387 519 710 592 παρέδωκεν
745 519 954 592 Κὺριος
1000 520 1101 592 τὴν
1145 521 1298 592 ἰσχὺν
1339 524 1519 595 ἡμῶν,
1549 524 1640 578 τὸν
1675 525 1846 594 τίμιοι

1958 526 2198 581 aemulati
2260 517 2590 583 sententiam
2643 529 2859 586 sincero
2910 539 3133 602 pectore
3184 549 3540 604 promamus:

267 609 526 679 σταυρὸν,
563 611 676 672 τοῖς
708 609 1022 674 Χαλδαίοις,
1070 610 1166 664 καὶ
1195 611 1265 664 τὰ
1295 611 1425 680 ἅγια
1455 613 1612 684 ήμῶν
1637 613 1858 684 ἐρήμω-

267 716 390 752 σαν.
428 699 627 763 Καλῶς
656 695 753 753 οὖν
776 701 803 752 6
847 701 1264 772 Παροιμιαστὴς
1291 702 1478 770 λέγει·
1519 721 1538 755 ι
1571 705 1857 774 Κρείσσων

264 791 406 862 ἀνὴρ
461 793 518 844 ὲν
578 793 772 862 ἀτιμίᾳ
822 792 1003 864 ἐαυτῷ
1045 792 1331 858 δουλεύων,
1368 794 1454 864 ῆὸ
1483 795 1651 866 τιμὴν
1681 795 1856 864 ἑαυτῷ

266 881 534 952 περιθεὶς,
563 884 657 936 καὶ
687 883 1004 953 ἐνδεόμενος
1033 883 1224 953 ἄρτου.
1249 903 1268 936 ›
1305 884 1416 937 Καὶ
1443 885 1608 938 πάλιν
1631 902 1644 915 ·
1678 903 1697 937 ι
1733 886 1857 954 Ἐγ-

265 975 600 1043 κωμιαζέτω
631 993 688 1028 σε
713 978 740 1028 6
784 976 974 1039 πέλας,
996 977 1092 1028 καὶ
1134 976 1210 1047 μὴ
1243 977 1304 1028 τὸ
1340 975 1430 1028 σὺν
1459 977 1658 1045 στόμα’
1694 977 1854 1031 ἁλλό-

262 1080 436 1134 τριος,
469 1067 563 1118 καὶ
587 1065 662 1136 μὴ
684 1066 752 1119 τὰ
786 1066 857 1118 σὰ
884 1067 1062 1136 χείλη.
1102 1086 1123 1120 ι
1163 1067 1221 1120 '0
1249 1067 1305 1120 δὲ
1330 1067 1641 1139 Ψαλμῳδός
1672 1086 1688 1102 ο
1724 1085 1743 1119 ‹
1792 1066 1850 1120 ’0

262 1153 397 1218 Θεὸς
417 1155 803 1226 διεσκόρπισεν
837 1157 972 1211 ὀστᾶ
992 1157 1089 1211 ἀνθ
1100 1158 1478 1230 ρωπαρέσκων
1495 1175 1510 1190 ο
1537 1157 1853 1228 κατῃσχύν-

263 1246 436 1317 θησαν
469 1249 552 1300 ὅτι
585 1251 613 1302 6
636 1249 770 1312 Θεὸς
801 1249 1166 1313 ὲξουδένωσεν
1196 1251 1413 1314 αὐτούς.
1453 1270 1471 1302 ι
1501 1251 1612 1306 Καὶ
1632 1254 1660 1304 6
1694 1250 1852 1304 Ἀπό-

263 1343 484 1405 στολος·
527 1361 546 1393 ι
581 1343 648 1395 Τί
679 1343 788 1413 γὰρ
813 1341 978 1412 ἔχεις,
1017 1341 1045 1394 ὃ
1067 1343 1166 1394 οὐκ
1197 1341 1391 1404 ἔλαϐες
1417 1357 1431 1407 ;
1467 1344 1516 1395 εί
1547 1342 1605 1395 δὲ
1636 1342 1847 1407 ἔλαϐες,

260 1432 313 1485 τί
332 1434 605 1503 καυχᾶσαι
630 1432 706 1496 ὡς
731 1434 808 1504 μὴ
828 1433 1042 1492 >.α6ών;
1071 1452 1089 1485 ι
1115 1433 1227 1487 Καὶ
1254 1436 1366 1496 τοῖς
1388 1435 1445 1487 ὲν
1465 1434 1683 1506 Κρήτῃ·
1709 1451 1727 1485 ι
1756 1431 1848 1506 Μὴ

261 1524 320 1575 ὲν
343 1522 846 1594 ὀφθαλμοδουλείᾳ,
883 1524 958 1588 ὼς
1009 1523 1487 1595 ἀνθρωπάρεσκοι,
1545 1525 1661 1578 ἀλλ’
1692 1525 1720 1577 ὃ
1754 1527 1849 1579 ἐὰν

1960 636 1978 669 ι
2021 619 2179 674 Modo
2206 621 2357 674 enim
2395 621 2714 678 hominibus
2739 624 2960 688 suadeo,
2997 640 3066 679 an
3087 625 3238 681 Deo?
3260 643 3329 682 an
3357 645 3542 700 quaaro

1955 709 2276 767 hominibus
2305 714 2561 782 placere?
2596 713 2655 768 Si
2684 714 2832 768 enim
2864 716 3046 771 adhuc
3075 717 3396 775 hominibus
3421 724 3540 792 pla-

1953 815 2158 867 cerem,
2198 802 2405 857 Christi
2456 819 2651 859 servus
2699 821 2810 860 non
2861 821 3039 860 essem
3093 809 3156 860 ³⁷.
3200 829 3218 860 ι
3270 811 3484 868 Rursus
3524 835 3536 867 ς

1958 909 1976 941 ι
2019 892 2110 946 Sic
2134 893 2414 963 loquimur
2434 910 2546 949 non
2580 897 2738 964 quasi
2759 897 3081 952 hominibus
3109 898 3410 968 placentes,
3443 903 3539 957 sed

1951 982 2086 1050 Deo,
2118 985 2215 1053 qui
2250 985 2450 1055 probat
2478 987 2648 1040 corda
2683 998 2872 1042 nostra
2902 1006 2917 1056 ;
2949 1005 3132 1058 neque
3161 991 3332 1056 enim,
3361 993 3457 1056 ait,
3484 993 3542 1049 in

1952 1091 2206 1131 sermone
2229 1078 2564 1134 adulationis
2587 1078 2794 1134 fuimus
2819 1082 2965 1151 apud
2985 1096 3104 1147 vos,
3130 1083 3276 1137 sicut
3294 1092 3349 1138 et
3365 1085 3538 1151 scitis,

1948 1183 2132 1238 neque
2164 1170 2222 1223 in
2253 1171 2541 1226 occasione
2590 1172 2874 1226 avaritiae:
2906 1173 3052 1228 Deus
3107 1175 3300 1229 testis:
3360 1191 3541 1245 neque

1948 1271 2257 1332 quarentes
2284 1263 2352 1317 ab
2383 1263 2702 1317 hominibus
2725 1262 3036 1334 gloriam”.
3061 1284 3080 1316 )
3101 1295 3171 1304 --
3194 1285 3212 1316 ι
3237 1266 3358 1323 Non
3390 1267 3539 1320 enim

1949 1355 2046 1422 qui
2068 1355 2311 1424 seipsum
2341 1355 2712 1420 commendat,
2734 1355 2827 1409 ille
2848 1355 3116 1425 probatus
3131 1366 3237 1422 est,
3257 1357 3352 1412 sed
3373 1373 3539 1427 quem

1953 1445 2221 1500 Dominus
2253 1447 2604 1502 commendat
2636 1448 2700 1501 ³³.
2737 1466 2754 1497 ι
2799 1447 2857 1501 1η
2902 1447 3051 1502 hunc
3094 1449 3262 1503 etiam
3313 1449 3538 1505 modum

1950 1535 2199 1606 loquitur
2227 1538 2387 1593 beata
2419 1539 2512 1593 illa
2537 1539 2810 1595 Samuelis
2833 1547 3008 1594 mater
3030 1540 3190 1594 Anna
3220 1558 3232 1593 :
3265 1559 3283 1592 ι
3310 1541 3389 1595 Ne
3422 1541 3540 1611 glo-

259 1618 489 1679 ποιεῖτε,
524 1619 587 1670 ὲκ
615 1617 792 1688 ψυχῆς
827 1617 1152 1689 ἐργάζεσθε,
1185 1618 1262 1682 ὡς
1281 1618 1361 1688 τῷ
1392 1617 1602 1690 Κυρίῳ,
1626 1619 1718 1672 καὶ
1747 1619 1848 1673 οὐκ

257 1709 570 1779 ἀνθρώποις
595 1709 958 1774 δουλεύοντες.
994 1729 1014 1763 ι

261 1807 460 1872 rictur,
487 1809 534 1863 si
558 1808 818 1880 intelligit
849 1817 906 1862 et
929 1807 1350 1880 facitjudicium
1378 1816 1436 1864 et
1475 1809 1744 1880 justitiam
1779 1809 1847 1864 ‘°.
1895 1830 1915 1863 ι
1959 1812 2078 1868 Rex
2118 1815 2422 1869 etiamnum
2458 1816 2728 1871 Ezechias
2775 1816 3064 1871 hominum
3111 1819 3339 1888 gloriam
3380 1822 3538 1889 quasi

255 1899 496 1969 quadam
527 1901 919 1955 venatiuncula
955 1908 1204 1970 captans,
1254 1915 1319 1955 ac
1359 1900 1678 1970 profusiore
1710 1901 1913 1972 gaudio
1933 1904 2136 1969 victus,
2180 1920 2311 1961 suos
2369 1920 2564 1960 omnes
2619 1906 2913 1960 thesauros
2941 1905 3216 1961 Chaldaeis
3281 1907 3538 1962 visendos

255 1991 584 2062 explicuit“
608 1993 908 2048 :etecceiu
923 1992 1156 2064 vestigio
1173 1992 1844 2058 misitDominuslsaiam,
1887 1993 1984 2064 qui
2020 1994 2276 2051 diceret:
2314 2014 2332 2046 ι
2367 1997 2511 2052 Ecce
2537 1997 2657 2052 dies
2677 1999 2906 2052 venient
2937 2005 2993 2050 et
3022 2007 3243 2052 sument
3276 2013 3397 2068 quae
3450 1999 3537 2056 vi-

259 2085 470 2140 derunt
502 2087 710 2154 omnia,
746 2088 804 2142 in
845 2086 1185 2159 Babylonem
1211 2087 1279 2154 δ’,
1315 2107 1333 2139 ι
1367 2088 1512 2143 sicut
1561 2087 1722 2142 nobis
1755 2103 1977 2158 quoque
2015 2104 2166 2144 nunc
2204 2091 2458 2160 contigit;
2505 2091 2788 2147 Dedecore
2837 2100 3002 2162 atque
3047 2092 3349 2163 ignominia
3403 2107 3533 2162 per-

254 2183 365 2238 fusi
399 2198 614 2248 sumus,
654 2191 711 2238 et
752 2183 1236 2239 ecce'rebellionis
1270 2184 1449 2239 calces
1487 2185 1860 2239 obtrudimus.
1905 2185 2157 2240 Tradidit
2202 2187 2469 2241 Dominus
2513 2186 2640 2242 fidei
2699 2197 2902 2242 nostrae
2941 2186 3116 2242 robur
3153 2189 3535 2243 venerabilem

254 2288 315 2335 et
352 2279 564 2334 honore
596 2278 878 2349 praecipuo
917 2279 1140 2350 dignam
1191 2294 1412 2334 crucem
1462 2278 1754 2346 Chaldaeis,
1804 2281 2121 2335 sanctuaria
2165 2289 2357 2335 nostra
2409 2280 2466 2334 in
2507 2281 2866 2336 solitudinem
2917 2282 3140 2338 redacta
3203 2290 3352 2336 sunt.
3404 2279 3538 2334 Pul-

254 2375 393 2430 chre
445 2374 618 2445 igitur
653 2375 1043 2430 Parmmiastes
1072 2374 1246 2430 dicit:
1283 2393 1300 2427 ι
1356 2373 1550 2429 Melior
1582 2375 1668 2429 vir
1695 2374 1790 2445 qui
1816 2375 1873 2430 in
1910 2375 2211 2445 ignominia
2247 2390 2347 2429 sua
2401 2375 2592 2441 servit,
2639 2391 2802 2445 quam
2861 2377 2956 2445 qui
3008 2359 3230 2429 asciscit
3273 2373 3376 2428 sibi
3434 2373 3539 2427 ali-

256 2464 438 2526 ounde
485 2471 776 2536 honorem,
835 2479 892 2526 et
945 2469 1156 2541 indiget
1207 2485 1351 2540 pane
1406 2470 1470 2524 “.
1510 2488 1528 2521 ι
1585 2469 1841 2524 Rursus:
1892 2489 1910 2521 ι
1937 2469 2148 2525 Laudet
2170 2479 2220 2524 te
2252 2471 2555 2540 proximus,
2609 2478 2666 2525 et
2711 2487 2824 2526 non
2851 2485 2914 2524 os
2948 2479 3148 2534 tuum;
3199 2469 3434 2535 alienus,
3479 2474 3538 2523 et

259 2579 372 2618 non
396 2562 541 2617 labia
571 2572 669 2622 tua
721 2561 790 2615 “.
831 2579 850 2612 ι
909 2561 1123 2617 Psaltes
1176 2561 1309 2617 item
1366 2561 1594 2632 regius:
1658 2579 1676 2612 ι
1704 2561 1852 2616 Deus
1887 2559 2178 2630 dissipavit
2213 2576 2339 2616 ossa
2379 2576 2573 2616 eorum
2631 2561 2728 2632 qui
2764 2562 3086 2616 hominibus
3112 2561 3350 2630 placent,
3402 2575 3536 2616 con-

259 2659 368 2714 fusi
390 2666 520 2714 sunt
541 2658 803 2728 quoniam
825 2658 972 2713 Deus
993 2658 1203 2728 sprevit
1230 2673 1328 2715 eos
1351 2659 1418 2712 ".
1460 2677 1480 2711 ›
1523 2658 1857 2728 Apostolus:
1901 2676 1920 2710 ι
1951 2657 2094 2725 Quid
2133 2657 2284 2730 enim
2327 2658 2499 2713 habes
2532 2658 2680 2728 quod
2706 2675 2819 2714 non
2853 2659 3116 2728 accepisti
3145 2659 3168 2712 ?
3231 2658 3362 2727 quid
3415 2659 3533 2728 glo-

1952 1627 2130 1681 rietur
2172 1629 2418 1698 prudens
2456 1630 2511 1684 in
2557 1631 2854 1700 prudentia
2885 1647 3003 1698 sua,
3032 1641 3088 1686 et
3118 1641 3314 1702 potens
3344 1633 3400 1707 in
3436 1647 3538 1702 po-

1952 1718 2128 1772 tentia
2169 1735 2288 1786 sua,
2325 1728 2382 1774 et
2411 1720 2566 1776 dives
2590 1721 2646 1775 in
2685 1721 2896 1776 divitiis
2920 1723 3056 1789 suis,
3085 1723 3183 1778 sed
3215 1724 3270 1777 in
3295 1723 3401 1778 hoc
3423 1724 3538 1793 glo-

256 2752 442 2818 riaris,
473 2753 634 2822 quasi
659 2767 772 2806 non
802 2755 1080 2823 acceperis
1129 2752 1217 2807 “‘l
1244 2771 1262 2805 ι
1313 2751 1672 2808 Colossenses
1711 2751 1845 2806 item
1883 2746 2230 2807 admonens:
2269 2769 2287 2803 ‹
2335 2754 2458 2806 Νοιι
2487 2753 2556 2806 ad
2591 2754 2812 2807 oculum
2839 2754 3147 2808 servientes
3167 2752 3323 2821 quasi
3351 2751 3533 2806 homi-

253 2846 422 2902 nibus
443 2846 752 2917 placentes,
791 2847 889 2903 sed
917 2847 1289 2918 quodcunque
1326 2847 1530 2914 facitis,
1569 2861 1638 2902 ex
1667 2846 1854 2901 animo
1891 2847 2221 2917 Operemini,
2273 2846 2433 2916 quasi
2481 2846 2716 2901 Domino
2763 2855 2819 2900 et
2871 2861 2984 2900 non
3031 2843 3352 2899 hominibus
3398 2857 3522 2899 ser-

252 2943 475 2998 vientes
503 2944 569 2999 ".
607 2962 625 2995 r

329 3037 512 3091 Δεινὸν
536 3032 630 3092 οὖν
653 3039 824 3104 ἐστιν,
861 3037 939 3102 ὡς
987 3038 1225 3110 εῐρηται,
1282 3037 1345 3092 τὺ
1389 3038 1490 3108 τῆς
1540 3037 1846 3103 κενοδοξίας

2021 3032 2152 3088 Haec
2184 3033 2366 3087 inanis
2395 3032 2584 3104 gloriae
2609 3031 2829 3087 aﬂ‘ectio
2857 3046 2988 3086 sane
3025 3046 3190 3101 quam
3241 3031 3541 3090 vehemens

252 3128 430 3193 πάθος
458 3143 473 3158 ⁶
507 3131 602 3184 καὶ
626 3131 807 3196 πάσας
831 3131 930 3195 τὰς
961 3132 1167 3203 ἀρετὰς
1221 3131 1288 3197 ἃς
1321 3131 1616 3204 ἐργάζεται
1668 3132 1698 3184 6
1750 3131 1848 3186 ἄν·

251 3221 494 3292 θρωπος,
530 3222 903 3293 παρεμϐάλλει
953 3224 1133 3295 ἐαυτῷ
1155 3239 1170 3254 ·
1196 3223 1292 3277 καὶ
1329 3225 1622 3289 σπουδάζει
1652 3225 1848 3294 ἀχρει-

251 3315 393 3366 ὦσαι
437 3315 562 3377 τοὺς
618 3317 869 3386 καρποὺς
918 3315 1014 3370 τοῦ
1071 3314 1334 3387 μοναχοῦ.
1366 3317 1477 3370 Καὶ
1507 3316 1568 3370 τὺ
1597 3315 1849 3387 χαλεπώ-

248 3421 410 3476 τερον
441 3423 456 3440 ο
489 3406 573 3459 ὅτι
633 3407 728 3459 ἐπὶ
775 3406 875 3478 μὲν
929 3407 1038 3460 τῶν
1102 3407 1276 3461 ἄλλων
1323 3407 1536 3469 παθῶν,
1585 3407 1847 3478 πορνείας

250 3495 422 3564 φημὶ,
446 3498 540 3549 καὶ
569 3496 761 3567 ὀργῆς,
799 3497 1120 3569 λυπούμεθα
1160 3498 1329 3564 είκδς,
1376 3499 1471 3551 καὶ
1507 3497 1842 3568 θρηνοῦμεν,

251 3588 352 3642 καὶ
383 3589 658 3659 εὐχόμεθα
681 3591 1071 3662 ἀπαλλαγῆναι
1097 3609 1110 3622 ·
1151 3591 1245 3644 ἐπὶ
1287 3591 1344 3643 δὲ
1387 3592 1486 3662 τῆς
1537 3590 1847 3657 κενοδοξίας

250 3677 376 3732 οὔτε
408 3680 701 3750 πονοῦμεν,
743 3682 869 3735 οὔτε
909 3682 1254 3754 λυπούμεθα,
1293 3681 1419 3735 οὔτε
1446 3683 1539 3737 τὸν
1575 3681 1707 3734 Θεὸν
1735 3698 1845 3734 πα-

253 3772 603 3843 ρακαλοῦμεν
657 3774 1100 3845 ἐλευθερωθῆναι
1153 3776 1212 3843 ἐξ
1251 3775 1444 3845 αὐτῆς.
1501 3774 1846 3846 Μισήσωμεν

246 3857 367 3924 οὖν,
417 3860 664 3934 ἀδελφοὶ,
705 3863 767 3916 τὸ
814 3862 1024 3916 τέλειον
1069 3866 1246 3934 μῖσος,
1293 3863 1354 3916 τὺ
1391 3863 1494 3933 τῆς
1534 3862 1844 3929 κενοδοξίας

247 3950 446 4016 πάθος,
471 3951 560 4006 ῐνα
674 3953 1039 4023 ἀπολέσωμεν
1073 3933 1202 4016 τοὺς
1230 3953 1512 4023 καμάτους
1533 3951 1690 4023 ἡμῶν
1709 3968 1723 3983 ο
1745 3952 1844 4023 τῆς

246 4045 363 4116 γὰρ
391 4044 484 4108 τοῦ
510 4045 754 4116 Χριστοῦ
775 4046 1025 4110 δουλείας
1050 4047 1143 4100 καὶ
1179 4047 1279 4117 τῆς
1306 4047 1385 4108 είς
1422 4045 1557 4099 Θεὸν
1601 4045 1842 4106 πίστεως

245 4138 545 4208 ἀφίστησιν
563 4139 655 4192 τὸν
673 4139 981 4209 ἄνθρωπον,
997 4139 1184 4202 καθώς
1199 4155 1363 4208 φησιν
1379 4140 1408 4191 6
1424 4137 1646 4207 Κύριος·
1675 4155 1692 4188 ι
1716 4135 1842 4199 Πῶς

245 4227 483 4282 δύνασθε
510 4229 799 4282 πιστεύειν
832 4231 912 4292 είς
935 4229 1056 4300 ἐμὲ,
1078 4227 1236 4293 δόξαν
1263 4228 1394 4298 παρ’
1421 4226 1668 4296 ἀλλήλων
1694 4224 1838 4295 λαμ-

1952 3132 2010 3180 et
2030 3124 2292 3194 perplexa
2326 3133 2430 3190 est,
2454 3125 2612 3194 juxta
2643 3123 2986 3192 superiorem
3016 3123 3347 3178 sententiam
3373 3143 3384 3176 :
3411 3126 3539 3180 nul-

1948 3215 2060 3270 lam
2110 3215 2258 3270 enim
2292 3215 2559 3284 relinquit
2584 3215 2852 3267 virtutum
2884 3229 3023 3283 quas
3052 3223 3316 3283 operetur
3349 3215 3537 3282 homo,

1949 3304 2039 3359 cui
2073 3319 2186 3358 non
2209 3304 2588 3374 impudentius
2611 3303 2949 3367 obluctetur,
2986 3319 3158 3372 seque
3194 3304 3442 3374 ohjiciat.
3477 3305 3538 3360 In

1947 3395 2054 3450 hoc
2077 3410 2299 3464 operam
2321 3405 2484 3449 navat
2505 3395 2996 3460 accuratissimam,
3030 3395 3244 3449 fructus
3276 3396 3534 3452 monachi

1948 3488 2285 3558 intercipere
2328 3497 2388 3542 ut
2432 3488 2609 3556 possit
2661 3497 2716 3542 et
2745 3487 2974 3541 reddere
3009 3486 3256 3540 inutiles.
3283 3487 3539 3542 Habetin

1946 3595 2004 3634 se
2040 3579 2229 3634 ethoc
2286 3580 2503 3634 caeteris
2549 3579 2938 3648 periculosius.
3003 3579 3152 3634 lnter
3206 3579 3342 3634 alias
3387 3580 3536 3635 enim

1947 3671 2114 3725 animi
2167 3671 2612 3741 perturbationes
2661 3673 2963 3727 constituta
3018 3672 3170 3743 (puta
3205 3673 3260 3727 in
3297 3672 3540 3728 fornica-

1948 3763 2121 3828 tione,
2162 3771 2219 3817 et
2257 3762 2357 3834 ira)
2409 3778 2648 3818 maerore
2690 3765 3039 3829 conﬁcimur,
3073 3779 3177 3818 nec
3200 3764 3424 3834 injuria,
3455 3764 3540 3818 lu-

1945 3868 2140 3923 gemus
2193 3868 2437 3926 quoque,
2489 3869 2714 3909 oramus
2767 3855 2994 3924 insuper
3031 3855 3195 3910 eximi
3229 3871 3420 3929 earum
3461 3855 3540 3911 la-

1946 3947 2155 4018 queis:
2210 3946 2477 4003 adversus
2532 3947 2753 4003 inanem
2811 3949 3043 4020 gloriam
3094 3964 3165 4004 ne
3221 3949 3540 4006 laboramus

1945 4040 2192 4111 quidem,
2243 4039 2380 4094 nihil
2432 4055 2536 4095 nos
2575 4041 2908 4096 contristant
2937 4042 3177 4112 pellaces
3225 4042 3374 4096 illius
3419 4042 3538 4097 ille—

1945 4134 2150 4201 cebrae,
2182 4133 2279 4188 sed
2313 4148 2419 4188 nec
2443 4133 2617 4188 Deum
2643 4133 3017 4199 obsecramus,
3042 4150 3145 4189 nos
3177 4142 3238 4190 ut
3261 4134 3460 4190 liberet
3481 4144 3537 4190 et

1942 4223 2218 4279 subducat
2255 4222 2405 4278 illius
2446 4223 2599 4294 jugo.
2625 4222 2770 4279 Sane
2818 4224 3231 4280 blandissimam
3267 4226 3408 4281 hanc
3439 4227 3535 4282 sed

247 4319 528 4381 ὗάνοντες,
565 4319 661 4374 καὶ
693 4318 794 4391 τὴν
820 4319 979 4384 δόξαν
1003 4319 1102 4389 τὴν
1145 4318 1300 4388 παρὰ
1341 4316 1436 4370 τοῦ
1490 4317 1652 4387 μόνου
1700 4314 1838 4368 Θεοῦ

1949 4323 1999 4370 et
2026 4317 2426 4371 veteratoriam
2461 4316 2851 4385 intemperiem
2887 4317 3080 4389 gloriae
3128 4317 3312 4373 inanis
3353 4318 3538 4372 oderi-

245 4409 315 4464 οὐ
355 4411 689 4484 ζητοῦντες;
729 4431 748 4464 ι
803 4410 966 4483 Αὐτῷ
1016 4412 1051 4482 ἡ
1099 4411 1227 4478 δόξα
1289 4411 1369 4475 είς
1424 4410 1553 4472 τοὺς
1601 4408 1828 4471 αἰῶνας.

1949 4422 2086 4473 mus,
2119 4422 2328 4478 quaeso,
2360 4406 2583 4473 fratres,
2615 4407 2745 4462 odio
2772 4395 3008 4476 prorsus.
3036 4409 3306 4479 perfecto,
3361 4418 3421 4464 ut
3465 4425 3538 4464 ne

245 4503 430 4573 Αμήν.

1931 4515 2031 4571 per
2057 4515 2178 4554 eam
2223 4499 2640 4570 quanticunque
2669 4501 2846 4555 nostri
2879 4500 3100 4557 labores
3134 4509 3261 4556 eant
3283 4517 3530 4572 pessum,

243 4595 472 4668 sintque
498 4597 659 4653 vacui
683 4605 741 4652 et
761 4597 955 4653 inanes
980 4595 1154 4669 frugis
1191 4596 1372 4653 bonas.
1412 4595 1704 4651 Hominem
1746 4593 1898 4650 enim
1956 4595 2073 4666 ipsa
2107 4604 2356 4651 evocata
2385 4594 2590 4651 Christi
2627 4597 2931 4651 servitute:
2984 4595 3222 4666 denique
3263 4607 3319 4652 et
3354 4614 3385 4652 a
3427 4598 3533 4658 fide

242 4705 358 4758 qua
405 4691 462 4744 in
497 4691 670 4746 Deum
750 4691 1050 4758 credimus,
1101 4691 1440 4763 transfugam
1488 4691 1676 4746 reddit
1739 4699 1799 4746 et
1859 4690 2226 4757 desertorem,
2278 4690 2366 4744 vel
2418 4699 2558 4746 teste
2617 4691 2853 4745 Domino
2889 4710 2902 4746 :
2938 4711 2956 4743 ι
2987 4690 3295 4757 Quomodo,
3333 4694 3531 4764 inquit,

242 4781 480 4850 potestis
527 4781 756 4838 credere
801 4783 859 4837 in
893 4798 1002 4848 me,
1035 4783 1131 4853 qui
1161 4784 1392 4853 gloriam
1420 4784 1722 4854 vobisipsis
1788 4783 2012 4852 capitis,
2075 4791 2134 4838 et
2197 4782 2425 4855 gloriam
2473 4798 2598 4853 quae
2643 4798 2676 4837 a
2726 4783 2847 4838 solo
2895 4783 3009 4838 Deo
3057 4792 3164 4851 est,
3215 4799 3327 4838 non
3377 4801 3534 4854 qua:-

243 4871 370 4928 ritis
395 4873 482 4929 “i
514 4892 531 4925 ι
557 4873 665 4944 Ipsi
697 4874 872 4946 gloria
902 4875 960 4929 in
987 4877 1208 4930 saecula.
1241 4877 1442 4930 Amen.

849 4988 1072 5042 ΛΟΓΟΣ
1101 4989 1234 5042 MA'.

728 5099 869 5169 Περὶ
909 5103 1348 5171 ὑπερηφανίας.

320 5210 394 5263 Τὸ
418 5211 516 5282 τῆς
540 5209 924 5282 ὑπερηφανίας
955 5212 1172 5282 νόσημα
1201 5215 1383 5283 χεῖρον
1407 5212 1668 5282 τυγχάνει
1697 5211 1833 5265 ὅλων

241 5302 357 5357 τῶν
384 5303 597 5370 παθῶν,
631 5305 729 5357 καὶ¹
749 5303 1115 5374 θεοστύγητον
1154 5307 1298 5358 πάνυ
1335 5307 1430 5359 καὶ
1478 5305 1554 5378 μὴ
1593 5306 1834 5376 ἁρμόζον

243 5394 384 5458 ὅλως
418 5393 748 5464 ἀνθρώποις,
788 5394 905 5447 ἀλλ’
941 5393 1092 5464 αὖτῷ
1137 5395 1281 5466 μόνῳ
1317 5394 1396 5466 τῷ
1429 5395 1690 5466 δυσμενεῖ
1715 5396 1832 5449 δια-

241 5485 410 5558 ϐόλῳ,
444 5485 582 5558 πρὸς
609 5486 709 5559 τὴν
738 5485 906 5542 αὑτοῦ
948 5487 1169 5553 κακίαν,
1203 5486 1280 5556 τῷ
1329 5486 1398 5540 δι’
1450 5487 1831 5559 ὑπερηφανίαν

351 5667 395 5699 ³⁷
431 5666 606 5725 Galat.
641 5683 680 5733 ι,
709 5665 793 5721 lO.
902 5666 946 5699 ⁸³
980 5665 1001 5720 1
1034 5665 1229 5722 Thess.
1267 5683 1327 5732 ιι,
1362 5667 1480 5722 4-6.

245 5741 296 5770 δ’
352 5737 486 5796 ibid.
523 5738 610 5792 17.
775 5737 822 5770 ’⁵³
847 5737 1008 5792 Prov.
1037 5752 1130 5804 xu,
1162 5739 1214 5793 9.

241 5810 294 5846 "
325 5807 481 5866 Joau.
511 5823 564 5872 γ,
587 5806 676 5861 44.

1587 5667 1703 5722 1"ll
1732 5668 1860 5725 Cor.
1897 5687 1952 5728 κ.
1993 5671 2079 5726 18.

1323 5737 1369 5770 ⁸⁵
1398 5738 1559 5794 Prov.
1591 5755 1756 5804 xxv",
1793 5743 1845 5795 2.
1926 5742 1970 5774 ⁸⁵
1993 5742 2133 5800 Psal.
2163 5758 2252 5813 ιιι,
2280 5745 2334 5800 6.

2471 4985 2756 5041 HOMILIA
2820 4987 3006 5042 XLIV.

2411 5098 2630 5170 1098
2661 5100 2739 5154 De
2781 5100 3048 5171 superbia.

2014 5207 2304 5282 Superbiae
2365 5215 2636 5284 aagritudo
2711 5215 2980 5285 gravitate
3035 5213 3260 5270 malitia:
3307 5228 3539 5274 caeteras

1939 5305 2109 5361 animi
2174 5306 2526 5364 turbulentas
2579 5310 2904 5364 affectiones
2961 5310 3122 5380 longe
3197 5313 3534 5388 exsuperat:

1938 5415 2104 5470 quam
2154 5410 2210 5456 et
2263 5402 2408 5457 Deus
2459 5403 2578 5456 odit
2609 5403 3004 5466 infensissime,
3044 5419 3148 5458 nec
3179 5404 3274 5458 ulli
3309 5419 3539 5473 prorsus

1937 5491 2228 5548 hominum
2263 5501 2635 5549 consentanea
2669 5502 2754 5549 est
2780 5502 2877 5548 aut
2917 5509 3249 5564 congruens.
3298 5494 3533 5548 Pulchre

2182 5672 2229 5705 "
2264 5671 2468 5731 Jerem.
2519 5689 2595 5740 rx,
2647 5674 2738 5740 23,
2795 5675 2886 5730 24.

2447 5745 2492 5778 “
2523 5745 2546 5800 l
2582 5745 2708 5800 Cor.
2743 5762 2815 5812 ιγ,
2849 5748 2900 5802 7.

2989 5673 3031 5706 ιι
3063 5674 3131 5729 1v
3156 5671 3290 5742 Reg.
3328 5689 3417 5736 xx,
3447 5671 3533 5725 ιδ.

3015 5749 3056 5777 δτ
3088 5743 3308 5802 Coloss.
3335 5760 3418 5810 ιιι,
3442 5742 3534 5797 22.
