  <div class='ocr_page' id='page_1' title='image "/cluster/home/n/w/nwhite01/storage/ocr_20150623/89/coo.31924054869932/801.png"; bbox 0 0 3944 6424; ppageno 0'>
   <div class='ocr_carea' id='block_1_1' title="bbox 514 378 655 447">
    <p class='ocr_par' dir='ltr' id='par_1_1' title="bbox 514 378 655 447">
     <span class='ocr_line' id='line_1_1' title="bbox 514 378 655 447; baseline 0 -4"><span class='ocrx_word' id='word_1_1' title='bbox 514 378 655 447; x_wconf 76' lang='grc'><strong>15⁵11</strong></span> 
     </span>
    </p>
   </div>
   <div class='ocr_carea' id='block_1_2' title="bbox 1797 372 2552 436">
    <p class='ocr_par' dir='ltr' id='par_1_2' title="bbox 1797 372 2552 436">
     <span class='ocr_line' id='line_1_2' title="bbox 1797 372 2552 436; baseline -0.003 -2"><span class='ocrx_word' id='word_1_2' title='bbox 1797 373 2162 436; x_wconf 81' lang='lat' dir='ltr'><strong>ANTIOCHI</strong></span> <span class='ocrx_word' id='word_1_3' title='bbox 2207 372 2552 434; x_wconf 82' lang='lat' dir='ltr'><strong>MONACHI</strong></span> 
     </span>
    </p>
   </div>
   <div class='ocr_carea' id='block_1_3' title="bbox 3611 379 3710 443">
    <p class='ocr_par' dir='ltr' id='par_1_3' title="bbox 3611 379 3710 443">
     <span class='ocr_line' id='line_1_3' title="bbox 3611 379 3710 443; baseline 0.02 -2"><span class='ocrx_word' id='word_1_4' title='bbox 3611 379 3710 443; x_wconf 71' lang='lat'><strong>1572</strong></span> 
     </span>
    </p>
   </div>
   <div class='ocr_carea' id='block_1_4' title="bbox 513 484 2102 559">
    <p class='ocr_par' dir='ltr' id='par_1_4' title="bbox 513 485 2097 559">
     <span class='ocr_line' id='line_1_4' title="bbox 513 485 2097 559; baseline -0.003 -13"><span class='ocrx_word' id='word_1_5' title='bbox 513 490 595 546; x_wconf 91' lang='lat' dir='ltr'><strong>illi</strong></span> <span class='ocrx_word' id='word_1_6' title='bbox 617 486 881 559; x_wconf 85' lang='lat' dir='ltr'><strong>competit</strong></span> <span class='ocrx_word' id='word_1_7' title='bbox 908 494 965 541; x_wconf 92' lang='lat' dir='ltr'><strong>et</strong></span> <span class='ocrx_word' id='word_1_8' title='bbox 990 485 1094 541; x_wconf 88' lang='lat' dir='ltr'><strong>soli</strong></span> <span class='ocrx_word' id='word_1_9' title='bbox 1129 486 1224 557; x_wconf 92' lang='lat' dir='ltr'><strong>qui</strong></span> <span class='ocrx_word' id='word_1_10' title='bbox 1253 495 1455 544; x_wconf 74' lang='lat' dir='ltr'><strong>nostra:</strong></span> <span class='ocrx_word' id='word_1_11' title='bbox 1495 495 1584 543; x_wconf 90' lang='lat' dir='ltr'><strong>est</strong></span> <span class='ocrx_word' id='word_1_12' title='bbox 1614 487 1848 543; x_wconf 62' lang='lat' dir='ltr'><strong>aemulus</strong></span> <span class='ocrx_word' id='word_1_13' title='bbox 1883 489 2097 553; x_wconf 88' lang='lat' dir='ltr'><strong>salutis,</strong></span> 
     </span>
    </p>
   </div>
   <div class='ocr_carea' id='block_1_5' title="bbox 2204 484 3714 559">
    <p class='ocr_par' dir='ltr' id='par_1_5' title="bbox 2204 484 3714 558">
     <span class='ocr_line' id='line_1_5' title="bbox 2204 484 3714 558; baseline 0.001 -17"><span class='ocrx_word' id='word_1_14' title='bbox 2204 486 2261 551; x_wconf 81' lang='grc' dir='ltr'>έξ</span> <span class='ocrx_word' id='word_1_15' title='bbox 2287 485 2520 558; x_wconf 81' lang='grc' dir='ltr'>οὐρανοῦ</span> <span class='ocrx_word' id='word_1_16' title='bbox 2552 499 2794 538; x_wconf 88' lang='grc' dir='ltr'>πεσοντι.</span> <span class='ocrx_word' id='word_1_17' title='bbox 2837 485 2899 539; x_wconf 90' lang='lat'><strong>&#39;0</strong></span> <span class='ocrx_word' id='word_1_18' title='bbox 2941 485 3050 556; x_wconf 71' lang='grc' dir='ltr'><strong>γὰρ</strong></span> <span class='ocrx_word' id='word_1_19' title='bbox 3093 484 3520 556; x_wconf 79' lang='grc' dir='ltr'>καυχησάμενος,</span> <span class='ocrx_word' id='word_1_20' title='bbox 3554 494 3631 545; x_wconf 85' lang='grc' dir='ltr'>καὶ</span> <span class='ocrx_word' id='word_1_21' title='bbox 3651 493 3714 550; x_wconf 65' lang='grc' dir='ltr'><strong>λι.</strong></span> 
     </span>
    </p>
   </div>
   <div class='ocr_carea' id='block_1_6' title="bbox 511 579 2095 650">
    <p class='ocr_par' dir='ltr' id='par_1_6' title="bbox 511 579 2095 650">
     <span class='ocr_line' id='line_1_6' title="bbox 511 579 2095 650; baseline -0.003 -12"><span class='ocrx_word' id='word_1_22' title='bbox 511 595 712 650; x_wconf 81' lang='lat' dir='ltr'><strong>nempe</strong></span> <span class='ocrx_word' id='word_1_23' title='bbox 741 579 982 641; x_wconf 83' lang='lat' dir='ltr'><strong>diabolo,</strong></span> <span class='ocrx_word' id='word_1_24' title='bbox 1001 579 1069 632; x_wconf 88' lang='lat' dir='ltr'><strong>ad</strong></span> <span class='ocrx_word' id='word_1_25' title='bbox 1095 594 1250 634; x_wconf 88' lang='lat' dir='ltr'><strong>suam</strong></span> <span class='ocrx_word' id='word_1_26' title='bbox 1278 579 1450 648; x_wconf 88' lang='lat' dir='ltr'><strong>ipsius</strong></span> <span class='ocrx_word' id='word_1_27' title='bbox 1464 580 1789 649; x_wconf 81' lang='lat' dir='ltr'><strong>explendam</strong></span> <span class='ocrx_word' id='word_1_28' title='bbox 1807 579 2095 645; x_wconf 89' lang='lat' dir='ltr'><strong>malitiam,</strong></span> 
     </span>
    </p>
   </div>
   <div class='ocr_carea' id='block_1_7' title="bbox 511 671 2096 744">
    <p class='ocr_par' dir='ltr' id='par_1_7' title="bbox 511 671 2096 744">
     <span class='ocr_line' id='line_1_7' title="bbox 511 671 2096 744; baseline -0.003 -14"><span class='ocrx_word' id='word_1_29' title='bbox 511 690 638 730; x_wconf 88' lang='lat' dir='ltr'><strong>cum</strong></span> <span class='ocrx_word' id='word_1_30' title='bbox 673 688 770 744; x_wconf 92' lang='lat' dir='ltr'><strong>per</strong></span> <span class='ocrx_word' id='word_1_31' title='bbox 791 688 914 727; x_wconf 88' lang='lat' dir='ltr'><strong>eam</strong></span> <span class='ocrx_word' id='word_1_32' title='bbox 949 671 1280 727; x_wconf 92' lang='lat' dir='ltr'><strong>deturbatus</strong></span> <span class='ocrx_word' id='word_1_33' title='bbox 1299 672 1373 727; x_wconf 90' lang='lat' dir='ltr'><strong>sit</strong></span> <span class='ocrx_word' id='word_1_34' title='bbox 1395 688 1562 742; x_wconf 89' lang='lat' dir='ltr'><strong>regno</strong></span> <span class='ocrx_word' id='word_1_35' title='bbox 1587 673 1874 727; x_wconf 65' lang='lat' dir='ltr'><strong>caelorum.</strong></span> <span class='ocrx_word' id='word_1_36' title='bbox 1902 672 1954 726; x_wconf 89' lang='lat' dir='ltr'><strong>ls</strong></span> <span class='ocrx_word' id='word_1_37' title='bbox 1971 687 2096 726; x_wconf 90' lang='lat' dir='ltr'><strong>eum</strong></span> 
     </span>
    </p>
   </div>
   <div class='ocr_carea' id='block_1_8' title="bbox 511 762 2090 835">
    <p class='ocr_par' dir='ltr' id='par_1_8' title="bbox 511 762 2090 835">
     <span class='ocr_line' id='line_1_8' title="bbox 511 762 2090 835; baseline -0.003 -16"><span class='ocrx_word' id='word_1_38' title='bbox 511 765 810 835; x_wconf 76' lang='lat' dir='ltr'><strong>gloriosius</strong></span> <span class='ocrx_word' id='word_1_39' title='bbox 875 762 1251 835; x_wconf 68' lang='lat' dir='ltr'><strong>subsultaret,</strong></span> <span class='ocrx_word' id='word_1_40' title='bbox 1309 763 1766 832; x_wconf 79' lang='lat' dir='ltr'><strong>aepraegestiens</strong></span> <span class='ocrx_word' id='word_1_41' title='bbox 1827 763 2090 816; x_wconf 78' lang='lat' dir='ltr'><strong>diceret:</strong></span> 
     </span>
    </p>
   </div>
   <div class='ocr_carea' id='block_1_9' title="bbox 517 828 2092 919">
    <p class='ocr_par' dir='ltr' id='par_1_9' title="bbox 517 828 2092 919">
     <span class='ocr_line' id='line_1_9' title="bbox 517 828 2092 919; baseline -0.001 -16"><span class='ocrx_word' id='word_1_42' title='bbox 517 828 540 903; x_wconf 63' lang='grc' dir='ltr'><strong>ἶ</strong></span> <span class='ocrx_word' id='word_1_43' title='bbox 575 854 780 907; x_wconf 79' lang='lat' dir='ltr'><strong>l&#39;onam</strong></span> <span class='ocrx_word' id='word_1_44' title='bbox 814 828 1072 906; x_wconf 56' lang='lat' dir='ltr'><strong>throﬂum</strong></span> <span class='ocrx_word' id='word_1_45' title='bbox 1107 865 1294 904; x_wconf 90' lang='lat' dir='ltr'><strong>meum</strong></span> <span class='ocrx_word' id='word_1_46' title='bbox 1352 865 1521 919; x_wconf 86' lang='lat' dir='ltr'><strong>super</strong></span> <span class='ocrx_word' id='word_1_47' title='bbox 1584 859 1732 904; x_wconf 89' lang='lat' dir='ltr'><strong>astra</strong></span> <span class='ocrx_word' id='word_1_48' title='bbox 1780 850 1904 905; x_wconf 71' lang='lat' dir='ltr'><strong>cmli</strong></span> <span class='ocrx_word' id='word_1_49' title='bbox 1965 850 2033 914; x_wconf 63' lang='grc' dir='ltr'><strong>δ’,</strong></span> <span class='ocrx_word' id='word_1_50' title='bbox 2074 868 2092 901; x_wconf 74' lang='grc' dir='ltr'><strong>ι</strong></span> 
     </span>
    </p>
   </div>
   <div class='ocr_carea' id='block_1_10' title="bbox 509 941 2100 1012">
    <p class='ocr_par' dir='ltr' id='par_1_10' title="bbox 509 941 2100 1012">
     <span class='ocr_line' id='line_1_10' title="bbox 509 941 2100 1012; baseline -0.002 -13"><span class='ocrx_word' id='word_1_51' title='bbox 509 953 791 999; x_wconf 88' lang='lat' dir='ltr'><strong>momento</strong></span> <span class='ocrx_word' id='word_1_52' title='bbox 815 945 1072 998; x_wconf 89' lang='lat' dir='ltr'><strong>inventus</strong></span> <span class='ocrx_word' id='word_1_53' title='bbox 1087 949 1172 996; x_wconf 89' lang='lat' dir='ltr'><strong>est</strong></span> <span class='ocrx_word' id='word_1_54' title='bbox 1195 958 1306 996; x_wconf 86' lang='lat' dir='ltr'><strong>non</strong></span> <span class='ocrx_word' id='word_1_55' title='bbox 1336 942 1547 996; x_wconf 86' lang='lat' dir='ltr'><strong>habens</strong></span> <span class='ocrx_word' id='word_1_56' title='bbox 1580 943 1752 996; x_wconf 90' lang='lat' dir='ltr'><strong>ullum</strong></span> <span class='ocrx_word' id='word_1_57' title='bbox 1787 941 2100 1012; x_wconf 67' lang='lat' dir='ltr'><strong>tranquillae</strong></span> 
     </span>
    </p>
   </div>
   <div class='ocr_carea' id='block_1_11' title="bbox 520 1024 2102 1106">
    <p class='ocr_par' dir='ltr' id='par_1_11' title="bbox 520 1024 2102 1106">
     <span class='ocr_line' id='line_1_11' title="bbox 520 1024 2102 1106; baseline -0.003 -16"><span class='ocrx_word' id='word_1_58' title='bbox 520 1036 728 1106; x_wconf 87' lang='lat' dir='ltr'><strong>quietis</strong></span> <span class='ocrx_word' id='word_1_59' title='bbox 751 1039 959 1096; x_wconf 91' lang='lat' dir='ltr'><strong>locum,</strong></span> <span class='ocrx_word' id='word_1_60' title='bbox 994 1035 1090 1088; x_wconf 88' lang='lat' dir='ltr'><strong>sed</strong></span> <span class='ocrx_word' id='word_1_61' title='bbox 1123 1034 1278 1104; x_wconf 89' lang='lat' dir='ltr'><strong>quasi</strong></span> <span class='ocrx_word' id='word_1_62' title='bbox 1310 1049 1455 1088; x_wconf 92' lang='lat' dir='ltr'><strong>unus</strong></span> <span class='ocrx_word' id='word_1_63' title='bbox 1481 1033 1680 1102; x_wconf 84' lang='lat' dir='ltr'><strong>aliquis</strong></span> <span class='ocrx_word' id='word_1_64' title='bbox 1715 1049 1976 1104; x_wconf 87' lang='lat' dir='ltr'><strong>manceps</strong></span> <span class='ocrx_word' id='word_1_65' title='bbox 1999 1024 2102 1087; x_wconf 82' lang='lat' dir='ltr'><strong>mi-</strong></span> 
     </span>
    </p>
   </div>
   <div class='ocr_carea' id='block_1_12' title="bbox 512 1125 2101 1196">
    <p class='ocr_par' dir='ltr' id='par_1_12' title="bbox 512 1125 2101 1196">
     <span class='ocr_line' id='line_1_12' title="bbox 512 1125 2101 1196; baseline 0 -15"><span class='ocrx_word' id='word_1_66' title='bbox 512 1127 761 1182; x_wconf 73' lang='lat' dir='ltr'><strong>serrimae</strong></span> <span class='ocrx_word' id='word_1_67' title='bbox 795 1126 1166 1196; x_wconf 84' lang='lat' dir='ltr'><strong>captivitatis,</strong></span> <span class='ocrx_word' id='word_1_68' title='bbox 1213 1125 1412 1195; x_wconf 89' lang='lat' dir='ltr'><strong>quovis</strong></span> <span class='ocrx_word' id='word_1_69' title='bbox 1444 1125 1692 1180; x_wconf 90' lang='lat' dir='ltr'><strong>locorum</strong></span> <span class='ocrx_word' id='word_1_70' title='bbox 1728 1125 2101 1195; x_wconf 75' lang='lat' dir='ltr'><strong>triumphatas</strong></span> 
     </span>
    </p>
   </div>
   <div class='ocr_carea' id='block_1_13' title="bbox 513 1217 2102 1289">
    <p class='ocr_par' dir='ltr' id='par_1_13' title="bbox 513 1217 2102 1289">
     <span class='ocr_line' id='line_1_13' title="bbox 513 1217 2102 1289; baseline -0.002 -14"><span class='ocrx_word' id='word_1_71' title='bbox 513 1227 826 1275; x_wconf 84' lang='lat' dir='ltr'><strong>ostentatur</strong></span> <span class='ocrx_word' id='word_1_72' title='bbox 854 1219 922 1272; x_wconf 84' lang='lat' dir='ltr'><strong>ad</strong></span> <span class='ocrx_word' id='word_1_73' title='bbox 952 1218 1180 1287; x_wconf 81' lang='lat' dir='ltr'><strong>gloriam</strong></span> <span class='ocrx_word' id='word_1_74' title='bbox 1222 1217 1422 1272; x_wconf 88' lang='lat' dir='ltr'><strong>summi</strong></span> <span class='ocrx_word' id='word_1_75' title='bbox 1457 1218 1573 1272; x_wconf 92' lang='lat' dir='ltr'><strong>Dei.</strong></span> <span class='ocrx_word' id='word_1_76' title='bbox 1613 1218 1792 1288; x_wconf 84' lang='lat' dir='ltr'><strong>Atque</strong></span> <span class='ocrx_word' id='word_1_77' title='bbox 1827 1219 1902 1273; x_wconf 92' lang='lat' dir='ltr'><strong>ita</strong></span> <span class='ocrx_word' id='word_1_78' title='bbox 1934 1233 2102 1289; x_wconf 84' lang='lat' dir='ltr'><strong>pecu-</strong></span> 
     </span>
    </p>
   </div>
   <div class='ocr_carea' id='block_1_14' title="bbox 510 1307 2103 1378">
    <p class='ocr_par' dir='ltr' id='par_1_14' title="bbox 510 1307 2103 1378">
     <span class='ocr_line' id='line_1_14' title="bbox 510 1307 2103 1378; baseline -0.002 -13"><span class='ocrx_word' id='word_1_79' title='bbox 510 1311 664 1366; x_wconf 86' lang='lat' dir='ltr'><strong>liaris</strong></span> <span class='ocrx_word' id='word_1_80' title='bbox 690 1311 781 1365; x_wconf 90' lang='lat' dir='ltr'><strong>hic</strong></span> <span class='ocrx_word' id='word_1_81' title='bbox 821 1309 1039 1363; x_wconf 75' lang='lat' dir='ltr'><strong>daemon</strong></span> <span class='ocrx_word' id='word_1_82' title='bbox 1066 1309 1362 1378; x_wconf 62' lang='lat' dir='ltr'><strong>superbiai,</strong></span> <span class='ocrx_word' id='word_1_83' title='bbox 1393 1323 1516 1362; x_wconf 92' lang='lat' dir='ltr'><strong>cum</strong></span> <span class='ocrx_word' id='word_1_84' title='bbox 1550 1317 1749 1378; x_wconf 78' lang='lat' dir='ltr'><strong>praeter</strong></span> <span class='ocrx_word' id='word_1_85' title='bbox 1769 1317 1996 1364; x_wconf 70' lang='lat' dir='ltr'><strong>caeteras</strong></span> <span class='ocrx_word' id='word_1_86' title='bbox 2022 1307 2103 1362; x_wconf 80' lang='lat' dir='ltr'><strong>af-</strong></span> 
     </span>
    </p>
   </div>
   <div class='ocr_carea' id='block_1_15' title="bbox 510 1399 2098 1469">
    <p class='ocr_par' dir='ltr' id='par_1_15' title="bbox 510 1399 2098 1469">
     <span class='ocr_line' id='line_1_15' title="bbox 510 1399 2098 1469; baseline -0.004 -11"><span class='ocrx_word' id='word_1_87' title='bbox 510 1404 776 1458; x_wconf 82' lang='lat' dir='ltr'><strong>fectiones</strong></span> <span class='ocrx_word' id='word_1_88' title='bbox 798 1403 1041 1456; x_wconf 88' lang='lat' dir='ltr'><strong>animam</strong></span> <span class='ocrx_word' id='word_1_89' title='bbox 1092 1400 1406 1469; x_wconf 89' lang='lat' dir='ltr'><strong>miserrime</strong></span> <span class='ocrx_word' id='word_1_90' title='bbox 1465 1399 1691 1455; x_wconf 87' lang='lat' dir='ltr'><strong>alllictet</strong></span> <span class='ocrx_word' id='word_1_91' title='bbox 1743 1408 1800 1455; x_wconf 90' lang='lat' dir='ltr'><strong>et</strong></span> <span class='ocrx_word' id='word_1_92' title='bbox 1847 1400 2098 1466; x_wconf 83' lang='lat' dir='ltr'><strong>cruciet;</strong></span> 
     </span>
    </p>
   </div>
   <div class='ocr_carea' id='block_1_16' title="bbox 511 1494 2100 1565">
    <p class='ocr_par' dir='ltr' id='par_1_16' title="bbox 511 1494 2100 1565">
     <span class='ocr_line' id='line_1_16' title="bbox 511 1494 2100 1565; baseline -0.002 -14"><span class='ocrx_word' id='word_1_93' title='bbox 511 1509 609 1551; x_wconf 89' lang='lat' dir='ltr'><strong>eos</strong></span> <span class='ocrx_word' id='word_1_94' title='bbox 639 1504 819 1550; x_wconf 88' lang='lat' dir='ltr'><strong>tamen</strong></span> <span class='ocrx_word' id='word_1_95' title='bbox 845 1497 1096 1550; x_wconf 88' lang='lat' dir='ltr'><strong>omnium</strong></span> <span class='ocrx_word' id='word_1_96' title='bbox 1132 1495 1370 1549; x_wconf 79' lang='lat' dir='ltr'><strong>maxime</strong></span> <span class='ocrx_word' id='word_1_97' title='bbox 1401 1494 1704 1565; x_wconf 83' lang='lat' dir='ltr'><strong>impugnat,</strong></span> <span class='ocrx_word' id='word_1_98' title='bbox 1733 1508 1790 1548; x_wconf 87' lang='lat' dir='ltr'><strong>et</strong></span> <span class='ocrx_word' id='word_1_99' title='bbox 1819 1503 1877 1548; x_wconf 91' lang='lat' dir='ltr'><strong>ut</strong></span> <span class='ocrx_word' id='word_1_100' title='bbox 1907 1495 2100 1549; x_wconf 80' lang='lat' dir='ltr'><strong>detur-</strong></span> 
     </span>
    </p>
   </div>
   <div class='ocr_carea' id='block_1_17' title="bbox 511 1587 2101 1658">
    <p class='ocr_par' dir='ltr' id='par_1_17' title="bbox 511 1587 2101 1658">
     <span class='ocr_line' id='line_1_17' title="bbox 511 1587 2101 1658; baseline 0.001 -16"><span class='ocrx_word' id='word_1_101' title='bbox 511 1587 607 1643; x_wconf 85' lang='lat' dir='ltr'><strong>bet</strong></span> <span class='ocrx_word' id='word_1_102' title='bbox 633 1596 798 1656; x_wconf 88' lang='lat' dir='ltr'><strong>atque</strong></span> <span class='ocrx_word' id='word_1_103' title='bbox 825 1595 1062 1650; x_wconf 85' lang='lat' dir='ltr'><strong>evertat,</strong></span> <span class='ocrx_word' id='word_1_104' title='bbox 1093 1587 1433 1658; x_wconf 73' lang='lat' dir='ltr'><strong>aggreditur,</strong></span> <span class='ocrx_word' id='word_1_105' title='bbox 1491 1588 1587 1657; x_wconf 89' lang='lat' dir='ltr'><strong>qui</strong></span> <span class='ocrx_word' id='word_1_106' title='bbox 1633 1587 1884 1657; x_wconf 83' lang='lat' dir='ltr'><strong>profectu</strong></span> <span class='ocrx_word' id='word_1_107' title='bbox 1922 1591 2101 1644; x_wconf 90' lang='lat' dir='ltr'><strong>virtu-</strong></span> 
     </span>
    </p>
   </div>
   <div class='ocr_carea' id='block_1_18' title="bbox 511 1679 2102 1752">
    <p class='ocr_par' dir='ltr' id='par_1_18' title="bbox 511 1679 2102 1752">
     <span class='ocr_line' id='line_1_18' title="bbox 511 1679 2102 1752; baseline 0.001 -19"><span class='ocrx_word' id='word_1_108' title='bbox 511 1687 629 1733; x_wconf 90' lang='lat' dir='ltr'><strong>tum</strong></span> <span class='ocrx_word' id='word_1_109' title='bbox 659 1679 1026 1748; x_wconf 89' lang='lat' dir='ltr'><strong>aliquousque</strong></span> <span class='ocrx_word' id='word_1_110' title='bbox 1045 1680 1158 1749; x_wconf 84' lang='lat' dir='ltr'><strong>jam</strong></span> <span class='ocrx_word' id='word_1_111' title='bbox 1208 1688 1624 1748; x_wconf 87' lang='lat' dir='ltr'><strong>promoverunt.</strong></span> <span class='ocrx_word' id='word_1_112' title='bbox 1665 1680 1934 1751; x_wconf 88' lang='lat' dir='ltr'><strong>Superbia</strong></span> <span class='ocrx_word' id='word_1_113' title='bbox 1975 1699 2102 1752; x_wconf 90' lang='lat' dir='ltr'><strong>per-</strong></span> 
     </span>
    </p>
   </div>
   <div class='ocr_carea' id='block_1_19' title="bbox 511 1770 2098 1843">
    <p class='ocr_par' dir='ltr' id='par_1_19' title="bbox 511 1770 2098 1843">
     <span class='ocr_line' id='line_1_19' title="bbox 511 1770 2098 1843; baseline 0.003 -17"><span class='ocrx_word' id='word_1_114' title='bbox 511 1770 642 1826; x_wconf 89' lang='lat' dir='ltr'><strong>inde</strong></span> <span class='ocrx_word' id='word_1_115' title='bbox 691 1781 777 1826; x_wconf 89' lang='lat' dir='ltr'><strong>est</strong></span> <span class='ocrx_word' id='word_1_116' title='bbox 826 1787 891 1825; x_wconf 90' lang='lat' dir='ltr'><strong>ac</strong></span> <span class='ocrx_word' id='word_1_117' title='bbox 938 1772 1168 1826; x_wconf 87' lang='lat' dir='ltr'><strong>morbus</strong></span> <span class='ocrx_word' id='word_1_118' title='bbox 1203 1771 1426 1841; x_wconf 90' lang='lat' dir='ltr'><strong>quidam</strong></span> <span class='ocrx_word' id='word_1_119' title='bbox 1453 1774 1716 1843; x_wconf 88' lang='lat' dir='ltr'><strong>pestilens</strong></span> <span class='ocrx_word' id='word_1_120' title='bbox 1739 1783 1795 1828; x_wconf 92' lang='lat' dir='ltr'><strong>et</strong></span> <span class='ocrx_word' id='word_1_121' title='bbox 1825 1776 2098 1840; x_wconf 82' lang='lat' dir='ltr'><strong>tabiﬁcus,</strong></span> 
     </span>
    </p>
   </div>
   <div class='ocr_carea' id='block_1_20' title="bbox 2201 575 3716 653">
    <p class='ocr_par' dir='ltr' id='par_1_20' title="bbox 2201 575 3716 653">
     <span class='ocr_line' id='line_1_20' title="bbox 2201 575 3716 653; baseline 0.003 -23"><span class='ocrx_word' id='word_1_122' title='bbox 2201 594 2341 646; x_wconf 78' lang='grc' dir='ltr'>γωνο</span> <span class='ocrx_word' id='word_1_123' title='bbox 2383 594 2403 628; x_wconf 74' lang='grc' dir='ltr'><strong>ι</strong></span> <span class='ocrx_word' id='word_1_124' title='bbox 2433 576 2598 648; x_wconf 86' lang='grc' dir='ltr'>Θήσω</span> <span class='ocrx_word' id='word_1_125' title='bbox 2630 575 2725 630; x_wconf 77' lang='grc' dir='ltr'>τὸν</span> <span class='ocrx_word' id='word_1_126' title='bbox 2761 575 2953 646; x_wconf 89' lang='grc' dir='ltr'>θρόνον</span> <span class='ocrx_word' id='word_1_127' title='bbox 2984 593 3086 646; x_wconf 93' lang='grc' dir='ltr'><strong>μου</strong></span> <span class='ocrx_word' id='word_1_128' title='bbox 3131 575 3218 628; x_wconf 73' lang='grc' dir='ltr'><strong>ἐπ’</strong></span> <span class='ocrx_word' id='word_1_129' title='bbox 3261 576 3372 630; x_wconf 83' lang='grc' dir='ltr'><strong>ἀνω</strong></span> <span class='ocrx_word' id='word_1_130' title='bbox 3409 575 3510 630; x_wconf 76' lang='grc' dir='ltr'><strong>τῶν</strong></span> <span class='ocrx_word' id='word_1_131' title='bbox 3553 581 3716 653; x_wconf 70' lang='grc' dir='ltr'>ἄστρων</span> 
     </span>
    </p>
   </div>
   <div class='ocr_carea' id='block_1_21' title="bbox 2199 667 3717 741">
    <p class='ocr_par' dir='ltr' id='par_1_21' title="bbox 2199 667 3717 741">
     <span class='ocr_line' id='line_1_21' title="bbox 2199 667 3717 741; baseline 0.003 -19"><span class='ocrx_word' id='word_1_132' title='bbox 2199 669 2295 722; x_wconf 77' lang='grc' dir='ltr'>τοῦ</span> <span class='ocrx_word' id='word_1_133' title='bbox 2320 667 2576 739; x_wconf 83' lang='grc' dir='ltr'>οὐρανοῦ,</span> <span class='ocrx_word' id='word_1_134' title='bbox 2610 687 2629 720; x_wconf 73' lang='grc' dir='ltr'><strong>ι</strong></span> <span class='ocrx_word' id='word_1_135' title='bbox 2671 667 2876 738; x_wconf 75' lang='grc' dir='ltr'>εὑρέθη</span> <span class='ocrx_word' id='word_1_136' title='bbox 2908 668 2985 737; x_wconf 82' lang='grc' dir='ltr'>μὴ</span> <span class='ocrx_word' id='word_1_137' title='bbox 3020 667 3159 738; x_wconf 85' lang='grc' dir='ltr'>έχων</span> <span class='ocrx_word' id='word_1_138' title='bbox 3184 667 3367 739; x_wconf 83' lang='grc' dir='ltr'>χώραν</span> <span class='ocrx_word' id='word_1_139' title='bbox 3400 671 3717 741; x_wconf 81' lang='grc' dir='ltr'>ἀναπαύσεως,</span> 
     </span>
    </p>
   </div>
   <div class='ocr_carea' id='block_1_22' title="bbox 2202 759 3720 832">
    <p class='ocr_par' dir='ltr' id='par_1_22' title="bbox 2202 759 3720 832">
     <span class='ocr_line' id='line_1_22' title="bbox 2202 759 3720 832; baseline 0.001 -16"><span class='ocrx_word' id='word_1_140' title='bbox 2202 762 2319 816; x_wconf 83' lang='grc' dir='ltr'>ἀλλ’</span> <span class='ocrx_word' id='word_1_141' title='bbox 2351 763 2428 826; x_wconf 86' lang='grc' dir='ltr'><strong>ὡς</strong></span> <span class='ocrx_word' id='word_1_142' title='bbox 2467 761 2817 832; x_wconf 72' lang='grc' dir='ltr'>αἰχμάλωτος</span> <span class='ocrx_word' id='word_1_143' title='bbox 2859 759 3139 830; x_wconf 77' lang='grc' dir='ltr'><strong>πανταχοῦ</strong></span> <span class='ocrx_word' id='word_1_144' title='bbox 3168 760 3566 831; x_wconf 75' lang='grc' dir='ltr'>θριαμϐεὑεται.</span> <span class='ocrx_word' id='word_1_145' title='bbox 3594 759 3720 831; x_wconf 61' lang='grc' dir='ltr'>Οὑτκ</span> 
     </span>
    </p>
   </div>
   <div class='ocr_carea' id='block_1_23' title="bbox 2199 850 3724 923">
    <p class='ocr_par' dir='ltr' id='par_1_23' title="bbox 2199 850 3724 923">
     <span class='ocr_line' id='line_1_23' title="bbox 2199 850 3724 923; baseline -0.001 -17"><span class='ocrx_word' id='word_1_146' title='bbox 2199 855 2229 906; x_wconf 88' lang='grc' dir='ltr'>ὁ</span> <span class='ocrx_word' id='word_1_147' title='bbox 2284 853 2386 922; x_wconf 79' lang='grc' dir='ltr'><strong>τῆς</strong></span> <span class='ocrx_word' id='word_1_148' title='bbox 2439 850 2824 923; x_wconf 77' lang='grc' dir='ltr'><strong>ὑπερηφανίας</strong></span> <span class='ocrx_word' id='word_1_149' title='bbox 2877 851 3090 921; x_wconf 89' lang='grc' dir='ltr'>δαίμων</span> <span class='ocrx_word' id='word_1_150' title='bbox 3135 851 3514 921; x_wconf 85' lang='grc' dir='ltr'>χαλεπώτατος</span> <span class='ocrx_word' id='word_1_151' title='bbox 3554 855 3724 912; x_wconf 73' lang='grc' dir='ltr'>πάντων</span> 
     </span>
    </p>
   </div>
   <div class='ocr_carea' id='block_1_24' title="bbox 2200 942 3724 1014">
    <p class='ocr_par' dir='ltr' id='par_1_24' title="bbox 2200 942 3724 1014">
     <span class='ocr_line' id='line_1_24' title="bbox 2200 942 3724 1014; baseline 0.001 -18"><span class='ocrx_word' id='word_1_152' title='bbox 2200 943 2312 996; x_wconf 86' lang='grc' dir='ltr'>τῶν</span> <span class='ocrx_word' id='word_1_153' title='bbox 2341 943 2529 996; x_wconf 83' lang='grc' dir='ltr'>παθῶν</span> <span class='ocrx_word' id='word_1_154' title='bbox 2554 943 2838 1012; x_wconf 80' lang='grc' dir='ltr'><strong>ὑπάρχων,</strong></span> <span class='ocrx_word' id='word_1_155' title='bbox 2867 942 3009 996; x_wconf 87' lang='grc' dir='ltr'>πάνυ</span> <span class='ocrx_word' id='word_1_156' title='bbox 3034 942 3160 1006; x_wconf 77' lang='grc' dir='ltr'>τοὺς</span> <span class='ocrx_word' id='word_1_157' title='bbox 3181 943 3238 995; x_wconf 82' lang='grc' dir='ltr'>ὲν</span> <span class='ocrx_word' id='word_1_158' title='bbox 3263 946 3508 1012; x_wconf 77' lang='grc' dir='ltr'><strong>προκοπῇ</strong></span> <span class='ocrx_word' id='word_1_159' title='bbox 3529 944 3724 1014; x_wconf 62' lang='grc' dir='ltr'>πολεμεῖ,</span> 
     </span>
    </p>
   </div>
   <div class='ocr_carea' id='block_1_25' title="bbox 2200 1036 3730 1108">
    <p class='ocr_par' dir='ltr' id='par_1_25' title="bbox 2200 1036 3730 1108">
     <span class='ocr_line' id='line_1_25' title="bbox 2200 1036 3730 1108; baseline 0.003 -18"><span class='ocrx_word' id='word_1_160' title='bbox 2200 1036 2296 1090; x_wconf 77' lang='grc' dir='ltr'>καὶ</span> <span class='ocrx_word' id='word_1_161' title='bbox 2321 1037 2596 1106; x_wconf 80' lang='grc' dir='ltr'>ἐπιχειρεῖ</span> <span class='ocrx_word' id='word_1_162' title='bbox 2625 1037 3050 1107; x_wconf 85' lang='grc' dir='ltr'>καταστρέφειν.</span> <span class='ocrx_word' id='word_1_163' title='bbox 3085 1037 3197 1090; x_wconf 80' lang='grc' dir='ltr'><strong>Καὶ</strong></span> <span class='ocrx_word' id='word_1_164' title='bbox 3227 1037 3478 1108; x_wconf 87' lang='grc' dir='ltr'>καθάπερ</span> <span class='ocrx_word' id='word_1_165' title='bbox 3501 1041 3634 1104; x_wconf 75' lang='grc' dir='ltr'>νόσος</span> <span class='ocrx_word' id='word_1_166' title='bbox 3651 1043 3730 1095; x_wconf 80' lang='grc' dir='ltr'>λοι-</span> 
     </span>
    </p>
   </div>
   <div class='ocr_carea' id='block_1_26' title="bbox 2205 1127 3730 1203">
    <p class='ocr_par' dir='ltr' id='par_1_26' title="bbox 2205 1127 3730 1203">
     <span class='ocr_line' id='line_1_26' title="bbox 2205 1127 3730 1203; baseline 0.005 -23"><span class='ocrx_word' id='word_1_167' title='bbox 2205 1127 2341 1198; x_wconf 82' lang='grc' dir='ltr'>μικὴ</span> <span class='ocrx_word' id='word_1_168' title='bbox 2398 1130 2496 1182; x_wconf 76' lang='grc' dir='ltr'>καὶ</span> <span class='ocrx_word' id='word_1_169' title='bbox 2525 1129 2856 1200; x_wconf 79' lang='grc' dir='ltr'>φθοροποιὸς</span> <span class='ocrx_word' id='word_1_170' title='bbox 2884 1128 2983 1199; x_wconf 87' lang='grc' dir='ltr'><strong>οὑχ</strong></span> <span class='ocrx_word' id='word_1_171' title='bbox 3029 1127 3088 1180; x_wconf 76' lang='grc' dir='ltr'>ἐν</span> <span class='ocrx_word' id='word_1_172' title='bbox 3143 1128 3305 1198; x_wconf 87' lang='grc' dir='ltr'>μέλος</span> <span class='ocrx_word' id='word_1_173' title='bbox 3359 1130 3455 1184; x_wconf 83' lang='grc' dir='ltr'>τοῦ</span> <span class='ocrx_word' id='word_1_174' title='bbox 3505 1131 3730 1203; x_wconf 76' lang='grc' dir='ltr'>σώματος,</span> 
     </span>
    </p>
   </div>
   <div class='ocr_carea' id='block_1_27' title="bbox 2199 1218 3734 1290">
    <p class='ocr_par' dir='ltr' id='par_1_27' title="bbox 2199 1218 3734 1290">
     <span class='ocr_line' id='line_1_27' title="bbox 2199 1218 3734 1290; baseline 0.005 -18"><span class='ocrx_word' id='word_1_175' title='bbox 2199 1218 2314 1272; x_wconf 83' lang='grc' dir='ltr'>ἀλλ’</span> <span class='ocrx_word' id='word_1_176' title='bbox 2345 1220 2465 1272; x_wconf 77' lang='grc' dir='ltr'>ὅλον</span> <span class='ocrx_word' id='word_1_177' title='bbox 2504 1219 2830 1290; x_wconf 75' lang='grc' dir='ltr'><strong>διαφθείρει,</strong></span> <span class='ocrx_word' id='word_1_178' title='bbox 2865 1220 3009 1272; x_wconf 82' lang='grc' dir='ltr'>οὑτω</span> <span class='ocrx_word' id='word_1_179' title='bbox 3044 1220 3136 1272; x_wconf 79' lang='grc' dir='ltr'>καὶ</span> <span class='ocrx_word' id='word_1_180' title='bbox 3174 1221 3236 1274; x_wconf 82' lang='grc' dir='ltr'>τὸ</span> <span class='ocrx_word' id='word_1_181' title='bbox 3266 1221 3438 1284; x_wconf 82' lang='grc' dir='ltr'>πάθος</span> <span class='ocrx_word' id='word_1_182' title='bbox 3470 1222 3631 1278; x_wconf 78' lang='grc' dir='ltr'>τοῦτο.</span> <span class='ocrx_word' id='word_1_183' title='bbox 3653 1229 3734 1280; x_wconf 77' lang='lat' dir='ltr'><strong>Kal</strong></span> 
     </span>
    </p>
   </div>
   <div class='ocr_carea' id='block_1_28' title="bbox 2201 1309 3732 1386">
    <p class='ocr_par' dir='ltr' id='par_1_28' title="bbox 2201 1309 3732 1386">
     <span class='ocr_line' id='line_1_28' title="bbox 2201 1309 3732 1386; baseline 0.003 -24"><span class='ocrx_word' id='word_1_184' title='bbox 2201 1309 2268 1362; x_wconf 89' lang='grc' dir='ltr'><strong>τά</strong></span> <span class='ocrx_word' id='word_1_185' title='bbox 2293 1310 2391 1380; x_wconf 77' lang='grc' dir='ltr'>μὲν</span> <span class='ocrx_word' id='word_1_186' title='bbox 2422 1309 2558 1365; x_wconf 75' lang='grc' dir='ltr'>ἄλλα</span> <span class='ocrx_word' id='word_1_187' title='bbox 2588 1311 2739 1380; x_wconf 87' lang='grc' dir='ltr'>πάθη</span> <span class='ocrx_word' id='word_1_188' title='bbox 2763 1311 2828 1364; x_wconf 85' lang='grc' dir='ltr'><strong>έκ</strong></span> <span class='ocrx_word' id='word_1_189' title='bbox 2868 1312 3068 1381; x_wconf 77' lang='grc' dir='ltr'>μέρους</span> <span class='ocrx_word' id='word_1_190' title='bbox 3091 1312 3442 1365; x_wconf 75' lang='grc' dir='ltr'>ὲπισκοτοῦσι</span> <span class='ocrx_word' id='word_1_191' title='bbox 3463 1314 3554 1379; x_wconf 72' lang='grc' dir='ltr'>τὴν</span> <span class='ocrx_word' id='word_1_192' title='bbox 3579 1315 3732 1386; x_wconf 63' lang='grc' dir='ltr'>ψυχὴν,</span> 
     </span>
    </p>
   </div>
   <div class='ocr_carea' id='block_1_29' title="bbox 2200 1400 3734 1475">
    <p class='ocr_par' dir='ltr' id='par_1_29' title="bbox 2200 1400 3734 1475">
     <span class='ocr_line' id='line_1_29' title="bbox 2200 1400 3734 1475; baseline 0.003 -21"><span class='ocrx_word' id='word_1_193' title='bbox 2200 1400 2234 1470; x_wconf 77' lang='grc' dir='ltr'>ἢ</span> <span class='ocrx_word' id='word_1_194' title='bbox 2265 1401 2360 1454; x_wconf 80' lang='grc' dir='ltr'>καὶ</span> <span class='ocrx_word' id='word_1_195' title='bbox 2397 1403 2772 1473; x_wconf 78' lang='grc' dir='ltr'><strong>ταράσσουσιν</strong></span> <span class='ocrx_word' id='word_1_196' title='bbox 2815 1402 2991 1473; x_wconf 91' lang='grc' dir='ltr'>αὑτήν</span> <span class='ocrx_word' id='word_1_197' title='bbox 3015 1417 3030 1432; x_wconf 74' lang='grc' dir='ltr'><strong><em>ο</em></strong></span> <span class='ocrx_word' id='word_1_198' title='bbox 3083 1402 3146 1456; x_wconf 77' lang='grc' dir='ltr'><strong>τὸ</strong></span> <span class='ocrx_word' id='word_1_199' title='bbox 3177 1403 3235 1456; x_wconf 87' lang='grc' dir='ltr'>δὲ</span> <span class='ocrx_word' id='word_1_200' title='bbox 3271 1404 3372 1474; x_wconf 77' lang='grc' dir='ltr'>τῆς</span> <span class='ocrx_word' id='word_1_201' title='bbox 3409 1405 3734 1475; x_wconf 74' lang='grc' dir='ltr'>ὑπερηφανίας</span> 
     </span>
    </p>
   </div>
   <div class='ocr_carea' id='block_1_30' title="bbox 2202 1491 3736 1566">
    <p class='ocr_par' dir='ltr' id='par_1_30' title="bbox 2202 1491 3736 1566">
     <span class='ocr_line' id='line_1_30' title="bbox 2202 1491 3736 1566; baseline 0.004 -23"><span class='ocrx_word' id='word_1_202' title='bbox 2202 1491 2378 1555; x_wconf 79' lang='grc' dir='ltr'>πάθος</span> <span class='ocrx_word' id='word_1_203' title='bbox 2409 1493 2591 1547; x_wconf 82' lang='grc' dir='ltr'>πᾶσαν</span> <span class='ocrx_word' id='word_1_204' title='bbox 2621 1494 2797 1566; x_wconf 81' lang='grc' dir='ltr'>αὑτὴν</span> <span class='ocrx_word' id='word_1_205' title='bbox 2834 1498 3040 1560; x_wconf 87' lang='grc' dir='ltr'>σκοτεῖ,</span> <span class='ocrx_word' id='word_1_206' title='bbox 3073 1495 3170 1548; x_wconf 71' lang='grc' dir='ltr'>καὶ</span> <span class='ocrx_word' id='word_1_207' title='bbox 3198 1496 3277 1558; x_wconf 80' lang='grc' dir='ltr'><strong>είς</strong></span> <span class='ocrx_word' id='word_1_208' title='bbox 3301 1496 3543 1564; x_wconf 77' lang='grc' dir='ltr'><strong>μεγάλην</strong></span> <span class='ocrx_word' id='word_1_209' title='bbox 3576 1498 3736 1549; x_wconf 77' lang='grc' dir='ltr'>πτῶσιν</span> 
     </span>
    </p>
   </div>
   <div class='ocr_carea' id='block_1_31' title="bbox 2201 1580 3736 1653">
    <p class='ocr_par' dir='ltr' id='par_1_31' title="bbox 2201 1580 3736 1653">
     <span class='ocr_line' id='line_1_31' title="bbox 2201 1580 3736 1653; baseline 0 -19"><span class='ocrx_word' id='word_1_210' title='bbox 2201 1583 2453 1650; x_wconf 84' lang='grc' dir='ltr'><strong>κατάγει.</strong></span> <span class='ocrx_word' id='word_1_211' title='bbox 2511 1581 2575 1634; x_wconf 85' lang='grc' dir='ltr'><strong>Ἥ</strong></span> <span class='ocrx_word' id='word_1_212' title='bbox 2609 1583 2718 1652; x_wconf 85' lang='grc' dir='ltr'>γὰρ</span> <span class='ocrx_word' id='word_1_213' title='bbox 2776 1582 2926 1653; x_wconf 69' lang='grc' dir='ltr'>ψυχὴ</span> <span class='ocrx_word' id='word_1_214' title='bbox 2969 1583 3064 1636; x_wconf 81' lang='grc' dir='ltr'><strong>τοῦ</strong></span> <span class='ocrx_word' id='word_1_215' title='bbox 3112 1581 3468 1651; x_wconf 71' lang='grc' dir='ltr'><strong>ὑπερηφάνου</strong></span> <span class='ocrx_word' id='word_1_216' title='bbox 3521 1582 3594 1643; x_wconf 76' lang='grc' dir='ltr'>εἰς</span> <span class='ocrx_word' id='word_1_217' title='bbox 3637 1580 3736 1649; x_wconf 60' lang='grc' dir='ltr'>ὕψος</span> 
     </span>
    </p>
   </div>
   <div class='ocr_carea' id='block_1_32' title="bbox 2206 1672 3737 1744">
    <p class='ocr_par' dir='ltr' id='par_1_32' title="bbox 2206 1672 3737 1744">
     <span class='ocr_line' id='line_1_32' title="bbox 2206 1672 3737 1744; baseline 0 -18"><span class='ocrx_word' id='word_1_218' title='bbox 2206 1672 2354 1744; x_wconf 83' lang='grc' dir='ltr'>μέγα</span> <span class='ocrx_word' id='word_1_219' title='bbox 2384 1672 2700 1726; x_wconf 87' lang='grc' dir='ltr'>ἀναϐαίνει·</span> <span class='ocrx_word' id='word_1_220' title='bbox 2730 1675 2988 1728; x_wconf 85' lang='grc' dir='ltr'>κάκεῖθεν</span> <span class='ocrx_word' id='word_1_221' title='bbox 3009 1673 3201 1728; x_wconf 80' lang='grc' dir='ltr'>ἑαυτὸν</span> <span class='ocrx_word' id='word_1_222' title='bbox 3227 1675 3305 1736; x_wconf 83' lang='grc' dir='ltr'><strong>είς</strong></span> <span class='ocrx_word' id='word_1_223' title='bbox 3329 1672 3491 1742; x_wconf 82' lang='grc' dir='ltr'>βυθὸν</span> <span class='ocrx_word' id='word_1_224' title='bbox 3517 1673 3737 1726; x_wconf 68' lang='grc' dir='ltr'>καταϐάλι</span> 
     </span>
    </p>
   </div>
   <div class='ocr_carea' id='block_1_33' title="bbox 2202 1763 3736 1837">
    <p class='ocr_par' dir='ltr' id='par_1_33' title="bbox 2202 1763 3736 1837">
     <span class='ocr_line' id='line_1_33' title="bbox 2202 1763 3736 1837; baseline 0.003 -21"><span class='ocrx_word' id='word_1_225' title='bbox 2202 1763 2306 1818; x_wconf 85' lang='grc' dir='ltr'>λει.</span> <span class='ocrx_word' id='word_1_226' title='bbox 2360 1765 2574 1836; x_wconf 78' lang='grc' dir='ltr'>’Ὠσπερ</span> <span class='ocrx_word' id='word_1_227' title='bbox 2617 1766 2725 1837; x_wconf 79' lang='grc' dir='ltr'><strong>γὰρ</strong></span> <span class='ocrx_word' id='word_1_228' title='bbox 2774 1767 2940 1836; x_wconf 82' lang='grc' dir='ltr'>βάρος</span> <span class='ocrx_word' id='word_1_229' title='bbox 2994 1763 3230 1831; x_wconf 81' lang='grc' dir='ltr'>κατέαξε</span> <span class='ocrx_word' id='word_1_230' title='bbox 3270 1766 3458 1820; x_wconf 82' lang='grc' dir='ltr'>κλῶνα</span> <span class='ocrx_word' id='word_1_231' title='bbox 3487 1766 3736 1837; x_wconf 79' lang='grc' dir='ltr'>ἔγκαρπον,</span> 
     </span>
    </p>
   </div>
   <div class='ocr_carea' id='block_1_34' title="bbox 511 1846 2102 1936">
    <p class='ocr_par' dir='ltr' id='par_1_34' title="bbox 511 1861 2102 1936">
     <span class='ocr_line' id='line_1_34' title="bbox 511 1861 2102 1936; baseline 0.003 -20"><span class='ocrx_word' id='word_1_232' title='bbox 511 1861 610 1931; x_wconf 91' lang='lat' dir='ltr'><strong>qui</strong></span> <span class='ocrx_word' id='word_1_233' title='bbox 633 1877 743 1916; x_wconf 92' lang='lat' dir='ltr'><strong>non</strong></span> <span class='ocrx_word' id='word_1_234' title='bbox 771 1877 943 1915; x_wconf 89' lang='lat' dir='ltr'><strong>unum</strong></span> <span class='ocrx_word' id='word_1_235' title='bbox 967 1861 1135 1916; x_wconf 87' lang='lat' dir='ltr'><strong>modo</strong></span> <span class='ocrx_word' id='word_1_236' title='bbox 1157 1861 1406 1933; x_wconf 89' lang='lat' dir='ltr'><strong>corporis</strong></span> <span class='ocrx_word' id='word_1_237' title='bbox 1428 1863 1758 1929; x_wconf 89' lang='lat' dir='ltr'><strong>membrum,</strong></span> <span class='ocrx_word' id='word_1_238' title='bbox 1779 1866 1872 1920; x_wconf 88' lang='lat' dir='ltr'><strong>sed</strong></span> <span class='ocrx_word' id='word_1_239' title='bbox 1905 1881 2102 1936; x_wconf 91' lang='lat' dir='ltr'><strong>corpus</strong></span> 
     </span>
    </p>
   </div>
   <div class='ocr_carea' id='block_1_35' title="bbox 2204 1846 3738 1936">
    <p class='ocr_par' dir='ltr' id='par_1_35' title="bbox 2207 1853 3738 1928">
     <span class='ocr_line' id='line_1_35' title="bbox 2207 1853 3738 1928; baseline 0.001 -22"><span class='ocrx_word' id='word_1_240' title='bbox 2207 1853 2382 1918; x_wconf 79' lang='grc' dir='ltr'>οὕτως</span> <span class='ocrx_word' id='word_1_241' title='bbox 2420 1856 2774 1926; x_wconf 80' lang='grc' dir='ltr'>ὑπερηφανία</span> <span class='ocrx_word' id='word_1_242' title='bbox 2801 1857 2975 1928; x_wconf 71' lang='grc' dir='ltr'>ψυχὴν</span> <span class='ocrx_word' id='word_1_243' title='bbox 3009 1857 3266 1926; x_wconf 78' lang='grc' dir='ltr'>ἐνάρετον</span> <span class='ocrx_word' id='word_1_244' title='bbox 3295 1856 3634 1910; x_wconf 86' lang='grc' dir='ltr'>καταϐάλλει.</span> <span class='ocrx_word' id='word_1_245' title='bbox 3663 1858 3738 1910; x_wconf 77' lang='grc' dir='ltr'><strong>Καὶ</strong></span> 
     </span>
    </p>
   </div>
   <div class='ocr_carea' id='block_1_36' title="bbox 510 1951 2099 2023">
    <p class='ocr_par' dir='ltr' id='par_1_36' title="bbox 510 1951 2099 2023">
     <span class='ocr_line' id='line_1_36' title="bbox 510 1951 2099 2023; baseline 0.003 -17"><span class='ocrx_word' id='word_1_246' title='bbox 510 1951 695 2023; x_wconf 89' lang='lat' dir='ltr'><strong>ipsum</strong></span> <span class='ocrx_word' id='word_1_247' title='bbox 734 1952 856 2006; x_wconf 87' lang='lat' dir='ltr'><strong>dira</strong></span> <span class='ocrx_word' id='word_1_248' title='bbox 903 1952 1239 2022; x_wconf 88' lang='lat' dir='ltr'><strong>putrilagine</strong></span> <span class='ocrx_word' id='word_1_249' title='bbox 1282 1953 1623 2023; x_wconf 88' lang='lat' dir='ltr'><strong>depascitur,</strong></span> <span class='ocrx_word' id='word_1_250' title='bbox 1653 1955 1832 2019; x_wconf 85' lang='lat' dir='ltr'><strong>vitiat,</strong></span> <span class='ocrx_word' id='word_1_251' title='bbox 1856 1956 2099 2012; x_wconf 83' lang='lat' dir='ltr'><strong>conﬁcit.</strong></span> 
     </span>
    </p>
   </div>
   <div class='ocr_carea' id='block_1_37' title="bbox 509 2041 2102 2115">
    <p class='ocr_par' dir='ltr' id='par_1_37' title="bbox 509 2041 2102 2115">
     <span class='ocr_line' id='line_1_37' title="bbox 509 2041 2102 2115; baseline 0.003 -18"><span class='ocrx_word' id='word_1_252' title='bbox 509 2041 652 2097; x_wconf 78' lang='lat' dir='ltr'><strong>Alia:</strong></span> <span class='ocrx_word' id='word_1_253' title='bbox 701 2044 852 2098; x_wconf 87' lang='lat' dir='ltr'><strong>enim</strong></span> <span class='ocrx_word' id='word_1_254' title='bbox 918 2052 1359 2114; x_wconf 58' lang='lat' dir='ltr'><strong>quantaecunque</strong></span> <span class='ocrx_word' id='word_1_255' title='bbox 1410 2046 1696 2115; x_wconf 88' lang='lat' dir='ltr'><strong>passiones</strong></span> <span class='ocrx_word' id='word_1_256' title='bbox 1751 2047 1884 2110; x_wconf 92' lang='lat' dir='ltr'><strong>sint,</strong></span> <span class='ocrx_word' id='word_1_257' title='bbox 1935 2062 2102 2102; x_wconf 90' lang='lat' dir='ltr'><strong>unam</strong></span> 
     </span>
    </p>
   </div>
   <div class='ocr_carea' id='block_1_38' title="bbox 510 2135 2099 2206">
    <p class='ocr_par' dir='ltr' id='par_1_38' title="bbox 510 2135 2099 2206">
     <span class='ocr_line' id='line_1_38' title="bbox 510 2135 2099 2206; baseline 0.001 -16"><span class='ocrx_word' id='word_1_258' title='bbox 510 2135 752 2206; x_wconf 78' lang='lat' dir='ltr'><strong>aliquam</strong></span> <span class='ocrx_word' id='word_1_259' title='bbox 780 2136 1091 2205; x_wconf 88' lang='lat' dir='ltr'><strong>portionem</strong></span> <span class='ocrx_word' id='word_1_260' title='bbox 1119 2135 1315 2190; x_wconf 68' lang='lat' dir='ltr'><strong>animae</strong></span> <span class='ocrx_word' id='word_1_261' title='bbox 1352 2136 1468 2191; x_wconf 88' lang='lat' dir='ltr'><strong>suis</strong></span> <span class='ocrx_word' id='word_1_262' title='bbox 1496 2136 1792 2192; x_wconf 70' lang='lat' dir='ltr'><strong>offundunt</strong></span> <span class='ocrx_word' id='word_1_263' title='bbox 1833 2136 2099 2204; x_wconf 89' lang='lat' dir='ltr'><strong>tenebris,</strong></span> 
     </span>
    </p>
   </div>
   <div class='ocr_carea' id='block_1_39' title="bbox 510 2229 2102 2302">
    <p class='ocr_par' dir='ltr' id='par_1_39' title="bbox 510 2229 2102 2302">
     <span class='ocr_line' id='line_1_39' title="bbox 510 2229 2102 2302; baseline 0.001 -18"><span class='ocrx_word' id='word_1_264' title='bbox 510 2237 677 2299; x_wconf 86' lang='lat' dir='ltr'><strong>atque</strong></span> <span class='ocrx_word' id='word_1_265' title='bbox 694 2243 812 2302; x_wconf 79' lang='lat' dir='ltr'><strong>eam</strong></span> <span class='ocrx_word' id='word_1_266' title='bbox 837 2229 1173 2283; x_wconf 88' lang='lat' dir='ltr'><strong>ubturbant:</strong></span> <span class='ocrx_word' id='word_1_267' title='bbox 1204 2229 1481 2298; x_wconf 83' lang='lat' dir='ltr'><strong>superbiae</strong></span> <span class='ocrx_word' id='word_1_268' title='bbox 1507 2230 1862 2300; x_wconf 86' lang='lat' dir='ltr'><strong>intemperies</strong></span> <span class='ocrx_word' id='word_1_269' title='bbox 1891 2231 2102 2286; x_wconf 89' lang='lat' dir='ltr'><strong>nullam</strong></span> 
     </span>
    </p>
   </div>
   <div class='ocr_carea' id='block_1_40' title="bbox 511 2318 2105 2390">
    <p class='ocr_par' dir='ltr' id='par_1_40' title="bbox 511 2318 2105 2390">
     <span class='ocr_line' id='line_1_40' title="bbox 511 2318 2105 2390; baseline 0.001 -17"><span class='ocrx_word' id='word_1_270' title='bbox 511 2334 624 2373; x_wconf 89' lang='lat' dir='ltr'><strong>non</strong></span> <span class='ocrx_word' id='word_1_271' title='bbox 655 2318 854 2374; x_wconf 69' lang='lat' dir='ltr'><strong>anima:</strong></span> <span class='ocrx_word' id='word_1_272' title='bbox 878 2319 989 2372; x_wconf 87' lang='lat' dir='ltr'><strong>vim</strong></span> <span class='ocrx_word' id='word_1_273' title='bbox 1015 2318 1294 2374; x_wconf 85' lang='lat' dir='ltr'><strong>horrenda</strong></span> <span class='ocrx_word' id='word_1_274' title='bbox 1319 2319 1550 2390; x_wconf 84' lang='lat' dir='ltr'><strong>caligine</strong></span> <span class='ocrx_word' id='word_1_275' title='bbox 1581 2319 1996 2384; x_wconf 84' lang='lat' dir='ltr'><strong>circumfundit,</strong></span> <span class='ocrx_word' id='word_1_276' title='bbox 2020 2321 2105 2375; x_wconf 84' lang='lat' dir='ltr'><strong>in-</strong></span> 
     </span>
    </p>
   </div>
   <div class='ocr_carea' id='block_1_41' title="bbox 511 2411 2103 2482">
    <p class='ocr_par' dir='ltr' id='par_1_41' title="bbox 511 2411 2103 2482">
     <span class='ocr_line' id='line_1_41' title="bbox 511 2411 2103 2482; baseline 0.004 -19"><span class='ocrx_word' id='word_1_277' title='bbox 511 2427 620 2480; x_wconf 91' lang='lat' dir='ltr'><strong>que</strong></span> <span class='ocrx_word' id='word_1_278' title='bbox 638 2427 747 2464; x_wconf 88' lang='lat' dir='ltr'><strong>non</strong></span> <span class='ocrx_word' id='word_1_279' title='bbox 774 2411 1081 2480; x_wconf 90' lang='lat' dir='ltr'><strong>simplicem</strong></span> <span class='ocrx_word' id='word_1_280' title='bbox 1105 2411 1326 2466; x_wconf 88' lang='lat' dir='ltr'><strong>ruinam</strong></span> <span class='ocrx_word' id='word_1_281' title='bbox 1352 2411 1466 2482; x_wconf 83' lang='lat' dir='ltr'><strong>agit</strong></span> <span class='ocrx_word' id='word_1_282' title='bbox 1510 2412 1869 2482; x_wconf 72' lang='lat' dir='ltr'><strong>praecipitem.</strong></span> <span class='ocrx_word' id='word_1_283' title='bbox 1906 2413 2103 2469; x_wconf 83' lang='lat' dir='ltr'><strong>Anima</strong></span> 
     </span>
    </p>
   </div>
   <div class='ocr_carea' id='block_1_42' title="bbox 508 2501 2104 2573">
    <p class='ocr_par' dir='ltr' id='par_1_42' title="bbox 508 2501 2104 2573">
     <span class='ocr_line' id='line_1_42' title="bbox 508 2501 2104 2573; baseline 0.002 -18"><span class='ocrx_word' id='word_1_284' title='bbox 508 2502 661 2555; x_wconf 89' lang='lat' dir='ltr'><strong>enim</strong></span> <span class='ocrx_word' id='word_1_285' title='bbox 707 2501 936 2570; x_wconf 89' lang='lat' dir='ltr'><strong>superbi</strong></span> <span class='ocrx_word' id='word_1_286' title='bbox 968 2501 1024 2556; x_wconf 94' lang='lat' dir='ltr'><strong>in</strong></span> <span class='ocrx_word' id='word_1_287' title='bbox 1058 2502 1380 2572; x_wconf 71' lang='lat' dir='ltr'><strong>prazcelsum</strong></span> <span class='ocrx_word' id='word_1_288' title='bbox 1403 2503 1628 2573; x_wconf 90' lang='lat' dir='ltr'><strong>aliquod</strong></span> <span class='ocrx_word' id='word_1_289' title='bbox 1663 2519 1728 2559; x_wconf 89' lang='lat' dir='ltr'><strong>ac</strong></span> <span class='ocrx_word' id='word_1_290' title='bbox 1753 2505 1990 2560; x_wconf 87' lang='lat' dir='ltr'><strong>sublime</strong></span> <span class='ocrx_word' id='word_1_291' title='bbox 2019 2504 2104 2558; x_wconf 80' lang='lat' dir='ltr'><strong>fa-</strong></span> 
     </span>
    </p>
   </div>
   <div class='ocr_carea' id='block_1_43' title="bbox 510 2591 2106 2663">
    <p class='ocr_par' dir='ltr' id='par_1_43' title="bbox 510 2591 2106 2663">
     <span class='ocr_line' id='line_1_43' title="bbox 510 2591 2106 2663; baseline 0.001 -17"><span class='ocrx_word' id='word_1_292' title='bbox 510 2592 735 2663; x_wconf 88' lang='lat' dir='ltr'><strong>stigium</strong></span> <span class='ocrx_word' id='word_1_293' title='bbox 773 2591 974 2646; x_wconf 89' lang='lat' dir='ltr'><strong>sinitur</strong></span> <span class='ocrx_word' id='word_1_294' title='bbox 1009 2593 1406 2658; x_wconf 90' lang='lat' dir='ltr'><strong>conscendere,</strong></span> <span class='ocrx_word' id='word_1_295' title='bbox 1455 2592 1601 2647; x_wconf 90' lang='lat' dir='ltr'><strong>unde</strong></span> <span class='ocrx_word' id='word_1_296' title='bbox 1639 2593 1983 2648; x_wconf 88' lang='lat' dir='ltr'><strong>commodius</strong></span> <span class='ocrx_word' id='word_1_297' title='bbox 2015 2594 2106 2648; x_wconf 88' lang='lat' dir='ltr'><strong>de-</strong></span> 
     </span>
    </p>
   </div>
   <div class='ocr_carea' id='block_1_44' title="bbox 512 2682 2104 2754">
    <p class='ocr_par' dir='ltr' id='par_1_44' title="bbox 512 2682 2104 2754">
     <span class='ocr_line' id='line_1_44' title="bbox 512 2682 2104 2754; baseline 0.001 -17"><span class='ocrx_word' id='word_1_298' title='bbox 512 2682 768 2738; x_wconf 88' lang='lat' dir='ltr'><strong>turhetur</strong></span> <span class='ocrx_word' id='word_1_299' title='bbox 811 2683 868 2736; x_wconf 90' lang='lat' dir='ltr'><strong>in</strong></span> <span class='ocrx_word' id='word_1_300' title='bbox 925 2683 1230 2753; x_wconf 88' lang='lat' dir='ltr'><strong>subjectam</strong></span> <span class='ocrx_word' id='word_1_301' title='bbox 1279 2684 1514 2738; x_wconf 82' lang='lat' dir='ltr'><strong>foveam.</strong></span> <span class='ocrx_word' id='word_1_302' title='bbox 1573 2683 1644 2740; x_wconf 90' lang='lat' dir='ltr'><strong>Ut</strong></span> <span class='ocrx_word' id='word_1_303' title='bbox 1689 2701 1899 2739; x_wconf 89' lang='lat' dir='ltr'><strong>ramum</strong></span> <span class='ocrx_word' id='word_1_304' title='bbox 1947 2685 2104 2754; x_wconf 90' lang='lat' dir='ltr'><strong>copia</strong></span> 
     </span>
    </p>
   </div>
   <div class='ocr_carea' id='block_1_45' title="bbox 511 2763 2102 2848">
    <p class='ocr_par' dir='ltr' id='par_1_45' title="bbox 511 2763 2102 2848">
     <span class='ocr_line' id='line_1_45' title="bbox 511 2763 2102 2848; baseline 0.001 -19"><span class='ocrx_word' id='word_1_305' title='bbox 511 2775 798 2830; x_wconf 82' lang='lat' dir='ltr'><strong>fructuum</strong></span> <span class='ocrx_word' id='word_1_306' title='bbox 831 2763 1240 2828; x_wconf 38' lang='lat' dir='ltr'><strong>exuberanlem&#39;</strong></span> <span class='ocrx_word' id='word_1_307' title='bbox 1285 2775 1460 2830; x_wconf 86' lang='lat' dir='ltr'><strong>moles</strong></span> <span class='ocrx_word' id='word_1_308' title='bbox 1498 2791 1734 2831; x_wconf 89' lang='lat' dir='ltr'><strong>onerosa</strong></span> <span class='ocrx_word' id='word_1_309' title='bbox 1781 2777 2102 2848; x_wconf 81' lang='lat' dir='ltr'><strong>diﬂ&#39;ringere</strong></span> 
     </span>
    </p>
   </div>
   <div class='ocr_carea' id='block_1_46' title="bbox 513 2865 2106 2940">
    <p class='ocr_par' dir='ltr' id='par_1_46' title="bbox 513 2865 2106 2940">
     <span class='ocr_line' id='line_1_46' title="bbox 513 2865 2106 2940; baseline 0.002 -19"><span class='ocrx_word' id='word_1_310' title='bbox 513 2867 679 2932; x_wconf 84' lang='lat' dir='ltr'><strong>solet,</strong></span> <span class='ocrx_word' id='word_1_311' title='bbox 743 2865 823 2920; x_wconf 91' lang='lat' dir='ltr'><strong>sic</strong></span> <span class='ocrx_word' id='word_1_312' title='bbox 873 2866 1113 2920; x_wconf 91' lang='lat' dir='ltr'><strong>animam</strong></span> <span class='ocrx_word' id='word_1_313' title='bbox 1173 2883 1494 2937; x_wconf 78' lang='lat' dir='ltr'><strong>generosam</strong></span> <span class='ocrx_word' id='word_1_314' title='bbox 1551 2869 1955 2940; x_wconf 83' lang='lat' dir='ltr'><strong>multiplicique</strong></span> <span class='ocrx_word' id='word_1_315' title='bbox 1986 2869 2106 2924; x_wconf 86' lang='lat' dir='ltr'><strong>l&#39;etu</strong></span> 
     </span>
    </p>
   </div>
   <div class='ocr_carea' id='block_1_47' title="bbox 512 2957 2104 3032">
    <p class='ocr_par' dir='ltr' id='par_1_47' title="bbox 512 2957 2104 3032">
     <span class='ocr_line' id='line_1_47' title="bbox 512 2957 2104 3032; baseline 0.003 -21"><span class='ocrx_word' id='word_1_316' title='bbox 512 2958 782 3012; x_wconf 84' lang='lat' dir='ltr'><strong>virtutum</strong></span> <span class='ocrx_word' id='word_1_317' title='bbox 823 2957 1177 3026; x_wconf 74' lang='lat' dir='ltr'><strong>praefertilem</strong></span> <span class='ocrx_word' id='word_1_318' title='bbox 1229 2960 1556 3029; x_wconf 89' lang='lat' dir='ltr'><strong>plerumque</strong></span> <span class='ocrx_word' id='word_1_319' title='bbox 1605 2961 1862 3030; x_wconf 88' lang='lat' dir='ltr'><strong>superbia</strong></span> <span class='ocrx_word' id='word_1_320' title='bbox 1916 2962 2104 3032; x_wconf 86' lang='lat' dir='ltr'><strong>dejicit</strong></span> 
     </span>
    </p>
   </div>
   <div class='ocr_carea' id='block_1_48' title="bbox 512 3047 2104 3119">
    <p class='ocr_par' dir='ltr' id='par_1_48' title="bbox 512 3047 2104 3119">
     <span class='ocr_line' id='line_1_48' title="bbox 512 3047 2104 3119; baseline 0.004 -17"><span class='ocrx_word' id='word_1_321' title='bbox 512 3047 710 3119; x_wconf 90' lang='lat' dir='ltr'><strong>gradu.</strong></span> <span class='ocrx_word' id='word_1_322' title='bbox 741 3047 1216 3115; x_wconf 80' lang='lat' dir='ltr'><strong>Quemadmodum</strong></span> <span class='ocrx_word' id='word_1_323' title='bbox 1274 3051 1491 3106; x_wconf 81' lang='lat' dir='ltr'><strong>fructus</strong></span> <span class='ocrx_word' id='word_1_324' title='bbox 1536 3068 1787 3108; x_wconf 91' lang='lat' dir='ltr'><strong>marcore</strong></span> <span class='ocrx_word' id='word_1_325' title='bbox 1819 3062 1913 3108; x_wconf 90' lang='lat' dir='ltr'><strong>aut</strong></span> <span class='ocrx_word' id='word_1_326' title='bbox 1955 3054 2104 3109; x_wconf 86' lang='lat' dir='ltr'><strong>carie</strong></span> 
     </span>
    </p>
   </div>
   <div class='ocr_carea' id='block_1_49' title="bbox 515 3140 2101 3212">
    <p class='ocr_par' dir='ltr' id='par_1_49' title="bbox 515 3140 2101 3212">
     <span class='ocr_line' id='line_1_49' title="bbox 515 3140 2101 3212; baseline 0.004 -18"><span class='ocrx_word' id='word_1_327' title='bbox 515 3140 742 3194; x_wconf 82' lang='lat' dir='ltr'><strong>vitiatus</strong></span> <span class='ocrx_word' id='word_1_328' title='bbox 771 3141 972 3195; x_wconf 92' lang='lat' dir='ltr'><strong>cultori</strong></span> <span class='ocrx_word' id='word_1_329' title='bbox 1001 3156 1102 3195; x_wconf 92' lang='lat' dir='ltr'><strong>suo</strong></span> <span class='ocrx_word' id='word_1_330' title='bbox 1130 3142 1269 3196; x_wconf 86' lang='lat' dir='ltr'><strong>nihil</strong></span> <span class='ocrx_word' id='word_1_331' title='bbox 1296 3142 1457 3198; x_wconf 78' lang='lat' dir='ltr'><strong>aliert</strong></span> <span class='ocrx_word' id='word_1_332' title='bbox 1485 3145 1780 3212; x_wconf 87' lang='lat' dir='ltr'><strong>commodi,</strong></span> <span class='ocrx_word' id='word_1_333' title='bbox 1823 3145 1897 3199; x_wconf 91' lang='lat' dir='ltr'><strong>ita</strong></span> <span class='ocrx_word' id='word_1_334' title='bbox 1927 3155 1982 3200; x_wconf 93' lang='lat' dir='ltr'><strong>et</strong></span> <span class='ocrx_word' id='word_1_335' title='bbox 2004 3161 2101 3200; x_wconf 87' lang='lat' dir='ltr'><strong>su-</strong></span> 
     </span>
    </p>
   </div>
   <div class='ocr_carea' id='block_1_50' title="bbox 511 3230 2099 3306">
    <p class='ocr_par' dir='ltr' id='par_1_50' title="bbox 511 3230 2099 3306">
     <span class='ocr_line' id='line_1_50' title="bbox 511 3230 2099 3306; baseline 0.004 -22"><span class='ocrx_word' id='word_1_336' title='bbox 511 3230 671 3301; x_wconf 90' lang='lat' dir='ltr'><strong>perbi</strong></span> <span class='ocrx_word' id='word_1_337' title='bbox 704 3232 880 3286; x_wconf 91' lang='lat' dir='ltr'><strong>oratio</strong></span> <span class='ocrx_word' id='word_1_338' title='bbox 904 3232 1042 3286; x_wconf 88' lang='lat' dir='ltr'><strong>nihil</strong></span> <span class='ocrx_word' id='word_1_339' title='bbox 1072 3248 1138 3287; x_wconf 84' lang='lat' dir='ltr'><strong>ex</strong></span> <span class='ocrx_word' id='word_1_340' title='bbox 1160 3233 1274 3287; x_wconf 91' lang='lat' dir='ltr'><strong>Deo</strong></span> <span class='ocrx_word' id='word_1_341' title='bbox 1328 3235 1571 3288; x_wconf 89' lang='lat' dir='ltr'><strong>relatura</strong></span> <span class='ocrx_word' id='word_1_342' title='bbox 1602 3241 1686 3289; x_wconf 91' lang='lat' dir='ltr'><strong>est</strong></span> <span class='ocrx_word' id='word_1_343' title='bbox 1717 3233 1892 3306; x_wconf 78' lang='lat' dir='ltr'><strong>frugis</strong></span> <span class='ocrx_word' id='word_1_344' title='bbox 1917 3235 2099 3290; x_wconf 67' lang='lat' dir='ltr'><strong>bonae.</strong></span> 
     </span>
    </p>
   </div>
   <div class='ocr_carea' id='block_1_51' title="bbox 509 3316 2102 3396">
    <p class='ocr_par' dir='ltr' id='par_1_51' title="bbox 509 3316 2102 3396">
     <span class='ocr_line' id='line_1_51' title="bbox 509 3316 2102 3396; baseline 0.004 -22"><span class='ocrx_word' id='word_1_345' title='bbox 509 3317 592 3375; x_wconf 88' lang='lat' dir='ltr'><strong>Ne</strong></span> <span class='ocrx_word' id='word_1_346' title='bbox 639 3319 858 3376; x_wconf 91' lang='lat' dir='ltr'><strong>dederis</strong></span> <span class='ocrx_word' id='word_1_347' title='bbox 913 3316 1191 3391; x_wconf 64' lang='lat' dir='ltr'><strong>superbiae</strong></span> <span class='ocrx_word' id='word_1_348' title='bbox 1233 3322 1472 3377; x_wconf 87' lang='lat' dir='ltr'><strong>animam</strong></span> <span class='ocrx_word' id='word_1_349' title='bbox 1511 3331 1703 3391; x_wconf 89' lang='lat' dir='ltr'><strong>tuam;</strong></span> <span class='ocrx_word' id='word_1_350' title='bbox 1744 3335 1800 3379; x_wconf 90' lang='lat' dir='ltr'><strong>ct</strong></span> <span class='ocrx_word' id='word_1_351' title='bbox 1835 3325 2102 3396; x_wconf 86' lang='lat' dir='ltr'><strong>imagines</strong></span> 
     </span>
    </p>
   </div>
   <div class='ocr_carea' id='block_1_52' title="bbox 512 3413 2105 3489">
    <p class='ocr_par' dir='ltr' id='par_1_52' title="bbox 512 3413 2105 3489">
     <span class='ocr_line' id='line_1_52' title="bbox 512 3413 2105 3489; baseline 0.002 -21"><span class='ocrx_word' id='word_1_352' title='bbox 512 3413 819 3469; x_wconf 89' lang='lat' dir='ltr'><strong>horrendas</strong></span> <span class='ocrx_word' id='word_1_353' title='bbox 845 3421 1011 3484; x_wconf 90' lang='lat' dir='ltr'><strong>atque</strong></span> <span class='ocrx_word' id='word_1_354' title='bbox 1035 3415 1224 3484; x_wconf 86' lang='lat' dir='ltr'><strong>plenas</strong></span> <span class='ocrx_word' id='word_1_355' title='bbox 1253 3415 1562 3471; x_wconf 80' lang='lat' dir='ltr'><strong>formidinis</strong></span> <span class='ocrx_word' id='word_1_356' title='bbox 1597 3433 1707 3471; x_wconf 89' lang='lat' dir='ltr'><strong>non</strong></span> <span class='ocrx_word' id='word_1_357' title='bbox 1735 3418 1949 3489; x_wconf 89' lang='lat' dir='ltr'><strong>cogeris</strong></span> <span class='ocrx_word' id='word_1_358' title='bbox 1977 3434 2105 3488; x_wconf 90' lang='lat' dir='ltr'><strong>per-</strong></span> 
     </span>
    </p>
   </div>
   <div class='ocr_carea' id='block_1_53' title="bbox 512 3505 2106 3575">
    <p class='ocr_par' dir='ltr' id='par_1_53' title="bbox 512 3505 2106 3575">
     <span class='ocr_line' id='line_1_53' title="bbox 512 3505 2106 3575; baseline 0.001 -15"><span class='ocrx_word' id='word_1_359' title='bbox 512 3505 772 3575; x_wconf 88' lang='lat' dir='ltr'><strong>spicere;</strong></span> <span class='ocrx_word' id='word_1_360' title='bbox 831 3506 1016 3559; x_wconf 88' lang='lat' dir='ltr'><strong>anima</strong></span> <span class='ocrx_word' id='word_1_361' title='bbox 1075 3505 1224 3560; x_wconf 89' lang='lat' dir='ltr'><strong>enim</strong></span> <span class='ocrx_word' id='word_1_362' title='bbox 1276 3505 1501 3575; x_wconf 91' lang='lat' dir='ltr'><strong>superbi</strong></span> <span class='ocrx_word' id='word_1_363' title='bbox 1551 3506 1738 3562; x_wconf 90' lang='lat' dir='ltr'><strong>divino</strong></span> <span class='ocrx_word' id='word_1_364' title='bbox 1782 3507 2106 3562; x_wconf 90' lang='lat' dir='ltr'><strong>destituitur</strong></span> 
     </span>
    </p>
   </div>
   <div class='ocr_carea' id='block_1_54' title="bbox 514 3596 2104 3667">
    <p class='ocr_par' dir='ltr' id='par_1_54' title="bbox 514 3596 2104 3667">
     <span class='ocr_line' id='line_1_54' title="bbox 514 3596 2104 3667; baseline 0.003 -17"><span class='ocrx_word' id='word_1_365' title='bbox 514 3596 770 3666; x_wconf 61' lang='lat' dir='ltr'><strong>praesidio</strong></span> <span class='ocrx_word' id='word_1_366' title='bbox 799 3614 811 3649; x_wconf 94' lang='lat'><strong>:</strong></span> <span class='ocrx_word' id='word_1_367' title='bbox 851 3613 962 3667; x_wconf 91' lang='lat' dir='ltr'><strong>quo</strong></span> <span class='ocrx_word' id='word_1_368' title='bbox 991 3596 1071 3660; x_wconf 78' lang='lat' dir='ltr'><strong>fit,</strong></span> <span class='ocrx_word' id='word_1_369' title='bbox 1109 3605 1170 3651; x_wconf 93' lang='lat' dir='ltr'><strong>ut</strong></span> <span class='ocrx_word' id='word_1_370' title='bbox 1204 3597 1260 3650; x_wconf 91' lang='lat' dir='ltr'><strong>in</strong></span> <span class='ocrx_word' id='word_1_371' title='bbox 1295 3596 1605 3653; x_wconf 64' lang='lat' dir='ltr'><strong>dmmonum</strong></span> <span class='ocrx_word' id='word_1_372' title='bbox 1662 3607 1911 3654; x_wconf 88' lang='lat' dir='ltr'><strong>vertatur</strong></span> <span class='ocrx_word' id='word_1_373' title='bbox 1957 3599 2104 3654; x_wconf 89' lang='lat' dir='ltr'><strong>ludi-</strong></span> 
     </span>
    </p>
   </div>
   <div class='ocr_carea' id='block_1_55' title="bbox 513 3683 2142 3756">
    <p class='ocr_par' dir='ltr' id='par_1_55' title="bbox 513 3683 2142 3756">
     <span class='ocr_line' id='line_1_55' title="bbox 513 3683 2142 3756; baseline 0.006 -19"><span class='ocrx_word' id='word_1_374' title='bbox 513 3683 697 3737; x_wconf 88' lang='lat' dir='ltr'><strong>brium</strong></span> <span class='ocrx_word' id='word_1_375' title='bbox 754 3700 819 3739; x_wconf 89' lang='lat' dir='ltr'><strong>ac</strong></span> <span class='ocrx_word' id='word_1_376' title='bbox 868 3684 1232 3739; x_wconf 89' lang='lat' dir='ltr'><strong>deridiculam</strong></span> <span class='ocrx_word' id='word_1_377' title='bbox 1298 3687 1749 3756; x_wconf 85' lang='lat' dir='ltr'><strong>gratulationem.</strong></span> <span class='ocrx_word' id='word_1_378' title='bbox 1803 3687 2142 3746; x_wconf 84' lang='lat' dir='ltr'><strong>Monachus.</strong></span> 
     </span>
    </p>
   </div>
   <div class='ocr_carea' id='block_1_56' title="bbox 512 3775 2103 3850">
    <p class='ocr_par' dir='ltr' id='par_1_56' title="bbox 512 3775 2103 3850">
     <span class='ocr_line' id='line_1_56' title="bbox 512 3775 2103 3850; baseline 0.005 -22"><span class='ocrx_word' id='word_1_379' title='bbox 512 3775 790 3844; x_wconf 81' lang='lat' dir='ltr'><strong>superbus</strong></span> <span class='ocrx_word' id='word_1_380' title='bbox 814 3775 982 3830; x_wconf 91' lang='lat' dir='ltr'><strong>arbor</strong></span> <span class='ocrx_word' id='word_1_381' title='bbox 1008 3791 1236 3845; x_wconf 91' lang='lat' dir='ltr'><strong>prorsus</strong></span> <span class='ocrx_word' id='word_1_382' title='bbox 1265 3776 1584 3848; x_wconf 85' lang='lat' dir='ltr'><strong>infrugil‘era</strong></span> <span class='ocrx_word' id='word_1_383' title='bbox 1605 3785 1721 3834; x_wconf 90' lang='lat' dir='ltr'><strong>est:</strong></span> <span class='ocrx_word' id='word_1_384' title='bbox 1749 3779 1952 3850; x_wconf 83' lang='lat' dir='ltr'><strong>quippe</strong></span> <span class='ocrx_word' id='word_1_385' title='bbox 1980 3796 2103 3850; x_wconf 74' lang='lat' dir='ltr'><strong>quae</strong></span> 
     </span>
    </p>
   </div>
   <div class='ocr_carea' id='block_1_57' title="bbox 513 3867 2104 3940">
    <p class='ocr_par' dir='ltr' id='par_1_57' title="bbox 513 3867 2104 3940">
     <span class='ocr_line' id='line_1_57' title="bbox 513 3867 2104 3940; baseline 0.003 -20"><span class='ocrx_word' id='word_1_386' title='bbox 513 3867 756 3921; x_wconf 89' lang='lat' dir='ltr'><strong>radicem</strong></span> <span class='ocrx_word' id='word_1_387' title='bbox 791 3882 900 3921; x_wconf 90' lang='lat' dir='ltr'><strong>non</strong></span> <span class='ocrx_word' id='word_1_388' title='bbox 932 3867 1120 3930; x_wconf 88' lang='lat' dir='ltr'><strong>habet,</strong></span> <span class='ocrx_word' id='word_1_389' title='bbox 1165 3881 1342 3937; x_wconf 86' lang='lat' dir='ltr'><strong>eoque</strong></span> <span class='ocrx_word' id='word_1_390' title='bbox 1391 3869 1666 3925; x_wconf 81' lang='lat' dir='ltr'><strong>violentas</strong></span> <span class='ocrx_word' id='word_1_391' title='bbox 1712 3870 2104 3940; x_wconf 85' lang='lat' dir='ltr'><strong>impressiones</strong></span> 
     </span>
    </p>
   </div>
   <div class='ocr_carea' id='block_1_58' title="bbox 511 3957 2104 4028">
    <p class='ocr_par' dir='ltr' id='par_1_58' title="bbox 511 3957 2104 4028">
     <span class='ocr_line' id='line_1_58' title="bbox 511 3957 2104 4028; baseline 0.003 -17"><span class='ocrx_word' id='word_1_392' title='bbox 511 3965 808 4011; x_wconf 77' lang='lat' dir='ltr'><strong>ventorum</strong></span> <span class='ocrx_word' id='word_1_393' title='bbox 845 3957 1212 4012; x_wconf 89' lang='lat' dir='ltr'><strong>assilientium</strong></span> <span class='ocrx_word' id='word_1_394' title='bbox 1263 3972 1544 4028; x_wconf 92' lang='lat' dir='ltr'><strong>nunquam</strong></span> <span class='ocrx_word' id='word_1_395' title='bbox 1608 3960 1771 4015; x_wconf 85' lang='lat' dir='ltr'><strong>feret.</strong></span> <span class='ocrx_word' id='word_1_396' title='bbox 1825 3959 2104 4027; x_wconf 86' lang='lat' dir='ltr'><strong>Quemad-</strong></span> 
     </span>
    </p>
   </div>
   <div class='ocr_carea' id='block_1_59' title="bbox 513 4051 2102 4128">
    <p class='ocr_par' dir='ltr' id='par_1_59' title="bbox 513 4051 2102 4128">
     <span class='ocr_line' id='line_1_59' title="bbox 513 4051 2102 4128; baseline 0.003 -23"><span class='ocrx_word' id='word_1_397' title='bbox 513 4051 739 4106; x_wconf 85' lang='lat' dir='ltr'><strong>modum</strong></span> <span class='ocrx_word' id='word_1_398' title='bbox 783 4052 1109 4107; x_wconf 79' lang='lat' dir='ltr'><strong>inundantis</strong></span> <span class='ocrx_word' id='word_1_399' title='bbox 1143 4069 1300 4124; x_wconf 62' lang='lat' dir='ltr'><strong>aquae</strong></span> <span class='ocrx_word' id='word_1_400' title='bbox 1333 4054 1504 4121; x_wconf 91' lang='lat' dir='ltr'><strong>bulla,</strong></span> <span class='ocrx_word' id='word_1_401' title='bbox 1543 4071 1668 4110; x_wconf 79' lang='lat' dir='ltr'><strong>mox</strong></span> <span class='ocrx_word' id='word_1_402' title='bbox 1705 4063 1766 4110; x_wconf 90' lang='lat' dir='ltr'><strong>ut</strong></span> <span class='ocrx_word' id='word_1_403' title='bbox 1803 4057 2102 4128; x_wconf 91' lang='lat' dir='ltr'><strong>rumpitur,</strong></span> 
     </span>
    </p>
   </div>
   <div class='ocr_carea' id='block_1_60' title="bbox 516 4144 2105 4214">
    <p class='ocr_par' dir='ltr' id='par_1_60' title="bbox 516 4144 2105 4214">
     <span class='ocr_line' id='line_1_60' title="bbox 516 4144 2105 4214; baseline 0.005 -18"><span class='ocrx_word' id='word_1_404' title='bbox 516 4158 642 4198; x_wconf 78' lang='lat' dir='ltr'><strong>mox</strong></span> <span class='ocrx_word' id='word_1_405' title='bbox 673 4144 974 4208; x_wconf 87' lang='lat' dir='ltr'><strong>evanescit,</strong></span> <span class='ocrx_word' id='word_1_406' title='bbox 1015 4145 1089 4199; x_wconf 91' lang='lat' dir='ltr'><strong>ita</strong></span> <span class='ocrx_word' id='word_1_407' title='bbox 1133 4145 1360 4214; x_wconf 89' lang='lat' dir='ltr'><strong>superbi</strong></span> <span class='ocrx_word' id='word_1_408' title='bbox 1393 4148 1661 4201; x_wconf 90' lang='lat' dir='ltr'><strong>memoria</strong></span> <span class='ocrx_word' id='word_1_409' title='bbox 1711 4164 1741 4202; x_wconf 92' lang='lat' dir='ltr'><strong>a</strong></span> <span class='ocrx_word' id='word_1_410' title='bbox 1791 4157 1970 4203; x_wconf 90' lang='lat' dir='ltr'><strong>morte</strong></span> <span class='ocrx_word' id='word_1_411' title='bbox 2017 4150 2105 4204; x_wconf 88' lang='lat' dir='ltr'><strong>vel</strong></span> 
     </span>
    </p>
   </div>
   <div class='ocr_carea' id='block_1_61' title="bbox 508 4231 2106 4304">
    <p class='ocr_par' dir='ltr' id='par_1_61' title="bbox 508 4231 2106 4304">
     <span class='ocr_line' id='line_1_61' title="bbox 508 4231 2106 4304; baseline 0.006 -19"><span class='ocrx_word' id='word_1_412' title='bbox 508 4239 796 4300; x_wconf 82' lang='lat' dir='ltr'><strong>momento</strong></span> <span class='ocrx_word' id='word_1_413' title='bbox 827 4231 1046 4302; x_wconf 90' lang='lat' dir='ltr'><strong>deperit</strong></span> <span class='ocrx_word' id='word_1_414' title='bbox 1065 4243 1230 4302; x_wconf 85' lang='lat' dir='ltr'><strong>atque</strong></span> <span class='ocrx_word' id='word_1_415' title='bbox 1252 4235 1606 4304; x_wconf 78' lang='lat' dir='ltr'><strong>intercipitur</strong></span> <span class='ocrx_word' id='word_1_416' title='bbox 1627 4237 1924 4292; x_wconf 88' lang='lat' dir='ltr'><strong>oblivione.</strong></span> <span class='ocrx_word' id='word_1_417' title='bbox 1951 4239 2106 4295; x_wconf 88' lang='lat' dir='ltr'><strong>Sicut</strong></span> 
     </span>
    </p>
   </div>
   <div class='ocr_carea' id='block_1_62' title="bbox 510 4323 2104 4395">
    <p class='ocr_par' dir='ltr' id='par_1_62' title="bbox 510 4323 2104 4395">
     <span class='ocr_line' id='line_1_62' title="bbox 510 4323 2104 4395; baseline 0.005 -19"><span class='ocrx_word' id='word_1_418' title='bbox 510 4323 752 4378; x_wconf 88' lang='lat' dir='ltr'><strong>modesti</strong></span> <span class='ocrx_word' id='word_1_419' title='bbox 791 4323 907 4378; x_wconf 90' lang='lat' dir='ltr'><strong>sive</strong></span> <span class='ocrx_word' id='word_1_420' title='bbox 929 4325 1157 4380; x_wconf 89' lang='lat' dir='ltr'><strong>humilis</strong></span> <span class='ocrx_word' id='word_1_421' title='bbox 1183 4326 1364 4380; x_wconf 92' lang='lat' dir='ltr'><strong>oratio</strong></span> <span class='ocrx_word' id='word_1_422' title='bbox 1412 4327 1509 4381; x_wconf 87' lang='lat' dir='ltr'><strong>Dei</strong></span> <span class='ocrx_word' id='word_1_423' title='bbox 1550 4327 1781 4384; x_wconf 82' lang='lat' dir='ltr'><strong>inﬂectit</strong></span> <span class='ocrx_word' id='word_1_424' title='bbox 1816 4330 1980 4395; x_wconf 89' lang='lat' dir='ltr'><strong>iram,</strong></span> <span class='ocrx_word' id='word_1_425' title='bbox 2030 4330 2104 4385; x_wconf 88' lang='lat' dir='ltr'><strong>ita</strong></span> 
     </span>
    </p>
   </div>
   <div class='ocr_carea' id='block_1_63' title="bbox 517 4413 2105 4490">
    <p class='ocr_par' dir='ltr' id='par_1_63' title="bbox 517 4413 2105 4490">
     <span class='ocr_line' id='line_1_63' title="bbox 517 4413 2105 4490; baseline 0.006 -24"><span class='ocrx_word' id='word_1_426' title='bbox 517 4414 744 4483; x_wconf 82' lang='lat' dir='ltr'><strong>superbi</strong></span> <span class='ocrx_word' id='word_1_427' title='bbox 795 4413 1116 4483; x_wconf 89' lang='lat' dir='ltr'><strong>deprecatio</strong></span> <span class='ocrx_word' id='word_1_428' title='bbox 1171 4416 1467 4472; x_wconf 80' lang='lat' dir='ltr'><strong>exacerbat</strong></span> <span class='ocrx_word' id='word_1_429' title='bbox 1522 4418 1718 4473; x_wconf 90' lang='lat' dir='ltr'><strong>Deum.</strong></span> <span class='ocrx_word' id='word_1_430' title='bbox 1776 4418 2105 4490; x_wconf 85' lang='lat' dir='ltr'><strong>Quicunque</strong></span> 
     </span>
    </p>
   </div>
   <div class='ocr_carea' id='block_1_64' title="bbox 2202 1944 3738 2020">
    <p class='ocr_par' dir='ltr' id='par_1_64' title="bbox 2202 1944 3738 2020">
     <span class='ocr_line' id='line_1_64' title="bbox 2202 1944 3738 2020; baseline 0.003 -22"><span class='ocrx_word' id='word_1_431' title='bbox 2202 1944 2390 2016; x_wconf 84' lang='grc' dir='ltr'>ὥσπερ</span> <span class='ocrx_word' id='word_1_432' title='bbox 2439 1949 2651 2018; x_wconf 84' lang='grc' dir='ltr'>καρπὸς</span> <span class='ocrx_word' id='word_1_433' title='bbox 2695 1947 2953 2017; x_wconf 85' lang='grc' dir='ltr'>σεσηπὼς</span> <span class='ocrx_word' id='word_1_434' title='bbox 3003 1949 3284 2020; x_wconf 81' lang='grc' dir='ltr'>ἄχρηστος</span> <span class='ocrx_word' id='word_1_435' title='bbox 3325 1945 3578 2020; x_wconf 83' lang='grc' dir='ltr'>γεωργῷ,</span> <span class='ocrx_word' id='word_1_436' title='bbox 3607 1950 3738 2012; x_wconf 74' lang='grc' dir='ltr'>οὕτως</span> 
     </span>
    </p>
   </div>
   <div class='ocr_carea' id='block_1_65' title="bbox 2200 2035 3739 2110">
    <p class='ocr_par' dir='ltr' id='par_1_65' title="bbox 2200 2035 3739 2110">
     <span class='ocr_line' id='line_1_65' title="bbox 2200 2035 3739 2110; baseline 0.002 -22"><span class='ocrx_word' id='word_1_437' title='bbox 2200 2035 2372 2108; x_wconf 82' lang='grc' dir='ltr'>ἀρετὴ</span> <span class='ocrx_word' id='word_1_438' title='bbox 2419 2037 2773 2108; x_wconf 79' lang='grc' dir='ltr'>ὑπερηφάνου</span> <span class='ocrx_word' id='word_1_439' title='bbox 2817 2040 2878 2091; x_wconf 88' lang='grc' dir='ltr'><strong>οὑ</strong></span> <span class='ocrx_word' id='word_1_440' title='bbox 2919 2038 3250 2110; x_wconf 73' lang='grc' dir='ltr'>χρησιμεύει</span> <span class='ocrx_word' id='word_1_441' title='bbox 3285 2039 3367 2110; x_wconf 81' lang='grc' dir='ltr'><strong>τῷ</strong></span> <span class='ocrx_word' id='word_1_442' title='bbox 3393 2039 3531 2110; x_wconf 84' lang='grc' dir='ltr'>Θεῷ.</span> <span class='ocrx_word' id='word_1_443' title='bbox 3561 2040 3643 2108; x_wconf 75' lang='grc' dir='ltr'><strong>Μὴ</strong></span> 
     </span>
    </p>
   </div>
   <div class='ocr_carea' id='block_1_66' title="bbox 2205 2129 3739 2202">
    <p class='ocr_par' dir='ltr' id='par_1_66' title="bbox 2205 2129 3739 2202">
     <span class='ocr_line' id='line_1_66' title="bbox 2205 2129 3739 2202; baseline 0 -20"><span class='ocrx_word' id='word_1_444' title='bbox 2205 2129 2555 2201; x_wconf 77' lang='grc' dir='ltr'>ὑπερηφανίᾳ</span> <span class='ocrx_word' id='word_1_445' title='bbox 2587 2130 2684 2202; x_wconf 79' lang='grc' dir='ltr'>σὴν</span> <span class='ocrx_word' id='word_1_446' title='bbox 2720 2129 2924 2202; x_wconf 81' lang='grc' dir='ltr'>ψυχὴν,</span> <span class='ocrx_word' id='word_1_447' title='bbox 2959 2133 3056 2184; x_wconf 68' lang='grc' dir='ltr'>καὶ</span> <span class='ocrx_word' id='word_1_448' title='bbox 3086 2131 3144 2184; x_wconf 87' lang='grc' dir='ltr'><strong>οὑ</strong></span> <span class='ocrx_word' id='word_1_449' title='bbox 3193 2130 3271 2201; x_wconf 82' lang='grc' dir='ltr'>μὴ</span> <span class='ocrx_word' id='word_1_450' title='bbox 3321 2132 3455 2194; x_wconf 80' lang='grc' dir='ltr'>ἴδοις</span> <span class='ocrx_word' id='word_1_451' title='bbox 3493 2132 3739 2202; x_wconf 64' lang='grc' dir='ltr'>φαντασίας</span> 
     </span>
    </p>
   </div>
   <div class='ocr_carea' id='block_1_67' title="bbox 2204 2221 3742 2294">
    <p class='ocr_par' dir='ltr' id='par_1_67' title="bbox 2204 2221 3742 2294">
     <span class='ocr_line' id='line_1_67' title="bbox 2204 2221 3742 2294; baseline 0.001 -22"><span class='ocrx_word' id='word_1_452' title='bbox 2204 2221 2458 2291; x_wconf 84' lang='grc' dir='ltr'>φρικτάς.</span> <span class='ocrx_word' id='word_1_453' title='bbox 2515 2221 2676 2292; x_wconf 81' lang='grc' dir='ltr'>Ψυχὴ</span> <span class='ocrx_word' id='word_1_454' title='bbox 2730 2224 2838 2294; x_wconf 81' lang='grc' dir='ltr'>γὰρ</span> <span class='ocrx_word' id='word_1_455' title='bbox 2891 2223 3246 2294; x_wconf 68' lang='grc' dir='ltr'>ὑπερηφάνου</span> <span class='ocrx_word' id='word_1_456' title='bbox 3316 2222 3742 2292; x_wconf 71' lang='grc' dir='ltr'>καταλιμπάνετιι</span> 
     </span>
    </p>
   </div>
   <div class='ocr_carea' id='block_1_68' title="bbox 2205 2311 3741 2385">
    <p class='ocr_par' dir='ltr' id='par_1_68' title="bbox 2205 2311 3741 2385">
     <span class='ocr_line' id='line_1_68' title="bbox 2205 2311 3741 2385; baseline -0.001 -19"><span class='ocrx_word' id='word_1_457' title='bbox 2205 2311 2310 2367; x_wconf 80' lang='grc' dir='ltr'>ὑπὸ</span> <span class='ocrx_word' id='word_1_458' title='bbox 2360 2313 2454 2366; x_wconf 78' lang='grc' dir='ltr'><strong>τοῦ</strong></span> <span class='ocrx_word' id='word_1_459' title='bbox 2509 2313 2666 2380; x_wconf 85' lang='grc' dir='ltr'>Θεοῦ,</span> <span class='ocrx_word' id='word_1_460' title='bbox 2733 2317 2830 2368; x_wconf 75' lang='grc' dir='ltr'>καὶ</span> <span class='ocrx_word' id='word_1_461' title='bbox 2882 2315 3098 2384; x_wconf 87' lang='grc' dir='ltr'>γίνεται</span> <span class='ocrx_word' id='word_1_462' title='bbox 3152 2315 3430 2385; x_wconf 69' lang='grc' dir='ltr'>δαιμόνων</span> <span class='ocrx_word' id='word_1_463' title='bbox 3479 2314 3741 2385; x_wconf 76' lang='grc' dir='ltr'>ὲπίχαρμα.</span> 
     </span>
    </p>
   </div>
   <div class='ocr_carea' id='block_1_69' title="bbox 2214 2401 3741 2481">
    <p class='ocr_par' dir='ltr' id='par_1_69' title="bbox 2214 2401 3741 2481">
     <span class='ocr_line' id='line_1_69' title="bbox 2214 2401 3741 2481; baseline 0.008 -25"><span class='ocrx_word' id='word_1_464' title='bbox 2214 2401 2596 2477; x_wconf 81' lang='grc' dir='ltr'>’Υπερήφανος</span> <span class='ocrx_word' id='word_1_465' title='bbox 2623 2405 2852 2478; x_wconf 87' lang='grc' dir='ltr'>μοναχδς</span> <span class='ocrx_word' id='word_1_466' title='bbox 2881 2408 3100 2480; x_wconf 78' lang='grc' dir='ltr'>δένδρον</span> <span class='ocrx_word' id='word_1_467' title='bbox 3120 2407 3401 2481; x_wconf 80' lang='grc' dir='ltr'>ἄκαρπον,</span> <span class='ocrx_word' id='word_1_468' title='bbox 3427 2410 3520 2462; x_wconf 69' lang='grc' dir='ltr'>καὶ</span> <span class='ocrx_word' id='word_1_469' title='bbox 3542 2408 3741 2481; x_wconf 64' lang='grc' dir='ltr'>ἄρριζον,</span> 
     </span>
    </p>
   </div>
   <div class='ocr_carea' id='block_1_70' title="bbox 2203 2493 3741 2572">
    <p class='ocr_par' dir='ltr' id='par_1_70' title="bbox 2203 2493 3741 2572">
     <span class='ocr_line' id='line_1_70' title="bbox 2203 2493 3741 2572; baseline 0.001 -24"><span class='ocrx_word' id='word_1_470' title='bbox 2203 2496 2299 2549; x_wconf 81' lang='grc' dir='ltr'>καὶ</span> <span class='ocrx_word' id='word_1_471' title='bbox 2353 2496 2415 2549; x_wconf 85' lang='grc' dir='ltr'>οὐ</span> <span class='ocrx_word' id='word_1_472' title='bbox 2471 2493 2549 2568; x_wconf 80' lang='grc' dir='ltr'>μὴ</span> <span class='ocrx_word' id='word_1_473' title='bbox 2599 2498 2802 2572; x_wconf 78' lang='grc' dir='ltr'>ἐνέγκῃ</span> <span class='ocrx_word' id='word_1_474' title='bbox 2866 2500 2999 2554; x_wconf 75' lang='grc' dir='ltr'>ποτὲ</span> <span class='ocrx_word' id='word_1_475' title='bbox 3060 2500 3373 2572; x_wconf 80' lang='grc' dir='ltr'>προσϐολὴν</span> <span class='ocrx_word' id='word_1_476' title='bbox 3424 2499 3741 2570; x_wconf 59' lang='lat' dir='ltr'><strong>avt-Summi.</strong></span> 
     </span>
    </p>
   </div>
   <div class='ocr_carea' id='block_1_71' title="bbox 2203 2587 3741 2662">
    <p class='ocr_par' dir='ltr' id='par_1_71' title="bbox 2203 2587 3741 2662">
     <span class='ocr_line' id='line_1_71' title="bbox 2203 2587 3741 2662; baseline 0.003 -23"><span class='ocrx_word' id='word_1_477' title='bbox 2203 2587 2394 2659; x_wconf 83' lang='grc' dir='ltr'>ὥσπερ</span> <span class='ocrx_word' id='word_1_478' title='bbox 2443 2589 2728 2659; x_wconf 80' lang='grc' dir='ltr'>πομφόλυξ</span> <span class='ocrx_word' id='word_1_479' title='bbox 2755 2592 2986 2662; x_wconf 84' lang='grc' dir='ltr'>ραγεῖσα</span> <span class='ocrx_word' id='word_1_480' title='bbox 3020 2587 3347 2660; x_wconf 78' lang='grc' dir='ltr'>ἀφανίζεται</span> <span class='ocrx_word' id='word_1_481' title='bbox 3378 2597 3395 2623; x_wconf 88' lang='grc'><em>⁴</em></span> <span class='ocrx_word' id='word_1_482' title='bbox 3431 2591 3568 2644; x_wconf 78' lang='grc' dir='ltr'>οὕτω</span> <span class='ocrx_word' id='word_1_483' title='bbox 3598 2592 3741 2661; x_wconf 73' lang='grc' dir='ltr'>μνήμη</span> 
     </span>
    </p>
   </div>
   <div class='ocr_carea' id='block_1_72' title="bbox 2205 2670 3743 2753">
    <p class='ocr_par' dir='ltr' id='par_1_72' title="bbox 2205 2670 3743 2753">
     <span class='ocr_line' id='line_1_72' title="bbox 2205 2670 3743 2753; baseline 0.001 -24"><span class='ocrx_word' id='word_1_484' title='bbox 2205 2677 2560 2749; x_wconf 82' lang='grc' dir='ltr'>ὑπερηφάνου</span> <span class='ocrx_word' id='word_1_485' title='bbox 2593 2679 2732 2749; x_wconf 83' lang='grc' dir='ltr'>μετὰ</span> <span class='ocrx_word' id='word_1_486' title='bbox 2759 2679 2989 2735; x_wconf 83' lang='grc' dir='ltr'>θάνατον</span> <span class='ocrx_word' id='word_1_487' title='bbox 3015 2681 3234 2735; x_wconf 82' lang='grc' dir='ltr'>ϐλλυται</span> <span class='ocrx_word' id='word_1_488' title='bbox 3255 2698 3271 2713; x_wconf 87' lang='grc'><strong>·</strong></span> <span class='ocrx_word' id='word_1_489' title='bbox 3299 2683 3399 2735; x_wconf 79' lang='grc' dir='ltr'>καὶ</span> <span class='ocrx_word' id='word_1_490' title='bbox 3421 2670 3600 2753; x_wconf 76' lang='grc' dir='ltr'>ὥσπερ</span> <span class='ocrx_word' id='word_1_491' title='bbox 3625 2695 3743 2750; x_wconf 62' lang='lat' dir='ltr'><strong>apo:-</strong></span> 
     </span>
    </p>
   </div>
   <div class='ocr_carea' id='block_1_73' title="bbox 2204 2768 3742 2844">
    <p class='ocr_par' dir='ltr' id='par_1_73' title="bbox 2204 2768 3742 2844">
     <span class='ocr_line' id='line_1_73' title="bbox 2204 2768 3742 2844; baseline 0.001 -24"><span class='ocrx_word' id='word_1_492' title='bbox 2204 2768 2339 2838; x_wconf 79' lang='grc' dir='ltr'>ευχὴ</span> <span class='ocrx_word' id='word_1_493' title='bbox 2369 2769 2629 2822; x_wconf 81' lang='grc' dir='ltr'>ταπεινοῦ</span> <span class='ocrx_word' id='word_1_494' title='bbox 2688 2771 2931 2839; x_wconf 81' lang='grc' dir='ltr'>κάμπτει</span> <span class='ocrx_word' id='word_1_495' title='bbox 2968 2771 3124 2837; x_wconf 75' lang='grc' dir='ltr'>θεὸν,</span> <span class='ocrx_word' id='word_1_496' title='bbox 3154 2771 3302 2826; x_wconf 77' lang='grc' dir='ltr'>οὕτω</span> <span class='ocrx_word' id='word_1_497' title='bbox 3338 2773 3628 2844; x_wconf 76' lang='grc' dir='ltr'>παροξύνει</span> <span class='ocrx_word' id='word_1_498' title='bbox 3645 2771 3742 2824; x_wconf 63' lang='grc' dir='ltr'>Θεὸν</span> 
     </span>
    </p>
   </div>
   <div class='ocr_carea' id='block_1_74' title="bbox 2203 2858 3743 2936">
    <p class='ocr_par' dir='ltr' id='par_1_74' title="bbox 2203 2858 3743 2936">
     <span class='ocr_line' id='line_1_74' title="bbox 2203 2858 3743 2936; baseline 0.003 -25"><span class='ocrx_word' id='word_1_499' title='bbox 2203 2858 2388 2929; x_wconf 85' lang='grc' dir='ltr'>δέησις</span> <span class='ocrx_word' id='word_1_500' title='bbox 2417 2861 2790 2932; x_wconf 83' lang='grc' dir='ltr'>ὑπερηφάνου.</span> <span class='ocrx_word' id='word_1_501' title='bbox 2824 2862 2937 2915; x_wconf 85' lang='lat' dir='ltr'><strong>Kal</strong></span> <span class='ocrx_word' id='word_1_502' title='bbox 2967 2863 3082 2916; x_wconf 83' lang='grc' dir='ltr'>ὅσοι</span> <span class='ocrx_word' id='word_1_503' title='bbox 3123 2864 3191 2917; x_wconf 81' lang='grc' dir='ltr'>δι’</span> <span class='ocrx_word' id='word_1_504' title='bbox 3229 2865 3611 2936; x_wconf 73' lang='grc' dir='ltr'>ὑπερηφανίαν</span> <span class='ocrx_word' id='word_1_505' title='bbox 3665 2863 3743 2932; x_wconf 69' lang='grc' dir='ltr'>ἀφ-</span> 
     </span>
    </p>
   </div>
   <div class='ocr_carea' id='block_1_75' title="bbox 2204 2951 3743 3028">
    <p class='ocr_par' dir='ltr' id='par_1_75' title="bbox 2204 2951 3743 3028">
     <span class='ocr_line' id='line_1_75' title="bbox 2204 2951 3743 3028; baseline 0.003 -26"><span class='ocrx_word' id='word_1_506' title='bbox 2204 2952 2489 3022; x_wconf 82' lang='grc' dir='ltr'>ηνιάζουσι</span> <span class='ocrx_word' id='word_1_507' title='bbox 2518 2953 2609 3005; x_wconf 76' lang='grc' dir='ltr'><strong>τὸν</strong></span> <span class='ocrx_word' id='word_1_508' title='bbox 2639 2951 2890 3022; x_wconf 82' lang='grc' dir='ltr'>ἀδελφὸν,</span> <span class='ocrx_word' id='word_1_509' title='bbox 2938 2953 3017 3025; x_wconf 83' lang='grc' dir='ltr'><strong>τῷ</strong></span> <span class='ocrx_word' id='word_1_510' title='bbox 3059 2955 3291 3028; x_wconf 80' lang='grc' dir='ltr'>διαϐόλῳ</span> <span class='ocrx_word' id='word_1_511' title='bbox 3326 2955 3667 3027; x_wconf 81' lang='grc' dir='ltr'>ἁμιλλῶνται.</span> <span class='ocrx_word' id='word_1_512' title='bbox 3689 2953 3743 3006; x_wconf 74' lang='grc' dir='ltr'><strong>ϋῢ</strong></span> 
     </span>
    </p>
   </div>
   <div class='ocr_carea' id='block_1_76' title="bbox 2203 3043 3743 3118">
    <p class='ocr_par' dir='ltr' id='par_1_76' title="bbox 2203 3043 3743 3118">
     <span class='ocr_line' id='line_1_76' title="bbox 2203 3043 3743 3118; baseline 0.001 -22"><span class='ocrx_word' id='word_1_513' title='bbox 2203 3046 2314 3113; x_wconf 81' lang='grc' dir='ltr'>γὰρ</span> <span class='ocrx_word' id='word_1_514' title='bbox 2362 3043 2569 3117; x_wconf 85' lang='grc' dir='ltr'>φυσική</span> <span class='ocrx_word' id='word_1_515' title='bbox 2617 3046 2830 3117; x_wconf 82' lang='grc' dir='ltr'>έστινή</span> <span class='ocrx_word' id='word_1_516' title='bbox 2869 3047 3243 3117; x_wconf 79' lang='grc' dir='ltr'>ὑπερηφανία,</span> <span class='ocrx_word' id='word_1_517' title='bbox 3292 3049 3416 3102; x_wconf 84' lang='grc' dir='ltr'>ἀλλ’</span> <span class='ocrx_word' id='word_1_518' title='bbox 3446 3049 3656 3118; x_wconf 80' lang='grc' dir='ltr'>ίνδαλμα</span> <span class='ocrx_word' id='word_1_519' title='bbox 3673 3044 3743 3098; x_wconf 73' lang='grc' dir='ltr'>τοῦ</span> 
     </span>
    </p>
   </div>
   <div class='ocr_carea' id='block_1_77' title="bbox 2205 3136 3741 3213">
    <p class='ocr_par' dir='ltr' id='par_1_77' title="bbox 2205 3136 3741 3213">
     <span class='ocr_line' id='line_1_77' title="bbox 2205 3136 3741 3213; baseline 0.001 -25"><span class='ocrx_word' id='word_1_520' title='bbox 2205 3136 2542 3206; x_wconf 82' lang='grc' dir='ltr'>ἀφηνιαστοῦ</span> <span class='ocrx_word' id='word_1_521' title='bbox 2591 3137 2845 3207; x_wconf 84' lang='grc' dir='ltr'>δαίμονος</span> <span class='ocrx_word' id='word_1_522' title='bbox 2871 3154 2886 3168; x_wconf 90' lang='grc'><strong>·</strong></span> <span class='ocrx_word' id='word_1_523' title='bbox 2937 3139 3122 3204; x_wconf 83' lang='grc' dir='ltr'>καθὼς</span> <span class='ocrx_word' id='word_1_524' title='bbox 3179 3144 3459 3213; x_wconf 77' lang='grc' dir='ltr'>μαρτυρεῖ</span> <span class='ocrx_word' id='word_1_525' title='bbox 3499 3143 3531 3212; x_wconf 87' lang='grc' dir='ltr'><strong>ή</strong></span> <span class='ocrx_word' id='word_1_526' title='bbox 3571 3138 3741 3210; x_wconf 73' lang='grc' dir='ltr'>Γραφή.</span> 
     </span>
    </p>
   </div>
   <div class='ocr_carea' id='block_1_78' title="bbox 2156 3227 3745 3302">
    <p class='ocr_par' dir='ltr' id='par_1_78' title="bbox 2156 3227 3745 3302">
     <span class='ocr_line' id='line_1_78' title="bbox 2156 3227 3745 3302; baseline 0.002 -21"><span class='ocrx_word' id='word_1_527' title='bbox 2156 3227 2174 3248; x_wconf 88' lang='grc'><em>¹</em></span> <span class='ocrx_word' id='word_1_528' title='bbox 2205 3229 2376 3298; x_wconf 77' lang='grc' dir='ltr'>Φησὶν</span> <span class='ocrx_word' id='word_1_529' title='bbox 2416 3228 2524 3298; x_wconf 86' lang='grc' dir='ltr'><strong>γάρ</strong></span> <span class='ocrx_word' id='word_1_530' title='bbox 2551 3244 2566 3260; x_wconf 75' lang='grc' dir='ltr'><strong>ο</strong></span> <span class='ocrx_word' id='word_1_531' title='bbox 2611 3247 2629 3280; x_wconf 74' lang='grc' dir='ltr'><strong>ι</strong></span> <span class='ocrx_word' id='word_1_532' title='bbox 2665 3228 2741 3284; x_wconf 89' lang='grc' dir='ltr'>Οὑ</span> <span class='ocrx_word' id='word_1_533' title='bbox 2779 3231 3130 3284; x_wconf 85' lang='grc' dir='ltr'>συνέκτισται</span> <span class='ocrx_word' id='word_1_534' title='bbox 3157 3231 3481 3302; x_wconf 84' lang='grc' dir='ltr'>ἀνθρώποις</span> <span class='ocrx_word' id='word_1_535' title='bbox 3509 3233 3745 3302; x_wconf 72' lang='grc' dir='ltr'>ὑπερηςα·</span> 
     </span>
    </p>
   </div>
   <div class='ocr_carea' id='block_1_79' title="bbox 2205 3317 3746 3396">
    <p class='ocr_par' dir='ltr' id='par_1_79' title="bbox 2205 3317 3746 3396">
     <span class='ocr_line' id='line_1_79' title="bbox 2205 3317 3746 3396; baseline 0.001 -22"><span class='ocrx_word' id='word_1_536' title='bbox 2205 3322 2311 3374; x_wconf 74' lang='grc' dir='ltr'>νεα.</span> <span class='ocrx_word' id='word_1_537' title='bbox 2351 3341 2370 3373; x_wconf 72' lang='grc' dir='ltr'><strong>ο</strong></span> <span class='ocrx_word' id='word_1_538' title='bbox 2415 3321 2524 3374; x_wconf 77' lang='lat' dir='ltr'><strong>Kal</strong></span> <span class='ocrx_word' id='word_1_539' title='bbox 2549 3317 2704 3387; x_wconf 78' lang='grc' dir='ltr'>αὖθις</span> <span class='ocrx_word' id='word_1_540' title='bbox 2731 3337 2747 3352; x_wconf 75' lang='grc'><strong>⁸</strong></span> <span class='ocrx_word' id='word_1_541' title='bbox 2797 3341 2815 3374; x_wconf 80' lang='grc' dir='ltr'><strong>ι</strong></span> <span class='ocrx_word' id='word_1_542' title='bbox 2843 3322 3084 3394; x_wconf 83' lang='grc' dir='ltr'>Θρὸνους</span> <span class='ocrx_word' id='word_1_543' title='bbox 3113 3325 3397 3395; x_wconf 81' lang='grc' dir='ltr'>ἀρχόντων</span> <span class='ocrx_word' id='word_1_544' title='bbox 3426 3324 3746 3396; x_wconf 79' lang='grc' dir='ltr'>ὑπερηφάνων</span> 
     </span>
    </p>
   </div>
   <div class='ocr_carea' id='block_1_80' title="bbox 2205 3412 3749 3488">
    <p class='ocr_par' dir='ltr' id='par_1_80' title="bbox 2205 3412 3749 3488">
     <span class='ocr_line' id='line_1_80' title="bbox 2205 3412 3749 3488; baseline 0.001 -23"><span class='ocrx_word' id='word_1_545' title='bbox 2205 3413 2424 3466; x_wconf 78' lang='grc' dir='ltr'>καθεῖλε</span> <span class='ocrx_word' id='word_1_546' title='bbox 2455 3412 2682 3485; x_wconf 82' lang='grc' dir='ltr'>Κύριος.</span> <span class='ocrx_word' id='word_1_547' title='bbox 2723 3433 2742 3466; x_wconf 69' lang='grc' dir='ltr'><strong>ι</strong></span> <span class='ocrx_word' id='word_1_548' title='bbox 2804 3414 2975 3487; x_wconf 81' lang='grc' dir='ltr'>Ἀρχὴ</span> <span class='ocrx_word' id='word_1_549' title='bbox 3025 3414 3138 3486; x_wconf 83' lang='grc' dir='ltr'><strong>γὰρ</strong></span> <span class='ocrx_word' id='word_1_550' title='bbox 3176 3417 3563 3488; x_wconf 76' lang='grc' dir='ltr'>ὑπερηφανίας</span> <span class='ocrx_word' id='word_1_551' title='bbox 3583 3412 3749 3486; x_wconf 82' lang='grc' dir='ltr'>ἀνθρὼ-</span> 
     </span>
    </p>
   </div>
   <div class='ocr_carea' id='block_1_81' title="bbox 2205 3505 3748 3580">
    <p class='ocr_par' dir='ltr' id='par_1_81' title="bbox 2205 3505 3748 3580">
     <span class='ocr_line' id='line_1_81' title="bbox 2205 3505 3748 3580; baseline 0.005 -22"><span class='ocrx_word' id='word_1_552' title='bbox 2205 3521 2308 3559; x_wconf 84' lang='grc' dir='ltr'><strong>που</strong></span> <span class='ocrx_word' id='word_1_553' title='bbox 2327 3505 2631 3577; x_wconf 76' lang='grc' dir='ltr'>ἀποστῆναι</span> <span class='ocrx_word' id='word_1_554' title='bbox 2663 3507 2771 3561; x_wconf 72' lang='grc' dir='ltr'><strong>ἀπὸ</strong></span> <span class='ocrx_word' id='word_1_555' title='bbox 2799 3509 3044 3580; x_wconf 82' lang='grc' dir='ltr'>Κυρίου,</span> <span class='ocrx_word' id='word_1_556' title='bbox 3103 3511 3185 3565; x_wconf 85' lang='grc' dir='ltr'>ὅτι</span> <span class='ocrx_word' id='word_1_557' title='bbox 3234 3528 3253 3561; x_wconf 83' lang='grc' dir='ltr'><strong>ι</strong></span> <span class='ocrx_word' id='word_1_558' title='bbox 3305 3509 3478 3580; x_wconf 78' lang='grc' dir='ltr'>Ἀρχὴ</span> <span class='ocrx_word' id='word_1_559' title='bbox 3518 3505 3748 3578; x_wconf 73' lang='grc' dir='ltr'>ἀμαρτὲας</span> 
     </span>
    </p>
   </div>
   <div class='ocr_carea' id='block_1_82' title="bbox 2203 3594 3748 3671">
    <p class='ocr_par' dir='ltr' id='par_1_82' title="bbox 2203 3594 3748 3671">
     <span class='ocr_line' id='line_1_82' title="bbox 2203 3594 3748 3671; baseline -0.001 -21"><span class='ocrx_word' id='word_1_560' title='bbox 2203 3597 2559 3668; x_wconf 80' lang='grc' dir='ltr'>ὑπερηφανία</span> <span class='ocrx_word' id='word_1_561' title='bbox 2590 3614 2605 3629; x_wconf 76' lang='grc'><strong><em>⁸</em></strong></span> <span class='ocrx_word' id='word_1_562' title='bbox 2643 3599 2741 3652; x_wconf 76' lang='grc' dir='ltr'>καὶ</span> <span class='ocrx_word' id='word_1_563' title='bbox 2783 3600 2811 3652; x_wconf 84' lang='grc' dir='ltr'>ὁ</span> <span class='ocrx_word' id='word_1_564' title='bbox 2845 3599 3066 3671; x_wconf 84' lang='grc' dir='ltr'>κρατῶν</span> <span class='ocrx_word' id='word_1_565' title='bbox 3097 3599 3292 3670; x_wconf 79' lang='grc' dir='ltr'>αὐτὴν,</span> <span class='ocrx_word' id='word_1_566' title='bbox 3321 3599 3628 3670; x_wconf 78' lang='grc' dir='ltr'>ἐξομϐρίσει</span> <span class='ocrx_word' id='word_1_567' title='bbox 3659 3594 3748 3666; x_wconf 80' lang='grc' dir='ltr'>βδέ·</span> 
     </span>
    </p>
   </div>
   <div class='ocr_carea' id='block_1_83' title="bbox 2204 3685 3750 3764">
    <p class='ocr_par' dir='ltr' id='par_1_83' title="bbox 2204 3685 3750 3764">
     <span class='ocr_line' id='line_1_83' title="bbox 2204 3685 3750 3764; baseline -0.005 -18"><span class='ocrx_word' id='word_1_568' title='bbox 2204 3689 2410 3761; x_wconf 71' lang='grc' dir='ltr'>λυγμα,</span> <span class='ocrx_word' id='word_1_569' title='bbox 2434 3692 2530 3745; x_wconf 78' lang='grc' dir='ltr'>καὶ</span> <span class='ocrx_word' id='word_1_570' title='bbox 2563 3693 3086 3764; x_wconf 84' lang='grc' dir='ltr'>καταστραφήσεται</span> <span class='ocrx_word' id='word_1_571' title='bbox 3115 3693 3196 3756; x_wconf 82' lang='grc' dir='ltr'><strong>εἰς</strong></span> <span class='ocrx_word' id='word_1_572' title='bbox 3226 3693 3404 3756; x_wconf 83' lang='grc' dir='ltr'>τέλος.</span> <span class='ocrx_word' id='word_1_573' title='bbox 3436 3709 3456 3743; x_wconf 66' lang='grc' dir='ltr'><strong>ν</strong></span> <span class='ocrx_word' id='word_1_574' title='bbox 3491 3691 3594 3745; x_wconf 82' lang='lat' dir='ltr'><strong>Kal</strong></span> <span class='ocrx_word' id='word_1_575' title='bbox 3622 3691 3673 3741; x_wconf 80' lang='grc' dir='ltr'>ὲν</span> <span class='ocrx_word' id='word_1_576' title='bbox 3693 3685 3750 3756; x_wconf 78' lang='grc' dir='ltr'>τῷ</span> 
     </span>
    </p>
   </div>
   <div class='ocr_carea' id='block_1_84' title="bbox 2205 3781 3750 3856">
    <p class='ocr_par' dir='ltr' id='par_1_84' title="bbox 2205 3781 3750 3856">
     <span class='ocr_line' id='line_1_84' title="bbox 2205 3781 3750 3856; baseline 0.003 -21"><span class='ocrx_word' id='word_1_577' title='bbox 2205 3783 2357 3854; x_wconf 85' lang='grc' dir='ltr'>νόμῳ</span> <span class='ocrx_word' id='word_1_578' title='bbox 2384 3782 2441 3836; x_wconf 84' lang='grc' dir='ltr'>δὲ</span> <span class='ocrx_word' id='word_1_579' title='bbox 2477 3783 2787 3855; x_wconf 81' lang='grc' dir='ltr'>γέγραπται</span> <span class='ocrx_word' id='word_1_580' title='bbox 2816 3802 2828 3814; x_wconf 93' lang='grc'><strong>·</strong></span> <span class='ocrx_word' id='word_1_581' title='bbox 2864 3803 2882 3836; x_wconf 79' lang='grc' dir='ltr'><strong>ι</strong></span> <span class='ocrx_word' id='word_1_582' title='bbox 2911 3783 3073 3856; x_wconf 79' lang='grc' dir='ltr'>Ψυχὴ</span> <span class='ocrx_word' id='word_1_583' title='bbox 3112 3785 3236 3855; x_wconf 81' lang='grc' dir='ltr'>ήτις</span> <span class='ocrx_word' id='word_1_584' title='bbox 3266 3785 3528 3856; x_wconf 80' lang='grc' dir='ltr'>ἐποίησεν</span> <span class='ocrx_word' id='word_1_585' title='bbox 3553 3787 3606 3837; x_wconf 79' lang='grc' dir='ltr'><strong>έν</strong></span> <span class='ocrx_word' id='word_1_586' title='bbox 3638 3781 3750 3852; x_wconf 73' lang='grc' dir='ltr'>χειρὶ</span> 
     </span>
    </p>
   </div>
   <div class='ocr_carea' id='block_1_85' title="bbox 2207 3873 3749 3945">
    <p class='ocr_par' dir='ltr' id='par_1_85' title="bbox 2207 3873 3749 3945">
     <span class='ocr_line' id='line_1_85' title="bbox 2207 3873 3749 3945; baseline -0.001 -19"><span class='ocrx_word' id='word_1_587' title='bbox 2207 3873 2613 3944; x_wconf 84' lang='grc' dir='ltr'>ὑπερηφανίας,</span> <span class='ocrx_word' id='word_1_588' title='bbox 2658 3873 3048 3945; x_wconf 76' lang='grc' dir='ltr'>ἐκτριϐήσεται</span> <span class='ocrx_word' id='word_1_589' title='bbox 3088 3877 3153 3927; x_wconf 82' lang='grc' dir='ltr'>ἐκ</span> <span class='ocrx_word' id='word_1_590' title='bbox 3197 3875 3294 3927; x_wconf 78' lang='grc' dir='ltr'>τοῦ</span> <span class='ocrx_word' id='word_1_591' title='bbox 3345 3876 3502 3933; x_wconf 81' lang='grc' dir='ltr'>λαοῦ.</span> <span class='ocrx_word' id='word_1_592' title='bbox 3535 3894 3552 3926; x_wconf 79' lang='grc' dir='ltr'><strong>ι</strong></span> <span class='ocrx_word' id='word_1_593' title='bbox 3603 3874 3749 3926; x_wconf 79' lang='grc' dir='ltr'><strong>Καὶό</strong></span> 
     </span>
    </p>
   </div>
   <div class='ocr_carea' id='block_1_86' title="bbox 2218 3961 3744 4035">
    <p class='ocr_par' dir='ltr' id='par_1_86' title="bbox 2218 3961 3744 4035">
     <span class='ocr_line' id='line_1_86' title="bbox 2218 3961 3744 4035; baseline 0 -21"><span class='ocrx_word' id='word_1_594' title='bbox 2218 3961 2492 4024; x_wconf 81' lang='grc' dir='ltr'>Ἡσαΐας·</span> <span class='ocrx_word' id='word_1_595' title='bbox 2566 3978 2586 4012; x_wconf 81' lang='grc' dir='ltr'><strong>ι</strong></span> <span class='ocrx_word' id='word_1_596' title='bbox 2619 3962 2730 4015; x_wconf 89' lang='lat' dir='ltr'><strong>Kal</strong></span> <span class='ocrx_word' id='word_1_597' title='bbox 2798 3961 2986 4015; x_wconf 81' lang='grc' dir='ltr'>ἀπολῶ</span> <span class='ocrx_word' id='word_1_598' title='bbox 3042 3963 3254 4026; x_wconf 83' lang='grc' dir='ltr'>πάντας</span> <span class='ocrx_word' id='word_1_599' title='bbox 3312 3963 3744 4035; x_wconf 75' lang='grc' dir='ltr'>ὑπερηφάνους.»</span> 
     </span>
    </p>
   </div>
   <div class='ocr_carea' id='block_1_87' title="bbox 2208 4051 3748 4124">
    <p class='ocr_par' dir='ltr' id='par_1_87' title="bbox 2208 4051 3748 4124">
     <span class='ocr_line' id='line_1_87' title="bbox 2208 4051 3748 4124; baseline -0.003 -16"><span class='ocrx_word' id='word_1_600' title='bbox 2208 4053 2320 4108; x_wconf 87' lang='lat' dir='ltr'><strong>Kal</strong></span> <span class='ocrx_word' id='word_1_601' title='bbox 2377 4054 2406 4105; x_wconf 81' lang='grc' dir='ltr'>ὁ</span> <span class='ocrx_word' id='word_1_602' title='bbox 2439 4051 2744 4123; x_wconf 80' lang='grc' dir='ltr'>Ψαλμῳδός</span> <span class='ocrx_word' id='word_1_603' title='bbox 2769 4068 2780 4083; x_wconf 89' lang='grc'><strong>·</strong></span> <span class='ocrx_word' id='word_1_604' title='bbox 2842 4071 2861 4104; x_wconf 76' lang='grc' dir='ltr'><strong>ι</strong></span> <span class='ocrx_word' id='word_1_605' title='bbox 2891 4052 2991 4106; x_wconf 79' lang='grc' dir='ltr'>Διά</span> <span class='ocrx_word' id='word_1_606' title='bbox 3037 4052 3202 4106; x_wconf 82' lang='grc' dir='ltr'>τοῦτο</span> <span class='ocrx_word' id='word_1_607' title='bbox 3248 4053 3557 4124; x_wconf 73' lang='grc' dir='ltr'>ἐκράτησεν</span> <span class='ocrx_word' id='word_1_608' title='bbox 3591 4052 3748 4112; x_wconf 71' lang='grc' dir='ltr'>αὐτοὺς</span> 
     </span>
    </p>
   </div>
   <div class='ocr_carea' id='block_1_88' title="bbox 2207 4142 3746 4216">
    <p class='ocr_par' dir='ltr' id='par_1_88' title="bbox 2207 4142 3746 4216">
     <span class='ocr_line' id='line_1_88' title="bbox 2207 4142 3746 4216; baseline -0.003 -19"><span class='ocrx_word' id='word_1_609' title='bbox 2207 4143 2562 4215; x_wconf 85' lang='grc' dir='ltr'>ὑπερηφανία</span> <span class='ocrx_word' id='word_1_610' title='bbox 2597 4143 2681 4207; x_wconf 84' lang='grc' dir='ltr'><strong>είς</strong></span> <span class='ocrx_word' id='word_1_611' title='bbox 2728 4142 2903 4210; x_wconf 82' lang='grc' dir='ltr'>τέλος,</span> <span class='ocrx_word' id='word_1_612' title='bbox 2962 4145 3044 4197; x_wconf 75' lang='grc' dir='ltr'>ὅτι</span> <span class='ocrx_word' id='word_1_613' title='bbox 3097 4145 3525 4216; x_wconf 83' lang='grc' dir='ltr'>περιεϐάλλοντο</span> <span class='ocrx_word' id='word_1_614' title='bbox 3577 4145 3746 4200; x_wconf 77' lang='grc' dir='ltr'>ἀδικίαν</span> 
     </span>
    </p>
   </div>
   <div class='ocr_carea' id='block_1_89' title="bbox 2207 4232 3744 4301">
    <p class='ocr_par' dir='ltr' id='par_1_89' title="bbox 2207 4232 3744 4301">
     <span class='ocr_line' id='line_1_89' title="bbox 2207 4232 3744 4301; baseline -0.003 -14"><span class='ocrx_word' id='word_1_615' title='bbox 2207 4233 2304 4287; x_wconf 73' lang='grc' dir='ltr'>καὶ</span> <span class='ocrx_word' id='word_1_616' title='bbox 2328 4233 2587 4287; x_wconf 86' lang='grc' dir='ltr'>ἀσέϐειαν</span> <span class='ocrx_word' id='word_1_617' title='bbox 2649 4232 2854 4288; x_wconf 85' lang='grc' dir='ltr'>αὑτῶν.</span> <span class='ocrx_word' id='word_1_618' title='bbox 2895 4253 2915 4287; x_wconf 70' lang='grc' dir='ltr'><strong>ι</strong></span> <span class='ocrx_word' id='word_1_619' title='bbox 2959 4235 3112 4288; x_wconf 85' lang='grc' dir='ltr'>Καί·</span> <span class='ocrx_word' id='word_1_620' title='bbox 3161 4253 3181 4287; x_wconf 79' lang='grc' dir='ltr'><strong>ι</strong></span> <span class='ocrx_word' id='word_1_621' title='bbox 3231 4235 3516 4301; x_wconf 80' lang='grc' dir='ltr'>Ἐξέλιπον</span> <span class='ocrx_word' id='word_1_622' title='bbox 3551 4235 3635 4288; x_wconf 75' lang='grc' dir='ltr'><strong>καὶ</strong></span> <span class='ocrx_word' id='word_1_623' title='bbox 3665 4235 3744 4286; x_wconf 79' lang='grc' dir='ltr'>άπ-</span> 
     </span>
    </p>
   </div>
   <div class='ocr_carea' id='block_1_90' title="bbox 2207 4321 3744 4398">
    <p class='ocr_par' dir='ltr' id='par_1_90' title="bbox 2207 4321 3744 4398">
     <span class='ocr_line' id='line_1_90' title="bbox 2207 4321 3744 4398; baseline 0 -21"><span class='ocrx_word' id='word_1_624' title='bbox 2207 4324 2407 4378; x_wconf 87' lang='grc' dir='ltr'>ώλοντο</span> <span class='ocrx_word' id='word_1_625' title='bbox 2435 4325 2523 4379; x_wconf 80' lang='grc' dir='ltr'><strong>διὰ</strong></span> <span class='ocrx_word' id='word_1_626' title='bbox 2556 4325 2656 4396; x_wconf 80' lang='grc' dir='ltr'>τὴν</span> <span class='ocrx_word' id='word_1_627' title='bbox 2690 4327 2922 4398; x_wconf 82' lang='grc' dir='ltr'>ἀνομίαν</span> <span class='ocrx_word' id='word_1_628' title='bbox 2973 4325 3174 4380; x_wconf 84' lang='grc' dir='ltr'>αὑτῶν.</span> <span class='ocrx_word' id='word_1_629' title='bbox 3207 4345 3225 4379; x_wconf 75' lang='grc' dir='ltr'><strong>ι</strong></span> <span class='ocrx_word' id='word_1_630' title='bbox 3265 4328 3381 4380; x_wconf 85' lang='lat' dir='ltr'><strong>Kal</strong></span> <span class='ocrx_word' id='word_1_631' title='bbox 3415 4323 3570 4391; x_wconf 72' lang='grc' dir='ltr'>αὖθις</span> <span class='ocrx_word' id='word_1_632' title='bbox 3599 4343 3612 4356; x_wconf 91' lang='grc'><strong>·</strong></span> <span class='ocrx_word' id='word_1_633' title='bbox 3645 4343 3662 4377; x_wconf 80' lang='grc' dir='ltr'><strong>ι</strong></span> <span class='ocrx_word' id='word_1_634' title='bbox 3700 4321 3744 4374; x_wconf 87' lang='grc' dir='ltr'><strong><em>Ἦ</em></strong></span> 
     </span>
    </p>
   </div>
   <div class='ocr_carea' id='block_1_91' title="bbox 2209 4413 3738 4488">
    <p class='ocr_par' dir='ltr' id='par_1_91' title="bbox 2209 4413 3738 4488">
     <span class='ocr_line' id='line_1_91' title="bbox 2209 4413 3738 4488; baseline 0.001 -21"><span class='ocrx_word' id='word_1_635' title='bbox 2209 4414 2562 4486; x_wconf 80' lang='grc' dir='ltr'>ὑπερηφανία</span> <span class='ocrx_word' id='word_1_636' title='bbox 2595 4413 2704 4469; x_wconf 83' lang='grc' dir='ltr'>τῶν</span> <span class='ocrx_word' id='word_1_637' title='bbox 2727 4417 3034 4486; x_wconf 82' lang='grc' dir='ltr'>μισούντων</span> <span class='ocrx_word' id='word_1_638' title='bbox 3073 4433 3132 4470; x_wconf 83' lang='grc' dir='ltr'><strong>σε</strong></span> <span class='ocrx_word' id='word_1_639' title='bbox 3164 4417 3336 4488; x_wconf 81' lang='grc' dir='ltr'>ἀνέϐη</span> <span class='ocrx_word' id='word_1_640' title='bbox 3368 4417 3458 4471; x_wconf 79' lang='grc' dir='ltr'><strong>διὰ</strong></span> <span class='ocrx_word' id='word_1_641' title='bbox 3504 4414 3698 4478; x_wconf 83' lang='grc' dir='ltr'>παντός.</span> <span class='ocrx_word' id='word_1_642' title='bbox 3725 4429 3738 4462; x_wconf 77' lang='grc' dir='ltr'><strong><em>ι</em></strong></span> 
     </span>
    </p>
   </div>
   <div class='ocr_carea' id='block_1_92' title="bbox 434 4506 2102 4593">
    <p class='ocr_par' dir='ltr' id='par_1_92' title="bbox 434 4506 2102 4574">
     <span class='ocr_line' id='line_1_92' title="bbox 434 4506 2102 4574; baseline 0.005 -16"><span class='ocrx_word' id='word_1_643' title='bbox 434 4557 437 4564; x_wconf 81' lang='grc'><strong>,</strong></span> <span class='ocrx_word' id='word_1_644' title='bbox 511 4512 810 4573; x_wconf 80' lang='lat' dir='ltr'><strong>turgentes</strong></span> <span class='ocrx_word' id='word_1_645' title='bbox 835 4506 1114 4574; x_wconf 73' lang='lat' dir='ltr'><strong>superbia:</strong></span> <span class='ocrx_word' id='word_1_646' title='bbox 1153 4515 1369 4563; x_wconf 89' lang='lat' dir='ltr'><strong>tumore</strong></span> <span class='ocrx_word' id='word_1_647' title='bbox 1394 4523 1458 4563; x_wconf 94' lang='lat' dir='ltr'><strong>ac</strong></span> <span class='ocrx_word' id='word_1_648' title='bbox 1490 4509 1820 4566; x_wconf 89' lang='lat' dir='ltr'><strong>dissidentes</strong></span> <span class='ocrx_word' id='word_1_649' title='bbox 1845 4525 1968 4566; x_wconf 89' lang='lat' dir='ltr'><strong>cum</strong></span> <span class='ocrx_word' id='word_1_650' title='bbox 1994 4513 2102 4568; x_wconf 79' lang='lat' dir='ltr'><strong>fra-</strong></span> 
     </span>
    </p>
   </div>
   <div class='ocr_carea' id='block_1_93' title="bbox 2204 4506 3740 4593">
    <p class='ocr_par' dir='ltr' id='par_1_93' title="bbox 2212 4508 3740 4580">
     <span class='ocr_line' id='line_1_93' title="bbox 2212 4508 3740 4580; baseline -0.004 -19"><span class='ocrx_word' id='word_1_651' title='bbox 2212 4508 2379 4561; x_wconf 88' lang='grc' dir='ltr'>Ὂθεν</span> <span class='ocrx_word' id='word_1_652' title='bbox 2412 4508 2562 4580; x_wconf 83' lang='grc' dir='ltr'>πάσῃ</span> <span class='ocrx_word' id='word_1_653' title='bbox 2592 4509 2793 4580; x_wconf 84' lang='grc' dir='ltr'>σπουδῇ</span> <span class='ocrx_word' id='word_1_654' title='bbox 2824 4509 3122 4580; x_wconf 89' lang='grc' dir='ltr'>κέχρηνται</span> <span class='ocrx_word' id='word_1_655' title='bbox 3151 4509 3219 4562; x_wconf 89' lang='grc' dir='ltr'><strong>τά</strong></span> <span class='ocrx_word' id='word_1_656' title='bbox 3249 4510 3373 4580; x_wconf 81' lang='grc' dir='ltr'>ἱερά</span> <span class='ocrx_word' id='word_1_657' title='bbox 3403 4527 3498 4562; x_wconf 84' lang='grc' dir='ltr'><strong>σου</strong></span> <span class='ocrx_word' id='word_1_658' title='bbox 3521 4508 3740 4568; x_wconf 82' lang='grc' dir='ltr'>καθελεῖν,</span> 
     </span>
    </p>
   </div>
   <div class='ocr_carea' id='block_1_94' title="bbox 517 4595 2106 4668">
    <p class='ocr_par' dir='ltr' id='par_1_94' title="bbox 517 4595 2106 4668">
     <span class='ocr_line' id='line_1_94' title="bbox 517 4595 2106 4668; baseline 0.008 -20"><span class='ocrx_word' id='word_1_659' title='bbox 517 4595 697 4660; x_wconf 68' lang='lat' dir='ltr'><strong>tribus</strong></span> <span class='ocrx_word' id='word_1_660' title='bbox 732 4595 1045 4650; x_wconf 83' lang='lat' dir='ltr'><strong>detrectant</strong></span> <span class='ocrx_word' id='word_1_661' title='bbox 1085 4597 1404 4668; x_wconf 90' lang='lat' dir='ltr'><strong>imperium,</strong></span> <span class='ocrx_word' id='word_1_662' title='bbox 1437 4601 1686 4656; x_wconf 89' lang='lat' dir='ltr'><strong>eamdem</strong></span> <span class='ocrx_word' id='word_1_663' title='bbox 1723 4617 1846 4657; x_wconf 90' lang='lat' dir='ltr'><strong>eum</strong></span> <span class='ocrx_word' id='word_1_664' title='bbox 1884 4603 2106 4660; x_wconf 86' lang='lat' dir='ltr'><strong>diabolo</strong></span> 
     </span>
    </p>
   </div>
   <div class='ocr_carea' id='block_1_95' title="bbox 508 4689 2106 4760">
    <p class='ocr_par' dir='ltr' id='par_1_95' title="bbox 508 4689 2106 4760">
     <span class='ocr_line' id='line_1_95' title="bbox 508 4689 2106 4760; baseline 0.006 -17"><span class='ocrx_word' id='word_1_665' title='bbox 508 4696 814 4743; x_wconf 74' lang='lat' dir='ltr'><strong>conserunt</strong></span> <span class='ocrx_word' id='word_1_666' title='bbox 861 4704 1121 4760; x_wconf 85' lang='lat' dir='ltr'><strong>pugnam.</strong></span> <span class='ocrx_word' id='word_1_667' title='bbox 1165 4689 1354 4760; x_wconf 84' lang='lat' dir='ltr'><strong>Neque</strong></span> <span class='ocrx_word' id='word_1_668' title='bbox 1391 4693 1541 4746; x_wconf 92' lang='lat' dir='ltr'><strong>enim</strong></span> <span class='ocrx_word' id='word_1_669' title='bbox 1591 4696 1858 4751; x_wconf 85' lang='lat' dir='ltr'><strong>naturalis</strong></span> <span class='ocrx_word' id='word_1_670' title='bbox 1901 4705 2106 4753; x_wconf 89' lang='lat' dir='ltr'><strong>estsu-</strong></span> 
     </span>
    </p>
   </div>
   <div class='ocr_carea' id='block_1_96' title="bbox 510 4777 2105 4852">
    <p class='ocr_par' dir='ltr' id='par_1_96' title="bbox 510 4777 2105 4852">
     <span class='ocr_line' id='line_1_96' title="bbox 510 4777 2105 4852; baseline 0.006 -22"><span class='ocrx_word' id='word_1_671' title='bbox 510 4777 734 4848; x_wconf 80' lang='lat' dir='ltr'><strong>perbia,</strong></span> <span class='ocrx_word' id='word_1_672' title='bbox 780 4777 875 4830; x_wconf 86' lang='lat' dir='ltr'><strong>sed</strong></span> <span class='ocrx_word' id='word_1_673' title='bbox 915 4777 1386 4833; x_wconf 87' lang='lat' dir='ltr'><strong>contumacissimi</strong></span> <span class='ocrx_word' id='word_1_674' title='bbox 1435 4779 1702 4835; x_wconf 66' lang='lat' dir='ltr'><strong>daemonis</strong></span> <span class='ocrx_word' id='word_1_675' title='bbox 1725 4783 2105 4852; x_wconf 83' lang='lat' dir='ltr'><strong>simulacrum,</strong></span> 
     </span>
    </p>
   </div>
   <div class='ocr_carea' id='block_1_97' title="bbox 514 4865 2105 4934">
    <p class='ocr_par' dir='ltr' id='par_1_97' title="bbox 514 4865 2105 4934">
     <span class='ocr_line' id='line_1_97' title="bbox 514 4865 2105 4934; baseline 0.005 -16"><span class='ocrx_word' id='word_1_676' title='bbox 514 4872 812 4919; x_wconf 82' lang='lat' dir='ltr'><strong>atlestante</strong></span> <span class='ocrx_word' id='word_1_677' title='bbox 839 4865 1170 4934; x_wconf 86' lang='lat' dir='ltr'><strong>Scriptura:</strong></span> <span class='ocrx_word' id='word_1_678' title='bbox 1209 4884 1226 4915; x_wconf 74' lang='grc' dir='ltr'><strong>ι</strong></span> <span class='ocrx_word' id='word_1_679' title='bbox 1266 4865 1387 4920; x_wconf 88' lang='lat' dir='ltr'><strong>Non</strong></span> <span class='ocrx_word' id='word_1_680' title='bbox 1437 4879 1728 4923; x_wconf 87' lang='lat' dir='ltr'><strong>conereata</strong></span> <span class='ocrx_word' id='word_1_681' title='bbox 1772 4879 1858 4925; x_wconf 88' lang='lat' dir='ltr'><strong>est</strong></span> <span class='ocrx_word' id='word_1_682' title='bbox 1895 4871 2105 4926; x_wconf 91' lang='lat' dir='ltr'><strong>homini</strong></span> 
     </span>
    </p>
   </div>
   <div class='ocr_carea' id='block_1_98' title="bbox 509 4957 2105 5039">
    <p class='ocr_par' dir='ltr' id='par_1_98' title="bbox 509 4957 2105 5039">
     <span class='ocr_line' id='line_1_98' title="bbox 509 4957 2105 5039; baseline 0.006 -29"><span class='ocrx_word' id='word_1_683' title='bbox 509 4957 798 5026; x_wconf 82' lang='lat' dir='ltr'><strong>superbia.</strong></span> <span class='ocrx_word' id='word_1_684' title='bbox 828 4976 846 5008; x_wconf 74' lang='grc' dir='ltr'><strong>ι</strong></span> <span class='ocrx_word' id='word_1_685' title='bbox 878 4958 1126 5012; x_wconf 83' lang='lat' dir='ltr'><strong>Rursus:</strong></span> <span class='ocrx_word' id='word_1_686' title='bbox 1159 4977 1177 5009; x_wconf 73' lang='grc' dir='ltr'><strong>ι</strong></span> <span class='ocrx_word' id='word_1_687' title='bbox 1209 4957 1382 5014; x_wconf 87' lang='lat' dir='ltr'><strong>Sedes</strong></span> <span class='ocrx_word' id='word_1_688' title='bbox 1400 4959 1716 5039; x_wconf 66' lang='lat' dir='ltr'><strong>principum</strong></span> <span class='ocrx_word' id='word_1_689' title='bbox 1740 4963 2105 5033; x_wconf 90' lang='lat' dir='ltr'><strong>superborum</strong></span> 
     </span>
    </p>
   </div>
   <div class='ocr_carea' id='block_1_99' title="bbox 514 5045 2104 5119">
    <p class='ocr_par' dir='ltr' id='par_1_99' title="bbox 514 5045 2104 5119">
     <span class='ocr_line' id='line_1_99' title="bbox 514 5045 2104 5119; baseline 0.004 -20"><span class='ocrx_word' id='word_1_690' title='bbox 514 5047 789 5100; x_wconf 61' lang='lat' dir='ltr'><strong>destruxit</strong></span> <span class='ocrx_word' id='word_1_691' title='bbox 816 5046 1084 5101; x_wconf 90' lang='lat' dir='ltr'><strong>Dominus</strong></span> <span class='ocrx_word' id='word_1_692' title='bbox 1111 5047 1178 5099; x_wconf 77' lang='grc' dir='ltr'><strong>⁸ο.</strong></span> <span class='ocrx_word' id='word_1_693' title='bbox 1220 5065 1238 5099; x_wconf 73' lang='grc' dir='ltr'><strong>ι</strong></span> <span class='ocrx_word' id='word_1_694' title='bbox 1293 5045 1633 5117; x_wconf 88' lang='lat' dir='ltr'><strong>Principium</strong></span> <span class='ocrx_word' id='word_1_695' title='bbox 1682 5048 1831 5102; x_wconf 87' lang='lat' dir='ltr'><strong>enim</strong></span> <span class='ocrx_word' id='word_1_696' title='bbox 1881 5051 2104 5119; x_wconf 91' lang='lat' dir='ltr'><strong>superbi</strong></span> 
     </span>
    </p>
   </div>
   <div class='ocr_carea' id='block_1_100' title="bbox 442 5135 2101 5208">
    <p class='ocr_par' dir='ltr' id='par_1_100' title="bbox 442 5135 2101 5208">
     <span class='ocr_line' id='line_1_100' title="bbox 442 5135 2101 5208; baseline 0.002 -15"><span class='ocrx_word' id='word_1_697' title='bbox 442 5170 448 5176; x_wconf 66' lang='grc' dir='ltr'><strong>ι</strong></span> <span class='ocrx_word' id='word_1_698' title='bbox 517 5135 758 5193; x_wconf 79' lang='lat' dir='ltr'><strong>hominis</strong></span> <span class='ocrx_word' id='word_1_699' title='bbox 808 5145 892 5189; x_wconf 90' lang='lat' dir='ltr'><strong>est</strong></span> <span class='ocrx_word' id='word_1_700' title='bbox 939 5136 1201 5191; x_wconf 85' lang='lat' dir='ltr'><strong>recedere</strong></span> <span class='ocrx_word' id='word_1_701' title='bbox 1252 5153 1283 5191; x_wconf 90' lang='lat' dir='ltr'><strong>a</strong></span> <span class='ocrx_word' id='word_1_702' title='bbox 1337 5137 1591 5202; x_wconf 91' lang='lat' dir='ltr'><strong>Domino,</strong></span> <span class='ocrx_word' id='word_1_703' title='bbox 1644 5141 1773 5208; x_wconf 91' lang='lat' dir='ltr'><strong>quia</strong></span> <span class='ocrx_word' id='word_1_704' title='bbox 1827 5143 2101 5197; x_wconf 71' lang='lat' dir='ltr'><strong>«initium</strong></span> 
     </span>
    </p>
   </div>
   <div class='ocr_carea' id='block_1_101' title="bbox 517 5227 2106 5300">
    <p class='ocr_par' dir='ltr' id='par_1_101' title="bbox 517 5227 2106 5300">
     <span class='ocr_line' id='line_1_101' title="bbox 517 5227 2106 5300; baseline 0.008 -21"><span class='ocrx_word' id='word_1_705' title='bbox 517 5229 726 5297; x_wconf 81' lang='lat' dir='ltr'><strong>peccati</strong></span> <span class='ocrx_word' id='word_1_706' title='bbox 762 5227 1020 5296; x_wconf 87' lang='lat' dir='ltr'><strong>superbia</strong></span> <span class='ocrx_word' id='word_1_707' title='bbox 1049 5247 1063 5296; x_wconf 91' lang='lat'><strong>;</strong></span> <span class='ocrx_word' id='word_1_708' title='bbox 1098 5240 1156 5285; x_wconf 91' lang='lat' dir='ltr'><strong>et</strong></span> <span class='ocrx_word' id='word_1_709' title='bbox 1189 5231 1282 5300; x_wconf 90' lang='lat' dir='ltr'><strong>qui</strong></span> <span class='ocrx_word' id='word_1_710' title='bbox 1323 5232 1563 5286; x_wconf 87' lang='lat' dir='ltr'><strong>tenuerit</strong></span> <span class='ocrx_word' id='word_1_711' title='bbox 1605 5232 1777 5296; x_wconf 90' lang='lat' dir='ltr'><strong>illam,</strong></span> <span class='ocrx_word' id='word_1_712' title='bbox 1811 5234 2106 5291; x_wconf 87' lang='lat' dir='ltr'><strong>inundabit</strong></span> 
     </span>
    </p>
   </div>
   <div class='ocr_carea' id='block_1_102' title="bbox 519 5317 2096 5387">
    <p class='ocr_par' dir='ltr' id='par_1_102' title="bbox 519 5317 2096 5387">
     <span class='ocr_line' id='line_1_102' title="bbox 519 5317 2096 5387; baseline 0.007 -18"><span class='ocrx_word' id='word_1_713' title='bbox 519 5317 574 5372; x_wconf 90' lang='lat' dir='ltr'><strong>in</strong></span> <span class='ocrx_word' id='word_1_714' title='bbox 605 5319 758 5373; x_wconf 90' lang='lat' dir='ltr'><strong>illum</strong></span> <span class='ocrx_word' id='word_1_715' title='bbox 786 5319 1148 5387; x_wconf 83' lang='lat' dir='ltr'><strong>abominatio,</strong></span> <span class='ocrx_word' id='word_1_716' title='bbox 1191 5332 1247 5376; x_wconf 88' lang='lat' dir='ltr'><strong>et</strong></span> <span class='ocrx_word' id='word_1_717' title='bbox 1299 5323 1355 5377; x_wconf 90' lang='lat' dir='ltr'><strong>in</strong></span> <span class='ocrx_word' id='word_1_718' title='bbox 1410 5323 1517 5378; x_wconf 83' lang='lat' dir='ltr'><strong>line</strong></span> <span class='ocrx_word' id='word_1_719' title='bbox 1563 5325 1921 5381; x_wconf 89' lang='lat' dir='ltr'><strong>subvertetur</strong></span> <span class='ocrx_word' id='word_1_720' title='bbox 1969 5329 2036 5380; x_wconf 80' lang='lat'><strong>“.</strong></span> <span class='ocrx_word' id='word_1_721' title='bbox 2078 5347 2096 5380; x_wconf 78' lang='grc' dir='ltr'><strong>ι</strong></span> 
     </span>
    </p>
   </div>
   <div class='ocr_carea' id='block_1_103' title="bbox 518 5409 2104 5488">
    <p class='ocr_par' dir='ltr' id='par_1_103' title="bbox 518 5409 2104 5488">
     <span class='ocr_line' id='line_1_103' title="bbox 518 5409 2104 5488; baseline 0.005 -24"><span class='ocrx_word' id='word_1_722' title='bbox 518 5409 576 5464; x_wconf 90' lang='lat' dir='ltr'><strong>In</strong></span> <span class='ocrx_word' id='word_1_723' title='bbox 622 5411 740 5480; x_wconf 73' lang='lat' dir='ltr'><strong>lege</strong></span> <span class='ocrx_word' id='word_1_724' title='bbox 779 5412 909 5466; x_wconf 91' lang='lat' dir='ltr'><strong>item</strong></span> <span class='ocrx_word' id='word_1_725' title='bbox 960 5414 1226 5485; x_wconf 84' lang='lat' dir='ltr'><strong>scriptum</strong></span> <span class='ocrx_word' id='word_1_726' title='bbox 1265 5424 1394 5469; x_wconf 88' lang='lat' dir='ltr'><strong>est:</strong></span> <span class='ocrx_word' id='word_1_727' title='bbox 1441 5433 1459 5466; x_wconf 77' lang='grc' dir='ltr'><strong>ι</strong></span> <span class='ocrx_word' id='word_1_728' title='bbox 1492 5417 1686 5469; x_wconf 84' lang='lat' dir='ltr'><strong>Anima</strong></span> <span class='ocrx_word' id='word_1_729' title='bbox 1727 5431 1848 5486; x_wconf 73' lang='lat' dir='ltr'><strong>quae</strong></span> <span class='ocrx_word' id='word_1_730' title='bbox 1881 5418 2104 5488; x_wconf 86' lang='lat' dir='ltr'><strong>quidvis</strong></span> 
     </span>
    </p>
   </div>
   <div class='ocr_carea' id='block_1_104' title="bbox 523 5502 2095 5578">
    <p class='ocr_par' dir='ltr' id='par_1_104' title="bbox 523 5502 2095 5578">
     <span class='ocr_line' id='line_1_104' title="bbox 523 5502 2095 5578; baseline 0.004 -24"><span class='ocrx_word' id='word_1_731' title='bbox 523 5502 716 5556; x_wconf 82' lang='lat' dir='ltr'><strong>fecerit</strong></span> <span class='ocrx_word' id='word_1_732' title='bbox 745 5504 798 5557; x_wconf 89' lang='lat' dir='ltr'><strong>in</strong></span> <span class='ocrx_word' id='word_1_733' title='bbox 828 5520 990 5559; x_wconf 85' lang='lat' dir='ltr'><strong>manu</strong></span> <span class='ocrx_word' id='word_1_734' title='bbox 1027 5509 1320 5577; x_wconf 68' lang='lat' dir='ltr'><strong>superbire,</strong></span> <span class='ocrx_word' id='word_1_735' title='bbox 1346 5517 1628 5562; x_wconf 77' lang='lat' dir='ltr'><strong>exteretur</strong></span> <span class='ocrx_word' id='word_1_736' title='bbox 1663 5508 1731 5562; x_wconf 87' lang='lat' dir='ltr'><strong>de</strong></span> <span class='ocrx_word' id='word_1_737' title='bbox 1762 5510 1964 5578; x_wconf 83' lang='lat' dir='ltr'><strong>populo</strong></span> <span class='ocrx_word' id='word_1_738' title='bbox 1994 5511 2095 5564; x_wconf 67' lang='lat' dir='ltr'><strong>&quot;.i</strong></span> 
     </span>
    </p>
   </div>
   <div class='ocr_carea' id='block_1_105' title="bbox 525 5595 2102 5674">
    <p class='ocr_par' dir='ltr' id='par_1_105' title="bbox 525 5595 2102 5674">
     <span class='ocr_line' id='line_1_105' title="bbox 525 5595 2102 5674; baseline 0.006 -26"><span class='ocrx_word' id='word_1_739' title='bbox 525 5595 739 5666; x_wconf 64' lang='lat'><strong>113.99</strong></span> <span class='ocrx_word' id='word_1_740' title='bbox 793 5598 848 5651; x_wconf 83' lang='lat' dir='ltr'><strong>In</strong></span> <span class='ocrx_word' id='word_1_741' title='bbox 892 5600 1031 5653; x_wconf 81' lang='lat' dir='ltr'><strong>Isaia</strong></span> <span class='ocrx_word' id='word_1_742' title='bbox 1071 5617 1083 5652; x_wconf 93' lang='lat'><strong>:</strong></span> <span class='ocrx_word' id='word_1_743' title='bbox 1153 5619 1170 5651; x_wconf 79' lang='grc' dir='ltr'><strong>ι</strong></span> <span class='ocrx_word' id='word_1_744' title='bbox 1200 5601 1270 5656; x_wconf 87' lang='lat' dir='ltr'><strong>Et</strong></span> <span class='ocrx_word' id='word_1_745' title='bbox 1324 5601 1637 5673; x_wconf 90' lang='lat' dir='ltr'><strong>disperdam</strong></span> <span class='ocrx_word' id='word_1_746' title='bbox 1683 5618 1876 5657; x_wconf 88' lang='lat' dir='ltr'><strong>omnes</strong></span> <span class='ocrx_word' id='word_1_747' title='bbox 1910 5619 2102 5674; x_wconf 89' lang='lat' dir='ltr'><strong>super-</strong></span> 
     </span>
    </p>
   </div>
   <div class='ocr_carea' id='block_1_106' title="bbox 589 5767 2088 5843">
    <p class='ocr_par' dir='ltr' id='par_1_106' title="bbox 589 5767 2088 5843">
     <span class='ocr_line' id='line_1_106' title="bbox 589 5767 2088 5843; baseline 0.009 -22"><span class='ocrx_word' id='word_1_748' title='bbox 589 5767 635 5798; x_wconf 73' lang='lat'><strong>&quot;</strong></span> <span class='ocrx_word' id='word_1_749' title='bbox 664 5768 766 5823; x_wconf 83' lang='lat' dir='ltr'><strong>lsa.</strong></span> <span class='ocrx_word' id='word_1_750' title='bbox 796 5787 901 5836; x_wconf 72' lang='lat' dir='ltr'><strong>xw,</strong></span> <span class='ocrx_word' id='word_1_751' title='bbox 935 5771 1024 5826; x_wconf 73' lang='grc' dir='ltr'>Η.</span> <span class='ocrx_word' id='word_1_752' title='bbox 1103 5774 1150 5805; x_wconf 77' lang='grc'><strong>³⁸</strong></span> <span class='ocrx_word' id='word_1_753' title='bbox 1178 5775 1350 5830; x_wconf 81' lang='lat' dir='ltr'><strong>Eccli.</strong></span> <span class='ocrx_word' id='word_1_754' title='bbox 1387 5795 1440 5843; x_wconf 64' lang='grc' dir='ltr'>χ,</span> <span class='ocrx_word' id='word_1_755' title='bbox 1471 5779 1560 5833; x_wconf 64' lang='lat'><strong>22.</strong></span> <span class='ocrx_word' id='word_1_756' title='bbox 1639 5781 1680 5812; x_wconf 80' lang='grc'><strong>³¹</strong></span> <span class='ocrx_word' id='word_1_757' title='bbox 1710 5778 1849 5834; x_wconf 86' lang='lat' dir='ltr'><strong>ibid.</strong></span> <span class='ocrx_word' id='word_1_758' title='bbox 1877 5780 1962 5836; x_wconf 73' lang='grc'><strong>15.</strong></span> <span class='ocrx_word' id='word_1_759' title='bbox 2041 5783 2088 5814; x_wconf 83' lang='grc'><strong>⁵⁸</strong></span> 
     </span>
    </p>
   </div>
   <div class='ocr_carea' id='block_1_107' title="bbox 2209 4597 3741 4672">
    <p class='ocr_par' dir='ltr' id='par_1_107' title="bbox 2209 4597 3741 4672">
     <span class='ocr_line' id='line_1_107' title="bbox 2209 4597 3741 4672; baseline 0.001 -21"><span class='ocrx_word' id='word_1_760' title='bbox 2209 4597 2306 4651; x_wconf 76' lang='grc' dir='ltr'>καὶ</span> <span class='ocrx_word' id='word_1_761' title='bbox 2345 4599 2412 4652; x_wconf 86' lang='grc' dir='ltr'><strong>τά</strong></span> <span class='ocrx_word' id='word_1_762' title='bbox 2448 4598 2582 4668; x_wconf 81' lang='grc' dir='ltr'><strong>ἀγιά</strong></span> <span class='ocrx_word' id='word_1_763' title='bbox 2622 4616 2718 4652; x_wconf 91' lang='grc' dir='ltr'><strong>σου</strong></span> <span class='ocrx_word' id='word_1_764' title='bbox 2748 4600 3063 4672; x_wconf 76' lang='grc' dir='ltr'>ἐρημῶσαι.</span> <span class='ocrx_word' id='word_1_765' title='bbox 3125 4599 3265 4652; x_wconf 83' lang='grc' dir='ltr'>Ἀλλ’</span> <span class='ocrx_word' id='word_1_766' title='bbox 3302 4600 3508 4672; x_wconf 83' lang='grc' dir='ltr'>έπαρον</span> <span class='ocrx_word' id='word_1_767' title='bbox 3543 4600 3632 4662; x_wconf 86' lang='grc' dir='ltr'>τὰς</span> <span class='ocrx_word' id='word_1_768' title='bbox 3661 4598 3741 4668; x_wconf 80' lang='grc' dir='ltr'>χεῖ·</span> 
     </span>
    </p>
   </div>
   <div class='ocr_carea' id='block_1_108' title="bbox 2209 4689 3740 4763">
    <p class='ocr_par' dir='ltr' id='par_1_108' title="bbox 2209 4689 3740 4763">
     <span class='ocr_line' id='line_1_108' title="bbox 2209 4689 3740 4763; baseline 0.003 -21"><span class='ocrx_word' id='word_1_769' title='bbox 2209 4691 2312 4760; x_wconf 79' lang='grc' dir='ltr'><strong>ράς</strong></span> <span class='ocrx_word' id='word_1_770' title='bbox 2344 4706 2437 4742; x_wconf 90' lang='grc' dir='ltr'><strong>σου</strong></span> <span class='ocrx_word' id='word_1_771' title='bbox 2466 4691 2561 4743; x_wconf 79' lang='grc' dir='ltr'><strong>ἐπὶ</strong></span> <span class='ocrx_word' id='word_1_772' title='bbox 2593 4689 2694 4753; x_wconf 84' lang='grc' dir='ltr'><strong>τὰς</strong></span> <span class='ocrx_word' id='word_1_773' title='bbox 2721 4693 3105 4763; x_wconf 85' lang='grc' dir='ltr'>ὑπερηφανίας</span> <span class='ocrx_word' id='word_1_774' title='bbox 3134 4692 3316 4745; x_wconf 82' lang='grc' dir='ltr'>αὐτῶν</span> <span class='ocrx_word' id='word_1_775' title='bbox 3343 4694 3424 4756; x_wconf 85' lang='grc' dir='ltr'><strong>είς</strong></span> <span class='ocrx_word' id='word_1_776' title='bbox 3448 4693 3613 4755; x_wconf 82' lang='grc' dir='ltr'>τέλος,</span> <span class='ocrx_word' id='word_1_777' title='bbox 3635 4691 3740 4747; x_wconf 76' lang='grc' dir='ltr'><strong>ὅπως</strong></span> 
     </span>
    </p>
   </div>
   <div class='ocr_carea' id='block_1_109' title="bbox 2205 4781 3737 4855">
    <p class='ocr_par' dir='ltr' id='par_1_109' title="bbox 2205 4781 3737 4855">
     <span class='ocr_line' id='line_1_109' title="bbox 2205 4781 3737 4855; baseline -0.002 -20"><span class='ocrx_word' id='word_1_778' title='bbox 2205 4781 2633 4852; x_wconf 85' lang='grc' dir='ltr'>αἰσχυνθείησαν</span> <span class='ocrx_word' id='word_1_779' title='bbox 2676 4784 2726 4836; x_wconf 86' lang='lat' dir='ltr'><strong>ol</strong></span> <span class='ocrx_word' id='word_1_780' title='bbox 2759 4783 3122 4855; x_wconf 86' lang='grc' dir='ltr'>ὑπερήφανοι,</span> <span class='ocrx_word' id='word_1_781' title='bbox 3158 4785 3241 4838; x_wconf 81' lang='grc' dir='ltr'>ὅτι</span> <span class='ocrx_word' id='word_1_782' title='bbox 3273 4785 3476 4849; x_wconf 79' lang='grc' dir='ltr'>ἀδίκως</span> <span class='ocrx_word' id='word_1_783' title='bbox 3508 4784 3737 4854; x_wconf 75' lang='grc' dir='ltr'>ήνόμησσν</span> 
     </span>
    </p>
   </div>
   <div class='ocr_carea' id='block_1_110' title="bbox 2205 4875 3736 4948">
    <p class='ocr_par' dir='ltr' id='par_1_110' title="bbox 2205 4875 3736 4948">
     <span class='ocr_line' id='line_1_110' title="bbox 2205 4875 3736 4948; baseline 0.008 -22"><span class='ocrx_word' id='word_1_784' title='bbox 2205 4876 2286 4937; x_wconf 75' lang='grc' dir='ltr'><strong>εἰς</strong></span> <span class='ocrx_word' id='word_1_785' title='bbox 2317 4876 2488 4945; x_wconf 76' lang='grc' dir='ltr'>ἡμᾶς.</span> <span class='ocrx_word' id='word_1_786' title='bbox 2543 4875 2656 4928; x_wconf 75' lang='lat' dir='ltr'><strong>‘Asl</strong></span> <span class='ocrx_word' id='word_1_787' title='bbox 2683 4876 2792 4948; x_wconf 80' lang='grc' dir='ltr'><strong>γὰρ</strong></span> <span class='ocrx_word' id='word_1_788' title='bbox 2829 4877 3176 4947; x_wconf 85' lang='grc' dir='ltr'>ὑπερήφανοι</span> <span class='ocrx_word' id='word_1_789' title='bbox 3211 4878 3287 4941; x_wconf 82' lang='grc' dir='ltr'>ὼς</span> <span class='ocrx_word' id='word_1_790' title='bbox 3318 4879 3368 4932; x_wconf 78' lang='grc' dir='ltr'>οἱ</span> <span class='ocrx_word' id='word_1_791' title='bbox 3397 4881 3456 4932; x_wconf 82' lang='grc' dir='ltr'>ἐν</span> <span class='ocrx_word' id='word_1_792' title='bbox 3492 4879 3556 4948; x_wconf 77' lang='grc' dir='ltr'>τῇ</span> <span class='ocrx_word' id='word_1_793' title='bbox 3591 4875 3736 4944; x_wconf 57' lang='grc' dir='ltr'>ἐρήμῳ</span> 
     </span>
    </p>
   </div>
   <div class='ocr_carea' id='block_1_111' title="bbox 2207 4963 3735 5039">
    <p class='ocr_par' dir='ltr' id='par_1_111' title="bbox 2207 4963 3735 5039">
     <span class='ocr_line' id='line_1_111' title="bbox 2207 4963 3735 5039; baseline 0.003 -21"><span class='ocrx_word' id='word_1_794' title='bbox 2207 4966 2446 5036; x_wconf 88' lang='grc' dir='ltr'>πατέρες</span> <span class='ocrx_word' id='word_1_795' title='bbox 2477 4967 2657 5019; x_wconf 85' lang='grc' dir='ltr'>αὑτῶν</span> <span class='ocrx_word' id='word_1_796' title='bbox 2682 4968 3037 5039; x_wconf 86' lang='grc' dir='ltr'>παρηνόμουν</span> <span class='ocrx_word' id='word_1_797' title='bbox 3057 4969 3163 5034; x_wconf 76' lang='grc' dir='ltr'>ἓως</span> <span class='ocrx_word' id='word_1_798' title='bbox 3184 4970 3410 5039; x_wconf 86' lang='grc' dir='ltr'>σφόδρα.</span> <span class='ocrx_word' id='word_1_799' title='bbox 3451 4968 3508 5021; x_wconf 89' lang='lat'><strong>&#39;0</strong></span> <span class='ocrx_word' id='word_1_800' title='bbox 3522 4968 3575 5021; x_wconf 83' lang='grc' dir='ltr'>δὲ</span> <span class='ocrx_word' id='word_1_801' title='bbox 3595 4963 3735 5023; x_wconf 77' lang='grc' dir='ltr'>δοῦλός</span> 
     </span>
    </p>
   </div>
   <div class='ocr_carea' id='block_1_112' title="bbox 2207 5054 3734 5132">
    <p class='ocr_par' dir='ltr' id='par_1_112' title="bbox 2207 5054 3734 5132">
     <span class='ocr_line' id='line_1_112' title="bbox 2207 5054 3734 5132; baseline -0.001 -23"><span class='ocrx_word' id='word_1_802' title='bbox 2207 5075 2300 5110; x_wconf 90' lang='grc' dir='ltr'><strong>σου</strong></span> <span class='ocrx_word' id='word_1_803' title='bbox 2331 5057 2496 5111; x_wconf 86' lang='grc' dir='ltr'>Δαυῒδ</span> <span class='ocrx_word' id='word_1_804' title='bbox 2525 5059 2634 5112; x_wconf 80' lang='grc' dir='ltr'>ἀπὸ</span> <span class='ocrx_word' id='word_1_805' title='bbox 2660 5059 2752 5112; x_wconf 82' lang='grc' dir='ltr'>τοῦ</span> <span class='ocrx_word' id='word_1_806' title='bbox 2800 5060 2968 5132; x_wconf 85' lang='grc' dir='ltr'>νόμου</span> <span class='ocrx_word' id='word_1_807' title='bbox 3011 5077 3106 5114; x_wconf 88' lang='grc' dir='ltr'><strong>σου</strong></span> <span class='ocrx_word' id='word_1_808' title='bbox 3153 5063 3256 5114; x_wconf 80' lang='grc' dir='ltr'><strong>οὑκ</strong></span> <span class='ocrx_word' id='word_1_809' title='bbox 3315 5060 3552 5126; x_wconf 77' lang='grc' dir='ltr'>ἐξέκλινε</span> <span class='ocrx_word' id='word_1_810' title='bbox 3580 5075 3593 5089; x_wconf 89' lang='grc'><strong>·</strong></span> <span class='ocrx_word' id='word_1_811' title='bbox 3647 5054 3734 5108; x_wconf 71' lang='grc' dir='ltr'>οὔτε</span> 
     </span>
    </p>
   </div>
   <div class='ocr_carea' id='block_1_113' title="bbox 2208 5151 3734 5224">
    <p class='ocr_par' dir='ltr' id='par_1_113' title="bbox 2208 5151 3734 5224">
     <span class='ocr_line' id='line_1_113' title="bbox 2208 5151 3734 5224; baseline -0.001 -22"><span class='ocrx_word' id='word_1_812' title='bbox 2208 5169 2226 5202; x_wconf 79' lang='grc' dir='ltr'><strong>ι</strong></span> <span class='ocrx_word' id='word_1_813' title='bbox 2268 5151 2605 5223; x_wconf 79' lang='grc' dir='ltr'>ὑπερηφάνῳ</span> <span class='ocrx_word' id='word_1_814' title='bbox 2635 5151 2898 5224; x_wconf 78' lang='grc' dir='ltr'>ὀφθαλμῷ</span> <span class='ocrx_word' id='word_1_815' title='bbox 2925 5153 3020 5206; x_wconf 71' lang='grc' dir='ltr'>καὶ</span> <span class='ocrx_word' id='word_1_816' title='bbox 3064 5153 3330 5224; x_wconf 83' lang='grc' dir='ltr'>ἀπλήστῳ</span> <span class='ocrx_word' id='word_1_817' title='bbox 3370 5151 3562 5222; x_wconf 76' lang='grc' dir='ltr'>καρδίᾳ</span> <span class='ocrx_word' id='word_1_818' title='bbox 3592 5167 3609 5201; x_wconf 70' lang='grc' dir='ltr'><strong>ι</strong></span> <span class='ocrx_word' id='word_1_819' title='bbox 3645 5161 3734 5201; x_wconf 79' lang='grc' dir='ltr'>συν·</span> 
     </span>
    </p>
   </div>
   <div class='ocr_carea' id='block_1_114' title="bbox 2207 5232 3729 5316">
    <p class='ocr_par' dir='ltr' id='par_1_114' title="bbox 2207 5232 3729 5316">
     <span class='ocr_line' id='line_1_114' title="bbox 2207 5232 3729 5316; baseline 0.003 -22"><span class='ocrx_word' id='word_1_820' title='bbox 2207 5241 2419 5312; x_wconf 84' lang='grc' dir='ltr'>ήσθιεν,</span> <span class='ocrx_word' id='word_1_821' title='bbox 2449 5244 2558 5296; x_wconf 80' lang='grc' dir='ltr'>οὐδ’</span> <span class='ocrx_word' id='word_1_822' title='bbox 2606 5245 2742 5307; x_wconf 82' lang='grc' dir='ltr'>ὅλως</span> <span class='ocrx_word' id='word_1_823' title='bbox 2782 5245 3024 5316; x_wconf 84' lang='grc' dir='ltr'>κατῴκει</span> <span class='ocrx_word' id='word_1_824' title='bbox 3069 5264 3088 5297; x_wconf 75' lang='grc' dir='ltr'><strong>ι</strong></span> <span class='ocrx_word' id='word_1_825' title='bbox 3125 5248 3182 5299; x_wconf 81' lang='grc' dir='ltr'>ἐν</span> <span class='ocrx_word' id='word_1_826' title='bbox 3231 5246 3380 5316; x_wconf 84' lang='grc' dir='ltr'>μέσῳ</span> <span class='ocrx_word' id='word_1_827' title='bbox 3414 5244 3511 5312; x_wconf 79' lang='grc' dir='ltr'>τῆς</span> <span class='ocrx_word' id='word_1_828' title='bbox 3545 5232 3729 5298; x_wconf 56' lang='grc' dir='ltr'>οὶκίαν</span> 
     </span>
    </p>
   </div>
   <div class='ocr_carea' id='block_1_115' title="bbox 2208 5332 3733 5409">
    <p class='ocr_par' dir='ltr' id='par_1_115' title="bbox 2208 5332 3733 5409">
     <span class='ocr_line' id='line_1_115' title="bbox 2208 5332 3733 5409; baseline 0.001 -24"><span class='ocrx_word' id='word_1_829' title='bbox 2208 5332 2396 5397; x_wconf 84' lang='grc' dir='ltr'>αὑτοῦ,</span> <span class='ocrx_word' id='word_1_830' title='bbox 2424 5335 2687 5406; x_wconf 82' lang='grc' dir='ltr'>λογισμὸς</span> <span class='ocrx_word' id='word_1_831' title='bbox 2719 5336 2888 5389; x_wconf 83' lang='grc' dir='ltr'>ποιῶν</span> <span class='ocrx_word' id='word_1_832' title='bbox 2944 5338 3346 5409; x_wconf 82' lang='grc' dir='ltr'>ὑπερηφανίαν.</span> <span class='ocrx_word' id='word_1_833' title='bbox 3398 5339 3504 5393; x_wconf 78' lang='grc' dir='ltr'><strong>Καὶ</strong></span> <span class='ocrx_word' id='word_1_834' title='bbox 3528 5337 3552 5389; x_wconf 83' lang='grc' dir='ltr'>ὁ</span> <span class='ocrx_word' id='word_1_835' title='bbox 3578 5336 3733 5403; x_wconf 68' lang='lat' dir='ltr'><strong>[lapat-</strong></span> 
     </span>
    </p>
   </div>
   <div class='ocr_carea' id='block_1_116' title="bbox 2214 5420 3731 5498">
    <p class='ocr_par' dir='ltr' id='par_1_116' title="bbox 2214 5420 3731 5498">
     <span class='ocr_line' id='line_1_116' title="bbox 2214 5420 3731 5498; baseline -0.003 -21"><span class='ocrx_word' id='word_1_836' title='bbox 2214 5425 2448 5495; x_wconf 86' lang='grc' dir='ltr'>μιαστής</span> <span class='ocrx_word' id='word_1_837' title='bbox 2471 5441 2486 5454; x_wconf 83' lang='grc'><em>’</em></span> <span class='ocrx_word' id='word_1_838' title='bbox 2521 5445 2538 5477; x_wconf 83' lang='grc' dir='ltr'><strong>ι</strong></span> <span class='ocrx_word' id='word_1_839' title='bbox 2575 5426 2742 5489; x_wconf 77' lang='grc' dir='ltr'>Φόϐος</span> <span class='ocrx_word' id='word_1_840' title='bbox 2765 5426 2972 5498; x_wconf 75' lang='grc' dir='ltr'>Κύριου</span> <span class='ocrx_word' id='word_1_841' title='bbox 3002 5433 3151 5498; x_wconf 87' lang='grc' dir='ltr'><strong>μισεί</strong></span> <span class='ocrx_word' id='word_1_842' title='bbox 3177 5430 3392 5495; x_wconf 79' lang='grc' dir='ltr'>κακίαν,</span> <span class='ocrx_word' id='word_1_843' title='bbox 3427 5427 3572 5497; x_wconf 75' lang='grc' dir='ltr'>ὓϐριν</span> <span class='ocrx_word' id='word_1_844' title='bbox 3591 5440 3638 5476; x_wconf 84' lang='grc' dir='ltr'><strong>τε</strong></span> <span class='ocrx_word' id='word_1_845' title='bbox 3665 5420 3731 5473; x_wconf 77' lang='grc' dir='ltr'>καὶ</span> 
     </span>
    </p>
   </div>
   <div class='ocr_carea' id='block_1_117' title="bbox 2212 5512 3731 5589">
    <p class='ocr_par' dir='ltr' id='par_1_117' title="bbox 2212 5512 3731 5589">
     <span class='ocr_line' id='line_1_117' title="bbox 2212 5512 3731 5589; baseline 0.007 -23"><span class='ocrx_word' id='word_1_846' title='bbox 2212 5515 2618 5586; x_wconf 85' lang='grc' dir='ltr'>ὑπερηφανίαν,</span> <span class='ocrx_word' id='word_1_847' title='bbox 2647 5516 2739 5570; x_wconf 72' lang='grc' dir='ltr'>καὶ</span> <span class='ocrx_word' id='word_1_848' title='bbox 2770 5516 2921 5580; x_wconf 77' lang='grc' dir='ltr'>ὁδοὺς</span> <span class='ocrx_word' id='word_1_849' title='bbox 2947 5519 3209 5589; x_wconf 87' lang='grc' dir='ltr'>πονηράς.</span> <span class='ocrx_word' id='word_1_850' title='bbox 3231 5537 3249 5570; x_wconf 71' lang='grc' dir='ltr'><strong>ι</strong></span> <span class='ocrx_word' id='word_1_851' title='bbox 3295 5517 3509 5586; x_wconf 83' lang='grc' dir='ltr'>Ἐπάγει</span> <span class='ocrx_word' id='word_1_852' title='bbox 3534 5532 3546 5546; x_wconf 78' lang='grc'><strong><em>⁸</em></strong></span> <span class='ocrx_word' id='word_1_853' title='bbox 3576 5534 3591 5565; x_wconf 73' lang='grc' dir='ltr'>α</span> <span class='ocrx_word' id='word_1_854' title='bbox 3619 5512 3731 5577; x_wconf 69' lang='grc' dir='ltr'><strong>Ὅσῳ</strong></span> 
     </span>
    </p>
   </div>
   <div class='ocr_carea' id='block_1_118' title="bbox 2215 5603 3730 5677">
    <p class='ocr_par' dir='ltr' id='par_1_118' title="bbox 2215 5603 3730 5677">
     <span class='ocr_line' id='line_1_118' title="bbox 2215 5603 3730 5677; baseline -0.001 -17"><span class='ocrx_word' id='word_1_855' title='bbox 2215 5607 2389 5677; x_wconf 87' lang='grc' dir='ltr'>μέγας</span> <span class='ocrx_word' id='word_1_856' title='bbox 2423 5603 2495 5675; x_wconf 79' lang='grc' dir='ltr'><strong>εἴ,</strong></span> <span class='ocrx_word' id='word_1_857' title='bbox 2548 5608 2803 5662; x_wconf 79' lang='grc' dir='ltr'>τοσοῦτον</span> <span class='ocrx_word' id='word_1_858' title='bbox 2851 5609 3085 5665; x_wconf 85' lang='grc' dir='ltr'>ταπείνα</span> <span class='ocrx_word' id='word_1_859' title='bbox 3125 5610 3372 5676; x_wconf 82' lang='grc' dir='ltr'>σεαυτὸν,</span> <span class='ocrx_word' id='word_1_860' title='bbox 3405 5609 3494 5664; x_wconf 78' lang='grc' dir='ltr'>καὶ</span> <span class='ocrx_word' id='word_1_861' title='bbox 3528 5607 3730 5676; x_wconf 69' lang='grc' dir='ltr'>εὑρήσεις</span> 
     </span>
    </p>
   </div>
   <div class='ocr_carea' id='block_1_119' title="bbox 2211 5783 2624 5855">
    <p class='ocr_par' dir='ltr' id='par_1_119' title="bbox 2211 5783 2624 5855">
     <span class='ocr_line' id='line_1_119' title="bbox 2211 5783 2624 5855; baseline 0.007 -19"><span class='ocrx_word' id='word_1_862' title='bbox 2211 5783 2370 5842; x_wconf 74' lang='lat' dir='ltr'><strong>Num.</strong></span> <span class='ocrx_word' id='word_1_863' title='bbox 2407 5802 2499 5855; x_wconf 74' lang='lat' dir='ltr'><strong>xv,</strong></span> <span class='ocrx_word' id='word_1_864' title='bbox 2535 5786 2624 5848; x_wconf 74' lang='grc'>50,</span> 
     </span>
    </p>
   </div>
  </div>
