3944 6418
241 369 379 437 1573

735 370 1066 433 IIOMILIA
1101 371 1274 433 XLV.
1304 395 1375 406 —
1397 369 1603 441 QUOD
1641 368 1796 430 NON
1837 368 1957 430 SIT
1998 369 2096 431 DE
2133 369 2227 432 SE
2259 370 2452 432 ALTE
2491 359 3015 431 SENTIENDUM.

3355 366 3493 435 1574

237 485 400 557 χάριν
436 481 616 541 ἔναντι
646 481 875 553 Κυρίου.
909 498 927 533 ι
967 480 1080 534 Καί
1113 495 1127 510 ο
1169 498 1189 532 ι
1218 479 1312 550 Μὴ
1344 479 1545 549 ἐξύψου
1586 478 1814 533 σεαυτὸν

1918 479 2019 533 hos
2046 478 2116 532 ⁵³.
2144 497 2163 530 ι
2199 477 2413 533 Psaitcs
2446 475 2634 545 regius
2667 493 2681 528 :
2715 494 2732 525 ι
2763 475 2891 531 Ideo
2937 476 3115 534 tenuit
3160 493 3256 537 eos
3290 495 3490 551 super-
3571 536 3576 541 ,

238 576 325 630 ἴνα
359 574 435 646 μὴ
471 573 666 645 ⁸πέσῃς,
699 574 783 627 ὅτι
823 571 1048 642 μισητὸς
1077 570 1259 624 ἔναντι
1306 571 1511 639 Κυρίου
1575 571 1671 625 καὶ
1717 571 1815 624 ἁν-

235 666 456 739 θρώπου
489 665 597 728 πᾶς
625 664 1000 736 ὑπερήφανος.
1038 681 1058 715 ι
1095 661 1253 717 Καὶὸ
1292 660 1588 722 Ἰάκωϐον
1624 661 1817 731 ’Υπερ-

233 757 463 828 ηφάνοις
494 753 703 826 Κύριος
734 752 1143 818 ἀντιτάσσεται,
1184 753 1466 813 ταπεινοῖς
1497 750 1681 805 δίδωσι
1727 752 1819 822 χά-

239 864 346 918 ριν.
388 864 407 896 ι
445 847 554 899 Καὶ
594 845 847 913 ἐπιφέρει
873 860 889 875 ·
932 860 951 894 ι
984 841 1375 912 Ταπεινώθητε
1415 838 1511 895 οὖν
1565 842 1674 897 ὑπὸ
1716 844 1816 912 τὴν

237 934 509 1008 κραταιὰν
537 935 698 1005 χεῖρα
729 932 822 987 τοῦ
849 932 1009 999 Θεοῦ,
1041 932 1127 986 ἵνα
1164 931 1355 1003 ὑψώσῃ
1385 932 1550 1001 ὑμᾶς.
1589 951 1609 984 ι
1639 931 1813 1003 Φοϐη-

238 1025 426 1097 θῶμεν
461 1019 578 1088 οὖν,
618 1023 861 1093 ἀδελφοὶ,
904 1022 1000 1077 καὶ
1047 1022 1199 1095 πάσῃ
1243 1023 1457 1092 φυλακῇ
1485 1024 1817 1094 τηρήσωμεν

140 1110 165 1119 ”
236 1115 336 1186 τὴν
358 1114 567 1168 ἑαυτῶν
591 1113 823 1185 καρδίαν
841 1114 952 1167 ἀπὸ
980 1112 1075 1166 τοῦ
1103 1112 1479 1185 θανατηφόρου
1509 1113 1818 1184 πνεύματος

236 1206 339 1276 τῆς
397 1203 803 1275 ὑπερηφανίας.
858 1202 1028 1257 Ὅταν
1079 1203 1191 1275 γὰρ
1242 1203 1655 1275 κατακυριεύσῃ
1717 1203 1818 1273 τῆς

236 1297 432 1359 ἀθλίας
460 1297 664 1366 ψυχῆς,
689 1294 884 1365 ῶσπερ
903 1311 986 1358 τις
1014 1293 1401 1365 χαλεπώτατος
1431 1297 1693 1365 τύραννος
1717 1312 1817 1366 με-

237 1390 414 1458 γάλην
444 1387 599 1440 πόλιν
649 1387 744 1439 καὶ
802 1384 1013 1455 ὑψηλὴν
1062 1384 1419 1457 παραλαϐὼν,
1469 1386 1601 1457 ὃλην
1646 1387 1818 1457 αὐτὴν

236 1480 603 1550 καταστρέφει
641 1479 736 1531 καὶ
768 1477 1169 1531 κατασκάπτει.
1206 1477 1316 1532 Καὶ
1342 1477 1404 1531 τὸ
1436 1478 1816 1545 ὲλεεινότατον,

236 1572 320 1624 ὅτι
352 1565 506 1634 οὗτος
531 1571 557 1622 ὁ
588 1569 996 1641 ἐπικατάρατος
1032 1569 1244 1639 δαίμων
1277 1571 1402 1632 τοὺς
1441 1569 1703 1635 τελείους,
1744 1569 1820 1635 ὡς

236 1660 478 1732 εἴρηται,
520 1662 779 1731 μάλιστα,
803 1660 899 1713 καὶ
938 1662 1020 1724 είς
1041 1659 1101 1714 τὸ
1141 1659 1276 1731 ὕψος
1303 1659 1415 1715 τῶν
1445 1659 1658 1731 ἀρετῶν
1689 1664 1821 1715 ἁνα-

230 1749 545 1819 6ε6ηκότας
592 1751 863 1819 ἐπιχειρεί
910 1750 1353 1819 καταστρέφεινο
1400 1750 1494 1803 καὶ
1525 1750 1648 1803 οὐδὲ
1681 1751 1819 1822 πρὸς

1915 570 2005 625 bia
2038 571 2096 625 in
2124 569 2312 635 ﬁnem,
2339 569 2469 638 quia
2489 567 2668 636 operti
2701 574 2832 622 sunt
2858 566 3148 637 iniquitate
3192 578 3251 628 et
3296 572 3495 642 impie-

1914 672 2028 720 tate
2058 680 2157 719 sua
2189 663 2257 718 ".
2291 681 2310 713 ι
2348 662 2455 716 Et:
2492 680 2510 711 ι
2540 660 2870 715 Defecerunt
2916 670 2972 716 et
3018 663 3306 732 perierunt
3356 679 3490 734 pro-

1913 764 2037 827 pter
2065 754 2406 824 impietatem
2439 765 2594 806 suam
2630 751 2699 805 '5.
2739 771 2758 804 ι
2786 751 2896 806 Et:
2935 771 2953 803 ι
2993 751 3267 822 Superbia
3295 770 3491 811 eorum

1914 849 2008 918 qui
2035 855 2088 902 te
2109 846 2367 907 oderunt,
2397 843 2645 899 ascendit
2671 857 2890 913 semper
2920 844 2987 901 ⁸⁸.
3007 863 3026 895 ι
3066 843 3222 900 Unde
3254 854 3317 901 et
3340 847 3493 901 omni

1915 939 2101 994 studio
2134 936 2218 992 usi
2250 944 2396 1002 sunt,
2425 943 2614 993 sancta
2658 941 2750 989 tua
2780 944 2839 988 ut
2888 934 3308 1001 demolirentur,
3366 951 3491 991 san-

1915 1033 2127 1090 etuaria
2147 1044 2242 1088 tua
2271 1032 2331 1086 in
2354 1029 2708 1086 solitudinem
2732 1028 3066 1099 redigerent.
3107 1028 3401 1092 Caeterum,
3432 1037 3490 1085 tu

1915 1126 2089 1182 alleva
2114 1138 2314 1179 manus
2333 1132 2457 1177 tuas
2484 1121 2540 1176 in
2585 1121 2872 1191 superbias
2902 1135 3099 1176 eorum
3132 1120 3189 1176 in
3226 1120 3393 1176 ﬁnem
3421 1121 3491 1186 ",

1916 1226 1979 1272 ut
2007 1214 2417 1271 confundantur
2463 1212 2711 1281 superbi,
2759 1212 2890 1282 quia
2935 1212 3139 1283 injuste
3187 1220 3245 1267 et
3305 1213 3492 1282 inique

1915 1310 2151 1373 egerunt
2172 1308 2364 1356 contra
2388 1313 2493 1354 nos
2535 1299 2604 1354 ⁸⁸.
2642 1298 2872 1368 Semper
2917 1301 3066 1355 enirn
3108 1300 3333 1370 superbi
3378 1301 3490 1365 isti,

1917 1391 2378 1463 quemadmodum
2405 1398 2591 1460 patres
2614 1405 2806 1449 eorum
2831 1391 2886 1444 in
2908 1404 3116 1456 eremo,
3142 1392 3311 1447 nimis
3329 1407 3492 1462 quam

1916 1481 2257 1552 pmvaricati
2306 1489 2436 1536 sunt
2493 1480 2668 1551 legem
2705 1490 2876 1539 tuam.
2929 1482 3096 1552 Atqui
3135 1498 3330 1538 servus
3368 1491 3497 1539 tuus

1920 1572 2091 1627 David
2121 1588 2231 1627 non
2260 1572 2556 1627 declinavit
2580 1587 2612 1627 a
2635 1572 2755 1642 lege
2778 1584 2888 1639 tua,
2922 1587 3029 1629 nec
3054 1589 3179 1629 cum
3209 1592 3228 1625 ι
3253 1574 3494 1644 superbo

1918 1665 2082 1719 oculo
2107 1673 2164 1719 et
2189 1663 2489 1720 insatiabili
2518 1664 2686 1719 corde
2722 1666 2766 1698 "
2804 1685 2825 1718 ι
2865 1665 3028 1720 simul
3055 1665 3274 1731 edebat,
3305 1674 3361 1721 et
3390 1680 3497 1722 nec
3574 1720 3577 1721 ν

1919 1755 2145 1811 omnino
2180 1755 2306 1812 talis
2331 1755 2616 1811 habitabat
2644 1775 2660 1808 ι
2698 1756 2754 1812 in
2780 1758 2963 1813 medio
2988 1758 3185 1813 domus
3208 1759 3283 1810 ⁸⁸»
3306 1758 3492 1823 illius;

236 1842 535 1914 μετάνοιαν
585 1842 786 1903 αὐτοὺς
832 1843 1109 1911 συγχωρεῖ
1155 1840 1504 1911 ἐπιστρέψαι.
1554 1840 1681 1904 Πῶς
1709 1842 1818 1912 γὰρ

1919 1849 2180 1920 cogitatio
2223 1847 2483 1904 videlicet
2510 1848 2619 1903 ulla
2644 1849 2916 1919 resipiens
2943 1849 3281 1919 superbiam.
3310 1849 3497 1905 Parte-

239 1934 655 2003 μετανοήσωσιν
697 1933 747 1984 oi
785 1931 905 1985 ὅλον
932 1932 1177 1986 διάὸολον
1207 1930 1489 2002 δεχόμενοι
1519 1933 1577 1985 ὲν
1605 1933 1818 1997 ἑαυτοῖς

235 2025 331 2079 διὰ
353 2025 454 2094 τῆς
481 2023 889 2094 ὑπερηφανίας,
927 2025 1021 2076 καὶ
1058 2021 1149 2074 τὸν
1189 2020 1320 2075 Θεὸν
1363 2023 1820 2092 ἀντιτασσόμενον

236 2117 427 2179 αὐτοῖς
468 2114 872 2181 καθιστῶντες;
917 2114 1110 2184 Ἡμεῖς
1146 2111 1240 2167 οὖν
1270 2111 1359 2165 διὰ
1414 2112 1514 2183 τῆς
1569 2127 1820 2166 ταπεινο-

236 2206 519 2279 φροσύνης
555 2203 1032 2276 άποκρουσώμεθα
1056 2204 1150 2257 τὸν
1187 2203 1538 2274 ὑπερήφανον
1566 2203 1815 2272 δαίμονα⁸

236 2298 589 2367 ἰπιλέγοντες
627 2298 839 2360 ἑαυτοῖς
865 2296 928 2349 τὸ
947 2295 1045 2349 τοῦ
1086 2294 1432 2356 Ἀποστόλου,
1462 2295 1590 2348 ὅταν
1618 2295 1819 2365 ἀρετήν

237 2407 362 2446 τινα
409 2388 852 2461 κατορθώσωμεν
887 2404 903 2419 ⁸
964 2405 984 2440 ι
1027 2387 1140 2441 Οὐκ
1191 2385 1302 2455 ἐγὼ
1322 2386 1399 2453 δὲ,
1434 2384 1627 2456 ἀλλὰή
1660 2385 1820 2456 χάρις

236 2480 337 2536 τοῦ
374 2480 511 2535 Θεοῦ
554 2482 590 2552 ἡ
632 2480 732 2533 σὺν
764 2478 888 2549 ἐμοί
925 2494 941 2511 ο
989 2495 1009 2530 ι
1052 2478 1149 2531 καὶ
1191 2476 1356 2530 πάλιν
1389 2493 1401 2507 ·
1449 2494 1468 2527 ι
1500 2474 1575 2531 Οὐ
1604 2476 1698 2529 τοῦ
1734 2476 1822 2529 θέ-

241 2572 428 2641 λοντος
451 2571 571 2626 οὐδὲ
594 2571 691 2623 τοῦ
712 2571 1026 2641 τρέχοντος,
1051 2567 1187 2622 ἀλλὰ
1206 2566 1302 2621 τοῦ
1320 2566 1597 2631 ἐλεοῦντος
1613 2565 1771 2621 Θεοῦ.
1795 2586 1816 2620 ι

240 2663 353 2717 Καὶ
388 2665 449 2715 τὸ
488 2661 595 2716 ὑπὸ
629 2660 726 2715 τοῦ
781 2661 989 2731 Κυρίου
1031 2659 1325 2728 εἰρημένον
1350 2674 1364 2689 ⁸
1399 2675 1418 2709 ι
1460 2658 1645 2729 Χωρὶς
1684 2656 1820 2729 ἐμοῦ

236 2757 301 2811 οὗ
329 2756 558 2811 δύνασθε
604 2756 778 2807 ποιεῖν
816 2754 988 2807 οὐδέν.
1027 2771 1048 2804 ι
1099 2751 1286 2815 Οὕτως
1335 2750 1444 2822 γὰρ
1479 2750 1821 2823 δυνησόμεθα

237 2849 406 2904 πάλιν
435 2846 669 2903 ἀκοῦσαι
694 2845 864 2900 αὑτοῦ
892 2845 988 2899 τοῧ
1016 2844 1224 2914 Κυρίου
1252 2843 1499 2912 λέγοντος
1519 2859 1533 2873 ’
1563 2861 1583 2896 1
1627 2842 1821 2897 Ἐθεὼ-

241 2955 374 3012 ρουν
421 2940 512 2995 τὸν
552 2939 801 2993 Σατανᾶν
825 2935 903 3000 ὡς
931 2936 1221 3007 ἀστραπὴν
1253 2936 1317 2988 ὲκ
1342 2932 1437 2988 τοῦ
1464 2933 1693 3005 οὐρανοῦ
1725 2951 1823 2987 rte-.-

238 3032 405 3087 σὸντα
431 3046 447 3064 ο
490 3031 623 3094 ὶδοὶο,
647 3029 824 3083 ἔδωκα
855 3030 982 3100 ὑμῖν
1002 3027 1101 3099 τὴν
1136 3026 1386 3091 ἐξουσίαν
1416 3029 1606 3082 πατεῖν
1637 3027 1821 3080 ἐπάνω

1920 1940 2145 1998 miastes
2181 1956 2196 1994 :
2231 1957 2249 1990 ι
2290 1938 2479 1994 Timor
2509 1937 2726 1994 Domini
2751 1939 2870 1994 odit
2897 1939 3183 2005 malitiam,
3213 1946 3499 1994 contume-

1919 2014 2186 2100 lia'mque,
2213 2036 2271 2086 et
2298 2028 2638 2100 superbiam,
2663 2044 2727 2084 ac
2745 2028 2864 2083 vias
2887 2044 3084 2098 pravas
3111 2028 3177 2084 ⁶¹.
3207 2047 3224 2079 ι
3256 2028 3495 2085 Inducit:

1926 2137 1945 2171 ι
1983 2118 2198 2185 Quanto
2224 2119 2398 2190 major
2428 2133 2508 2185 es,
2537 2125 2687 2191 tantp
2717 2117 2948 2173 humilia
2972 2117 3230 2189 teipsum,
3263 2126 3320 2173 et
3345 2117 3498 2173 inve-

1920 2209 2042 2264 nies
2068 2212 2300 2282 gratiam
2327 2209 2383 2263 in
2420 2217 2723 2278 conspectu
2755 2208 2974 2263 Domini
3018 2209 3084 2262 ⁸³.
3116 2227 3135 2261 ι
3192 2207 3261 2263 Et
3291 2224 3304 2260 :
3365 2226 3385 2260 ‹
3414 2206 3497 2264 Ne

1919 2301 2127 2357 exaltes
2166 2302 2425 2370 teipsum,
2466 2310 2527 2355 ut
2565 2315 2635 2355 ne
2667 2300 2833 2355 cadas
2865 2300 2931 2367 ",
2961 2299 3088 2370 quia
3120 2299 3343 2355 odibilis
3367 2307 3496 2355 ante

1920 2390 2213 2446 Dominum
2242 2400 2298 2445 et
2328 2389 2583 2444 homines
2613 2389 2796 2444 omnis
2840 2390 3113 2459 superbus
3169 2388 3236 2443 “.
3267 2408 3286 2440 ι
3340 2388 3497 2445 Jaco-

1922 2483 2066 2537 bus:
2095 2501 2113 2532 ι
2143 2481 2411 2537 Dominus
2434 2480 2690 2551 superbis
2717 2480 2946 2546 resistit,
2976 2479 3282 2535 humilibus
3310 2488 3495 2535 autem

1921 2572 2016 2627 dat
2034 2572 2266 2642 gratiam
2304 2572 2372 2623 ⁸⁵⁸.
2406 2590 2425 2620 ι
2462 2571 2632 2626 Infert
2668 2587 2680 2623 :
2731 2589 2749 2621 ι
2780 2569 3160 2625 Humiliamini
3191 2569 3362 2640 igitur
3391 2568 3496 2623 sub

1921 2662 2135 2733 potenti
2163 2676 2331 2717 manu
2351 2660 2472 2724 Dei,
2504 2668 2564 2715 ut
2600 2675 2700 2715 vos
2747 2660 2953 2715 exaltet
3001 2659 3066 2713 “.
3097 2676 3116 2710 ι
3181 2657 3497 2712 Timeamus

1921 2753 2131 2822 itaque,
2170 2751 2388 2813 fratres,
2428 2761 2486 2805 et
2519 2752 2668 2805 omni
2700 2750 2953 2805 custodia
2987 2765 3083 2805 cor
3113 2749 3219 2803 hoc
3244 2756 3497 2803 nostrum

1920 2843 2161 2898 liberum
2186 2857 2600 2907 conservemus,
2622 2856 2686 2895 ac
2711 2851 2913 2911 purum
2939 2840 3176 2896 exitialis
3215 2847 3271 2895 et
3300 2839 3499 2894 morti-

1919 2934 2023 2990 feri
2052 2934 2280 3004 spiritus
2298 2933 2590 3003 superbiae.
2628 2931 2684 2987 Si
2709 2932 2928 3003 quando
2949 2931 3096 2987 enim
3132 2930 3279 2985 illius
3311 2937 3498 3002 tyran-

1921 3027 1979 3082 ni
2025 3026 2289 3083 adversus
2330 3025 2701 3080 miserabilem
2727 3039 2955 3095 prorsus
2979 3023 3216 3078 animam
3249 3022 3498 3077 invalue-

236 3121 427 3193 ὄφεων.
450 3122 547 3175 καὶ
575 3121 856 3193 σκορπίων
886 3120 982 3174 καὶ
1009 3118 1103 3173 ἐπὶ
1133 3120 1315 3174 πᾶσαν
1339 3118 1439 3190 τὴν
1467 3118 1694 3189 δύναμιν
1722 3116 1818 3171 τοῦ

1924 3118 2019 3181 rit,
2050 3117 2195 3172 haud
2219 3131 2381 3172 secus
2403 3116 2534 3171 facit
2565 3131 2629 3171 ac
2655 3115 2701 3170 si
2732 3124 2998 3186 tyrannus
3030 3114 3302 3184 quispiam
3334 3127 3498 3183 supra

236 3184 462 3288 biepoii.
508 3234 527 3267 ι
562 3184 721 3285 Αὑτῷ
748 3213 826 3285 τῷ
855 3211 1046 3284 ἀγαθῴ
1091 3211 1292 3284 πρέπει
1339 3184 1542 3282 ἡνδόξα
1576 3184 1655 3274 ei;
1690 3210 1818 3275 τοὺς

1924 3210 2149 3265 modum
2182 3208 2332 3263 ferox
2356 3216 2413 3264 et
2444 3207 2720 3272 immanis,
2753 3222 2919 3261 unam
2951 3206 3192 3275 aliquam
3221 3204 3502 3259 civitatem

239 3307 470 3371 αἰῶνας.
532 3307 726 3377 Ἀμήν.

1926 3310 1985 3358 et
2026 3299 2388 3372 amplitudine
2420 3300 2527 3354 loci
2563 3310 2620 3355 et
2662 3298 2801 3354 situs
2841 3298 3177 3354 Sublimitate
3223 3297 3497 3353 celebrem

238 3399 399 3454 velut
450 3414 549 3469 per
580 3412 777 3453 manus
822 3400 1039 3467 captam
1082 3413 1114 3452 a
1173 3394 1549 3453 fundamentis
1583 3402 1752 3451 totam
1799 3392 2042 3463 sub'ruit,
2094 3403 2370 3466 aequatum
2406 3394 2546 3458 solo,
2576 3391 2823 3448 suffodit.
2851 3390 3036 3462 Longe
3084 3398 3142 3448 et
3186 3391 3293 3445 hoc
3345 3392 3497 3445 omni
3598 3430 3604 3438 .

238 3490 674 3560 comploratiOne
704 3490 1129 3561 dignissimum;
1181 3491 1536 3547 exsecrabilis
1581 3490 1855 3560 siquidem
1893 3491 2108 3547 daemon
2160 3489 2273 3550 hic.
2326 3489 2498 3554 viros,
2534 3497 2595 3543 ut
2639 3488 2774 3542 mihi
2817 3486 3027 3542 dictum
3064 3492 3169 3553 est,
3214 3484 3270 3539 in
3320 3482 3503 3554 perfe-

236 3581 443 3638 ctionis
489 3581 729 3637 culmine
785 3583 898 3652 jam
942 3583 1302 3646 constitutos,
1340 3596 1406 3637 ac
1438 3582 1701 3646 maxime,
1750 3583 1847 3652 qui
1884 3582 2141 3637 sublimis
2180 3579 2408 3635 theoriae
2449 3579 2648 3633 merito
2687 3578 2754 3633 ad
2799 3576 3069 3632 caelorum
3113 3589 3288 3645 usque
3344 3572 3502 3629 fasti-

240 3679 394 3752 gium
455 3675 845 3735 conscendisse
908 3675 1278 3742 videbantur,
1333 3675 1515 3730 modis
1569 3674 1828 3729 omnibus
1865 3673 2166 3729 admolitur
2221 3679 2282 3727 ut
2327 3671 2561 3726 subruat
2609 3685 2674 3724 ac
2717 3669 3044 3740 prmcipitet.
3102 3667 3209 3723 Sed
3256 3681 3327 3722 ne
3372 3665 3500 3719 illos

239 3771 466 3843 quidem
504 3776 631 3840 post
672 3769 888 3838 lapsum
933 3768 1069 3822 sinit
1111 3767 1181 3822 ad
1221 3767 1561 3837 poenitentiae
1598 3766 1821 3836 portum
1891 3782 1994 3823 ceu
2052 3764 2395 3838 postliminio
2438 3761 2662 3819 reverti.
2706 3760 2826 3827 Quo
2884 3760 3034 3814 enim
3076 3765 3236 3828 pacto
3288 3757 3379 3811 isti
3427 3753 3495 3810 ad

138 3864 141 3867 ⁷
236 3862 606 3936 pmnitudinis
630 3876 696 3916 ac
737 3861 1135 3932 resipiscentia:
1168 3861 1350 3915 sinum
1412 3875 1472 3916 se
1516 3860 1824 3925 conferant,
1863 3860 1959 3930 qui
2021 3869 2198 3916 totum
2246 3859 2526 3914 diabolum
2567 3858 2623 3912 in
2664 3872 2723 3911 se
2757 3854 3098 3924 excipientes
3142 3866 3243 3923 per
3296 3866 3496 3920 super-

239 3955 414 4019 biam,
449 3954 625 4010 Deum
647 3969 748 4023 per
773 3952 882 4008 hoc
923 3953 1343 4009 colluctatorem
1392 3953 1501 4008 sibi
1519 3956 1864 4009 constituere
1898 3960 1958 4007 et
2006 3950 2431 4008 adversarium?
2477 3950 2589 4005 Nos
2630 3948 2802 4018 igitur
2842 3942 3176 4003 humilitatis
3237 3940 3498 4012 praesidio

232 4046 486 4113 subnixi,
520 4044 835 4116 principem
881 4044 1033 4099 hunc
1087 4044 1372 4114 superbia
1417 4044 1601 4099 omnis
1636 4059 1666 4097 a
1719 4042 1884 4098 nobis
1921 4058 2088 4114 quam
2142 4040 2462 4113 longissime
2507 4036 2862 4108 proﬂigemus
2903 4043 2958 4089 et
3002 4031 3352 4097 amoliamur,
3390 4046 3498 4087 no-

236 4141 461 4197 biseum
490 4140 647 4196 taciti
684 4139 1049 4194 mussitantes
1077 4138 1216 4194 illud
1253 4139 1504 4207 Apostoli
1559 4138 1827 4210 elogium,
1867 4153 1996 4194 cum
2025 4136 2311 4209 quidpiam
2334 4135 2523 4204 operis
2567 4130 2975 4189 confecerimus
3001 4126 3225 4182 virtutis
3270 4128 3497 4181 nomine
3586 4117 3597 4127 ’

233 4234 512 4303 dignum:
578 4252 599 4285 ι
633 4233 758 4288 Non
812 4246 916 4303 ego
971 4239 1180 4296 autem,
1244 4231 1341 4286 sed
1373 4232 1552 4302 gratia
1573 4233 1674 4287 Dei
1705 4231 2018 4288 mecum".
2053 4249 2073 4283 ι
2106 4229 2315 4284 lterum
2360 4245 2375 4282 :
2423 4247 2441 4279 ι
2470 4226 2593 4282 Νοη
2635 4221 2894 4280 volentis.
2949 4234 3130 4291 neque
3191 4218 3495 4284 currentis,

192 4325 340 4383 -sed
397 4327 721 4382 miserentis
770 4325 872 4382 Dei
933 4325 1000 4381 “.
1050 4344 1069 4376 ι
1120 4325 1229 4381 Sed
1275 4334 1333 4381 et
1399 4327 1540 4383 illud
1575 4328 1875 4383 aDomino
1911 4326 2127 4382 dictum
2189 4338 2393 4381 arcana
2453 4321 2791 4393 cogitatione
2865 4319 3160 4375 adversum
3224 4315 3499 4387 superbiat

236 4417 611 4473 mutationem
662 4416 1203 4472 admurmurandum
1255 4418 1414 4472 venit
1443 4436 1459 4472 :
1495 4437 1515 4472 ι
1548 4419 1681 4474 Sine
1738 4434 1826 4475 me
1860 4419 2006 4473 nihil
2034 4416 2274 4488 potestis
2319 4414 2505 4470 facere
2539 4413 2606 4466 θ’,
2640 4431 2659 4464 ι
2729 4411 2807 4466 Ita
2839 4411 2988 4465 enim
3017 4409 3089 4464 ab
3137 4408 3332 4464 eodem
3392 4407 3494 4462 Do-

188 4555 203 4561 -
233 4514 393 4569 mino
434 4512 886 4584 promerebimur
942 4511 1140 4568 audire
1189 4521 1248 4568 et
1278 4513 1418 4568 illud
1463 4531 1475 4568 :
1516 4532 1536 4565 ι
1571 4515 1840 4570 Videbam
1879 4513 2142 4571 Satanam
2180 4520 2443 4580 tanquam
2470 4508 2656 4579 fulgur
2701 4505 2769 4562 de
2815 4507 2959 4562 curio
3001 4504 3293 4561 cadentem
3324 4520 3338 4562 :
3369 4518 3500 4558 ecce

232 4607 370 4668 dedi
407 4608 574 4664 vobis
607 4616 941 4677 potestatem
971 4606 1226 4665 calcandi
1251 4622 1420 4677 super
1457 4617 1748 4679 serpentes
1774 4615 1831 4663 et
1869 4606 2224 4676 scorpionem
2255 4613 2312 4660 et
2330 4618 2502 4673 super
2530 4616 2751 4657 onmem
2798 4599 3061 4655 virtutem
3088 4597 3301 4652 inimici
3332 4596 3407 4650 ".
3472 4613 3498 4648 ι

229 4702 584 4760 Clementem
632 4708 692 4756 et
729 4701 1034 4774 benignum
1071 4702 1248 4757 Deum
1295 4702 1527 4757 addecet
1559 4701 1735 4772 gloria
1779 4702 1837 4756 in
1873 4700 2075 4756 secula
2112 4698 2466 4755 saeculorum.
2489 4695 2688 4751 Amen.

838 4812 1058 4866 ΛΟΓΟΣ
1082 4813 1216 4868 ME'.

2347 4807 2563 4877 ιιοο
2597 4804 2885 4861 "ornus
2922 4804 3083 4861 XLv.

660 4927 802 4996 Περὶ
854 4927 1401 4997 ὑψηλοφροσύνης.
1752 4920 1759 4925 “

1920 4922 2000 4977 De
2026 4923 2200 4995 specie
2225 4920 2504 4993 superbire.
2544 4936 2649 4990 qua
2682 4921 2799 4990 quis
2842 4919 2908 4971 de
2949 4933 3007 4972 se
3051 4932 3213 4986 quam
3263 4914 3331 4968 sit
3373 4930 3498 4983 par,

2494 4992 2655 5042 sentit
2693 4990 2921 5042 altiora.

2494 4999 2655 5044 sentit
2693 4999 2921 5044 altiora.

316 5103 377 5158 '0
405 5101 736 5186 ὑψηλόφρων
765 5100 955 5173 ἕτερος
990 5100 1091 5172 μέν
1123 5101 1274 5156 ἐστιν
1295 5100 1391 5155 τοῦ
1436 5100 1818 5173 ὑπερηφάνου·

1987 5105 2092 5173 Qui
2114 5104 2184 5160 de
2212 5120 2292 5170 se,
2334 5120 2497 5175 quam
2526 5118 2746 5174 mqunm
2780 5104 2874 5167 sit,
2907 5102 3076 5157 sentit
3096 5099 3314 5162 altiora,
3344 5114 3503 5154 com-

229 5195 621 5267 παρήλλακται
658 5193 715 5248 δὲ
750 5193 886 5263 πρὸς
914 5192 1006 5245 τὸν
1036 5193 1334 5258 κενόδοξον,
1382 5192 1533 5256 Ἐνδς
1566 5193 1674 5263 γὰρ
1704 5192 1818 5245 δέν-

1918 5195 2047 5267 plex
2093 5195 2287 5266 utique
2334 5196 2562 5266 superbi
2608 5204 2715 5259 est,
2762 5202 2819 5251 et
2856 5193 3054 5249 eodem
3082 5192 3385 5261 conspirat.
3417 5191 3501 5245 Ad

226 5290 360 5360 δρου
392 5287 577 5342 κλάδοι
608 5287 766 5351 εἰσὶν,
789 5287 816 5338 ὁ
846 5285 903 5339 δὲ
922 5284 1134 5356 καρπὸς
1163 5284 1567 5357 ἐνηλλαγμένας
1595 5300 1610 5316 ο
1649 5284 1677 5338 ὁ
1714 5283 1814 5354 μὲν

1918 5286 2285 5358 vaniglorium
2349 5296 2534 5342 tamen
2593 5287 2829 5341 collatus
2880 5284 3132 5340 nonnihil
3182 5282 3395 5338 evariat
3443 5294 3502 5340 et

228 5381 310 5451 τῷ
338 5379 516 5433 δοκεῖν
544 5378 822 5448 κεκυφὼς,
860 5379 890 5432 ὁ
921 5378 979 5432 δὲ
1013 5377 1474 5449 μετεωρόκλαδος.
1512 5377 1621 5431 Καὶ
1649 5378 1677 5430 ὁ
1711 5377 1813 5449 μὲν

1919 5378 2037 5433 abit
2066 5378 2343 5434 diversus.
2371 5379 2437 5434 Et
2460 5378 2685 5448 quidem
2735 5364 2902 5433 unius
2947 5377 3164 5433 arboris
3203 5392 3328 5432 cum
3389 5375 3502 5430 sint

232 5469 653 5537 πιστακοκενὺς,
715 5474 743 5524 ὁ
800 5470 858 5524 δὲ
911 5470 1327 5541 καρυὸκουφος·
1396 5470 1701 5541 ἀμφότεροι
1757 5468 1814 5523 δὲ

1921 5471 2082 5537 rami,
2111 5469 2330 5525 fructus
2361 5472 2689 5541 utriusque,
2744 5471 2953 5527 habent
2992 5468 3350 5525 discerniculi
3400 5467 3501 5523 ali-

244 5672 249 5681 .
318 5627 366 5660 ⁸⁸
419 5628 524 5682 lsa.
557 5644 618 5693 ιι,
650 5628 738 5683 12.
844 5629 891 5663 "‘
921 5628 1066 5684 Psﬂ.
1096 5643 1263 5692 Lxxn,
1326 5627 1380 5682 6.
1492 5629 1537 5663 ⁸⁸
1571 5627 1709 5683 ibid.
1749 5628 1817 5685 19

1945 5630 1991 5661 ⁵⁸
2020 5630 2166 5685 Psal.
2211 5645 2398 5694 Lxxnr,
2431 5629 2520 5683 25.
2571 5621 2576 5626 ’
2621 5628 2678 5695 ⁸⁷,
2704 5628 2840 5683 ibid.
2883 5629 2939 5684 3.
3048 5628 3094 5661 ⁵⁵
3124 5627 3268 5683 Psal.
3302 5642 3490 5695 cxvm,

228 5698 324 5755 78.
401 5697 446 5730 "
477 5699 620 5753 Psal.
660 5714 710 5755 c.
736 5699 789 5754 5.
860 5698 908 5731 ⁸ο
941 5699 1079 5754 ibid.
1108 5700 1160 5752 7.
1253 5698 1296 5731 “
1330 5698 1493 5752 Prov.
1526 5715 1642 5761 vm,
1686 5700 1774 5753 15.

1921 5700 2092 5755 Eccli.
2121 5719 2196 5762 Ill,
2232 5700 2322 5754 νο.
2387 5692 2447 5731 ’⁸³
2472 5698 2639 5753 Eccli.
2668 5692 2721 5765 κ,
2749 5700 2839 5754 29.
2918 5700 2964 5731 ⁸⁵
2990 5698 3125 5753 ibid.
3160 5699 3213 5753 7.
3292 5699 3337 5730 ⁸⁸
3368 5692 3490 5762 Jac.

227 5782 325 5839 tv,_
341 5767 395 5825 6.
475 5770 521 5801 ⁸⁸
545 5768 567 5823 Ι
592 5769 737 5824 Petr.
771 5785 824 5836 ν,
853 5768 906 5825 6.
983 5770 1027 5803 ⁸⁷
1068 5769 1241 5824 lCor.
1272 5784 1362 5834 sv,
1394 5767 1477 5821 lO.
1555 5769 1601 5801 ⁸⁸
1623 5771 1782 5824 Rom.

1935 5772 2020 5825 16.
2098 5772 2320 5828 "Joan.
2347 5785 2435 5835 xv,
2469 5769 2521 5825 5.
2603 5770 2646 5801 ⁷ο
2668 5768 2802 5825 Luc.
2835 5785 2889 5834 ι,
2925 5768 3011 5836 18,
3049 5770 3137 5826 19.
