3944 6442
516 379 663 445 1575
1791 371 2162 433 ANTIOCHI
2200 371 2544 432 MONACHI
3601 372 3694 437 1576

456 481 458 483 ’
516 488 673 561 quid.
698 485 836 541 Nam
862 482 977 548 hic,
1001 491 1067 538 ut
1090 498 1160 538 ne
1188 481 1462 548 videatur,
1495 482 1804 552 propench
1831 483 1886 536 in
1909 492 2013 536 terr

2144 489 2190 544 Α
2219 482 2506 553 ἄχρηστοι.
2543 477 2607 535 Ol
2639 481 2696 535 δὲ
2723 481 3008 552 μισοῦντες
3029 483 3128 546 τὰς
3158 483 3333 553 ψυχὰς
3355 484 3498 552 ήμῶν
3516 486 3696 557 talpam;

516 577 794 643 declivis;
838 576 932 630 ille
968 589 1105 628 vero
1129 589 1285 628 vanae
1311 572 1501 643 gloria:
1560 588 1747 626 ramus
1798 572 1855 625 in
1904 573 2073 626 ccelur

2219 577 2568 632 ὑποτίθενταί
2606 596 2752 632 τισιν
2777 577 2918 632 ὥστε
2943 577 3066 632 τινὰ
3103 580 3368 648 φυσίωσιν
3400 580 3515 647 ἡμῖν
3539 585 3703 652 χαρίσα-

519 685 695 742 usque
725 675 1066 740 prospectat.
1095 666 1218 729 Hic,
1251 665 1415 719 fidem
1465 673 1526 717 ut
1561 663 1879 718 commodet
1929 663 2076 716 vanis

2220 671 2344 724 σθαι
2379 688 2391 701 ·
2435 667 2554 724 εἷτα
2603 671 2742 743 πρὸς
2784 671 2990 740 ταύτην
3022 673 3174 741 ἡμᾶς
3215 670 3514 741 διαλυθῆναι
3541 678 3707 746 smpt-

518 764 658 818 mire
709 762 892 816 alacer
925 774 988 813 ac
1041 758 1354 822 credulus;
1417 758 1532 822 ille,
1603 756 1673 810 ad
1735 755 2075 810 consectand

2219 779 2436 816 πουσιν.
2490 763 2618 825 Ἐὰν
2665 764 2850 817 τοίνυν
2896 762 3264 834 χαυνωθέντες
3293 765 3358 832 τῇ
3388 764 3560 833 οίήσει,
3582 765 3708 836 δῶμεν

518 856 662 926 gulae
713 853 1062 907 irritamenta
1115 850 1277 920 agilis
1313 848 1614 903 admodum
1649 857 1706 902 et
1727 856 2075 917 expromptut

2219 852 2384 906 τόπον
2417 855 2483 924 τῇ
2536 852 2987 923 ὑψηλοφροσύνῃ,
3043 852 3104 904 οὑ
3173 853 3467 922 κάμνουσιν
3517 852 3662 908 λοιπὸν
3680 859 3712 908 οἱ

518 948 616 1012 Vis
645 944 874 1000 dicam?
902 943 1072 997 Plane
1111 940 1319 1009 infrugi
1355 939 1447 993 isti
1491 939 1710 993 fructus
1759 948 1817 993 et
1863 938 2075 992 inutile:

2221 945 2410 1014 ίεχθρολ⁵
2437 947 2468 1015 ἡ
2477 945 2593 1013 μῶν
2626 945 3033 1014 αἰχμαλωτίσαι
3061 946 3230 1014 ἡμᾶς.
3271 944 3363 1014 Μὴ
3385 943 3473 997 οὖν
3497 945 3715 1014 γενώμεθα

520 1037 626 1102 Qui
649 1036 799 1089 enim
825 1035 1042 1087 animas
1071 1041 1292 1084 nostras
1321 1029 1537 1084 infense
1559 1029 2077 1084 oderuntdaemouet

2220 1036 2550 1106 δοξοχαρεῖς,
2594 1037 2691 1091 zeal
2729 1037 3124 1108 ὑψηλόφρονες,
3168 1037 3255 1088 ἶνα
3301 1036 3374 1106 μὴ
3414 1037 3471 1088 οὑ
3509 1037 3718 1105 μόνονέπεὶ

521 1126 860 1198 quibusdam
929 1123 1287 1177 insusurrant
1331 1135 1398 1175 ac
1431 1128 1758 1190 suggerunt,
1796 1120 1956 1189 quasi
1989 1134 2078 1189 gra

2221 1128 2318 1182 τοῦ
2350 1131 2544 1194 νώτου,
2577 1129 2716 1182 ἀλλὰ
2753 1131 2848 1182 καὶ
2881 1130 2939 1182 ἐν
2971 1128 3051 1198 τῷ
3081 1126 3363 1198 προσώπῳ
3390 1126 3535 1197 ήμῶν
3561 1129 3720 1181 τεκταί-

523 1219 652 1274 ιυίιὶ
699 1215 956 1273 benefieii
998 1216 1121 1269 loco
1171 1212 1336 1267 nobis
1379 1226 1502 1266 eam
1546 1211 1819 1266 instillent
1843 1221 1900 1266 et
1929 1209 2080 1265 confe

2223 1237 2385 1275 νωσιν
2408 1222 2458 1274 oi
2481 1221 2818 1292 ἁμαρτωλοὶ,
2845 1221 2943 1273 καὶ
2971 1218 3264 1289 γενώμεθα
3301 1217 3567 1288 ἐπίχαρμα
3594 1220 3723 1281 αὐτοῖς

522 1319 648 1366 rant
716 1310 888 1364 animi
941 1305 1306 1360 inflationem.
1364 1303 1576 1358 Deinde
1624 1313 1687 1358 ut
1737 1304 2079 1373 indulgentia

2223 1312 2366 1366 κατὰ
2405 1313 2496 1364 τὸν
2540 1312 2729 1380 καιρὸν
2768 1312 2867 1381 τῆς
2907 1309 3240 1381 προσευχῆς,
3294 1308 3630 1377 ἐξελκόμενοι,
3663 1311 3726 1361 καὶ

523 1405 688 1458 solito
713 1418 815 1457 nos
868 1401 1021 1470 ipsos
1067 1399 1340 1463 laxemus,
1398 1396 1793 1451 adhortantur.
1857 1395 2016 1462 Quod
2069 1411 2080 1450 ε

2224 1399 2603 1470 δελεαζόμενοι
2643 1402 2736 1454 ὑπ’
2796 1401 2976 1455 αὑτῶν
3023 1403 3081 1454 ἐν
3121 1400 3403 1468 λογισμοῖς
3443 1399 3725 1463 ἀλλοκότοκ·

520 1496 708 1548 animo
745 1492 1085 1563 praemolliti,
1109 1491 1296 1544 locum
1343 1489 1680 1543 cesserimus
1720 1488 1902 1542 stultae
1934 1486 2077 1542 istid

2225 1493 2409 1555 καθὼς
2468 1494 2563 1546 καὶ
2619 1495 2648 1546 ό
2695 1491 3112 1562 Παροιμιαστὴς
3155 1491 3398 1544 διδάσκει
3430 1491 3603 1559 ήμᾶςτ
3633 1491 3730 1558 «Μὴ

521 1587 683 1642 nobis
709 1581 1112 1640 existimationi
1143 1598 1158 1646 ;
1205 1579 1345 1634 nihil
1381 1589 1467 1633 est
1505 1579 1654 1648 quod
1689 1578 1957 1646 deinceps
2008 1578 2078 1631 ini

2227 1582 2613 1654 ὑψηλοφρόνει,
2643 1585 2832 1652 φησὶν,
2859 1582 2956 1636 καὶ
2985 1581 3062 1652 μὴ
3096 1582 3247 1650 γίνου
3274 1580 3478 1642 δίκαιος
3501 1579 3636 1642 πολὺ,
3670 1583 3732 1632 καὶ

520 1678 654 1732 mici
706 1677 963 1730 laborent
1013 1682 1076 1727 ut
1126 1686 1228 1725 nos
1270 1671 1326 1724 in
1377 1669 1758 1739 captivitatem
1813 1670 2077 1725 abducan‘

2229 1673 2304 1742 μὴ
2337 1672 2558 1742 σοφίζου
2597 1674 2855 1746 περισσὰ,
2904 1676 3119 1744 μήποτε
3158 1672 3434 1744 ἐκκλίνῃς.
3479 1673 3610 1724 Καί·
3653 1672 3732 1727 «Ὀ

522 1767 935 1825 Providendum
965 1765 1134 1837 igitur
1171 1777 1242 1817 ne
1288 1762 1372 1817 vel
1407 1771 1657 1832 tempore
1701 1761 1972 1816 orationis
2022 1777 2079 1815 nt

2228 1761 2432 1832 ὑψηλὸν
2477 1763 2648 1815 ποιῶν
2693 1763 2786 1816 τὸν
2833 1763 3029 1816 ἑαυτοῦ
3071 1759 3245 1827 οἷκον,
3282 1761 3439 1832 ζητεῖ
3465 1761 3731 1832 συντριύήν·

523 1875 654 1919 strae
673 1863 775 1932 ipsi
805 1860 1150 1915 occasionem
1174 1857 1338 1910 ullam
1375 1854 1681 1910 insultandi
1717 1853 1882 1908 nobis
1911 1852 2080 1908 demu

2174 1847 2191 1901 ί
2220 1854 2248 1904 ὁ
2277 1852 2335 1904 δέ
2373 1851 2676 1916 σκολιάζων
2703 1853 2800 1908 τοῦ
2848 1855 3066 1924 μαθεῖν,
3109 1856 3438 1924 ἐμπεσεῖται
3466 1856 3540 1916 εἰς
3567 1854 3695 1906 κακά.
3720 1873 3731 1904 l

524 1952 757 2007 inimico
804 1967 820 2003 :
863 1949 1014 2019 quod
1055 1950 1116 2004 fit
1153 1950 1286 2004 dum
1313 1949 1660 2002 extrahimur
1693 1957 1901 2012 mente,
1929 1956 1986 2002 et
2015 1963 2081 2018 pe

2220 1943 2330 1996 Kal
2394 1945 2557 1998 πάλιν
2585 1961 2601 1975 ⁸
2657 1965 2676 1997 ‹
2727 1947 3064 2017 Ἀκάθαρτος
3092 1947 3245 2018 παρὰ
3271 1947 3476 2017 Κυρίου
3508 1948 3604 2008 πᾶς
3642 1948 3734 2016 ὑψε-

523 2061 720 2101 corum
773 2046 1183 2114 suggestionem
1223 2041 1479 2098 absurdis
1502 2056 1761 2111 prorsum
1794 2050 1851 2094 et
1871 2040 2080 2095 externi

2220 2034 2526 2107 λοκάρδιος.
2564 2055 2583 2088 ι
2623 2039 2735 2091 Kal
2773 2035 2929 2103 αὖθις
2962 2055 2977 2070 ⁸
3029 2057 3049 2090 ‹
3077 2040 3170 2110 Μὴ
3205 2039 3532 2103 ἁλαζονεύου
3570 2039 3735 2091 ἐνώπιον

525 2133 846 2188 inescamur
869 2131 1323 2201 cogitationibus,
1343 2129 1810 2200 quemadmodum
1828 2128 1990 2184 docet
2013 2129 2082 2183 Pa

2223 2126 2512 2197 βασιλέως,
2567 2131 2664 2182 καὶ
2704 2132 2764 2183 ἐν
2821 2132 3014 2194 τόποις
3061 2131 3348 2184 δυναστῶν
3405 2131 3478 2202 μὴ
3526 2131 3735 2199 teletam.

525 2225 870 2280 rmmiastes:
921 2241 940 2274 ‹
975 2222 1097 2277 Noli
1145 2222 1319 2276 altum
1370 2236 1590 2290 sapere,
1624 2228 1682 2274 et
1720 2235 1790 2274 ne
1834 2221 1910 2274 sis
1939 2221 2082 2291 justu

2220 2225 2490 2292 Κρείσσον
2523 2224 2632 2294 γάρ
2671 2239 2755 2274 σοι
2783 2223 3036 2294 ῥηθῆναι,
3071 2223 3338 2294 Ἀνὰὁηθι
3368 2224 3502 2294 πρός
3530 2224 3654 2294 με,ή
3679 2240 3735 2275 τι·

525 2315 804 2379 multum;
836 2321 892 2366 et
921 2327 991 2366 ne
1020 2313 1204 2382 sapias
1251 2311 1553 2380 superﬂua,
1610 2325 1680 2364 ne
1741 2309 1884 2364 forte
1937 2309 2082 2363 decli

2223 2315 2491 2368 πεινῶσαί
2520 2331 2578 2366 σε
2605 2313 2840 2367 ἐνώπιον
2871 2313 3168 2368 δυναστῶν.
3207 2332 3228 2364 ι
3262 2315 3377 2367 Kal
3422 2313 3569 2376 ἄλλος
3599 2327 3612 2338 '
3649 2312 3737 2379 (illi:

525 2421 627 2461 nes
670 2407 738 2458 '“.
781 2425 799 2456 ι
859 2405 975 2459 Et:
1025 2424 1042 2456 ι
1078 2405 1256 2458 Altam
1310 2402 1404 2473 qui
1468 2402 1604 2457 facit
1657 2403 1884 2457 domum
1938 2416 2082 2456 suarr

2223 2409 2526 2479 καυχᾶσθε,
2563 2408 2658 2460 καὶ
2691 2407 2767 2477 μὴ
2787 2406 2998 2460 λαλεῖτε
3030 2406 3212 2476 ὑψηλὰ
3245 2409 3330 2471 εἰς
3360 2404 3634 2476 ὑπεροχὴν,
3655 2403 3739 2472 μηδὲ

526 2497 730 2571 (ιυαπίι
762 2498 1158 2552 contritionem
1190 2495 1325 2565 ;qui
1353 2504 1540 2549 autem
1567 2492 1755 2548 renuit
1775 2492 2012 2557 discere,
2039 2491 2083 2544 in

2223 2500 2488 2568 ἐξελθέτω
2531 2499 3026 2570 μεγαλορημοσύνη
3062 2501 3126 2553 ἐκ
3151 2498 3252 2552 τοῦ
3284 2499 3548 2569 στόματος
3574 2496 3735 2566 Optimi

528 2592 679 2647 eidet
712 2591 769 2645 in
793 2590 937 2644 mala
956 2591 1025 2641 τ’.
1059 2608 1077 2641 ι
1126 2589 1371 2643 Rursum
1398 2605 1411 2640 :
1455 2606 1474 2640 ι
1508 2586 1835 2641 lmmundus
1867 2594 1953 2640 est
1975 2601 2081 2655 apu

2222 2592 2334 2645 Kal
2357 2594 2385 2644 ὁ
2419 2591 2633 2655 Παῦλος
2662 2592 2916 2662 Τιμοθέῳ
2956 2591 3122 2660 φησίν
3154 2607 3169 2623 ’
3222 2610 3241 2642 ί
3281 2591 3412 2652 Τοῖς
3445 2589 3684 2650 πλουσίοις
3708 2589 3738 2638 ἐν

526 2684 825 2740 Dominum
856 2681 1038 2735 omnis
1057 2681 1154 2750 qui
1191 2681 1303 2734 alto
1349 2688 1436 2733 est
1464 2678 1632 2734 corde
1686 2679 1751 2732 ⁷³.
1788 2697 1806 2730 ›
1867 2679 2073 2732 lterum

2223 2683 2301 2753 τῷ
2320 2683 2415 2738 νῦν
2436 2683 2591 2738 αἰῶνι
2616 2684 2970 2755 παράγγελλε
3002 2684 3074 2755 μὴ
3106 2682 3525 2754 ὑψηλοφρονεῖν,
3549 2680 3663 2752 μηδὲ
3679 2678 3740 2746 ήλ-

534 2797 554 2831 ι
589 2777 668 2832 Ne
693 2776 972 2847 gloriosus
999 2788 1268 2843 appareas
1305 2786 1494 2827 coram
1549 2787 1701 2841 rege,
1753 2779 1812 2825 et
1868 2771 1925 2824 in
1986 2768 2091 2824 loci

2226 2784 2448 2836 πικέναι
2477 2784 2569 2837 ἐπὶ
2598 2782 2832 2837 πλούτου
2866 2783 3180 2852 ἀδηλότητι,
3207 2782 3328 2835 ἁλλ’
3346 2783 3444 2836 ἐπὶ
3469 2779 3542 2850 τῷ
3568 2775 3739 2844 Θεῷ.τῷ

528 2867 848 2938 principum
869 2881 938 2920 ne
963 2866 1223 2930 steteris;
1247 2865 1450 2918 melius
1474 2862 1623 2916 enim
1648 2872 1710 2916 ut
1736 2863 1956 2917 dicatur
1986 2861 2085 2915 tibi

2227 2870 2526 2940 παρέχοντι
2594 2872 2776 2924 πάντα
2825 2871 2958 2940 ἡμῖν
2995 2868 3292 2932 πλουσίως.
3330 2887 3348 2920 ι
3400 2868 3508 2922 Καὶ
3535 2862 3741 2934 ἑτέρωθι·

529 2957 780 3014 Ascende
810 2957 879 3012 ad
911 2973 1020 3019 me,
1047 2972 1212 3025 quam
1246 2964 1306 3009 ut
1336 2955 1596 3010 humiliet
1627 2961 1680 3009 te
1708 2969 1891 3008 coram
1919 2953 2086 3022 princi

2233 2981 2251 3014 ι
2297 2962 2564 3030 Ἀδελφοὶ,
2605 2963 2680 3032 μὴ
2713 2961 2781 3015 τὰ
2813 2961 2996 3034 ὑψηλὰ
3030 2960 3382 3032 φρονοῦντες,
3417 2959 3548 3012 ἀλλὰ
3565 2958 3659 3018 τοῖς
3685 2970 3744 3006 τε·

530 3050 700 3122 pibus
724 3050 792 3105 ".
836 3069 854 3101 ›
888 3049 1046 3104 Alius
1074 3067 1088 3101 :
1131 3068 1148 3100 ι
1177 3049 1255 3103 Ne
1283 3047 1602 3119 gloriemini
1631 3055 1689 3102 et
1720 3062 1790 3102 ne
1818 3047 2087 3116 loquamir

2228 3056 2437 3116 πεινοῖς
2466 3053 2923 3123 συνεπαγόμενοι.
2959 3072 2978 3106 ι
3018 3053 3132 3107 Kal
3180 3053 3484 3124 Ῥωμαίοις
3514 3066 3528 3080 ⁸
3569 3067 3587 3101 ι
3625 3049 3745 3119 Ἐρεῖς

531 3143 793 3198 sublimia
830 3141 898 3195 ad
933 3140 1160 3206 fastum,
1205 3156 1389 3209 neque
1427 3139 1748 3210 egrediatur
1780 3139 2016 3192 verbum
2043 3139 2088 3208 ja

2189 3145 2326 3240 ιοὖν
2357 3162 2470 3216 μοι,
2514 3144 2950 3214 Ἐξεκλάσθησαν
2979 3143 3191 3210 κλάδοι,
3243 3144 3337 3196 ἵνα
3378 3141 3489 3212 ἐγὼ
3534 3145 3746 3210 ἐγκεντρι-

531 3235 756 3291 etantia:
785 3235 853 3289 de
877 3249 975 3288 ore
1005 3243 1214 3288 vestro.
1255 3251 1273 3286 ι
1311 3233 1516 3287 Paulus
1561 3247 1782 3301 quoque
1831 3231 2087 3285 Timothe

2188 3231 2198 3240 ’
2229 3239 2364 3291 σθῶ.
2404 3238 2624 3304 Καλῶς,
2653 3241 2718 3308 τῇ
2758 3238 2992 3307 ἀπιστίᾳ
3027 3236 3446 3306 ἐξεκλάσθησαν
3477 3251 3492 3266 θ
3539 3237 3596 3303 ob
3632 3232 3675 3286 δὲ
3705 3232 3745 3297 τῇ

531 3326 656 3381 ait:
695 3325 994 3380 «Dominis
1023 3324 1189 3394 hujus
1228 3323 1417 3377 saeculi
1466 3322 1703 3392 praecipe
1735 3338 1846 3376 non
1889 3321 2088 3377 sublim

2225 3330 2408 3383 πίστει
2449 3329 2689 3398 ἕστηκας
2723 3344 2738 3359 ο
2786 3328 2862 3399 μὴ
2900 3327 3272 3397 ὑψηλοφρόνει
3294 3367 3309 3391 ,
3362 3324 3499 3379 ἀλλὰ
3526 3321 3684 3392 φοϐοῦ.
3709 3320 3748 3371 Εἰ

531 3435 752 3490 sapere,
787 3434 967 3487 neque
991 3432 1213 3486 sperare
1239 3416 1293 3470 in
1325 3417 1538 3470 incerto
1567 3415 1911 3480 divitiarum,
1945 3415 2041 3470 sed
2072 3415 2088 3468 i

2225 3417 2334 3487 γὰρ
2364 3417 2392 3469 ό
2423 3415 2558 3478 Θεὸς
2596 3414 2708 3469 τῶν
2748 3415 2894 3468 κατὰ
2942 3413 3104 3482 φύσιν
3150 3413 3368 3468 κλάδων
3404 3414 3501 3466 οὑκ
3535 3409 3747 3480 ἐφείσατο,

531 3508 648 3563 Deo
673 3509 766 3578 qui
801 3514 1024 3578 praastat
1050 3507 1104 3559 in
1129 3506 1292 3560 nobis
1318 3504 1504 3558 omnia
1527 3504 1749 3559 abunde
1781 3506 1847 3558 ⁷⁵.
1891 3525 1909 3555 ι
1943 3504 2088 3559 Alibi

2230 3513 2304 3580 μή
2334 3525 2451 3571 πως
2477 3507 2600 3561 οὑδέ
2643 3507 2737 3561 σοῦ
2793 3507 3064 3576 φείσεται.
3099 3524 3119 3558 ι
3181 3505 3380 3576 Ἡμεῖς
3417 3501 3508 3559 οὖν
3548 3500 3664 3574 μετὰ
3688 3497 3749 3550 τοῦ

539 3619 560 3651 ¢
597 3598 845 3662 Fratres,
890 3612 1000 3650 non
1047 3597 1158 3650 alta
1203 3596 1508 3665 sapientes,
1538 3594 1633 3648 sed
1666 3593 1970 3649 humilibus
1994 3610 2096 3649 con

2225 3597 2392 3652 Δαυῖδ
2439 3598 2834 3670 διαπράξωμεν
2863 3637 2879 3661 ,
2936 3596 3254 3666 εἰλικρινῶς
3308 3596 3449 3668 μετὰ
3505 3593 3593 3646 τοῦ
3635 3586 3752 3644 Anuli

534 3691 839 3746 sentientes
861 3690 930 3742 ⁷⁸.
965 3707 984 3741 ι
1028 3689 1294 3743 Romanis
1325 3689 1456 3743 item
1492 3705 1505 3740 :
1541 3706 1559 3738 ι
1593 3687 1740 3742 Dicis
1770 3685 1904 3758 er'go
1935 3687 2070 3742 mihi

2226 3686 2523 3758 ψάλλωμεν
2552 3705 2568 3720 ·
2605 3705 2624 3738 ι
2656 3689 2854 3758 Κύριε,
2891 3687 2990 3758 οὑχ
3019 3686 3212 3759 ὑψώθη
3252 3689 3286 3758 ή
3313 3686 3508 3758 καρδία
3539 3700 3647 3755 μου,
3670 3676 3752 3732 οὐδὲ

533 3779 718 3837 Fracti
774 3788 906 3836 sunt
965 3779 1106 3833 rami
1144 3788 1206 3833 ut
1252 3793 1355 3848 ego
1415 3779 1652 3832 inserar.
1706 3778 1854 3832 Bene
1923 3796 1939 3832 :
2001 3794 2090 3849 ρι’(

2227 3781 2538 3853 ἐπορεύθην
2590 3782 2650 3834 ἐν
2705 3780 2987 3851 μεγάλοις,
3041 3779 3168 3833 οὐδὲ
3215 3781 3274 3832 ἐν
3315 3778 3624 3848 θαυμασίοις
3652 3770 3751 3836 ὑπὲρ

533 3883 661 3947 pter
685 3872 1132 3929 incredulitatem
1161 3871 1321 3926 fracti
1347 3880 1516 3936 sunt,
1545 3879 1604 3925 tu
1634 3881 1820 3926 autem
1853 3871 1960 3927 ﬁde
1991 3881 2090 3928 stat

2227 3869 2329 3941 ἐμέ
2359 3885 2374 3900 ’
2406 3869 2525 3922 ἀλλ’
2554 3868 3042 3942 ἐταπεινοφρόνουν
3073 3867 3151 3930 ὼς
3182 3868 3244 3920 τὸ
3272 3860 3751 3936 ἀπογεγαλακτισμὲ·

533 3964 652 4019 noli
682 3963 852 4019 altum
883 3977 1101 4034 sapere,
1140 3962 1238 4018 sed
1275 3961 1404 4016 time
1434 3980 1448 4027 ;
1489 3963 1536 4016 si
1560 3962 1705 4016 enim
1732 3962 1878 4017 Deus
1903 3971 2090 4018 natura

2229 3979 2321 4016 vov
2357 3963 2452 4016 ἐπὶ
2488 3960 2588 4032 τὴν
2635 3964 2852 4033 μητέρα
2892 3960 3082 4016 αὑτοῦ.
3123 3980 3144 4013 ι
3210 3960 3484 4024 Ὡσαύτως
3525 3959 3610 4012 καὶ
3655 3949 3748 4023 μετᾶ

534 4055 685 4112 libus
703 4055 871 4110 ramis
888 4071 1001 4110 non
1019 4055 1294 4125 pepercit,
1311 4069 1380 4110 ne
1395 4053 1536 4110 forte
1552 4070 1657 4110 nec
1685 4055 1782 4110 tibi
1812 4063 2002 4126 parcat
2022 4057 2087 4110 ⁷⁷.

2233 4054 2344 4108 τῶν
2367 4053 2537 4125 τριῶν
2558 4053 2767 4108 παίδων
2795 4069 2810 4084 ·
2853 4073 2874 4107 r
2903 4054 3048 4122 Ὀτι,
3071 4053 3344 4118 Δέσποτα,
3371 4047 3747 4123 ἐσμικρύνθημεν

533 4147 647 4229 Nos
679 4148 849 4218 igitur
885 4147 1180 4202 sinceriter
1217 4161 1282 4200 ea
1341 4147 1459 4216 ipsa
1518 4161 1642 4216 quae
1684 4162 1851 4216 opere
1896 4147 2090 4217 perfeci

2234 4148 2389 4219 παρὰ
2410 4146 2590 4201 πάντα
2617 4145 2687 4199 τὰ
2708 4145 2860 4217 ἔθνη,
2890 4145 2986 4200 καὶ
3016 4145 3184 4216 ἐσμὲν
3213 4145 3466 4198 ταπεινοὶ
3483 4145 3540 4196 ἐν
3561 4143 3684 4210 πάσῃ
3707 4136 3745 4201 τῇ

532 4239 710 4296 David
740 4280 754 4306 ,
792 4241 993 4294 melico
1020 4248 1297 4294 concentu
1343 4238 1772 4293 emodulemur:
1819 4256 1838 4290 ι
1875 4239 2089 4294 Domini

1875 4239 2129 4305 Domine,
2235 4244 2307 4310 γῇ
2338 4240 2604 4310 σήμερον,
2629 4237 2716 4292 διὰ
2731 4239 2828 4301 τὰς
2856 4236 3134 4308 ἁμαρτίας
3153 4237 3337 4308 ήμῶν.
3377 4257 3397 4291 ι

536 4350 651 4390 non
687 4343 772 4390 est
792 4335 1098 4388 exaltatum
1121 4347 1220 4387 cor
1246 4348 1453 4398 meum,
1479 4349 1661 4404 neque
1683 4334 1814 4389 elati
1839 4343 1971 4389 sunt
1989 4335 2134 4390 oculi
2170 4336 2279 4390 mei
2312 4352 2327 4402 ;
2364 4351 2546 4405 neque
2572 4333 2851 4390 ambulavi
2905 4334 2961 4388 in
2987 4336 3223 4407 magnis,
3258 4351 3442 4405 neque
3472 4334 3528 4388 in
3582 4324 3744 4387 mirabi-

535 4428 685 4483 libus
707 4443 878 4497 super
900 4443 1009 4489 me,
1035 4426 1132 4480 sed
1159 4425 1454 4480 humiliter
1509 4427 1842 4493 sentiebam,
1905 4427 2048 4482 sicut
2069 4428 2379 4483 ablactatus
2409 4443 2578 4496 super
2600 4433 2832 4480 matrem
2865 4443 3019 4481 suam
3043 4426 3112 4480 ⁷⁸.
3142 4447 3160 4480 ι
3185 4427 3539 4482 Consimilem
3567 4424 3616 4478 in
3666 4429 3744 4472 m0-

537 4522 670 4577 dum
751 4537 879 4576 cum
935 4520 1116 4575 tribus
1166 4521 1279 4576 illis
1335 4519 1567 4591 pueris:
1626 4540 1646 4572 ι
1719 4520 1894 4587 Quia,
1938 4521 2192 4588 Domine,
2235 4521 2517 4576 imminuti
2563 4535 2758 4574 sumus
2814 4535 2984 4590 super
3027 4535 3224 4575 omnes
3277 4528 3490 4592 gentes,
3528 4527 3580 4573 et
3612 4522 3743 4569 sumus

535 4615 776 4673 humiles
803 4614 969 4668 hodie
993 4621 1222 4683 propter
1252 4623 1476 4684 peccata
1498 4625 1684 4670 nostra
1714 4615 1782 4667 ".
1817 4633 1836 4667 ι

613 4707 822 4777 1101
858 4725 876 4756 ί
907 4705 1042 4772 QUiS
1065 4707 1214 4759 enim
1246 4707 1596 4777 .gloriabitur
1650 4707 1919 4763 mundum
1947 4723 2005 4762 se
2039 4707 2130 4761 ha-
2166 4710 2170 4763 l

2181 4710 2206 4763 )
2316 4721 2334 4754 r
2382 4703 2480 4765 Τίς
2523 4701 2633 4771 γὰρ
2686 4701 3025 4771 καυχήσεται
3055 4701 3229 4769 ἁγνὴν
3251 4699 3399 4771 ἔχειν
3422 4701 3516 4769 τὴν
3546 4697 3738 4766 καρδίαν.

535 4799 671 4856 bere
716 4796 997 4852 cor?Aut
1049 4797 1175 4866 quis
1230 4798 1592 4866 profitebitur
1649 4813 1846 4868 purum
1898 4814 1956 4852 se
2014 4812 2092 4852 ess

2238 4797 2307 4848 Ἦ
2341 4795 2427 4858 τίς
2449 4794 2892 4865 παρῤησιὰσεται
2912 4792 3151 4862 καθαρὸς
3172 4789 3315 4846 εἶναι
3348 4792 3455 4845 ἀπὺ
3482 4787 3736 4861 (imparia;

536 4905 568 4944 a
601 4888 843 4960 peccatis
868 4885 949 4940 8°?
977 4885 1033 4941 Si
1063 4887 1211 4940 enim
1249 4886 1569 4956 iniquitates
1598 4885 1997 4949 observaveris,
2029 4885 2093 4937 Dr

2261 4885 2371 4938 Εάν
2406 4886 2516 4953 γὰρ
2545 4885 2778 4954 ἀνομίας
2822 4886 3244 4956 παρατηρήσῃς,
3284 4884 3474 4954 Κύριε,
3503 4881 3670 4952 Κύριε,
3691 4875 3737 4934 τίς

537 4982 710 5041 mine,
741 4979 994 5041 Domine,
1030 4979 1155 5048 quis
1197 4979 1497 5033 sustinebit
1525 4980 1548 5032 ?
1577 4979 1706 5047 quia
1742 4976 1884 5046 apud
1931 4984 1982 5030 te
2007 4991 2094 5044 prt

2232 4979 2602 5048 ὑποστήσεται
2640 4978 2722 5032 σοί
2754 4994 2769 5044 ;
2801 4978 2883 5031 ὅτι
2930 4977 3084 5048 παρὰ
3128 4979 3213 5028 σοὶ
3251 4978 3280 5029 ὁ
3321 4975 3539 5046 ἱλασμός
3575 4975 3729 5026 ἐστιν.Ι

537 5072 752 5144 pitiatio
775 5079 860 5125 est
887 5072 954 5122 ⁸⁸.
984 5090 1001 5121 ι
1042 5070 1114 5125 Ut
1147 5071 1289 5124 hanc
1322 5071 1482 5140 plane
1507 5071 1756 5125 melicam
1788 5068 2094 5122 harmoniar

2231 5069 2450 5140 Ταύτην
2485 5065 2578 5122 οὖν
2625 5071 2682 5122 ἐν
2727 5068 3013 5140 είλικρινεῖ
3050 5067 3250 5139 καρδίᾳ
3287 5067 3663 5137 ἀναμέλποντες
3690 5054 3736 5122 τῷ

536 5169 850 5220 recinentes
894 5164 1061 5218 corde
1107 5165 1346 5226 sincero,
1392 5165 1461 5218 ab
1501 5165 1623 5233 ipso
1665 5165 1898 5218 Domino
1940 5159 2093 5215 audir

2231 5161 2350 5231 Θεῷ
2376 5163 2474 5232 τὴν
2502 5161 2666 5232 ᾠδὴν,
2707 5159 3000 5227 ἀκούωμεν
3041 5160 3175 5228 παρ’
3207 5158 3391 5220 αὑτοῦ,
3435 5157 3511 5208 ὅτι
3556 5172 3573 5204 r
3610 5149 3656 5203 ⁸0
3677 5162 3736 5198 τι·

489 5248 498 5260 κ
539 5271 954 5329 promereamur
991 5273 1004 5307 :
1048 5275 1065 5305 ί
1093 5254 1198 5320 Qui
1237 5271 1297 5310 se
1331 5255 1607 5320 humiliat,
1634 5256 1965 5310 exaltabitur
1987 5253 2030 5284 ³³

2229 5250 2432 5304 πεινῶν
2455 5251 2668 5316 ἑαυτὸν,
2692 5249 3063 5319 ὑψωθήσεται,
3087 5268 3104 5299 ι
3136 5250 3186 5302 οἱ
3210 5248 3265 5300 δὲ
3292 5243 3734 5318 ὑψηλοφρονοὺιιντες1

537 5357 590 5402 et
628 5348 722 5417 qui
754 5346 822 5400 de
844 5361 902 5401 se
931 5362 1096 5414 quam
1119 5363 1218 5416 par
1248 5348 1339 5413 sit,
1381 5348 1676 5402 sublimius
1727 5344 1937 5415 aliquid
1994 5357 2091 5397 sen

2231 5344 2682 5415 ἐλεγχθήσονται.
2735 5343 2822 5405 Ὠς
2849 5344 2896 5394 oi
2926 5343 3212 5410 Φαρισαῖοι
3235 5341 3384 5412 παρὰ
3407 5338 3494 5391 τοῦ
3523 5331 3731 5400 Σωτῆρος,

539 5437 708 5517 tiunt,
727 5444 1117 5505 coarguentur.
1136 5437 1205 5492 Ut
1227 5447 1281 5490 et
1305 5438 1563 5493 Pharisazi
1594 5438 1662 5491 ab
1688 5438 1806 5509 ipso
1837 5437 2096 5492 SﬂlVﬂlOl‘t

2229 5436 2479 5505 λέγοντος
2512 5436 2649 5506 πρὸς
2669 5435 2866 5498 αὐτούς
2893 5452 2907 5466 ο
2937 5452 2955 5483 σ
3012 5435 3199 5504 Ὑμεῖς
3253 5436 3370 5486 ἐστε
3399 5435 3445 5484 οἱ
3468 5425 3732 5483 δικαιοῦντες

540 5508 752 5591 nostro,
787 5527 880 5595 qui
914 5535 969 5582 et
1001 5525 1109 5580 illis
1138 5527 1314 5582 dixit:
1346 5551 1363 5580 ι
1397 5530 1505 5584 Vos
1529 5530 1663 5584 estis
1691 5507 1782 5599 qui
1807 5527 2097 5599 justifieati:

2228 5528 2454 5590 ἑαυτοὺς
2483 5525 2713 5580 ἐνώπιον
2743 5527 2851 5578 τῶν
2883 5523 3212 5596 ἀνθρώπων.
3245 5545 3264 5577 υ
3316 5525 3372 5578 '0
3403 5523 3456 5575 δὲ
3479 5520 3594 5579 Θεὸς
3617 5507 3730 5581 γινώ·

645 5644 689 5674 τί
717 5644 896 5697 Ecele.
925 5658 1020 5706 vn,
1055 5645 1140 5697 l7.
1221 5647 1261 5676 "
1290 5647 1450 5702 Prov.
1492 5663 1621 5711 xvn,
1646 5647 1729 5700 l6.
1805 5648 1849 5678 ⁷³
1879 5647 2038 5700 Prov.
2069 5662 2180 5706 κεί,
2340 5645 2387 5676 ⁷⁸
2418 5645 2580 5699 Prov.
2612 5660 2734 5709 xxv,
2772 5644 2825 5702 6.
2863 5643 2915 5696 7.
2991 5643 3038 5673 ⁷⁸
3068 5642 3089 5696 l
3130 5642 3272 5696 Tim.
3303 5657 3375 5704 vr,
3407 5639 3486 5692 l7.
3553 5627 3727 5711 "ﬁ"?-

541 5729 637 5775 ιιι,
668 5712 750 5766 16.
826 5715 870 5744 ⁷⁷
903 5697 1056 5767 llum.
1093 5731 1164 5780 x1,
1193 5717 1255 5770 l9
1411 5697 1854 5780 '-75_Psal:—cxxx,
1879 5697 1936 5781 Τ,
1961 5697 2036 5771 Ξ(
2074 5697 2097 5698 Π

540 5783 587 5816 ³⁸
613 5781 745 5837 Luc.
776 5782 996 5866 le‘ll.

2143 5697 2310 5770 [Dat].
2347 5697 2578 5781 "1,737.:
2626 5715 2672 5746 ⁸ο
2698 5697 2857 5768 Prov.
2896 5729 2984 5778 xx,
3025 5713 3077 5768 9.
3155 5715 3197 5745 ⁸¹
3232 5697 3373 5768 Ρεειιξ
3404 5720 3556 5768 cxxlx,
3590 5700 3638 5763 5.
3663 5697 3700 5748 4-
