3944 6444
170 381 290 447 1581

855 380 1184 440 HOMILIA
1224 377 1891 445 Χω’1[.--ΝιξξιυΝΕΜ
1936 375 2237 435 DEBERE
2275 375 2687 433 CUNTEMNI.

3267 369 3403 433 1583.

167 493 297 548 κατὰ
317 492 409 547 τοῦ
442 490 690 561 πλησίον,
728 488 849 542 ἐπεὶ
878 489 939 541 οὺ
979 486 1286 558 παραμένει
1315 503 1397 539 σοι
1442 487 1477 556 ή
1526 486 1682 556 χάρις
1715 501 1725 513 ·

1854 486 2090 555 ιοοοῃίειί
2131 484 2415 554 spirituale
2465 483 2693 542 donum,
2745 489 2899 549 puta,
2950 496 3259 537 sermonem
3314 499 3403 538 sa-

169 586 225 640 οὐ
252 584 591 656 βδελύττεται
635 581 744 653 γὰρ
774 583 901 645 τοὺς
931 579 1241 655 τοιούτους.
1283 580 1547 651 Χὰρισμα
1584 577 1727 648 ἔχεις

1831 576 2073 646 ρὶειιιὶιιξ,
2109 585 2205 631 aut
2236 575 2623 649 scientianam
2647 572 2932 637 doctrinae,
2957 582 3053 627 aut
3082 574 3405 644 prophetia,

170 679 312 750 παρὰ
357 678 598 751 Κυρίου,
644 674 966 744 διακόνησον
1003 675 1117 736 τοῖς
1167 672 1581 742 πνευματικοῖς,
1619 671 1731 733 τοῖς

1854 680 1927 724 ιυι
1954 670 2402 734 ministrationis,
2431 667 2761 722 benedictus
2803 666 2950 720 Deus
2971 682 3069 735 per
3096 668 3281 721 omnia
3324 667 3409 722 di-

170 770 545 842 γινώσκουσιν,
575 769 656 825 ὅτι
684 767 719 822 ἃ
744 766 947 841 λέγεις,
980 764 1189 839 Κυρίου
1223 763 1502 827 enimsic
1529 761 1734 815 οἰκοδο-

174 861 274 933 μήν
297 863 395 927 τῆς
421 861 478 912 ἐν
505 857 727 929 Χριστῷ
777 854 1155 925 ὰδελφότητος,
1196 856 1254 908 ἐν
1288 853 1437 927 πάσῃ
1478 868 1732 909 ταπεινο-

170 953 404 1024 φροσύνῃ
439 950 537 1004 καὶ
565 950 836 1025 πραότητι
865 963 879 980 ο
908 948 1046 1017 ὅπερ
1075 946 1192 999 ἐστὶ
1255 944 1419 999 καλὸν
1462 945 1559 998 καὶ
1593 939 1736 1012 ὠφέ-

171 1041 319 1112 λιμον
356 1042 468 1103 τοῖς
512 1037 840 1109 ἀνθρώποις.
868 1035 1187 1104 Γέγραπται
1217 1032 1272 1086 δὲ
1306 1034 1364 1085 ὲν
1385 1033 1506 1094 ταῖς
1528 1030 1735 1099 Παροι-

177 1131 356 1201 μίαις·
400 1150 419 1182 ι
455 1129 545 1200 Μὴ
596 1127 888 1197 ἐπαινέσῃς
954 1124 1122 1194 ἄνδρα
1182 1125 1242 1176 ἐν
1299 1121 1485 1176 κάλλει
1544 1117 1735 1182 αὐτοῦ,

172 1223 263 1273 καὶ
291 1220 367 1290 μὴ
399 1217 661 1290 βδελύξῃς
690 1217 978 1287 ἄνθρωπον
1007 1218 1079 1269 ἐν·
1098 1216 1289 1287 ὁράσει
1333 1212 1522 1268 αὐτοῦ.
1548 1210 1738 1281 Μικρὰ

173 1310 231 1362 ἐν
260 1296 588 1378 πετεινοῖς-η
645 1304 910 1379 μέλισσα,
960 1305 1057 1359 καὶ
1103 1305 1250 1376 ἀρχὴ
1289 1303 1675 1374 γλυκάσματος
1713 1304 1741 1355 ὁ

175 1402 380 1472 καρπὸς
434 1400 627 1468 αΰτῆς.
661 1418 681 1452 ι
719 1399 829 1453 Καὶ
884 1397 1052 1451 πάλιν
1082 1414 1097 1431 ·
1157 1416 1176 1448 ι
1225 1395 1419 1461 Πολλοὶ⁸
1485 1393 1741 1465 τύραννοι

174 1488 428 1541 ἐκάθισαν
463 1489 561 1540 ἐπ’
591 1486 822 1555 ἐδάφους
848 1504 862 1519 ο
894 1487 925 1539 6
962 1485 1019 1539 δέ
1054 1485 1418 1555 ἀνυπονόητος
1484 1484 1712 1556 ἐφόρεσε

174 1579 428 1649 διάδημα.
472 1597 496 1630 ν
522 1578 642 1633 Καὶ
685 1579 743 1630 ἐν
786 1581 854 1648 τῇ
896 1574 1090 1647 πρώτῃ
1124 1575 1232 1628 τῶν
1258 1575 1576 1637 Βασιλειῶν,
1616 1574 1747 1643 περὶ

176 1671 279 1727 τῶν
340 1670 470 1724 υἱῶν
536 1671 736 1724 Ἰεσσαὶ
782 1665 940 1724 εἶπεν
999 1666 1200 1741 Κύριος
1253 1668 1389 1740 πρὸς
1428 1668 1743 1743 *Σαμουῆλε

182 1782 205 1817 ι
233 1766 322 1836 Μὴ
372 1763 672 1837 ἐπισλέψῃς
722 1766 801 1828 εἰς
838 1764 953 1834 τὴν
1004 1763 1125 1832 ὄψιν
1150 1761 1337 1827 αὐτοῦ,
1367 1761 1501 1832 μηδὲ
1536 1763 1616 1825 εἰς
1648 1761 1747 1831 τὴν

177 1856 287 1922 ἕξιν
316 1856 409 1910 τοῦ
446 1856 710 1926 μεγέθους
741 1854 931 1922 αὐτοῦ,
961 1856 1044 1908 ὅτι
1088 1853 1384 1925 ἀπώσομαι
1424 1853 1587 1905 αὐτόν
1619 1869 1632 1881 °
1668 1853 1748 1906 ὄτι
1777 1846 1823 1899 Β

177 1949 272 2019 οὐχ
306 1948 381 2011 ὡς
417 1948 514 2001 ἴδοι
552 1950 579 2000 6
622 1950 775 2012 θεὸς,
812 1948 1006 2023 ὄψεται
1040 1947 1343 2017 ἄνθρωπος
1368 1961 1382 1975 ⁸
1423 1946 1506 1999 ὅτι
1541 1944 1750 2015 ἄνθρωε-

176 2056 277 2102 πος
312 2039 502 2109 liti/arat
540 2040 620 2103 εἰς
658 2040 968 2109 πρόσωπον,
996 2040 1025 2092 ὀ
1050 2038 1106 2091 δὲ
1132 2039 1263 2103 Θεὸς
1318 2039 1398 2101 εἰς
1432 2034 1681 2109 καρδίαν.
1726 2056 1743 2089 ι

177 2133 287 2193 Καὶ
318 2133 640 2202 παρήγαγεν
679 2132 881 2184 Ἰεσσαὶ
911 2132 1035 2194 τοὺς
1063 2129 1204 2191 ἑπτὰ
1232 2130 1380 2193 υἱοὺς
1410 2129 1596 2190 αὐτοῦ,
1625 2129 1751 2193 τοὺς

177 2223 455 2286 δυνατούς.
487 2224 599 2285 Καὶ
654 2222 778 2280 οὔτε
817 2223 915 2275 Eva.
953 2223 1013 2288 ἐξ
1046 2222 1229 2277 αὐτῶν
1261 2218 1545 2287 ἐξελέξατο
1577 2224 1605 2274 6
1635 2220 1750 2273 Κύ-

179 2332 314 2386 ριος,
347 2316 395 2367 εἰ
423 2316 498 2385 μὴ
520 2313 611 2367 τὸν
641 2313 1011 2385 ’μειρακίσκον
1030 2312 1215 2378 Δαυῖδ,
1247 2314 1339 2367 τὸν
1381 2315 1510 2383 παρ’
1543 2310 1751 2382 ἀνθρώ.
1789 2340 1792 2343 .

179 2422 299 2468 ποις
327 2405 659 2474 ἀψήφιστον,
689 2406 841 2475 παρὰ
867 2404 923 2457 δὲ
950 2404 1069 2475 Θεῷ
1097 2404 1367 2474 ψηφιστὸν
1400 2421 1413 2435 ·
1445 2403 1537 2456 τὸν
1557 2406 1750 2472 πρᾶον,

179 2499 271 2552 καὶ
296 2496 572 2559 ταπεινὸν,
604 2495 634 2548 ὃ
662 2496 757 2548 καὶ
781 2495 1165 2566 ἐμαρτύρησεν
1194 2497 1223 2548 6
1249 2495 1401 2559 Θεὸς,
1429 2493 1753 2563 μετὰταῦτα

180 2585 373 2656 λέγων,
414 2607 433 2638 ι
469 2582 639 2659 Εὗρον
668 2586 830 2641 Δαυῒδ
870 2588 963 2640 τὸν
1005 2585 1100 2639 τοῦ
1150 2586 1368 2649 Ἰεσσαὶ,
1408 2585 1577 2656 ἄνδρα
1612 2584 1753 2639 κατὰ

179 2679 280 2751 τὴν
310 2680 534 2753 καρδίαν
561 2697 687 2751 μου.
720 2699 738 2731 ι
771 2681 880 2734 Καὶ
899 2676 956 2731 ἐν
975 2682 1042 2750 τῇ
1059 2678 1297 2749 τετάρτῃ
1324 2679 1433 2731 τῶν
1459 2677 1754 2731 Βασιλειῶν

177 2764 333 2825 εἶπεν
396 2772 627 2845 Ἠσαῖας
676 2772 704 2826 6
738 2773 1022 2842 προφήτης
1051 2771 1187 2841 πρὸς
1232 2768 1518 2833 Ἐζεκίαν⁹
1562 2787 1580 2819 ι
1614 2770 1753 2821 Τάδε

174 2859 326 2929 λέγει
383 2861 593 2933 Κύριος
623 2878 638 2893 ο
706 2860 1095 2928 Ἐξουδένωσέν
1138 2877 1197 2914 σε
1248 2859 1539 2931 παρθένος,
1588 2860 1756 2927 Θυγά-

176 2969 285 3023 τηρ
316 2948 454 3005 Σιὼν
479 2952 574 3006 ἐπὶ
603 2952 663 3005 σὲ
693 2952 935 3024 κεφαλὴν
979 2952 1254 3020 ἐκίνησεν.
1294 2970 1313 3002 ι
1360 2950 1474 3004 Καὶ
1518 2951 1712 3018 ἐπάγει
1740 2966 1752 2978 ·

182 3062 208 3097 ι
235 3043 351 3096 Οὐκ
370 3041 733 3096 εἰσελεύσεται
752 3043 832 3105 εἰς
854 3041 954 3109 τὴν
979 3040 1131 3094 πόλιν
1151 3039 1373 3109 ταύτην.
1398 3039 1508 3090 Καὶ
1536 3036 1757 3107 ἐξῆλθεν

178 3133 409 3201 ἄγγελος
444 3133 676 3203 Κυρίου,
705 3132 798 3186 καὶ
832 3131 1042 3187 ἀνεῖλεν
1059 3132 1124 3184 ἐκ
1149 3115 1247 3201 τῆς
1270 3129 1620 3202 παρεμϐολῆς
1647 3129 1757 3182 τῶν

186 3225 493 3295 ’Δσσυρίων
554 3223 749 3278 ἑκατὸν
816 3221 1145 3301 ὁγδοήκοντα
1200 3222 1361 3295 πέντε
1388 3219 1653 3290 χιλιάδας
1682 3237 1694 3249 ·
1734 3239 1752 3272 ι

194 3315 255 3369 ὐ
275 3316 330 3369 δὲ
357 3316 520 3368 Δαυῖδ
547 3333 559 3347 ⁸
600 3334 619 3371 ι
651 3313 824 3382 Κάγὼ
861 3312 1125 3383 ἐγενήθην
1154 3312 1355 3374 ὄνειδος
1393 3311 1576 3375 αὐτοῖς
1604 3326 1617 3340 ο
1654 3310 1758 3364 ἴδο-

183 3410 284 3464 σάν
334 3426 425 3478 με,
475 3409 567 3463 κα).
630 3408 924 3462 ἐσάλευσαν
980 3405 1226 3475 κεφαλὰς
1279 3405 1480 3459 αὐτῶν.
1522 3424 1541 3456 ι
1610 3405 1756 3459 Kai-

186 3521 208 3554 ι
246 3502 393 3555 Ὠσεὶ¹
422 3500 586 3572 τέρας
614 3500 879 3570 ἐγενήθην
902 3502 1014 3561 τοῖς
1048 3498 1261 3561 πολλοῖς
1293 3515 1307 3543 '.
1342 3500 1437 3552 καὶ
1470 3498 1535 3551 σὺ
1568 3497 1761 3569 βοηθός

184 3604 292 3663 μου
332 3590 616 3661 κραταιός.
646 3610 665 3642 ι
708 3590 821 3642 Καὶ
871 3590 900 3641 ὁ
970 3588 1090 3642 ’1ὠὸ
1119 3606 1133 3620 ·
1196 3609 1215 3640 ι
1255 3589 1391 3642 Νυνὶ
1447 3590 1505 3643 δέ
1559 3588 1763 3661 κιθάρά

180 3683 302 3751 εἰμὶ
330 3682 529 3746 αὐτῶν,
557 3682 652 3735 καὶ
684 3681 783 3750 ἐμὲ
811 3679 1095 3751 θρύλλημα
1126 3679 1356 3749 ἔχουσιν.
1393 3700 1412 3731 ι
1444 3680 1552 3747 Καὶ
1575 3679 1761 3750 ἐπειδὴ

187 3770 476 3843 θρύλλημα
509 3772 670 3824 αὐτὸν
722 3772 899 3839 ἔσχον,
951 3770 980 3821 6
1029 3771 1085 3824 δὲ
1145 3771 1276 3843 Θεὸς
1334 3769 1547 3838 ὕψωσεν
1601 3770 1762 3824 αὑτὸν

183 3860 634 3925 πολλαπλασίως.
704 3861 762 3914 '0
824 3861 881 3913 δὲ
934 3862 1347 3931 Παροιμιαστής
1380 3876 1393 3890 ο
1459 3878 1479 3912 ι
1526 3860 1762 3923 Πλοῦτος

182 3950 549 4022 προστίθησιν
580 3951 767 4020 φίλους
798 3948 1028 4013 πολλούς
1055 3965 1067 3979 ·
1103 3952 1131 4003 6
1168 3950 1225 4003 δὲ
1273 3951 1481 4021 πτωχὸς
1524 3952 1620 4010 καὶ
1654 3952 1765 4005 ἀπὸ

178 4041 642 4113 τοῦδύπὰρχοντος
670 4039 1073 4111 διαχωρίζεται.
1122 4060 1141 4093 ι
1173 4041 1360 4095 Ταῦτα
1382 4042 1493 4095 τῶν
1516 4040 1763 4099 κολάκων

182 4126 285 4186 καὶ
325 4131 692 4186 κοιλιοδούλων
727 4130 887 4195 εἰσὶν,
920 4129 969 4182 οἳ
999 4130 1069 4183 τὰ
1110 4131 1419 4203 πρόσκαιρα
1453 4131 1765 4201 ἀφορῶντες

186 4224 356 4293 μόνον
393 4239 406 4253 ·
443 4224 539 4281 καὶ
598 4225 633 4292 ή
680 4222 843 4291 σοφία
882 4221 977 4274 τοῦ
1032 4223 1264 4292 πένητος
1299 4222 1667 4290 ἐξουδὲνωται,
1713 4226 1763 4277 οἱ

183 4315 346 4383 λόγοι
376 4313 542 4383 αὑτοῦ
576 4314 676 4367 οὐκ
704 4314 841 4367 εἰσὶν
886 4314 1227 4384 ἀκουόμενοι.
1270 4314 1383 4366 Καὶ
1430 4313 1601 4366 ταῦτα
1655 4314 1765 4367 τῶν

184 4406 652 4476 πεφυσιωμένων.
686 4405 797 4458 Καὶ
840 4406 900 4459 ἐν
943 4402 1023 4473 τῷ
1073 4403 1390 4473 Εὑαγγελίῳ
1418 4417 1432 4430 ⁵
1472 4422 1490 4454 ι
1539 4402 1762 4470 Ἐλθὼν,

1833 778 1930 819 ves
1963 782 1975 817 :
2015 783 2033 815 ι
2066 763 2232 828 Deus,
2266 762 2512 831 inquam,
2547 760 2640 831 qui
2671 758 2764 813 dat
2792 758 3048 821 omnibus
3069 758 3407 819 hominibus.

1835 868 1938 910 nec
1958 854 2298 924 improperat
2319 853 2362 905 °.
2393 871 2412 902 ›
2447 852 2571 906 Tibi
2594 849 2818 904 interim
2843 849 3314 929 prospiciendum,
3341 866 3411 905 nc

1837 932 2058 1019 quando
2090 948 2196 1003 hoc
2234 947 2457 1002 nomine
2508 934 2741 1000 clevere'
2785 944 3049 998 adversus
3102 944 3412 1014 proximum

1840 1039 2189 1095 insolentius.
2225 1038 2419 1093 lsthaec
2452 1037 2602 1091 enim
2649 1032 2841 1106 gratia,
2895 1051 3021 1089 cum
3078 1036 3413 1104 temporaria

1840 1128 1931 1192 sit,
1961 1143 2072 1182 non
2106 1134 2192 1181 est
2220 1139 2390 1196 penes
2421 1133 2474 1178 te
2503 1138 2675 1177 unum
2714 1137 3096 1191 permansura.
3122 1121 3284 1177 'l‘alcs
3312 1123 3418 1177 Do-

1842 1220 2027 1273 minus
2059 1216 2455 1273 abominationi
2488 1215 2655 1269 habet
2702 1223 2759 1268 et
2809 1223 3147 1269 exsecratur.
3204 1216 3415 1270 Donum

1841 1309 2140 1381 quodpiam
2174 1308 2371 1364 sortito
2423 1306 2711 1377 accepisti,
2769 1305 2873 1360 Dei
2921 1304 3277 1375 benignitate,
3332 1306 3419 1360 fae

1844 1401 1979 1457 illud
2012 1400 2330 1472 impertiare
2357 1397 2725 1454 communiter
2766 1405 2822 1451 et
2870 1396 3225 1452 administres
3259 1398 3422 1468 spiri~

1845 1493 2106 1549 tualibus.
2143 1491 2342 1562 Utique
2363 1489 2456 1546 isti
2475 1503 2803 1559 persuasum
2817 1488 3022 1543 habent
3048 1498 3111 1544 et
3136 1505 3236 1558 pro
3267 1504 3419 1545 com-

1845 1596 2027 1659 perto,
2053 1586 2180 1657 quia
2210 1598 2334 1655 quae
2362 1583 2504 1638 dicis
2536 1588 2618 1647 tu,
2652 1581 2871 1637 Domini
2902 1565 3095 1651 utique
3133 1589 3282 1648 smit,
3328 1580 3422 1636 id-

1848 1667 1955 1750 que
1982 1678 2048 1733 ad
2075 1676 2523 1741 aediﬁcationem,
2553 1689 2691 1730 cum'
2716 1673 2865 1729 omni
2887 1673 3157 1729 modestia
3178 1664 3241 1728 et
3265 1688 3422 1727 man-

1850 1770 2165 1833 suetudine,
2202 1767 2350 1839 quod
2378 1767 2447 1822 ad
2487 1782 2837 1823 communem
2858 1767 3103 1821 omnium
3129 1765 3278 1821 cedit
3309 1782 3425 1820 ma-

1851 1877 2092 1935 gnopere
2135 1861 2205 1916 ad
2240 1860 2732 1917 commendandam
2780 1860 3095 1915 utilitatem.
3147 1859 3426 1930 Scriptum

1850 1953 2055 2024 quippe
2076 1951 2248 2021 estin
2282 1949 2600 2006 Proverbiis
2633 1966 2646 2001 :
2711 1958 2729 1999 ι
2762 1947 2844 2003 Ne
2890 1947 3207 2003 laudaveris
3234 1949 3418 2003 virum

1850 2046 1906 2100 in
1948 2045 2135 2115 specie
2164 2042 2336 2107 illius,
2367 2051 2517 2097 etne
2542 2040 2879 2096 abomineris
2909 2040 3190 2095 hominem
3219 2040 3276 2095 in
3306 2040 3427 2096 visu

1850 2138 1972 2208 ejus
1996 2154 2009 2190 :
2038 2135 2225 2191 brevis
2255 2134 2309 2187 in
2340 2132 2662 2187 volatilibus
2690 2131 2829 2201 apis,
2862 2139 2918 2185 et
2941 2130 3160 2207 initium
3184 2129 3431 2185 dulcoris

1850 2227 2064 2282 fructus
2097 2227 2218 2296 ejus
2255 2231 2343 2278 est
2387 2224 2428 2276 '.
2464 2241 2483 2273 ι
2533 2222 2577 2276 Ε
2632 2221 2892 2293 diverso;
2955 2240 2973 2272 ι
3010 2220 3163 2276 Multi
3212 2219 3430 2293 tyranni

1852 2319 2116 2375 sederunt
2147 2331 2315 2388 super
2347 2314 2748 2386 pavimentum,
2781 2312 3196 2391 .insuspieabilis
3246 2320 3429 2366 autem

1851 2411 2087 2481 portavit
2115 2409 2364 2467 diadema
2394 2408 2469 2461 ⁸.)
2501 2405 2607 2462 Sed
2635 2413 2691 2461 et
2720 2406 2777 2460 in
2808 2405 2990 2475 primo
3026 2406 3340 2474 Regnorum
3363 2403 3432 2459 de

1853 2502 1983 2556 ﬁliis
2013 2502 2166 2557 Jesse
2196 2499 2336 2555 dixit
2362 2499 2632 2554 Dominus
2655 2497 2895 2553 Samueli
2928 2515 2941 2550 :
3000 2515 3018 2548 ι
3050 2496 3130 2552 Ne
3170 2495 3434 2566 respicias

1854 2594 1923 2649 ad
1954 2593 2167 2649 vultum
2209 2593 2346 2662 ejus,
2384 2598 2566 2661 neque
2615 2589 2684 2645 ad
2737 2590 2988 2645 habitum
3037 2588 3435 2660 magnitudinis

1856 2683 2049 2752 ipsius,
2080 2683 2209 2752 quia
2251 2682 2425 2752 abjeci
2475 2697 2644 2748 eum;
2698 2681 2827 2751 quia
2883 2696 2994 2736 non
3037 2682 3181 2736 sicut
3228 2680 3445 2749 viderit

1856 2775 2022 2839 Deus.
2052 2774 2267 2829 videbit
2288 2774 2457 2829 homo
2488 2791 2502 2827 :
2535 2774 2701 2828 homo
2732 2773 2967 2857 enim-iu
2996 2773 3191 2829 faciem
3221 2774 3438 2845 pr03pi-

1858 2866 1985 2930 ciet,
2031 2867 2175 2921 Deus
2237 2876 2421 2920 autem
2473 2866 2723 2921 intuetur
2782 2880 2880 2920 cor
2939 2867 2982 2919 ’.
3018 2883 3038 2918 ι
3095 2865 3164 2920 Et
3210 2865 3438 2930 adduxit

1857 2953 2009 3010 Jesse
2038 2946 2252 3025 Septem
2290 2954 2434 3010 ﬁlios
2470 2970 2620 3019 suos,
2672 2955 2863 3025 utique
2905 2964 3170 3026 potentes
3215 2957 3436 3038 robore,

1859 3046 2247 3117 neminemque
2290 3062 2358 3102 ex
2384 3047 2505 3102 istis
2547 3047 2715 3117 elegit
2760 3047 3045 3116 Dominus,
3099 3048 3203 3103 nisi
3251 3048 3438 3104 adole»

1860 3137 2169 3192 scentulum
2202 3138 2355 3203 illum
2392 3135 2585 3204 David,
2642 3139 2736 3208 qui
2786 3139 2839 3192 in
2882 3139 3168 3207 hominum
3215 3141 3438 3209 quidem

1864 3238 2159 3298 prospectu
2203 3230 2257 3283 in
2289 3229 2444 3283 nullo
2500 3228 2792 3283 videbatur
2831 3245 2998 3285 censu
3045 3230 3439 3299 numerandus,

1864 3329 1920 3374 at
1954 3320 2099 3389 apud
2128 3321 2300 3375 Deum
2328 3320 2510 3389 magni
2543 3319 2851 3375 habebatur
2896 3321 3018 3375 loco
3063 3321 3345 3393 suffragii,
3383 3332 3442 3387 ut

1866 3411 1959 3480 qui
1995 3419 2318 3466 mansuetus
2341 3421 2461 3466 erat
2483 3410 2777 3467 admodum
2812 3420 2865 3465 et
2885 3412 3131 3467 modeste
3165 3413 3393 3468 humilis
3426 3432 3438 3482 ;

1846 3504 1955 3559 .cui
1989 3511 2045 3557 et
2074 3502 2374 3557 secundum
2414 3502 2532 3557 haec
2572 3503 2945 3558 testimonium
2989 3504 3230 3560 reddidit
3274 3506 3442 3582 Deus,

1867 3590 2060 3646 dicens
2094 3608 2106 3643 :
2160 3610 2178 3642 ι
2217 3591 2404 3646 Inveni
2442 3591 2614 3645 David
2655 3590 2826 3645 lilium
2850 3592 3006 3647 Jesse
3038 3593 3221 3646 virum
3249 3609 3443 3648 SBCUH?

1867 3681 1999 3735 dum
2033 3696 2131 3736 cor
2174 3696 2354 3736 meum
2383 3682 2445 3734 ιθ.
2490 3701 2508 3733 ι
2544 3681 2649 3736 Sed
2668 3686 2731 3737 'et
2759 3698 3054 3759 regnorum
3080 3693 3278 3754 quarto
3307 3685 3447 3751 dixit

1868 3771 2036 3825 lsaias
2083 3769 2351 3839 propheta
2413 3769 2480 3824 ad
2530 3769 2871 3824 Ezechiam:
2915 3789 2932 3822 ι
2971 3768 3316 3842 Guntcmpsit
3366 3783 3442 3837 te,

1870 3860 2024 3939 virgo
2056 3858 2165 3913 lilia
2194 3859 2361 3926 Sion;
2399 3875 2563 3929 super
2587 3869 2637 3914 le
2664 3872 2829 3929 caput
2856 3862 3028 3927 movit
3057 3846 3119 3914 ¹¹ξ
3142 3881 3171 3939 »ί
3191 3848 3444 3931 lnducit;

1875 3967 1894 3998 ι
1931 3947 2073 4002 Num
2106 3947 2447 4018 ingredietur
2470 3948 2746 4002 civitatem
2774 3949 2919 4003 hanc
2942 3949 2965 4002 ?
2988 3961 3044 4005 et
3067 3950 3200 4005 exiit
3221 3952 3448 4023 angelus

1870 4040 2088 4095 Domini
2116 4049 2172 4095 et
2199 4040 2479 4096 interfecit
2511 4040 2579 4095 de
2613 4041 2809 4096 castris
2846 4042 3192 4113 Assyriorum
3223 4053 3445 4098 centum

1870 4133 2147 4204 octoginta
2174 4132 2421 4202 quinque
2448 4132 2618 4186 millia
2641 4134 2707 4186 η.
2750 4151 2768 4184 ι
2799 4133 2971 4187 David
2994 4134 3122 4188 item
3151 4152 3164 4188 :
3214 4153 3233 4186 ι
3260 4136 3448 4207 Etego

1869 4223 2050 4289 factus
2073 4236 2195 4297 sum
2224 4223 2581 4293 opprobrium
2608 4223 2737 4290 illis,
2770 4224 3033 4280 viderunt
3068 4241 3155 4281 me
3179 4236 3235 4281 et
3263 4242 3448 4283 move-

1871 4321 2004 4367 runt
2045 4317 2226 4384 Capita
2275 4328 2375 4368 sua
2417 4314 2482 4367 ¹³.
2518 4332 2537 4365 ι
2585 4315 2696 4368 Et:
2734 4322 2773 4367 ἰ
2814 4315 3095 4387 Tanquam
3135 4317 3447 4388 prodigium

1872 4398 2052 4457 factus
2080 4418 2201 4456 sum
2237 4404 2447 4470 multis,
2471 4412 2528 4459 et
2575 4414 2633 4459 tu
2679 4405 2900 4478 adjutor
2951 4407 3110 4472 fortis
3169 4408 3233 4461 ¹⁶.
3266 4392 3303 4459 ι’
3344 4408 3449 4465 Job

183 4499 379 4565 φησὶν,
400 4499 428 4550 6
469 4496 678 4567 Ἰησοῦς
710 4498 769 4550 ἐν
803 4499 868 4566 τῇ
898 4494 1119 4564 πατρίδι
1142 4493 1307 4551 αὑτοῦ
1344 4494 1620 4549 ἐδίδασκεν
1652 4498 1751 4558 τοῖς

1872 4507 2093 4561 quoque
2122 4508 2136 4544 :
2179 4510 2196 4542 ι
2230 4493 2389 4548 Nunc
2407 4501 2591 4550 autem
2627 4496 2839 4551 cithara
2876 4512 2997 4552 sum
3031 4514 3247 4568 eorum,
3274 4510 3329 4554 et
3362 4516 3449 4555 me

181 4588 470 4649 Bi66aow
499 4592 559 4644 ἐν
592 4593 658 4661 τῇ
709 4588 1007 4658 Συναγωγῇ
1042 4586 1243 4652 αὐτῶν,
1285 4586 1381 4638 καλ⁸
1420 4585 1625 4653 ἔλεγον,
1663 4585 1769 4639 [16-

183 4679 284 4734 Θεν
313 4680 489 4750 τούτῳ
515 4679 707 4743 ταῦτα,
744 4678 839 4732 καὶ
871 4680 957 4741 τίς
988 4680 1022 4747 ἡ
1070 4678 1231 4746 σοφία
1268 4679 1302 4748 ἡ
1342 4676 1554 4730 δοθεῖσα
1600 4677 1767 4746 αὐτῷ,

1872 4585 1929 4639 in
1954 4585 2310 4654 proverbium
2342 4586 2549 4641 habent
2579 4588 2643 4642 ⁸⁸.
2681 4608 2698 4640 ι
2733 4589 2982 4660 Cumque
3013 4592 3162 4647 hunc
3214 4593 3268 4647 in
3323 4609 3453 4664 pro-

1870 4676 2044 4731 verbii
2071 4676 2362 4731 deridiculi
2386 4679 2563 4733 vicem
2583 4678 2929 4748 habuissent,
2956 4691 3087 4737 tunc
3103 4684 3257 4739 illum
3276 4687 3451 4740 multo

184 4772 292 4827 καὶ
334 4772 598 4844 δυνᾲμεις
650 4770 903 4824 τοιαῦται
931 4769 1018 4823 διὰ
1051 4770 1160 4822 τῶν
1183 4768 1382 4840 χειρῶν
1409 4769 1574 4822 αὐτοῦ
1602 4770 1750 4838 γινον

1868 4767 2147 4836 copiosius
2185 4763 2382 4824 extulit
2426 4769 2483 4823 in
2531 4769 2784 4827 sublime.
2816 4773 3204 4830 Parmmiastes
3235 4775 3451 4851 1104

183 4880 328 4928 ttat;
366 4864 480 4935 Οὐχ
537 4858 704 4927 οὗτός·
741 4864 889 4916 ἐστιν
941 4863 971 4913 6
1019 4861 1228 4914 τέκτων
1276 4862 1307 4913 6
1361 4862 1475 4924 υἱὸς
1518 4862 1746 4932 Μαρίας

1873 4850 2054 4913 ίιθῐηὲ
2106 4878 2124 4909 ι
2156 4858 2372 4913 Divitiae
2420 4859 2632 4915 addunt
2683 4862 2888 4917 multos
2939 4864 3185 4929 amicos;
3238 4858 3450 4936 pauper

184 4951 425 5020 ἀδελφὸς
470 4951 527 5004 δὲ
583 4951 842 5004 Ἰακώϐου
884 4951 979 5005 καὶ
1039 4950 1285 5019 Ίωσήφ;
1326 4950 1420 5002 καὶ
1456 4949 1751 5001 ἐσκανδσλί¹

1872 4958 2056 5002 autem
2079 4949 2245 5003 etiam
2280 4950 2351 5004 ab
2381 4966 2449 5004 eo
2474 4951 2570 5020 qui
2599 4962 2741 5017 erat,
2771 4952 3090 5008 destituitur
3119 4956 3181 5007 ¹⁶.
3217 4976 3234 5008 ι
3278 4958 3447 5012 Plane

182 5019 350 5107 ζοντο
394 5046 451 5096 ἐν
509 5043 676 5113 αὐτῷ.
719 5064 734 5093 ι
781 5044 840 5096 '0
866 5041 929 5094 δὲ
959 5039 1332 5111 ἁμνησίκακος
1365 5039 1570 5109 Κύριος
1598 5041 1751 5093 πάντα

1873 5037 1992 5092 haec
2038 5048 2443 5094 assentatorum
2484 5049 2689 5096 suntet
2715 5042 2895 5096 ventri
2927 5058 3027 5097 suo
3060 5044 3445 5113 servientium,

179 5130 407 5204 ἔφερεν.
440 5134 598 5204 Αὐτῷ
618 5137 651 5204 ή
678 5134 801 5197 δόξα
827 5133 907 5194 εἰς
938 5132 1064 5196 τοὺς
1094 5130 1316 5193 αἰῶνας.
1367 5130 1562 5200 Ἀμήν.

179 5225 369 5282 aciem
417 5227 620 5281 mentis
670 5241 735 5282 ac
784 5224 1097 5295 suspiciunt
1147 5221 1545 5277 venerabundi.
1598 5221 1763 5291 Atqui
1800 5221 2059 5291 pauperis
2099 5221 2323 5275 interim
2357 5222 2626 5292 sapientia
2658 5225 3049 5292 contemnitur,
3113 5243 3215 5282 nec
3277 5229 3451 5299 ipsius

180 5336 480 5378 sermones
504 5319 898 5375 exaudiuntur.
928 5319 1054 5373 llaec
1072 5318 1196 5387 quis
1212 5316 1429 5371 dubitet
1477 5319 1600 5372 esse
1648 5331 1840 5371 eorum
1879 5316 1974 5385 qui
2000 5314 2100 5369 toti
2122 5315 2449 5370 extuberant
2474 5332 2541 5371 ac
2580 5327 2800 5389 turgent
2849 5329 3066 5374 tumore
3127 5320 3457 5391 superbiae?

179 5414 375 5474 simile
398 5414 533 5484 quid
562 5430 631 5469 ex
659 5411 954 5483 Evangelia
983 5429 997 5464 :
1034 5431 1052 5462 ι
1080 5411 1218 5465 Cum
1246 5410 1490 5466 venisset
1517 5411 1678 5465 Jcsus
1709 5409 1764 5463 in
1804 5409 2031 5478 patriam
2072 5423 2250 5473 suam,
2281 5408 2515 5465 docebat
2544 5410 2801 5467 Sabbatis
2829 5411 2882 5465 in
2926 5402 3209 5484 Synagoga
3235 5429 3448 5483 eorum,

179 5516 247 5564 et
314 5507 569 5563 dicebant
601 5523 615 5560 :
649 5504 805 5562 Unde
861 5502 995 5557 huic
1052 5501 1226 5556 talia?
1260 5554 1263 5555 ν
1305 5510 1362 5555 et
1410 5517 1532 5570 qua:
1578 5501 1846 5570 sapientia
1882 5501 2007 5555 data
2032 5510 2115 5554 est
2146 5499 2240 5553 ei‘:
2275 5500 2371 5554 sed
2420 5510 2475 5555 et
2503 5501 2739 5557 virtutes
2778 5503 2913 5559 tales
2951 5496 3052 5575 per
3088 5492 3285 5563 manus
3331 5506 3453 5578 ejus

260 5693 282 5724 ⁶
319 5690 434 5746 Jac.
460 5688 578 5761 1,75.
621 5682 867 5761 __'_Eccli.
894 5699 973 5747 x1,
1003 5683 1103 5761 2;“
1137 5682 1158 5713 ⁸
1483 5680 1504 5712 ⁹
1532 5681 1751 5761 Ῑῐξρςης

1868 5680 1936 5761 ’7.
2019 5680 2060 5711 ³⁰
2086 5680 2356 5761 2301.319,
2386 5679 2476 5746 22.
2556 5680 2596 5719 ‘~'
2622 5681 2725 5761 lsa.
2763 5699 2968 5755 xxxvu,
2990 5683 3082 5755 22,
3152 5687 3194 5717 ¹²
3221 5688 3284 5741 IV
3315 5691 3445 5761 tlrg.

174 5778 309 5827 nx,
346 5750 538 5815 '53-'53.
619 5755 826 5818 “Psal.
852 5769 1003 5812 cvm.
1034 5751 1124 5807 25.
1204 5751 1250 5783 "
1272 5750 1415 5805 Psal.
1441 5765 1565 5817 Lxx,
1591 5750 1671 5805 7.’
1723 5751 1766 5782 ”
1797 5750 1899 5804 Job
1928 5765 2053 5814 xxx,
2087 5751 2143 5806 9.
2223 5751 2265 5780 ’⁸
2289 5751 2450 5805 Prov.
2491 5766 2603 5819 xix,
2629 5750 2684 5807 Α.
2771 5750 2783 5755 ⁷
2956 5750 2959 5751 ⁷
2997 5750 3005 5755 ”
3396 5750 3417 5775 ‘~

1874 5129 1970 5197 qui
2024 5127 2080 5182 in
2109 5129 2225 5183 hasc
2276 5131 2454 5185 solum
2498 5147 2620 5200 qua:
2653 5134 2985 5203 temporaria
3020 5144 3168 5201 sunt,
3203 5136 3449 5207 deligunt
3542 5174 3555 5201 ι,
