3944 6434
181 379 210 446 1
223 383 333 448 585

759 385 1091 448 HOMILIA
1131 385 1520 448 XLIX.-DE
1561 377 1907 445 PROXIMO
1949 377 2103 440 NON
2139 377 2458 440 TEMERE
2497 371 2886 435 CONDEMN.

3339 361 3476 427 1586

177 494 295 551 hoc
321 493 416 562 sit,
447 497 579 565 quia
610 495 768 552 abest
789 498 888 553 Dei
925 479 1134 568 timor},
1159 495 1459 552 ne.audire
1491 493 1774 562 contingat
1812 503 1916 543 nos
1953 503 1985 542 a
2028 487 2303 544 Domino:
2345 506 2365 539 ι
2396 483 2717 557 llypocrita,
2755 481 2895 548 cjice
2944 476 3193 568 primum
3263 475 3476 533 trabem

176 604 254 644 ex
278 587 444 642 oculo
477 598 574 644 tuo
627 589 696 644 ’³.
738 609 756 642 ι
811 591 878 646 Ει
938 606 1131 646 rursus
1193 608 1206 642 :

1267 606 1286 640 ι
1328 588 1502 642 Malus
1557 586 1726 640 homo
1777 581 1849 636 de
1921 579 2066 634 malo
2132 578 2394 633 thesauro
2448 574 2635 633 cordis
2685 574 2770 627 sui
2830 567 3042 640 profert
3093 568 3344 633 malum;
3405 585 3476 624 ex

179 680 529 736 abundantia
553 681 702 736 enim
723 681 908 737 cordis
927 697 991 738 os
1025 681 1274 753 loquitur
1302 681 1370 736 ἕο.
1407 697 1426 733 ›
1461 677 1571 748 lpsi
1593 674 1769 748 gloria
1807 671 1862 726 in
1892 670 2114 726 saecula.
2143 671 2340 756 Amen.

775 801 1014 855 ΛΟΓΟΣ.
1051 798 1186 856 MU.

547 913 686 980 Περὶ
727 911 834 966 τοῦ
888 912 976 981 μὴ
1015 915 1422 988 κατακρίνειν.

263 1022 340 1075 Τὸ
395 1024 748 1093 κατακρίνειν
789 1026 804 1065 i
846 1029 1028 1096 χεῖρον
1075 1027 1293 1082 πάντων
1327 1027 1495 1082 ἐστίν.
1529 1026 1638 1092 Οὓς
1669 1027 1778 1098 γὰρ

184 1115 464 1186 δοκοῦμεν
492 1119 650 1186 ἡμεῖς
673 1119 1051 1190 κατακρίνειν’,
1089 1122 1290 1175 ἐκεῖνοι
1323 1122 1432 1192 μὲν
1449 1117 1782 1192 τοῦ-βάρους

184 1205 580 1274 ἐλαφροῦ-παι,
609 1209 773 1278 ἡμεῖς
796 1208 850 1262 δὲ
875 1207 990 1261 ἀντ’
1010 1209 1194 1263 αὐτῶν
1223 1210 1657 1282 ἀχθοφοροῦμεν,
1687 1211 1782 1268 καὶ

187 1298 568 1366 εὑρισκόμεθα
648 1299 876 1362 ἑαυτοὺς
937 1301 1386 1372 κατακρίνοντες.
1421 1301 1645 1374 ’Πάσῃ·
1687 1297 1782 1361 οὖν

190 1391 426 1460 σπουδῇ,
451 1393 746 1459 ἀγαπητοὶ,
791 1393 1058 1464 φύγωμεν
1082 1393 1178 1446 τοῦ
1215 1393 1291 1464 μὴ
1313 1381 1667 1464 κατακρίνειν
1698 1414 1782 1450 τι-

190 1485 314 1548 νάς.
347 1485 589 1544 Ὄνειδος
613 1485 722 1554 γὰρ
751 1487 886 1554 ἡμῖν
907 1487 1023 1540 ἐστι
1051 1486 1216 1556 μέγα,
1247 1487 1444 1542 ἀνίατα
1465 1489 1778 1560 νοσοῦντας,

191 1579 291 1630 καὶ
317 1577 544 1642 δυσίατα
569 1576 699 1646 ἕλκη
727 1577 968 1647 ἔχοντας,
1005 1580 1102 1632 καὶ
1125 1579 1428 1650 ὑποχρέους
1451 1581 1612 1647 ὄντας
1634 1585 1783 1656 ἡμᾶς

194 1672 412 1742 μυρίων
437 1669 879 1739 ὀφλημάτων,τὰ
909 1669 1166 1740 ἀλλότρια
1203 1669 1531 1740 πταίσματα·
1563 1690 1784 1746 περιερ-

189 1764 466 1833 γάζεσθαι
521 1764 618 1818 καὶ
650 1757 1032 1817 κατοπτεύειν.
1057 1763 1130 1816 Οὐ
1171 1763 1282 1834 γὰρ
1315 1764 1484 1821 καλὸν
1519 1772 1784 1842 κατακρῖ-

188 1875 288 1912 ναι
329 1855 423 1909 τὸν
464 1857 688 1928 πόρνον,
725 1856 824 1909 ἐὰν
858 1855 954 1910 τοῦ
985 1855 1178 1911 λοιποῦ
1212 1859 1564 1931 σωφρονήσῃ.
1599 1861 1780 1920 Καλὸν

183 1945 251 2001 δὲ
285 1949 478 2016 φυγεῖν
525 1947 626 2017 τὴν
659 1949 878 2017 πρᾶξιν,
907 1947 984 2020 μὴ
1015 1947 1208 2017 ψέγειν
1237 1947 1329 2014 τὸν
1367 1948 1674 2021 πράξαντα.
1720 1949 1780 2008 ⁸0

185 2041 304 2110 γὰρ
331 2037 522 2104 εἰπὼν,
561 2058 578 2090 ‹
613 2039 689 2092 Οὐ
723 2039 996 2111 φονεύσῃς
1023 2080 1038 2106 ,
1072 2059 1092 2092 ι
1132 2035 1367 2132 εἶπενηι
1399 2043 1475 2096 Οὐ
1511 2045 1782 2116 κατακρίο
1821 2080 1828 2085 .

2425 785 2714 842 HOMILIA
2753 783 2944 839 XLIX.

2028 897 2153 954 Non
2181 895 2373 954 temere
2405 897 2866 954 condemnandum
2887 913 2998 952 esse
3013 896 3336 968 proximum.

1953 1009 2319 1068 Pronuntiare
2360 1011 2417 1065 in
2461 1009 2687 1066 fratrem
2735 1008 3106 1068 damnationis
3148 1006 3479 1066 sententiam

1882 1101 2136 1173 nunquid
2157 1118 2266 1158 non
2287 1110 2486 1158 caatera
2505 1107 2698 1172 suapte
2713 1100 3055 1172 malignitate
3076 1097 3483 1170 antegreditur?

1882 1199 2020 1254 Nam
2045 1215 2186 1270 quos
2205 1199 2286 1261 sic
2313 1209 2518 1258 temere
2545 1183 2929 1254 condemnare
2947 1198 3220 1262 videmur,
3249 1195 3388 1251 adeo
3409 1195 3478 1250 il-

1882 1289 1965 1346 los
1991 1307 2102 1346 non
2125 1305 2438 1361 gravamus,
2461 1298 2523 1347 ut
2541 1291 2844 1349 allevemus
2871 1280 3068 1363 magi§,
3099 1289 3230 1344 dum
3257 1287 3479 1343 interim

1883 1400 2006 1459 qua:
2023 1385 2145 1444 illos
2166 1383 2397 1456 urgebat
2417 1384 2622 1442 molem
2639 1385 2860 1458 judicii,
2874 1385 2931 1441 in
2948 1393 3167 1454 nosmet
3185 1392 3373 1440 nostra
3397 1392 3480 1440 te-

1885 1477 2136 1538 meritate
2155 1465 2512 1543 r'eelinamus,
2534 1478 2977 1549 etcomperimur
2995 1477 3050 1532 in
3069 1492 3173 1536 nos
3194 1477 3476 1547 ipsoseam

1884 1569 2275 1631 damnationis
2313 1585 2608 1634 censuram
2657 1571 3011 1642 detorquere.
3065 1569 3238 1628 Omni
3291 1571 3477 1641 itaque

1884 1664 2091 1732 studio,
2141 1663 2520 1730 dilectissimi,
2583 1665 2998 1736 providendum
3056 1663 3241 1730 nobis,
3297 1673 3358 1719 ut
3407 1680 3478 1741 ne

1883 1773 2049 1828 quem
2099 1758 2554 1818 condemnemus.
2583 1757 2800 1824 Quanto
2825 1757 2972 1812 enim
3018 1757 3293 1814 dedecore
3329 1756 3479 1828 digni

1882 1865 2007 1916 nos,
2039 1851 2135 1921 qui
2182 1865 2308 1914 cum
2359 1849 2657 1908 incurabili
2701 1865 2768 1904 ex
2816 1864 2876 1906 se
2913 1849 3111 1904 morbo
3137 1849 3477 1914 laboremus,

1882 1959 2009 2002 cum
2040 1945 2251 2002 animas
2273 1945 2576 2010 habeamus
2599 1942 2882 1998 ulceribus
2902 1942 3058 1998 nullo
3085 1957 3266 2012 prope
3294 1957 3480 1998 reme-

1881 2035 1976 2092 dio
1997 2036 2256 2096 sanandis
2283 2037 2486 2092 misere
2517 2035 2832 2107 suggillatas
2861 2051 2876 2102 ;
2901 2049 3026 2090 cum
3076 2033 3252 2092 simus
3279 2033 3481 2090 debitis

186 2149 312 2206 νῃς.
353 2151 371 2184 ι
405 2133 468 2187 Εἰ
499 2131 555 2186 δὲ
587 2131 964 2205 κατακρίνεις,
998 2135 1098 2188 σὺν
1125 2133 1304 2206 τούτῳ
1324 2117 1681 2209 κατακρίνει,
1716 2137 1782 2192 δι’

1887 2127 2138 2196 obnoxii,
2163 2128 2303 2184 nulli
2353 2113 2700 2200 explicandis
2741 2126 2878 2190 (tam
2907 2125 3080 2182 nmlta
3135 2125 3312 2212 sunt),
3347 2125 3485 2180 alie-

187 2218 268 2280 ὧν
296 2226 459 2279 αὑτὸν
495 2227 871 2297 κατακρίνεις.
896 2227 972 2280 Οὐ
1006 2226 1118 2298 γὰρ
1139 2227 1298 2298 ἡμῶν
1327 2228 1444 2284 ἐστι
1477 2230 1540 2282 τὸ
1569 2231 1778 2300 κρῖναι,

189 2317 226 2388 ἢ
269 2317 624 2388 κατακρῖναι,
652 2313 788 2367 ἀλλὰ
821 2314 987 2385 μόνου
1009 2313 1146 2368 Θεοῦ
1178 2307 1276 2368 και
1300 2313 1538 2385 μεγάλου
1567 2314 1778 2384 κριτοῦ,

190 2407 290 2460 τοῦ
323 2405 694 2474 ἐπισταμένου
727 2405 826 2466 τὰς
863 2404 1097 2476 καρδίας
1119 2403 1302 2474 ἡμῶν,
1332 2405 1426 2457 καὶ
1463 2404 1534 2456 τὰ
1565 2405 1782 2474 κρυπτὰ

195 2498 344 2567 πάθη
379 2499 478 2566 τῆς
511 2495 750 2564 φύσεως.
787 2495 886 2560 Τίς
917 2495 1028 2568 γὰρ
1057 2497 1400 2566 καυχήσεται
1433 2495 1607 2566 ἁγνὴν
1638 2495 1784 2567 ἔχειν

195 2589 298 2660 τὴν
323 2586 637 2658 καρδίανςῆ
671 2586 756 2648 τίς
787 2585 1262 2658 ιταῤῥησιάσεται,
1297 2584 1498 2654 λέγων,
1529 2603 1548 2636 ‹
1589 2583 1783 2640 Καθα-

197 2673 295 2752 ρός
352 2683 466 2750 εἰμι
521 2679 630 2734 ἀπὸ
667 2678 986 2750 ἁμαρτιῶν;
1021 2697 1042 2730 ι
1077 2677 1170 2748 Μὴ
1207 2675 1300 2731 οὖν
1349 2676 1642 2748 προπετῶς
1691 2677 1784 2730 καὶ

190 2772 579 2834 ἀϐασανίστως
616 2769 1088 2841 ἁπογινώσκωμεν
1128 2772 1255 2834 τοὺς
1299 2769 1598 2835 πταίοντας
1627 2811 1640 2834 ,
1681 2769 1784 2824 κᾶν

188 2867 274 2930 είς
301 2867 442 2918 αὐτὰ
466 2865 538 2919 τὰ
559 2865 766 2934 ἔσχατα
788 2864 890 2934 τῆς
919 2863 1120 2926 κακίας
1149 2863 1480 2942 ἀφίκωνται.
1522 2860 1624 2916 κᾶν
1655 2862 1784 2932 ἕρη-

189 2971 290 3028 μοι
317 2958 418 3027 τῆς
450 2956 656 3026 ἀρετῆς
689 2955 980 3023 γένωνται,
1007 2955 1104 3008 καὶ
1143 2953 1530 3026 ἀποσχυνθῶσι
1573 2952 1786 3026 μακρόφ

185 3065 372 3118 τερον,
407 3047 512 3100 κᾶν
535 3049 742 3111 πᾶσαν,
773 3049 916 3101 κατὰ
946 3046 1007 3100 τδ
1032 3045 1384 3116 φαινόμενον,
1411 3045 1784 3114 ὲξαφανίσωσι

185 3139 294 3210 τὴν
348 3139 489 3192 κατὰ
542 3137 708 3206 φύσιν
751 3138 1050 3210 καλλίστην
1081 3139 1444 3194 κατάστασιν.
1482 3139 1644 3202 Εἰκὸς
1673 3139 1784 3210 γὰρ

187 3233 319 3294 τοὺς
347 3231 624 3293 τοιούτους
653 3230 786 3284 ποτὲ
828 3230 1260 3298 ὲξυπνισθὲντας
1307 3231 1450 3302 πρὸς
1482 3231 1618 3284 Θεὸν
1649 3233 1784 3286 ἀνα-

190 3323 412 3392 ϐλέψαι,
445 3324 541 3376 καὶ
568 3323 825 3377 τοσοῦτον
853 3321 1114 3391 γενέσθαι
1145 3323 1316 3392 ἐγγὺς
1344 3322 1458 3391 τῶν.
1480 3323 1656 3378 ποδῶν
1687 3324 1782 3379 τοῦ

191 3417 446 3484 Κυρίου,
477 3417 588 3486 ὅσῳ
653 3415 1001 3487 μακρότερον
1055 3415 1328 3486 ὑπῆρχον.
1378 3415 1538 3470 Ἔστι
1592 3417 1726 3486 γοῦν
1749 3419 1784 3473 ,ὁ

185 3509 516 3562 όλισθαίνων
562 3507 738 3578 λόγῳ,
763 3509 860 3562 καὶ
899 3508 1145 3562 ούκιάπδ
1171 3507 1386 3580 ψυχῆς“ο
1418 3509 1510 3574 τίς
1547 3509 1606 3564 δέ.
1635 3511 1784 3565 ἐστιν

185 3602 255 3662 ὃς
306 3603 405 3672 οὐχ
463 3602 716 3674 ἥμαρτεν
757 3603 818 3656 ἐν
846 3601 1068 3672 γλώσσῃ
1124 3599 1326 3669 αὐτοῦς
1373 3599 1572 3672 Ἡμεῖς
1623 3599 1718 3658 οὖν
1746 3603 1786 3660 ὃ.

192 3695 652 3765 προετάχθημεν,
686 3692 864 3748 ταῦτα
907 3693 1649 3765 διανοηθῶμεν,’τουτὲστιν,
1685 3696 1782 3751 τοῦ

193 3785 413 3839 πενθεῖν
437 3787 533 3840 καὶ
553 3785 764 3840 κλαίειν
786 3785 854 3840 τὰ
879 3786 1096 3840 ἑαυτῶν
1125 3785 1511 3856 ἐλαττώματα,
1539 3787 1636 3842 καὶ
1667 3787 1785 3842 δέε-

191 3879 322 3933 σθαι
359 3880 456 3933 τοῦ
513 3880 647 3933 Θεοῦ
696 3879 996 3952 καθαρίσαι
1053 3881 1204 3952 ἡμᾶς
1239 3881 1351 3934 ἀπὸ
1400 3882 1503 3952 τῆς
1535 3883 1784 3955 σαπρίας

188 3971 374 4043 ἡμῶν,
413 3972 508 4025 καὶ
543 3973 892 4042 συμπάσχειν
927 3973 1025 4026 καὶ
1056 3971 1348 4042 συναλγεῖν
1379 3977 1494 4038 τοῖς
1519 3977 1782 4047 ὁμογενέ-

188 4080 272 4126 et,
305 4063 400 4116 καὶ
431 4063 882 4135 συσσώμοις,καὶ
905 4063 1279 4134 όμοχρίστοις.
1318 4065 1408 4120 Ἐν
1434 4067 1647 4132 τούτοις
1669 4061 1784 4142 γὰρ

187 4155 571 4222 εὐαρεστεῖται
600 4155 629 4208 ὁ
662 4153 819 4218 Θεός.
858 4153 1214 4234 Ἐπισ-ιῖέλλει⁷
1243 4154 1300 4208 δὲ
1335 4157 1432 4209 καὶ
1457 4157 1486 4210 ό
1519 4157 1784 4236 Ἀπρστο-

185 4244 286 4307 λος
309 4287 324 4310 ,
354 4243 550 4313 λέγων,
589 4265 609 4297 ι
645 4245 718 4298 Σὺ
760 4245 814 4298 τί
862 4247 1072 4316 κρίνεις
1112 4227 1466 4315 τὸν-ἀδελφόν
1513 4227 1652 4314 σουξ
1691 4269 1711 4302 ι
1746 4249 1781 4323 ἤ

188 4338 292 4390 καὶ
325 4337 390 4390 σὺ
415 4337 466 4389 τί
491 4336 796 4403 ἐξουθενεῖς
823 4336 914 4390 τὸν
942 4335 1173 4405 ἀδελφόν
1209 4353 1304 4390 σου
1331 4355 1346 4405 ;
1379 4354 1398 4389 ι
1433 4336 1643 4404 Πάντες
1673 4338 1783 4412 γὰρ

186 4427 669 4498 παραστησόμεθα
717 4427 796 4498 τῷ
836 4426 1049 4498 βήματι.
1073 4427 1168 4480 τοῦ
1206 4427 1474 4498 Χριστοῦ.
1509 4423 1662 4502 1Ἀρα
1687 4427 1782 4486 οὖν

185 4519 426 4584 ἕκαστος
473 4521 605 4591 περὶ
654 4520 853 4574 ἑαυτοῦ
889 4520 1050 4592 λόγον
1073 4519 1238 4574 δώσει
1265 4520 1346 4592 τῷ
1374 4521 1534 4594 Θεῷ.
1565 4524 1786 4596 Μηκέτι

182 4608 286 4666 οὖν
313 4612 582 4682 ἀλλήλους
614 4613 896 4684 κρίνωμεν
915 4655 930 4680 ,
965 4611 1104 4667 ἀλλὰ
1132 4612 1292 4669 τοῦτο
1321 4614 1548 4685 κρίνατε
1577 4617 1789 4687 μᾶλλον

183 4708 250 4760 τὸ
291 4705 366 4776 μὴ
400 4706 611 4760 τιθέναι
659 4707 1000 4777 πρόσκομμα
1046 4693 1382 4778 τῷαδελφῷ
1417 4709 1499 4773 εἰς
1550 4709 1786 4764 σκάνδα-

182 4800 302 4856 λον.
318 4818 336 4849 ›
365 4799 476 4853 Καὶ
498 4796 776 4870 ἐπιφέρει,
809 4817 830 4848 ι
859 4799 951 4852 Διὸ
979 4799 1394 4872 ἀναπολόγητος
1414 4797 1483 4867 εἴ,
1507 4795 1553 4854 ὦ
1576 4802 1782 4874 ἄνθρω-

189 4905 284 4950 πε,
315 4889 424 4950 πᾶς
455 4891 484 4940 ό
514 4887 718 4959 κρίνων
743 4903 758 4920 ο
786 4888 846 4940 ἐν
880 4881 925 4956 ᾧ
974 4889 1085 4961 γὰρ
1139 4889 1374 4961 κρίματι
1437 4895 1646 4964 κρίνεις
1689 4893 1782 4948 τὸν

183 4979 400 5046 ἕτερον,
425 4983 656 5041 σεαυτὸν
676 4980 1032 5054 κατακρίνεις
1057 4999 1073 5016 ο
1101 4983 1172 5038 τὰ
1197 4984 1312 5058 γὰρ
1337 4985 1482 5040 αὐτὰ
1511 4987 1784 5058 πράσσεις

179 5076 214 5128 ὁ
242 5073 465 5142 κρίνων.
506 5075 747 5146 Οἴδαμεν
769 5077 886 5149 γὰρ
929 5079 1030 5144 ὅτι,
1057 5078 1122 5132 τὸ
1146 5081 1328 5149 κρῖμα
1365 5077 1460 5133 τοῦ
1491 5077 1628 5132 Θεοῦ
1665 5081 1785 5134 ἐστι

182 5167 336 5220 κατὰ
366 5167 628 5237 ἀλήθειαν
664 5170 758 5224 ἐπὶ
807 5171 937 5234 τοὺς
990 5169 1062 5224 τὰ
1093 5171 1320 5242 τοιαῦτα
1373 5169 1779 5242 πράσσοντας.»

180 5257 304 5310 Καὶ
337 5257 516 5322 αὖθις,
559 5278 578 5310 ι
625 5261 862 5332 Οἴδαμεν
893 5261 953 5316 δὲ
989 5263 1084 5318 τὸν
1109 5262 1336 5316 εἰπόντα
1362 5279 1377 5294 ·
1415 5263 1575 5334 Ἐμοὶ
1636 5263 1786 5318 ἐκδί-

1887 2236 1960 2276 na
1987 2221 2209 2277 interim
2238 2221 2514 2276 minutula
2547 2228 2729 2298 errata
2759 2218 3072 2277 excutimus
3099 2219 3392 2300 curiosius,
3415 2231 3484 2273 ac

1887 2318 2002 2368 tota
2032 2313 2234 2368 mentis
2263 2311 2384 2368 acie
2417 2313 2860 2382 contemplaminr
2889 2321 2946 2368 et
2975 2313 3332 2382 exploramus
3356 2312 3380 2364 ?
3407 2311 3481 2368 At

1885 2419 1956 2460 ne
2013 2404 2372 2460 fornicarium
2401 2404 2626 2474 quidem
2657 2405 2829 2460 debes
2869 2405 3144 2460 sententia
3175 2405 3482 2474 percellere

1887 2496 2280 2562 damnationis,
2310 2495 2358 2551 is
2391 2495 2557 2551 modo
2599 2495 2706 2552 sibi
2746 2495 3108 2567 imposterum
3151 2504 3417 2566 temperet
3449 2513 3483 2552 ιι

1885 2589 2276 2656 fornicatione,
2299 2596 2356 2644 et
2387 2588 2456 2668 ad
2477 2587 2604 2644 vitae
2623 2589 2881 2645 melioris
2905 2603 2964 2644 se
2987 2588 3219 2660 recipiat
3245 2587 3480 2658 frugem.

1886 2680 2284 2752 Operationem
2317 2680 2493 2750 ipsam
2538 2680 2927 2738 fornicationis
2945 2682 3158 2743 bonum
3187 2689 3274 2736 est
3307 2688 3366 2736 ut
3398 2680 3484 2735 νεί-

1887 2783 2012 2840 tes;
2047 2789 2175 2828 eum
2198 2783 2384 2830 autem
2415 2774 2510 2844 qui
2550 2773 2606 2829 id
2639 2773 2867 2828 admisit
2890 2773 3105 2844 flagitii,
3142 2789 3213 2830 ne
3245 2788 3483 2829 concer-

1887 2880 1988 2936 pas
2010 2865 2432 2923 amarulentius.
2447 2865 2551 2934 Qui
2567 2866 2717 2923 enim
2735 2866 2878 2922 dixit
2905 2883 2923 2922 :
2944 2886 2964 2918 ι
2993 2869 3117 2924 Non
3135 2867 3359 2924 occides
3375 2868 3414 2899 "
3427 2909 3442 2935 ,
3458 2887 3478 2920 ι

1885 2959 2080 3030 utique
2131 2966 2189 3016 et
2246 2959 2385 3016 illud
2427 2959 2606 3029 dixit,
2650 2980 2672 3014 ‹
2708 2961 2830 3018 Non
2893 2959 3294 3018 cendemnabis
3321 2960 3412 3015 3".
3458 2979 3475 3009 ι

1885 3051 2043 3119 Quod
2101 3053 2147 3109 si
2198 3053 2557 3120 condemnas,
2585 3055 2700 3126 iam
2752 3071 2854 3126 per
2900 3050 3096 3110 eadem
3127 3053 3344 3126 iudicas
3379 3069 3483 3124 per

1886 3159 2008 3213 quae
2061 3152 2120 3199 et
2171 3134 2527 3202 condemnas.
2559 3145 2728 3216 Atqui
2771 3147 3098 3218 neutiquam
3141 3155 3348 3207 nostra:
3395 3155 3484 3203 est

1884 3233 2194 3292 functiouis
2224 3237 2294 3292 de
2343 3238 2523 3294 salute
2560 3238 2730 3294 ullius
2757 3239 2972 3310 judicio
3001 3241 3086 3310 rei
3138 3239 3479 3296 condemna-

1886 3325 2038 3384 tione
2087 3328 2426 3396 decernere;
2463 3330 2558 3386 sed
2615 3331 2787 3398 illius,
2819 3342 2876 3389 et
2935 3334 3100 3404 plane
3148 3334 3356 3398 solius,
3384 3334 3478 3404 qui

1885 3419 2114 3476 intimos
2143 3436 2396 3476 recessus
2427 3422 2613 3479 cordis
2647 3423 2824 3479 nostri
2869 3425 3180 3480 clarissime
3209 3424 3388 3490 novit,
3421 3433 3480 3478 rt

1887 3513 2268 3570 retrusissima
2296 3529 2528 3586 quaeque
2587 3523 2798 3572 naturae
2837 3517 3012 3574 totius
3046 3516 3306 3588 intelligit
3349 3533 3478 3587 per-

1886 3606 2256 3676 spectissime.‘
2288 3607 2424 3674 Quis
2447 3623 2616 3677 porro
2637 3609 2968 3680 gloriabitur
2997 3610 3266 3665 mundum
3291 3626 3350 3666 se
3378 3611 3478 3664 lia-

1885 3697 2018 3754 bere
2047 3700 2186 3756 cor?
2205 3683 2322 3766 aut,
2351 3701 2479 3770 quis
2513 3701 2664 3760 omni
2693 3717 2818 3758 cum
2846 3699 3046 3759 ﬁducia
3069 3703 3219 3759 ausit
3247 3703 3434 3758 dicere
3461 3721 3474 3756 :

1892 3809 1914 3844 ι
1949 3793 2188 3850 Mundus
2218 3809 2339 3851 sum
2369 3809 2401 3849 a
2428 3795 2670 3864 peccatis
2703 3795 2783 3849 3'?
2819 3815 2839 3847 ι
2875 3795 2954 3851 Ne
2976 3796 3145 3868 igitur
3165 3797 3246 3851 sic
3269 3805 3476 3852 temere

1885 3893 1944 3940 et
1967 3885 2269 3957 inexpense
2301 3901 2497 3944 eorum
2523 3888 2616 3958 qui
2646 3899 2894 3958 peccant,
2919 3891 3280 3958 desperemus
3324 3891 3477 3944 salu-

1887 3978 2274 4043 tem,-tametsi
2325 3979 2395 4034 ad
2443 3979 2727 4035 dexteram
2775 3996 2950 4052 usque
2990 3981 3196 4037 lineam
3229 3983 3478 4052 provecti

1881 4071 1996 4143 jam
2045 4071 2160 4128 sint
2203 4072 2426 4128 malitias
2469 4073 2972 4144 et~improbitatis,
3000 4075 3165 4130 etiam
3237 4075 3280 4129 si
3341 4075 3480 4131 tales

1885 4155 2040 4219 omni
2066 4164 2336 4220 virtutum
2369 4165 2750 4222 de'stituantur
2797 4167 3075 4237 praesidio,
3112 4169 3328 4240 1106
3357 4176 3414 4223 et
3445 4183 3476 4222 a

1886 4269 1946 4310 se
1979 4255 2250 4326 pudorem
2283 4271 2451 4326 quam
2483 4256 2805 4328 longissime
2844 4255 3181 4329 a‘blegarint.
3213 4259 3344 4314 licet
3379 4275 3480 4314 na-

1888 4354 2028 4406 turae
2084 4347 2246 4402 istius
2301 4348 2622 4418 conspicuae
2666 4349 3140 4419 elegantissimum
3195 4367 3476 4423 quemque

1887 4435 2141 4490 ordinem
2161 4435 2550 4506 perverterint,
2575 4453 2641 4494 ac
2665 4439 2942 4509 pudendis
2968 4441 3189 4513 ﬂagitiis
3213 4457 3482 4514 corrupe-

1887 4527 2022 4582 rint.
2061 4527 2166 4582 Par
2201 4534 2292 4581 est
2320 4526 2470 4582 enim
2503 4527 2734 4584 credere
2769 4529 2907 4585 tales
2949 4530 3250 4600 aliquando
3284 4547 3483 4603 exper—

1889 4627 2099 4682 rectos;
2119 4625 2177 4674 et
2203 4633 2236 4673 a
2273 4619 2428 4689 gravi
2455 4635 2590 4689 .quo
2640 4622 3062 4691 premebantur,
3093 4633 3324 4680 veterno
3378 4642 3482 4681 ex.-

1887 4725 2102 4776 cussos,
2142 4711 2209 4765 ad
2245 4711 2423 4766 Deum
2453 4720 2743 4768 erecturos
2782 4728 2906 4769 esse
2951 4715 3128 4770 aciem
3161 4717 3384 4784 mentis,
3423 4727 3480 4772 et

1814 4838 1859 4892 Ι)
1891 4809 2044 4862 tanto
2110 4802 2342 4874 propius
2393 4819 2454 4860 se
2513 4803 2878 4862 advoluturos
2939 4807 3176 4876 pedibus
3234 4809 3474 4872 Domini,

1889 4902 2100 4964 quanto
2141 4911 2204 4952 se
2241 4895 2464 4968 longius
2501 4897 2902 4974 disiunxerant.
2937 4899 3090 4966 Esto,
3121 4899 3248 4970 quis
3274 4900 3481 4956 labitur

1889 4987 2024 5059 (non
2070 4987 2183 5058 jam
2227 4987 2298 5043 de
2359 4989 2544 5044 anima
2573 4989 2816 5061 loquor),
2845 4991 3003 5061 quis,
3026 5009 3234 5063 quaeso,
3269 5003 3354 5050 est
3383 4994 3479 5064 qui

1885 5092 2000 5132 non
2031 5079 2121 5134 vel
2151 5078 2338 5150 lingua
2367 5095 2466 5136 sua
2508 5080 2761 5151 peccavit
2785 5082 2810 5135 ?
2833 5081 2947 5158 ﬂos
2981 5083 3153 5154 igitur
3180 5100 3304 5155 qua;
3331 5101 3478 5156 prae-

1885 5169 2233 5240 seripsimus,
2270 5169 2388 5226 lucc
2417 5171 2726 5241 cogitemus
2772 5175 2994 5239 attenti,
3025 5174 3290 5230 nimirum
3347 5189 3480 5245 pro.

1884 5263 2039 5334 prios
2071 5263 2327 5319 defectus
2349 5271 2411 5319 ut
2442 5263 2754 5336 lugeamus,
2780 5265 3152 5339 lacrymarum
3183 5267 3476 5340 aspergine

202 5407 206 5410 ’
255 5389 305 5422 ³⁸
334 5390 475 5446 Luc.
511 5409 584 5460 γι,
616 5393 707 5450 42.
783 5395 832 5426 ³ο
869 5393 1004 5452 ibid.
1045 5399 1128 5453 45.
1215 5399 1256 5430 ³¹
1285 5398 1461 5456 Exod.
1489 5417 1580 5466 xx,
1614 5399 1702 5454 15.
1779 5387 1782 5428 ἶ

1892 5399 2030 5455 Luc.
2072 5415 2149 5464 v1,
2182 5401 2274 5479 5.7.
2350 5399 2394 5432 3’
2426 5400 2594 5457 Pro‘v.
2623 5417 2717 5470 xx,
2745 5401 2798 5457 9.

1499 5538 1585 5594 VA
1594 5539 1739 5595 ΒιιιΕ
1777 5539 2181 5599 LECTlONES.

271 5629 290 5667 ἱ
314 5625 810 5708 ῐςατακρίειειν,ηιιι
844 5627 988 5699 apud
1023 5627 1287 5683 Basiliam
1322 5635 1374 5681 et
1426 5628 1838 5686 Damascenum.
1871 5630 2277 5708 Καταδικόιζειν
2326 5632 2422 5708 καὶ
2465 5631 2922 5708 καταγινώσκειν,
2961 5641 3036 5688 est
3075 5633 3308 5708 deﬁnite,
3349 5653 3474 5708 pre-

177 5699 461 5774 nuntiqre;
488 5713 654 5774 u_n_um
681 5697 932 5774 aliquem,
961 5715 1237 5774 nunquam
1283 5715 1453 5753 mores
1484 5709 1840 5774 mutaturum,
1867 5713 1966 5774 aut
1990 5703 2308 5758 damnatum
2326 5703 2399 5774 iri
2427 5719 2446 5758 :
2469 5697 2714 5774 quodest
2741 5703 2950 5758 eximia:
2987 5697 3320 5773 temeritatis,
3349 5697 3474 5762 'curt

178 5767 484 5847 donamus
513 5767 659 5847 (dum
697 5767 842 5835 vivit)
877 5767 1267 5847 desperandum
1319 5773 1634 5847 correctione
1675 5773 1747 5847 sit
1797 5767 1843 5826 et
1875 5773 2068 5830 salute.
2107 5772 2366 5845 Exemplo
2401 5767 2524 5830 sunt
2555 5773 2826 5830 Manasses
2865 5783 2912 5828 et
2946 5775 3109 5830 Latro
3149 5774 3240 5830 ille
3301 5767 3416 5847 pius
3451 5792 3472 5832 :

177 5841 306 5896 ride
339 5839 706 5910 prwfalioncm
739 5839 1227 5912 εκαρδιογνώστης
1263 5842 1402 5895 enim
1435 5850 1508 5895 est
1533 5841 1675 5896 δοίιιδ
1710 5843 1871 5898 Deus.
