3944 6422
194 328 344 411 1589

820 330 1151 393 HOMILI’A
1190 331 1742 397 LI.—NEMINEM
1778 332 2084 395 PROBRO
2126 328 2676 403 AFFICIENDUM,
2719 327 2884 387 ETC.

3352 318 3486 385 1590

191 443 324 513 οὐχὶ⁹
349 442 381 513 ἡ
418 439 724 511 συνείδησις
763 439 929 494 αὐτοῦ
950 481 966 504 ,
987 440 1251 507 ἀσθενοῦς
1279 442 1433 507 ὄντος
1453 482 1468 508 ,
1501 444 1791 515 οίκοδομη-

1904 442 2044 497 enim
2067 442 2273 498 viderit
2298 451 2349 499 te
2379 441 2475 512 qui
2524 438 2698 494 habes
2742 434 3056 498 scientiam,
3095 432 3151 488 in
3185 433 3365 490 idolio'
3395 450 3485 488 re-

193 533 437 605 θήσεται
488 533 570 595 είς
617 531 677 589 τὸ
714 531 784 591 τά
822 531 1149 586 εἰδωλόθυτα
1194 531 1436 601 ὲσθίειν;
1488 553 1506 585 ι
1536 534 1646 590 Καὶ
1687 535 1788 587 ἐπ-

194 627 349 696 άγει,
385 643 405 679 ι
426 624 752 693 ῘΑπόλλυται
776 625 887 696 γὰρ
915 626 945 679 ὁ
974 624 1219 679 ἀσθενῶν
1244 623 1471 694 ἀδελφὸς
1500 622 1596 679 ἐπὶ
1619 626 1687 695 τῇ
1722 626 1789 694 σῇ

194 718 425 788 γνώσει,
453 717 521 772 δι’
553 718 612 771 ὃν
637 719 666 771 ὀ
708 717 945 790 Χριστὸς
977 717 1251 773 ἀπέθανεν
1274 731 1288 747 ·
1323 716 1496 779 οὕτως
1524 715 1582 769 δὲ
1613 714 1792 769 αὐτῶν

194 812 504 875 τύπτοντες
527 810 626 882 τὴν
661 811 987 880 συνείδησιν,
1009 812 1090 872 εἰς
1109 809 1349 880 Χριστὸν
1377 798 1743 878 ἁμαρτάνετε.
1766 823 1785 857 ι

196 903 319 955 Καὶ
351 897 510 965 αὖθις
544 916 559 933 ο
600 919 619 953 ι
658 901 777 955 Ἵνα
804 901 858 954 τί
884 901 994 973 γὰρ
1028 903 1059 973 ἡ
1090 900 1378 972 ἐλευθερία
1412 916 1513 975 μου
1546 896 1793 968 κρίνεται

199 994 313 1049 ὑπὸ
345 995 514 1067 ἄλλης
573 993 979 1065 συνειδήσὲως;
1022 994 1072 1046 εἰ
1112 992 1226 1062 ἐγὼ
1265 992 1492 1063 χάριτος
1544 992 1791 1060 μετέχω,

200 1088 258 1139 τί
293 1086 729 1158 βλασφημοῦμαι
784 1086 925 1156 ὑπὲρ
956 1073 1017 1139 οῦ
1044 1084 1157 1154 ἐγὼ
1187 1082 1539 1155 εὐχαριστῶ;
1590 1100 1609 1133 ι
1654 1082 1714 1135 Ὀ
1736 1080 1794 1134 δὲ

203 1180 415 1252 Κύριος
464 1180 788 1251 ἀπεφήνατο
842 1179 1019 1247 λέγων
1049 1197 1064 1211 ο
1099 1198 1120 1231 ι
1166 1179 1263 1241 Ὃς
1284 1177 1330 1230 δ’
1360 1175 1426 1241 ἂν
1467 1174 1795 1246 σκανδαλίσῃ

201 1273 308 1328 ἕνα
347 1273 455 1327 τῶν
507 1272 728 1345 μικρῶν
764 1272 995 1337 τούτων,
1031 1263 1305 1343 συμφέρει
1335 1268 1486 1340 αὐτῷ
1542 1267 1632 1321 ἵνα
1659 1283 1788 1336 κρεο

208 1365 395 1436 μασθῇ
450 1362 620 1434 μῦλος
665 1364 847 1428 ὀνικὸς
882 1364 1012 1435 περὶ
1042 1363 1135 1416 τὸν
1162 1361 1435 1435 τράχηλον
1477 1358 1679 1438 αὐτοῦ,⁸
1703 1358 1797 1412 καὶ

206 1453 619 1524 καταποντισθῇ
669 1454 727 1507 ἐν
772 1452 851 1524 τῷ
877 1442 1137 1520 ’πελάγει
1168 1453 1268 1523 τῆς
1312 1450 1613 1519 θαλάσσης,
1646 1447 1679 1520 ἢ
1709 1447 1797 1506 ἵνα

208 1545 547 1617 σκανδαλίσῃ
588 1544 687 1599 ἕνα
737 1546 848 1600 τῶν
897 1546 1113 1617 μικρῶν
1139 1543 1370 1599 τούτων.
1410 1562 1429 1596 ι
1466 1540 1577 1595 Καὶ
1606 1538 1798 1608 ἐπιφέ-

210 1657 320 1712 ρει,
342 1659 358 1689 α
420 1638 614 1709 Ὁρᾶτε
645 1639 723 1709 μὴ
753 1638 1138 1710 καταφρονῆτε
1163 1636 1282 1699 ἑνὸς
1296 1635 1405 1689 τῶν
1437 1631 1651 1705 μικρῶν
1676 1629 1798 1709 τούς

206 1750 318 1784 των
341 1748 355 1762 ο
387 1731 666 1801 λέγω’γάρ
692 1732 841 1802 ύμῖν,
867 1732 949 1785 ὅτι
979 1731 1030 1784 οἱ
1056 1729 1282 1799 ἄγγελοι
1317 1726 1521 1792 αὐτῶν,
1543 1737 1603 1779 εν
1632 1724 1799 1793 ούρα-

209 1823 324 1886 νοῖς
358 1821 443 1875 διὰ
470 1821 671 1885 παντὸς
704 1801 997 1893 βλέπουσιν
1025 1822 1087 1875 τὸ
1126 1814 1424 1892 πρόσωπον
1454 1814 1552 1870 τοῦ
1582 1801 1877 1886 ΠατρόςΒ

214 1931 339 1984 μου.
384 1933 403 1966 ι
437 1914 553 1967 Καὶ
577 1910 756 1980 αὖθις,
788 1932 806 1965 ι
844 1914 981 1973 Οὐαὶ
1008 1913 1087 1981 τῷ
1112 1901 1309 1985 κόσμῳ
1344 1909 1453 1965 ἀπὸ
1496 1908 1607 1962 τῶν
1637 1921 1802 1961 σκαν-

1895 533 2277 599 cumbcutem,
2330 531 2592 603 nunquid
2634 525 2979 585 conscientia
3040 526 3218 596 ipsius
3248 542 3374 582 cum
3412 526 3485 583 sit

1896 626 2134 692 inﬁrma,
2181 625 2550 682 tediﬁcabitur
2592 622 2663 679 ad
2705 619 3152 676 manducandum
3207 618 3486 689 idolothy-

1897 720 2093 774 ta"?»
2136 719 2400 775 Inducit:
2439 737 2458 770 ι
2501 718 2570 772 Et
2593 714 2801 787 peribit
2826 711 3083 767 inﬁrmus
3109 711 3279 767 frater
3303 711 3360 764 in
3392 720 3484 765 tua

1895 810 2145 876 scicntia,
2173 826 2274 881 pro
2303 826 2414 881 quo
2431 808 2699 874 Christus
2749 811 3006 862 mortuus
3026 813 3114 859 est
3142 821 3155 856 :
3193 811 3361 872 atque
3409 802 3487 857 ita

1896 905 2143 977 ipsorum
2185 903 2565 975 percutientes
2629 897 3135 963 conscientiam,in
3197 896 3485 952 Christum

1886 994 2138 1069 peccatis
2161 993 2206 1026 ⁸⁸
2231 1013 2279 1047 .›
2319 993 2535 1049 Rursus
2565 1008 2578 1047 :
2618 1011 2637 1042 ε
2674 988 2900 1060 thuid
2927 989 3076 1044 enim
3109 986 3345 1042 libertas
3369 1000 3489 1041 mea

1894 1086 2176 1152 iudicatur
2198 1085 2269 1140 ab
2295 1083 2475 1139 aliena
2506 1080 2896 1139 conscientia?
2929 1079 2986 1135 Si
3014 1094 3123 1150 ego
3147 1093 3275 1134 cum
3316 1078 3489 1149 gratia

1896 1175 2170 1247 participo
2195 1217 2211 1242 ,
2243 1175 2383 1247 quid
2416 1173 2775 1245 blasphemor
2819 1186 2923 1242 pro
2968 1186 3037 1226 eo
3062 1168 3237 1240 .quod
3282 1168 3494 1239 gratias

1898 1283 2001 1340 ago
2026 1269 2068 1303 δ’
2095 1269 2119 1323 ‘2
2162 1289 2179 1321 ι
2215 1269 2485 1325 Dominus
2512 1282 2683 1338 porro
2709 1264 2984 1321 adversus
3010 1263 3147 1318 tales
3171 1260 3494 1333 pronuntia-

1896 1361 1998 1426 vit,
2052 1352 2245 1423 dicens
2283 1380 2309 1417 :I
2341 1382 2371 1417 ι,
2404 1360 2510 1429 Qui
2570 1356 3030 1417 scandalizaverit
3085 1371 3257 1411 unum
3307 1370 3376 1408 ex
3408 1352 3494 1410 his

1898 1453 2142 1524 pusillis,
2172 1463 2310 1520 etc.,
2332 1454 2460 1510 dico
2481 1453 2642 1515 vobis
2669 1453 2800 1523 quia
2828 1450 3009 1533 angeli
3039 1463 3234 1504 eorum
3264 1447 3318 1500 in
3336 1445 3495 1501 caelis

1897 1545 2091 1601 vident
2118 1547 2317 1603 faciem
2350 1547 2531 1603 Patris
2560 1547 2668 1601 mei
2699 1545 2768 1598 ⁸ο.
2807 1563 2824 1595 ι
2860 1544 3077 1598 Rursus
3106 1558 3119 1594 :
3156 1557 3173 1589 ι
3212 1538 3304 1594 Vm
3335 1553 3495 1591 mun-

1900 1634 1971 1701 do
1994 1652 2026 1691 a
2048 1637 2324 1693 scandalis
2348 1637 2415 1691 δι.
2447 1656 2465 1690 ι
2498 1637 2606 1691 Ει;
2638 1635 3084 1692 «Verumtamen
3144 1645 3227 1684 vae
3283 1629 3495 1685 homini

1903 1727 1986 1782 illi
2037 1731 2140 1799 per
2183 1745 2349 1800 quem
2417 1728 2739 1791 scandalum
2772 1726 2993 1781 venit"
3029 1744 3048 1777 ι
3079 1723 3390 1793 Benignum
3439 1732 3496 1777 et

1907 1816 2233 1879 clementem
2254 1819 2431 1875 Deum
2456 1827 2709 1875 nostrum
2738 1817 2913 1873 addec
2932 1824 2969 1871 't
2993 1814 3166 1887 gloria
3189 1814 3245 1870 in
3269 1817 3485 1872 saecula.

1912 1905 2110 1965 Amen.
2326 1922 2341 1928 “

208 2005 388 2058 δάλων
410 2021 424 2035 ·
461 2004 544 2057 δεῖ
568 2003 680 2075 γὰρ
727 2003 904 2056 ἐλθεῖν
945 2002 1014 2057 τά
1045 2001 1339 2056 σκάνδαλα.
1381 2020 1400 2053 ι
1466 1998 1613 2068 Πλὴν
1648 2015 1667 2047 ς
1699 1991 1836 2048 Οὐαὶ
1872 1993 1955 2065 τῷ
1978 1990 2273 2071 ,ἀνθρώπῳ
2306 1999 2502 2071 ἐκείνῳ
2536 1998 2605 2053 δι’
2633 1991 2694 2052 οῦ
2722 1999 2784 2053 τὸ
2818 1997 3117 2054 σκάνδαλον
3183 1996 3431 2069 ἔρχεται.
3473 2015 3490 2048 ι

210 2095 532 2166 Δοξάσωμεν
579 2090 681 2149 οῦν·
720 2095 810 2148 τὸν
846 2094 1050 2165 Κύριον
1079 2092 1235 2166 ἡμῶν
1272 2091 1480 2165 Ἰησοῦν
1513 2086 1769 2160 Χριστὸν,
1810 2081 1905 2137 νῦν
1932 2087 2028 2140 καὶ
2053 2087 2140 2141 ἀεὶ
2172 2090 2268 2143 καὶ
2292 2091 2373 2154 είς
2400 2092 2528 2156 τοὺς
2552 2090 2761 2155 αἰῶνας
2791 2089 2899 2144 τῶν
2921 2089 3156 2145 αἰώνων.
3200 2089 3393 2161 Ἀμήν.

818 2207 1039 2264 ΛΟΓΟΣ
1062 2204 1190 2262 NA'.

218 2288 359 2392 Περι
414 2322 520 2377 τοῦ
563 2322 647 2393 μὴ
688 2321 1017 2447 ὀνειδίζειτὲ,
1047 2319 1211 2375 ἀλλὰ
1242 2319 1484 2389 μᾶλλον
1527 2318 1799 2381 ὀνειδίζε-

765 2429 771 2437 ν
924 2406 967 2445 σ
1005 2409 1084 2446 αι.

765 2429 771 2437 ν
924 2406 1084 2446 σθαι.

299 2501 358 2557 '0
385 2502 664 2568 ὀνειδίζων
697 2503 791 2557 τὸν
821 2503 1054 2576 πλησίον
1087 2503 1145 2560 ἔν
1177 2524 1286 2561 τινι
1317 2506 1756 2579 πλημμελήματι
1777 2545 1794 2572 ,
1868 2476 1871 2477 ν

219 2595 332 2657 τοῖς
360 2593 541 2656 αὐτοῖς
562 2592 802 2657 δικτύοις
830 2594 1327 2665 περιπλακήσεται.
1356 2612 1376 2646 σ
1409 2595 1477 2648 Ὃ
1499 2593 1609 2664 γάρ
1644 2592 1798 2647 σπεί-

221 2701 306 2767 ρει
331 2683 644 2755 ἄνθρωπος,
680 2683 841 2737 τοῦτο
869 2685 965 2738 καὶ
987 2685 1193 2756 θερίσει
1218 2701 1234 2718 ο
1275 2703 1295 2736 ι
1340 2684 1797 2756 Ἐγκαταλιμπά-

217 2793 371 2830 νεται
395 2775 504 2846 γάρ
523 2775 629 2829 ὑπὸ
662 2774 757 2829 τοῦ
786 2775 947 2842 Θεοῦ,
988 2778 1076 2831 διά
1105 2776 1167 2831 τὸ
1208 2777 1532 2849 ἀσυμπαθὲς
1565 2779 1659 2833 καὶ
1695 2778 1796 2847 τὴν

216 2867 470 2939 ἔπαρσιν.
502 2869 613 2922 Καὶ
644 2870 727 2932 είς
751 2868 811 2921 τὸ
839 2868 971 2922 αὐτὸ
1001 2871 1250 2940 πταῖσμα
1280 2870 1626 2949 περιπίπτει,
1651 2874 1700 2925 εί
1721 2871 1796 2941 μὴ

215 2959 308 3014 διὰ
338 2960 630 3031 μετανοίας
659 2959 1015 3032 ὲξιλεώσηται
1054 2962 1147 3018 τὸν
1174 2962 1308 3016 Θεὸν
1326 3002 1341 3026 ,
1371 2962 1797 3034 ἐξομολογούμε-

219 3070 309 3117 νος
338 3053 401 3106 τὸ
438 3057 687 3125 πταῖσμα
715 3052 903 3109 αὑτοῦ.
936 3054 995 3108 '0
1024 3054 1083 3108 δὲ
1111 3054 1453 3120 ὀνειδισθεὶς,
1476 3055 1572 3110 ἐὰν
1590 3058 1795 3128 ἀταρά-

217 3164 332 3218 χως
378 3146 476 3200 καὶ
530 3147 873 3218 εὐχαρίστως
903 3147 1124 3218 δέξηται
1153 3149 1246 3204 τὸν
1288 3144 1613 3221 ὀνειδισμὸν,
1647 3152 1795 3222 λογι⁹

217 3238 453 3308 ζόμενος
486 3240 678 3293 ἑαυτὸν
711 3239 1013 3295 ὑπεύθυνον
1042 3236 1185 3295 εἷναι
1212 3241 1308 3296 τοῦ
1335 3243 1643 3314 ὀνειδισμοῦ
1668 3282 1685 3309 ,
1710 3244 1797 3297 διὰ

220 3329 320 3401 τὴν
372 3331 704 3385 ταπείνωσιν
741 3331 907 3385 αὑτοῦ
941 3334 970 3386 ὁ
1003 3332 1135 3397 Θεὸς
1168 3332 1432 3415 σκεπάζει
1480 3336 1661 3401 αὑτὸν,
1701 3334 1795 3389 τοῦ

2489 2204 2779 2261 ΗΟΜΙΙᾸΛ
2802 2228 2815 2237 -
2835 2205 2901 2260 Ll
2918 2240 2933 2256 .

1906 2316 1971 2373 Ut
1995 2319 2259 2373 neminem
2283 2319 2482 2390 aﬂjcias
2504 2319 2701 2391 probro
2720 2328 2812 2373 aut
2835 2320 3107 2385 dedecore,
3126 2322 3294 2392 magis
3319 2326 3498 2375 autem

2218 2390 2221 2395 λ
2527 2399 2674 2461 aptas
2706 2392 2862 2461 afﬁci.

1954 2504 2076 2574 ’Qui
2105 2505 2544 2562 contumeliosus
2573 2506 2627 2560 in
2654 2507 2971 2577 proximum
3001 2508 3307 2580 cpprobrat
3339 2508 3501 2579 quid-

1898 2615 2067 2670 quam
2101 2598 2315 2664 delicti,
2351 2599 2470 2655 suis
2505 2597 2644 2669 ipse,
2672 2615 2795 2670 quae
2821 2599 2987 2655 alteri
3034 2601 3273 2677 intexuit
3314 2608 3370 2656 et
3399 2599 3498 2656 ad-

1898 2690 2144 2755 ornavit,
2177 2688 2473 2745 irretietur
2518 2690 2752 2746 retibus.
2811 2691 2945 2746 lure
2990 2692 3241 2762 quidem.
3289 2710 3308 2743 ι
3340 2692 3497 2759 Quod

1896 2781 2049 2837 enim
2083 2781 2323 2837 seminat
2350 2780 2498 2851 quis,
2535 2781 2642 2838 huc
2669 2790 2727 2838 et
2773 2792 2945 2839 metet
2969 2785 3037 2839 ⁸³.
3078 2806 3096 2837 ›
3131 2784 3183 2840 ls
3218 2784 3496 2855 siquidem

1896 2874 2093 2930 medio
2113 2874 2170 2929 in
2207 2873 2534 2930 discrimine
2560 2874 2886 2930 destituitur
2911 2877 3010 2931 Dei
3041 2875 3324 2948 praesidio,
3352 2876 3499 2946 quod

1862 2983 1871 2993 '
1898 2982 2000 3038 per
2027 2966 2327 3022 elationem
2353 2967 2559 3023 mentis
2579 2968 2720 3023 adeo
2741 2984 2851 3022 non
2879 2969 3176 3025 indolc'st-it
3202 2952 3499 3025 calamitati

1898 3056 2112 3121 alienae,
2146 3056 2407 3112 utetiam
2433 3056 2798 3113 inclementer
2838 3058 3068 3115 insultet
3102 3068 3115 3115 ι
3154 3060 3200 3115 is
3236 3068 3298 3114 ut
3326 3059 3503 3130 pluri-

1879 3151 2051 3202 'mum
2082 3149 2143 3203 in
2171 3148 2423 3204 eamdem
2455 3149 2673 3204 ruinam
2704 3165 2807 3205 nec
2851 3146 3023 3206 semel
3059 3151 3383 3221 prolabetur
3403 3194 3417 3218 ,
3443 3150 3500 3207 ni

1897 3248 2147 3295 erratum
2183 3255 2347 3295 suum
2395 3239 2710 3305 confessus,
2740 3240 2843 3312 per
2886 3242 3271 3313 pmnitentiam
3326 3244 3501 3299 Deum

1900 3332 2010 3387 Sibi
2030 3330 2295 3387 conciliet
2324 3341 2382 3387 et
2404 3324 2949 3407 reddatpropitium.
2978 3334 3075 3389 ille
3104 3335 3312 3409 veroin
3337 3353 3501 3407 quem

225 3420 429 3492 μηκέτι
450 3422 510 3475 ὲν
538 3425 651 3486 τοῖς
676 3424 862 3486 αὐτοῖς
882 3423 1588 3496 ὴττᾶσθαιοάμαρτήμασιν.
1623 3426 1797 3478 Ὀνει-

1904 3421 2171 3477 intortum
2200 3433 2287 3477 est
2316 3420 2784 3478 contumeliosius
2809 3424 3195 3494 opprobrium,
3225 3426 3501 3496 siquidem

221 3510 415 3581 δισμὸς
438 3512 549 3585 γὰρ
572 3514 887 3585 ἀνθρώπου,
929 3514 1113 3585 θλῖψιν
1155 3515 1255 3586 μὲν
1287 3516 1518 3587 παρέχει
1558 3518 1623 3588 τῇ
1663 3534 1798 3587 καρ-

221 3603 335 3674 δίᾳ,
366 3604 589 3673 ἁγνείας
632 3606 688 3659 δὲ
725 3607 898 3671 αἴτιος
934 3606 1145 3674 γίνεται
1176 3605 1256 3676 τῶ
1303 3607 1663 3676 ὑπομένοντι.⁷
1692 3607 1801 3661 Καὶ

224 3697 357 3767 ὅσην
389 3697 491 3767 μὲν
527 3699 593 3753 ἄν
626 3717 710 3763 τις
733 3700 872 3772 ὑπὲρ
908 3701 1169 3773 ἀληθείας
1197 3700 1436 3773 Χριστοῦ
1501 3701 1802 3772 καταδέξη-

227 3804 315 3842 ται
348 3790 652 3860 ἐντροπὴν,
680 3792 1066 3857 πολυπλασίως
1099 3793 1205 3847 ὑπὸ
1248 3791 1500 3864 πλήθους·
1535 3792 1803 3864 δοξασθή-

229 3895 409 3945 σεται,
440 3881 538 3936 καὶ¹
590 3883 813 3937 ἀκούσει
860 3885 1014 3956 παρὰ
1061 3885 1156 3940 τοῦ
1214 3885 1400 3958 ἰατροῦ
1441 3886 1561 3970 *τῶν
1613 3885 1804 3957 ψυχῶν

226 3971 410 4040 ἡμῶν,
457 3991 476 4024 ι
523 3974 653 4039 Ἴδε,
694 3976 855 4048 ὑγιὴς
886 3977 1155 4046 γέγονας,
1195 3980 1397 4051 μηκέτι
1431 3981 1736 4051 ἁμάρτανε.
1780 3999 1798 4032 ι

226 4062 392 4130 Λέγει
433 4063 490 4118 δὲ
533 4066 627 4119 καί
670 4084 755 4131 τις
804 4069 1003 4137 σοφός’
1038 4071 1185 4143 («Mn
1232 4072 1461 4138 ὀνείδιζε
1514 4072 1807 4143 ἄνθρωπον

226 4150 641 4224 ἀποστρέφοντα
672 4158 781 4233 ἀπὸ
803 4160 1100 4234 ἁμαρτίας,
1132 4182 1152 4217 ι
1182 4164 1318 4218 ἀλλά
1347 4164 1548 4236 μᾶλλον
1573 4167 1805 4238 προνοοῦ

226 4241 374 4331 καλά
414 4246 644 4301 ἐνώπιον
698 4252 904 4322 Κυρίου
962 4254 1057 4307 καὶ
1103 4255 1430 4321 ἀνθρώπων.
1458 4259 1808 4331 Τηρήσωμεν

226 4328 344 4396 οὖν,
376 4335 671 4406 ἀγαπητοὶ,
704 4341 804 4412 τὴν
833 4344 1061 4414 καρδίαν
1085 4348 1116 4412 ἠ
1127 4348 1243 4416 μῶν
1265 4328 1689 4423 ἐρηρεισμένην,
1707 4328 1806 4406 τοῦ

233 4423 310 4494 μὴ
346 4427 633 4524 προσέχειν
663 4431 965 4505 ἀλλοτρίοις
989 4438 1294 4507 πταίσμασι
1330 4478 1346 4503 ,
1370 4441 1467 4495 καὶ
1492 4441 1806 4524 ὀνειδίζειν»,
1840 4450 1847 4461 ⁵

229 4518 321 4570 ῐνα
354 4518 428 4590 μὴ
472 4521 798 4593 ἀκούσωμεν
836 4527 990 4596 παρά
1018 4528 1111 4581 τοῦ
1143 4531 1342 4584 Δαυῖδο
1381 4551 1401 4585 ί
1435 4534 1555 4587 Υίοὶ
1599 4520 1813 4604 ἀνθρώέ

230 4626 371 4675 πων,
409 4614 457 4664 oi
511 4613 722 4678 ὀδόντες
786 4617 984 4698 αὐτῶν,
1035 4621 1175 4675 ὅπλα
1232 4623 1328 4677 καὶ
1390 4624 1518 4697 βέλη
1550 4643 1565 4657 ο
1628 4626 1723 4681 καὶ
1771 4630 1805 4697 ἠ

225 4700 451 4770 γλῶσσα
481 4705 681 4768 αὐτῶν,
717 4708 965 4780 μάχαιρα
1005 4710 1174 4777 ὀξεῖα.
1200 4715 1311 4768 Kal;
1334 4715 1444 4787 γὰρ
1484 4716 1577 4771 τοῦ
1612 4718 1733 4773 Ἰὼϐ
1761 4720 1813 4772 oi

1900 3526 2024 3567 cam
2102 3513 2497 3569 contumeliam
2574 3514 2988 3595 imperturbato
3066 3516 3265 3575 animo.
3344 3534 3504 3573 erce-

1902 3603 2046 3674 perit
2118 3611 2176 3660 et
2239 3620 2367 3660 cum
2436 3598 2749 3677 gratiarum
2814 3608 3069 3683 actione,
3119 3604 3337 3679 1108
3410 3627 3506 3681 per

1900 3710 2023 3752 eam
2085 3696 2534 3753 humiliationem
2602 3697 2792 3753 divina
2854 3714 2959 3770 ope
3021 3701 3371 3771 protegitur.
3431 3718 3503 3757 ne

1901 3789 1959 3843 in
1983 3787 2177 3844 eadem
2204 3789 2312 3861 iam
2343 3791 2529 3845 victus
2562 3791 2887 3847 revolvatur
2908 3789 3167 3862 peccata.
3194 3792 3503 3849 Contume-

1901 3881 1976 3935 lia
2027 3882 2175 3937 enim
2226 3881 2475 3938 hominis
2508 3882 2665 3939 cordi
2716 3883 3035 3939 amic'tivam
3088 3885 3507 3941 tribulationem

1905 3973 2068 4030 allerr
2097 3992 2111 4029 :
2143 3982 2199 4030 at
2236 3984 2399 4046 equo
2438 3975 2626 4030 animo
2657 3977 2958 4032 sustinenti
2990 3986 3187 4033 auctor
3234 3987 3321 4034 est
3358 3979 3505 4041 idem

1905 4069 2194 4131 munditiae
2218 4077 2275 4124 et
2294 4069 2576 4140 puritatis.
2596 4069 2706 4125 Sed
2738 4079 2797 4126 ct
2818 4084 3031 4141 quanto
3051 4072 3179 4143 quis
3210 4088 3311 4142 pro
3341 4073 3508 4129 Chri-

1907 4161 1977 4217 sti
2011 4160 2249 4216 veritate
2303 4160 2586 4231 exceperit
2624 4161 2986 4232 insigniorem
3023 4162 3256 4233 objecta:
3308 4163 3508 4218 confu—

1908 4252 2085 4309 sionis
2140 4251 2524 4322 ignoininiam,
2574 4246 2737 4305 tanto
2795 4252 2843 4307 is
2900 4252 3219 4309 uberiorem
3274 4254 3508 4322 gloriam

1906 4342 2342 4417 promerebitur.
2370 4342 2575 4399 Audiet
2600 4351 2659 4398 et
2682 4342 2820 4398 illud
2852 4344 2921 4400 ab
2946 4346 3260 4400 animarum
3293 4356 3511 4401 nostra-

1911 4449 2034 4489 rum
2056 4433 2311 4505 principe
2344 4426 2601 4489 medico':
2649 4452 2668 4485 ι
2706 4433 2851 4489 Ecce
2875 4450 3048 4491 sanus
3077 4435 3261 4492 factus
3286 4451 3369 4502 cs,
3394 4439 3508 4509 jam

1910 4528 2148 4598 amplius
2196 4526 2309 4593 noli
2358 4525 2676 4597 peccarc‘h
2715 4546 2733 4579 ι
2763 4526 2920 4583 Unus
2956 4528 3193 4598 proinde
3234 4528 3383 4585 inter
3431 4546 3513 4585 sa-

1912 4622 2129 4693 pientes
2158 4620 2339 4697 dicit;
2383 4640 2401 4672 ι
2430 4619 2517 4677 Nc
2560 4619 2866 4691 exprobras
2910 4620 3126 4677 homini
3154 4623 3428 4677 avertenti
3454 4639 3512 4677 se

1915 4729 1946 4769 a
1964 4720 2191 4784 peccato
2218 4710 2263 4744 ⁵⁸
2288 4730 2300 4766 :
2328 4731 2346 4763 ι
2382 4711 2518 4782 quin
2545 4710 2730 4781 potius
2761 4710 2991 4781 provide
3011 4711 3158 4767 bona
3179 4728 3366 4767 coram
3397 4715 3511 4769 Deo

226 4791 376 4863 φίλοι
417 4795 773 4861 ὀνειδίζοντες
806 4800 970 4855 αὑτὸν
1011 4802 1219 4871 ελεγον,
1257 4825 1277 4857 ‹
1308 4806 1417 4860 Ποῦ
1458 4807 1609 4865 ἔστιν
1661 4806 1803 4876 οἶκος

1916 4814 1973 4860 et
1994 4805 2335 4861 hominibus.
2362 4800 2472 4878 Cor
2520 4803 2689 4876 igitur
2718 4813 2993 4867 nostrum,
3032 4803 3372 4869 cbarissimi,
3422 4821 3511 4860 so-

224 4884 528 4955 ἇρχοντος;
568 4907 589 4939 r
621 4890 736 4943 Καὶ
774 4891 958 4956 πάλιν,
998 4912 1016 4945 ι
1053 4894 1119 4947 Τί
1140 4897 1248 4964 γὰρ
1280 4898 1378 4951 ἐὰν
1409 4899 1475 4952 σὺ
1506 4901 1812 4974 ἀποθάνῃς,

223 4977 486 5048 ἀοίκητος
526 4983 560 5052 ἡ
607 4982 701 5036 ὑπ’
730 4983 1004 5054 ούρανόν;
1046 5007 1064 5040 ι
1094 4990 1123 5042 ὀ
1153 4988 1211 5043 δὲ
1260 4990 1487 5061 Ἐλιφὰζ
1546 4995 1814 5068 πρότερόν

225 5085 416 5160 φησιν,
459 5092 478 5125 ι
508 5073 711 5147 Οὐχὶή
762 5077 934 5131 κακία
980 5079 1076 5133 σού
1130 5082 1281 5136 ἐστιν
1334 5083 1503 5157 πολλὴ
1538 5102 1553 5151 ;
1596 5086 1812 5160 Ἀναρί-

221 5159 428 5230 θμητοι
453 5162 512 5216 δέ
546 5164 684 5217 εἰσιν
705 5167 762 5219 αἱ
793 5167 1062 5238 ἁμαρτίαι
1086 5171 1561 5247 σου,ἡνεχύραζες
1593 5178 1651 5231 δὲ
1693 5159 1819 5246 τοὺς

220 5254 488 5324 ἀδελφούς
509 5275 605 5312 σου
619 5258 709 5312 διὰ
734 5260 918 5328 κενῆςο
940 5262 1211 5333 ἀμφίασιν
1235 5266 1297 5321 δὲ
1311 5282 1380 5334 γυ
1390 5268 1541 5339 μνῶν
1564 5270 1809 5340 ἀφείλου·

218 5344 346 5398 οὐδὲ
375 5345 519 5416 ῦδωρ
546 5348 816 5418 διψῶντας
847 5352 1127 5419 ὲπότισας,
1159 5356 1298 5410 ἀλλά
1316 5358 1633 5414 πεινώντων
1660 5364 1813 5418 ἐστέ-

223 5457 401 5511 ρησας
433 5440 627 5512 ψωμόν
646 5450 660 5473 ⁸
692 5445 872 5515 χήρας
896 5444 952 5498 δὲ
986 5444 1380 5514 ἐξαπέστειλας
1410 5451 1598 5515 κενάς
1641 5454 1818 5523 ὀρφασο

220 5531 351 5596 νοῦς
371 5533 429 5586 δὲ
444 5534 751 5601 ὲκάκωσας.
766 5536 1072 5608 Τοιγαροῦν
1092 5539 1413 5596 ἐκύκλωσάν
1445 5560 1505 5596 σε
1532 5544 1781 5613 παγίδες.
1796 5565 1814 5598 ι

1920 4900 2034 4955 lide
2098 4898 2384 4954 firmemus
2423 4905 2481 4952 et
2514 4896 2978 4961 communiamus,
3030 4911 3099 4951 ne
3158 4911 3218 4951 se
3276 4907 3509 4967 occupet

1920 4990 2275 5063 explorandis
2300 4990 2535 5046 aliorum
2568 4987 2835 5060 peccatis,
2862 5002 2971 5042 neu
3003 4987 3262 5057 cuiquam
3300 5003 3509 5058 oppro-

1920 5081 2105 5137 brium
2126 5081 2378 5137 intendat
2401 5090 2496 5136 aut
2518 5078 2934 5145 contumeliam,
2951 5094 3021 5134 ne
3046 5092 3150 5133 nos
3178 5078 3380 5133 merito
3396 5093 3510 5133 no-

1918 5184 2037 5230 stro
2066 5173 2261 5230 audire
2285 5174 2569 5246 contingat
2594 5190 2624 5228 a
2654 5173 2819 5228 beato
2842 5171 3088 5227 Davide:
3121 5190 3141 5223 ‹
3175 5169 3302 5226 Filii
3332 5170 3513 5225 homi-

1917 5282 2073 5332 num,
2097 5265 2292 5322 dentcs
2313 5281 2507 5322 eorum
2531 5281 2681 5320 arma
2710 5273 2767 5320 et
2790 5264 3001 5335 sagitta:
3021 5271 3077 5319 ct
3101 5262 3288 5335 lingua
3315 5278 3511 5319 eorum

1918 5360 2133 5432 gladius
2164 5361 2441 5414 acutus”.
2476 5379 2494 5413 ι
2533 5359 2708 5417 Amici
2741 5373 2965 5430 quoque
2996 5344 3144 5413 beati
3177 5355 3282 5412 Job
3308 5370 3514 5427 expro-

1920 5452 2162 5508 bratoric
2195 5452 2494 5508 dicebant:
2534 5473 2551 5505 ι
2590 5453 2693 5509 Ubi
2719 5460 2805 5508 est
2833 5450 3033 5507 domus
3072 5449 3343 5521 principis
3368 5450 3413 5482 ⁵⁷
3439 5448 3463 5502 ?
3490 5467 3508 5499 ι

1923 5546 2140 5601 Rursus
2170 5563 2184 5599 :
2226 5564 2243 5596 ι
2279 5545 2419 5612 Quid
2444 5546 2593 5602 enim
2622 5545 2667 5601 si
2699 5557 2755 5600 tu
2779 5545 3060 5609 morieris,
3084 5543 3263 5600 eritne
3295 5542 3518 5599 subeat-

297 5717 380 5769 δτι
413 5717 520 5769 Cur
567 5732 686 5781 vm,
721 5718 773 5781 9,
816 5717 896 5772 ιο.
970 5717 1170 5773 “ibid.
1214 5719 1297 5777 ll.
1339 5722 1424 5775 te.
1502 5696 1743 5777 ωιαυτ.
1775 5741 1803 5776 x

1904 5724 1952 5785 9,
1990 5723 2079 5776 30.
2159 5723 2203 5752 ’⁵ο
2232 5724 2429 5777 Matth.
2464 5741 2619 5782 τινειῐ.
2654 5724 2706 5785 ϐ,
2757 5725 2837 5778 10.
2918 5725 2959 5757 ⁵¹
2996 5722 3132 5778 ibid.
3161 5726 3212 5777 7.
3293 5724 3335 5754 ⁸²
3376 5720 3515 5777 ibid.

221 5787 272 5819 ⁸³
303 5787 418 5842 ωλι.
458 5805 524 5854 γι,
561 5791 606 5840 8.
803 5789 850 5820 δ’·
885 5788 1041 5843 Jnau.
1073 5808 1123 5854 ν,
1161 5791 1242 5845 li.
1324 5792 1370 5824 ⁸⁸
1394 5792 1563 5847 Eccli.
1601 5810 1719 5861 VIII,
1747 5798 1797 5846 (ἰ.

1879 5795 1922 5824 ⁸⁸
1946 5796 2086 5849 l‘sal.
2126 5810 2229 5858 l.‘l’l,
2263 5795 2312 5846 5.

2393 5798 2434 5826 ⁵⁷
2462 5795 2564 5851 Joh
2591 5812 2702 5860 XXI,
2740 5798 2829 5849 :28.
