3944 6454
175 354 335 424 1593

778 361 1108 422 HOMILIA
1145 362 1275 422 LII.
1302 389 1372 397 —
1413 362 1687 424 MALUM
1725 361 1876 422 PRO
1907 362 2112 423 MALO
2153 363 2308 424 NON
2347 355 2852 422 REDDENDUM.

3311 351 3450 419 1594

171 472 480 544 θελήματά
515 489 641 545 μου,
666 490 686 527 ι
723 475 974 546 περὶτοῦ
1014 477 1402 546 ἀμνησικάκου
1445 479 1632 542 Δαυῒδ,
1667 482 1765 532 καὶ

1870 479 2055 534 bimur
2085 476 2396 540 lenitatem,
2428 483 2486 528 ut
2523 480 2579 528 et
2623 486 2728 527 nos
2757 467 3028 541 quiddam
3071 467 3318 525 assimile
3352 487 3448 524 au-

169 565 286 618 καὶ
327 565 459 634 περὶ
501 565 731 636 ἐχθροὺς
763 566 996 635 ἀγαθοῦ.
1033 567 1143 622 Kal
1173 571 1336 639 ἡμεῖς
1375 568 1468 622 οὖν
1497 569 1572 640 μὴ
1611 571 1772 639 ποιή-

173 653 378 726 σωμέν
397 671 450 707 τι
479 655 619 726 πρὸς
642 657 855 727 ἀμυναν
884 658 1116 728 ἀδελφοῦ
1140 659 1572 730 κατηδικηκὸτος
1599 662 1766 731 ἡμᾶς,

175 742 278 798 ἵνα
313 745 389 816 μὴ
416 744 638 799 ᾶπαντα
666 748 798 818 ἡμῖν
830 748 1022 802 σκολιὰ
1045 749 1274 819 γένηται
1301 751 1360 803 ὲν
1380 751 1562 821 καιρῷ
1593 768 1768 822 προσ-

183 837 390 907 ευχῆς.
447 837 505 891 Ὀ
537 839 702 908 νόμος
737 839 1176 918 παρακελεύεται
1203 844 1450 912 προνοεῖν
1471 843 1536 895 τὸ
1569 842 1772 905 ὑποζύ-

175 944 309 996 γιον
337 929 430 982 τοῦ
465 929 664 1000 ἐχθροῦ
686 947 701 961 ’
733 932 830 984 καὶ
860 933 888 986 6
935 931 1081 999 Ἰὼϐ,
1111 933 1188 998 ὡς
1220 935 1484 1005 ἐχόμενος
1532 935 1640 988 ἀπὸ
1673 953 1772 988 κα-

183 1019 316 1082 κίας
362 1021 517 1090 παρά
563 1019 658 1074 τοῦ
703 1022 840 1075 Θεοῦ
883 1025 1284 1102 ἢὲμαρτυρεῖτο.
1335 1027 1446 1080 Kal
1476 1027 1504 1078 ὁ
1546 1025 1766 1096 Ἰωσὴφ,

181 1111 322 1173 τοὺς
352 1111 674 1176 ἐπιϐούλους
719 1113 984 1182 ἀδελφοὺς
1020 1116 1120 1170 οὐκ
1157 1115 1424 1187 ἠμύνατο.
1459 1107 1569 1174 Kal
1605 1118 1770 1171 Ἀϐελ

181 1202 385 1265 ἁπλῶς
431 1205 524 1257 καὶ
572 1206 900 1270 ἀνυπόπτως
965 1209 1360 1280 συνεπορεύετο
1419 1209 1497 1280 τῷ
1545 1209 1771 1278 ἀδελφο-

181 1295 372 1365 κτόνῳ
413 1297 573 1350 Κάῖν.
604 1297 717 1350 Καὶ
742 1297 962 1362 πάντως
981 1299 1169 1362 ἁπλῶς
1201 1301 1570 1372 ἀνακηρύττει
1597 1302 1630 1371 ἡ
1654 1299 1770 1354 θεο-

179 1383 354 1453 λογία
387 1386 514 1449 τοὺς
541 1389 600 1440 ἐν
633 1389 840 1461 ἀκακία
869 1390 1324 1462 πολιτευομένους
1357 1392 1568 1461 ἁγίους.
1601 1393 1769 1464 Φησὶν

176 1475 242 1528 δέ
271 1495 376 1542 τις,
410 1497 428 1529 «
465 1480 559 1542 Ὃς
592 1479 1022 1536 ἀνταποδίδωσιν
1062 1483 1236 1536 κακὸν
1284 1485 1404 1561 ἀντὶ
1431 1483 1674 1552 ἀγαθῶν,
1705 1485 1768 1540 οὐ

181 1567 551 1638 κινηθήσεται
581 1569 733 1622 κακά
763 1573 826 1624 ὲκ
851 1571 948 1624 τοῦ
980 1567 1132 1625 οἴκου
1164 1573 1352 1628 αὑτοῦ.
1381 1592 1399 1624 ι
1444 1575 1554 1626 Καὶ
1583 1574 1767 1638 πάλιν,

183 1676 208 1708 ι
235 1657 296 1711 '0
327 1657 507 1728 βαλὼν
521 1659 673 1714 λίθον
705 1663 786 1726 εἰς
813 1662 970 1730 ὕψος,
991 1665 1086 1717 ἐπὶ
1117 1665 1216 1733 τὴν
1242 1641 1486 1735 κεφαλὴν
1514 1663 1611 1736 τὴν
1643 1667 1769 1718 ἐαυ-

178 1750 281 1801 τοῦ
332 1750 538 1819 βάλλει.
570 1771 588 1804 ι
629 1753 762 1817 Kal,
793 1771 813 1806 «
837 1755 893 1806 '0
913 1753 1160 1826 ὀρύσσων
1190 1755 1270 1825 τῷ
1301 1755 1519 1825 πλησίω
1549 1755 1766 1826 βόθρον,

179 1843 518 1910 ἐμπεσεῖται
545 1847 626 1908 εἰς
653 1845 838 1900 αὐτόν.
865 1865 882 1896 ι
911 1823 1072 1911 Kal,«
1103 1849 1160 1900 Ὀ
1195 1823 1356 1900 ἱστῶν
1380 1823 1609 1914 παγίδα,
1629 1848 1770 1902 ἀλὼ-
1801 1823 1840 1876 Β

181 1951 345 1986 σεται
383 1938 440 1989 ὲν
493 1938 557 1990 αἱ
576 1939 656 2008 δῇ,
689 1939 784 1991 καὶ
829 1939 1076 1992 ποιοῦντι
1107 1940 1342 2012 πονηρὰ,
1367 1936 1456 1994 ἐπ’
1487 1941 1652 1995 αὐτὸν
1675 1959 1768 1995 κυ-

175 2024 526 2096 λισθὴσεται.
552 2047 572 2079 ι
627 2028 685 2082 '0
707 2028 764 2082 δὲ
809 2028 1102 2101 Ἱερεμίας,
1137 2033 1480 2102 ἐντυγχάνων
1517 2031 1596 2102 τῷ
1626 2033 1765 2104 Θεῷ,

178 2117 329 2170 κατά
373 2117 466 2170 τὸν
512 2118 732 2190 Ἰσραὴλ
781 2119 970 2187 λέγει’
1027 2139 1048 2172 ι
1077 2121 1139 2174 Et
1183 2121 1600 2176 ἀνταποδίδοται
1647 2122 1770 2175 ἀντὶ

181 2207 408 2277 ἀγαθῶν
461 2211 630 2274 κακὰ,
691 2211 970 2281 μνήσθητι
1023 2205 1102 2275 ὡς
1135 2211 1374 2284 ἐλάλησα
1411 2213 1554 2284 ὑπὲρ
1585 2212 1768 2267 αὐτῶν

180 2300 390 2366 ἀγαθά.
419 2319 438 2352 ι
477 2300 666 2364 Οῦτως
713 2303 742 2354 6
797 2302 1027 2368 δίκαιος,
1076 2304 1274 2366 νυκτός
1321 2319 1382 2356 τε
1431 2305 1526 2357 καὶ
1550 2303 1768 2374 ἡμέρας

181 2393 330 2462 ὑπὲρ
375 2392 558 2446 αὐτῶν
595 2393 687 2446 τὸν
713 2393 846 2446 Θεὸν
877 2392 1152 2460 ἐξιλεοῦτο
1176 2409 1190 2422 ’
1223 2393 1345 2447 ὅθεν
1370 2395 1468 2448 καὶ
1499 2394 1648 2460 anas,
1674 2396 1769 2448 καὶ

181 2483 269 2546 δὶς
301 2483 536 2554 ηκουσεν
577 2483 730 2555 ποιρά
769 2485 862 2537 τοῦ
901 2484 1059 2550 Θεοῦ,
1089 2485 1170 2538 ὃτι
1204 2484 1282 2557 μὴ
1319 2485 1470 2552 ἀξίου
1504 2485 1645 2556 ὑπὲρ
1670 2487 1764 2539 αὐ-

185 2573 322 2642 τῶν,
351 2576 430 2627 ὅτι
493 2593 512 2628 «
545 2575 658 2628 Οὐκ
702 2576 1104 2647 είσακούσομαί
1159 2593 1287 2630 σου·
1344 2577 1498 2630 αὐτοὶ
1543 2577 1601 2630 δὲ
1650 2578 1771 2630 ἀντ-

181 2667 492 2736 ημείψαντο
520 2669 706 2733 αὑτὸν,
731 2687 750 2720 ι
773 2669 1111 2739 χαλάσαντες
1133 2670 1296 2723 αὑτὸν
1317 2671 1372 2722 ὲν
1413 2669 1490 2739 τῷ
1521 2669 1769 2742 βορϐόρῳ

179 2757 282 2810 τοῦ
313 2758 544 2814 λάκκου.
585 2761 825 2814 Τοιαῦτα
857 2761 966 2832 γὰρ
993 2761 1082 2815 ἀεὶ
1125 2761 1238 2814 τῶν
1270 2760 1545 2816 Ἰουδαίων
1577 2762 1646 2816 τὰ
1675 2763 1770 2817 ἀν-

177 2847 616 2920 δραγαθήματα.
657 2853 767 2904 Kal
813 2852 1014 2921 Ἰωσὴφ
1054 2851 1134 2915 δὲ,
1171 2854 1230 2906 οὐ
1271 2853 1434 2923 μόνον
1487 2855 1588 2908 οὐκ
1625 2853 1770 2925 ἠμύ-

178 2957 317 2994 νατο
337 2943 460 3002 τοὺς
483 2939 748 3012 ἀδελφοὺς
765 2944 953 3009 αὐτοῦ,
979 2938 1114 2998 ἀλλά
1143 2945 1238 2998 καὶ
1267 2944 1532 3000 ἔκλαυσεν
1565 2948 1658 3000 ἐπὶ
1677 2945 1769 3000 τὸν

175 3029 460 3099 τράχηλον
482 3031 663 3084 αὐτῶν
690 3033 747 3098 ἐξ
774 3033 998 3104 ἀγάπης
1015 3034 1238 3106 πολλῆςο
1268 3037 1364 3090 καὶ
1383 3036 1590 3115 ἔλεγεν,
1631 3057 1648 3090 «
1675 3037 1768 3108 Μὴ

1872 574 1993 628 dire
2019 589 2050 626 a
2076 571 2190 625 Deo
2223 582 2662 639 promereamur,
2697 562 2851 634 quod
2888 569 2944 618 et
2981 561 3050 618 de
3083 561 3205 632 ipso
3238 563 3450 618 Davide

1871 663 2272 736 pronuntiavit.
2308 661 2430 715 viro
2475 657 2803 729 iniuriarum
2837 655 3162 709 immemore
3198 670 3447 724 prorsus,

1871 769 1928 816 et
1952 774 2081 828 erga
2113 756 2369 811 inimicos
2399 768 2665 824 perquam
2679 751 2954 822 benigno,
2978 749 3246 803 nimirum
3274 747 3446 802 illud:

1880 872 1898 904 «
1924 850 2115 906 lnveni
2209 848 2390 902 virum
2423 845 2728 901 secundum
2777 859 2874 898 cor
2906 857 3114 905 meum,
3151 841 3247 910 qui
3281 840 3451 895 faciet

1871 958 2064 998 omnes
2123 941 2440 994 voluntates
2493 938 2771 992 meas".i
2826 936 2896 990 Et
2944 949 3048 988 nos
3090 933 3260 1004 igitur
3310 933 3448 986 tanti

1871 1036 2061 1092 herois
2098 1031 2383 1104 provocati
2437 1029 2711 1098 exemplo,
2756 1026 3012 1082 nonnihil
3059 1024 3252 1080 auxilii
3301 1039 3450 1094 pm-

1871 1139 2080 1184 stemus
2120 1142 2185 1182 ac
2233 1125 2602 1192 suffragcmur
2639 1120 2816 1186 fratri,
2849 1136 2878 1174 a
2923 1135 3033 1189 quo
3069 1117 3448 1188 qualicunque

1871 1221 2073 1292 injuria
2113 1217 2316 1290 pulsati
2364 1231 2554 1270 sumus
2585 1231 2598 1267 :
2629 1229 2700 1268 ne
2752 1213 2840 1271 vel
2885 1219 3136 1280 tempore
3179 1207 3450 1264 orationis

1870 1310 2170 1382 postulatio
2203 1307 2388 1364 omnis
2422 1313 2611 1360 nostra
2647 1302 2996 1374 repudietur,
3038 1315 3240 1370 resque
3285 1299 3448 1354 abeat

1871 1404 1928 1458 in
1965 1401 2246 1456 diversum
2293 1413 2460 1467 quam
2509 1395 2774 1476 petimus.
2805 1394 2973 1450 Jubet
3019 1393 3109 1448 lex
3157 1392 3446 1462 subjugale

1870 1493 2107 1549 animale
2137 1491 2347 1547 inimici
2389 1487 2707 1562 [ipsissimis
2745 1483 2934 1540 verbis
2970 1483 3163 1539 eadem
3219 1499 3450 1553 prorsus

1869 1582 2113 1655 Dionysii
2143 1582 2345 1650 Areop.
2385 1578 2624 1650 epistola
2645 1575 2739 1656 8.],
2761 1576 2828 1648 (si
2863 1576 2978 1630 fors
3001 1573 3112 1628 labi
3137 1571 3446 1643 contingat)

1872 1685 1933 1732 ut
1978 1673 2216 1746 proinde
2259 1671 2600 1728 subleves".
2652 1668 2756 1724 Job
2815 1665 3206 1722 testimonium
3253 1679 3284 1718 a
3333 1665 3450 1717 Deo

1871 1776 2157 1838 reportare
2198 1763 2529 1838 promeruit,
2576 1760 2726 1831 quod
2762 1775 2919 1816 suam
2961 1758 3144 1812 adhuc
3177 1757 3448 1812 retineret

1871 1836 2228 1916 acitueretur'
2257 1855 2656 1910 innocentiam.
2678 1849 2883 1919 Joseph
2925 1848 2994 1904 de
3024 1847 3294 1902 fratribus
3317 1846 3448 1901 nul-

1869 1951 1979 2006 lam
2013 1947 2282 2020 expetivit
2311 1947 2601 2011 ultionem,
2631 1958 2772 2014 quos
2806 1941 3015 2012 alioqui
3045 1940 3177 1996 vita:
3216 1929 3452 1994 insidia-

1873 2054 2023 2098 tores
2055 2057 2169 2096 sua:
2203 2039 2384 2095 fuerat
2415 2052 2630 2108 passus.
2659 2035 2798 2090 Abel
2837 2033 3064 2089 amabili
3090 2032 3449 2102 simplicitate

1869 2135 2136 2206 praeditus
2171 2147 2277 2188 nec
2311 2131 2482 2186 ullius
2529 2129 2789 2198 suspicax
2824 2127 2882 2182 in
2919 2141 2978 2182 se
3015 2125 3252 2196 injuriae,
3279 2123 3450 2179 simul

1869 2243 1994 2285 cum
2029 2223 2316 2282 fratricida
2344 2219 2619 2278 concessit
2640 2219 2696 2274 in
2722 2233 2935 2289 agrum.
2963 2216 3023 2272 In
3051 2231 3254 2287 genere
3279 2222 3450 2284 quot-

1869 2327 2006 2388 quot
2060 2323 2283 2370 sanctos
2325 2313 2530 2367 divinae.
2593 2308 2994 2365 concelebrant
3061 2306 3308 2370 Litterae,
3351 2319 3450 2360 eos

1869 2415 2127 2464 astruunt
2179 2423 2280 2477 per
2313 2402 2644 2459 innocentiae
2683 2401 2880 2456 callem
2925 2400 3094 2453 vitam
3139 2397 3449 2452 instituisse

1869 2515 2048 2558 suam.
2086 2498 2192 2552 Sed
2229 2505 2286 2550 et
2315 2511 2460 2550 unus
2501 2492 2704 2563 aliquis
2753 2493 2834 2546 ait
2867 2507 2882 2544 :
2941 2509 2958 2540 «
2985 2488 3088 2556 Qui
3137 2486 3452 2542 reddiderit

1869 2591 2011 2644 mala
2063 2605 2164 2659 pro
2204 2587 2392 2653 bouis,
2439 2601 2549 2640 non
2603 2583 2976 2640 movebuntur
3019 2579 3160 2635 mala
3184 2579 3252 2634 de
3282 2579 3450 2633 domo

1868 2681 2072 2753 ejus“.
2102 2699 2118 2732 ι
2164 2679 2370 2734 lterum
2406 2695 2420 2731 :
2459 2675 2600 2744 «Qui
2636 2675 2771 2747 jacit
2798 2673 3037 2744 lapidem
3071 2673 3128 2726 in
3159 2671 3358 2735 altum,
3391 2669 3452 2724 in

1869 2786 2032 2826 suum
2059 2775 2226 2840 caput
2249 2768 2387 2838 jacit
2407 2768 2475 2822 τ’.
2501 2785 2519 2816 ι
2541 2766 2611 2820 Ει
2645 2783 2659 2818 ;
2683 2783 2702 2814 «
2729 2763 2831 2830 Qui
2852 2763 2994 2818 fodit
3023 2762 3238 2816 foveam
3265 2761 3453 2831 proxi—

1869 2876 1981 2925 mo,
2015 2859 2226 2914 incidet
2249 2859 2305 2912 in
2334 2859 2532 2912 eam".
2563 2875 2582 2906 ι
2617 2857 2684 2910 Et
2715 2873 2728 2908 :
2763 2874 2780 2906 «
2803 2853 2908 2921 Qui
2939 2853 3134 2925 statuit
3164 2853 3448 2922 laqueum,

1869 2952 2120 3022 capietur
2144 2951 2198 3006 in
2221 2965 2314 3015 eo,
2346 2957 2402 3004 et
2429 2947 2524 3018 qui
2551 2947 2684 3001 facit
2717 2946 2882 3010 mala,
2917 2945 2972 3000 in
2995 2961 3122 2999 eum
3153 2943 3459 2998 devolven-

1871 3053 1965 3100 tur
1985 3045 2054 3098 τι.
2079 3063 2098 3095 ι
2124 3043 2396 3104 leremias
2411 3055 2635 3111 quoque
2665 3039 2842 3092 Deum
2862 3036 3226 3106 interpellans
3253 3033 3453 3088 adver-

181 3120 473 3189 φοϐεῖσθε,
523 3122 638 3190 ἐγὼ
689 3123 966 3195 διαθρέψαι
1016 3126 1221 3196 ὑμᾶς.»
1259 3126 1490 3198 Ἵδωμεν
1537 3128 1590 3182 τί
1623 3129 1768 3184 καὶὸ

1870 3124 1965 3192 Sus
2002 3135 2171 3190 Israel
2213 3133 2391 3188 dicit:
2436 3151 2453 3184 «
2481 3129 2538 3186 Si
2580 3129 2896 3184 redduntur
2926 3143 3030 3197 pro
3076 3127 3239 3181 bonis
3284 3124 3453 3191 mala,

181 3213 352 3266 Δαυῖδ
401 3216 722 3284 ἐντυγχάνει
779 3217 858 3286 τῷ
914 3217 1056 3288 Θεῷ·
1119 3217 1585 3289 «Κύριε,ὁΘεός
1644 3237 1768 3292 μου,

1870 3226 2189 3290 recordare,
2239 3234 2448 3296 quanta
2499 3222 2722 3299 locutus
2769 3220 2876 3274 sim
2919 3233 3021 3289 pro
3059 3218 3142 3272 eis
3175 3216 3449 3271 bona".i

183 3305 380 3374 φησὶν,
421 3307 467 3358 εί
503 3307 739 3378 ἐποίησα
770 3307 956 3373 τοῦτο,
1003 3311 1054 3362 εί
1108 3311 1258 3362 ἔστιν
1299 3311 1484 3365 ἀδικία
1525 3313 1584 3366 ἐν
1613 3313 1769 3384 χερσί

1870 3318 2023 3374 Adeo
2050 3319 2237 3390 justus
2267 3317 2382 3379 hic,
2420 3313 2651 3384 perdius
2681 3319 2738 3368 et
2765 3324 2979 3381 pernox
3004 3308 3128 3364 istis
3159 3309 3240 3364 sic
3266 3307 3457 3376 ingra-

186 3412 317 3466 μου,
354 3398 405 3448 εἰ
437 3397 796 3451 άνταπέδωκα
851 3402 965 3463 τοῖς
1013 3399 1434 3454 ἀνταποδιδοῦσί
1467 3419 1562 3472 μοι
1595 3404 1768 3468 κακὰ,

1871 3411 1942 3467 tis
1979 3409 2322 3466 exorabilem
2354 3407 2450 3463 Dei
2517 3404 2872 3462 clementiam
2939 3401 3206 3458 studebat
3267 3399 3457 3456 conci-

180 3488 542 3559 ἀποπέσοιμι-
581 3488 692 3560 ἀρα
755 3490 863 3544 ἀπὸ
911 3491 1018 3545 τῶν
1071 3493 1296 3564 ἐχθρῶν
1346 3510 1450 3564 μου
1511 3495 1690 3558 κενός.
1744 3513 1764 3546 ι

1870 3501 2030 3565 liare,
2060 3508 2120 3554 et
2149 3497 2377 3556 ﬂectere
2413 3495 2554 3550 iram
2583 3513 2598 3547 :
2633 3493 2851 3564 1110
2885 3490 3034 3547 unde
3091 3499 3150 3546 et
3199 3488 3367 3544 semel
3399 3495 3458 3543 et

198 3579 260 3633 '0
321 3579 379 3632 δὲ
441 3583 644 3652 Πέτρος
682 3581 969 3653 παραινῶν
1029 3583 1206 3654 λέγει’
1248 3603 1266 3636 «
1291 3585 1384 3656 Μὴ
1426 3584 1772 3650 ἀποδιδόντες

185 3673 358 3726 κακὸν
405 3673 527 3726 ἀντὶ
587 3674 794 3738 κακοῦ,
848 3675 882 3746 ἦ
937 3675 1211 3748 λοιδορίαν
1277 3679 1402 3732 ἀντί
1458 3677 1768 3750 λοιδορίαςο

187 3766 498 3822 τούναντίον
557 3766 615 3820 δὲ
651 3766 1022 3835 εὐλογοῦντες,
1070 3770 1154 3822 ὅτι
1199 3771 1280 3834 είς
1326 3769 1488 3824 τοῦτο
1529 3771 1767 3842 ἐκλήθης

183 3873 270 3919 τε,
341 3857 428 3910 ἵνα
472 3859 722 3928 εὐλογίαν
797 3859 1310 3934 κληρονομήσητεέί
1371 3863 1484 3916 Kal
1543 3864 1572 3916 6
1627 3863 1774 3918 Παῦ-

182 3949 318 4014 λος,
377 3969 396 4002 «
427 3951 644 4022 Ὁρᾶτε,
703 3953 890 4026 φησιν,
941 3955 1016 4024 μή
1057 3969 1142 4018 τις
1189 3940 1364 4007 κακὸν
1417 3955 1540 4009 ἀντὶ
1595 3956 1770 4011 κακοῦ

184 4058 298 4094 τινι
326 4041 532 4114 ἀποδῷ,
564 4043 704 4096 ἀλλὰ
747 4043 981 4096 πάντοτε
1025 4043 1087 4098 τδ
1131 4045 1338 4114 ἀγαθὸν
1387 4044 1635 4114 διώκετε,
1672 4047 1771 4102 καὶ

184 4133 271 4196 εἰς
327 4132 612 4203 ἀλλήλους,
669 4135 762 4188 καὶ
809 4136 890 4200 είς
951 4135 1182 4199 πάντας.
1213 4155 1233 4188 ι
1269 4138 1378 4190 Kal
1411 4133 1604 4202 αὖθιςο
1637 4157 1654 4190 «
1677 4137 1770 4210 Μὴ

187 4223 332 4277 νικῶ
361 4225 465 4279 ὑπὸ
513 4225 609 4278 τοῦ
653 4225 850 4292 κακοῦ,
895 4227 1035 4281 ἀλλά
1077 4227 1206 4280 νίκα
1246 4229 1306 4282 ὲν
1337 4227 1414 4300 τῷ
1462 4229 1656 4300 ἀγαθῷ
1709 4229 1772 4283 τὸ

1871 3589 2119 3647 secundo
2169 3587 2356 3644 divina
2400 3601 2540 3642 voce
2581 3584 2799 3654 accepit
2841 3595 3172 3652 responsum
3219 3595 3235 3632 :
3286 3576 3456 3633 «Noli

1872 3697 2034 3740 orare
2078 3697 2180 3754 pro
2228 3681 2332 3745 eis,
2367 3694 2476 3734 non
2528 3676 2678 3733 enim
2711 3673 3006 3732 exaudiam
3023 3681 3080 3728 te
3099 3673 3200 3726 ⁸³⁸.»
3239 3667 3456 3739 Ecquid

1872 3774 2100 3831 tandem
2135 3771 2358 3842 excepit
2390 3770 2572 3842 digna;
2602 3765 3038 3824 retributionis?
3072 3764 3309 3834 Utrique
3341 3771 3457 3818 tam

1871 3868 2016 3924 bene
2055 3865 2126 3921 de
2168 3881 2229 3920 se
2268 3871 2577 3918 merentem
2619 3860 2970 3916 demiserunt
3007 3858 3064 3912 in
3093 3858 3274 3912 lacum
3313 3853 3459 3908 fetu-

1869 3959 2084 4016 lentum
2119 3972 2186 4012 ac
2230 3971 2390 4012 cceno
2431 3953 2738 4010 madidum.
2767 3951 2896 4008 litec
2936 3956 3209 4021 perpetuo
3235 3946 3458 4003 Iudaeos

1871 4051 2131 4106 comitata
2179 4055 2266 4104 est
2303 4046 2448 4106 male
2497 4053 2656 4116 grata
2695 4043 3026 4109 strenuitas,
3067 4041 3152 4096 sie
3183 4055 3242 4095 se
3279 4039 3458 4094 fortes

1870 4141 2270 4213 praestiterunt.
2305 4137 2515 4208 Joseph
2561 4143 2833 4210 praeterea
2871 4133 3012 4189 adeo
3081 4131 3223 4186 nihil
3283 4131 3459 4184 inter-

1871 4231 2115 4286 minatus
2165 4237 2252 4285 est
2307 4226 2526 4282 ultricis
2547 4225 2808 4280 vindicta:
2841 4221 3133 4287 fratribus,
3169 4227 3230 4275 ut
3254 4234 3460 4274 unum-

189 4315 386 4369 κακόν.
419 4336 438 4369 ι
489 4317 549 4370 '0
595 4317 652 4371 δὲ
689 4317 916 4389 Κύριος,
967 4337 986 4370 «
1013 4317 1306 4387 Ἀγαπᾶτε
1365 4320 1494 4382 τοὺς
1539 4320 1769 4392 ἐχθροὺς

1873 4337 2152 4396 quemque
2180 4321 2515 4390 complexus
2547 4318 2807 4384 seorsim,
2846 4317 2992 4372 colla
3020 4315 3241 4370 illorum
3266 4311 3459 4382 opple-

191 4409 377 4478 ὑμῶν·
428 4409 612 4474 καλῶς
651 4413 861 4463 ποιεῖτε
907 4413 1022 4474 τοῖς
1081 4411 1336 4480 μισοῦσιν
1387 4411 1552 4482 ὑμᾶς.
1598 4411 1769 4465 Εὐλο-

1872 4415 2020 4470 verit
2051 4411 2310 4485 lacrymis
2327 4411 2372 4445 '"
2407 4429 2422 4465 :
2458 4419 2610 4466 tanta
2641 4424 2774 4480 erga
2803 4409 2932 4464 illos
2961 4405 3308 4477 liquescebat
3327 4403 3464 4459 chao

189 4502 336 4569 γεῖτε
367 4502 496 4565 τοὺς
527 4501 952 4572 καταρωμένους
987 4479 1152 4572 ὑμᾶς.
1199 4501 1310 4557 Kal
1336 4479 1484 4567 ὅστις
1518 4521 1578 4556 σε
1607 4504 1769 4574 ῥαπί-

1876 4505 2061 4559 ritate.
2089 4479 2197 4559 Sed
2217 4510 2276 4558 et
2298 4502 2520 4558 dicebat
2547 4519 2560 4554 :
2597 4519 2616 4554 «
2647 4479 2834 4556 Nolite
2863 4499 3079 4564 timere,
3110 4512 3213 4568 ego
3237 4509 3458 4566 pascam

191 4611 276 4648 σει
321 4597 402 4658 είς
425 4595 525 4666 τὴν
567 4593 748 4666 δεξιὰν
786 4595 1038 4663 σιαγόνα,
1076 4595 1308 4666 στρέψον
1352 4595 1502 4667 αὐτῷ
1539 4599 1635 4650 καὶ
1667 4596 1768 4668 τὴν

1876 4613 1976 4652 vos
1995 4597 2064 4651 ".
2091 4615 2108 4648 ι
2151 4597 2296 4663 Quid
2337 4594 2577 4666 proinde
2623 4592 2926 4664 postularit
2957 4589 3132 4646 David
3156 4589 3339 4656 aDeo,
3367 4602 3466 4643 ex-

191 4687 378 4758 ἀλλην.
409 4687 522 4740 Kal
543 4684 621 4756 τῷ
652 4685 860 4740 θέλοντί
891 4703 976 4739 σοι
1005 4687 1290 4758 κριθῆναι,
1332 4687 1426 4742 καὶ
1451 4689 1542 4742 τὸν
1565 4687 1769 4758 χιτῶνά

1878 4687 2234 4760 pendendum
2285 4701 2437 4742 nunc
2469 4703 2482 4739 :
2521 4685 2814 4750 «Domine,
2850 4684 2999 4739 Deus
3060 4696 3238 4746 meus,
3273 4679 3320 4734 si
3351 4677 3460 4734 feci

194 4795 288 4832 σου
334 4777 542 4844 λαϐεῖν,
593 4779 732 4845 ἄφες
777 4777 928 4848 αὐτῷ
969 4777 1066 4830 καὶ
1092 4777 1404 4848 τὸιίμάτιόν
1435 4795 1551 4833 σου.
1579 4797 1600 4830 ι
1635 4778 1768 4844 Καὶ,

1876 4779 2048 4846 istud,
2071 4780 2168 4845 ait,
2197 4780 2244 4836 si
2274 4790 2360 4836 est
2379 4779 2660 4850 iniquitas
2691 4777 2748 4832 in
2779 4777 3040 4832 manibus
3065 4774 3226 4837 meis,
3258 4773 3304 4828 si
3327 4771 3459 4827 red-

200 4892 218 4925 «
249 4871 312 4926 El’
333 4889 416 4936 τις
451 4889 510 4926 σε
540 4873 869 4944 ἀγγαρεύσῃ
915 4871 1094 4940 μίλιον
1118 4869 1198 4936 ἒν,
1227 4870 1410 4939 ῦπαγε
1449 4873 1570 4942 μετ’
1602 4871 1769 4941 αὐτοῦ

1877 4872 1994 4928 didi
2031 4872 2476 4928 retribuentibus
2501 4869 2642 4924 mihi
2676 4869 2842 4932 mala,
2875 4867 3126 4922 decidam
3171 4864 3366 4934 utique
3388 4862 3459 4922 ab

191 4963 349 5046 660.)
384 4965 517 5029 Kal,
555 4961 818 5022 «Γίνεσθε
855 4963 1206 5034 οἰκτίρμονες
1239 4963 1336 5018 καὶ
1375 4963 1593 5030 τέλειοι,
1641 4963 1719 5044 ᾡς
1743 4966 1769 5018 6

1879 4964 2122 5020 inimicis
2159 4962 2300 5018 meis
2347 4961 2610 5017 inanis".
2638 4979 2658 5012 ι
2697 4960 2896 5016 Petrus
2947 4959 3079 5013 item
3131 4957 3461 5018 admonens,

195 5045 386 5126 Πατὴρ
429 5055 584 5126 ὑμῶν
639 5057 670 5109 6
711 5050 1036 5136 ούράνιος.ἱ
1087 5055 1246 5126 Αὐτῷ
1289 5056 1480 5128 ἡδόξα
1520 5057 1600 5118 είς
1647 5057 1769 5120 τοὺς

1877 5057 1955 5110 ait
1989 5075 2000 5109 :
2037 5075 2052 5103 ι
2076 5055 2198 5110 Non
2235 5053 2530 5111 reddentes
2575 5051 2779 5107 malum
2818 5066 2916 5122 pro
2959 5050 3124 5116 malo,
3157 5058 3254 5104 aut
3285 5045 3461 5102 male-

196 5145 416 5208 αἰῶνας.
453 5147 649 5218 Ἀμήν.

1879 5147 2088 5204 dictum
2119 5161 2221 5218 pro
2256 5147 2572 5208 maledicto.
2607 5145 2705 5202 sed
2735 5160 2768 5200 e
2801 5143 3081 5199 contrario
3121 5140 3461 5197 benedicen-

201 5243 314 5302 tcs;
359 5237 486 5307 quia
531 5237 587 5291 in
624 5236 751 5295 'hoc
806 5235 990 5291 vocati
1038 5235 1195 5302 estis,
1227 5243 1290 5292 ut
1333 5235 1774 5292 benedictionem
1813 5235 2133 5292 haereditate
2199 5235 2612 5306 possidealis”.
2639 5253 2658 5286 ι
2721 5234 2924 5290 Paulus
2949 5232 3296 5288 etiamnum:
3329 5229 3461 5286 «Vi-

197 5329 320 5385 dete
353 5345 420 5384 ne
461 5331 588 5400 quis
631 5329 833 5384 malum
865 5326 966 5398 pro
1029 5329 1174 5384 malo
1207 5329 1422 5394 reddat,
1462 5329 1560 5386 sed
1623 5344 1840 5400 semper
1878 5329 2027 5401 quod
2056 5330 2263 5385 bonum
2296 5339 2404 5394 est,
2437 5329 2723 5384 sectemini
2744 5337 2801 5383 et
2830 5328 2886 5382 in
2906 5326 3142 5381 invicem
3173 5334 3231 5380 et
3259 5325 3315 5379 in
3343 5338 3461 5379 om.

197 5421 379 5479 nes".
409 5441 428 5476 ι
472 5421 715 5478 Rursum
747 5439 758 5475 :
794 5439 814 5478 ι
841 5423 976 5479 Noli
1010 5423 1160 5478 vinci
1207 5437 1240 5478 a
1285 5423 1456 5489 malo,
1519 5423 1616 5482 sed
1651 5425 1769 5480 vinc

1870 5441 1901 5479 n
1937 5424 2084 5479 bono
2119 5424 2324 5478 malum
2347 5423 2412 5476 ⁸³.
2441 5442 2460 5474 ι
2493 5422 2636 5490 Quid
2700 5419 3007 5478 Dominus?
3042 5437 3060 5470 «
3091 5418 3316 5489 Diligite
3337 5413 3460 5471 'ini-

3210 5620 3258 5652 "
3285 5616 3456 5673 Eccli.

271 5626 314 5658 ⁶⁹
346 5625 364 5680 1
399 5627 530 5697 Reg.
567 5643 684 5689 xm,
714 5627 803 5681 M.
879 5627 926 5659 "°
947 5626 1122 5682 Exod.
1150 5643 1302 5692 χχιιι,
1325 5628 1380 5686 4.
1411 5627 1464 5682 5.
1552 5628 1598 5660 '”
1628 5626 1769 5683 Prov

271 5712 361 5744 vn-
385 5696 476 5744 29-
507 5697 595 5744 50-
697 5698 742 5728 ⁷⁸
769 5695 974 5744 larem.
1007 5713 1154 5744 xw"-
1190 5696 1279 5744 9.0-
1354 5699 1400 5730 ⁷⁸
1429 5698 1634 5744 Jan-pm-
1659 5713 1732 5744 in-
1763 5721 1769 5731 ι

1870 5645 1955 5691 m,
1998 5627 2087 5682 15.
2173 5626 2218 5658 ⁷³
2245 5629 2404 5684 Prov.
2440 5641 2588 5688 xxvi,
2619 5616 2708 5674 ‘27.
2796 5624 2842 5656 ⁷³
2875 5622 3012 5678 ibid.
3210 5620 3258 5652 ⁷⁸
3285 5616 3433 5672 Eccli

1927 5699 1972 5730 ⁷⁷
2002 5697 2141 5744 Gen-
2181 5714 2329 5744 ιυη-
2367 5696 2456 5744 30-
2551 5696 2598 5726 ’⁷⁸
2622 5695 2761 5744 Gen.
2790 5709 2914 5744 ην.
2959 5692 3013 5744 5.
3052 5691 3139 5744 11.
3230 5691 3274 5724 ⁷⁸
3310 5687 3433 5744 Psal

198 5712 362 5756 xxv".
385 5691 595 5760 29:50.
697 5698 742 5728 ⁷⁸
769 5695 974 5752 Jerem.
1007 5713 1154 5761 xvm,
1190 5691 1293 5751 20.
1354 5699 1400 5730 ⁷⁸
1429 5698 1634 5752 Jcrem.
1659 5713 1734 5761 χι,
1763 5721 1769 5731 ·

1927 5699 1972 5730 ⁷⁷
2002 5697 2141 5752 Gen.
2181 5714 2331 5766 nm,
2367 5696 2456 5753 50.
2551 5696 2598 5726 ⁷⁸
2622 5695 2761 5752 Gen.
2789 5709 2914 5762 va,
2959 5692 3014 5762 5,
3052 5691 3139 5746 11.

201 5783 293 5832 vlt,
324 5768 376 5832 4,
415 5767 464 5822 5.
553 5768 598 5799 ⁸ο
628 5766 816 5822 lPetr.
847 5782 927 5837 ιιι,
965 5767 1018 5822 9.
1095 5768 1140 5799 ⁸¹
1173 5768 1194 5822 l
1227 5767 1421 5824 Thess.
1455 5785 1508 5834 ι’,
1541 5769 1626 5824 15.
1734 5771 1769 5802 ³⁵

1870 5786 1969 5825 3m.
1999 5785 2094 5836 xu,
2129 5769 2220 5823 21.
