3944 6426
581 290 721 360 1595

1852 293 2225 374 ANTIOCHI
2263 314 2616 378 MONACHI

577 407 752 460 mices
807 413 1043 472 vestros,
1099 405 1408 466 benefacite
1495 409 1583 468 his
1663 409 1759 482 qui
1818 413 2059 472 oderunt
2109 433 2230 486 vos,
2271 419 2587 480 benedicite
2631 427 3098 488 maledicentibus

3659 339 3749 410 159i.

3156 433 3353 494 vobis:
3379 441 3646 518 quicunque
3671 469 3752 522 per.

582 499 811 556 cusserit
834 511 885 554 te
916 499 972 555 in
993 499 1278 558 dexteram
1305 505 1604 571 maxillam,
1637 507 1821 578 praebe
1846 507 1899 564 ei
1931 518 1988 565 et
2017 511 2286 581 alteram;
2314 523 2373 570 et
2419 517 2470 571 ei
2517 519 2611 590 qui
2683 521 2800 575 vult
2852 530 3035 580 tecum
3105 531 3438 589 contendere
3498 537 3547 592 in
3577 499 3753 612 .judirtiu.

573 599 626 646 et
689 594 932 650 tunicam
987 603 1138 651 luam
1190 597 1411 664 tollere,
1463 599 1681 656 dimitte
1721 603 1773 658 ei
1827 611 1885 660 et
1938 604 2168 675 pallium
2208 615 2364 664 tuum
2383 610 2452 666 ⁸³.
2487 631 2506 664 ι
2547 612 2617 667 Et

2680 632 2694 666 :
2765 633 2784 666 ι
2813 614 2870 670 Si
2917 619 3045 690 quis
3085 624 3452 694 angariaverit
3501 639 3546 688 te
3595 636 3758 695 nulline

577 702 771 752 ullum,
808 688 949 744 vade
998 703 1124 744 cum
1157 706 1226 748 eo
1253 700 1311 748 et
1345 693 1452 748 alia
1489 693 1600 748 duo
1638 695 1704 749 ⁸⁵.
1747 715 1764 749 ι
1803 697 1871 752 Ει
1903 717 1916 752 :
1955 719 1973 751 ι
2002 699 2192 756 Estote
2232 703 2632 762 misericordes
2667 716 2725 763 et
2769 688 3030 780 perfecti,
3066 688 3216 773 sicut
3260 718 3422 778 Pater
3461 735 3618 783 vester
3651 733 3761 790 cule-

577 777 764 834 Stis“.
788 798 808 832 ο
848 779 958 852 lpsi
989 780 1164 852 gloria
1192 783 1249 837 in
1283 784 1506 839 sazcula.
1543 783 1741 842 Amen.

1147 893 1432 951 HOMILIA
1467 897 1603 952 Llll.

937 1006 1015 1060 De
1039 1010 1296 1064 memoria
1325 1019 1554 1081 acceptio
1580 1010 1815 1084 injurias.

649 1119 918 1174 Absoluto
975 1130 1260 1192 utcunque
1319 1132 1594 1192 Sernmne,
1643 1127 1714 1183 de
1759 1142 1828 1183 eo
1869 1128 2016 1199 quod
2061 1143 2165 1202 pro

579 1211 725 1264 malo
768 1211 1086 1283 neutiquam
1135 1215 1554 1286 rependeudum
1581 1218 1654 1274 sit
1676 1219 1904 1286 malum,
1935 1217 2003 1277 ad
2035 1239 2163 1278 eum

579 1303 1056 1368 transcendamus,
1098 1306 1194 1376 qui
1247 1316 1333 1363 est
1383 1309 1452 1365 de
1499 1313 1768 1368 memoria
1804 1323 2046 1384 accepta:
2075 1315 2166 1370 in-

569 1381 752 1459 jurize.
779 1392 898 1446 Non
929 1395 1112 1458 modo,
1147 1395 1368 1466 fratres,
1403 1416 1513 1456 non
1540 1401 1808 1460 debemus
1844 1407 2164 1464 meminisse

576 1475 748 1534 ullius
791 1479 919 1536 mali
967 1499 999 1538 a
1050 1487 1468 1546 contribulibus
1511 1499 1608 1546 aut
1641 1491 1903 1550 aﬂinitate
1931 1492 2164 1568 propiu-

573 1571 703 1638 quis
731 1574 981 1643 accepti;
1016 1575 1114 1632 sed
1143 1591 1212 1632 ex
1243 1579 1468 1636 diverso
1497 1585 1684 1638 cuncti
1717 1586 1956 1642 veniunt
2001 1587 2166 1644 Chri-

573 1662 752 1718 stiana
779 1663 1194 1737 longanimitate
1237 1661 1534 1740 tolerandi,
1564 1691 1632 1731 ac
1655 1675 1786 1733 mali
1813 1687 2003 1735 nostra
2034 1690 2164 1739 sunt

575 1753 904 1812 sublevandi
948 1759 1291 1832 benignitate
1317 1781 1330 1820 :
1357 1781 1459 1821 nec
1481 1775 1786 1840 utcunque,
1811 1787 2007 1828 verum
2032 1790 2164 1847 erga

571 1845 714 1902 tales
758 1858 963 1908 nostra:
999 1855 1458 1926 conduplicemus
1496 1871 1825 1933 argumenta
1857 1845 2162 1922 liberalita-

572 1937 666 2004 tis,
697 1949 758 1995 ut
783 1943 868 1998 vel
899 1943 1116 2014 piorum
1147 1963 1378 2018 operum
1403 1949 1646 2009 efﬁcacia
1671 1970 1772 2010 nos
1793 1949 1944 2027 ip'sos
1972 1957 2160 2015 deela-

569 2044 759 2086 remus
789 2031 1056 2104 ingenuos
1093 2035 1301 2094 Christi
1334 2055 1457 2097 esse
1499 2042 1808 2116 discipulos
1834 2065 1847 2100 :
1873 2047 1990 2119 ipse
2010 2049 2160 2105 enim

567 2117 830 2181 Christus
875 2127 929 2182 in
979 2131 1154 2186 malos
1201 2141 1372 2204 atque
1435 2135 1666 2194 inutiles
1713 2155 1870 2196 suam
1896 2117 2159 2200 ‘eﬂundit

2201 885 2248 943 A

2873 893 3094 967 ΛοΓοΣ
3131 913 3266 970 Nl".

2619 1021 2762 1090 Περὶ
2801 1025 2910 1079 τοῦ
2933 1025 3020 1094 μὴ
3044 1031 3472 1098 μνησικακεῖν.

2340 1127 2444 1184 Τὸν
2481 1127 2611 1206 περὶ
2643 1132 2740 1189 τοῦ
2780 1137 2856 1209 μὴ
2887 1141 3292 1199 ἀνταποδοῦναι
3319 1148 3483 1202 κακὸν
3527 1152 3631 1208 ἀντὶ
3654 1162 3768 1214 κακιί

2267 1219 2428 1289 λόγον
2455 1223 2803 1292 τελέσαντες,
2847 1230 3202 1305 μετέλθωμεν
3234 1236 3332 1290 καὶ
3369 1241 3446 1302 είς
3472 1243 3554 1295 τὸν
3578 1245 3658 1314 τῆς
3683 1266 3768 1319 μνη-

2269 1313 2556 1380 σικακίας.
2611 1319 2686 1370 υὺ
2726 1319 2894 1390 μόνον
2939 1321 3070 1394 γὰρ,
3127 1325 3376 1398 ἀδελφοὶ,
3426 1331 3520 1386 οὐκ
3561 1313 3768 1410 basileus.

2269 1409 2638 1491 μνησικακεῖν
2686 1413 2803 1474 τοῖς
2855 1414 3184 1484 ὁμογενέσιν
3209 1421 3310 1472 καὶ
3346 1423 3768 1495 ὁμοσάρκοις,ἀλὶὰ

2265 1484 2608 1566 τούναντίον,
2662 1499 3080 1575 Χριστιανικῶς
3121 1511 3439 1582 φερόμενοι,
3472 1518 3558 1570 καὶ
3591 1521 3690 1582 τοὺς
3711 1542 3768 1578 κα.

2265 1589 2398 1651 κοὺς
2451 1589 2866 1662 ἀγαθύνοντες,
2911 1599 3010 1652 καὶ
3063 1602 3449 1670 ὲφαπλοῦντες
3509 1608 3589 1661 ἐπ’
3637 1615 3768 1679 αὐτοὺς

2265 1677 2470 1752 πολλὴν
2496 1680 2837 1757 ἁγαοότητα,
2869 1689 2969 1743 καὶ
2991 1691 3406 1760 ἐπιδεικνύντες
3430 1697 3516 1752 διὰ
3543 1700 3636 1756 τῶν
3654 1677 3766 1775 ἔργον

2265 1769 2498 1836 ἑαυτοὺς
2531 1773 2830 1846 ἀληθινοὺς
2861 1779 3116 1852 μαθητὰς
3153 1785 3254 1840 τοῦ
3285 1787 3544 1858 Χριστοῦ,
3572 1793 3642 1845 ὅτι
3665 1769 3766 1860 eis;

2265 1863 2510 1930 χρηστός
2545 1863 2698 1918 ἐστιν
2737 1866 2834 1920 ἐπὶ
2863 1869 2992 1934 τοὺς
3033 1875 3319 1946 πονηροὺς
3366 1878 3463 1932 καὶ
3506 1881 3765 1952 ἀχαρίστως.

2265 1950 2457 2014 Οὕτως
2479 1952 2577 2033 οὖν
2619 1955 2718 2010 καὶ
2744 1957 2909 2030 ἡμεῖς
2944 1960 3264 2034 ὀφείλομεν,
3296 1967 3356 2020 ὲν
3396 1967 3582 2037 ἅπασι,
3610 1950 3767 2028 itaadd

2263 2042 2500 2097 δυνατὸν
2553 2046 2710 2115 ἡμῖν,
2768 2050 3118 2122 μιμήσασθαι
3162 2053 3262 2109 τδν
3311 2055 3517 2129 Κύριον
3555 2063 3700 2132 ἡμῶν.
3731 2066 3764 2118 Εἰ

2264 2131 2450 2187 τοίνυν
2485 2134 2869 2208 ἐπιθυμοῦμεν
2888 2139 2984 2194 τοῦ
3009 2147 3374 2215 μακαρισμοῦ
3401 2148 3581 2216 αὐτοῦ,
3601 2151 3653 2206 οὐ
3673 2154 3763 2222 μόνα

570 2209 992 2284 benignitatem.
1050 2217 1132 2274 Ad
1189 2237 1318 2278 eum
1371 2227 1602 2282 modum
1649 2229 1738 2300 pia
1799 2235 2157 2292 contentione

2262 2225 2363 2294 τὴν
2391 2227 2518 2280 κατ’
2542 2227 2832 2300 ἐνέργειαν
2873 2209 3048 2302 ὀργῆν
3093 2209 3343 2291 animm
3377 2209 3757 2310 ὀφείλομεν,’ὰῇὶ

567 2299 774 2360 imitari
810 2307 1107 2366 Dominum
1157 2313 1452 2380 debemus,
1482 2299 1764 2389 quatenus
1795 2323 1988 2381 sinunt
2027 2326 2166 2382 viri-

565 2400 708 2456 cuia:
735 2412 958 2460 nostrai.
998 2405 1142 2464 Sane
1169 2409 1214 2465 si
1243 2427 1352 2481 qua
1393 2413 1628 2471 incessit
1672 2417 1876 2489 cupido
1909 2420 2168 2476 obtinen-

562 2491 650 2546 da:
678 2493 980 2565 aliquando
1003 2498 1392 2567 beatitudinis,
1420 2505 1542 2576 ejus
1581 2521 1808 2565 necesse
1832 2510 1904 2566 sit
1936 2510 2074 2566 iram
2105 2519 2168 2568 ut

562 2599 878 2649 arceamus.
901 2604 1015 2646 non
1051 2591 1121 2646 ab
1139 2608 1314 2664 opere
1363 2597 1566 2664 solum,
1601 2599 1699 2656 sed
1730 2616 1836 2658 nec
1862 2602 1921 2658 in
1956 2605 2161 2660 mentis

561 2674 908 2734 domicilium
940 2681 1187 2756 sinamus
1214 2685 1472 2744 alicunde
1499 2689 1768 2762 irrepere.
1795 2693 1987 2766 Neque
2014 2697 2165 2752 enim

563 2768 704 2822 tanti
729 2779 816 2825 est
839 2771 898 2826 in
921 2772 1042 2843 ipso
1081 2776 1532 2837 incandescentis
1563 2783 1658 2839 ira:
1683 2785 1920 2843 articulo
1943 2787 2166 2846 frenare

561 2873 646 2924 os,
671 2875 776 2916 nec
809 2863 984 2919 ullum
1020 2866 1355 2937 depromere
1379 2873 1613 2929 verbum
1644 2879 1904 2950 concepti
1953 2879 2163 2938 furoris

560 2951 732 3008 index
761 2971 774 3008 :
807 2947 1028 3028 1111'
1049 2961 1244 3029 quanti
1285 2972 1371 3018 est
1403 2980 1711 3038 expurgare
1741 2947 1840 3024 cor
1881 2971 1952 3026 ab
1990 2973 2143 3028 omni

559 3055 803 3116 acceptae
836 3046 1058 3119 injuriae
1110 3051 1406 3126 inammna,
1435 3064 1492 3112 et
1517 3057 1738 3115 insuavi
1779 3063 2070 3129 memoria,
2102 3072 2164 3120 ut

559 3147 632 3190 ne
662 3143 846 3192 tecum
887 3139 1160 3198 adversus
1183 3143 1413 3201 fratrem
1455 3147 1744 3219 quidpiam
1783 3151 2040 3225 malignae
2068 3169 2164 3211 co-

558 3228 850 3300 gitationis
897 3233 1068 3290 tacita
1113 3247 1300 3294 mente
1344 3238 1632 3296 obverses.
1663 3241 1954 3314 Siquidem
1987 3263 2160 3303 evan-

452 3377 462 3388 ί
557 3319 732 3390 gelica
761 3320 1018 3380 doctrina
1049 3341 1176 3382 cum
1221 3325 1418 3398 primis
1470 3330 1633 3401 jubet
1673 3332 1744 3388 ab
1793 3335 1981 3392 radice
2039 3352 2162 3408 pec-

558 3423 682 3470 cata
730 3417 1005 3472 exscindi.
1038 3416 1140 3476 Irae
1188 3419 1339 3486 enim
1373 3421 1620 3480 radicem
1660 3442 1892 3497 prorsus
1921 3445 1954 3485 a
1987 3431 2158 3486 corde

557 3505 605 3560 si
649 3508 952 3574 excideris,
999 3512 1111 3582 jam
1154 3528 1266 3568 non
1301 3512 1493 3570 odium
1535 3519 1666 3584 erit,
1701 3533 1813 3575 non
1846 3519 2055 3578 invidia
2083 3523 2154 3579 ad

2269 2318 2366 2370 καὶ
2393 2319 2494 2390 τὴν
2526 2321 2668 2374 κατά
2711 2321 2976 2380 διάνοιαν.
3011 2323 3150 2383 Οὔτε
3183 2327 3296 2400 γὰρ
3342 2331 3589 2386 τοσοῦτόν
3610 2334 3748 2387 ἐστιτώ

2269 2411 2497 2483 κρατεῖν
2541 2411 2638 2468 τοῦ
2691 2418 2962 2488 στόματος
3007 2419 3067 2472 ἐν
3091 2418 3277 2492 καιρῷ
3309 2419 3509 2492 θυμοῦ,
3535 2423 3620 2476 καὶ
3647 2425 3702 2494 μὴ
3715 2426 3759 2478 l1-

2269 2504 2464 2576 φέρειν
2507 2507 2730 2579 ῥήματα
2777 2508 3056 2581 μανιώδη’
3097 2510 3227 2565 ὅσον
3271 2513 3334 2566 τὸ
3381 2513 3677 2586 καθαρίζειν
3709 2515 3762 2584 τὴν

2269 2597 2495 2668 καρδίαν
2526 2599 2640 2654 ἀπὸ
2665 2601 3060 2672 μνησικακίας.
3084 2604 3180 2656 καὶ
3205 2603 3288 2675 μὴ
3317 2604 3660 2677 ἀναστρέφειν
3678 2607 3764 2676 cui

2265 2688 2483 2762 διανοίᾳ.
2519 2689 2662 2745 κατὰ
2689 2691 2786 2746 τοῦ
2815 2692 3051 2764 ἀδελφοῦ
3089 2697 3371 2768 πονηροὺς
3399 2697 3684 2770 λογισμούς.
3701 2699 3766 2760 Τὰς

2269 2783 2426 2854 ῥίζας
2466 2783 2578 2855 γὰρ
2617 2783 2728 2838 τῶν
2775 2784 3209 2859 ἁμαρτημάτων
3237 2789 3598 2846 ἐκκόπτεσθαι
3621 2805 3767 2862 παρατ-

2265 2873 2449 2945 γέλλει
2483 2875 2516 2946 ἡ
2551 2876 2884 2949 εὐαγγελικὴ
2923 2876 3272 2936 διδασκαλία.
3312 2882 3429 2952 Τῆς
3453 2883 3600 2954 ῥίζης
3617 2883 3769 2954 me:-

2265 2964 2534 3034 κοπείσης
2568 2963 2664 3018 τοῦ
2693 2965 2870 3037 θυμοῦ
2917 2967 3026 3023 ἀπὸ
3077 2969 3179 3038 τῆς
3215 2971 3470 3042 καρδίας,
3515 2971 3624 3026 οὔτε
3652 2975 3769 3044 μῖσος.

2264 3055 2390 3111 οὔτε
2434 3057 2632 3126 φθόνος
2675 3059 2758 3122 είς
2807 3058 2972 3130 ἔργον
3019 3062 3458 3136 προαχθήσεται.
3490 3063 3674 3136 Ὠσπερ
3713 3059 3770 3117 οὖν

2266 3147 2511 3213 σκοτίζει
2547 3147 2702 3219 ἥλιον
2749 3148 3068 3222 ὑποδραμδν
3113 3151 3304 3220 νέφος,
3347 3151 3521 3218 οὕτως
3556 3152 3660 3208 νοῦν
3675 3154 3770 3216 λογι-

2265 3239 2404 3310 σμὸς
2453 3240 2846 3312 μνησικακίας.
2889 3239 2979 3296 Ἐν
3013 3245 3356 3316 μνησικάκῳ
3383 3245 3493 3318 γὰρ
3521 3245 3648 3317 ψυχῇ
3681 3243 3770 3298 ἁλώ-

2263 3349 2433 3396 πεκες
2461 3332 3016 3404 κατασκηνώσουσιν,
3061 3335 3158 3388 καὶ
3189 3337 3253 3389 ἐν
3287 3339 3656 3408 τεταραγμένῃ
3680 3353 3770 3404 κερ-

2260 3423 2351 3495 δίᾳ
2399 3422 2574 3496 θηρία⁸
2625 3423 3028 3494 φωλεύσουσιν.
3063 3427 3175 3480 Καὶ
3225 3427 3421 3499 ὥσπερ
3457 3428 3588 3501 ἀνὴρ
3635 3427 3770 3499 capto:

2261 3513 2609 3585 καταγώγιον
2637 3516 2864 3588 αἰσχρὸν
2886 3515 3103 3588 φεύγει,
3136 3517 3320 3584 οὕτως
3351 3522 3446 3576 καὶ
3468 3523 3496 3576 ὁ
3523 3521 3656 3585 Θεὸς,
3681 3535 3772 3588 μνη-

557 3615 700 3669 opus
738 3617 915 3672 usque
945 3605 1358 3674 progredietur.
1395 3609 1586 3681 Itaque
1617 3618 1680 3666 ut
1713 3612 2157 3672 radiosissimum

2265 3607 2492 3662 σίκακον
2532 3607 2798 3681 καρδίανο
2827 3609 2922 3664 καὶ
2967 3609 3028 3665 ὃν
3077 3611 3287 3684 τρόπον
3329 3614 3534 3679 καπνὸς
3573 3614 3770 3685 ταράσσει

557 3692 692 3748 solis
717 3693 887 3765 jubar
927 3696 1362 3759 subtercurrens
1401 3702 1701 3760 obumbrat
1737 3711 1794 3760 et
1821 3706 2028 3762 occulit
2058 3726 2162 3765 nu-

555 3785 680 3849 bes,
711 3787 787 3844 ita
815 3800 870 3844 et
900 3791 1074 3846 menti
1117 3801 1326 3850 nostrae
1355 3794 1444 3850 vel
1476 3795 1594 3850 sola
1642 3807 1886 3868 accepta
1939 3797 2160 3873 injuriae

555 3876 820 3948 cogitatio
884 3879 1114 3936 densam
1173 3885 1446 3954 oppandit
1492 3886 1806 3958 caliginem.
1859 3887 1921 3946 lu
1971 3891 2158 3948 anima

555 3969 706 4025 enim
775 3971 857 4028 sic
938 3975 1120 4031 tenaci
1203 3975 1535 4050 iniuriarum
1619 3979 1904 4038 insidiosae
1959 3983 2158 4056 vulpes

554 4073 718 4114 suum
752 4061 861 4118 sibi
895 4063 1072 4136 ﬁgunt
1117 4075 1289 4138 atque
1334 4069 1682 4128 exaedificant
1729 4073 2030 4132 umbratile
2071 4084 2156 4132 ta-

554 4149 944 4224 bernaculum,
993 4157 1165 4226 inque
1247 4161 1522 4232 ejusmodi
1577 4160 1749 4219 corde
1801 4165 2150 4235 turbulento,

553 4251 817 4314 tanquam
851 4245 910 4301 in
941 4249 1162 4318 spelaeis
1196 4253 1595 4312 retrusissimis
1644 4256 1983 4313 delitescunt
2017 4257 2152 4316 ferae

555 4331 848 4414 immanes.
879 4337 952 4394 Ut
982 4339 1220 4410 quisque
1250 4343 1388 4398 casti
1440 4345 1674 4414 pudoris
1707 4347 2148 4415 amantissimus,

555 4425 879 4497 longissime
925 4445 985 4485 se
1035 4433 1331 4490 submovet
1373 4436 1443 4490 ab
1477 4436 1722 4495 obsceno
1747 4447 1806 4495 et
1839 4439 2031 4494 infami
2061 4440 2146 4496 di-

555 4517 828 4574 verticulo
879 4523 1259 4591 meretricum,
1291 4525 1366 4582 ita
1400 4542 1624 4599 quoque
1658 4529 1808 4587 Deus
1853 4545 1950 4585 cor
1982 4546 2150 4586 aver-

554 4618 710 4665 satur
738 4621 796 4666 et
823 4613 1036 4686 defugit
1069 4617 1190 4688 ejus
1216 4619 1308 4688 qui
1339 4618 1498 4674 fixius
1520 4622 1790 4678 memoria
1817 4631 1968 4678 tenet
2004 4623 2150 4677 irro-

553 4715 736 4774 gatam
768 4707 875 4762 sibi
907 4709 1188 4781 injuriam.
1213 4713 1694 4780 Quemadmodum
1728 4716 1918 4774 fumus
1953 4717 2148 4774 obtur-

2261 3700 2603 3771 ὀφθαλμοὺς,
2631 3699 2809 3766 οὓτως
2841 3702 3186 3772 μνησίκακος
3217 3705 3281 3758 ὲν
3313 3705 3495 3776 καιρῷ
3515 3701 3768 3776 προσευχῆς.

2272 3791 2625 3865 Ἀκούσωμεν
2653 3789 2758 3857 οὖν,
2793 3794 2847 3848 τί
2892 3793 3208 3850 ἐντέλλεται
3237 3798 3376 3869 ἡμῖν
3399 3799 3468 3852 δι’
3503 3795 3690 3860 ὲαῦτοῦ,
3709 3791 3768 3848 καὶ

2259 3883 2368 3941 τῶν
2398 3882 2606 3938 δούλων
2643 3885 2810 3939 αὑτοῦ
2853 3887 2884 3938 ὁ
2925 3887 3155 3959 Κύριος.
3190 3889 3504 3962 Τοιγαροῦν
3535 3885 3766 3960 διαμαρτᾶ-

2257 3995 2420 4054 ρεται,
2442 3979 2576 4050 ἡμῖν
2603 3981 2634 4034 ό
2667 3981 2962 4052 προφήτης
2997 3981 3304 4054 Ζαχαρίας,
3349 3984 3542 4056 λέγων,
3582 3981 3765 4037 «Κακξσν

2255 4069 2488 4146 ἕκαστος
2515 4071 2596 4144 τῷ
2632 4071 2852 4144 ἀδελφῷ
2888 4073 3056 4128 αὐτοῦ
3086 4074 3162 4148 μὴ
3191 4073 3598 4150 μνησικακείτω
3626 4076 3674 4127 ἐν
3690 4071 3764 4130 cui;

2255 4140 2505 4234 καρδίαις
2529 4140 2706 4234 ὑμῶν.
2741 4183 2760 4216 ι
2777 4140 2864 4206 τ-λ-
2883 4184 2904 4217 ε
2931 4140 3210 4231 Ἕκαστος
3233 4140 3337 4241 την
3360 4169 3550 4223 κακίαν
3571 4165 3649 4220 τοῦ
3673 4163 3762 4230 πλη-

2253 4254 2371 4308 σίον
2413 4255 2580 4309 αὑτοῦ
2632 4255 2714 4328 μὴ
2759 4255 3067 4324 λογιζέσθω
3093 4259 3154 4311 ὲν
3181 4263 3311 4325 ταῖς
3335 4259 3578 4331 καρδίαις
3602 4255 3760 4326 ὑμῶν’

2249 4345 2364 4399 Καὶ
2386 4345 2569 4412 ἄλλος,
2609 4363 2628 4398 ι
2659 4347 2758 4409 Ὃς
2792 4350 3153 4418 μνησικακεῖ,
3184 4351 3556 4422 παράνομος.»
3586 4345 3675 4400 Kal
3694 4341 3761 4395 πᾶ-

2249 4429 2352 4501 λιν,
2389 4453 2410 4488 ί
2449 4436 2510 4490 '0
2571 4435 2842 4509 κρύπτων
2883 4436 3112 4509 ἔχθραν,
3169 4440 3491 4521 συνίστησιν
3533 4440 3674 4494 δόλον.
3705 4432 3759 4484 Ἓν

2249 4527 2414 4582 παντὶ
2430 4527 2731 4598 ἀδικήματι
2747 4528 2822 4600 μὴ
2845 4531 3272 4603 μνησικακήσῃς
3282 4529 3389 4586 τδν’
3400 4530 3653 4604 πλησίον.»
3669 4523 3756 4578 Ἀλλ’

2253 4641 2274 4674 ι
2309 4621 2437 4675 Ἐὰν
2475 4621 2643 4694 πεινᾷ
2673 4623 2702 4676 ὁ
2729 4620 2926 4692 ἐχθρός
2989 4638 3108 4686 σου,
3157 4623 3326 4695 τρέφε
3390 4623 3576 4678 αὐτόν’
3602 4615 3755 4673 καὶέὲν

2245 4711 2397 4784 διψᾷ,
2411 4712 2600 4778 πότιζε
2621 4713 2803 4767 αὐτόν.
2819 4732 2838 4767 ι
2855 4713 2970 4768 Καὶ
2988 4712 3174 4780 πάλιν,
3205 4733 3224 4766 ι
3240 4716 3412 4786 ’Ἄφες
3426 4715 3488 4769 τὺ
3502 4701 3753 4782 ἀδίκηματῷ

552 4796 649 4853 bat
676 4809 733 4856 et
761 4801 1160 4860 circumfundit
1215 4805 1526 4876 quamlibet
1555 4809 1933 4880 perSpicacem
1968 4805 2144 4866 aciem

2260 4805 2465 4878 πλησίφ
2487 4822 2605 4861 σου.
2627 4806 2739 4860 Καὶ
2765 4806 2890 4861 τότε
2932 4807 3221 4880 δεηθέντος
3247 4807 3344 4864 σοῦ
3369 4810 3426 4863 αἱ
3445 4803 3677 4878 ἁμαρτίαι
3700 4813 3750 4848 σω

549 4893 866 4960 oculorum,
895 4896 977 4951 sic
1005 4905 1062 4951 et
1094 4898 1372 4956 orationis
1401 4907 1652 4970 tempore
1693 4902 1960 4958 memoria
2007 4919 2143 4959 con-

2246 4895 2640 4966 λυθήσονται.)
2691 4897 2804 4950 Καὶ
2849 4898 3087 4967 ἐπάγειο
3140 4915 3161 4950 σ
3201 4898 3516 4970 Ἀνθρωπος
3555 4885 3750 4960 ἀνθρώπιῐ

550 4985 796 5044 ιιιωοιίαι
849 4987 1119 5045 mentem‘
1155 5005 1257 5046 sua
1316 4962 1648 5064 intemperie
1696 4995 1960 5068 exagitat.
1996 4995 2140 5064 Quid

2260 4962 2511 5058 συντηρεῖ
2559 4986 2755 5060 ὀργὴν,
2788 4987 2884 5043 κα)⁵
2921 4962 3077 5064 ποιρά
3103 4990 3244 5045 Θεοῦ
3283 4962 3440 5061 ζητεῖ
3462 4987 3612 5041 ἴασιν.
3637 4975 3748 5068 Aid;

550 5076 739 5148 itaque
823 5078 1143 5136 faciendum
1205 5082 1370 5147 nobis
1451 5086 1778 5156 praescribat
1851 5085 2142 5156 Dominus,

549 5183 651 5237 per
676 5184 736 5225 se
777 5185 1022 5242 suosque
1064 5189 1278 5242 servos,
1308 5177 1523 5234 intenta
1563 5179 1944 5257 percipiamus
1985 5197 2143 5238 aure.

551 5255 612 5313 lu
665 5259 869 5330 primis
919 5279 1023 5320 suo
1057 5267 1383 5325 testimonio
1423 5271 1804 5341 praescriptam
1853 5255 2148 5329 confirmat

553 5353 892 5408 scrutantium
949 5356 1246 5415 Zacharias
1286 5362 1560 5432 propheta
1613 5381 1626 5417 :
1686 5383 1704 5414 ε
1734 5363 2020 5432 Malitiam,
2071 5365 2150 5420 in.

555 5441 698 5510 quit,
733 5459 806 5500 ne
839 5449 1155 5506 meminerit
1203 5452 1586 5524 unusquisque
1635 5455 1910 5512 adversus
1961 5459 2148 5527 proxi-

557 5547 709 5588 mum
759 5551 922 5592 suum
980 5540 1034 5596 in
1091 5543 1361 5601 cordibus
1388 5547 1590 5602 vestris
1605 5547 1673 5602 ⁸⁸.
1706 5567 1723 5600 ι
1757 5548 1917 5605 Alius
1948 5549 2141 5605 eodem

659 5735 704 5764 an
738 5733 930 5794 Matth,
963 5755 1015 5804 ν,
1058 5739 1144 5807 59,
1176 5741 1262 5809 40,
1295 5744 1378 5798 «Η.
1459 5745 1500 5776 ’³³
1536 5745 1670 5802 ibid.
1703 5749 1789 5802 Μ.

2246 5081 2392 5151 σὰρξ
2439 5079 2538 5142 ὢν.
2565 5080 2823 5154 διατηρεῖ
2866 5081 3052 5154 μῆνιν,
3101 5083 3199 5138 καὶ
3245 5081 3330 5146 τίς
3375 5077 3650 5146 ὲξιλάσεται
3689 5066 3750 5126 τὶς

2252 5175 2535 5247 ἁμαρτίας
2569 5173 2766 5241 αὐτοῢ;
2795 5193 2814 5228 ι
2864 5175 2978 5230 Kal
3025 5176 3319 5248 ἐπιφέρειο
3378 5169 3669 5242 «Μνήσθητι
3707 5175 3749 5210 τι

2253 5268 2463 5340 ἔσχατά
2511 5287 2631 5334 σου,
2683 5269 2784 5324 καὶ
2823 5269 3034 5324 παῦσαι
3078 5269 3443 5342 ἐχθραίνων.›
3501 5262 3601 5320 Καὶ
3625 5253 3747 5312 αὖθις.

2261 5381 2282 5414 ι
2317 5361 2588 5432 Ἀπόσχου
2621 5362 2732 5416 ἀπὸ
2772 5361 2979 5435 μάχης,
3013 5361 3110 5417 καὶ
3139 5361 3461 5422 ἐλαττώσεις
3481 5350 3743 5427 ἁμαρτίαν

2257 5455 2368 5509 Καὶ
2397 5456 2425 5508 ὁ
2460 5455 2902 5528 Παροιμιαστὴς,
2940 5474 2960 5507 ι
2981 5454 3153 5520 Φόϐος
3178 5453 3404 5526 Κυρίου,
3435 5447 3570 5519 μισεῖ
3586 5437 3744 5542 κακίων

2254 5549 2414 5621 ὓϐριν
2446 5567 2506 5604 τε
2555 5549 2653 5604 καὶ
2701 5548 3112 5630 ὑπερηφανίαν,
3171 5548 3268 5602 καὶ
3309 5546 3451 5609 ὁδοὺς
3491 5541 3737 5608 πονηρῶν-³

1894 5749 1940 5781 ⁸³
1968 5748 2100 5804 Luc.
2133 5764 2206 5813 vi,
2245 5749 2332 5803 36.
2415 5751 2458 5780 ’δε
2489 5750 2654 5806 Zach.
2695 5766 2814 5808 vm.
2849 5751 2931 5806 l7.
