3944 6470
169 371 352 448 15217
1241 370 1575 442 HOMILIA
1619 370 1767 442 LIV.
1791 405 1860 418 -—
1891 381 1990 444 DE
2029 370 2501 445 INIMICITIIS.
3359 375 3497 450 1598

173 495 329 550 Καὶ
376 491 562 560 πάλιν,
613 513 630 546 ι
659 493 754 564 Μὴ
784 492 968 567 εἴπῃς,
1003 493 1102 548 ’ον
1135 491 1338 564 τρόπον
1387 493 1660 566 ἐχρήσατὸ
1691 511 1805 562 μοι,

1922 495 2178 566 respicit:
2209 515 2228 548 ‹
2253 495 2652 566 Unusquisque
2697 493 2966 550 malitiam
3017 493 3256 566 proximi
3305 496 3394 551 sui
3425 512 3500 553 ne

168 587 496 658 χρήσομαι
515 585 700 666 αὐτῷς
725 583 782 656 ἢ,
813 586 1054 656 Τίσομαι
1101 585 1288 652 αὐτὸν,
1322 583 1358 638 ὅ.
1390 602 1457 654 με
1482 584 1794 654 ἠδίκησεν.»

1922 585 2163 656 :ogitetis
2187 587 2244 640 in
2273 584 2537 640 cordibus
2553 584 2756 640 vestris
2775 585 2845 638 ⁸⁷.
2875 603 2895 638 ι
2923 583 3140 640 Rursus
3165 601 3182 640 :
3205 603 3223 636 ι
3249 584 3355 651 Qui
3377 599 3494 642 me-

173 677 332 731 Καὶ
380 675 558 743 αὖθις,
603 696 620 730 ι
649 679 740 749 Μὴ
770 677 962 750 εἴπῃς,
997 676 1235 749 Τίσομαι
1290 677 1385 729 τὸν
1433 677 1798 749 ἐχθρόν-μουο

1922 676 2068 730 ninit
2087 677 2326 747 iniuriae,
2350 675 2576 746 iniquus
2595 676 3088 743 “.ilterumthui
3119 677 3362 731 occultat
3387 675 3498 731 ini-

175 773 334 825 ἀλλ’
395 771 692 841 ὑπόμεινον
739 772 832 825 τὸν
873 772 1080 843 Κύριον
1139 771 1227 825 ἵνα
1279 785 1364 824 σοι
1404 769 1672 842 primum];
1717 770 1806 823 Ἐν

1922 769 2195 834 nicitiam,
2245 769 2541 825 concinnat
2586 769 2870 836 dolum”;
2907 768 2970 824 In
3019 769 3170 824 omni
3207 769 3500 840 iniustitia,

177 865 358 928 ὁδοῖς
389 865 498 935 γὰρ
544 861 892 935 δικαιοσύνης
935 865 1072 935 ζωὴ,
1108 863 1221 916 ὁδοὶ
1248 861 1307 916 δὲ
1341 861 1701 932 μνησικάκων
1727 861 1808 923 εἰς

1922 877 1981 916 1e
1997 863 2074 917 sis
2099 877 2312 918 memor
2332 861 2796 934 iniuriaeproximi
2816 863 2898 929 9°;
2929 881 2948 912 ι
2973 861 3068 921 sed
3090 879 3136 916 τι
3163 862 3222 918 Si
3240 861 3501 916 esurierit

183 957 470 1012 θάνατον.
495 975 514 1009 ι
550 958 658 1011 Καὶ
689 961 717 1011 ὁ
763 957 1056 1020 Ἰάκωϐος·
1103 975 1123 1008 ι
1161 955 1517 1024 Ἀποθέμενοι
1562 949 1656 1008 οὖν
1706 954 1808 1006 πᾶ-

1922 955 2080 1009 Frater
2106 962 2254 1017 tuus,
2276 956 2396 1010 ciba
2426 955 2612 1023 illum;
2635 955 2681 1012 si
2707 956 2847 1020 sitit,
2877 964 3068 1026 potum
3100 955 3171 1011 da
3187 955 3319 1009 ei".
3346 973 3364 1005 ι
3389 955 3458 1008 Et
3485 973 3498 1008 :

1917 1068 1937 1098 ‹
1957 1047 2182 1104 Dimitte
2213 1048 2473 1120 iniuriam
2511 1051 2788 1120 proximo,
2813 1058 2868 1106 et
2901 1063 3034 1104 tunc
3059 1049 3392 1118 deprecante
3424 1055 3501 1110 te,

1910 1147 2138 1208 peccata
2171 1148 2262 1194 tua
2291 1141 2576 1196 solventur
2593 1141 2662 1196 ”.
2694 1161 2712 1194 ι
2753 1141 3010 1196 Inducit:
3045 1159 3063 1192 ι
3085 1141 3262 1195 llomo
3289 1139 3502 1193 homini

1913 1237 2205 1284 conservat
2231 1231 2392 1296 iram,
2411 1239 2468 1286 et
2485 1247 2513 1288 a
2538 1232 2650 1288 Deo
2663 1233 2862 1302 qumrit
2885 1231 3156 1287 medelam
3172 1230 3354 1285 ?Talis
3373 1243 3503 1284 caro

1913 1334 2038 1374 cum
2089 1320 2180 1382 sit,
2216 1331 2460 1376 reservat
2488 1322 2662 1389 iram;
2693 1331 2750 1378 et
2773 1323 2901 1393 quis
2923 1321 3248 1392 pro‘pitiabit
3279 1328 3503 1390 peccata

1916 1412 2166 1467 illius”?
2194 1431 2210 1464 ι
2243 1413 2452 1468 infert:
2485 1433 2503 1465 ι
2528 1414 2806 1470 Memento
2834 1413 3292 1476 novissimorum,
3321 1420 3378 1466 et
3406 1410 3506 1466 de-

1915 1505 2036 1560 sine
2063 1504 2360 1568 in‘imicari,
2386 1506 2603 1561 abstine
2627 1507 2796 1571 alite,
2823 1513 2878 1562 et
2903 1509 3123 1562 minues
3144 1513 3378 1573 peacata
3396 1503 3462 1554 9*.
3479 1521 3496 1552 ι

192 1067 321 1104 σαν
363 1050 661 1122 ῥυπαρίαν,
703 1051 799 1104 καὶ
855 1049 1181 1122 περισσείαν
1237 1048 1461 1112 κακίας,
1520 1048 1580 1099 ἐν
1639 1045 1810 1116 πραύ-

189 1161 347 1214 τητι
389 1143 616 1208 δέξασθε
655 1130 761 1197 τεὸν
818 1143 1060 1214 ἔμφυτον
1127 1141 1306 1210 λόγον,
1369 1138 1670 1208 δυνάμενον
1701 1135 1810 1189 σῶ-

197 1253 313 1288 σαι
339 1237 438 1299 τὰς
468 1235 670 1310 ψυχὰς⁵
697 1235 874 1308 ὑμῶν.
908 1253 926 1286 ι
971 1235 1032 1288 '0
1067 1234 1124 1288 δὲ
1163 1232 1398 1296 Παῦλος,
1437 1249 1456 1282 ι
1483 1230 1576 1302 Μὴ
1623 1227 1812 1282 παιδία

193 1329 444 1397 γίνεσθε
479 1331 602 1392 ταῖς
641 1329 826 1399 φρεσὶ,
860 1328 993 1382 ἀλλὰ
1021 1329 1086 1398 τῇ
1121 1326 1290 1396 κακίᾳ
1311 1322 1632 1394 νηπιάζετε.
1659 1336 1678 1372 1
1703 1320 1811 1374 Φύ-

195 1435 415 1490 γωμεν
449 1416 562 1485 οὖν,
593 1417 836 1488 ἀδελφοὶ,
858 1419 922 1472 τὸ
947 1417 1192 1490 ὀλέθριον
1219 1418 1392 1480 πάθος
1413 1418 1512 1484 τῆς
1542 1430 1812 1486 μνησικα·

198 1511 372 1574 κίας,
406 1511 493 1565 ἵνα
545 1511 620 1582 μὴ
675 1511 1099 1583 ἁπαλλοτριώσῃ
1147 1511 1294 1580 ἡμᾶς
1348 1509 1448 1576 τῆς
1496 1507 1634 1578 πρὸς
1680 1507 1814 1560 Θεὸν

201 1601 580 1672 παρῤησίαςο
628 1601 690 1653 οὐ
731 1601 841 1671 γὰρ
895 1601 1162 1670 τολμήσει
1205 1617 1310 1664 τις,
1343 1617 1516 1654 νοσων
1556 1599 1718 1651 τοῦτο
1753 1597 1816 1650 τὸ

1922 1598 2297 1652 Paroemlastes
2326 1615 2339 1651 :
2370 1617 2388 1647 ι
2407 1597 2596 1652 Timor
2613 1597 2828 1652 Domini
2851 1597 2972 1652 odit
2995 1595 3284 1656 malitiam,
3303 1601 3503 1648 contu-

200 1693 446 1763 νόσημα
495 1693 593 1763 τῆς
652 1695 1048 1764 μνησικακίας,
1081 1693 1430 1763 παραστῆναι
1474 1691 1554 1762 τῷ
1592 1689 1713 1760 Θεῴ
1757 1693 1815 1743 ἐν

1922 1691 2158 1752 meliam,
2203 1687 2758 1760 superbiam}‘etvias
2782 1704 3077 1760 pravorum
3095 1688 3164 1742 ³⁸.
3185 1707 3204 1740 ι
3243 1686 3454 1740 Rursus
3485 1699 3502 1737 :

205 1785 446 1856 καθαρᾷ
494 1787 796 1856 προσευχῇ.
855 1785 1143 1838 κωλύεται
1185 1784 1296 1856 γὰρ
1344 1781 1438 1836 ὑπ’
1495 1781 1660 1836 αὐτοῦ
1715 1780 1811 1834 τοῦ

1927 1780 2033 1836 «Ne
2051 1779 2291 1834 dixeris:
2313 1779 2600 1847 Quomodo
2615 1781 2746 1837 fecit
2767 1782 2922 1841 mihi.
2945 1781 3141 1836 faciam
3159 1779 3211 1835 ei
3229 1795 3352 1849 qua:
3365 1776 3504 1831 mihi

207 1874 462 1945 Κυρίου,
495 1874 768 1942 λέγοντος,
824 1893 843 1925 ‹
881 1873 1009 1928 Ἐὰν
1055 1873 1377 1944 προσφέρῃς
1413 1872 1474 1924 τὸ
1499 1871 1672 1941 δῶρόν
1709 1887 1806 1924 σου

1922 1871 2042 1927 iecit
2093 1872 2298 1943 iniuste
2313 1873 2383 1928 ⁸⁸.
2425 1891 2443 1925 ι
2475 1873 2544 1928 Et
2566 1879 2585 1928 ι’
2621 1892 2641 1925 ‹
2669 1874 2750 1929 Ne
2793 1873 3004 1929 dixeris
3049 1865 3391 1927 :Vindicabo
3416 1883 3506 1924 me

207 1968 323 2022 ετιι
385 1967 448 2021 τὸ
504 1966 918 2036 θυσιαστήριον,
965 1965 1128 2018 κάκεῖ
1177 1963 1438 2034 μνησθεὶς
1495 1963 1578 2016 ὅτι
1631 1961 1745 2032 ἔχει
1783 1965 1812 2016 ὁ

1922 1963 1986 2020 de
2016 1964 2244 2020 inimico
2302 1976 2464 2032 meo;
2503 1966 2600 2022 sed
2653 1967 2869 2022 sustine
2920 1965 3242 2028 Dominum,
3278 1968 3342 2018 ut
3400 1959 3508 2016 tibi

208 2059 458 2126 ἁδελφός
490 2057 584 2111 σού
618 2075 671 2110 τι
713 2057 858 2112 κατά
891 2055 1010 2119 σοῦ,
1041 2055 1182 2126 ἄφες
1218 2059 1350 2110 ςὲκεῖ
1381 2055 1444 2110 τὸ
1489 2055 1664 2126 δῶρόν
1721 2071 1814 2108 σου

1922 2055 2278 2111 auxilietnr"
2304 2073 2318 2110 ι
2349 2056 2405 2112 in
2435 2057 2540 2112 viis
2563 2058 2712 2114 enim
2733 2058 2986 2130 iustitiae,
3011 2057 3155 2123 vita;
3182 2055 3287 2110 viae
3316 2061 3505 2110 autem

213 2149 544 2220 ἔμπροσθεν
590 2148 686 2202 τοῦ
738 2149 1154 2219 θυσιαστηρίου,
1185 2147 1282 2201 καὶ
1337 2148 1537 2216 ὕπαγε,
1599 2145 1816 2216 πρῶτον

1922 2149 2399 2205 reminisccntium
2440 2151 2678 2221 iniuriaa,
2711 2151 2779 2206 ad
2809 2157 3045 2206 mortem
3067 2149 3134 2203 ⁸⁸.
3165 2165 3186 2200 ι
3217 2145 3458 2203 Jacobus
3487 2161 3506 2198 :

210 2241 554 2311 διαλλάγηθι
602 2240 681 2312 τῷ
725 2240 942 2310 ἀδελφῷ
974 2250 1092 2305 σου,
1141 2233 1238 2292 καὶ
1267 2240 1393 2294 τότε
1431 2239 1604 2294 ἐλθὼν
1647 2237 1818 2309 πρόσ-

1927 2259 1946 2292 ‹
1976 2242 2328 2312 DepOnentes
2357 2243 2527 2314 igitur
2561 2259 2780 2299 omnem
2803 2240 3210 2298 immunditiam
3233 2245 3290 2294 et
3311 2237 3508 2293 abun-

215 2351 360 2403 φερε
395 2333 458 2388 τὸ
484 2332 661 2406 δῶρόν
687 2350 800 2388 σου.
834 2351 853 2385 ›
883 2331 1046 2404 Αύτῷ
1074 2335 1108 2404 ἡ
1130 2331 1259 2396 δόξα
1301 2334 1382 2396 είς
1421 2331 1552 2397 τοὺς
1589 2331 1814 2396 αἰῶνας.

1922 2332 2170 2389 dantiam
2191 2335 2434 2402 malitia’,
2477 2337 2533 2392 in
2585 2335 3012 2392 mansuetudine
3064 2331 3335 2402 suscipite
3364 2329 3504 2384 insi-

230 2426 440 2497 ’Δμήνο
1923 2429 2040 2479 tum
2055 2425 2286 2481 verbum
2311 2428 2454 2498 quod
2478 2436 2666 2498 potest
2687 2429 2904 2485 salvare
2927 2426 3143 2482 animas
3157 2430 3372 2480 vestras
3393 2421 3462 2476 ".
3477 2438 3496 2472 ι

221 2517 435 2572 Paulus
487 2515 623 2573 item
661 2535 675 2571 :
718 2536 737 2570 ‹
766 2517 948 2580 Nolite
995 2517 1154 2588 pueri
1207 2515 1350 2573 eﬂiei
1395 2515 1674 2583 sensibus,
1714 2515 1810 2573 sed
1851 2515 2171 2574 innocentia
2191 2523 2408 2590 parvuli
2432 2530 2610 2579 estote
2629 2523 2670 2578 ί.
2700 2541 2720 2575 ι
2754 2520 2883 2577 Haec
2943 2520 3132 2590 itaque
3189 2516 3504 2588 perniciosa

229 2613 598 2684 perturbatio,
635 2614 916 2669 memoriae
965 2627 1166 2684 nempe
1209 2611 1528 2668 retentrlcis
1577 2611 1930 2684 iniuriarum,
1964 2613 2150 2680 nobis,
2221 2614 2443 2682 fratres,
2514 2631 2850 2689 magnopere
2914 2614 3140 2672 vitanda
3203 2621 3396 2677 est,ut
3431 2628 3506 2668 ne

227 2719 338 2762 nos
365 2722 397 2761 a
426 2706 628 2762 ﬁducia
653 2705 932 2762 abalienet
959 2721 1124 2776 quam
1161 2721 1285 2776 erga
1318 2705 1490 2760 Deum
1523 2705 1816 2762 habemus.
1852 2707 2044 2778 Neque
2081 2707 2234 2762 enim
2287 2709 2382 2780 qui
2423 2709 2530 2766 ho‘c
2574 2715 2807 2782 mgrotet
2864 2722 3068 2781 genere
3113 2705 3316 2770 morbi,
3391 2701 3506 2761 Deo

227 2807 294 2856 se
329 2799 478 2854 ausit
501 2805 839 2870 praesentare
872 2812 999 2856 cum
1043 2801 1362 2856 sinceritate
1401 2799 1694 2864 orationis,
1754 2813 1860 2868 nec
1894 2801 2044 2856 enim
2101 2809 2306 2873 potest.
2345 2804 2557 2874 1112
2629 2803 2921 2859 Dominico
2969 2803 3179 2859 etenim
3234 2802 3328 2856 illo
3373 2815 3508 2870 pra:-

227 2897 398 2961 cepto
443 2898 738 2946 revocatur
795 2897 852 2947 et
901 2901 1168 2948 arcetur:
1211 2910 1230 2944 ‹
1265 2890 1324 2947 Si
1377 2890 1546 2946 offers
1607 2901 1812 2948 munus
1850 2899 2004 2949 tuum
2049 2902 2180 2951 ante
2228 2895 2422 2961 altare,
2491 2903 2549 2951 et
2603 2895 2682 2952 ibi
2740 2895 3068 2951 recordatus
3113 2893 3308 2953 fueris,
3375 2892 3506 2962 quia

229 2979 406 3037 habet
441 2981 650 3052 aliquid
683 2982 855 3039 frater
899 2983 1028 3039 tuus
1063 2983 1357 3040 adversum
1405 2991 1479 3050 te,
1545 2985 1799 3056 relinque
1863 2987 1942 3042 ibi
2009 3003 2215 3046 munus
2250 2997 2409 3046 tuum
2445 2997 2580 3046 ante
2600 2989 2810 3057 'altare,
2841 2995 2898 3044 et
2936 2989 3078 3044 vade
3126 2988 3285 3059 prius
3316 2997 3377 3042 ut
3413 2999 3510 3039 re-

229 3071 547 3131 concilieris
589 3073 750 3131 fratri
799 3083 915 3142 tuo,
958 3078 1015 3132 et
1069 3081 1203 3132 tunc
1241 3077 1340 3132 ubi
1387 3077 1644 3146 redieris,
1681 3079 1823 3136 oﬂ'er
1849 3096 2052 3138 munus
2078 3085 2300 3139 tuum’.
2323 3102 2345 3136 ι
2373 3081 2484 3154 Ipsi
2521 3081 2695 3154 gloria
2723 3081 2780 3137 in
2809 3081 3031 3138 saacula.
3061 3080 3260 3136 Amen.

831 3182 1052 3246 ΛΟΓΟΣ
1089 3187 1214 3248 ΝΔ’.

2107 3206 2116 3214 ’
2499 3187 2788 3249 HOMlLlA
2829 3191 2961 3248 LIV.

617 3295 760 3374 Περὶ
799 3294 908 3360 τοῦ
943 3303 1030 3375 μὴ
1079 3305 1444 3376 ἐχθραίνειγι

309 3416 385 3472 Τὸ
415 3410 724 3490 ἐχθραίνειν
774 3417 1090 3491 ἀνθρώποις
1129 3419 1426 3490 ὁμοφύλοις
1479 3419 1574 3474 καὶ
1615 3412 1818 3492 ὁμοπί-

237 3527 406 3578 στοις,
457 3510 720 3582 ἀθέμιτον
765 3511 864 3565 καὶ
915 3511 1259 3583 ἀνάρμοστον
1295 3514 1412 3575 τοῖς
1459 3512 1822 3584 φοϐουμένοις

234 3603 330 3658 τὸν
365 3603 526 3669 Θεὸν,
572 3603 670 3658 καὶ
708 3600 1210 3676 ἐπαγγελλομένοις
1234 3604 1574 3662 θεοσέόειαν.
1621 3606 1680 3682 ῘΟ
1709 3607 1820 3678 γὰρ

239 3695 372 3760 Θεὸς
427 3694 630 3768 ἔχθραν
667 3697 772 3750 οὐκ
815 3696 1215 3768 ἐνομοθέτησεν
1263 3696 1601 3768 ἀνθρώποις,
1659 3699 1708 3751 εί
1743 3697 1820 3770 μὴ

245 3787 404 3858 μόνον
447 3787 588 3859 πρὸς
610 3788 708 3842 τὸν
744 3787 892 3858 ὅφιν,
919 3788 1094 3859 ἧγουν
1139 3787 1279 3860 πρὸς
1326 3789 1418 3844 τὸν
1453 3789 1524 3844 δι’
1555 3787 1722 3844 αὑτοῦ
1761 3790 1821 3857 ἐξ

236 3879 414 3952 ἀρχῆς
456 3880 840 3952 ἀπατήσαντα,
875 3880 974 3944 καὶ
1000 3880 1342 3950 ἐξαγαγόντα
1383 3882 1450 3937 ὲκ
1489 3880 1821 3953 παραδείσου

117 4033 123 4037 _
237 3973 332 4026 τὸν
379 3972 693 4046 ἄνθρωπον,
749 3973 1204 4045 ἀνθρωποκτόνον
1259 3973 1532 4030 διάϐολον.
1583 3975 1824 4047 Ὁμοίως

238 4062 300 4118 δὲ
325 4062 419 4118 καὶ
447 4063 759 4136 ἐχθραίνειν
803 4063 1154 4136 προσετάχθη
1165 4082 1266 4134 μεν
1293 4065 1407 4128 τοῖς
1439 4065 1819 4136 Μαδιηναίοις,

241 4155 543 4224 τουτέστιν,
581 4158 697 4222 τοῖς
723 4157 1059 4228 ἀκαθάρτοις
1099 4155 1412 4226 πνεύμασιν
1439 4156 1539 4232 τῆς
1564 4157 1824 4229 πορνείας

240 4243 337 4298 καὶ
375 4241 854 4322 ἀσελγείαςξτοϊς
889 4243 1211 4318 σπείρουσιν
1254 4245 1386 4310 τοὺς
1428 4246 1701 4316 πονηροὺς
1728 4245 1824 4300 καὶ

245 4338 503 4410 βεϐήλους
538 4339 838 4410 λογισμοὺς
887 4340 968 4402 εἰς
1021 4339 1124 4410 τὴν
1167 4337 1422 4408 καρδίαν.
1459 4339 1702 4404 Τούτους
1750 4340 1818 4412 δὴ

243 4431 387 4506 πάσῃ
436 4432 668 4504 δυνάμει
715 4432 1024 4504 ἒχθραίνειν
1069 4431 1168 4486 καὶ
1213 4433 1682 4504 ἀποστρέφεσθαι,
1727 4434 1822 4490 ’ἵνα

2021 3297 2341 3365 Inimicitias
2365 3309 2422 3362 in
2457 3306 2667 3384 nullum
2693 3322 2911 3379 prorsus
2935 3304 3168 3361 exerceri
3195 3303 3400 3360 debere.

1986 3421 2207 3480 Infen'se
2236 3431 2403 3494 atque
2437 3421 2742 3477 inimiciter
2770 3417 3033 3492 persequi
3057 3432 3231 3472 unum
3266 3415 3511 3486 aliquem

1919 3515 2014 3587 qui
2038 3515 2137 3572 tibi
2161 3515 2234 3572 sit
2275 3515 2630 3581 contribulis,
2659 3522 2758 3570 aut
2790 3512 2921 3568 ﬁdei
2953 3525 3218 3584 germana
3262 3524 3515 3566 commu-

1917 3608 2085 3664 nione
2101 3607 2427 3673 foederetur,
2455 3607 2729 3664 nefarium
2741 3621 2996 3678 prorsus,
3024 3620 3129 3660 nec
3147 3603 3250 3659 ulli
3273 3617 3513 3660 consen-

1921 3707 2144 3757 taneum
2192 3701 2290 3772 qui
2337 3701 2512 3757 Deum
2585 3706 2866 3762 vereatur,
2931 3711 3104 3768 seque
3127 3711 3196 3752 ex
3257 3694 3514 3766 professo

1921 3793 2099 3850 cultui
2127 3793 2317 3850 divino
2356 3792 2708 3864 manciparit.
2735 3792 2930 3861 Neque
2955 3790 3107 3846 enim
3135 3789 3285 3844 Deus
3323 3786 3513 3844 inimi-

1920 3883 2085 3940 citias
2103 3883 2204 3939 ulli
2254 3883 2546 3939 hominum
2593 3883 2937 3938 exercendas
2975 3895 3073 3936 sua
3121 3879 3308 3936 sanxit
3367 3879 3514 3949 lege,

1918 3984 2290 4048 praeterquam
2335 3974 2606 4030 adversus
2637 3973 2798 4028 illum
2844 3970 3182 4028 homicidam
3228 3969 3514 4037 diabolum

1920 4069 2018 4139 qui
2046 4068 2168 4137 ipso
2199 4066 2386 4123 statim
2423 4065 2588 4122 initio
2628 4065 2785 4121 orbis
2813 4063 3026 4120 conditi
3062 4062 3349 4119 hominem
3377 4061 3514 4118 illici

1920 4160 2200 4216 lenocinio
2228 4161 2536 4216 inescatam
2561 4157 2806 4230 decepit,
2834 4165 3004 4228 atque
3025 4156 3168 4212 adeo
3193 4155 3514 4224 deceptum,

1921 4251 2242 4308 amoenitate
2263 4251 2448 4322 exegit
2495 4250 2764 4322 paradisi.
2818 4249 2980 4306 Haud
3042 4264 3207 4306 secus
3244 4247 3518 4318 iubemur

1921 4342 2249 4400 Madianitas
2297 4342 2575 4399 exsecrari
2609 4349 2667 4398 et
2691 4341 2902 4407 odisse,
2953 4340 3221 4396 nimirum
3268 4341 3518 4411 impuros

1922 4433 2048 4490 illos
2069 4434 2300 4504 spiritus
2321 4433 2712 4490 fornicationis
2734 4431 3240 4505 atqueomnifarize
3261 4430 3518 4486 libidinis

245 4520 319 4593 μὴ
349 4520 577 4593 ἐχθροὺς
606 4522 756 4593 ἡμᾶς
781 4523 1086 4593 ποιήσωσιν
1116 4520 1212 4575 τοῦ
1246 4521 1384 4578 Θεοῦ
1427 4525 1494 4576 ὲκ
1544 4523 1645 4594 τῆς
1679 4525 1818 4596 πρὸς

1922 4525 2240 4583 incentores
2263 4567 2276 4592 ,
2317 4526 2416 4597 qui
2471 4526 2762 4598 improbas
2792 4526 3166 4598 cogitationes
3223 4533 3282 4580 et
3317 4523 3516 4579 nimis-

242 4613 436 4677 αὐτοὺς
467 4611 693 4684 φιλικῆς
737 4613 978 4684 ὁμιλίας,
1011 4616 1156 4670 κατά
1196 4615 1260 4670 τὸ
1301 4615 1614 4688 εἰρημένον,
1648 4616 1823 4688 «Οὐχὶ

241 4701 366 4765 τοὺς
417 4700 715 4771 μισοῦντάς
763 4719 849 4768 σε,
903 4702 1098 4776 Κύριε,
1137 4705 1402 4776 ἐμίσησα,
1434 4705 1534 4760 καὶ
1582 4705 1678 4759 ἐπὶ
1705 4709 1824 4770 τοῖς

243 4793 453 4866 ἐχθροῖς
487 4811 582 4848 σου
611 4793 986 4867 ἐξετηκόμην;
1019 4795 1226 4852 τέλειον
1263 4799 1420 4869 μῖσος
1466 4797 1692 4868 ἐμίσουν
1721 4797 1823 4851 αύ-

177 4877 216 4948 ίλ
241 4887 383 4953 τοὺς,
420 4887 501 4952 είς
530 4887 761 4959 ἐχθροὺς
791 4887 1047 4957 ἐγένοντό
1081 4900 1194 4960 μοι.
1226 4907 1246 4941 θ
1275 4888 1423 4958 Πρὸς
1450 4889 1509 4942 δὲ
1529 4887 1822 4962 ἄνθρωπον

241 4979 304 5034 οὐ
335 4977 442 5050 χρὴ
475 4977 678 5049 ἔχθραν
709 4977 891 5050 ἔχειν·
927 4979 1172 5062 μάλιστα
1205 4980 1339 5052 περὶ
1385 4981 1594 5054 ζημίας
1628 4997 1820 5054 σωμα-

242 5069 418 5140 τικῆς,
471 5069 506 5140 ἢ
539 5069 900 5136 καταλαλιᾶς,
943 5071 979 5144 ἢ
1029 5071 1265 5144 ὕϐρεως,
1309 5073 1344 5146 ἢ
1398 5075 1502 5128 ὅσα
1549 5074 1630 5146 τῷ
1661 5073 1820 5128 αἰῶνι

241 5161 412 5234 τούτῳ
434 5162 690 5234 ἁρμόζει.
720 5163 796 5218 Οὒ
825 5165 934 5236 χρὴ
963 5164 1034 5218 δι’
1060 5165 1202 5220 αὐτὰ
1227 5165 1486 5237 ἀπεχθῶς
1513 5166 1820 5226 διακεῖσθαι

243 5254 374 5324 πρὸς
411 5253 506 5310 τὸν
546 5255 856 5328 ὁμόφυλον,
891 5256 1032 5312 ἀλλά
1077 5256 1283 5330 μᾶλλον
1335 5258 1708 5332 εὐχαριστεῖν,
1737 5259 1824 5312 ὅτι

243 5345 491 5417 πρόξενοι
541 5348 674 5418 ἡμῖν
723 5348 968 5417 γίνονται
1019 5348 1322 5422 σωτηρίας.
1363 5349 1429 5405 Ἠ
1483 5351 1596 5422 γὰρ
1626 5349 1821 5416 κακία,

243 5441 338 5510 τῆς
364 5440 464 5511 μὲν
497 5441 580 5506 είς
623 5441 759 5496 Θεὸν
809 5441 1112 5512 συναφείας
1166 5443 1502 5514 ἀπέστησεν,
1557 5444 1656 5498 καὶ
1697 5445 1824 5507 τοὺς

243 5527 561 5601 ἀνθρώπους
615 5531 865 5604 ἀλλήλων
916 5533 1224 5604 διέστησεν.
1291 5534 1511 5606 Ταύτην
1566 5529 1662 5588 οὖν
1717 5533 1825 5607 πρὸ

312 5671 356 5703 ³⁷
375 5673 550 5743 ,Εροιῇ
581 5689 690 5738 xix,
723 5673 808 5728 l0.
883 5675 928 5708 ³⁸
947 5675 1118 5731 Eccli.
1139 5693 1194 5743 κ,
1221 5675 1275 5732 6.
1350 5677 1394 5710 ⁸³
1419 5676 1565 5732 Psal.
1593 5692 1734 5731 xux.
1757 5677 1842 5734 l9.

246 5743 290 5776 sa
315 5742 446 5797 ibid,
486 5745 540 5809 5,
573 5747 628 5800 4.
729 5744 774 5778 9"
799 5745 939 5800 ibid.
980 5748 1034 5810 8,
1071 5747 1159 5802 10.
1255 5748 1302 5780 οδ
1338 5747 1500 5802 Prov.
1529 5765 1642 5806 vm.
1679 5749 1762 5803 15.

1927 4631 2091 4689 quam
2155 4617 2426 4674 obscenas
2477 4617 2638 4688 quasi
2686 4617 2906 4674 semina
2950 4616 3219 4673 cordibus
3278 4615 3517 4682 inseruit

1924 4711 2155 4771 nostris.
2183 4711 2296 4766 Hos
2327 4726 2430 4781 pro
2468 4711 2619 4766 virili
2647 4709 2910 4782 portione
2939 4717 3002 4765 ut
3033 4707 3244 4774 oderis,
3287 4721 3517 4764 necesse

1925 4801 2020 4866 sit,
2049 4817 2258 4874 eosque
2283 4802 2532 4858 declines
2562 4815 2732 4872 quam
2785 4801 3066 4866 ocissime,
3092 4798 3390 4872 nequando
3411 4813 3518 4854 nos

1925 4891 2178 4958 reddant.
2197 4893 2406 4950 invisos
2438 4893 2551 4949 Deo
2576 4908 2678 4964 per
2713 4893 2992 4963 impuram
3025 4907 3155 4948 eum
3194 4889 3333 4960 ipsis
3367 4903 3510 4944 con-

1925 4983 2288 5042 flictationem
2311 4995 2367 5042 et
2403 4984 2729 5048 amicitiam,
2761 4986 2916 5058 iuxta
2953 4983 3286 5040 sententiam
3324 4981 3510 5036 illam:

1933 5097 1952 5130 ι
1977 5078 2174 5134 Nonne
2204 5077 2303 5149 qui
2332 5077 2575 5135 oderunt
2612 5086 2687 5144 te,
2714 5077 2968 5143 Domine,
2997 5076 3248 5142 oderam,
3273 5079 3328 5130 et
3346 5089 3516 5144 super

1924 5169 2184 5228 inimicos
2215 5177 2341 5226 tuos
2393 5169 2746 5246 tabescebam
2770 5170 2795 5224 Ἰ
2817 5168 3072 5224 Perfecto
3115 5167 3248 5224 odio
3286 5165 3514 5222 oderam

1919 5261 2068 5328 illos,
2104 5261 2317 5318 inimici
2361 5261 2490 5318 facti
2526 5270 2658 5318 sunt
2696 5261 2834 5316 mihi
2873 5261 2894 5294 ³
2919 5299 2934 5313 .
2970 5279 2989 5312 ι
3018 5260 3300 5316 Adversus
3329 5266 3517 5314 autem

1921 5353 2096 5409 alium
2132 5353 2411 5424 quemvis,
2455 5354 2643 5410 locum
2692 5353 2912 5408 nullum
2969 5351 3144 5408 habet
3195 5349 3516 5408 inimicitia.

1923 5444 2236 5516 praesertim
2275 5443 2323 5502 si
2353 5445 2426 5502 de
2463 5445 2667 5502 damno
2701 5445 2887 5518 agitur
2917 5444 3217 5516 corporali,
3238 5443 3308 5500 de
3329 5443 3515 5500 detra-

1925 5537 2137 5604 ctione,
2175 5537 2265 5593 vel
2330 5538 2697 5604 contumelia,
2736 5545 2834 5593 aut
2873 5550 3225 5608 quiscunque
3290 5533 3515 5591 tandem

1919 5680 1965 5713 ’°
1985 5679 2156 5735 Eccli.
2187 5695 2242 5743 x,
2269 5677 2323 5732 6.
2397 5679 2440 5712 ⁰¹
2467 5678 2628 5733 Prov.
2661 5678 2894 5742 xxv,9.i.
2972 5677 3019 5708 "
3045 5675 3217 5732 Eccli.
3252 5671 3510 5743 xxvmﬂ.

1868 5749 1914 5783 "‘
1940 5751 2101 5804 Prov.
2135 5740 2278 5812 xviv,
2315 5749 2404 5804 ἓξ).
2482 5749 2526 5780 θ’
2554 5751 2716 5804 Prov.
2750 5740 2942 5816 “£2.
3020 5749 3064 5780 θ’
3089 5749 3250 5802 Prov.
3287 5760 3379 5804 xu,
3419 5740 3508 5795 23.

246 5813 421 5870 "Jac.
465 5815 616 5880 1,9.l.
699 5817 712 5847 ¹
747 5815 765 5870 l
800 5814 924 5871 Cor.
958 5833 1068 5884 xlv,
1101 5818 1190 5872 '20.
1266 5819 1285 5849 ¹
1319 5817 1509 5872 Matth.
1575 5835 1620 5883 v,
1649 5819 1740 5883 ‘23,
1777 5820 1862 5875 ξι.
1943 5821 1962 5852 ³
1986 5822 2127 5876 Psal.
2164 5836 2417 5887 cxxxvm,
2447 5819 2536 5888 '21,
2559 5821 2650 5874 2:2.
