3944 6464
1280 359 1610 421 ΗΟΜΙΙ.ΙΑ
1654 357 1767 417 LV.
1803 379 1867 393 ’-
1900 354 1999 414 DE
2040 352 2360 416 INVIDIA.

790 473 1012 528 ΛΟΓΟΣ
1050 469 1180 527 ΝΕ’.
1801 470 1841 522 Α

610 588 749 657 Περὶ
788 586 898 642 τοῦ
919 584 1006 656 μὴ
1044 582 1313 655 φθονεῖν.

117 366 312 436 1601
1280 359 1610 421 HOMILIA
1654 357 1767 417 LV.
1803 379 1867 393 ’-
1900 354 1999 414 DE
2040 352 2360 416 INVIDIA.
3319 340 3457 407 1602

2435 474 2711 530 HOMiLlA
2743 474 2852 527 LV.

2283 589 2362 644 Ne
2382 589 2615 659 cuipiam
2649 586 2925 640 invideris.

225 707 364 763 Kal.
399 706 428 760 6
471 702 665 773 φθόνος
705 698 876 753 δεινὸν
913 697 1105 762 πάθος,
1158 694 1253 749 καὶ
1299 690 1626 756 διαϐολικδν,
1676 688 1769 743 καὶ

122 798 480 852 δυσίατονο
510 792 576 858 ’ἐξ
608 789 776 844 αὐτοῦ
810 784 918 859 γᾶρ
956 786 1267 857 ἀρξάμενον
1300 781 1500 843 εὐθέως
1535 778 1773 851 μετεπήη

126 890 349 960 δησεν
385 889 466 948 είς
506 884 596 939 τὸν
646 880 1039 950 ἀδελφοκτόνον
1070 876 1248 951 Κάῐν.
1282 874 1393 926 Καὶ
1421 868 1658 940 καθεξῆς
1691 869 1771 960 εἰς

132 958 310 1044 τοὺς
359 975 763 1049 κυριοκτόνους
828 969 1118 1031 Ἰουδαίους
1176 967 1540 1033 κατήντησεν.
1592 958 1775 1012 Δεινὸν

134 1071 295 1137 οὖν,
332 1071 410 1133 ὡς
455 1069 688 1137 ἔφαμεν,
718 1064 816 1117 καὶ
848 1054 1147 1131 πονηρὺνλὸ
1178 1050 1394 1127 φθόνοςζ
1434 1054 1492 1106 '0
1526 1052 1624 1122 μὲν
1666 1049 1777 1120 γὰρ

1940 702 2059 757 Jam
2088 700 2297 756 invidia
2341 716 2505 770 quam
2552 701 2854 755 vehemens
2882 699 2953 753 sit
3009 699 3180 752 animi
3209 698 3458 764 aﬁ'eetio,

1872 790 2062 846 verius
2093 789 2367 845 diabolica
2414 788 2791 858 intemperies,
2824 788 3028 856 vixque
3073 788 3221 842 illam
3259 787 3462 842 admit-

1876 890 2001 936 tens
2030 882 2302 936 medelam
2344 920 2359 946 ,
2387 881 2514 951 quis
2562 879 2767 934 referat
2799 879 2823 932 ?
2858 877 2941 933 Ab
2974 894 3096 949 lpSO
3139 879 3288 933 enim
3343 878 3464 932 dia-

1878 975 2005 1030 bolo
2034 974 2258 1028 vixdum
2291 982 2533 1029 traxerat
2569 973 2864 1044 Originem,
2898 980 2954 1026 et
2982 987 3112 1027 ecce
3158 988 3189 1027 e
3232 971 3467 1041 vestigio

1879 1067 1935 1119 in
1956 1064 2306 1143 fratricidam
2327 1064 2561 1119 Cainum
2580 1064 2893 1129 trausilivit,
2913 1072 3081 1134 atque
3104 1064 3297 1118 ordine
3314 1062 3470 1117 dein-

1877 1172 2008 1226 ceps
2053 1172 2230 1227 prono
2285 1172 2451 1211 cursu
2506 1156 2563 1209 in
2620 1155 2989 1215 dominicidas
3040 1154 3262 1211 Iudaeos
3295 1153 3469 1208 devo-

1882 1250 1999 1304 luta
2032 1256 2138 1305 est.
2169 1250 2337 1305 Plane
2366 1249 2575 1304 invidia
2591 1249 2891 1303 vehemens
2906 1257 3072 1317 atque
3092 1258 3250 1301 atrox
3265 1246 3471 1301 malum

1882 1356 1947 1394 ac
1967 1340 2147 1395 modis
2203 1339 2459 1395 omnibus
2486 1337 2710 1393 crudele
2766 1348 2870 1392 est.
2896 1339 2999 1404 Qui
3032 1336 3181 1391 enim
3230 1336 3470 1406 cuipiam

1882 1431 2116 1499 invidet,
2174 1431 2342 1486 animi
2409 1445 2613 1502 angore
2693 1430 3080 1495 discruciatnr,
3131 1429 3475 1484 contabescit

1884 1523 2110 1589 misere,
2153 1523 2434 1594 eliquatur
2464 1532 2633 1577 totus.
2656 1521 2868 1577 Invidia
2896 1522 3046 1576 enim
3074 1521 3230 1592 quasi
3268 1520 3478 1576 vermis

155 1596 285 1676 καὶ
400 1622 637 1687 Ἰωσήφο
677 1617 802 1668 ὅσον
847 1612 958 1681 γὰρ
1009 1607 1269 1677 ἐφθόνουν
1300 1601 1449 1672 αὐτῷ
1481 1601 1530 1654 οι
1564 1596 1785 1665 ἀδελφοὶ

1914 1635 1944 1671 n
1974 1616 2144 1687 ligno,
2193 1606 2335 1671 etin
2366 1614 2700 1669 vestimento
2752 1613 2922 1678 tinea,
2968 1613 3045 1669 ita
3076 1628 3173 1668 eor
3231 1611 3475 1682 denique

162 1695 397 1777 αὑτοῦ,
426 1707 684 1765 τοσοῦτον
713 1707 741 1758 6
777 1703 912 1765 Θεὸς
942 1701 1159 1770 ὕψωσεν
1206 1697 1389 1761 αὐτὸν,
1422 1695 1527 1763 ἓως
1567 1687 1627 1746 οὗ
1679 1692 1787 1743 εἰσ-

1914 1708 2109 1781 [114
2150 1708 2432 1763 etfaciem
2475 1707 2596 1783 ejus
2637 1705 2862 1761 conﬁcit
2893 1722 2958 1761 ac
3002 1714 3245 1761 macerat
3289 1704 3474 1760 hebeti

165 1810 416 1876 ἢγαγεν
453 1804 615 1855 αὑτὸν
663 1784 885 1866 ἐἰςττὴν
944 1792 1243 1865 βασιλείαν.
1291 1786 1565 1855 Ὠσαύτωις
1609 1784 1731 1839 και
1760 1786 1789 1838 6

1914 1796 2131 1867 tallore,
2158 1800 2251 1871 qui
2285 1799 2456 1855 semel
2484 1798 2538 1852 in
2576 1798 2751 1867 ipsius
2780 1814 2975 1853 manus
3002 1795 3219 1853 incidit.
3246 1795 3475 1864 Contra,

170 1899 404 1963 Σαοὺλ,
443 1896 532 1948 διὰ
578 1893 771 1964 φθόνον
802 1890 1029 1943 ἐδίωκεν
1054 1878 1146 1940 τὸν
1177 1882 1364 1945 Δαυῒδ,
1399 1879 1543 1934 καθὰ
1581 1876 1788 1948 γέγραο

1914 1910 1941 1947 s
1972 1894 2060 1948 cui
2086 1893 2383 1957 invidetur,
2412 1892 2467 1944 in
2501 1890 2791 1944 hominum
2821 1890 3125 1961 'prospectu
3164 1890 3324 1945 miris
3355 1905 3477 1945 mo-

173 2008 365 2049 πται.
405 2010 421 2040 ι
459 1985 713 2055 Ἐξῆλθον
750 1985 806 2038 al
838 1985 1165 2053 χορεύουσαι
1193 1978 1288 2029 καὶ
1316 1975 1523 2042 ἔλεγον,
1557 1971 1796 2024 Ἐπάτα-

1914 1984 1981 2037 lis
2031 1982 2392 2053 promovetur
2446 1996 2509 2035 ac
2543 1979 2787 2050 proﬁcit,
2832 1996 2862 2034 a
2903 1979 3138 2034 Domino
3170 1989 3475 2050 protectus.

180 2084 294 2148 ξεν
333 2076 509 2132 Σαοὺλ
536 2078 594 2128 ἐν
642 2073 883 2143 χιλιάσιν
912 2069 1103 2128 αὐτοῦ,
1138 2068 1233 2120 καὶ
1260 2061 1423 2118 Δαυϊδ
1453 2065 1509 2115 ἐν
1538 2059 1796 2131 μυριάσιν

1914 2076 2166 2145 Exemplo
2193 2083 2278 2129 est
2317 2074 2514 2128 beatus
2550 2073 2642 2127 ille
2705 2071 2931 2141 Joseph.
2993 2072 3112 2139 Quo
3140 2073 3288 2128 enim
3334 2073 3482 2127 faces

181 2172 402 2229 αὐτοῦ.
432 2190 450 2222 ι
484 2166 836 2238 Παραχρῆμα
864 2162 975 2234 γὰρ
1019 2158 1322 2232 ἐρρίζωσεν
1355 2156 1383 2208 6
1412 2154 1609 2224 φθόνος
1638 2153 1697 2204 ἐν
1728 2153 1794 2223 τῇ

1914 2169 2156 2222 'raternm
2199 2165 2424 2220 invidiae
2460 2165 2515 2219 in
2543 2165 2696 2219 illum
2753 2175 3077 2220 exarserant
3117 2165 3323 2227 aerius,
3375 2164 3484 2221 hoe

188 2266 420 2338 καρδίᾳ
460 2259 668 2315 Σαούλ·
703 2258 799 2311 καὶ
830 2253 983 2309 εἶπεν
1029 2252 1106 2324 τῷ
1151 2250 1335 2313 Δαυῒδ,
1374 2267 1390 2298 ι
1417 2247 1509 2300 Σοὶ
1557 2245 1799 2299 δέδωκαν

1922 2256 1992 2310 lle
2026 2254 2321 2311 sublimius
2343 2270 2373 2309 a
2400 2254 2515 2313 Deo
2556 2253 2974 2324 provehebatur
2997 2295 3011 2319 ,
3042 2269 3333 2325 quousque
3362 2264 3483 2309 tan-

369 2354 662 2427 μυριάδας,
732 2348 902 2418 κάμοὶ
959 2345 1058 2408 τὰς
1106 2342 1423 2414 χιλιάδας.»
1463 2336 1576 2391 Kal.
1614 2336 1659 2427 ,ὁ
1705 2335 1800 2405 μὲν

1914 2348 2026 2403 lem
2059 2347 2128 2403 ad
2169 2347 2323 2418 regni
2378 2346 2753 2418 gubernacula
2815 2353 3108 2416 promotus
3154 2354 3258 2400 est.
3307 2345 3397 2400 Sic
3428 2355 3485 2402 et

140 1163 407 1234 φθονῶν
440 1158 666 1234 ἄχθεται
714 1155 808 1209 καὶ
860 1153 1110 1223 τήκεται.
1158 1149 1268 1202 Καὶ
1329 1146 1519 1215 ὥσπερ
1561 1140 1779 1234 σκώληξ

140 1232 224 1310 ἐν
266 1255 427 1322 ξύλῳ
457 1251 554 1305 καὶ
589 1232 687 1318 σῆς
720 1250 777 1300 ἐν
828 1243 1052 1316 ἱματίῳ,
1086 1239 1261 1302 οὕτως
1293 1237 1393 1309 τὴν
1429 1234 1659 1308 καρδίαν
1682 1232 1778 1307 καὶ

139 1347 229 1399 τὸ
293 1345 599 1414 ’πρόσωπον
649 1334 970 1406 ἐξαφανίζει
1040 1330 1136 1385 τοῦ
1184 1327 1520 1400 ἐμπεσόντος
1566 1323 1781 1414 εἰςτὰς

125 1411 387 1510 -χεῖρας
436 1431 604 1488 αὑτοῦ
650 1433 677 1484 ὁ
731 1428 947 1509 φθόνος.
993 1425 1052 1495 "0
1086 1422 1143 1476 δὲ
1185 1417 1550 1489 φθονούμενος
1585 1413 1679 1510 ὲῌπὶ
1712 1411 1782 1465 τὰ

153 1531 389 1602 πρόσω
420 1524 744 1596 προκόπτει,
762 1519 867 1573 ὑπὸ
896 1517 1105 1587 Κυρίου
1127 1510 1564 1580 σκεπαζόμενοςο
1592 1504 1781 1574 ὥσπερ

194 2426 379 2511 οἶκος
408 2445 503 2499 τοῦ
552 2438 817 2512 φθονεροῦ
849 2437 1044 2502 Σαοὺλ,
1095 2432 1391 2504 ἐπορεύετο
1434 2427 1527 2482 καὶ
1574 2426 1804 2495 ἠλαττο-

206 2536 407 2592 νοῦτο·
436 2537 463 2587 ὁ
495 2533 554 2585 δὲ
595 2516 751 2592 οἶκος
795 2526 890 2581 τοῦ
930 2523 1298 2597 φθονουμένου
1334 2517 1516 2585 Δαυῖδ,
1545 2516 1800 2599 ηὔξανεν,

210 2630 323 2683 καὶ
366 2622 761 2696 ἐκραταιοῦτο·
804 2619 902 2673 καὶ
951 2617 1116 2679 αὐτὸς
1168 2610 1461 2684 ἐμελῴδει·
1529 2628 1547 2661 ι
1582 2607 1806 2661 Ἐθεντο

206 2720 343 2775 κατ’
374 2716 511 2789 ἐμοῦ
558 2714 704 2768 κακὰ
751 2710 875 2765 ἀντὶ
914 2708 1153 2776 ἀγαθῶν,
1196 2703 1289 2758 καὶ
1342 2705 1496 2774 μῖσος
1545 2700 1668 2754 ἀντὶ
1707 2699 1807 2768 τῆς

209 2808 557 2882 ἀγαπήσεως
583 2824 709 2878 μου.
733 2824 751 2856 ι
780 2805 891 2858 Καὶ
928 2801 1115 2877 πάλιν,
1158 2818 1176 2850 ι
1200 2796 1635 2866 Καταρὰσονται,
1656 2792 1810 2846 αὐτοὶ

214 2908 323 2960 καὶ
346 2907 412 2958 σὺ
434 2882 793 2971 Ὶεὺλογήσειςο-
828 2886 961 2965 ιω
991 2895 1047 2948 δὲ
1075 2895 1134 2947 οὐ
1182 2890 1552 2963 πρπτιθὲμην
1582 2887 1691 2959 πρὸ
1713 2887 1812 2957 ὀφ-

218 2994 451 3066 θαλμῶν
489 3011 589 3064 μου
627 2991 866 3060 πρᾶγμα
913 2982 1252 3056 παράνομον.
1282 3001 1299 3033 ι
1336 2981 1444 3034 Kal.
1474 2983 1501 3033 6
1524 2978 1812 3050 προφήτης

234 3088 513 3161 Ἀσὸακοὺ
522 3104 580 3155 μ,
596 3104 614 3136 ι
645 3080 901 3152 Καθαρὺς
918 3068 1198 3149 ὀφθαλμὸς
1219 3074 1312 3133 τοῦ
1334 3074 1408 3149 μὴ
1424 3074 1556 3145 ὁρᾷν
1577 3070 1810 3142 πονηρὰ,

1902 2442 2031 2498 Saul
2087 2450 2258 2497 oestro
2326 2438 2716 2496 exstimulatus
2792 2437 3037 2503 invidiae,
3101 2437 3483 2493 admirabilem

1903 2536 2057 2590 illum
2120 2531 2295 2589 David
2349 2516 2835 2602 persequebatur,
2863 2529 3010 2584 sicut
3059 2529 3326 2599 scriptum
3352 2538 3437 2583 est
3469 2546 3482 2582 :

1912 2647 1931 2680 ι
1954 2628 2223 2691 Exierunt
2240 2634 2405 2694 atque
2422 2639 2548 2678 cum
2575 2621 2822 2692 tripudio
2841 2621 3077 2693 agebant
3095 2620 3488 2691 triumphalem

1905 2719 2165 2773 choream
2237 2714 2456 2785 puellae,
2492 2729 2557 2768 ac
2605 2713 2870 2767 dicebant
2900 2713 3221 2768 :I’creussit
3266 2714 3395 2768 Saul
3434 2714 3492 2767 in

1907 2809 2156 2864 millibus
2174 2806 2291 2862 suis
2312 2814 2371 2861 et
2388 2804 2560 2860 David
2582 2804 2638 2858 in
2652 2804 2844 2859 decem
2886 2804 3133 2858 millibus
3149 2805 3264 2859 suis
3282 2805 3345 2858 ‘9.
3366 2824 3383 2854 ι
3401 2804 3493 2857 Di-

1910 2900 2174 2957 eto’ocius
2188 2912 2388 2970 parens
2403 2897 2494 2957 ille
2510 2895 2732 2952 invidia:
2746 2895 2925 2951 omnis
2945 2895 2999 2950 in
3014 2894 3193 2951 Saulis
3210 2894 3375 2950 corde
3392 2893 3498 2948 sibi

1911 2995 2119 3067 delegit
2135 2995 2263 3049 vitae
2282 2990 2823 3060 domicilium,eique
2845 2990 3237 3054 insusurravit,
3252 3000 3313 3045 ut
3344 2991 3498 3046 diee-

1914 3094 2002 3146 ret
2036 3105 2096 3141 ε(
2134 3084 2306 3141 David
2355 3083 2633 3139 dederunt
2668 3082 2862 3138 decem
2907 3081 3102 3144 millia,
3144 3082 3282 3137 mihi
3317 3090 3531 3137 autem-

224 3182 328 3237 καὶ
356 3152 679 3234 ἐπιϐλέπειν
700 3175 794 3228 ἐπὶ
826 3175 1023 3234 πόνους
1054 3170 1267 3239 ὀδύνης.
1289 3189 1308 3220 ι
1332 3168 1392 3222 ’0
1417 3167 1474 3224 δὲ
1496 3165 1815 3228 Ἀπόστολος

1914 3181 2068 3236 mille
2087 3180 2133 3211 ²⁰
2154 3179 2206 3232 ?¢
2232 3175 2536 3247 thuidem
2560 3173 2758 3230 domus
2769 3173 2964 3238 David,
2984 3174 3073 3229 cui
3091 3173 3173 3230 sic
3186 3174 3502 3238 videbatur,

229 3272 568 3346 στηλιτεύων
608 3272 736 3332 τους
774 3271 833 3321 ἐν
866 3267 1047 3336 φθόνῳ
1093 3262 1467 3326 διδασκάλους,
1503 3260 1704 3330 γράφει
1730 3260 1816 3311 Φι-

230 3364 578 3435 λιππησίοις,
609 3380 629 3413 ι
658 3360 815 3423 Τινὲς
845 3358 943 3429 μὲν
973 3356 1062 3410 διὰ
1094 3355 1289 3426 φθόνον
1320 3353 1414 3407 καὶ
1441 3351 1579 3435 ἔριν,
1613 3350 1672 3416 ἐξ
1707 3352 1818 3421 ἐρι-

235 3426 524 3522 θείαςντὸν
560 3453 796 3531 Χριστὸν
829 3426 1601 3521 καταγγέλλουσινλοῑὸμενοιπ
1635 3442 1815 3511 θλῖψιν

236 3530 476 3623 ἐγείρειν
509 3552 620 3611 τοῖς
649 3546 872 3616 δεσμοῖς
904 3561 1030 3614 μου.
1057 3561 1084 3609 ρ.
1118 3540 1230 3594 Kal.
1278 3536 1561 3609 παραινῶν
1599 3535 1817 3598 αὐτοὺς,

120 3646 141 3651 ”
240 3647 458 3715 ἐπάγει,
489 3662 511 3695 ι
536 3639 756 3694 Γίνεσθε
778 3634 871 3692 οὖν
897 3639 976 3698 εἰς
998 3626 1264 3702 ἀλλήλους
1283 3630 1530 3701 χρηστοὶ,
1554 3626 1822 3696 εὔσπλαγ-

244 3757 377 3812 χνοι,
404 3735 758 3807 χαριζόμενοι
795 3726 1034 3791 ἑαυτοῖς,
1087 3727 1181 3779 καὶ
1213 3726 1241 3776 ὁ
1287 3722 1492 3796 Κύριος
1529 3720 1823 3812 ἐχαρίσατο

243 3811 392 3905 ύμῖν.
420 3826 642 3887 Γίνεσθε
665 3820 759 3877 οὖν
791 3814 1044 3891 μιμηταί
1065 3815 1156 3869 τοῦ
1179 3814 1338 3880 Θεοῦ,
1378 3811 1655 3905 ὼςψτέχνα
1688 3811 1824 3905 ἀγρ..

242 3900 409 3991 seqvi,
470 3918 564 3973 καὶ
608 3914 991 3987 περιπατεῖτε,
1024 3911 1082 3961 ἐν
1135 3906 1343 3976 ἀγάπῃ.
1379 3922 1396 3955 ι
1455 3902 1650 3973 Ψυχῆς
1713 3900 1823 3972 γὰρ

244 4015 492 4084 καθαρᾶς
532 4011 684 4073 ἴδιον,
711 4006 873 4074 λόγος
908 4003 1009 4074 μὲν
1040 4001 1292 4070 ἄφθονος.
1316 3997 1484 4068 Ζῆλος
1509 3996 1568 4050 δὲ
1591 3994 1821 4084 ἄκακος,

246 4080 463 4179 ἐρωςτδὲ
483 4104 762 4160 ἄπαυστος
782 4097 874 4150 τοῦ
900 4093 1104 4168 Κυρίου
1130 4091 1227 4161 τῆς
1246 4088 1548 4160 δόξης.οὺκ
1562 4086 1710 4140 ἐστιν
1731 4080 1824 4138 οὖν

248 4178 506 4268 ἁρμόδιον
549 4195 666 4254 τοῖς
709 4187 803 4243 τοῦ
852 4188 1062 4255 Κυρίου
1093 4183 1379 4255 φοιτηταῖς
1403 4179 1581 4251 φθόνῳ
1613 4178 1827 4251 κρατεῖ-

251 4293 390 4354 σθαι,
417 4288 450 4358 ἢ
474 4280 848 4356 θορυϐεῖσθαι,
872 4278 1003 4332 ὅταν
1026 4276 1263 4348 μάλιστα
1286 4274 1653 4344 θεωρήσωμεν
1674 4268 1827 4323 ἁδελ-

253 4379 379 4451 φούς
416 4394 567 4439 τινας
600 4373 938 4443 ἐλαχίστους,
958 4369 992 4440 ἢ
1012 4368 1284 4429 ἁνειδέους
1305 4364 1399 4421 ἐπὶ
1428 4363 1600 4435 ἀρχὴν
1630 4360 1828 4433 προκό-

1918 3271 2244 3343 quotidiana
2293 3269 2613 3326 accessione
2657 3265 3019 3323 erescebatet
3065 3265 3502 3327 confortabat‘ur,

1919 3365 2035 3434 ipse
2055 3380 2153 3434 per
2168 3364 2285 3418 haec
2304 3363 2373 3418 ad
2401 3364 2575 3434 lyram
2599 3362 2882 3419 mellieum
2906 3357 3227 3415 cantillabat
3242 3372 3501 3411 carmen:

1927 3460 2269 3514 «Posuerunt
2283 3456 2579 3511 adversum
2599 3470 2689 3509 me
2713 3452 2858 3507 mala
2903 3464 3004 3521 pro
3030 3446 3284 3510 bonis,et
3313 3445 3505 3500 odium

1920 3567 2021 3621 pro
2056 3549 2350 3619 dilectione
2367 3563 2489 3602 mea
2507 3548 2573 3600 ".
2598 3565 2618 3621 ρ
2642 3546 2844 3617 Iterum
2865 3560 2878 3596 :
2896 3536 3352 3595 rMaledieentilli
3372 3546 3428 3592 et
3447 3546 3505 3592 tu

1922 3642 2218 3699 benedices
2233 3642 2278 3672 ¹²
2296 3657 2311 3708 ;
2328 3656 2430 3710 ego
2450 3647 2636 3703 autem
2652 3652 2765 3692 non
2779 3632 3153 3706 proponebam
3172 3639 3301 3684 ante
3316 3630 3509 3686 oculos

1922 3746 2077 3788 meos
2103 3748 2218 3787 rem
2244 3732 2506 3801 injustam
2537 3731 2643 3783 η.»
2670 3728 2779 3783 Sed
2813 3735 2870 3783 et
2914 3724 3183 3803 propheta
3211 3721 3504 3779 Habacuc:

1930 3844 1951 3878 ι
1976 3824 2157 3880 Purus
2183 3832 2272 3881 est
2309 3823 2504 3878 oculus
2527 3830 2678 3885 tuus,
2700 3835 2770 3874 ne
2802 3819 2988 3873 videat
3031 3820 3173 3872 mala
3201 3828 3258 3874 et
3277 3817 3512 3887 aspiciat

1925 3929 2091 3985 super
2114 3913 2333 3968 labores
2355 3911 2564 3968 doloris
2584 3910 2647 3965 “.
2683 3929 2702 3962 ι
2723 3910 3023 3979 Apostolus
3044 3909 3173 3965 item
3206 3909 3274 3964 ad
3305 3909 3513 3980 Philip-

1924 4021 2129 4078 penses
2169 4005 2441 4069 scribens,
2473 4004 2705 4074 pulchre
2742 4003 3003 4059 doctores
3030 4003 3154 4057 illos
3178 4010 3338 4057 notat
3366 4002 3511 4055 invi-

1926 4098 2031 4153 diae
2059 4114 2072 4151 :
2103 4115 2124 4149 ι
2155 4096 2389 4163 Quidam
2415 4095 2642 4165 quidem
2672 4110 2772 4165 per
2802 4094 3064 4149 invidiam
3096 4102 3154 4148 et
3200 4093 3515 4150 contentio-

1927 4203 2076 4252 nem,
2123 4205 2142 4239 ι
2174 4202 2244 4242 ex
2295 4187 2709 4241 concertatione
2761 4186 2973 4242 scilicet
3022 4185 3509 4256 proﬁciscentem;

1932 4298 1955 4332 ι
1982 4276 2269 4336 Christum
2300 4278 2655 4347 annuntiant,
2699 4278 3078 4333 existimantes
3108 4292 3428 4348 pressuram
3454 4291 3514 4331 se

1929 4373 2217 4430 suscitare.
2236 4370 2477 4428 vinculis
2496 4373 2639 4427 meis
2663 4372 2731 4425 ⁸⁸.
2765 4389 2785 4424 ›
2821 4371 2926 4427 Per
2955 4370 3392 4426 admonitionem
3426 4370 3514 4423 in-

251 4473 473 4544 ψαντας.
513 4465 862 4534 Ἀκοὺσωμεν
885 4461 996 4531 γὰρ
1016 4458 1114 4513 τοῦ
1142 4457 1365 4528 Κυρίου.
1382 4455 1657 4525 λέγοντος,
1692 4473 1710 4505 ι
1729 4452 1817 4517 Δὸς

1931 4464 2124 4520 ducit:
2157 4482 2177 4516 ι
2206 4463 2401 4519 Estote
2430 4477 2564 4533 ergo
2585 4463 2644 4517 in
2666 4462 2902 4518 invicem
2918 4460 3168 4533 benigni,
3203 4460 3518 4516 misericor—

251 4566 423 4635 τούτῳ
443 4565 632 4623 τόπον,
672 4559 816 4640 ὥστε
842 4554 1243 4624 κατακλιθῆναι
1289 4550 1584 4623 ἀνώτερον.
1609 4569 1629 4603 ι
1672 4546 1817 4602 Ἀλλό

1937 4559 2058 4625 des,
2109 4558 2387 4614 donantes
2442 4559 2682 4614 invicem
2713 4558 2862 4613 sicut
2891 4567 2948 4615 et
2981 4557 3240 4614 Christus
3268 4558 3518 4614 donavit

264 4657 457 4733 μᾶλλον
490 4650 868 4724 θαυμάζωμεν
896 4648 989 4702 τὸν
1015 4647 1224 4700 δίκαιον
1259 4644 1585 4717 προνοητὴν,
1641 4642 1829 4711 σαφῶς

257 4750 350 4807 καὶ
388 4750 718 4819 ὰποῤῥήτως
769 4742 1088 4812 κεκρικότα,
1132 4740 1340 4791 ἐκεῖνον
1374 4737 1472 4807 μὲν
1498 4735 1590 4789 τὸν
1614 4733 1831 4805 οἰκτρὸν

256 4835 615 4914 κληρωθῆναι
632 4823 728 4890 καῖ
752 4832 1057 4905 πρωτεύειν
1078 4831 1174 4885 καὶ
1202 4828 1581 4899 καθηγεῖσθαι,
1612 4828 1759 4896 ἡμᾶς
1774 4825 1832 4878 δὲ

260 4929 583 5002 ἐσχατίζειν.
630 4924 897 4995 Φύγωμεν
950 4918 1042 4977 οὖν
1080 4920 1358 4997 ἀγαπητοὶ
1386 4919 1476 4974 τὸν
1522 4919 1736 4987 φθόνον,
1770 4917 1833 4971 τὸ

258 5024 504 5095 ⁴ίέννημα
529 5019 623 5074 τοῦ
644 5018 922 5072 διαϐόλου*
957 5016 1045 5070 ἵνα
1079 5016 1153 5094 μὴ
1198 5011 1731 5084 συγκατακριθῶμεν
1754 5011 1833 5082 τῷ

265 5115 401 5171 Κάῖν
423 5130 435 5144 ·
465 5113 618 5175 ὅστις
653 5110 881 5177 στένων,
909 5109 1003 5161 καὶ
1027 5104 1253 5178 τρέμων
1279 5105 1547 5158 κατέλυσε
1571 5104 1661 5157 τὸν
1695 5104 1828 5173 βίον·

268 5207 398 5280 μηδὲ
437 5206 600 5260 πάλιν
619 5205 732 5267 τοῖς
760 5204 1018 5271 πονηροῖς
1046 5198 1342 5261 Ἰουδαίοις,
1360 5197 1560 5260 οἵτινες
1599 5197 1687 5250 διὰ
1708 5195 1837 5266 φθό-

262 5318 349 5359 νον
373 5299 485 5353 τῶν
508 5297 606 5351 τοῦ
633 5298 841 5368 Κυρίου
866 5292 1186 5363 θαυμάτων,
1213 5289 1538 5360 παρέδωκαν
1568 5291 1729 5343 αὐτὸν
1755 5290 1837 5354 είς

1933 4649 2093 4703 vobis
2134 4650 2202 4702 “.
2224 4649 2416 4704 Estote
2444 4648 2616 4719 igitur
2651 4647 2958 4703 imitatores
2984 4647 3193 4703 Christi
3233 4648 3377 4702 sient
3422 4647 3517 4701 ﬁlii

1936 4740 2276 4803 eharissimi,
2310 4750 2368 4797 et
2393 4740 2674 4796 ambulate
2706 4740 2762 4795 in
2788 4740 3089 4810 dilectione
3134 4742 3202 4794 ³⁷.
3239 4760 3257 4792 ρ
3308 4740 3519 4795 Animae

1938 4832 2266 4889 sincerioris
2303 4832 2586 4903 peculiare
2608 4841 2695 4887 est
2722 4840 3131 4903 argumentum,
3163 4838 3225 4887 ut
3252 4831 3401 4900 quod
3429 4831 3519 4884 lo-

1939 4926 2152 4996 quitur,
2184 4926 2323 4979 nihil
2358 4940 2588 4996 prorsus
2612 4924 2842 4994 resipiat
2872 4924 3113 4980 invidiae.
3159 4924 3347 4977 Zelum
3378 4923 3521 4977 alio-

1941 5016 2035 5085 qui
2070 5015 2236 5089 habet
2263 5015 2492 5071 malitias
2546 5014 2732 5069 omnis
2761 5023 3062 5079 exsortem,
3089 5023 3145 5069 et
3175 5013 3270 5084 qui
3315 5012 3523 5084 jugiter

1941 5108 2041 5163 Dei
2069 5117 2278 5178 quaerat
2303 5123 2371 5169 ae
2397 5106 2581 5162 ﬁrmet
2596 5107 2844 5178 gloriam.
2873 5107 3023 5162 Nihil
3049 5107 3235 5161 minus
3263 5105 3523 5160 convenit

1938 5214 2109 5268 quam
2139 5207 2202 5254 ut
2233 5199 2597 5269 proﬁteamur
2640 5214 2744 5254 nos
2781 5213 2903 5254 esse
2943 5198 3246 5269 discipulos
3281 5197 3523 5262 Domini,

1946 5305 2006 5345 re
2034 5302 2220 5346 autem
2250 5291 2367 5361 ipsa
2397 5290 2655 5346 sinamus
2688 5305 2792 5346 nos
2814 5290 3071 5360 intercipi
3094 5297 3248 5361 peste
3279 5288 3522 5353 invidiae,

329 5449 911 5521 "lucg.xvm.6,7,
982 5444 1815 5521 ’χεριαεζξιρειιιφημί-ς.
1888 5445 1933 5475 η
1963 5443 2097 5498 ibid.
2127 5443 2219 5498 es.
2276 5443 2650 5511 “Psal.c,5.
2710 5410 2982 5501 νηριδες.
3010 5444 3153 5513 ι,15.
3217 5443 3518 5515 animum.

267 5543 304 5592 ι,
333 5524 416 5586 15,
450 5516 545 5577 ΠῘ
612 5522 661 5553 ¹⁶
685 5521 886 5595 Ephcs.
921 5534 990 5573 tv.
1029 5516 1118 5572 5‘2.
1190 5518 1233 5547 ’⁷
1275 5518 1480 5588 Ephes.
1503 5533 1559 5582 v,
1588 5517 1640 5582 l,
1668 5516 1723 5569 2.

1568 5666 1807 5727 VARIIE
1846 5669 2252 5726 LECTIONES.

338 5776 521 5833 lLXX
557 5775 650 5828 ἐπὶ
679 5770 952 5841 πονηροὺς
987 5768 1047 5821 οὑ
1079 5768 1303 5838 suum.
