3944 6412
535 309 671 374 1603
1786 303 2154 365 ANTIOCHI
2194 303 2540 364 MONACilI
3612 306 3709 372 15m

530 423 702 495 Inque
732 423 910 478 vicem
938 421 1361 476 tumnltucmur.
1394 416 1454 474 ld
1489 416 1727 473 maxime
1755 425 1871 472 tum
1892 418 2112 473 contin—

2218 414 2473 481 θάνατον,
2490 412 2671 477 καθὼς
2697 415 2970 484 μαρτυρεῖ
2983 412 3045 467 το
3066 412 3712 485 Εὐαγγέλιον.Συνημμξνων

531 520 630 588 git.
668 517 714 571 si
754 513 980 585 quando
1009 511 1318 569 viderimus
1351 510 1621 581 quosdam
1648 509 1904 574 fratrum,
1944 506 2112 564 totius

2217 505 2341 574 γὰρ,
2360 506 2551 575 φησὶν,
2572 504 2778 569 αὐτῶν,
2799 499 2955 558 εἶπεν
2975 504 3300 570 ῥῐιιλᾶτος,‹
3312 506 3441 558 Τίνα
3454 505 3607 559 θέλετε
3619 508 3715 560 ἀπο.

531 608 774 664 sodalitii
825 620 997 676 quam
1030 602 1314 667 minimos,
1361 609 1458 656 aut
1501 608 1652 655 certe
1693 597 1993 665 deformes,
2048 598 2112 655 ad

2217 595 2361 655 λύσω
2399 596 2570 662 serv;
2607 592 2951 667 Βαραὸὁᾶνῆ
2982 596 3193 667 Ἰησοῦν
3218 597 3308 651 τὸν
3336 598 3600 668 λεγόμενον
3620 598 3719 671 Χρι-

530 701 910 771 magistratum
949 694 1269 758 obeundum
1304 690 1453 748 esse'
1484 699 1771 761 promotos
1801 705 1815 744 :
1859 689 2112 745 audimus

2217 687 2382 759 atde;
2419 688 2537 759 ᾔδει
2567 686 2679 758 γὰρ
2711 688 2795 741 δτι
2822 686 2910 741 διά
2952 687 3150 758 φθόνον
3176 689 3494 758 ,παρέδωκαν
3540 690 3719 743 αὐτόν.»

531 791 829 847 Dominum
854 798 986 847 tunc
1011 787 1287 843 dicentem
1316 802 1330 838 :
1360 804 1379 836 ε
1401 782 1846 849 Dahuic‘ldcum,
1876 793 1938 837 ut
1963 794 2112 837 recu-

2227 776 2289 832 'O
2338 779 2395 831 δὲ
2446 779 2832 849 ἀμνησίκακος
2886 777 3116 849 Κύριος,
3174 779 3251 842 ὠς
3317 780 3496 850 ἀρνίον
3549 780 3724 845 ἄκακον,

532 884 653 939 bitu
680 883 871 938 sedeat
919 880 1248 935 sublimiore
1269 876 1337 935 ³⁸.
1374 896 1393 928 ι
1446 875 1592 943 Quin
1629 874 1900 929 miremur
1927 875 2112 945 potius

2220 869 2400 922 πάντα
2435 869 2732 942 ύπέφερεν.
2767 868 2926 940 Αὐτῷ
2985 872 3019 943 ή
3071 870 3201 939 δόξα
3254 872 3333 934 είς
3388 870 3509 933 τοὺς
3558 869 3728 935 αίῶνας.

534 990 721 1029 rerum
773 973 1122 1029 conditarum
1166 970 1514 1032 Curatorem,
1574 964 1670 1037 qui
1717 982 1816 1023 sua
1873 966 2111 1038 sapienti
2230 959 2424 1031 ’Δμήνο
3200 984 3203 987 ·

534 1075 701 1135 atque
733 1080 933 1125 arcana
959 1060 1328 1133 providentia,
1358 1058 1436 1122 illi
1467 1058 1695 1130 quidem
1717 1057 1869 1114 velut
1912 1059 2111 1119 sortito

536 1156 909 1219 (miserabilis
963 1153 1093 1208 licet
1125 1153 1183 1207 in
1250 1150 1493 1222 SpeCieln
1558 1149 1968 1223 conspiciatur)
2033 1151 2371 1227 adiudicavit
2422 1158 2825 1224 hereditatem,
2875 1160 2992 1215 sive
3036 1167 3266 1217 caiteros
3298 1171 3363 1217 ut
3394 1162 3741 1233 antegrediatur

534 1249 879 1310 auctoritate,
921 1252 1016 1305 aut
1041 1253 1197 1299 certe
1244 1252 1305 1298 ut
1345 1242 1602 1313 imperet,
1657 1256 1760 1329 nos
1808 1252 1999 1297 contra
2050 1244 2107 1299 in
2145 1257 2427 1317 postrema
2454 1248 2649 1315 sedere
2678 1250 2856 1305 voluit
2889 1250 3065 1321 parte.
3141 1251 3227 1306 Ab
3299 1253 3404 1307 hac
3444 1253 3618 1324 igitur,
3667 1255 3742 1310 fra-

537 1355 665 1407 tres,
683 1341 865 1414 pestili
893 1340 984 1393 lue
1017 1336 1239 1392 invidiae
1299 1351 1465 1407 quam
1491 1334 1751 1389 ocissime
1814 1333 2183 1405 defugiamus,
2222 1356 2346 1410 quae
2366 1330 2574 1397 diaboli
2602 1357 2831 1413 germen
2850 1352 2955 1411 est,
2987 1354 3050 1405 ut
3078 1360 3150 1399 ne
3172 1346 3417 1415 compari
3448 1347 3608 1401 multa
3629 1347 3741 1403 dam.

533 1432 772 1489 nationis
813 1447 938 1487 cum
976 1429 1149 1485 Caino
1190 1428 1537 1491 involvamur
1570 1428 1705 1497 :qui
1744 1426 1970 1497 quidem
2001 1443 2101 1499 per
2160 1434 2399 1503 suspiria
2434 1434 2654 1499 crebra,
2691 1446 3027 1507 artuumque
3079 1437 3450 1497 miserabilem
3507 1448 3742 1496 tremorem

533 1525 698 1580 vitam
727 1538 853 1580 cum
893 1523 1184 1591 exegisset,
1249 1536 1435 1579 amara
1482 1527 1660 1574 morte
1707 1517 1931 1574 functus
1956 1529 2040 1576 est
2059 1523 2137 1590 “;
2176 1540 2287 1581 neu
2321 1540 2514 1581 rursus
2573 1541 2698 1581 cum
2726 1527 3143 1603 malignissimis
3167 1529 3374 1586 Judzeis
3408 1530 3502 1600 qui
3528 1545 3620 1600 per
3648 1531 3742 1588 invi-

532 1616 678 1670 diam
722 1613 1061 1669 mirabilium
1099 1611 1197 1666 Dei
1239 1625 1491 1682 operum,
1539 1609 1719 1679 ipsum
1757 1610 1826 1663 ad
1868 1621 2103 1666 mortem
2143 1614 2535 1684 prodiderunt,
2564 1617 2647 1672 vel
2681 1627 2819 1673 teste
2872 1618 3191 1690 Evangelio.
3239 1620 3589 1691 Congregatis
3640 1624 3741 1678 enim

531 1705 672 1761 dixit
707 1704 917 1761 Pilatus
951 1718 964 1756 :
1038 1720 1056 1753 ι
1128 1700 1302 1772 Quem
1363 1698 1532 1753 vultis
1601 1697 1881 1752 dimittam
1923 1700 2128 1756 vobis?
2165 1701 2473 1759 Barabbam
2519 1705 2735 1777 1115
2793 1721 2864 1761 an
2907 1706 3097 1763 Jesum
3134 1709 3231 1778 qui
3263 1709 3469 1764 dicitur
3507 1708 3740 1773 Christus;

532 1798 743 1855 sciebat
761 1797 932 1859 enim,
972 1793 1101 1863 quia
1138 1808 1238 1864 per
1281 1790 1545 1848 invidiam
1589 1790 1949 1847 tradidissent
1988 1808 2115 1849 eum
2162 1794 2229 1850 ⁸⁸.
2267 1814 2287 1848 ι
2330 1796 2598 1852 Dominus
2619 1806 2821 1853 autem}
2865 1796 3083 1868 injuria:
3106 1801 3292 1859 omnis
3320 1800 3621 1867 immemor,
3646 1812 3741 1873 quas

532 1908 706 1965 agnus
745 1891 1032 1956 innocens,
1077 1887 1219 1948 nihil
1239 1901 1347 1941 non
1385 1884 1657 1941 tolerabat
1704 1886 2211 1977 mansuetissimus.
2240 1890 2351 1961 Ipsi
2377 1890 2549 1967 gloria
2586 1890 2642 1952 in
2667 1890 2888 1946 saecula.
2921 1890 3127 1948 Amen.
3178 1892 3185 1895 “

919 2042 929 2071 ι
1088 2022 1377 2083 HOMILIA
1408 2018 1544 2083 LVI.

2797 2022 3017 2077 ΛΟΓΟΣ
3050 2022 3198 2090 Νςῖν.

1094 2136 1172 2192 Ne
1206 2135 1533 2190 contendito.
1714 2110 1719 2115 I

2669 2135 2809 2205 Περὶ
2834 2135 2943 2190 τοῦ
2969 2139 3058 2206 μὴ
3083 2133 3320 2205 ἐρίζειν.

2294 2250 2614 2320 Ἀνθρωπος
2664 2249 2888 2321 ἐριστὴς
2937 2249 2998 2304 οὐ
3043 2248 3206 2321 μόνον
3239 2250 3386 2320 μετά
3436 2249 3546 2303 τῶν
3589 2252 3733 2305 οἰκεία

2214 2340 2315 2394 οὐκ
2353 2338 2643 2412 εἰρηνεύει,
2670 2320 2795 2393 ἀλλ’
2811 2320 2931 2393 οῦδὲ
2967 2320 3108 2408 μετά
3130 2338 3238 2393 τῶν
3266 2339 3590 2412 ἀλλοτρίων.
3623 2341 3728 2395 es»

2214 2431 2324 2504 γὰρ
2362 2430 2453 2484 τὸν
2504 2430 2781 2501 ἐριστικὸν
2825 2427 2992 2485 αὐτοῦ
3038 2430 3302 2500 λογισμὸν
3355 2431 3735 2504 πληροφορῆσιι,

2216 2522 2306 2576 ἀεὶ
2342 2525 2418 2586 εἰς
2467 2521 2819 2593 ῥᾳδιουργίας
2861 2520 3194 2591 ἐπιτηδεύει,
3215 2523 3311 2576 καὶ
3337 2523 3624 2592 ἐνδελεχῶς
3656 2541 3744 2595 παρ-

2215 2612 2521 2687 οτρύνεται,
2547 2614 2642 2668 καὶ
2668 2614 2862 2679 ἄλλους
2884 2613 3127 2672 θολωνεί.
3165 2615 3222 2669 '0
3260 2616 3516 2679 τοιοῦτος
3543 2616 3745 2684 στυγητὸς

2218 2706 2371 2777 παρά
2413 2706 2579 2759 πᾶσιν
2623 2703 2937 2777 ἀνθρώποις
2977 2705 3322 2778 εὑρίσκεται,
3378 2706 3580 2778 μᾶλλον
3614 2708 3660 2762 δὲ
3683 2708 3743 2760 καὶ

2217 2795 2514 2860 οἴκτιστος.
2547 2796 2864 2868 Γέγραπται
2902 2797 3010 2871 γὰρ
3045 2800 3104 2852 ἐν
3124 2800 3191 2869 τῇ
3226 2799 3589 2864 Γενέσει,-ὃτι
3615 2799 3750 2851 ἔλαθεν

2230 2886 2399 2940 Ἠσαῦ
2436 2887 2502 2939 ἐκ
2547 2886 2657 2962 τῶν
2692 2887 3008 2957 ἀλλοφύλων
3038 2892 3327 2957 γυναῖκας,
3369 2890 3467 2944 καὶ
3511 2885 3640 2959 ἦσαν
3673 2888 3752 2959 ἐρί-

2219 2968 2413 3041 ζουσαι
2440 2976 2518 3046 τῷ
2560 2972 2886 3053 Ἰσαάκοιαὶ
2942 2982 3009 3051 τῇ
3060 2980 3353 3055 Ῥεϐέκκα.
3393 2976 3563 3035 Εἶπεν
3592 2980 3643 3033 δέ
3675 2979 3754 3033 Ῥε-

616 2238 1004 2313 Contentiosus
1051 2261 1109 2307 et
1166 2251 1263 2320 qui
1302 2249 1493 2303 litibus
1550 2244 1801 2311 serendis
1848 2250 2105 2316 insuevit,

536 2349 673 2404 adeo
725 2362 850 2401 cum
891 2342 1211 2399 domesticis
1253 2340 1781 2411 habituruspacem
1846 2357 1958 2395 non
2006 2350 2112 2407 est,

535 2440 633 2496 sed
678 2455 747 2493 ne
796 2451 922 2492 cum
979 2434 1227 2490 externis
1301 2434 1550 2504 quidem.
1588 2434 1730 2487 Dum
1783 2432 1932 2488 enim
2000 2448 2115 2489 sum

535 2528 877 2602 cogitationi,
901 2542 1065 2597 quam
1090 2525 1462 2580 contentionis
1482 2527 1732 2582 serenda:
1767 2525 1953 2580 studio
1983 2540 2117 2580 con-

535 2622 704 2690 cepit,
730 2619 884 2688 cupit
914 2617 1093 2672 modis
1129 2616 1393 2671 omnibus
1428 2624 1491 2670 ut
1524 2614 1756 2671 satisﬁat
1784 2632 1799 2680 ;
1829 2631 2113 2685 nunquam

535 2728 649 2767 non
684 2710 757 2766 ad
798 2708 1079 2781 iungentium
1123 2714 1180 2762 et
1232 2716 1547 2761 commenta
1592 2706 1940 2761 veteratorite
1981 2705 2118 2761 artis

534 2814 837 2856 conversus
853 2796 1294 2877 comminiscitur
1320 2794 1561 2852 novitias
1580 2795 1823 2861 fraudes,
1849 2810 1922 2865 ac,
1942 2795 2117 2850 veluti

534 2891 654 2947 acri
694 2876 955 2961 quopiam
999 2897 1172 2944 uestro
1227 2876 1495 2957 percitus,
1544 2886 1815 2957 perpetim
1848 2885 2120 2942 novandis

533 2983 729 3039 litibus
751 2980 1159 3047 exstimulatur.
1183 2979 1289 3034 Per
1314 2978 1430 3033 haec
1464 2978 1689 3032 interim
1719 2977 1842 3031 aliis
1875 2976 2120 3030 concitat

533 3073 750 3139 turbas,
794 3082 851 3128 et
889 3072 1006 3128 suis
1047 3087 1143 3127 eos
1174 3070 1415 3142 exagitat
1475 3068 1839 3139 intemperiis.
1874 3066 1973 3121 llic
1994 3066 2112 3121 talis

2221 3071 2390 3124 ὃέκκα
2423 3071 2500 3142 τῷ
2542 3071 2729 3124 Ἰσαάκ
2753 3088 2766 3102 ·
2807 3090 2826 3122 ι
2855 3054 3227 3144 Προσὼχθίσα
3257 3076 3326 3144 τῇ
3387 3072 3500 3143 ζωῇ
3553 3090 3662 3144 μου,
3695 3071 3754 3124 διὰ

533 3165 671 3219 nulli
688 3180 798 3220 non
821 3156 1256 3233 deprehenditur
1276 3161 1508 3226 invisus,
1529 3170 1694 3231 atque
1716 3162 1967 3215 omnium
1988 3161 2112 3216 odio

2218 3163 2318 3226 τὰς
2349 3162 2659 3233 θυγατέρας
2698 3161 2810 3215 τῶν
2868 3158 3001 3217 υἱῶν
3053 3163 3183 3217 Χέτ.
3217 3183 3236 3216 ι
3285 3166 3468 3219 Τοῦτο
3523 3164 3755 3235 δηλοῦντος

532 3257 699 3327 longe
724 3254 1114 3327 dignissimus;
1154 3254 1345 3308 verius
1374 3250 1629 3331 dixerim,
1663 3254 1912 3308 omnium
1944 3254 2112 3309 multo

2218 3253 2314 3308 τοῦ
2337 3254 2518 3321 λόγου,
2551 3254 2634 3306 ὅτι
2674 3253 2735 3306 τὸ
2774 3253 2980 3325 ἐρίζειν
3042 3254 3226 3319 ἀθέοις
3263 3255 3528 3327 ἁρμόζει,
3562 3258 3645 3310 καὶ
3672 3256 3757 3325 οὐχὶ

534 3349 900 3403 miserrimus.
945 3346 1226 3416 Scriptum
1272 3345 1476 3416 quippe
1496 3346 1564 3400 'in
1607 3345 1808 3403 Genesi
1847 3355 1953 3410 est,
1986 3345 2112 3415 quia

2221 3345 2431 3405 πιστοῖς
2478 3342 2575 3395 καὶ
2628 3342 3000 3397 adiuuent)!
3029 3343 3139 3414 γὰρ
3182 3344 3359 3422 ὅντιος
3407 3346 3667 3423 εὐλαϐεῖς,
3694 3346 3759 3397 καὶ

534 3441 679 3495 Esau
710 3453 908 3493 uxores
956 3436 1171 3507 accepit
1196 3452 1308 3490 non
1345 3448 1456 3492 sum
1500 3436 1702 3506 gentis,
1730 3436 1828 3491 sed
1852 3446 2112 3501 externm,

2221 3433 2458 3506 Χριστοῦ
2476 3435 2736 3504 μαθηταὶ,
2754 3435 2847 3489 τὸν
2872 3435 3063 3489 ἑαυτὸν
3086 3436 3357 3508 δεσπότην
3381 3440 3475 3495 καὶ
3494 3438 3760 3492 διδάσκαλοι

534 3547 656 3600 qua:
685 3546 786 3600 pro
814 3527 1215 3585 consuetudine
1247 3526 1662 3582 contendebant
1708 3542 1836 3582 eum
1884 3527 2039 3582 Isaac
2062 3538 2112 3582 ct

2225 3525 2539 3596 μιμοῦνται.
2577 3546 2594 3577 ι
2622 3527 2737 3579 Οὐκ
2760 3528 2931 3596 ἐρίσει
2950 3526 3080 3597 γὰρ,
3108 3530 3296 3599 φησὶν,
3328 3531 3453 3583 ούδέ
3486 3530 3762 3601 κραυγάσει,

535 3622 807 3676 Rebecca.
858 3620 1007 3674 Dixit
1040 3628 1227 3673 autem
1263 3617 1513 3673 Rebecca
1555 3617 1708 3671 Isaac
1749 3634 1805 3669 τι
1862 3616 2112 3673 υἰειωόοι

2222 3616 2344 3669 οὐδὲ
2367 3616 2588 3669 ἀκούσει
2606 3634 2687 3679 τις
2715 3616 2812 3687 τὴν
2837 3618 3019 3686 φωνὴν
3039 3618 3230 3672 αὑτοῦ.
3250 3637 3269 3670 ι
3289 3621 3403 3672 Καὶ
3427 3622 3475 3674 οἱ
3496 3622 3701 3674 τοιοῦτοι
3721 3619 3763 3671 ού

535 3726 625 3766 me
658 3712 789 3766 vitae
816 3726 973 3775 meae,
1015 3709 1263 3780 mihique
1312 3708 1419 3778 ipsi
1463 3707 1682 3762 infensa
1723 3720 1845 3762 sum
1891 3717 2112 3776 propter

2222 3708 2521 3777 πειρῶνται
2543 3707 2861 3778 οἱονδήποτε
2914 3711 3149 3780 πρᾶγμα
3182 3710 3250 3763 δι’
3277 3712 3513 3781 ἐρισμοῦ
3541 3714 3627 3766 καὶ
3657 3712 3763 3780 φιλο·

533 3801 677 3857 ﬁlias
722 3801 963 3857 ﬁliorum
1031 3801 1140 3857 Het
1167 3801 1232 3853 ⁸⁸.
1264 3819 1283 3853 ›
1326 3799 1663 3854 anulenter
1693 3814 1795 3869 per
1836 3798 1944 3853 hoc
1988 3798 2112 3854 insi«

2223 3801 2432 3885 νεικίας
2463 3799 2743 3865 ἐπιλῦσαι,
2775 3800 2911 3854 ἀλλά
2931 3802 2999 3854 δι’
3032 3801 3333 3873 ὑπομονῆς,
3362 3806 3459 3857 καὶ
3478 3802 3759 3873 προσευχῆς,

532 3902 739 3948 nuatur
768 3908 963 3949 verum
983 3907 1130 3957 esse,
1155 3892 1286 3961 quia
1312 3891 1513 3962 pugnis
1567 3899 1734 3961 atque
1761 3890 2112 3945 contentione

2221 3892 2318 3943 καὶ
2351 3891 2622 3961 ὑπακοῆς,
2647 3892 2741 3953 καὶ
2771 3892 3151 3963 μονολογὶστου
3172 3894 3413 3959 ἐλπίδος.
3446 3897 3609 3966 Φησὶν
3643 3893 3761 3964 γὰρό

478 4050 481 4053 Α
531 3985 831 4039 verborum
854 3984 1171 4039 velitarium
1199 3982 1490 4053 digladiari
1525 3990 1585 4037 et
1613 3997 1801 4037 serere
1830 3982 1980 4048 lites,
2026 3996 2112 4037 eo.

2222 3978 2694 4053 Κύριος,‹ἾΙλθον
2709 3984 2805 4054 οὐχ
2822 3984 2909 4037 ἴνα
2933 3985 3073 4037 ποιῶ
3091 3985 3153 4038 τδ
3181 3986 3397 4057 θέλημα
3420 3987 3479 4041 τὸ
3505 3987 3648 4057 ἐμὸν,
3663 3986 3760 4039 ἀλλὰ

533 4091 656 4129 rum
682 4087 765 4130 est
798 4075 890 4146 qui
916 4090 948 4129 a
974 4076 1087 4129 Deo
1122 4081 1251 4128 sunt
1280 4073 1469 4137 alieni,
1500 4088 1610 4126 non
1642 4072 1773 4126 item
1796 4070 2041 4125 ﬁdelium
2066 4081 2112 4125 et

2222 4073 2285 4126 es
2318 4073 2525 4143 θέλημα
2547 4074 2640 4127 τοῦ
2663 4075 2977 4145 πέμψαντός
3008 4093 3075 4145 με
3108 4077 3342 4149 Πατρός.
3379 4097 3399 4130 ι
3425 4079 3537 4132 Καὶ
3559 4082 3585 4132 ὁ
3609 4080 3760 4147 Παροι-

532 4168 630 4239 qui
667 4183 726 4222 se
749 4166 1067 4222 excolenda:
1116 4164 1309 4235 pietati
1338 4171 1485 4218 totos
1527 4171 1938 4217 consecrarunt.
1970 4162 2112 4218 Reli-

2228 4166 2462 4237 μιαστὴς
2488 4167 2542 4220 δὲ
2573 4169 2702 4239 περὶ
2738 4169 2848 4221 τῶν
2878 4168 3110 4238 ἐριστῶν
3134 4186 3321 4239 φησιν,
3368 4189 3388 4222 ι
3414 4170 3507 4242 Μὴ
3538 4170 3757 4240 διαμάχου

533 4256 673 4326 giosi
701 4257 850 4311 enim
870 4270 1001 4309 vere
1029 4254 1124 4323 qui
1155 4261 1358 4308 suntet
1388 4250 1592 4306 Christi
1641 4251 1924 4322 discipuli,
1960 4267 2112 4307 suum

2225 4257 2500 4328 ἀνθρώπῳ
2539 4259 2871 4327 γλωσσώδει,
2908 4260 3044 4329 μηδὲ
3085 4258 3435 4323 ἑπιστοίϐαζε
3454 4263 3545 4314 ἐπὶ
3587 4261 3643 4321 τὸ
3681 4258 3758 4328 πῦρ

534 4356 784 4417 ipsorum
811 4346 1144 4400 aemulantur
1169 4352 1226 4398 et
1247 4342 1531 4397 dominum
1554 4352 1611 4397 et
1635 4342 1940 4398 doctorem.
1968 4361 1985 4393 ι
2004 4343 2112 4397 Non

2226 4348 2393 4402 αὐτοῦ
2427 4348 2578 4413 ξύλα.
2599 4369 2615 4401 ι
2654 4350 2785 4416 Καὶ,
2823 4369 2841 4402 ι
2866 4351 2959 4421 Μὴ
2990 4351 3293 4421 ἀποκρίνου
3324 4352 3526 4423 ἄφρονι
3552 4351 3675 4423 πρὸς
3688 4349 3757 4418 τὴν

533 4436 854 4499 contendet,
871 4436 949 4489 ait
974 4434 1222 4504 quidam,
1259 4448 1362 4488 nec
1390 4432 1668 4498 clamabit,
1723 4448 1905 4503 neque
1920 4433 2112 4509 audiet

2226 4439 2432 4493 ἐκείνου
2468 4440 2804 4510 ἀφροσύνην,
2826 4438 2940 4511 [ἵνα
2983 4432 3058 4511 μὴ
3091 4441 3279 4510 ὅμοιος
3305 4441 3441 4514 γένῃ
3470 4442 3648 4509 αὐτῷ·
3674 4437 3755 4492 ἀλλ’

532 4528 659 4597 quis
679 4541 871 4582 vocem
892 4526 1012 4598 ejus
1028 4527 1093 4580 ³³.
1118 4544 1135 4576 ι
1189 4523 1469 4595 Quidquid
1528 4524 1618 4578 isti
1675 4523 1898 4579 tandem
1926 4525 2007 4579 rei
2036 4523 2112 4579 vel

2228 4531 2525 4601 ἀποκρίνου
2559 4530 2751 4601 ἄφρονι
2780 4530 2921 4589 κατά
2948 4531 3047 4599 τὴν
3076 4530 3391 4601 ἀφροσύνην
3435 4528 3674 4599 ἐκείνου,]
3698 4529 3756 4580 ἶνα

531 4619 720 4689 operis
742 4617 1157 4695 aggrediuntur,
1190 4631 1473 4686 nunquam
1504 4615 1559 4669 id
1585 4631 1683 4685 per
1726 4615 1880 4670 litem
1908 4624 1965 4670 et
1994 4632 2112 4671 eon-

2231 4623 2306 4693 μὴ
2343 4622 2605 4692 φαίνηται
2635 4622 2796 4691 σοφὸς
2822 4622 2952 4691 παρ’
2981 4622 3186 4695 ἐαυτῷ.
3208 4641 3227 4674 ›
3262 4623 3374 4675 Καὶ
3397 4622 3576 4685 ἄλλος,
3604 4641 3620 4673 ι
3641 4621 3756 4687 Ἔρις

535 4712 837 4768 tentionem
890 4710 960 4765 ad
1005 4710 1215 4764 exitum
1264 4722 1440 4778 usque
1489 4716 1817 4777 promovent
1847 4716 1903 4761 et
1930 4707 2112 4762 absol-

2220 4713 2776 4784 κατασπουδαζομένη
2829 4706 3045 4766 ἐκκαίει
3097 4712 3229 4783 πῦρ,
3280 4712 3376 4765 καὶ
3437 4714 3583 4784 μάχη
3630 4727 3757 4764 κατι·

531 4815 688 4860 vunt.
719 4804 870 4859 Finis
900 4804 1049 4859 enim
1096 4800 1401 4870 imponitur
1431 4800 1586 4869 Operi
1622 4799 1862 4863 debitus,
1892 4815 1992 4868 per
2014 4815 2112 4869 ναι-

2217 4805 2523 4859 σπεύδουσα
2564 4806 2755 4875 ἐκχέει
2802 4798 2963 4874 αἷμα.
2998 4823 3016 4857 δ
3069 4806 3179 4858 Καὶ
3207 4805 3391 4869 πάλιν,
3427 4826 3445 4857 ι
3477 4806 3599 4859 Ἐὰν
3619 4802 3755 4873 φυσή-

534 4897 802 4961 ticntiam,
835 4896 1168 4959 orationem,
1220 4890 1626 4956 obedientiam,
1680 4904 1888 4957 perque
1940 4888 2111 4943 solam

2217 4913 2312 4970 σῃς
2354 4898 2436 4960 εἱς
2484 4896 2782 4965 σπινθῆρα,
2815 4896 3259 4966 ἐκκαυθήσεται*
3293 4897 3409 4962 καὶ,
3444 4895 3540 4948 ἐὰν
3586 4892 3757 4964 spumi-

531 5004 681 5059 spem
714 5001 1064 5058 generosam.
1101 4984 1194 5038 Ait
1216 4983 1365 5037 enim
1403 4980 1692 5052 ,Dominus
1717 4997 1729 5032 :
1756 4997 1774 5030 ι
1823 4980 2111 5045 Veni,n‘on

2217 5003 2315 5059 σῃς
2350 4989 2429 5049 εις
2455 4984 2655 5051 αύτὸν,·
2679 4985 3065 5057 σϐεσθήσετριι,
3094 4987 3190 5040 καὶ
3232 4986 3538 5056 ,ἀμφότερα
3592 4988 3651 5039 ἐκ
3686 4979 3756 5033 τοῦ

532 5088 593 5133 ut
614 5078 809 5132 faciam
832 5077 1172 5132 voluntatem
1194 5071 1505 5138 meam,’scd
1524 5071 1864 5125 voluntatem
1880 5071 2105 5140 ejusqui

534 5171 684 5224 misit
708 5174 796 5224 me
846 5169 1023 5224 Patris
1069 5168 1136 5221 ³³.
1170 5186 1189 5216 ι
1215 5166 1602 5222 Parmmiastes
1632 5163 1763 5217 item
1786 5162 1856 5217 de
1874 5171 2106 5217 conten-

533 5262 691 5316 tiosis
709 5260 978 5330 ejusmodi
1011 5276 1028 5314 :
1058 5278 1077 5310 ι
1109 5258 1191 5313 Ne
1219 5256 1405 5327 litiges
1438 5270 1565 5311 cum
1591 5254 1817 5310 homine
1843 5253 2106 5324 linguaci,

532 5368 711 5422 neque
731 5362 910 5407 struas
932 5368 1100 5422 super
1130 5351 1314 5423 ignem
1349 5350 1497 5404 illius
1518 5348 1663 5419 ligna
1691 5347 1757 5399 “.
1795 5365 1814 5399 ι
1838 5346 1906 5401 Et
1936 5363 1949 5398 :
1986 5366 2003 5399 ι
2030 5348 2108 5403 Ne

532 5445 871 5515 respondeas
893 5445 1062 5501 stulto
1088 5442 1395 5501 secundum
1418 5441 1708 5499 stultitiam
1758 5440 1929 5505 illius,
1955 5449 2013 5495 ut
2040 5456 2109 5495 ne

2214 5080 2483 5150 στόματος
2527 5077 2909 5149 ἐκπορεύεται.
2939 5097 2958 5131 ι
3008 5079 3174 5147 Λέγει
3220 5078 3279 5133 δὲ
3318 5079 3416 5133 καὶ
3450 5079 3480 5131 ό
3524 5075 3753 5136 Ἰάκωϐος,

2219 5170 2433 5223 «Ὅπου
2465 5169 2575 5238 γὰρ
2604 5167 2768 5237 ζῆλος
2797 5167 2894 5222 καὶ
2924 5167 3064 5237 ἔρις,
3104 5171 3226 5223 ἐκεῖ
3267 5167 3656 5229 ἀκαταστασία,
3683 5164 3752 5216 καὶ

2215 5263 2325 5316 πᾶν
2366 5260 2579 5330 φαῦλον
2631 5262 2891 5332 πρᾶγμα.
2928 5279 2947 5313 ι
2993 5261 3051 5315 '0
3070 5260 3130 5315 δὲ
3159 5259 3378 5326 Παῦλός
3404 5279 3588 5332 φησιν,
3622 5257 3751 5312 «Τοῦ

2213 5353 2272 5407 δὲ
2304 5353 2364 5419 ἐξ
2393 5352 2637 5424 ἐριθείας
2668 5352 2766 5406 καὶ
2815 5350 3139 5406 ἀπειθοῦσιν
3175 5352 3276 5422 μὲν
3302 5356 3372 5423 τῇ
3399 5348 3636 5420 ἀληθείᾳ,
3660 5360 3742 5396 πει·

2217 5442 2466 5513 θομένοις
2494 5441 2552 5494 δὲ
2586 5435 2652 5512 τῇ
2693 5443 2901 5515 ἀδικίᾳ,
2929 5440 3091 5515 ὀργὴ,
3118 5444 3215 5496 καὶ
3248 5442 3418 5515 θυμός
3439 5461 3452 5474 ·
3494 5441 3655 5509 θλῖψις
3677 5435 3747 5488 καὶ

602 5644 648 5677 ⁸⁸
668 5643 800 5699 Luc.
828 5645 1007 5708 x1v,9.
1082 5647 1128 5678 ²⁹
1166 5644 1304 5702 Gen.
1331 5661 1405 5713 iv,
1433 5644 1520 5700 M.
1554 5644 1598 5677 ³⁰
1620 5643 1813 5699 Matth.
1852 5656 2018 5705 xxvn,
2044 5640 2109 5694 l7

2217 5640 2263 5695 Β.
2345 5641 2383 5672 ³¹
2420 5641 2558 5696 Gen.
2583 5656 2748 5707 xxvii,
2778 5639 2867 5696 46.
2900 5640 2945 5673 “
2971 5639 3075 5696 lsa.
3111 5639 3312 5705 XLII,2.
3355 5641 3399 5674 ³³
3423 5629 3742 5707 Joan.vr,5f.

531 5701 572 5734 ³⁸
603 5713 773 5771 Eccli.
815 5701 935 5780 viil,
967 5715 1018 5768 4.
