3944 6472
147 360 180 420 Ῑ
201 364 347 425 (£05

1349 377 1679 437 HOMILIA
1713 380 1890 441 LVII.
1925 381 2110 441 -DE
2147 378 2350 439 ODtO.

3355 384 3494 451 1606

150 474 549 567 στενοχωρία
591 476 685 529 ἐπὶ
726 479 912 532 πᾶσαν
941 478 1119 553 ψυχὴν
1156 484 1449 554 ἀνθρώπου
1470 486 1567 540 τοῦ
1603 505 1800 560 κατερ-

1907 489 2161 545 videnlur
2190 489 2295 544 sibi
2323 486 2546 567 sapiens
2577 486 2642 540 ³⁵.
2685 505 2704 539 ›
2731 487 2887 544 Alius
2909 490 3135 560 quidam
3167 512 3181 547 :
3224 514 3240 545 ι
3278 494 3370 552 Lis
3410 500 3491 554 fe”

146 565 523 636 γαζομένου
571 567 633 621 τὸ
685 571 876 626 κακόν.
904 591 923 624 ι
960 574 1077 628 Καὶ
1105 578 1163 628 ἐν
1194 576 1401 643 ἄλλοις,
1433 598 1451 631 ι
1480 581 1577 636 Ὃν
1602 582 1806 653 τρόπον

167 658 432 745 Ἰαννὴς
465 659 569 713 καὶ
596 661 861 735 Ἰαμϐρῆς
887 664 1229 738 ἀντέστησαν
1259 669 1336 740 τῷ
1362 671 1595 745 Μωῦσῇ,
1631 673 1807 739 οὕτως

151 752 293 806 καὶ
323 744 477 807 οὗτοι
509 752 864 811 ἀνθίστανται
895 760 962 829 τῇ
1002 759 1252 833 ἀληθείᾳ.
1282 780 1301 814 ι
1370 744 1707 821 Ἐπιστέλλει
1749 769 1806 823 δὲ

151 841 293 894 καὶ
344 839 425 911 τῷ
453 842 622 913 Τίτῳ,
653 843 832 913 λέγων
851 861 867 876 ·
909 867 928 900 ι
957 848 1166 921 Μωρὰς
1193 851 1252 903 δὲ
1280 851 1561 925 ζητήσεις,
1587 858 1685 912 καὶ
1721 874 1802 926 γε.

153 931 520 1001 νεαλογίας,
553 936 652 988 καὶ
679 937 849 1006 ἕρεις,
880 938 977 993 καὶ
1003 941 1183 1012 μάχας
1209 944 1440 1014 νομικὰς
1463 948 1800 1018 περιίστασο.

166 1023 364 1076 Εἰσὶν
423 1024 532 1096 γὰρ
591 1027 895 1096 ἀνωφελεῖς
945 1031 1041 1084 καὶ
1099 1033 1342 1102 μάταιοι.
1374 1053 1394 1087 ›
1441 1036 1634 1107 Ἡμεῖς
1686 1034 1804 1105 οὖν,

163 1116 512 1184 ἀγαπητοὶ,
543 1116 620 1180 ὡς
644 1121 1031 1192 τῆςὺπακοῆς
1063 1123 1219 1188 ὄντες
1249 1124 1437 1192 τέκνα,
1482 1128 1557 1199 μὴ
1596 1131 1803 1199 ὁμοιω-

163 1204 398 1273 Οῶμεν
440 1210 555 1269 τοῖς
601 1210 850 1278 ματαίοις
901 1213 1146 1282 ἐρισταϊς
1176 1215 1281 1268 καὶ
1314 1215 1670 1283 φιλονείκοις,
1704 1232 1807 1290 μαρ

167 1297 398 1360 ὑόντες
444 1300 508 1352 ὲκ
534 1300 638 1367 τῆς
679 1301 833 1365 θείας
884 1304 1116 1374 Γραφῆς
1166 1306 1231 1360 τὸ
1284 1306 1549 1380 βλαϐερὸν
1568 1309 1663 1363 τοῦ
1692 1312 1808 1382 ἐρι-

171 1387 378 1458 σμοῦ,
420 1391 494 1459 μή
528 1407 661 1443 ποτε
692 1394 1130 1465 κατακριθῶμεν
1186 1398 1287 1451 σὺν
1313 1401 1428 1462 τοίς
1461 1401 1805 1472 παρανόμοις

191 1479 525 1546 Ἰουδαίοις,
558 1482 757 1547 οἵτινες
802 1486 891 1539 ἀεὶ
930 1487 1260 1543 ἀνθίσταντο
1312 1492 1379 1562 τῇ
1424 1490 1684 1563 ἀληθείᾳ’
1710 1495 1805 1547 καὶ.

172 1572 406 1642 ἔλεγον
436 1574 516 1644 τῷ
548 1577 795 1649 Δεσπὸτῃ
819 1594 831 1608 ν
869 1597 887 1630 ι
911 1580 984 1633 Σὺ
1020 1581 1152 1652 περι
1195 1584 1429 1639 σεαυτοῦ
1465 1590 1800 1658 μαρτυρεῖς·

174 1665 222 1735 ἡ
266 1666 564 1737 μαρτυρία
604 1685 699 1722 σου
727 1669 827 1722 οὐκ
854 1669 1003 1725 ἔστιν
1024 1672 1257 1744 ἀληθής.
1282 1695 1301 1727 ι
1335 1676 1446 1730 Καὶ
1476 1678 1658 1745 πάλιν,
1689 1698 1708 1731 ι
1730 1680 1805 1734 Σὺ

173 1756 285 1819 τίς
320 1752 375 1810 εἷ
396 1774 413 1823 ;
435 1777 454 1810 ι
482 1758 624 1829 Πρὸς
639 1759 735 1824 οὓς
760 1762 1097 1834 ἀπεκρίνατο
1117 1766 1145 1818 ὁ
1170 1766 1396 1840 Κύριος,
1421 1783 1439 1820 ι
1465 1768 1577 1840 Τὴν
1604 1771 1799 1842 ἀρχὴν,

1907 584 2115 639 stinata
2149 582 2399 639 incendit
2436 581 2640 652 ignem,
2671 590 2727 637 et
2750 598 2936 654 pugna
2965 583 3235 643 festinans
3259 590 3496 648 effundit

1906 688 2121 744 pugnas
2148 673 2216 728 ³⁸.
2253 690 2273 725 ι
2308 671 2551 728 Rursum
2588 689 2634 726 τι
2659 672 2716 728 Si
2746 674 3054 731 suillaveris
3087 678 3141 732 in
3170 681 3491 751 scintillam,

1905 762 2243 819 accendetur
2266 779 2282 830 ;
2301 772 2358 817 et
2386 763 2433 817 si
2452 764 2779 834 conspueris
2801 765 2857 821 in
2881 766 3053 832 illam,
3082 769 3490 841 exstinguetur,

1904 862 1961 908 et
1989 855 2153 910 ambo
2198 872 2264 912 ex
2298 843 2400 915 ore.
2421 859 2732 931 procedunt
2757 859 2825 915 ³⁷.
2863 878 2884 912 ι
2914 860 3060 916 Dicit
3092 868 3149 918 et
3174 862 3370 919 beatus
3398 865 3495 921 Ja-

1905 945 2109 1002 cobus:
2141 966 2159 998 ι
2189 936 2295 1005 Ubi
2309 951 2454 1006 enim
2480 952 2633 1007 zelus
2650 960 2707 1006 et
2730 952 3039 1018 contentio,
3067 953 3147 1009 ibi
3171 955 3496 1011 inconstan-

1905 1037 1982 1093 tia
2019 1048 2076 1094 et
2113 1055 2277 1097 omne
2332 1058 2475 1114 opus
2501 1060 2733 1115 pravum
2759 1045 2824 1098 ³⁸.
2858 1064 2877 1097 ι
2909 1046 3116 1101 Paulus
3169 1056 3489 1117 praeterea:

1913 1149 1932 1182 ι
1948 1132 2021 1186 lis
2042 1133 2135 1202 qui
2156 1143 2285 1190 sunt
2306 1150 2375 1190 ex
2396 1135 2773 1202 contentione,
2791 1144 2848 1190 et
2876 1136 2969 1206 qui
2992 1152 3105 1191 non
3128 1137 3494 1207 acquiescunt

1903 1218 2148 1291 veritati,
2170 1227 2408 1282 credunt
2435 1236 2619 1282 autem
2640 1227 2942 1296 iniquitati,
2968 1228 3048 1282 ira
3071 1235 3128 1283 et
3145 1228 3487 1299 indignatio;

1905 1313 2189 1371 tribulatio
2239 1327 2296 1373 et
2333 1318 2583 1389 angustia
2608 1319 2666 1372 in
2707 1333 2928 1373 omnem
2975 1319 3215 1373 animam
3247 1319 3493 1376 hominis

1903 1407 2188 1475 operantis
2215 1409 2420 1464 malum
2442 1409 2509 1463 υ.
2546 1429 2564 1462 ι
2592 1409 2715 1465 ΑΙἰο
2745 1410 2879 1465 item
2944 1409 3066 1464 loco
3102 1426 3116 1463 :
3161 1428 3180 1461 ι
3214 1408 3495 1476 Quemad-

1904 1494 2131 1551 modum
2180 1494 2380 1554 Jannes
2408 1507 2465 1554 et
2493 1499 2768 1554 Mambres
2801 1498 3131 1554 restiterunt
3164 1499 3356 1571 Moysi,
3414 1500 3492 1556 ita

1903 1596 1958 1667 et
1987 1587 2045 1642 hi
2089 1590 2356 1644 resistunt
2384 1589 2608 1644 veritati
2632 1590 2703 1644 "°.
2743 1607 2761 1641 ι
2794 1590 2903 1645 Sed
2924 1598 2981 1645 et
3014 1591 3083 1645 ad
3147 1590 3332 1645 Titum
3361 1590 3493 1661 Epi-

1905 1682 2044 1736 stola
2066 1697 2112 1734 τι
2134 1680 2343 1736 Stultas
2359 1681 2713 1750 quaestiones,
2731 1689 2788 1736 et
2808 1679 3176 1753 genealogias,
3194 1689 3252 1736 et
3265 1689 3494 1735 conten.-

1905 1775 2085 1829 tioncs
2105 1781 2162 1845 et
2193 1764 2406 1843 pugnas
2430 1772 2570 1843 legis
2594 1772 2812 1839 devita;
2835 1782 2966 1829 sunt
2994 1773 3144 1828 enim
3176 1771 3406 1828 inutiles
3434 1782 3491 1828 et

175 1845 282 1898 ὅτι
334 1847 437 1900 καὶ
465 1847 613 1902 λαλῶ
653 1850 803 1919 ὑμῖν.
851 1851 1045 1923 Ἀμὴν,
1073 1855 1222 1925 ἀμὴν
1260 1856 1403 1925 λέγω
1427 1857 1577 1928 ὑμῖν,
1604 1861 1699 1912 ὲὰν
1732 1861 1800 1932 μὴ

1910 1881 2063 1921 vana:
2086 1865 2156 1919 “.
2184 1884 2202 1917 ι
2242 1865 2457 1936 1113
2483 1865 2593 1920 Nos
2622 1864 2810 1937 igitur.
2837 1864 3173 1929 charissimi,
3200 1866 3359 1935 quasi
3385 1864 3489 1921 filii

179 1938 550 2009 πιστεύσητε
577 1941 657 1994 ὅτι
682 1941 793 2008 ἐγώ
829 1945 966 2013 εἰμι,
1000 1946 1365 2001 ἀποθανεῖσθε
1394 1950 1452 2001 ὲν
1474 1952 1597 2013 ταῖς
1620 1951 1800 2023 ἀμαρ-

177 2029 356 2092 τίαις
403 2031 582 2099 ὑμῶν.
605 2050 623 2083 ι
657 2033 815 2103 Αὐτῷ
854 2037 887 2105 ή
916 2035 1044 2100 δόξα
1073 2039 1157 2100 είς
1179 2038 1308 2102 τοὺς
1342 2039 1570 2104 αἰῶνας.
1604 2039 1799 2114 Ἀμήν.

1901 1954 2249 2018 οικᾶὶεηιίω,
2280 1969 2373 2019 ne,
2402 1968 2608 2023 quaeso,
2633 1954 2944 2024 vaniloquis
2975 1954 3096 2010 istis
3120 1953 3491 2024 litigatoribus

1898 2056 1955 2102 et
1975 2046 2343 2102 contentiosis
2362 2046 2537 2101 simus
2554 2045 2846 2111 assimiles,
2867 2055 2930 2101 ut
2946 2046 3041 2116 qui
3063 2045 3308 2102 doctrice
3344 2045 3491 2101 Scri-

182 2127 377 2215 ptura
408 2121 722 2215 didicimus,
761 2142 926 2195 quam
952 2128 1115 2182 noxia
1140 2128 1214 2184 sit
1256 2137 1314 2184 et
1350 2130 1749 2215 detrimentosa
1798 2134 2049 2207 litigandi
2115 2136 2480 2203 consuetudo,
2511 2128 2811 2206 nequando
2855 2138 3137 2207 contingat
3165 2136 3355 2192 subire
3384 2146 3491 2191 nos

182 2211 584 2268 damnationis
613 2230 901 2271 censuram
931 2233 1057 2272 cum
1086 2218 1292 2289 iniquis
1314 2231 1370 2276 et
1425 2211 1714 2294 exlegibus
1738 2225 1963 2294 Judaeis,
2031 2231 2129 2300 qui
2158 2231 2381 2286 veritati
2437 2238 2712 2300 perpetuo
2750 2229 3101 2296 restiterunt,
3139 2244 3205 2285 ac
3228 2227 3490 2284 dicebant

182 2302 449 2358 Domino
485 2322 500 2358 :
544 2322 563 2356 ι
608 2305 691 2361 Tu
761 2308 831 2363 de
900 2311 1075 2380 tcipso
1112 2312 1492 2368 testimOnium
1545 2316 1808 2384 perhibes
1845 2336 1862 2386 ;
1903 2320 2284 2377 testimonium
2324 2329 2484 2376 tuum
2515 2337 2629 2376 non
2670 2329 2756 2376 est
2807 2336 3001 2376 verum
3040 2319 3107 2374 ιι.
3157 2337 3175 2371 ι
3211 2320 3429 2374 Rursus
3469 2333 3485 2372 :

195 2412 220 2444 ι
258 2393 352 2447 'l‘u
377 2393 472 2463 qui
503 2408 565 2448 es
590 2394 614 2448 *ί
644 2414 664 2447 ›
696 2398 763 2451 ad
786 2410 926 2467 quos
952 2401 1219 2456 Dominus
1278 2404 1603 2474 respondit:
1672 2427 1691 2459 ι
1713 2408 2055 2482 Principium
2090 2429 2149 2469 se
2184 2429 2328 2477 esse,
2365 2413 2497 2484 quia
2560 2422 2620 2468 et
2666 2428 2768 2484 ego
2814 2413 3014 2482 loquor
3058 2411 3237 2467 vobis.
3312 2408 3489 2463 Amen

194 2486 341 2542 dico
365 2487 569 2581 nobis;
589 2489 696 2581 nisi
736 2493 1089 2550 credideritis
1122 2496 1252 2569 quia
1282 2513 1384 2569 ego
1428 2514 1571 2565 sum,
1603 2501 1918 2560 moriemini
1950 2506 2007 2562 in
2052 2507 2295 2578 peccatis
2344 2506 2549 2568 vestris
2572 2505 2641 2563 ".
2680 2524 2699 2557 ι
2764 2505 2876 2577 Ipsi
2942 2502 3116 2581 gloria
3179 2502 3237 2557 in
3286 2498 3488 2556 saecula

200 2577 563 2633 saeculorum.
585 2579 778 2647 Amen.

807 2698 1028 2753 auroz
1080 2700 1210 2755 NZ'.
1390 2773 1394 2779 ς

682 2809 823 2877 Περὶ
855 2810 963 2865 τοῦ
983 2810 1071 2881 μὴ
1095 2813 1324 2883 μισεῖν.

279 2926 623 2997 Γέγραπται,
654 2925 737 2980 ὅτι
757 2927 787 2980 ὁ
812 2926 1042 2995 ἀγαπῶν
1062 2928 1154 2985 τὸν
1177 2929 1333 2996 Θεὸν,
1364 2931 1559 3005 ἀγαπᾷ
1589 2932 1684 2987 καὶ
1713 2932 1806 2988 τὸν

192 3018 444 3087 ἀδελφὸν
464 3018 660 3073 αὐτοῦ’
683 3037 703 3071 ι
725 3020 754 3073 ὁ
782 3017 838 3073 δὲ
865 3020 1040 3090 μισῶν
1073 3020 1166 3075 τὸν
1195 3022 1425 3092 ἀδελφὺν
1460 3023 1648 3091 αὑτοῦ,
1685 3043 1704 3077 ι
1744 3023 1805 3079 οὐ

206 3114 381 3183 μόνον
407 3115 490 3168 ὅτι
514 3113 816 3184 θεοστυγὴς
843 3114 1015 3180 ἐστιν,
1041 3113 1180 3168 ἀλλὰ
1205 3115 1300 3168 καὶ
1318 3115 1794 3186 ἀνθρωποκτόνος,

203 3204 455 3289 εἶρητανι.
480 3203 700 3258 Φονεύει
756 3203 871 3275 γὰρ
903 3204 1067 3258 αὐτὸν
1087 3208 1153 3275 τῇ
1175 3204 1414 3260 διαθέσει
1464 3208 1561 3259 τοῦ
1609 3206 1800 3277 μίσους

2440 2704 2728 2762 HOMILIA
2759 2705 2918 2761 LVII.

2445 2816 2725 2872 Neminem
2752 2816 2947 2875 oderis.

1974 2926 2255 3002 Scriptum
2281 2939 2386 2997 est,
2403 2930 2669 3001 quoniam
2688 2931 2784 3000 qui
2804 2929 2985 3001 diligit
3008 2930 3205 2997 Deum,
3228 2930 3411 3002 diligit
3436 2943 3493 2989 et

1904 3021 2345 3086 fratremsunm;
2401 3020 2499 3091 qui
2519 3020 2841 3076 autemodit
2864 3020 3097 3076 fratrem
3160 3061 3176 3088 ,
3243 3037 3355 3077 non
3380 3022 3495 3081 Deo

1903 3111 2117 3167 invisus
2152 3112 2352 3176 solum,
2384 3110 2482 3166 sed
2524 3118 2582 3166 et
2622 3110 2903 3168 homicida
2947 3111 3099 3170 est“;
3131 3127 3296 3182 quem
3342 3112 3494 3171 enim

1907 3205 2043 3266 odit,
2073 3203 2261 3259 arcani
2284 3202 2518 3259 allectus
2541 3203 2876 3274 cogitatione
2901 3202 3156 3273 perimit,
3180 3204 3340 3274 cujus
3369 3205 3496 3273 qui-

208 3296 357 3348 κατὰ
372 3295 634 3360 διάνοιαν,
663 3289 871 3358 οὗτινος
903 3294 966 3348 τδ
986 3291 1145 3365 αἷμα,
1176 3297 1237 3350 οὐ
1261 3296 1349 3351 διὰ
1373 3296 1557 3366 ξίφους
1580 3297 1800 3368 ἐκχυθὲν

1909 3295 2035 3349 dem
2054 3295 2377 3365 sanguinem
2402 3309 2515 3350 non
2544 3294 2661 3350 acie
2676 3293 2845 3362 gladii
2868 3294 3213 3363 perspiciunt
3239 3294 3497 3349 homines

213 3382 495 3457 ἄνθρωποι
526 3384 844 3454 βλέπουσιν,
871 3384 1029 3438 ἀλλὰ»
1052 3388 1121 3457 τῇ
1159 3386 1417 3457 διαθέσει¹
1454 3386 1549 3441 τοῦ
1611 3388 1803 3457 μίσους

213 3474 504 3545 ἁναιρεθὲν
535 3475 667 3539 Θεος
691 3478 885 3547 ἐφορᾷ.
926 3477 1043 3543 Ὃς,
1067 3477 1129 3531 οὐ
1160 3477 1323 3548 μόνον
1354 3478 1498 3550 ὑπὲρ
1522 3478 1798 3549 πράξεων,

213 3567 358 3621 ἀλλὰ
385 3568 480 3621 καὶ
508 3567 649 3637 ὑπὲρ
674 3567 977 3639 λογισμῶν,
1015 3569 1112 3623 καὶ
1136 3571 1513 3640 προαιρέσεων
1544 3568 1798 3635 ἑκάστου,

217 3657 256 3729 ἢ
290 3657 613 3726 στεφάνους,
644 3658 677 3728 ἢ
704 3659 1002 3729 τιμωρίας,
1029 3659 1374 3716 ἀποδίδωσιν.
1407 3659 1609 3723 Καθὼς
1641 3659 1802 3737 αὐτὸς

220 3750 309 3803 διὰ
360 3750 454 3805 τοῦ
502 3751 794 3821 προφήτου
835 3751 1021 3820 φησίν·
1062 3772 1079 3802 ι
1116 3751 1258 3821 Ἐγὼ
1292 3751 1523 3823 ἔρχομαι
1562 3738 1800 3819 συναγα-

219 3844 338 3911 γείν
366 3844 434 3896 τὰ
467 3841 627 3913 ἔργα,
661 3842 759 3897 καὶ
791 3844 918 3915 τοὺς
949 3843 1266 3913 λογισμοὺς,
1302 3843 1399 3897 καὶ
1430 3842 1531 3907 τὰς
1560 3843 1801 3913 ἐνθυμή-

220 3950 337 3996 σεις
367 3933 570 3989 αὐτῶν.
600 3952 618 3987 ι
664 3933 827 3988 Ἀλλά
858 3936 953 3988 καὶ
995 3934 1165 3989 κακία
1219 3936 1279 3988 ἐν
1328 3935 1610 4006 λογισμοῖς
1645 3933 1803 4004 μελε-

218 4027 458 4103 τωμένη,
512 4026 769 4098 θρασύνει
803 4025 1049 4098 καρδίαν,
1084 4026 1456 4097 ἀναιρουμένη
1503 4026 1581 4093 δὲ,
1611 4025 1679 4079 δι’
1709 4029 1803 4094 εγ-

223 4117 480 4187 κρατείας
519 4118 614 4170 καὶ
657 4116 869 4180 ἐλπίδος
920 4116 1209 4189 συντρίϐει
1262 4118 1457 4187 αὑτήν.
1516 4116 1800 4187 Ἀθέμιτον

225 4204 318 4262 οὖν
344 4209 487 4280 ἔχειν
525 4210 673 4280 ἡμᾶς
729 4211 886 4279 μῖσος
936 4210 1075 4279 πρδλς
1114 4209 1203 4263 τὸν
1238 4210 1511 4280 ὁμόφυλον
1541 4209 1635 4263 καὶ
1666 4210 1800 4279 ὁμό·

226 4317 433 4367 πιστον,
460 4303 556 4356 καὶ
585 4301 1030 4373 συγκληρονόμον
1058 4301 1158 4372 τῆς
1181 4302 1471 4372 βασιλείας
1500 4300 1610 4355 τῶν
1640 4301 1797 4371 οὐρα.

230 4391 351 4447 νῶν.
396 4393 739 4464 Μισήσωμεν
774 4389 870 4448 οὖν
903 4394 997 4447 τὸν
1048 4394 1315 4465 μισοῦντα
1346 4396 1498 4465 ἡμᾶς
1531 4393 1797 4458 διάϐολον,

230 4484 324 4539 καὶ
359 4483 428 4537 τὰ
465 4484 608 4558 ἔργα
652 4484 842 4553 αὐτοῦ,
890 4484 982 4539 τὸν
1021 4486 1202 4555 κοινὸν
1236 4487 1457 4541 πάντων
1493 4485 1800 4558 ἀνθρώπων

230 4573 435 4646 ἐχθρὸν,
466 4575 706 4646 μάλιστα
724 4576 782 4629 δὲ
807 4575 1018 4654 πιστῶν
1038 4594 1053 4610 ·
1079 4577 1257 4642 οὐδεὶς
1286 4577 1396 4649 γὰρ
1416 4577 1600 4631 πίστιν
1629 4578 1798 4646 ἐπαγ-

1904 3386 2162 3452 eﬂusum,
2196 3387 2341 3441 Deus
2364 3400 2496 3441 vero
2518 3385 2673 3441 illum
2703 3385 2855 3441 videt
2876 3385 2991 3441 odii
3020 3385 3267 3457 maligno
3290 3385 3493 3443 aﬂ‘ectu

1902 3486 2249 3548 peremptum
2273 3477 2396 3548 :qui
2416 3476 2647 3532 cuilibet
2675 3487 2928 3532 nostrum
2955 3484 3052 3532 aut
3082 3491 3345 3532 coronam
3368 3478 3496 3533 red...

1903 3571 2005 3635 dit,
2054 3580 2151 3625 aut
2181 3569 2438 3626 ultricem
2472 3584 2696 3641 poenam
2729 3584 2831 3639 pro
2864 3568 3131 3639 qualitate
3159 3584 3272 3625 non
3308 3570 3495 3640 operis

1904 3661 2104 3726 solum,
2134 3661 2232 3717 sed
2277 3656 2712 3732 etcogitationis
2738 3668 2797 3716 et
2822 3659 3112 3737 destinatae
3150 3660 3490 3720 voluntatis:

1902 3752 2373 3822 quemadmodum
2407 3752 2553 3808 idem
2585 3768 2686 3822 per
2735 3752 3064 3822 prophetam
3104 3752 3242 3808 dicit
3280 3772 3293 3807 :
3326 3773 3343 3804 ι
3379 3754 3494 3824 Ego

1902 3829 2066 3895 venio
2097 3849 2159 3896 ut
2187 3855 2513 3911 congregem
2547 3856 2716 3911 opera
2739 3851 2797 3896 et
2825 3841 3189 3912 cogitationes
3216 3850 3273 3897 et
3302 3844 3496 3897 inven-

1904 3933 2084 3987 tiones
2114 3970 2130 3995 ,
2157 3931 2273 3987 sive
2296 3931 2544 3986 internas
2573 3931 2964 4000 conceptiones
3003 3920 3199 3987 eorum
3230 3933 3297 3987 ⁸⁸.
3328 3952 3346 3985 ι
3383 3934 3492 3989 Sed

1903 4034 1958 4080 et
1981 4025 2188 4080 malitia
2211 4024 2426 4079 diutina
2447 4017 2783 4095 cogitatione
2807 4025 2863 4078 in
2884 4025 3069 4080 animo
3091 4034 3307 4082 versata
3326 4036 3493 4096 atque

1906 4116 2171 4181 exercita,
2202 4116 2490 4172 audaciam
2514 4116 2665 4173 abdit
2686 4115 2842 4173 cordi
2867 4133 2882 4181 ;
2906 4132 3028 4186 qua:
3072 4125 3254 4174 tatnen
3282 4132 3381 4186 per
3405 4117 3495 4173 ab-

1906 4209 2223 4264 stinentiam
2247 4216 2304 4263 et
2330 4223 2483 4279 spem
2505 4207 2706 4271 ablata,
2730 4206 3081 4265 contritionis
3102 4208 3334 4278 gratiam
3355 4225 3493 4264 con-

1903 4300 2011 4356 fert
2030 4300 2184 4355 cordi
2205 4300 2406 4356 eidem.
2437 4299 2754 4372 Nonigitur
2784 4298 2864 4356 fas
2894 4301 2965 4356 sit
2987 4301 3170 4356 odisse
3199 4316 3300 4357 nos
3320 4317 3492 4356 unum

1901 4394 2138 4464 aliquem
2165 4409 2195 4449 e
2218 4393 2658 4458 contribulibus,
2690 4401 2786 4447 aut
2809 4393 2905 4463 qni
2952 4393 3061 4449 ﬁde
3104 4409 3393 4464 compares
3435 4403 3492 4449 et

1902 4485 2222 4542 cohmredes
2270 4484 2438 4539 futuri
2505 4493 2635 4539 sunt
2664 4486 2820 4555 regni
2870 4485 3138 4541 caelorum
3167 4503 3181 4539 :
3210 4486 3492 4540 diabolum

1902 4592 2073 4647 porro
2099 4578 2230 4633 inde
2256 4577 2460 4633 fessum
2490 4587 2692 4633 nostra:
2718 4577 2912 4634 salutis
2927 4593 3143 4633 osorem
3164 4579 3346 4634 odisse
3363 4579 3494 4634 licet

229 4668 544 4739 γελλόμενος
604 4669 935 4740 ἁμαρτάνει.
972 4664 1108 4729 Οὐδὲ
1157 4670 1379 4742 ἀγάπην
1418 4669 1580 4741 ἔχων,
1625 4673 1796 4742 μισεῖ.

1907 4684 2255 4725 communem
2307 4671 2554 4724 omnium
2601 4669 2890 4725 hominum
2954 4669 3205 4737 hostem,
3254 4672 3491 4727 maxime

230 4758 456 4829 Φανερδν
507 4758 618 4831 γὰρ
674 4761 737 4812 τδ
776 4760 995 4832 δένδρον
1054 4762 1162 4816 ἀπὸ
1193 4761 1290 4816 τοῦ
1322 4761 1538 4834 καρποῦ
1566 4763 1798 4831 γίνεται.

243 4851 298 4903 '0
328 4845 416 4904 οὖν
445 4852 924 4924 ἐπαγγελλόμενος
948 4853 1187 4925 Χριστοῦ
1222 4849 1385 4921 εἶναι,
1414 4855 1482 4909 δι’
1512 4849 1587 4912 ὧν
1624 4855 1804 4927 πράσ-

235 4959 329 5006 σει,
362 4942 684 5014 ὀφθήσεται.
748 4944 950 5009 Καθὼς
980 4948 1039 4999 ἐν
1070 4950 1189 5011 ταῖς
1234 4948 1565 5018 Παροιμίαις
1592 4948 1800 5019 γέγρα-

1906 4762 2196 4837 ﬁdelium:
2218 4762 2395 4828 illum,
2429 4752 2679 4830 inquam,
2703 4776 2829 4815 cum
2857 4763 3126 4831 cperibus
3150 4762 3325 4833 ipsius
3369 4779 3489 4817 ma-

1903 4856 2070 4926 lignis
2097 4855 2399 4910 oderimus.
2434 4854 2609 4910 Nemo
2636 4856 2732 4925 qui
2763 4857 2974 4926 integra
3002 4855 3108 4910 [ide
3141 4870 3208 4908 ex
3238 4855 3490 4923 professo

1906 4949 1978 5004 sit
2006 4947 2378 5013 Christianus,
2413 4956 2603 5017 peccat
2640 4948 2747 5003 hoc
2781 4963 2981 5018 genere
3016 4946 3152 5013 odii,
3185 4961 3365 5015 neque
3393 4945 3489 5014 qui

233 5049 384 5098 πται,
429 5034 512 5086 ὅτι
548 5051 566 5084 ι
603 5036 718 5094 Πᾶς
754 5034 815 5099 ὃς
870 5038 1020 5105 μισεῖ
1072 5035 1305 5105 ἀδελφὸν
1350 5038 1589 5109 πτωχὸν,
1637 5030 1795 5102 οὗτος

1905 5039 2074 5094 habet
2126 5039 2483 5103 charitatem,
2531 5038 2651 5094 odit
2697 5040 2870 5094 ullum
2912 5038 3219 5093 hominum.
3261 5036 3491 5094 Arboris

233 5126 321 5179 καὶ
353 5125 540 5192 φιλίας
570 5126 794 5198 μακρὰν
828 5127 985 5180 ἔσται
1006 5144 1021 5159 ο
1060 5129 1203 5200 ἀνὴρ
1240 5129 1299 5182 δὲ
1327 5129 1593 5201 φρόνιμος
1627 5130 1797 5200 εὑρή-

1905 5131 2140 5202 qualitas
2172 5146 2240 5186 ex
2268 5130 2452 5185 fructu
2479 5146 2641 5200 quem
2689 5131 2917 5201 profert,
2951 5129 3161 5199 liquido
3206 5129 3491 5197 cognosci-

236 5234 312 5272 σει
365 5218 561 5288 αὑτήν.
588 5237 607 5269 ι
646 5220 706 5272 '0
757 5219 816 5274 δὲ
859 5220 1142 5290 Ἰωάννης,
1186 5240 1204 5273 ι
1237 5221 1298 5275 '0
1356 5222 1551 5291 λέγων,
1608 5223 1796 5294 φησὶν,

1906 5228 1997 5275 tur
2023 5222 2091 5275 “.
2120 5219 2223 5288 Qui
2248 5219 2417 5289 igitur
2448 5235 2508 5276 se
2528 5218 2736 5276 Christi
2770 5221 3063 5291 profitetur
3098 5234 3220 5274 esse
3247 5218 3491 5289 discipu-

233 5315 289 5365 ἐν
321 5311 394 5383 τῷ
424 5315 567 5383 φωτὶ
596 5300 761 5377 εἶναι,
786 5316 883 5367 καὶ
911 5314 1005 5368 τὸν
1036 5314 1268 5383 ἀδελφὺν
1292 5314 1460 5368 αὐτοῦ
1489 5315 1690 5386 μισῶν,
1742 5317 1800 5368 ἐν

1905 5314 2042 5379 lum,
2073 5328 2173 5383 per
2199 5327 2263 5367 ea
2298 5326 2422 5382 qua:
2453 5311 2606 5377 facit;
2643 5320 2753 5367 stet
2796 5327 2868 5368 ne
2890 5328 2922 5367 a
2941 5311 3166 5368 Christo
3218 5312 3491 5383 intellige-

233 5408 296 5477 τῇ
326 5407 514 5478 σκοτίᾳ
571 5408 721 5462 ἐστὶν
759 5408 866 5472 ἓως
915 5409 1062 5479 ἄρτι.
1118 5408 1228 5461 Καὶ
1286 5409 1381 5461 ἐάν
1423 5426 1506 5469 τις
1540 5408 1669 5479 εἴπῃ
1717 5410 1800 5463 ὅτι

1905 5410 2010 5468 tur,
2055 5402 2520 5474 quemadmodum
2554 5404 2617 5458 in
2672 5403 2995 5459 Proverbiis
3058 5404 3331 5474 scriptum
3379 5411 3487 5468 est,

233 5496 408 5567 ἀγαπᾷ
448 5496 547 5572 τὸν
574 5497 731 5565 Θεὸν,
769 5500 867 5553 καὶ
920 5498 1014 5553 τὸν
1057 5497 1288 5568 ἀδελφὸν
1343 5500 1516 5569 μισεῖ,
1554 5497 1797 5570 ψεύστης

1905 5496 2025 5567 quia
2066 5515 2082 5548 ι
2111 5494 2306 5551 Omnis
2337 5495 2433 5566 qui
2453 5495 2570 5551 odit
2593 5495 2814 5551 fratrem
2846 5510 3166 5567 pauperem,
3212 5496 3305 5552 hic
3328 5496 3486 5568 longe

300 5632 337 5663 ⁸⁸
370 5633 532 5688 Prov.
564 5652 709 5696 xxvr,
742 5636 796 5690 4.
868 5636 913 5669 ³⁸
952 5634 1122 5691 Eccli.
1154 5652 1341 5694 xxvm.
1376 5635 1462 5689 15.
1540 5635 1584 5665 ³’
1610 5634 1795 5689 ibidJ

1941 5634 1985 5665 ³⁸
2012 5634 2126 5689 Jac.
2156 5649 2233 5689 ιιι.
2268 5632 2353 5687 16.
2432 5633 2475 5665 ³⁸
2503 5632 2662 5687 Rom.
2688 5650 2746 5689 ll.
2771 5632 2886 5695 8,9.
2985 5632 3030 5664 ‘°
3060 5632 3107 5687 ll
3129 5632 3272 5686 Tim.
3312 5648 3386 5695 ιιι,
3431 5630 3484 5689 8,

235 5705 284 5828 “l
306 5706 519 5831 Τὶἑέιιι,
546 5707 600 5762 9.
674 5708 721 5740 δ’
747 5706 906 5764 Joan.
926 5722 1046 5777 vm,
1068 5709 1156 5764 I5.
1229 5708 1275 5740 ⁴³
1306 5709 1439 5765 ibid.
1469 5707 1668 5766 24-ἳῦ.
1750 5708 1800 5782 ,⁸

235 5792 268 5831 x
294 5793 324 5831 ι.
432 5815 446 5829 .

1905 5710 2060 5766 Joan.
2093 5725 2164 5776 Iv,
2188 5709 2249 5765 2|
2286 5724 2302 5776 ;
2342 5724 2424 5775 ιιι,
2461 5709 2547 5765 l5.
2590 5774 2607 5782 ο
2642 5708 2811 5764 ⁸⁸1ςιι.
2843 5722 2985 5773 ιιι-ι,
3029 5706 3117 5762 18.
3210 5706 3260 5739 ⁸⁸
3295 5704 3480 5759 Matth.
