3944 6426
594 396 730 465 1611
1872 399 2237 459 ANTIOCHI
2280 399 2622 460 MONACIII
3666 409 3755 475 ltili

592 516 795 587 eripiat
835 516 976 583 ;sed
1013 518 1259 583 tu,Dens
1278 532 1460 582 meus,
1504 530 1575 571 ne
1623 514 1895 587 elongeris
1932 533 1963 569 a
1991 530 2077 569 me
2112 516 2179 581 "°,

2289 515 2489 584 ἴδωμεν
2522 520 2618 571 καὶ
2655 518 3039 590 πιστεύσωμεν
3069 521 3151 584 εἰς
3182 519 3362 576 αὐτόν.
3404 539 3424 573 ι
3468 521 3519 578 Ὀ
3545 525 3590 580 δὲ
3617 537 3758 603 μακρό-

597 625 667 664 ne
690 609 963 680 gaudeant
990 624 1159 680 super
1185 626 1270 665 me
1297 612 1392 681 qui
1418 609 1780 664 adversantur
1806 607 1940 661 mihi
1967 606 2175 677 inique,

2288 607 2458 678 θυμο;
2502 609 2707 681 Κύριος
2734 610 2930 682 ἔφερεν
2963 614 3060 682 τὴν
3112 614 3373 668 ἀπόνοιαν
3410 618 3663 685 ad:6:v,rb;
3683 628 3762 690 φιλ.

595 702 692 770 qui
722 700 963 756 oderunt
995 718 1085 757 me
1120 702 1288 773 gratis
1316 703 1383 755 ἰ.
1425 720 1443 753 ι
1469 701 1537 756 Εῑ
1568 698 1793 771 quidem
1842 708 1933 754 tua
1971 698 2176 754 virtute

2287 698 2592 771 ἅνθρωπος.
2646 702 2805 771 Αὐτῷ
2853 706 2886 774 ἡ
2940 702 3066 769 δόξα
3112 706 3190 770 είς
3234 707 3361 769 τοὺς
3392 710 3593 772 αἰῶνας.
3629 713 3762 786 ’Δμῄν.

602 815 623 846 ι
658 794 1064 850 Convertantur
1123 802 1423 849 retrorsum
1458 793 1752 848 confestim
1798 790 2014 847 confusi
2055 789 2150 861 qui
2189 790 2542 848 dicuntmihi
2570 813 2583 847 :
2610 794 2782 865 Euge,
2845 809 2984 867 euge
3014 798 3082 850 "'.
3116 817 3133 849 ο
3205 798 3416 854 Nostrae
3452 799 3597 871 igitur
3640 816 3766 873 partes

598 894 752 952 sunt,
780 895 838 942 ut
884 895 1137 957 optemus
1190 886 1397 940 mundo
1453 886 1543 940 isti
1594 899 1714 939 esse
1762 882 2076 949 deridiculi,
2122 891 2183 937 ut
2220 882 2382 938 nobis
2426 886 2543 939 suis
2600 886 2827 944 insultet
2855 888 3064 954 sannis,
3108 905 3235 945 cum
3275 891 3490 945 interim
3549 893 3768 954 Scribzeet

596 981 893 1052 pontiﬁces
927 995 1030 1035 suo
1070 979 1164 1034 illo
1197 993 1353 1032 more
1398 977 1663 1032 insultant
1689 976 1929 1031 miseris.
1969 973 2279 1029 llludebant
2310 975 2479 1039 enim,
2518 978 2635 1043 ait,
2668 981 2958 1048 pontifices
3016 982 3087 1037 ad
3147 984 3381 1038 invicem
3442 999 3557 1039 cum
3609 986 3767 1052 Scribis,

596 1075 885 1129 dicentes:
923 1090 942 1123 ι
974 1071 1126 1125 Alios
1167 1069 1345 1123 salvos
1391 1067 1543 1131 fecit,
1597 1066 1839 1137 scipsum
1892 1081 2002 1121 non
2057 1070 2238 1133 potest
2305 1061 2516 1118 salvum
2580 1066 2764 1123 facere
2808 1087 2821 1124 :
2898 1068 3155 1126 Christus
3186 1088 3288 1127 rex
3343 1074 3503 1128 lsracl
3557 1076 3770 1134 descendat

598 1180 747 1222 nunc
795 1165 862 1218 de
907 1178 1103 1226 cruce,
1154 1169 1213 1215 ut
1263 1160 1547 1215 videamus
1591 1167 1647 1213 et
1698 1157 1989 1213 credamus
2043 1155 2109 1207 ⁷³.
2139 1171 2159 1204 ι
2241 1151 2393 1208 Hanc
2468 1155 2689 1210 illorum
2727 1158 3103 1213 vesanientem
3149 1160 3548 1217 insultationem
3586 1166 3767 1238 longani-

598 1259 764 1314 miter
791 1255 1061 1312 tolerabat
1103 1255 1376 1325 benignus
1423 1251 1712 1307 hominum
1749 1259 1963 1306 amator
1999 1243 2286 1327 Dominus.
2318 1244 2426 1316 lpsi
2460 1247 2634 1318 gloria
2668 1250 2723 1305 in
2760 1251 2956 1306 saecula
3013 1253 3367 1309 saculorum.
3394 1255 3581 1312 Amen.

1029 1367 1246 1438 1119
1282 1364 1571 1422 HOMILIA
1607 1365 1743 1421 LIX.

597 1458 797 1514 Aliena:
851 1456 1095 1527 felicitati
1157 1453 1610 1577 aggzatuéandum
1668 1469 1777 1508 esse
1831 1462 1882 1506 et
1945 1469 2179 1524 congau-

1306 1541 1367 1577 en
1410 1541 1519 1577 um.

1306 1541 1519 1577 enaum.

666 1620 882 1677 Eximia
910 1633 1042 1674 sane
1072 1618 1251 1673 virtus
1280 1630 1344 1671 ac
1375 1616 1489 1670 Deo
1532 1614 1634 1685 ipsi
1669 1629 1795 1669 cum
1833 1612 2029 1683 primis
2051 1628 2178 1682 gra-

2884 1367 3107 1422 ΛΟΓΟΣ
3136 1369 3263 1423 NB’.

2722 1456 2860 1525 Περὶ
2896 1457 3005 1512 τοῦ
3039 1460 3419 1529 συγχαίρειν.

3632 1452 3658 1479 ο

2355 1612 2591 1682 Μεγάλη
2625 1614 2795 1685 ἀρετή
2826 1614 2980 1671 ἔστιν
3012 1616 3109 1669 καί
3135 1616 3436 1687 θεὰρεστος
3455 1617 3513 1671 τὸ
3538 1622 3770 1691 συγχαίρειν

596 1716 739 1769 tiosa
756 1721 861 1777 est,
876 1720 937 1766 ut
958 1711 1027 1765 iis
1049 1707 1399 1781 congaudeas
1416 1717 1475 1763 et
1490 1706 1853 1778 aggratulere,
1875 1705 1969 1775 qui
1991 1714 2181 1759 tenore

2287 1710 2398 1773 τοῖς
2423 1704 2483 1764 εὖ
2523 1707 2754 1778 βιοῦσιν,
2794 1711 2889 1764 καλ⁹
2915 1694 2974 1764 ἓν
3014 1714 3137 1775 ταῖς
3165 1713 3414 1777 ἐντολαῖς
3443 1712 3531 1767 τοῦ
3554 1713 3665 1769 Θεοῦ
3688 1736 3769 1789 προ-

600 1803 847 1874 Iegitimo
880 1802 1049 1857 vitam
1081 1800 1379 1856 instituunt
1408 1813 1587 1865 suam,
1620 1797 1827 1867 quique
1856 1796 2182 1866 quotidiana

598 1896 919 1952 accessione
947 1900 1275 1965 promovent
1300 1891 1373 1947 ad
1395 1890 1843 1947 observationem
1885 1889 1982 1944 Dei
2025 1904 2182 1944 man-

598 1987 886 2049 datorum,
939 1984 1155 2041 tametsi
1205 2000 1270 2040 ea
1325 2000 1414 2039 res
1471 1982 1616 2053 apud
1671 1983 1964 2053 plerosque
2023 1980 2183 2035 nihili

598 2077 925 2133 :estimetur.
960 2076 1235 2133 Utrumne
1291 2074 1584 2131 sinceriter
1610 2074 1775 2129 alteri
1813 2074 2180 2145 congaudeas,

601 2170 719 2240 ipsa
758 2168 991 2241 vestigia
1016 2169 1205 2225 vultus
1233 2168 1311 2222 tui
1341 2167 1478 2225 nihil
1518 2167 1758 2221 obscure
1801 2165 2065 2236 produnt.
2095 2164 2184 2220 Si-

599 2258 824 2330 quidem
886 2259 981 2313 ira:
1046 2266 1145 2311 aut
1206 2256 1412 2311 furoris
1472 2254 1917 2312 incandescentia
1980 2253 2186 2309 insedit

599 2350 777 2417 cordi,
810 2350 895 2404 vel
931 2348 1033 2420 ipsi
1066 2348 1211 2403 oculi
1243 2347 1501 2404 omnibus
1533 2346 1773 2403 reddunt
1803 2346 2182 2417 perspicuum,

597 2446 752 2515 juxta
805 2441 1109 2513 Scripturaa
1152 2440 1485 2497 sententiam
1533 2458 1547 2495 :
1611 2459 1630 2492 ι
1676 2438 1856 2495 Corde
1906 2439 2186 2494 exhilara-

599 2549 697 2603 ιο,
743 2534 1034 2589 revirescit
1085 2532 1257 2589 facies
1298 2531 1366 2587 ⁷⁵.
1422 2551 1440 2584 ι
1496 2531 1761 2588 Perfecta:
1812 2540 1998 2588 autem
2052 2533 2184 2588 elia-

603 2628 784 2682 ritatis
832 2626 1046 2697 insigne
1083 2626 1185 2680 hoc
1227 2635 1312 2681 est
1331 2665 1363 2701 ,ε
1380 2625 1425 2679 si
1461 2624 1528 2678 ad
1560 2625 1935 2696 proximorum
1965 2641 2186 2695 promo-

602 2722 809 2773 tiouem
833 2717 1336 2781 cxhllarescis,ncc
1367 2715 1555 2770 fucato
1586 2716 1935 2786 perfunderis
1963 2716 2185 2787 gaudio.

603 2812 745 2865 Sunt
774 2811 921 2864 enim
952 2809 1222 2880 plerique,
1247 2807 1342 2877 qui
1372 2806 1599 2877 quidem
1621 2806 1726 2861 etsi
1758 2807 1811 2860 in
1842 2805 2188 2876 promotione

604 2903 737 2967 sint,
773 2896 1127 2970 habeantque
1168 2906 1417 2953 mutuam
1444 2897 1592 2951 illam
1621 2912 1752 2968 erga
1774 2895 1971 2951 fratres
2002 2895 2187 2949 chari-

605 2999 805 3057 tatem;
836 2990 931 3044 ubi
969 2997 1151 3043 tamen
1183 2986 1421 3057 primum
1451 2986 1725 3057 contingit
1748 3000 1919 3039 unum
1944 2986 2188 3056 aliquem

2284 1799 2606 1862 κόπτουσιν,
2644 1799 2748 1854 κᾶν
2781 1801 2935 1869 παρᾶ
2965 1817 3113 1854 τισιν
3155 1800 3313 1856 οὐδὲν
3350 1802 3649 1869 λελόγισται.
3669 1806 3719 1859 Τὸ
3740 1809 3771 1861 ii

2285 1891 2501 1962 ἀληθῶς
2524 1891 2871 1963 συγχαίρειν,
2904 1893 3047 1947 αὐτὰ
3083 1893 3151 1947 τὰ
3190 1893 3314 1964 ῐχνη
3342 1894 3445 1964 τῆς
3472 1894 3628 1965 ὅψεως
3650 1897 3770 1968 aptas.

2283 1979 2388 2042 λως
2425 1980 2721 2034 δείκνυσιν.
2759 1980 2834 2033 Τὸ
2879 1980 2989 2052 γὰρ
3027 1981 3317 2052 θυμοειδὲς
3364 1987 3467 2055 τῆς
3513 1987 3697 2056 καρδίας
3718 1990 3769 2055 ir;

2283 2072 2461 2127 λοῦσιν
2496 2073 2547 2125 οἱ
2599 2071 2894 2143 ὀφθαλμοὶ,
2932 2074 3074 2127 κατά
3112 2073 3174 2127 τὸ
3212 2076 3613 2147 γεγραμμένον,
3640 2097 3655 2128 ι
3678 2081 3767 2149 Καρ-

2283 2165 2404 2229 δίας
2456 2165 2894 2237 εὐφραινομένης
2954 2168 3250 2237 πρόσωπον
3282 2168 3486 2225 θάλλει.
3529 2188 3546 2221 ι
3582 2170 3712 2224 Τοῦτο
3736 2174 3763 2223 it

2283 2255 2386 2327 τῆς
2418 2255 2629 2319 τελείας
2681 2257 2905 2328 ἀγάπης
2944 2253 3122 2323 ἔστιν,
3176 2257 3244 2311 τὸ
3296 2260 3606 2332 συγχαίρειν
3651 2262 3753 2329 ὲτὶτξ

2286 2349 2540 2419 προκοπῇ
2575 2348 2673 2401 τοῦ
2715 2349 2970 2417 πλησίου.
3010 2350 3207 2403 Πολλοὶ
3238 2351 3353 2422 γὰρ
3385 2352 3443 2404 ὲν
3478 2352 3572 2422 μιᾷ
3605 2355 3753 2419 προηὴ

2286 2436 2459 2501 ὄντες,
2493 2437 2585 2490 καὶ
2620 2438 2837 2507 ἔχοντες
2874 2441 3014 2509 πρὸς
3056 2439 3327 2511 ἀλλήλους
3372 2442 3606 2512 ἀγάπην,
3632 2442 3760 2494 {mia

2288 2529 2487 2600 συνέϐη
2530 2530 2629 2584 ἕνα
2672 2529 2735 2595 ἐξ
2765 2530 2947 2584 αὐτῶν
2982 2534 3387 2605 περισσοτέρας
3439 2538 3613 2605 τυχεῖν
3649 2551 3767 2605 ’κριοῖο

2286 2623 2416 2693 πῆς,
2462 2624 2490 2676 ὀ
2526 2622 2714 2694 ἕτερος
2742 2626 2821 2688 είς
2857 2624 2917 2677 τὸ
2957 2623 3053 2677 τοῦ
3087 2627 3288 2694 φθόνου
3326 2625 3591 2697 βάραθρον
3622 2628 3771 2679 κατέτε-

2289 2732 2398 2769 σεν·
2425 2715 2453 2767 ὁ
2485 2715 2543 2769 δὲ
2567 2714 2885 2787 συγχαίρων
2909 2715 3130 2787 ἀληθῶς
3156 2717 3235 2788 τῷ
3258 2718 3623 2789 κατορθοῦντι,
3651 2720 3772 2785 ἐκτειῆ

2286 2806 2453 2878 εὐχὴν
2483 2806 2844 2872 ἀδιαλείπτως
2886 2809 3030 2878 ὑπὲρ
3078 2810 3246 2863 αὐτοῦ
3294 2812 3586 2885 προσφέρει
3607 2810 3668 2881 τῷ
3690 2811 3773 2879 tisi}.

2286 2897 2485 2964 Καθὼς
2524 2899 2619 2953 καὶ
2656 2902 2685 2954 ὁ
2718 2902 2999 2974 μακάριος
3031 2902 3268 2967 Παῦλος,
3327 2907 3623 2975 συγχαίρων
3657 2908 3776 2961 τισὶν.

2288 2992 2496 3059 ἔλεγεν·
2536 3012 2553 3044 ι
2595 2992 2762 3047 Ὥστε
2796 2995 2945 3065 ἡμᾶς
2992 2997 3191 3059 αὐτοὺς
3252 2998 3560 3067 καυχᾶσθαι
3613 2999 3660 3051 ὲν
3703 2998 3779 3055 ni;

603 3100 674 3140 ex
711 3084 845 3153 ipsis
882 3081 1152 3153 ampliore
1185 3078 1396 3150 perfrui
1426 3080 1794 3149 promotione,
1838 3079 1930 3133 ille
1960 3079 2099 3133 alter
2130 3077 2185 3132 in

2304 3082 2655 3155 Ἐκκλησίαις
2707 3083 2803 3137 τοῦ
2855 3084 2996 3139 Θεοῦ
3056 3088 3184 3157 περὶ
3235 3088 3341 3157 τῆς
3387 3088 3642 3159 ὑπομονῆς
3685 3087 3779 3154 ὑμῶν

605 3181 846 3235 immane
888 3194 985 3249 per
1022 3176 1128 3231 hoc
1167 3174 1417 3249 concidit_
1450 3173 1670 3229 invidia:
1707 3173 2053 3230 barathrum.
2087 3170 2187 3240 Qui

607 3280 791 3327 autem
838 3269 977 3324 citra
1020 3268 1204 3322 fucum
1248 3267 1419 3321 ullum
1466 3266 1720 3337 proximo
1771 3264 2191 3335 congratulatur

607 3374 759 3419 recte
804 3359 1054 3433 iungenti
1102 3358 1303 3425 ofﬁcio,
1353 3373 1453 3429 pro
1504 3359 1599 3412 illo
1647 3373 1869 3428 quoque
1921 3357 2193 3412 intentam

606 3455 721 3509 Deo
764 3462 820 3509 et
872 3452 1203 3507 indivulsam
1262 3452 1428 3506 offert
1483 3452 1819 3517 orationem,
1878 3455 2192 3523 exemplum

604 3557 834 3603 secutus
902 3544 1049 3600 beati
1118 3543 1274 3599 Pauli
1345 3543 1677 3613 quibusdam
1727 3544 2189 3614 congratulantis,

611 3649 775 3709 atque
796 3636 1073 3692 dicentis:
1105 3656 1124 3687 ι
1147 3636 1229 3691 lta
1258 3644 1322 3690 ut
1350 3643 1405 3689 et
1439 3651 1543 3690 nos
1577 3635 1681 3705 ipsi
1721 3635 1777 3690 in
1808 3636 1966 3690 vobis
1994 3636 2194 3707 glorie-

611 3748 739 3787 mur
782 3731 838 3785 in
884 3730 1148 3785 Ecclesiis
1181 3728 1277 3783 Dei
1321 3743 1424 3799 pro
1460 3728 1727 3798 patientia
1756 3739 1964 3792 vestra,
1999 3737 2055 3783 et
2088 3727 2193 3784 fide

609 3827 667 3880 in
695 3825 955 3881 omnibus
969 3821 1454 3895 persecutionibus
1478 3823 1701 3886 vestris,
1725 3836 1864 3892 quas
1879 3822 2191 3889 sustinetis,

609 3919 667 3974 in
698 3917 1011 3987 exemplum
1043 3915 1176 3987 justi
1217 3914 1414 3986 judicii
1457 3914 1665 3984 ipsius,
1702 3922 1764 3968 ut
1796 3914 1946 3985 digni
1982 3914 2197 3975 babea-_

610 4012 749 4068 mini
787 4025 960 4081 regno
988 4007 1086 4063 Dei
1112 4007 1182 4062 ".
1223 4026 1240 4058 ι
1285 4007 1395 4062 Nec
1425 4022 1584 4061 secus
1630 4006 1698 4061 ad
1752 4007 2141 4077 Philippenses
2177 4025 2191 4061 :

616 4120 635 4154 ι
668 4100 775 4156 Sed
806 4099 911 4155 etsi
941 4097 1195 4152 immolor
1217 4110 1384 4166 supra
1414 4094 1746 4151 sacrificium
1777 4104 1833 4151 et
1864 4094 2193 4165 obsequium

611 4193 743 4248 ﬁdei
767 4186 987 4253 vestrae.
1015 4190 1228 4259 gaudeo
1259 4197 1314 4243 et
1344 4188 1699 4258 congratulor
1724 4186 1983 4241 omnibus
2017 4186 2190 4241 vobis.

608 4285 854 4354 ldipsum
929 4290 1113 4336 autem
1176 4288 1232 4334 et
1298 4294 1395 4332 vos
1454 4278 1685 4348 gaudete
1742 4287 1797 4332 ct
1854 4276 2194 4348 congandete

609 4377 749 4433 mihi
771 4377 818 4409 ⁷⁸
846 4394 859 4428 :
889 4372 1355 4444 quemadmodum
1387 4372 1534 4426 enim
1571 4371 1838 4435 membra,
1875 4370 1978 4432 ait,
2000 4385 2102 4440 pro
2133 4385 2189 4424 se

610 4467 849 4523 invicem
890 4463 1126 4519 sollicita
1161 4470 1319 4527 sunt,
1349 4469 1405 4515 et
1436 4461 1551 4532 sive
1578 4461 1779 4532 gaudet
1817 4476 1988 4514 unum
2020 4475 2192 4514 mem-

612 4560 809 4622 brum,
863 4555 1214 4625 congaudent
1265 4552 1448 4605 omnia
1497 4551 1777 4617 mentbra;
1826 4551 1941 4605 sive
1985 4553 2194 4620 patitur

566 4660 577 4671 ‘
615 4666 783 4707 unum
820 4648 1152 4711 membrum,
1188 4644 1604 4715 compatiuntur
1632 4643 1816 4697 omnia
1849 4643 2097 4696 membra
2113 4643 2191 4709 7’;

612 4743 693 4797 sic
716 4750 773 4796 et
800 4755 903 4794 nos
927 4738 1167 4810 gaudere
1197 4751 1321 4791 cum
1346 4734 1735 4806 gaudentibus,
1763 4734 1895 4788 flere
1921 4749 2045 4787 cum
2069 4733 2196 4789 flen-

612 4835 764 4890 tibus
804 4832 1073 4888 debemns
1102 4828 1168 4884 τ’.
1200 4848 1217 4880 ι
1250 4830 1360 4883 Et:
1399 4847 1416 4878 ι
1449 4828 1669 4882 Honore
1707 4827 1944 4881 invicem
1988 4843 2200 4896 pracve—

613 4928 830 4982 nientcs
853 4925 935 4978 ἠε
968 4943 985 4975 ι
1019 4938 1115 4978 eos
1152 4922 1417 4975 nimirum
1451 4920 1544 4989 qui
1582 4920 1743 4973 nobis
1773 4919 1907 4989 ipsis
1940 4920 2193 4989 praeemi-
2230 4912 2235 4917 ’

614 5028 768 5074 nent.
807 5016 914 5072 Sed
946 5024 1002 5069 et
1029 5013 1333 5069 Corinthiis
1356 5013 1467 5066 ait:
1501 5031 1519 5060 ι
1554 5010 1674 5065 Νοιι
1718 5009 1865 5064 enim
1906 5010 2013 5063 alia
2058 5009 2195 5065 scri-

614 5111 798 5165 bimus
821 5107 981 5162 vobis
1009 5114 1209 5177 praeter
1233 5120 1298 5159 ea
1326 5119 1449 5173 quae
1481 5111 1537 5157 et
1568 5101 1750 5169 legitis
1780 5109 1836 5155 et
1860 5102 2193 5171 agnoscitis;

514 5216 519 5219 ‘
615 5216 781 5270 spero
810 5210 1015 5262 autem,
1049 5197 1178 5267 quia
1225 5205 1284 5250 et
1312 5208 1487 5264 usque
1532 5193 1588 5246 in
1630 5191 1793 5245 finem
1828 5186 2205 5261 cognoscetis,

618 5292 764 5346 sicut
808 5301 866 5345 et
915 5287 1255 5359 cognovistis
1294 5301 1361 5340 ex
1397 5293 1583 5354 parte,
1630 5283 1757 5353 quia
1797 5284 1967 5353 gloria
2014 5292 2198 5337 vestra

619 5396 833 5443 sumus,
881 5380 1024 5433 sicut
1066 5388 1120 5433 et
1161 5391 1263 5431 vos
1300 5385 1489 5428 nostra
1539 5374 1592 5427 in
1633 5373 1723 5427 die
1769 5372 1989 5426 Domini
2024 5372 2199 5426 nostri

618 5469 751 5527 Jesu
794 5469 1000 5525 Christi
1039 5486 1053 5522 :
1089 5476 1145 5523 et
1198 5467 1302 5521 ltac
1346 5463 1680 5520 confidentia
1732 5463 1986 5516 volebam
2046 5463 2203 5532 prius

621 5563 814 5619 venire
862 5563 930 5627 ad
961 5576 1061 5617 vos
1107 5568 1167 5614 ut
1201 5558 1500 5615 secundam
1540 5556 1774 5626 gratiam
1811 5555 2091 5611 haberetis
2125 5555 2192 5624 ‘°,

725 5699 773 5731 "°
803 5695 948 5753 Psal.
978 5710 1099 5755 cxx,
1134 5692 1284 5747 9-12.

620 5771 666 5809 π
695 5767 735 5821 ll
772 5769 969 5821 Thess.
1004 5780 1041 5827 ι,
1064 5763 1119 5824 lt,
1149 5762 1203 5815 5.

616 5840 664 5877 ⁸ο
697 5837 734 5889 ιι
764 5838 893 5893 Cor.
922 5866 965 5903 ι,
998 5832 1173 5888 lii-15.

1388 5691 1432 5721 '”
1458 5690 1600 5745 Psal.
1634 5706 1814 5753 xxxiv,
1842 5690 1927 5744 19.

1313 5758 1359 5792 ⁷⁹
1384 5759 1624 5830 Philipp.
1691 5776 1747 5825 tt,
1810 5759 2030 5824 17,18.

2042 5691 2087 5722 ⁷³
2127 5690 2269 5745 Psal.
2300 5706 2480 5752 xxxix,
2518 5690 2604 5745 16.

2147 5761 2189 5793 ⁷⁷
2222 5761 2398 5815 Ιείὶοτ.
2433 5776 2527 5827 xn,
2558 5760 2649 5826 25,
2684 5759 2772 5815 Ξϐ.

2292 3177 2387 3231 καὶ
2420 3175 2654 3239 πίστεως
2702 3175 2760 3229 ὲν
2793 3178 2930 3231 πᾶσι
2978 3180 3091 3241 τοῖς
3146 3177 3417 3251 διωγμοῖς
3456 3179 3613 3250 ὑμῶν,
3640 3172 3703 3241 οἷς
3728 3178 3781 3230 ἂν·

2295 3266 2519 3337 ἐχεσθε,
2556 3267 2824 3338 ἔνδειγμα
2870 3267 2969 3339 τῆς
3004 3267 3410 3340 δικαιοκρισίας
3464 3269 3631 3334 αὐτοῦ,
3660 3271 3719 3330 εἰς
3747 3266 3780 3317 τὸ

2295 3357 2706 3429 καταξιωθῆναι
2746 3361 2848 3431 τῆς
2900 3359 3177 3432 βασιλείαις
3233 3362 3333 3416 τοῦ
3371 3363 3525 3417 Θεοῦ.
3571 3382 3588 3415 ι

2295 3452 2390 3505 καὶ
2420 3452 2834 3524 Φιλιππησίοις,
2880 3472 2899 3506 ι
2944 3454 3083 3506 Ἀλλ’
3113 3457 3161 3508 εί
3196 3456 3296 3507 καὶ
3335 3456 3637 3523 σπένδομαι.
3662 3453 3779 3522 φησιν.

2295 3543 2388 3596 ἐπὶ
2415 3545 2481 3613 τῇ
2508 3542 2670 3613 θυσίᾳ
2704 3543 2800 3597 καὶ
2819 3543 3135 3616 λειτουργίᾳ
3158 3545 3258 3615 τῆς
3285 3544 3517 3608 πίστεως
3544 3543 3694 3614 ὑμῶν,
3713 3540 3777 3611 11i-

2299 3652 2378 3706 ρω
2413 3635 2508 3688 καὶ
2542 3635 2830 3707 συγχαίρω
2860 3638 3029 3690 πᾶσιν
3058 3636 3207 3707 ὑμῖν.
3242 3637 3320 3691 Τὸ
3358 3638 3487 3690 αὐτὸ
3508 3636 3561 3690 δὲ
3582 3634 3665 3688 καὶ
3685 3634 3776 3703 ὑμεῖς

2296 3728 2520 3800 χαίρετε
2567 3730 2664 3782 καὶ
2702 3728 3033 3799 συγχαίρετέ
3086 3747 3199 3800 μοι.
3233 3731 3449 3801 ’Ὥσπερ
3488 3731 3588 3799 γὶρ
3617 3729 3675 3780 τὰ
3701 3724 3778 3796 μέλι

2300 3836 2364 3890 με
2376 3818 2641 3888 ριμνῶσιν
2668 3818 2810 3889 ὑπὲρ
2839 3819 3106 3890 ἀλλήλων·
3145 3822 3242 3874 καὶ
3270 3822 3384 3875 εἴτε
3408 3822 3580 3893 χαίρει
3602 3818 3778 3889 ἒνμέὶῡςο

2300 3910 2589 3982 συγχαίρει
2633 3910 2817 3965 πάντα
2857 3910 2927 3964 τὰ
2964 3912 3131 3983 μέλη·
3188 3913 3303 3967 εἴτε
3356 3914 3548 3985 πάσχει
3578 3915 3636 3968 ἓν
3663 3908 3778 3978 μέλις.

2299 4003 2616 4072 συμπάσχει
2650 4005 2831 4057 πάντα
2865 4002 2934 4055 τὰ
2969 4001 3130 4073 μέλη·
3156 4002 3334 4068 οὕτως
3362 4005 3453 4059 καὶ
3478 4005 3621 4075 ἡμεῖς
3642 3999 3779 4072 χαίρειν

2299 4093 2438 4163 μετά
2468 4095 2788 4163 χαιρόντων,
2819 4093 2915 4148 καὶ
2943 4093 3157 4148 κλαίειν
3208 4096 3352 4165 μετὰ
3389 4095 3658 4149 κλαιόντων
3689 4086 3780 4156 ὀξεί-

2296 4186 2483 4258 λομεν.
2516 4186 2650 4253 Καὶ,
2682 4205 2699 4239 ι
2742 4188 2821 4258 Τῇ
2875 4190 3007 4258 τιμῇ
3055 4187 3327 4258 ἀλλήλους
3364 4188 3776 4260 προηγούμενοι,ι

2298 4274 2671 4345 ὑπερέχοντας
2709 4275 2943 4331 ἑαυτῶν.
2982 4277 3145 4330 Ἀλλά
3178 4277 3276 4331 καὶ
3328 4277 3619 4348 Κορινθίοις
3657 4268 3775 4341 φησίν

2224 4344 2266 4475 ὑ
2307 4385 2325 4417 ί
2362 4344 2436 4419 Oti
2467 4366 2576 4436 γὰρ
2609 4366 2741 4419 ἄλλα
2776 4367 3064 4438 γράφομεν
3094 4368 3244 4438 ὑμῖν,
3287 4344 3426 4425 ἀλλ’-
3454 4369 3484 4440 ἢ
3527 4369 3560 4421 ἀ
3585 4357 3774 4431 ἀναγινώ-

2302 4475 2483 4522 σκετε,
2518 4458 2614 4510 καὶ
2636 4458 3052 4526 ἐπιγινώσκετε.
3110 4461 3352 4526 Ἐλπίζω
3398 4462 3453 4514 δὲ
3485 4461 3560 4513 ὅτι
3603 4458 3678 4511 καὶ
3714 4454 3774 4511 ἕως

2299 4550 2486 4614 τέλους
2516 4549 2912 4619 ἐπιγνώσεσθε,
2946 4550 3130 4614 καθὼς
3157 4553 3253 4605 καὶ
3286 4553 3553 4619 ἐπέγνωτε
3579 4548 3694 4618 ἡμᾶς
3712 4539 3773 4595 ἀεί

2303 4642 2536 4714 μέρους.
2580 4643 2662 4696 δτι
2711 4641 2975 4712 καύχημα
3027 4642 3184 4713 ὑμῶν
3235 4645 3421 4712 ἐσμεν·
3469 4641 3684 4705 καθάπερ
3719 4631 3771 4683 καὶ

2303 4735 2462 4803 ὑμεῖς
2492 4733 2650 4803 ἡμῶν
2699 4733 2759 4786 ὲν
2802 4736 2870 4805 τῇ
2912 4733 3098 4805 ἡμέρᾳ
3128 4734 3225 4788 τοῦ
3258 4734 3461 4807 Κυρίου
3500 4731 3639 4802 ἡμῶν
3665 4718 3768 4794 Ἰηεῡῦ

2305 4825 2564 4896 Χριστοῦ.
2595 4827 2706 4879 Καὶ
2728 4825 2904 4895 ταύτῃ
2933 4828 3001 4897 τῇ
3031 4826 3353 4897 πεποιθήσει
3378 4824 3651 4891 ἐϐουλόμην
3666 4814 3767 4871 ὲλϐεῖτ

2300 4913 2363 4968 τὸ
2394 4917 2662 4987 πρότερον
2688 4916 2827 4988 πρὸς
2853 4917 3023 4984 ὑμᾶς,
3059 4916 3144 4969 ἵνα
3173 4916 3433 4988 δευτέραν
3467 4912 3624 4984 χαρὰν
3654 4905 3757 4977 cxiii

2303 5007 2580 5070 πεποιθὼς
2609 5008 2704 5061 ἐπὶ
2729 5008 2932 5071 πάντας
2968 5009 3137 5078 ὑμᾶς,
3174 5009 3257 5061 ὅτι
3279 5011 3313 5078 ἡ
3343 5007 3444 5078 ἐμὴ
3475 5003 3604 5076 χαρᾶ
3633 5000 3762 5054 nim

2306 5100 2460 5171 ὑμῶν
2498 5102 2665 5154 ἐστιν.
2709 5119 2727 5152 ι
2757 5101 3073 5171 Γέγραπται
3098 5101 3155 5154 δὲ
3187 5100 3283 5155 καὶ
3307 5103 3365 5153 ἐν
3385 5098 3460 5169 τῷ
3487 5094 3613 5151 κατά
3632 5085 3771 5146 Aonii

2306 5194 2645 5263 Εὑαγγελίῳ,
2684 5211 2703 5243 ι
2759 5194 2845 5255 Ὠς
2878 5194 2936 5246 δὲ
2978 5193 3332 5263 ἐπλήσθησαν
3364 5193 3417 5247 αἱ
3444 5180 3710 5259 ἡμέραιτα]
3725 5191 3771 5226 τε.

2307 5284 2424 5334 κεῖν
2459 5282 2560 5350 τὴν
2609 5281 2913 5346 Ἐλιοαϐὲτ,
2948 5281 3046 5336 καὶ
3078 5282 3366 5351 ἐγέννησεν
3413 5278 3538 5340 υἱὸν,
3564 5272 3644 5327 καὶ
3669 5269 3772 5337 ἧκον·

2310 5390 2408 5427 σαν
2440 5375 2490 5425 oi
2521 5374 2813 5444 περίοικοι,
2848 5373 2943 5426 καὶ⁸
2973 5374 3023 5426 οἱ.
3062 5375 3346 5442 συγγενεῖς
3378 5369 3546 5438 αὐτῆς,
3579 5363 3655 5418 καὶ
3691 5368 3770 5408 ουν·

2310 5465 2531 5535 έχαιρον
2557 5443 2718 5535 αὐτῇ.
2755 5483 2773 5516 ι
2814 5464 2970 5517 Οὕτω
3013 5466 3125 5534 γὰρ
3166 5464 3395 5534 νομίμου
3436 5457 3595 5528 φιλίας
3620 5443 3770 5535 θεσμίᾷο

2313 5558 2408 5611 καὶ
2437 5560 2594 5611 κοινά
2642 5558 2914 5611 ποιεῖσθαι
2950 5558 3018 5611 τὰ
3055 5557 3163 5610 τῶν
3190 5554 3525 5627 φιλουμένων.
3555 5545 3642 5600 Καὶ
3664 5534 3770 5593 αὐτὰ

2716 5691 2758 5722 ⁷³
2795 5690 2984 5745 Matth.
3038 5705 3204 5754 xxvii,
3236 5688 3322 5742 4-2.

2892 5761 2935 5792 ⁷⁸
2975 5761 3133 5816 Rom.
3202 5776 3292 5824 xu,
3351 5756 3428 5811 l5.

3420 5686 3459 5715 ⁷³
3486 5682 3616 5737 Prov.
3644 5679 3720 5737 ιη,

3520 5730 3680 5800 vim.
3708 5730 3767 5786 to.
