3944 6410
158 344 302 408 1613
524 409 540 422 ,
877 337 1201 410 Ηοιιιῑιει
1245 349 1365 410 LX.
1388 375 1454 384 ——
1475 351 1749 411 NEML‘il

1856 350 2193 412 iGERERE
2231 351 2702 416 TRISTITIAM.
3283 357 3418 422 ιυιι

150 454 318 526 οὗτος
346 462 376 516 6
411 459 622 533 τεχθεὶς
667 459 928 532 Ἰωάννης
963 463 1148 532 ἔλεγεν
1188 467 1304 528 τοῖς
1340 465 1612 536 μαθηταῖς
1639 466 1740 520 a6-

1856 467 2129 524 :onfidens
2179 485 2307 541 erga
2359 485 2553 526 omnes
2604 487 2704 526 vos
2753 471 2878 541 quia
2929 487 3112 528 meum
3160 475 3421 546 gaudium

151 555 278 620 τοῦ,
311 573 330 607 ι
389 553 433 608 0
459 555 614 622 φίλος
640 553 734 608 τοῦ
765 553 1022 624 νυμφίου,
1045 553 1364 626 όὲστηκώς,
1399 558 1494 609 καὶ
1524 555 1744 609 ἁκούων

1856 561 2094 616 omnium
2142 572 2390 618 vestrum
2423 573 2508 618 est
2537 564 2602 617 ⁸³.
2633 582 2652 615 ι
2693 562 2976 635 Scriptum
3023 575 3208 622 autem
3253 577 3339 624 est
3369 581 3426 625 et

151 646 357 711 ἀὺτοῦ,
403 648 550 719 χαρᾷ
582 647 762 718 χαίρει
809 646 899 701 διὰ
935 645 1033 714 τὴν
1069 647 1254 718 φωνὴν
1287 647 1382 702 τοῦ
1425 648 1682 719 νυμφίου.
1721 667 1740 702 ι

1856 657 1899 707 in
1953 651 2116 710 Lucra
2168 635 2467 726 Evangelia
2503 673 2517 709 :
2560 674 2578 706 ι
2626 655 2924 728 Postquam
2980 668 3168 714 autem
3213 662 3423 732 impleti

152 737 314 808 Αὕτη
345 733 445 792 οὖν
475 740 507 810 ἡ
538 737 684 809 χαρά
719 739 753 809 ἡ
783 737 891 808 ὲμὴ
919 737 1304 810 πεπλήρωται,
1330 757 1349 790 ι
1399 739 1637 828 Ἐιιεῖνον
1663 738 1747 791 δεῖ

1856 753 1978 800 sunt
2003 745 2122 802 dies
2152 746 2407 816 pariendi
2437 747 2744 812 Elisabeth,
2778 758 2834 804 et
2865 751 2982 820 ipsa
3009 751 3200 821 genuit
3226 753 3423 817 filium,

155 831 444 896 αὐξάνειν,
471 832 570 904 ἐμὲ
591 831 649 885 δὲ
678 831 1058 888 ἐλαττοῦσθαι.
1093 853 1114 886 ι
1136 833 1196 888 '0
1219 835 1329 904 γὰρ
1357 834 1496 906 ἔχων
1519 835 1738 889 τελείαν

1856 845 1902 892 et
1923 837 2224 892 audierunt
2259 837 2430 892 vicini
2471 846 2528 893 et
2571 839 2787 911 cognati
2815 839 2958 910 ejus,
2989 847 3046 896 et
3072 843 3427 912 congratula-

146 921 410 992 ἀγάπην,
445 923 638 977 ἑαυτὸν
688 923 950 980 ἐλάττονα
982 925 1196 996 ἡγεῖται
1222 941 1236 956 ’
1269 923 1360 978 τδν
1404 924 1462 978 δὲ
1491 924 1742 996 πλησίον,

1856 923 2050 978 bantur
2075 925 2128 980 ei
2149 925 2216 980 ⁸³.
2254 944 2272 976 ι
2306 924 2458 981 Adeo
2490 943 2613 997 qua:
2638 929 2941 984 amicorum
2972 925 3426 1001 sunt'peculiari-

162 1013 509 1086 ὑπερέχοντα
554 1015 771 1071 ἑαυτοῦ.
813 1015 973 1088 Αὐτῷ
1023 1017 1057 1088 ἡ
1101 1015 1228 1084 δόξα
1261 1017 1344 1080 είς
1377 1017 1504 1081 τοὺς
1535 1013 1742 1080 αίῶνας

1856 1023 1953 1082 ter,
1989 1016 2305 1072 communia
2342 1015 2511 1072 efﬁcit
2536 1018 2819 1075 vinculum
2849 1021 3109 1092 legitima:
3147 1023 3424 1079 amicitizc.

159 1107 276 1160 τῶν
303 1106 540 1163 αἰώνων.
587 1109 644 1162 Ἀ
653 1108 782 1180 μήν.

1856 1106 1986 1173 Quin
2011 1115 2068 1161 et
2098 1108 2210 1174 hic,
2245 1108 2384 1178 ipse,
2428 1110 2676 1180 inquam,
2701 1111 2965 1178 Joannes,
3007 1115 3124 1170 suis
3149 1115 3428 1170 disserens

159 1198 479 1268 discipulis,
511 1186 773 1254 dicebat:
814 1220 833 1252 ι
877 1201 1102 1256 Amicus
1136 1199 1324 1271 sponsi
1359 1208 1531 1264 stans,
1569 1207 1624 1254 et
1685 1198 1919 1253 audiens
1965 1199 2166 1269 ipsum,
2206 1200 2408 1270 gaudio
2449 1201 2652 1272 gaudet
2711 1213 2942 1274 pr0pter
3004 1221 3194 1262 vocem
3257 1223 3430 1277 spon-

161 1290 212 1344 si
237 1291 304 1343 ⁸³.
340 1309 358 1341 ι
401 1289 577 1359 igitur
618 1291 726 1348 hoc
761 1308 944 1348 meum
983 1291 1247 1362 gaudium
1290 1291 1578 1361 impletum
1620 1295 1748 1344 est:
1792 1309 1812 1342 ι
1843 1288 2001 1344 Illum
2029 1299 2248 1360 oportet
2277 1306 2552 1358 crescere,
2583 1309 2671 1348 me
2732 1305 2920 1352 autem
2980 1299 3156 1353 minui
3180 1297 3248 1354 ".
3278 1319 3296 1350 ι
3323 1302 3428 1365 Qui

159 1382 312 1436 enim
362 1382 430 1436 ad
491 1382 784 1450 perfectam
833 1398 1008 1452 usque
1058 1381 1331 1453 promovit
1376 1381 1736 1445 eharitatem,
1775 1394 1835 1435 se
1878 1379 2104 1450 quidem
2152 1380 2426 1438 minorem
2477 1383 2656 1450 ducit,
2710 1385 3021 1458 proximum
3096 1405 3231 1444 vero
3281 1391 3430 1461 inge-

161 1461 278 1528 nue
317 1471 611 1543 profitetur
646 1473 1095 1527 eminentiorem.
1125 1470 1232 1540 Ipsi
1260 1468 1436 1540 gloria
1468 1469 1525 1522 in
1555 1469 1755 1524 saecula
1791 1469 2141 1525 saeculorum.
2170 1470 2366 1526 Amen.

791 1586 1011 1641 ΛΟΓΟΣ
1051 1583 1128 1640 ε’.

538 1699 676 1768 Περὶ
710 1697 818 1753 τοῦ
840 1699 928 1769 μὴ
958 1698 1179 1753 λυπεῖν
1217 1714 1370 1756 τινα.

239 1810 302 1867 Et
328 1815 356 1868 6
380 1811 611 1882 ἀγαπῶν
639 1809 731 1864 τὸν
761 1809 991 1880 ἀδελφὸν
1029 1809 1219 1874 αὑτοῦ,
1245 1809 1339 1864 τδν
1367 1807 1502 1862 Θεὸν
1533 1804 1742 1882 ἀγαπᾷ,

2302 1585 2516 1660 1120
2543 1588 2824 1646 HOMllJA
2865 1591 2976 1647 LX.

2258 1690 2338 1752 Ne
2373 1700 2457 1752 cui
2478 1699 2688 1770 ingeras
2719 1701 3008 1756 tristitiam.

1920 1803 2024 1874 Qui
2053 1805 2233 1879 diligit
2264 1801 2493 1864 fratrem
2543 1825 2730 1875 suum,
2761 1810 2935 1866 Deum
2980 1813 3174 1884 utique
3211 1813 3427 1889 diligit;

163 1905 266 1960 καὶ
302 1907 334 1959 6
381 1907 458 1974 μὴ
485 1899 716 1972 ἀγαπῶν
755 1901 846 1956 τὸν
873 1899 1101 1970 ἀδελφὸν
1126 1900 1316 1968 αὐτοῦ,
1343 1901 1464 1954 οὐδὲ
1501 1899 1592 1955 τὸν
1616 1901 1749 1955 Θεδν

1856 1906 2076 1966 contra,
2138 1901 2393 1971 quisquis
2459 1901 2688 1956 fratrem
2759 1917 2922 1958 suum
2983 1906 3306 1977 neutiquam
3363 1926 3430 1964 ex

163 1997 381 2066 ἀγαπᾷ,
413 1995 558 2049 κατά
583 1994 676 2049 τὸν
718 1991 1018 2047 ἀπόστολον
1055 1992 1312 2063 Ἰωάννην
1336 2029 1353 2056 ,
1383 1989 1544 2062 δῆλόν
1572 1991 1742 2060 ἐστιν,

163 2090 251 2144 ὅτι
276 2089 372 2142 καὶ
404 2089 434 2142 6
455 2086 641 2143 λυπῶν
669 2086 758 2140 τὸν
791 2084 1021 2154 ἀδελφὸν
1042 2081 1232 2150 αὐτοῦ,
1263 2083 1356 2136 τὸν
1394 2083 1528 2137 Θεὸν
1556 2083 1740 2138 λυπεῖ.

172 2199 194 2233 ι
233 2181 324 2250 Μὴ
352 2179 577 2233 λυπεῖτε
619 2178 751 2250 γὰρ,
783 2177 972 2248 φησιν,
1001 2175 1064 2229 τὸ
1091 2174 1318 2245 Πνεῦμα
1337 2175 1400 2228 τὸ
1427 2173 1582 2243 ἅγιον
1616 2176 1676 2228 ὲν
1702 2165 1747 2246 ᾧ

167 2271 596 2344 ὲσφραγίσθητε.
651 2291 672 2323 ι
725 2270 837 2323 Καὶ
879 2267 960 2336 τι,
1001 2286 1019 2320 ι
1077 2266 1209 2338 Ἐμὲ
1245 2266 1546 2338 ἐλύπησαν,
1599 2266 1747 2336 λέγει

167 2363 394 2436 Κύριος.
425 2382 445 2417 ι
504 2362 610 2417 Καὶ
665 2357 842 2426 αὖθις,
899 2377 918 2412 ι
985 2354 1107 2428 Ἐφ’
1138 2359 1264 2412 ὅσον
1321 2357 1615 2430 ἐποιήσατε
1669 2359 1750 2412 ἑνὶ

167 2455 373 2509 τούτων
441 2454 551 2508 τῶν
601 2453 846 2522 ἀδελφῶν
919 2467 1020 2522 μου
1076 2449 1184 2502 τῶν
1261 2447 1581 2519 ἐλαχίστων,
1625 2449 1751 2518 ἐμοὶ

173 2545 485 2616 ἐποιήσατε.
530 2563 551 2596 ο
584 2543 719 2610 Καὶ,
757 2559 777 2594 ι
829 2541 948 2608 Ἐφ’
1003 2539 1126 2594 ὅσον
1183 2537 1284 2591 οὐκ
1313 2540 1604 2609 ἐποιήσατε
1670 2541 1750 2592 ἐνὶ

113 2691 131 2706 ,
169 2637 412 2700 τούτων,
468 2635 592 2690 οὐδὲ
663 2634 788 2704 ἐμοὶ
872 2635 1191 2703 ἐποιήσατε.
1263 2652 1283 2685 ι
1340 2632 1750 2686 Ἀποδέδεικται

165 2726 348 2779 τοίνυν
417 2725 510 2780 διὰ
551 2725 660 2779 τῶν
711 2726 1143 2795 προειρημένων,
1189 2728 1274 2780 ὃτι
1339 2727 1368 2778 6
1440 2723 1532 2776 τὸν
1591 2723 1749 2776 ἁδελ-

167 2819 270 2888 φὸν
293 2817 457 2872 αὑτοῦ
502 2817 846 2889 θεραπεύων,
892 2818 988 2870 τὸν
1043 2817 1178 2872 Θεὸν
1222 2816 1532 2889 θεραπεύει.
1582 2814 1752 2868 Γινώ-

168 2930 390 2977 σκοντες
425 2907 538 2977 ιῦν,
579 2913 872 2982 ἀγαπητοὶ,
906 2914 987 2966 ὃτι
1023 2915 1082 2966 ὲν
1137 2911 1323 2982 τούτῳ
1351 2911 1443 2963 τὸν
1473 2910 1605 2963 Θεὸν
1659 2908 1754 2961 θε-

168 3005 508 3076 ραπεύομεν,
557 3005 615 3056 ὲν
659 3002 739 3074 τῷ
774 3003 850 3076 μὴ
879 3002 1071 3056 λυπεῖν
1117 3001 1176 3055 ἐν
1230 3019 1338 3055 τινι
1366 3006 1458 3054 τδν
1503 2999 1752 3070 πλησίον,

167 3097 446 3160 παντοίως
479 3095 879 3167 ἀγωνισώμεθα
932 3094 1010 3168 μὴ
1037 3095 1222 3149 δοῦναι
1291 3092 1626 3166 πρόφασινῆ
1667 3092 1754 3145 αἱ-

167 3189 294 3242 τίαν
354 3191 464 3242 τινὶ
530 3188 624 3241 τοῦ
691 3188 977 3242 λυπεῖσθαι
1046 3185 1169 3240 καθ’
1217 3185 1377 3258 ἡμῶν
1437 3180 1746 3253 εὐλόγωςῆ

168 3281 381 3350 ἀλόγως
408 3297 420 3310 ·
455 3281 544 3334 ἴνα
592 3281 669 3352 μὴ
713 3279 1086 3351 ἀπρόσδειιτος
1119 3278 1346 3351 γένηται
1382 3278 1418 3348 ή
1466 3274 1747 3348 προσευχὴ

172 3374 350 3447 ἡμῶν,
383 3372 457 3436 ὡς
486 3371 760 3444 πρόϐατον
805 3374 898 3426 ἐπὶ
930 3371 1132 3443 βωμόν.
1186 3390 1205 3422 ι
1256 3364 1349 3434 Εἷς
1391 3369 1522 3440 γὰρ,
1559 3368 1744 3439 φησιν,

170 3467 490 3539 εὐχόμενος,
542 3466 636 3519 καὶ
671 3459 753 3529 εἷς
787 3463 1196 3535 καταρώμενος,
1237 3461 1380 3525 τίνος
1419 3459 1604 3530 φωνὴν
1629 3459 1749 3511 εἱσι-

169 3557 468 3613 ακούσεται
489 3559 539 3619 ,ὁ
576 3554 896 3625 Δεσπότης;
941 3572 959 3604 ι
993 3553 1174 3616 καθὼς
1211 3553 1268 3605 ὲν
1294 3553 1360 3622 τῇ
1393 3549 1564 3620 Σοφίᾳ
1598 3547 1748 3617 δεδή-

170 3650 361 3703 λωται.
403 3669 422 3701 ι
451 3648 562 3703 Καὶ
593 3643 772 3712 αὖθις,
798 3664 816 3697 ι
849 3640 942 3710 Εἷς
965 3643 1283 3714 οἰκοδομῶν,
1313 3642 1406 3695 καὶ
1435 3635 1514 3704 εἷς
1551 3639 1748 3692 καθαι-

179 3737 308 3810 ρῶν,
336 3737 390 3790 τί
420 3737 802 3807 ὠφελήσουσιν
828 3733 1016 3798 πλέον,
1056 3732 1091 3804 ἢ
1139 3731 1380 3796 κόπους;
1418 3726 1752 3800 βαπτιζόμε-

173 3847 266 3892 νος
297 3831 404 3884 ἀπὸ
437 3829 655 3900 νεκροῦ,
689 3829 790 3882 καὶ
821 3827 987 3881 πάλιν
1013 3824 1340 3896 ἁπτόμενος,
1373 3822 1426 3874 τί
1467 3819 1750 3891 ὠφέλησεν

169 3923 234 3975 τὸ
265 3920 493 3990 λουτρὸν
523 3919 727 3985 αὐτοῦς
770 3937 788 3970 ι
829 3915 1019 3979 Οὕτως
1043 3913 1320 3987 νηστεύων
1342 3911 1628 3982 ἄνθρωπος
1658 3909 1752 3962 ἐπὶ

167 4015 280 4068 τῶν
325 4013 612 4086 ἁμαρτιῶν
645 4009 836 4076 αὐτοῦ,
874 4011 970 4062 καὶ
1001 4007 1168 4061 πάλιν
1200 4003 1622 4078 πορνευόμενος,
1655 4001 1750 4054 καὶ

169 4109 247 4162 τὰ
279 4109 415 4161 αὐτὰ
449 4106 644 4172 ποιῶν,
687 4105 787 4174 τῆς
815 4100 1130 4172 προσευχῆς
1173 4098 1337 4152 αὐτοῦ
1379 4097 1463 4162 τίς
1497 4093 1751 4150 εἰσακού-

173 4215 362 4266 σεται;
397 4197 494 4250 καὶ
525 4196 578 4249 τί
607 4193 890 4266 ὠφέλησεν
933 4194 991 4246 ὲν
1021 4191 1099 4260 τῷ
1141 4186 1531 4242 ταπεινοῦσθαι
1555 4185 1748 4250 αὐτόν;

173 4293 292 4346 Καὶ
318 4291 548 4360 ἐπάγει,
587 4308 606 4342 ι
657 4287 750 4360 Μὴ
801 4287 1054 4340 τέκταινε
1105 4283 1198 4336 ἐπὶ
1245 4281 1337 4334 σὺν
1378 4279 1534 4350 φίλον
1579 4277 1748 4344 κακὲ,

172 4384 570 4456 παροικοῦντα,
620 4381 715 4434 καὶ
746 4377 1045 4434 πεποιθότα
1072 4375 1168 4428 ἐπὶ
1205 4373 1313 4428 σοί.
1360 4373 1454 4424 Ἐκ
1484 4372 1752 4440 στόματος

170 4480 286 4548 γὰρ
325 4478 554 4548 ἄφρονος
623 4473 961 4539 ἐξελεύσεται
1004 4469 1274 4542 βακτηρία
1319 4467 1565 4537 ὕϐρεως·
1595 4465 1749 4536 χείλη

1847 1991 2035 2046 animo
2103 1991 2326 2064 diligit,
2386 2009 2567 2064 neque
2642 1995 2690 2050 is
2755 1995 2933 2067 diligit
2997 1997 3211 2065 Deum,
3275 1999 3433 2072 juxta

1845 2081 2073 2137 Joannis
2126 2083 2362 2152 apostoli
2421 2085 2752 2140 sententiam
2800 2086 2870 2140 ⁸⁸.
2933 2086 3080 2141 Nulli
3131 2089 3431 2145 obscurum

1846 2187 1970 2228 esse
2019 2183 2245 2243 putem,
2305 2176 2567 2245 quoniam
2604 2177 2859 2248 quisquis
2910 2178 3138 2235 fratrem
3195 2197 3433 2238 maerere

1849 2249 2005 2324 facit.
2063 2264 2207 2320 idem
2249 2267 2541 2322 contristat
2587 2276 2643 2323 et
2691 2268 2888 2325 Deum.
2929 2291 2948 2323 ι
2989 2272 3169 2328 Nolite
3219 2276 3434 2328 contri-

1849 2363 1998 2414 stare
2070 2357 2336 2430 Spiritum
2405 2371 2697 2430 sanetum,
2753 2365 2866 2430 ait,
2930 2367 2988 2421 in
3053 2383 3166 2438 quo
3229 2369 3428 2440 signati

1849 2449 1986 2503 estis
2018 2446 2086 2502 ⁸⁸.
2125 2469 2143 2500 ι
2185 2450 2252 2505 Ει
2285 2467 2298 2502 :
2339 2467 2358 2501 ι
2393 2451 2478 2506 Me
2525 2453 3022 2521 contristaverunt,
3075 2458 3212 2514 dicit
3249 2463 3435 2516 Domi-

1849 2553 1958 2592 nus
1984 2538 2050 2593 ⁸⁷.
2084 2559 2102 2590 ι
2136 2540 2375 2596 Rursum
2405 2556 2419 2596 :
2454 2561 2472 2593 ι
2508 2542 2768 2610 Quandiu
2818 2545 3030 2603 fecistis
3074 2551 3171 2604 ιιιιί
3215 2567 3280 2606 ex
3322 2554 3434 2608 fra-

1852 2630 2030 2686 tribus
2049 2633 2184 2687 meis
2200 2633 2464 2697 minimis,
2491 2635 2626 2690 mihi
2652 2636 2861 2694 fecistis
2878 2640 2943 2694 ⁸⁸.
2967 2660 2984 2692 ι
3012 2639 3112 2696 Et:
3135 2663 3152 2693 ι
3177 2643 3436 2710 Quamliu

1854 2738 1962 2777 non
2009 2723 2218 2779 fecistis
2256 2727 2350 2779 uni
2397 2743 2467 2782 ex
2515 2727 2622 2792 his,
2667 2745 2846 2800 neque
2891 2732 3024 2786 mihi
3073 2733 3285 2790 fecistis
3314 2737 3382 2790 ⁸³.
3413 2759 3429 2787 ι

1855 2813 1952 2868 llis
1969 2814 2138 2885 igitur
2157 2815 2436 2884 praedictis
2459 2817 2658 2872 idonee
2680 2819 2816 2874 satis
2834 2819 3203 2904 demonstrari
3225 2835 3434 2896 putem.

1853 2906 2117 2976 quoniam
2149 2907 2245 2978 qui
2275 2907 2344 2962 de
2380 2907 2550 2964 fratre
2580 2909 2720 2966 bene
2760 2913 2996 2970 meritus
3021 2915 3250 2972 exhibet
3276 2919 3438 2974 obsc-

1853 2997 2068 3068 quium,
2096 2999 2424 3070 obsequitur
2448 3009 2504 3055 et
2532 3001 2665 3056 Deo.
2707 3000 2844 3058 Cum
2882 3005 3072 3076 igitur,
3097 3007 3433 3070 charissimi.

1855 3087 2029 3156 probe
2081 3089 2586 3165 jam_noverimus,
2641 3107 2744 3148 nos
2800 3092 2855 3148 in
2911 3095 3016 3150 hoc
3070 3097 3304 3170 obsequi
3371 3118 3437 3158 ac

1855 3176 2126 3234 inservire
2165 3180 2300 3246 Deo,
2343 3179 2390 3236 si
2421 3181 2570 3236 nulla
2608 3181 2662 3236 in
2709 3180 3110 3255 re—proximum
3137 3191 3436 3247 contriste-

1852 3285 2012 3324 mus:
2037 3269 2218 3326 modis
2243 3272 2503 3328 omnibus
2519 3273 2854 3341 adnitamur,
2878 3293 2947 3332 ne
2971 3295 3078 3349 qua
3101 3281 3156 3335 in
3183 3297 3242 3338 re
3271 3284 3434 3340 ullam

1852 3375 2212 3432 suggeramus
2248 3365 2596 3420 occasionem
2626 3366 2740 3422 sive
2775 3383 2996 3424 causam
3045 3374 3294 3442 proximo
3332 3377 3434 3430 tri-

1853 3453 2018 3509 stitia:
2061 3462 2118 3509 et
2143 3455 2424 3522 maeroris,
2457 3455 2573 3511 sive
2614 3473 2704 3513 res
2738 3458 2876 3514 ferat
2919 3462 3115 3517 rationi
3150 3475 3434 3537 utcunque

1852 3555 2258 3612 consentanea,
2315 3547 2429 3603 sive
2482 3547 2718 3604 minus:
2759 3559 2820 3604 ut
2878 3567 2949 3607 ne
3006 3563 3194 3610 nostra
3253 3557 3434 3610 oratio

1857 3638 2084 3708 perinde
2127 3653 2192 3693 ac
2249 3639 2517 3710 rejectitia
2565 3641 2838 3711 quaepiam
2881 3644 3002 3698 ovis
3047 3653 3104 3700 et
3163 3649 3432 3717 reproba.

1857 3725 1969 3786 Deo
1997 3731 2209 3803 ingrata
2247 3731 2362 3788 fiat.
2396 3751 2414 3784 ι
2444 3727 2596 3789 Unus
2626 3733 2774 3788 enim
2807 3750 2993 3800 orans,
3028 3736 3104 3792 ait
3143 3738 3356 3807 Sirach,
3380 3751 3436 3796 et

1856 3838 2004 3878 unus
2053 3823 2431 3888 maledicens,
2489 3825 2646 3895 cujus
2705 3839 2899 3880 vocem
2945 3827 3204 3884 exaudiet
3252 3831 3438 3886 Domi-

1855 3932 1964 3972 nus
1989 3916 2068 3970 9°?
2101 3937 2118 3968 ι
2155 3916 2626 3987 quemadmodum
2663 3917 2716 3972 in
2753 3916 3038 3988 Sapientia
3067 3919 3198 3976 Jcsu
3238 3922 3434 3980 Siraeh

1856 4009 2166 4065 luculenter
2189 4021 2512 4079 expressum
2543 4017 2648 4064 est.
2680 4008 2921 4063 Rursum
2955 4027 2971 4065 :
3013 4030 3032 4063 ι
3061 4011 3216 4070 Unus
3261 4015 3436 4069 aadifi-

1857 4119 1990 4158 cans
2039 4111 2094 4158 et
2142 4116 2287 4156 unus
2337 4099 2666 4165 destruens,
2711 4101 2843 4172 quid
2884 4105 3162 4160 commodi
3205 4106 3439 4166 afferent

1858 4201 2060 4265 prater
2079 4193 2334 4248 labores?
2362 4191 2464 4258 Qui
2496 4193 2714 4247 lavatur
2737 4209 2768 4247 a
2797 4195 3112 4262 morticiuo,
3144 4206 3200 4252 et
3232 4198 3436 4253 iterum

1859 4287 2031 4358 tangit
2060 4287 2434 4352 morticinum,
2461 4303 2586 4357 qua:
2613 4287 2824 4346 utilitas
2847 4289 2901 4342 in
2927 4289 3146 4344 lavacro
3173 4291 3388 4362 ejus"?
3413 4313 3430 4342 ι

1859 4376 1952 4434 Sic
1971 4378 2066 4448 qui
2091 4379 2306 4459 jejunat
2332 4378 2497 4434 homo
2530 4395 2632 4449 pro
2661 4381 2905 4450 peccatis
2931 4382 3067 4442 suis,
3088 4394 3144 4438 et
3167 4384 3212 4437 is
3237 4384 3436 4440 iterum

1857 4467 2186 4534 fornicatur,
2232 4485 2297 4524 ac
2343 4471 2537 4526 eadem
2578 4470 2710 4525 facit
2752 4487 2876 4541 qum
2919 4472 3098 4542 prius,
3129 4475 3436 4530 orationem

170 4574 236 4627 δὲ
294 4569 472 4638 σοφῶν
532 4567 864 4638 φυλάξουσιν
914 4562 1140 4626 αὐτούς.
1199 4580 1218 4614 ι
1283 4556 1341 4613 Ὀ
1384 4559 1748 4630 πορευόμενος

1860 4557 2022 4614 istius
2065 4559 2191 4630 quis
2237 4559 2534 4614 exaudiet?
2574 4557 2786 4629 Ecquid
2827 4558 3061 4629 profecit
3095 4560 3439 4615 humiliando

111 4671 118 4676 '
171 4657 378 4732 ὀρθῶς,
411 4657 659 4727 φοϐεῖται
711 4655 801 4709 τὸν
833 4653 1072 4724 Κύριον·
1126 4653 1154 4704 ὁ
1198 4650 1256 4703 δὲ
1299 4646 1602 4710 σκολιάζων
1627 4649 1750 4708 ταῖς

172 4753 320 4815 ὁδοῖς
349 4749 539 4815 αὐτοῦ,
577 4747 1038 4820 ἀτιμασθήσεται.
1086 4745 1197 4799 Καὶ
1241 4745 1270 4798 6
1319 4743 1606 4811 προφήτης
1646 4741 1752 4795 Μι-

174 4841 339 4912 χαίας
365 4838 728 4908 ποτνιώμενος
757 4837 901 4890 κατά
927 4835 1022 4888 τοῦ
1039 4831 1258 4905 Ἰσραὴλ
1283 4832 1491 4900 ἔλεγεν,
1530 4849 1548 4882 ι
1581 4827 1753 4884 Ἕκα-

177 4949 306 4996 στος
333 4932 426 4986 τὺν
455 4931 685 5000 πλησίον
731 4928 898 4984 αὑτοῦ
939 4927 1200 4990 ἐκθλίϐει,
1238 4928 1320 4992 εἰς
1351 4925 1410 4980 τὸ
1443 4924 1615 4978 κακον
1651 4923 1752 4988 τὰς

173 5025 373 5094 χεῖρας
403 5020 582 5074 αὐτῶν
613 5016 1015 5090 ἑτοιμάζυντες.
1056 5036 1074 5068 ι
1097 5016 1154 5068 Ὀ
1183 5016 1241 5068 δὲ
1269 5013 1611 5077 Ἀπόστολος.
1634 5032 1652 5064 ι
1688 5014 1749 5066 Et

172 5115 289 5184 γὰρ
338 5114 368 5167 6
401 5111 626 5180 ἀδελφός
663 5127 756 5164 σου
801 5109 1076 5171 λυπεῖται,
1113 5106 1310 5177 φησὶν,
1339 5105 1439 5158 οὐκ
1484 5103 1566 5157 ἔτι
1610 5103 1752 5156 κατά

171 5205 403 5273 ἀγάπην
433 5203 780 5272 περιπατεῖς
815 5219 834 5251 ι
864 5198 1028 5267 Λέγει
1055 5197 1112 5252 δὲ
1139 5199 1234 5250 καὶ
1261 5196 1290 5248 6
1321 5195 1547 5267 Κύριος,
1585 5212 1604 5246 ι
1638 5195 1755 5258 Πᾶς

170 5297 206 5348 6
248 5293 605 5366 ὀργιζόμενος
647 5289 725 5360 τῷ
767 5288 980 5358 ἀδελφῷ
1032 5285 1221 5352 αὑτοῦ,
1275 5286 1458 5355 ἔνοχος
1503 5283 1656 5337 ἔσται
1687 5285 1754 5356 τῇ

171 5385 386 5457 κρίσει·
445 5383 502 5446 ὃς
543 5383 588 5435 δ’
642 5381 709 5434 ἂν
761 5381 890 5453 εῐπῃ
927 5375 1004 5447 τῷ
1043 5375 1260 5446 ἀδελφῷ
1290 5373 1482 5438 αὐτοῦ,
1521 5373 1754 5436 Ῥακκά,

172 5479 366 5548 ἔνοχος
396 5476 552 5530 ἔσται
577 5473 654 5546 τῷ
688 5473 982 5543 συνεδρίῳ·
1010 5470 1106 5522 καὶ
1133 5467 1190 5530 ὃς
1212 5468 1256 5520 δ’
1289 5465 1357 5520 ἂν
1393 5465 1543 5536 εἴπῃ,
1569 5467 1760 5537 Μωρὲ,

249 5616 295 5650 ⁸⁸
326 5616 373 5672 Il
397 5615 524 5672 Cor.
558 5631 616 5680 ιι,
643 5613 697 5667 5.
772 5614 818 5646 δ’
849 5612 982 5666 Luc.
1022 5627 1059 5674 ι,
1084 5609 1173 5671 57,
1200 5607 1287 5680 58.

1857 4651 1958 4705 se?
1985 4650 2206 4706 Inducit
2235 4667 2249 4704 :
2283 4669 2302 4701 ι
2343 4651 2415 4705 Ne
2444 4650 2780 4706 machineris
2808 4651 2950 4706 mala
2991 4651 3255 4707 adversus
3298 4656 3439 4706 ami~

1857 4755 1983 4795 cum
2021 4749 2177 4794 tuum
2221 4740 2315 4811 qui
2361 4741 2515 4810 juxta
2555 4750 2608 4796 te
2662 4740 2896 4808 habitat,
2951 4749 3010 4796 et
3062 4741 3232 4796 habet
3275 4743 3330 4796 in
3385 4752 3438 4798 te

1857 4831 2114 4888 fiduciam
2145 4835 2190 4865 ⁹²
2216 4850 2232 4900 ;
2267 4849 2333 4888 ex
2363 4849 2459 4888 ore
2495 4833 2642 4888 enim
2673 4833 2990 4901 stultorum,
3019 4832 3200 4889 baculi
3239 4844 3438 4916 contu:

1857 4923 2036 4978 melize
2063 4924 2430 4993 expellentur,
2474 4923 2620 4978 labia
2651 4933 2836 4978 autem
2887 4923 3221 4992 sapientium
3248 4935 3439 4979 custo-

1859 5011 2016 5068 dient
2037 5029 2135 5071 eos
2157 5015 2223 5069 ”.
2254 5034 2272 5066 ι
2305 5014 2470 5076 Sane,
2505 5015 2600 5084 qui
2635 5024 2783 5070 recte
2817 5015 3043 5080 incedit,
3074 5016 3231 5071 timet
3253 5017 3438 5072 Domi-

1860 5121 2028 5164 num:
2062 5106 2156 5175 qui
2193 5115 2376 5160 autem
2406 5107 2526 5161 vias
2558 5123 2687 5162 suas
2722 5106 3007 5177 depravat,
3033 5107 3438 5178 ignominiosus

1859 5197 1984 5251 erit.
2027 5197 2303 5266 Propheta
2351 5194 2580 5268 insuper
2619 5197 2874 5253 Michaeas
2917 5199 3239 5269 suppliciter
3277 5200 3438 5254 obte-

1861 5298 2012 5343 stans
2057 5289 2319 5344 advcrsus
2364 5289 2530 5345 Israel
2573 5309 2586 5344 :
2626 5310 2643 5342 ι
2689 5289 3077 5361 Unusquisque
3124 5291 3438 5360 proximum

1861 5395 2022 5434 suum
2072 5380 2339 5435 tribulam
2380 5380 2739 5436 tribulatione
2773 5380 2840 5446 ",
2872 5380 2940 5435 ad
2990 5383 3194 5436 malum
3244 5398 3444 5439 manus

1861 5487 1992 5526 suas
2022 5481 2336 5542 przeparant
2362 5474 2427 5526 ⁸⁸.
2468 5472 2814 5542 »Αροειοιιιε
2839 5486 3058 5542 quoque
3088 5490 3100 5526 :
3136 5492 3154 5523 ι
3184 5473 3240 5530 Si
3271 5474 3441 5530 frater

1399 5609 1447 5641 ⁸³
1471 5609 1629 5664 .loan.
1665 5627 1746 5674 ιιι,

1856 5653 1861 5664 .
1934 5611 1980 5643 εδ
2013 5611 2150 5667 ibid.
2175 5613 2264 5666 30.
2339 5612 2384 5645 ⁸⁸
2415 5612 2435 5665 1
2466 5613 2700 5670 ,ιοιιιι.ιι⁹
2724 5608 2974 5663 10.Η.⁸⁶
3008 5609 3209 5678 Ephes.
3243 5625 3314 5668 tv.
3347 5609 3438 5665 πο.

164 5688 217 5722 ⁸⁷
253 5688 462 5744 Jerem.
498 5679 625 5759 LI,l_.
702 5684 752 5759 εξ
777 5682 964 5759 hiauit.
1005 5697 1130 5742 xxv,
1393 5679 1529 5759 ibid.
1576 5681 1666 5733 ΑΒ.
1718 5685 1749 5759 _'

1856 5682 1988 5736 lceli.
2019 5699 2194 5745 χχχιιι,
2223 5682 2312 5736 29.
2389 5684 2431 5714 “
2462 5682 2593 5736 ibid.
2621 5684 2715 5746 ‘28,
2745 5684 2834 5759 50.
2910 5682 2956 5713 "
2992 5681 3160 5735 Ecca.
3201 5697 3234 5734 x
3263 5695 3288 5734 τ
3353 5679 3438 5734 ιῡ.

103 5763 108 5766 ’
171 5759 226 5794 ’³
260 5761 420 5813 Prov.
455 5771 564 5814 xw.
590 5757 642 5809 3.
718 5753 762 5785 9"
805 5753 972 5806 Eccli.
1013 5767 1120 5807 xu.
1156 5751 1242 5802 :8.

1321 5750 1366 5780 ⁹³
1399 5751 1558 5802 λιιιοίι.
1595 5766 1685 5808 vn,
1718 5751 1770 5804 5.
