3944 6422
598 378 739 442 1615

1866 378 2248 444 'ANTlOCHl
2288 380 2637 444 MONACHI
3671 379 3761 455 illis

596 496 725 542 tuus
772 492 998 558 propter
1039 482 1091 543 te
1137 487 1520 557 contristatur,
1564 504 1676 545 non
1719 491 1831 563 jam
1872 492 2178 547 secundum

2285 490 2469 562 ἔνοχος
2502 491 2659 544 ἔσται
2690 490 2770 555 εἰς
2795 489 2893 561 τὴν
2922 487 3145 559 γέενναν
3189 488 3283 541 τοῦ
3343 484 3519 560 πυρὸς.
3552 511 3567 544 ι
3595 488 3678 549 Καὶ
3699 504 3764 552 ξπ.

591 582 920 636 cbaritatem
971 582 1223 639 ambulas
1255 584 1322 637 ".
1366 604 1384 636 ι
1419 584 1565 639 Dicit
1614 592 1798 639 autem
1854 584 2122 639 Dominus
2163 602 2175 637 :

600 692 616 723 ‹
657 673 974 744 υιη-ηίειιιυί
1008 674 1267 729 irascitur
1292 674 1449 729 fratri
1481 691 1603 743 suo,
1638 691 1770 731 reus
1797 677 1905 731 erit
1932 675 2179 747 judicio;

590 764 686 834 qui
747 774 932 819 autem
993 765 1197 821 dixerit
1253 765 1409 821 fratri
1462 781 1591 832 suo,
1649 767 1825 833 Raca,
1887 780 2018 822 reus
2071 766 2181 821 erit

592 857 865 923 concilio;
892 858 1383 927 qui-vcrodixerit,
1405 856 1596 919 Fatue,
1616 873 1745 914 rcus
1767 860 1876 914 erit
1895 858 1950 912 in
1973 858 2180 929 gehen-

2287 581 2433 649 ἀγει,
2471 600 2489 633 ι
2516 580 2641 634 Ἐἀν
2660 576 2753 634 οὖν
2788 579 3107 652 προσφέρῃς
3132 579 3192 632 τὺ
3218 578 3391 650 δῶρόν
3417 596 3503 633 σου
3539 582 3616 635 ἐπὶ
3633 583 3680 636 τὸ
3705 586 3766 639 θτδ-
3826 576 3829 579 ’

2283 675 2629 745 σιαστήριον,
2668 674 2833 726 κάκεῖ
2864 671 3131 743 μνησθεὶς
3160 671 3238 724 ὅτι
3270 671 3381 741 ἔχει
3421 690 3473 725 τι
3511 675 3632 726 κατὰ
3660 677 3726 728 σοῦ
3746 676 3770 728 ’ὁ

2280 765 2509 835 ἀδελφός
2540 783 2656 832 σου,
2688 766 2825 835 ἄφες
2859 764 2981 817 ἐκεῖ
2998 764 3059 817 τὸ
3088 764 3259 835 δῶρόν
3298 781 3394 817 σου
3426 764 3691 835 ἔμπροσθεν
3708 771 3770 822 τοῦ

2280 857 2709 929 θυσιαστηρίου,
2761 858 2859 911 καὶ
2899 850 3116 926 Ὂπαγε,
3165 856 3385 928 πρῶτον
3429 858 3705 929 διαλλάγηθι
3726 865 3773 931 τῷ

592 965 718 1003 nam
759 949 902 1019 ignis
931 951 996 1004 ’⁷.
1037 970 1056 1002 ι
1093 950 1309 1005 lnducit
1342 968 1354 1004 :
1397 972 1413 1003 ι
1445 951 1501 1006 Si
1548 952 1717 1021 igitur
1746 950 1948 1005 offeras
1976 966 2178 1005 munus

2285 949 2496 1021 ἀδελφῷ
2522 968 2635 1015 σου,
2663 952 2759 1004 καὶ
2787 951 2909 1003 τότε
2936 948 3103 1002 ἐλθὼν
3127 950 3401 1020 πρόσφερε
3431 950 3489 1001 τὸ
3506 950 3653 1021 δῶρόν
3668 967 3771 1004 σου.»

594 1051 751 1095 tuum
800 1048 929 1096 a'nte
975 1041 1166 1107 altare,
1213 1050 1266 1096 et
1315 1040 1427 1096 illic
1462 1036 1793 1096 recordatus
1816 1040 2009 1094 Fueris
2046 1040 2176 1109 quia

2285 1043 2436 1113 Αὐτῷ
2467 1044 2499 1113 ἡ
2536 1041 2663 1107 δόξα.
2692 1043 2771 1105 είς
2802 1042 2929 1105 τοὺς
2962 1040 3183 1104 αἰῶνας.
3240 1042 3437 1112 ’Λμήν.

526 1156 527 1159 η
592 1135 761 1189 habet
787 1131 996 1201 aliquid
1038 1132 1332 1186 adversum
1368 1141 1421 1187 te
1459 1133 1631 1188 frater
1697 1143 1845 1195 tuus,
1912 1131 2133 1185 dimitte
2174 1132 2251 1187 ibi
2289 1149 2494 1189 munus
2523 1143 2679 1189 tuum
2704 1145 2831 1188 ante
2874 1133 3068 1199 altare,
3096 1142 3154 1187 et
3182 1133 3321 1186 vade
3352 1134 3502 1202 prius
3526 1142 3580 1186 ut
3603 1136 3775 1189 recenti~

591 1226 746 1280 lieris
796 1224 951 1279 fratri
1013 1232 1132 1288 tuo,
1189 1232 1243 1277 et
1295 1231 1426 1279 tunc
1483 1224 1717 1280 veniens
1780 1224 1919 1278 offer
1976 1239 2180 1278 munus
2221 1232 2373 1279 tuum
2395 1226 2510 1279 ³⁸.»
2572 1225 2746 1281 Deum
2773 1233 3024 1285 nostrum
3056 1224 3288 1280 addecet
3345 1225 3534 1295 gloria,
3569 1227 3774 1281 insaecuh

591 1318 942 1374 surculorum.
975 1315 1170 1372 Amen.

1024 1431 1232 1500 1121
1286 1427 1569 1486 ilOt‘iIlLlA
1613 1428 1749 1487 LXI.

997 1541 1142 1609 Vide,
1176 1542 1268 1595 tibi
1298 1542 1398 1612 ipsi
1432 1551 1488 1594 ut
1512 1540 1782 1594 attendas.

663 1664 823 1718 Nulla
858 1678 968 1718 non
1004 1663 1060 1717 in
1094 1679 1154 1719 re
1204 1673 1469 1720 attentam
1503 1663 1587 1719 sui
1636 1663 1814 1735 ipsius
1849 1679 2041 1736 gerere
2084 1680 2182 1719 cu-

594 1772 734 1821 ram,
787 1772 875 1811 res
917 1754 1141 1826 quidem
1196 1770 1463 1825 perquam
1509 1754 1700 1819 ardua,
1748 1753 1844 1808 sed
1895 1755 2178 1819 salutaris,

2874 1435 3100 1489 ΛΟΓΟΣ
3151 1435 3274 1490 ΞΝ.

2635 1549 2777 1615 Περὶ
2810 1548 2919 1603 τοῦ
2940 1550 3276 1618 προσέχειν
3303 1550 3513 1617 ἐαυτῷ.

2354 1658 2431 1712 Τὸ
2473 1659 2769 1731 προσέχειν
2828 1661 3007 1731 ἑαυτῷ
3066 1664 3126 1715 ὲν
3176 1663 3389 1728 ἅπασι,
3448 1666 3584 1735 μέγα
3621 1672 3779 1741 πρᾶγμᾱ

2284 1753 2401 1807 ἐστι
2430 1753 2526 1806 καὶ
2556 1754 2849 1825 σωτήριον,
2883 1756 2978 1809 καὶ
3008 1755 3129 1826 Θεῷ
3156 1757 3474 1827 εὐάρεστον.
3503 1760 3640 1812 Ἐστι
3661 1761 3777 1815 tua

599 1852 823 1920 Deoque
869 1849 955 1903 vel
1016 1849 1070 1904 in
1119 1846 1313 1919 primis
1369 1853 1612 1916 accepta.
1663 1847 1805 1900 Sane
1862 1844 2180 1900 mandatum

2286 1844 2625 1915 γενικωτάτη
2654 1845 2863 1915 ἐντολή.
2909 1844 2966 1900 '0
2991 1846 3236 1909 τοιοῦτος
3272 1848 3529 1917 ἐκφεύγει
3556 1849 3640 1919 μὲν
3666 1856 3778 1904 πᾶςεν

595 1947 701 2001 hoc
755 1946 809 2000 in
860 1960 1060 2015 genere
1121 1958 1315 1999 omnes
1374 1942 1682 1997 concernit.
1732 1939 1881 1996 Talis
1928 1941 2023 2012 qui
2072 1950 2177 2009 cst,

593 2047 883 2109 peccatum
931 2053 1095 2093 omne
1145 2034 1484 2091 vitabundus
1541 2034 1702 2106 fugit,
1768 2050 1987 2090 omnem
2046 2048 2180 2089 vero

592 2132 880 2196 virtutem,
923 2144 1104 2199 neque
1162 2144 1274 2182 non
1328 2127 1585 2182 mandata
1647 2126 1745 2181 Dei
1794 2126 2030 2197 perficit.
2081 2126 2182 2183 Hic

592 2224 829 2278 aliorum
857 2220 1109 2275 defectus
1136 2218 1442 2290 quamlibet
1472 2215 1841 2272 multiformes
1878 2218 2033 2288 quasi
2067 2233 2179 2273 non

592 2316 796 2380 rideat,
830 2312 1122 2382 neglectim
1170 2311 1495 2367 transmittit
1531 2328 1543 2363 :
1578 2309 1784 2380 quippe
1816 2310 1909 2379 qui
1944 2309 2180 2364 aliorum

591 2421 846 2471 securus,
893 2394 978 2460 sui
1023 2412 1237 2460 tantum
1279 2402 1455 2473 ipsius
1503 2409 1769 2455 attentam
1821 2415 2010 2471 curam
2040 2398 2176 2467 obit,

592 2506 833 2552 mentem
888 2494 1101 2549 habens
1131 2510 1236 2565 per
1268 2493 1374 2547 hoc
1403 2491 1468 2547 ad
1506 2492 1678 2547 Deum
1720 2492 2071 2548 uniformiter
2094 2507 2182 2546 ar-

591 2603 822 2649 rectam.
872 2592 1022 2647 Talis
1077 2590 1186 2646 sibi
1239 2598 1509 2660 temperat
1554 2604 1726 2658 seque
1773 2588 2062 2645 remolitur
2108 2586 2179 2642 ab

592 2686 870 2741 universis
913 2694 1267 2739 terrenarum
1294 2698 1482 2737 rerum
1512 2683 1770 2754 negotiis,
1814 2697 1993 2752 eoque
2028 2696 2183 2736 men-

576 2786 705 2833 ‘tem
752 2775 1067 2831 sublimiter
1124 2774 1328 2829 attollit
1384 2772 1452 2828 ad
1510 2773 1758 2829 ccelestia
1819 2784 1875 2828 et
1911 2782 2181 2828 aeternum

591 2869 882 2923 duratura.
911 2864 1233 2921 Conventus
1274 2864 1365 2919 hic
1398 2872 1607 2930 noster,
1640 2864 1860 2931 fratres,
1917 2879 2182 2934 perquam

592 2958 851 3015 assimilis
897 2957 1122 3012 videtur
1179 2955 1467 3010 arundinis.
1506 2954 1612 3021 Qui
1673 2954 1943 3025 negotiari
2004 2954 2179 3022 novit,

591 3062 704 3103 non
739 3045 1020 3101 mediocre
1074 3046 1219 3113 capit
1244 3060 1309 3097 ex
1360 3042 1760 3098 nundinationc
1791 3043 2010 3098 lucrum
2040 3061 2053 3096 :
2088 3043 2179 3113 qui

593 3137 730 3193 artis
761 3136 1104 3190 mercatoria:
1134 3133 1288 3188 rudis
1314 3141 1421 3200 est,
1464 3133 1605 3188 adeo
1648 3133 2007 3189 nihihrefert
2032 3149 2183 3189 com-

2282 1933 2581 2006 ἁμαρτίαν,
2618 1938 2800 1990 πᾶσαν
2825 1936 2881 1990 δὲ
2906 1937 3109 2009 ἀρετὴν
3137 1937 3231 1991 καὶ
3256 1938 3478 2010 ἐντολὴν
3503 1939 3622 1993 Θεοῦ
3652 1960 3778 2015 κατερ-

2282 2024 2533 2095 γάζεται·
2566 2030 2594 2081 6
2624 2027 2864 2094 τοιοῦτος
2901 2029 2969 2084 τά
3002 2030 3113 2084 τῶν
3138 2030 3316 2085 ἄλλων
3344 2034 3664 2104 ὁμοιάμορφα
3685 2038 3776 2088 ila:-

2280 2118 2511 2189 τὼματα
2542 2122 2780 2193 παρορᾷ,
2825 2121 2920 2176 καὶ
2953 2122 3024 2176 τά
3058 2108 3267 2176 ’ἑαυτοῦ
3305 2128 3576 2197 μεριμνᾷ,
3608 2128 3774 2198 peritp-

2282 2224 2382 2261 πον
2427 2207 2519 2262 τὸν
2548 2208 2674 2262 νοῦν
2705 2210 2844 2282 πρὸς
2872 2210 3006 2265 Θεὸν
3050 2214 3415 2284 κεκτημένος·
3450 2216 3479 2268 6
3508 2215 3767 2279 τοιοῦτπω-

2284 2298 2493 2354 στέλλει
2529 2300 2721 2371 ἑαυτὸν
2766 2302 2876 2355 ἀπὸ
2922 2301 3063 2357 ὅλων
3112 2302 3223 2356 τῶν
3258 2305 3467 2375 γηΐνων
3498 2307 3753 2377 upupam,

2281 2389 2375 2442 καὶ
2425 2390 2720 2461 μετάρσιος
2762 2391 2974 2460 γίνεται
3007 2391 3145 2463 πρὸς
3177 2393 3247 2446 τὰ
3288 2394 3522 2463 οὐράνια
3574 2396 3765 2448 militia.

2281 2481 2595 2554 Πανηγύρει
2616 2483 2724 2555 γὰρ
2740 2483 2886 2537 ἔοικε
2918 2486 3070 2539 πᾶσα
3100 2483 3397 2555 σύμϐασις·
3425 2487 3454 2540 6
3490 2486 3635 2550 είδὲις
3662 2504 3771 2555 τριτ-

2283 2574 2679 2645 ματεύσασθαι,
2724 2576 2999 2647 κερδαίνει
3076 2575 3278 2630 πολλά·
3313 2580 3342 2631 6
3370 2578 3427 2631 δὲ
3461 2581 3533 2649 μὴ
3563 2580 3705 2641 εἰδὼς,
3726 2579 3779 2646 ζη-

2285 2665 2413 2737 μίας
2445 2667 2731 2738 ὑποφέρει.
2776 2666 3037 2737 Μεγάλης
3087 2666 3181 2722 οὖν
3223 2670 3322 2721 καὶ
3370 2668 3638 2739 θεοφιλοῦς
3667 2667 3780 2737 ψυχῆς

2283 2759 2398 2812 ἐστι
2430 2759 2491 2812 τὸ
2521 2759 2808 2830 προσέχειν
2834 2761 2921 2814 ἀεὶ
2945 2761 3204 2831 ἀσφαλῶς
3235 2762 3440 2835 ἐαυτῷ.
3486 2765 3541 2818 Ὀ
3563 2764 3655 2834 γὰρ
3670 2761 3782 2815 19:05-

2283 2867 2373 2915 τος
2404 2849 2473 2904 τὰ
2502 2850 2750 2922 παρόντα
2783 2852 3017 2923 ἀνόνητα
3057 2852 3438 2927 λογιζόμενος,
3465 2857 3531 2909 τά
3556 2856 3609 2910 δὲ
3637 2855 3782 2926 μέλλον

2283 2960 2352 2997 τα
2399 2943 2668 3012 ἀνέφικτα
2722 2944 2817 2997 καὶ
2862 2946 3229 3016 ἀκατάληπτα
3261 2948 3599 3020 καραδοκῶν,
3621 2950 3787 3000 καὶέπ-

2285 3033 2493 3104 θυμῶν,
2539 3036 2641 3108 τὴν
2687 3037 2904 3091 εὐθεῖαν
2943 3038 3328 3110 δδδνλβαδίζει,
3364 3043 3459 3096 καὶ
3500 3043 3573 3103 εἰς
3594 3041 3669 3093 τὸν
3686 3040 3787 3110 ἀβί-

2290 3141 2494 3194 μαστον
2514 3125 2707 3197 λιμένα
2734 3127 2828 3181 τοῦ
2855 3129 3095 3200 Χριστοῦ
3118 3133 3392 3204 καταντᾷ.
3422 3133 3539 3204 Χρὴ
3567 3127 3646 3185 οὖν
3665 3147 3781 3200 apos-

593 3228 803 3301 pendii,
842 3238 903 3282 ut
930 3226 1233 3298 plurimum
1256 3226 1420 3281 etiam
1446 3224 1721 3296 dispendii
1744 3226 2037 3281 sustineat.
2070 3223 2179 3280 Gc-

2285 3216 2431 3287 ἐχειν
2481 3195 2725 3291 ἀκριϐῶς
2754 3219 2822 3275 τὰ
2854 3195 3208 3295 σύμφέροντα
3244 3195 3359 3277 καί.
3385 3195 3786 3295 μὴ’συμφέροντι

592 3337 805 3376 nerosm
833 3333 1061 3391 prorsus
1095 3334 1159 3373 ac
1194 3319 1366 3372 Deum
1401 3316 1693 3373 sinceriter
1719 3317 1955 3372 amantis
1985 3317 2182 3372 anima:

594 3424 696 3480 est,
730 3415 835 3469 sibi
866 3412 971 3484 ipsi
998 3428 1191 3483 magna
1226 3428 1350 3467 cum
1403 3412 1658 3467 cautione
1690 3410 2000 3466 attendere.
2034 3411 2183 3467 Talis

593 3507 883 3579 pnesentia
919 3506 1033 3560 haec
1077 3521 1203 3559 cum
1253 3505 1526 3561 inamoena
1576 3505 1804 3574 deputet
1857 3515 2021 3574 atque
2052 3503 2180 3558 inu-

594 3597 735 3657 tilia,
768 3596 953 3649 futura
977 3609 1110 3648 vero
1160 3594 1554 3648 inenarrabilia
1581 3593 1770 3648 credat
1793 3602 1847 3647 et
1872 3609 1996 3665 quae
2025 3608 2187 3648 com-.

522 3687 533 3704 ‘
597 3685 865 3755 prehendi
900 3701 1010 3739 non
1066 3693 1292 3753 queant,
1337 3700 1405 3739 ca
1450 3692 1630 3738 tamen
1684 3684 2032 3755 prwstolatur
2086 3700 2181 3754 Spe

595 3779 733 3833 nihil
792 3778 981 3842 dubia,
1027 3777 1444 3848 cupientissime
1476 3792 1555 3831 .eo
1596 3776 1816 3831 interim
1872 3777 2178 3847 suspirans,

595 3879 745 3925 recta
787 3869 1094 3940 ingreditur
1122 3868 1232 3935 via,
1267 3868 1445 3923 donec
1468 3871 1535 3924 ad
1580 3868 2091 3939 tranquillissimum
2126 3879 2182 3924 et

594 3963 665 4017 ab
684 3963 834 4017 omni
867 3962 1237 4033 procellarum
1286 3961 1613 4032 intemperie
1645 3962 1959 4031 requietum
1985 3961 2182 4016 obvius

595 4055 836 4125 appellat
860 4053 1068 4110 Christi
1107 4063 1348 4124 portum.
1377 4052 1569 4123 Opera:
1600 4052 1769 4124 igitur
1809 4054 2049 4129 pretium
2075 4063 2179 4120 est,

595 4142 838 4213 quisque,
869 4151 928 4197 ut
955 4143 1205 4197 attendat
1229 4157 1293 4196 ac
1329 4142 1627 4213 diligenter
1649 4142 1919 4213 exploret,
1963 4159 2087 4213 qua:
2115 4159 2180 4198 co

595 4234 1065 4291 contendentibus
1103 4232 1444 4287 conducunt.
1492 4233 1610 4288 Duo
1652 4234 1802 4289 enim
1839 4234 2018 4305 angeli
2067 4233 2179 4288 dati

598 4336 730 4384 sunt
745 4327 958 4382 homini
982 4341 1319 4382 assessores:
1339 4341 1481 4381 unus
1501 4326 1970 4398 quidemjustitize
1996 4343 2182 4381 aman-

600 4417 868 4481 tissimus,
900 4415 1040 4470 alter
1076 4431 1209 4470 vero
1253 4414 1475 4469 malitia:
1501 4416 1690 4471 omnis
1729 4415 1980 4471 incentor
2023 4416 2181 4470 mali-

519 4495 524 4501 ’
598 4505 916 4577 gnissimus.
954 4505 1022 4560 Et
1042 4505 1268 4575 quidem
1294 4506 1521 4587 justitiac
1554 4505 1801 4577 angelus,
1833 4507 2182 4562 verecundia:

598 4606 763 4668 atque
813 4598 1122 4652 intemerati
1152 4597 1381 4669 pudoris
1415 4598 1888 4668 cupientissimus,
1920 4615 2177 4654 mansue-

601 4697 690 4742 tus
724 4688 950 4759 insuper
982 4696 1067 4743 est
1109 4698 1166 4743 et
1201 4686 1549 4757 tranquillus.
1580 4687 1683 4743 llic
1712 4687 1804 4743 ubi
1838 4689 2074 4758 primum
2110 4688 2178 4744 ad

598 4796 696 4835 cor
748 4780 991 4857 homini;
1022 4780 1357 4843 ascenderit,
1400 4795 1524 4834 cum
1579 4796 1647 4834 eo
1697 4796 1821 4835 mox
1868 4796 2179 4836 sermonem

600 4873 738 4928 texit
792 4873 1136 4927 familiariter
1175 4873 1242 4928 de
1276 4873 1509 4944 iustitia,
1543 4873 1611 4928 de
1637 4873 1908 4939 mundi-tia
1930 4884 1986 4927 et
2013 4873 2180 4928 casti-

598 4971 730 5028 tate,
762 4962 832 5018 de
868 4964 1143 5034 probitate
1174 4980 1411 5030 morum,
1461 4964 1530 5019 de
1557 4963 1866 5035 frugalitate
1914 4965 2029 5020 sive
2058 4981 2182 5035 paro

598 5053 838 5109 cimonia
874 5056 1071 5120 victus,
1132 5054 1200 5109 de
1247 5054 1569 5125 operatione
1614 5071 1738 5125 qua:
1776 5056 1922 5124 justa
1953 5056 2044 5121 sit,
2088 5057 2187 5111 de-

600 5139 771 5210 nique
795 5141 864 5197 de
891 5144 1099 5197 virtute
1122 5143 1273 5197 omni
1301 5143 1492 5214 glorias
1526 5143 1767 5216 ccclestis
1793 5143 2186 5198 conciliatrice.

602 5231 779 5288 Simul
810 5242 975 5304 atque
1008 5234 1128 5289 haec
1158 5243 1357 5290 cuncta
1394 5233 1461 5289 ad
1506 5249 1604 5288 cor
1643 5234 1887 5289 hominis
1919 5234 2184 5289 ascende-

601 5329 735 5392 rint,
770 5327 1062 5396 perspicue
1094 5328 1331 5382 sentitur
1373 5328 1663 5397 przesentia
1714 5326 1890 5399 angeli
1933 5326 2183 5398 justitiaz.

600 5416 825 5483 Contra,
859 5417 1037 5489 angeli
1083 5418 1307 5473 malitiae
1337 5418 1645 5472 administri
1672 5433 1839 5487 Opera
1873 5418 1990 5472 haec
2021 5425 2182 5472 sunt:

604 5507 856 5566 Primum
905 5509 1153 5563 omnium
1221 5510 1508 5564 acerrima:
1558 5519 1645 5565 est
1693 5509 1840 5574 bilis,
1889 5520 1944 5562 et
1978 5508 2043 5562 ad
2080 5509 2187 5563 ira-

604 5601 863 5656 cundiam
888 5601 1194 5673 propendct
1218 5611 1386 5667 totus,
1419 5603 1795 5657 amarulentus
1823 5616 1887 5656 ac
1916 5601 2181 5656 stolidus:

604 5693 774 5762 hujus
805 5692 1042 5763 maligna
1070 5707 1236 5763 opera
1272 5692 1727 5762 tranquillitatem
1766 5706 2054 5747 servorum
2085 5691 2181 5746 Dei

596 5912 601 5915 _
670 5849 721 5888 9‘
752 5850 909 5906 Rom.
944 5865 1052 5917 xw,
1092 5850 1176 5904 15,
1253 5849 1296 5882 ⁹⁷
1324 5847 1511 5903 Matth.
1542 5864 1596 5914 ν,
1629 5847 1718 5902 29..
1796 5850 1841 5879 ’ν’
1881 5846 2018 5901 ibid.
2054 5848 2141 5915 23,
2176 5849 2266 5903 2-4.

2284 3307 2389 3361 Δύο
2433 3310 2543 3381 γάρ
2573 3312 2711 3364 εἰσιν
2739 3311 2966 3381 ἄγγελοι
3004 3315 3143 3383 μετά
3173 3315 3271 3369 τοῦ
3309 3315 3612 3388 ἀνθρώπου,
3644 3311 3706 3379 εἷς
3726 3314 3788 3382 τῆς

2282 3400 2653 3474 δικαιοσύνης.
2683 3397 2765 3468 εἷς
2797 3402 2901 3475 τῆς
2938 3407 3228 3479 πονηρίας.
3288 3410 3401 3463 Καὶ
3435 3411 3463 3463 6
3504 3409 3594 3479 μὲν
3629 3409 3708 3479 τῆς
3743 3406 3789 3458 δι·

2285 3493 2578 3566 καιοσύνης
2609 3494 2839 3564 ἄγγελος
2869 3497 3236 3569 αἱσχυντηρὸς
3268 3500 3366 3554 καὶ
3391 3499 3566 3571 πραῢς
3609 3501 3687 3552 καὶ
3706 3495 3788 3567 ﬁni.

2283 3586 2398 3656 χιός
2420 3588 2591 3642 ἐστιν.
2624 3587 2793 3641 Ὅταν
2823 3584 2916 3642 οὖν
2949 3583 3107 3655 οὗτος
3137 3591 3231 3645 ἐπὶ
3268 3592 3372 3664 τὴν
3402 3594 3617 3664 »καρδίαν
3637 3591 3714 3647 τοῦ
3736 3593 3786 3645 ἁν-

2285 3678 2508 3750 θρὼπου
2542 3678 2740 3751 ἀναϐῇ.
2772 3681 2972 3746 εὐθέως
2994 3682 3149 3737 λαλεῖ
3170 3683 3289 3754 μετ’
3314 3684 3482 3739 αὐτοῦ
3512 3686 3626 3756 περὶ
3653 3687 3789 3738 δικαιε-

2286 3770 2474 3838 σύνης,
2509 3772 2637 3843 περὶ
2677 3773 2920 3841 ἁγνείας,
2961 3776 3091 3847 περὶ
3121 3779 3478 3850 σεμνότητος,
3512 3780 3625 3850 περὶ
3647 3779 3786 3847 αὐταρ-

2283 3865 2457 3928 κείας,
2495 3866 2624 3935 περὶ
2667 3867 2868 3931 παντὸς
2901 3868 3068 3939 ἔργου
3104 3869 3342 3937 δικαίου,
3376 3874 3504 3945 περὶ
3531 3873 3693 3940 πάσης
3708 3872 3788 3938 ἀρε·

2282 3953 2381 4024 τῆς
2410 3954 2651 4020 εῦδόξου.
2683 3955 2852 4009 Ὀταν
2886 3954 2979 4012 οῦν
3018 3958 3192 4012 ταῦτα
3228 3961 3413 4016 πάντα
3458 3962 3550 4015 ἐπὶ
3584 3961 3669 4031 τὴν
3704 3972 3788 4026 καρε

2282 4042 2399 4097 δίαν
2460 4044 2555 4099 τοῦ
2601 4045 2892 4116 ἀνθρώπου
2943 4050 3141 4121 ἀναϐῇ,
3198 4051 3456 4123 ἀρίδηλον
3513 4053 3646 4104 ἐστιν
3689 4045 3789 4101 ὅτιό

2282 4139 2511 4206 ἄγγελος
2550 4138 2650 4208 τῆς
2693 4138 3045 4212 δικαιοσύνης
3093 4141 3212 4212 μετ’
3248 4143 3418 4198 αὐτοῦ
3465 4146 3620 4197 ἐστιν.
3647 4139 3726 4192 Τοῦ
3753 4134 3787 4186 δὲ

2282 4228 2515 4311 ἀγγέλου
2540 4229 2640 4300 τῆς
2669 4231 2938 4301 πονηρίας
2964 4234 3032 4288 τὰ
3065 4232 3223 4302 ἔργα·
3261 4235 3479 4305 πρῶτον
3503 4234 3693 4287 πάντων
3712 4225 3789 4292 ὀξῶ

2283 4320 2435 4389 χολός
2460 4321 2597 4384 ἐστι,
2618 4322 2713 4373 καὶ
2740 4324 2958 4393 πικρὸς,
2982 4324 3077 4377 καὶ
3103 4323 3175 4393 ἀφ
3184 4342 3315 4396 ρων,
3340 4326 3437 4380 καὶ
3458 4325 3522 4380 τὰ
3542 4324 3660 4396 ἔργα
3678 4315 3785 4372 αὐτοῦ

2284 4411 2520 4482 πονηρὰ,
2542 4414 2991 4484 καταστρέφοντα
3014 4417 3138 4480 τοὺς
3158 4417 3380 4482 δούλους
3406 4417 3497 4472 τοῦ
3519 4414 3658 4470 Θεοῦ.
3675 4413 3784 4464 Ὅταν

2284 4500 2378 4557 οὖν
2414 4497 2570 4569 οὗτος
2599 4505 2692 4558 ἐπὶ
2722 4507 2951 4575 καρδίαν
2985 4507 3167 4578 ἀνθρώ
3180 4527 3278 4562 που
3325 4510 3520 4581 ἀναϐῇ.
3548 4509 3619 4562 δεῖ
3649 4505 3783 4572 γνῶναι

2290 4594 2451 4649 αὐτὸν
2484 4596 2592 4649 ἀπὸ
2632 4596 2740 4649 τῶν
2779 4597 2956 4666 ἔργων
2993 4599 3182 4653 αὑτοῦ·
3211 4601 3341 4655 ὅταν
3372 4600 3479 4670 γὰρ
3512 4592 3782 4668 (lia/plin

2288 4704 2397 4739 τινι
2430 4686 2727 4761 προσέλθῃ,
2758 4690 2789 4760 ἢ
2822 4690 3038 4761 πικρία,
3079 4693 3333 4762 φανερῶς
3373 4695 3401 4747 ὁ
3434 4690 3659 4750 ’τοιοῦτος
3680 4691 3720 4738 ἑν
3738 4682 3780 4747 τῷ

2289 4776 2562 4850 ἀνθρώπῳ
2585 4779 2752 4833 ἐστίν·
2795 4775 2914 4834 εἶτα
2943 4782 3208 4852 ἐπιθυμία
3240 4784 3491 4855 πράξεων
3515 4779 3706 4837 πολλῶν,
3726 4772 3778 4826 καὶ

2292 4869 2615 4925 πολυτέλεια
2670 4872 2984 4942 ἐδεσμάτων
3018 4872 3254 4938 πολλῶν,
3307 4877 3401 4928 καὶ
3451 4871 3684 4926 ποικίλων
3703 4881 3774 4933 τρυ·

2291 4963 2429 5034 φῶν,
2492 4964 2584 5016 καὶ
2642 4964 2909 5035 ἐπιθυμία
2966 4967 3247 5034 γυναικῶν
3282 4968 3376 5021 καὶ
3404 4952 3770 5028 ι·ιλεονείξιιῖ›ν,ιιιΞ

2290 5054 2671 5126 ύπερηφανεία
2694 5058 2791 5109 καὶ
2815 5056 3129 5123 ἀλαζονεία,
3163 5059 3259 5113 καὶ
3274 5059 3373 5113 ὅσα
3392 5057 3589 5116 τούτοις
3606 5050 3703 5106 ἐστὶ
3718 5058 3774 5096 π’

2292 5146 2568 5217 ραπλήσια
2631 5150 2727 5201 καὶ
2775 5150 2956 5218 ὅμοια.
3005 5149 3169 5203 Ἀλλά
3221 5151 3314 5204 καὶ
3352 5153 3405 5203 αἱ
3440 5145 3651 5218 πονηραὶ
3684 5135 3781 5191 ἐνθν·

2293 5237 2488 5307 μήσεις
2526 5237 2692 5291 αὐτοῦ
2733 5240 2869 5292 εἰσιν
2901 5240 3095 5295 πᾶσαι.
3141 5241 3471 5311 Πρόσχωμεν
3492 5233 3577 5290 οὖν
3603 5223 3778 5300 ἀκρεὸὧς

2291 5329 2524 5394 ἑαυτοῖς,
2562 5330 2656 5383 καὶ
2705 5329 2784 5401 τῷ
2829 5332 3048 5402 ἀγγέλῳ
3077 5330 3154 5402 τῷ
3184 5332 3406 5404 πονηρῷ
3439 5317 3775 5391 ἀποταξώμεθαν

2291 5419 2368 5491 τῷ
2399 5422 2616 5494 ἀγγέλῳ
2654 5423 2754 5493 τῆς
2784 5423 3134 5493 δικαιοσύνης
3161 5425 3609 5493 ἀκολουθήσωμεν.
3639 5406 3776 5467 Καθὼς

2292 5513 2385 5567 καὶ
2412 5514 2440 5566 ὁ
2473 5514 2637 5583 νόμος
2665 5514 3127 5585 παρακελεύεται,
3153 5516 3345 5585 λέγων,
3382 5536 3398 5566 ι
3437 5512 3643 5584 Πρόσεχε
3668 5512 3777 5555 σίων

2290 5604 2388 5674 τῷ,
2420 5607 2514 5659 καὶ
2547 5606 2783 5674 φύλαξον
2810 5608 2909 5678 τὴν
2935 5607 3114 5677 ψυχήν
3145 5623 3240 5659 σου
3267 5607 3463 5677 σφόδρά
3482 5621 3494 5634 .
3522 5600 3587 5673 μὴ
3605 5588 3776 5678 ἑπιλᾲθὲ

2291 5693 2498 5763 Κυρίου
2536 5694 2631 5747 τοῦ
2655 5695 2789 5749 Θεοῦ
2820 5676 2915 5749 σου
2934 5676 2957 5726 ’ν
2982 5676 3197 5765 καὶ,μὴ
3224 5676 3592 5765 ἀποστήτωσαν
3608 5683 3649 5738 oi
3670 5676 3770 5743 λόΐα
