3944 6422
176 374 320 443 ῙΕΠ

1060 387 1386 451 HDMILIA
1428 386 1579 449 L‘Xl.
1611 414 1675 422 -
1717 388 1867 448 SIBI
1913 386 2057 448 lPSI
2100 384 2578 448 ATTENDERE.

3294 382 3430 445 1618

173 494 348 549 αὐτοῦ
379 496 490 548 ἀπὸ
518 497 616 568 τῆς
666 500 915 571 καρδίας»
936 519 1032 556 σου
1072 505 1252 567 πάσας
1280 505 1378 568 τὰς
1415 503 1628 573 ἡμέρας
1659 504 1757 571 τῆς

1860 503 2229 558 intervertunt
2260 517 2326 556 ac
2368 500 2662 555 subruunt.
2712 497 2881 552 Nosse
2913 495 2956 551 si
3015 496 3183 561 voles,
3215 496 3436 566 quando

175 585 331 657 ζωῆς
358 604 482 640 σου·
519 590 985 665 ἁλλ”άγαπήσεις
1032 597 1237 667 Κύριον
1276 596 1367 650 τδν
1397 595 1531 648 Θεόν
1566 612 1660 648 σου
1698 594 1758 659 ἐξ

171 678 311 750 ὅλης
340 680 443 749 τῆς
462 682 921 753 ’ίσχύος’σου,ντδν
947 689 1012 742 ἐκ
1033 689 1266 758 καμίνου
1300 688 1525 759 σιδηρᾶς
1558 687 1755 754 ἐξαγα-

170 768 348 836 γόντα
378 788 439 825 σε
462 774 527 826 ἐκ
547 777 642 845 τῆς
660 776 905 842 δουλείας
929 780 1039 832 τῶν
1058 779 1372 845 Αἰγυπτίων
1392 796 1406 810 °
1440 801 1457 830 ι
1487 779 1754 841 τουτέστι,

166 859 273 913 τοῦ
303 866 751 938 κοσμοκράτορος
780 868 872 922 τοῦ
904 870 1147 934 σκότους.
1171 870 1448 938 Αἴγυπτος
1479 869 1585 938 γὰρ
1605 871 1754 922 σκό-

170 968 283 1017 τος
305 953 693 1024 ἑρμηνεύεται.
727 978 746 1010 ι
782 960 1025 1030 Πρόσεχε
1056 961 1287 1033 σεαυτῷ,
1331 961 1406 1031 μὴ
1446 959 1639 1029 φαγὼν
1661 961 1757 1013 καὶ

174 1043 514 1113 ἐμπλησθεὶς
561 1050 792 1121 ἐπιλάϐῃ
838 1051 1046 1122 Κυρίου
1091 1052 1185 1106 τοῦ
1229 1052 1365 1106 Θεοῦ
1413 1068 1545 1106 σου*
1593 1070 1611 1102 ι
1662 1051 1757 1104 καὶ

170 1133 544 1209 ἀπολακτίσῃς
586 1137 662 1201 ὥς
705 1156 835 1193 ποτε
875 1140 903 1192 6
950 1141 1310 1212 ἠγαπημένος
1349 1141 1510 1206 λαὸς,
1557 1140 1652 1193 νῦν
1698 1139 1755 1192 δὲ

171 1219 501 1296 θεοστυγὴς.
534 1227 646 1280 Kal
693 1228 952 1300 ἐμϐαλεῖς
1002 1232 1073 1285 τὰ
1119 1233 1342 1303 ῥήματά
1392 1249 1492 1300 μου
1538 1235 1620 1295 εἰς
1657 1231 1756 1302 τὴν

169 1315 410 1384 καρδίαν
434 1334 552 1383 σου,
583 1322 678 1372 καὶ
702 1319 856 1375 ἔσται
887 1323 1158 1377 ἀσάλευτα
1184 1324 1288 1395 πρὸ
1314 1323 1607 1393 ὀφθαλμῶν
1637 1341 1752 1377 σου.

169 1404 418 1478 Πρόσεχε
469 1409 706 1481 σεαυτῷ,
757 1413 967 1483 μήποτε
1035 1415 1346 1489 καταλίπῃς
1386 1415 1478 1468 τὸν
1522 1416 1754 1485 Λευΐτην

169 1498 355 1562 πάσας
392 1499 491 1564 τὰς
518 1502 733 1573 ἡμέρας
764 1504 866 1573 τῆς
896 1505 1043 1575 ζωῆς
1079 1523 1195 1572 σου,
1223 1508 1471 1561 τουτέστι
1499 1510 1625 1569 τοὺς
1658 1508 1754 1560 νῦν

167 1582 524 1656 λειτουργοὺς
554 1589 785 1661 Κυρίου.
819 1593 885 1645 Ol.
914 1593 1026 1664 γὰρ
1068 1595 1235 1664 ἱερεῖς
1266 1597 1381 1649 καὶ“
1400 1595 1624 1650 Λευῖται
1657 1597 1752 1664 ὲγδ

168 1677 388 1747 γυητσιίΔ
404 1678 500 1731 σού
534 1681 693 1735 εἰσιν.
727 1682 892 1735 Αὐτοὶ
923 1682 1030 1754 γάρ
1081 1684 1296 1755 αἴρουσι
1344 1686 1442 1749 τὰς
1479 1688 1753 1758 ἁμαρτίας

166 1765 271 1820 τοῦ
299 1767 428 1821 λαοῦ
449 1788 463 1801 ·
500 1790 521 1823 ι
564 1772 806 1846 Πρόσεχε
841 1776 1076 1849 σεαυτῷ,
1110 1779 1319 1848 μήποτε
1344 1779 1570 1851 γένηται
1600 1782 1754 1851 ῥῆμα

1860 593 1929 647 ad
1949 609 2044 648 cor
2070 591 2309 648 hominis
2329 590 2660 655 ascenderit,
2694 589 2882 659 utique
2904 588 3091 642 licebit
3114 604 3181 642 ex
3204 604 3431 657 operum

1860 683 2142 754 qualitate.
2176 682 2315 738 Cum
2348 683 2496 738 enim
2525 680 2825 737 acrimonia
2872 679 3000 735 bilis
3037 679 3328 734 excitatior
3377 686 3437 732 et

1858 775 1926 828 ad
1950 773 2293 831 iracundiam
2315 773 2618 843 devergens
2638 771 2954 835 accesserit,
2980 778 3075 825 aut
3100 767 3431 826 amaritudo.

1859 861 2215 932 perspicuum
2260 859 2466 926 evadit,
2518 859 2573 913 in
2619 858 2842 914 homine
2870 859 2983 928 jam
3028 872 3170 913 esse.
3219 854 3431 910 Deinde

1858 951 2244 1022 intempestiva
2301 950 2576 1021 cupiditas
2605 949 2994 1020 multiplicium
3027 946 3434 1018 Operationum,

1856 1044 2171 1099 cduliorum
2203 1043 2367 1098 luxus
2400 1041 2699 1113 profusior,
2731 1040 2979 1097 studium
3011 1040 3292 1095 sordentis
3313 1055 3435 1095 cra-

1856 1137 2027 1207 pulae,
2064 1132 2420 1205 ‘voluptatum
2478 1150 2587 1189 non
2624 1122 3004 1189 Auniformium
3065 1132 3434 1197 consectatio,

1858 1227 2307 1297 concupiscentia
2356 1227 2690 1289 mulierum,
2742 1225 3105 1281 immoderata
3163 1223 3438 1294 cupiditas

1855 1318 2091 1389 augendi
2141 1319 2368 1389 peculii,
2424 1318 2706 1388 superbia,
2734 1317 3091 1387 supereiliosa
3119 1325 3176 1372 et
3204 1330 3437 1387 pompa-

1855 1411 1965 1466 lica
1987 1411 2322 1482 arrogantia,
2358 1419 2774 1481 et‘quaecunque
2801 1409 3023 1465 tandem
3049 1408 3169 1465 istis
3197 1406 3437 1464 confinia

1855 1509 1986 1557 sunt
2016 1510 2073 1558 et
2104 1503 2322 1558 similia.
2355 1502 2463 1558 Sed
2494 1509 2551 1556 et
2570 1501 2967 1572 conceptiones
2982 1499 3150 1555 animi
3182 1498 3437 1570 maligna:

1854 1610 2051 1650 omnes
2093 1595 2202 1651 hoc
2252 1595 2540 1650 incentore
2583 1595 2984 1650 accenduntur.
3033 1592 3204 1648 Nobis
3248 1592 3436 1663 itaque

1854 1685 2296 1754 circumspectim
2338 1684 2709 1749 attendamus,
2742 1699 2807 1739 ac
2836 1684 2957 1739 vale
2988 1698 3313 1753 supremum
3352 1682 3436 1737 di-

1855 1792 2045 1833 camus
2078 1777 2168 1832 isti
2205 1778 2285 1832 sic
2322 1777 2575 1848 improbo
2602 1777 2857 1846 spiritui;
2901 1775 3153 1847 angelum
3186 1790 3319 1831 vero
3348 1776 3436 1846 ju—

168 1858 234 1910 ὲν
259 1862 324 1929 τῇ
358 1862 554 1935 καρδίᾳ
583 1882 677 1919 σου
708 1867 952 1938 κρύπτον
979 1869 1257 1941 άνόμημα,
1297 1890 1314 1922 ι
1352 1873 1620 1931 τουτέστι.
1662 1873 1754 1945 Μὴ

1859 1869 2025 1931 stitia:
2094 1867 2446 1924 individuum
2497 1867 2661 1923 nobis
2682 1902 2691 1907 -η
2721 1866 3060 1923 asciscamus
3109 1866 3215 1921 viae
3269 1865 3435 1937 huius

167 1948 492 2019 περιέργοις
536 1953 937 2026 ἐνθυμήμασιν,
993 1959 1111 2013 ἀλλ’
1144 1960 1437 2025 ἀπλάστως
1479 1962 1745 2033 παρόδευε

164 2039 272 2103 τὰς
300 2043 399 2112 τῆς
429 2043 576 2114 ξωῆς
601 2065 695 2102 σου
724 2051 960 2123 ἡμέρας.
1003 2052 1201 2119 Καθὼς
1232 2055 1326 2107 καὶ
1352 2053 1441 2108 διὰ
1481 2056 1745 2127 Ἱερεμίου

167 2129 478 2203 διαγορεύει
500 2137 528 2188 6
560 2137 725 2211 Θεὸς,
764 2141 961 2211 λέγων,
995 2162 1012 2194 ι
1035 2143 1169 2198 ’ἰδοὺ
1199 2144 1408 2199 δέδωκα
1445 2147 1553 2215 πρὸ
1580 2164 1749 2218 προσ-ι

170 2222 327 2291 ὡπου
382 2225 540 2295 ὑμῶν
596 2228 696 2301 τὴν
729 2231 845 2284 ὁδὸν
884 2233 985 2304 τῆς
1015 2234 1161 2303 ζωῆς
1186 2234 1283 2288 καὶ⁵
1318 2235 1697 2301 τοῦ-θανάτου,
1721 2256 1743 2289 ›

166 2313 439 2380 τουτέστι,
470 2317 569 2389 τὴν
594 2320 840 2378 δουλείαν
864 2325 959 2379 καὶ
986 2325 1086 2397 τὴν
1116 2327 1433 2397 ἐλευθερίαν
1451 2344 1466 2361 ·
1501 2347 1535 2381 ι.
1556 2331 1618 2383 Οἱ
1639 2330 1748 2401 γάρ

168 2420 305 2457 ποτε
339 2407 526 2472 σκότος
556 2410 739 2478 ὄντες,
755 2414 851 2468 νῦν
889 2415 946 2471 δὲ
1005 2417 1121 2486 φῶς
1149 2421 1207 2474 ἐν
1248 2420 1458 2491 Κυρίῳ.
1498 2439 1518 2472 ι
1569 2422 1746 2493 Προσ-

171 2494 327 2565 έχετε
378 2500 597 2565 ἑαυτοῖς.
636 2504 901 2574 ἀκριϐῶς,
949 2511 1161 2581 μήποτε
1215 2511 1589 2585 παραρρυἦτε.
1638 2515 1747 2570 Τοῦ

173 2588 285 2660 γὰρ
313 2592 572 2661 φαγόντος
601 2598 692 2651 τὸν
717 2598 942 2669 ὄμφακα
994 2602 1402 2679 αίμοδιάσουσιν
1440 2608 1489 2660 οἱ
1515 2607 1743 2672 ὀδόντεςο

168 2678 397 2747 ἕκαστος
419 2688 485 2756 τῇ
518 2688 764 2760 ἁμαρτία
804 2693 971 2745 αὐτοῦ
1014 2678 1387 2752 ἀποθανεῖται.
1418 2700 1531 2752 Καὶ
1565 2702 1592 2753 6
1620 2700 1748 2753 Ἐκ·-

166 2771 503 2849 κλησιαστής
538 2797 693 2851 φησι,
735 2800 755 2834 ι
790 2785 1043 2855 Τρίὸολοι
1097 2788 1193 2841 καὶ
1239 2790 1468 2854 παγίδες
1511 2793 1569 2844 ὲν
1608 2793 1747 2857 ὁδοῖς

166 2863 435 2931 σκολιαῖς.
479 2869 539 2924 Ὁ
563 2871 619 2925 δὲ
648 2873 937 2942 φυλάσσων
969 2877 1067 2949 τὴν
1094 2879 1288 2933 ἑαυτοῦ
1319 2880 1521 2953 ψυχὴν,
1548 2883 1746 2953 ἀφέξε-

162 2970 260 3048 ται
289 2956 385 3010 ἀπ’
417 2960 619 3018 αὐτῶν.
651 2982 671 3017 ι
710 2967 814 3020 Καὶ
859 2963 1035 3033 αὖθις,
1086 2989 1105 3023 ι
1137 2972 1294 3045 Πάσῃ
1333 2975 1546 3047 φυλακῇ
1588 2977 1747 3048 τήρει

164 3045 272 3114 σὴν
298 3050 550 3121 καρδίαν.
594 3054 691 3110 Ἐκ
742 3058 852 3129 γὰρ
897 3059 1104 3115 τούτων
1153 3061 1322 3130 ἔξοδοι
1367 3045 1542 3135 ζωῆς,
1568 3085 1587 3118 ι
1636 3045 1747 3121 Kal

163 3137 354 3200 πάλιν.
387 3159 407 3194 ι
443 3143 765 3216 Ἑτοίμασον
785 3152 865 3214 είς
894 3150 992 3223 τὴν
1021 3152 1199 3218 ἔξοδον
1227 3155 1294 3210 τὰ
1336 3155 1475 3228 ἔργα
1515 3176 1629 3223 σου,
1654 3160 1746 3213 καὶ

1853 1962 2133 2016 comitem.
2190 1960 2271 2016 lta
2325 1960 2474 2016 enim
2528 1960 2854 2015 adhortatur
2905 1975 3007 2015 nos
3037 1958 3129 2014 lex
3170 1958 3433 2029 :1122

1861 2073 1879 2106 ι
1906 2053 2160 2118 Attende,
2183 2053 2280 2120 ait,
2305 2051 2403 2108 tibi
2424 2052 2525 2123 ipsi
2556 2059 2613 2107 et
2641 2050 2858 2106 custodi
2875 2050 3114 2105 animam
3132 2056 3282 2105 tuam
3315 2048 3434 2103 val-

1853 2146 2039 2213 dc;.ne
2076 2145 2418 2202 obliviscaris
2445 2145 2660 2200 Domini
2702 2143 2800 2199 Dei
2836 2143 2937 2209 tui,
2983 2149 3129 2200 etne
3170 2142 3435 2198 recedant

1853 2253 2138 2295 sermones
2154 2238 2275 2310 ejus
2290 2252 2322 2292 a
2356 2236 2523 2313 corde
2550 2245 2645 2291 tuo
2665 2235 2928 2292 omnibus
2941 2234 3139 2290 diebus
3153 2233 3279 2289 vita:
3304 2243 3431 2297 tum,

1853 2331 1949 2386 sed
1979 2329 2176 2400 diliges
2189 2329 2486 2384 Dominum
2502 2329 2677 2385 Deum
2710 2337 2865 2384 tuum
2880 2342 2948 2382 ex
2970 2333 3085 2382 tota
3107 2314 3432 2381 fortitudﬁie

1854 2431 1968 2488 tua,
1987 2423 2080 2493 qui
2102 2438 2132 2477 e
2156 2421 2380 2477 fornace
2405 2421 2583 2476 ferrea
2603 2420 2797 2477 eduxit
2816 2429 2869 2475 te
2885 2419 2953 2475 de
2976 2418 3245 2476 servitute
3268 2411 3433 2491 Egy-

1852 2512 2096 2582 ptiorum
2114 2512 2160 2544 ⁹⁹
2183 2528 2197 2564 :
2223 2530 2242 2563 ι
2270 2511 2378 2566 hoc
2393 2519 2500 2577 est,
2544 2527 2575 2568 ο
2593 2511 2726 2582 jugo
2764 2509 3036 2581 principis
3078 2509 3432 2565 tenebrarum

1852 2604 2046 2660 mundi
2082 2605 2268 2675 hujus.
2318 2602 2585 2675 Egyptus
2636 2603 2787 2658 enim
2833 2619 2931 2659 sua
2978 2602 3435 2673 interpretatione

1849 2697 2098 2754 insinuat
2129 2697 2403 2753 tenebras.
2443 2715 2462 2748 ι
2498 2695 2732 2751 Attende
2764 2695 2864 2751 tibi
2899 2695 3026 2766 ipsi,
3054 2710 3126 2750 ne
3147 2702 3434 2764 postquam

1852 2789 2163 2846 comederis
2192 2797 2249 2845 et
2276 2799 2559 2846 saturatus
2589 2788 2783 2855 fueris,
2829 2785 3175 2843 obliviscaris
3216 2785 3434 2841 Domini

1853 2881 1951 2936 Dei
1987 2881 2068 2935 tui
2105 2883 2198 2949 ¹,’›
2237 2889 2295 2936 et
2315 2881 2633 2937 recalcitres
2663 2888 2724 2935 ut
2750 2877 3317 2949 aliquandodilectus
3344 2878 3436 2933 ille

1852 2974 2113 3045 populus,
2145 2989 2295 3030 nunc
2321 2973 2650 3030 autemDeo
2678 2966 2904 3027 odibilis
2930 2988 2955 3025 Δε
2991 2970 3088 3027 sed
3118 2971 3288 3026 verba
3317 2971 3436 3041 ejus

1852 3066 2066 3122 inseres
2112 3066 2266 3124 cordi
2289 3075 2415 3132 tuo,
2463 3077 2520 3122 et
2560 3075 2725 3123 erunt
2751 3064 3079 3123 inconcussa
3134 3075 3299 3136 atque
3330 3066 3437 3120 im-

1853 3167 2032 3214 motax
2055 3170 2185 3216 ante
2215 3161 2407 3215 oculos
2437 3167 2579 3215 tuos.
2600 3180 2614 3213 ι
2633 3160 2869 3215 Attende
2916 3160 3016 3216 tibi
3047 3159 3151 3231 ipsi
3177 3174 3247 3214 ne
3277 3158 3438 3214 dere-

162 3235 596 3322 παρασκευάζου
624 3241 705 3304 είς
748 3241 840 3295 τὸν
872 3244 1062 3316 ἀγρόν.
1101 3264 1121 3300 ι
1163 3247 1554 3319 Καὶπορεύου
1611 3268 1745 3305 κατ-

1853 3251 2066 3322 linquas
2097 3253 2339 3309 chitam
2360 3252 2620 3307 omnibus
2643 3252 2842 3308 diebus
2869 3253 2995 3308 vita:
3017 3251 3162 3319 tuaa’,
3178 3249 3308 3308 ιιιοὰ
3327 3260 3434 3315 est,

164 3321 392 3379 όπισθέν
427 3343 550 3398 μου.
578 3330 691 3385 Καὶ
733 3332 1172 3406 ἀνοικοδομήσεις
1200 3337 1292 3392 τὸν
1317 3335 1465 3394 οἶκόν
1510 3357 1607 3394 σου
1649 3343 1743 3397 τὸν

167 3411 257 3466 διὰ
286 3414 385 3485 τῆς
413 3418 781 3490 παραϐάσεως
822 3423 916 3476 τοῦ
956 3425 1132 3496 Ἀδὰμ
1176 3426 1544 3498 σαθρωθέντα,
1574 3431 1633 3486 ὲν
1665 3431 1744 3501 τῷ

83 3575 89 3578 _
166 3501 508 3576 βαπτίσματι
536 3508 595 3563 δὲ
631 3512 1103 3571 ἁνακαινισθέντα.
1140 3518 1253 3573 Καὶ
1294 3522 1322 3573 ό
1349 3519 1647 3585 ἀπόστολος
1685 3520 1744 3576 δὲ

165 3593 401 3662 Παῦλος,
435 3618 454 3651 ι
491 3599 728 3656 Βλέπετε
756 3604 876 3670 πῶς
909 3610 1288 3678 περιπατεῖτε,
1324 3612 1400 3683 μὴ
1422 3611 1499 3677 ὼς
1527 3614 1741 3683 ἄσοφοι,

165 3685 282 3740 ἀλλ’
324 3689 402 3753 ὡς
455 3692 632 3760 σοφοὶ,
660 3693 1114 3769 ἐξαγοραζόμενοι
1173 3701 1267 3756 τὸν
1301 3702 1516 3774 καιρὸν,
1562 3705 1644 3759 ὅτι
1687 3707 1745 3760 αί

167 3775 373 3847 ἡμέραι
387 3782 624 3853 πονηραί
650 3786 778 3840 είσι.
810 3805 830 3840 ι
862 3789 970 3842 Kal
995 3793 1054 3844 ἐν
1074 3793 1193 3856 ταῖς
1222 3792 1484 3864 Πράξεσι,
1517 3814 1537 3847 ι
1560 3796 1749 3867 Προσ-

160 3869 317 3938 ἐχετε
368 3874 584 3941 ἑαυτοῖς
622 3878 719 3932 καὶ
783 3882 948 3936 παντὶ
988 3883 1067 3954 τῷ
1104 3887 1365 3958 ποιμνίῳ,
1402 3888 1461 3941 ὲν
1501 3880 1547 3955 ᾧ
1592 3882 1746 3942 ἔθετο

159 3961 312 4030 ὑμᾶς
334 3963 394 4016 τδ
426 3966 652 4038 Πνεῦμα
671 3969 736 4023 τὸ
765 3971 918 4040 ἆγιον
951 3976 1260 4045 ποιμαίνειν
1286 3977 1384 4047 τὴν
1414 3978 1746 4050 Ἐκκλησίαν

155 4055 260 4109 τοῦ
302 4056 494 4112 Θεοῦ.»
536 4061 647 4115 Καὶ
692 4065 721 4115 ὀ
748 4064 1073 4136 Ἰωάννης,‹
1116 4068 1335 4133 Παιδία,
1369 4069 1572 4142 ἐσχάτη
1626 4070 1748 4143 ὥρα

155 4147 281 4201 ὲστί
299 4165 314 4183 ο
343 4152 435 4204 καὶ
464 4153 648 4218 καθὼς
673 4155 944 4225 ἠκούσατε
977 4160 1106 4230 περὶ
1135 4161 1232 4213 τοῦ
1267 4161 1635 4235 Ἀντιχρίστου
1664 4165 1747 4218 ὅτι

156 4237 428 4309 ἔρχεται,
487 4244 581 4297 καὶ
647 4245 741 4300 νῦν
794 4248 1131 4320 ἀντίχριστοι
1187 4253 1376 4306 πολλοὶ
1432 4254 1745 4325 γεγόνασιν.

156 4330 329 4384 ’Ὀθεν
366 4333 711 4406 γινώσκομεν
762 4340 845 4393 ὅτι
905 4343 1107 4413 ὲσχάτη
1158 4344 1278 4416 ὥρα
1330 4347 1469 4401 ὲστί.
1502 4365 1521 4398 ι
1576 4348 1686 4401 Kal
1719 4348 1749 4401 6

155 4421 403 4492 Κύριος,
462 4445 481 4478 ι
519 4429 823 4501 Προσέχετε
874 4433 1087 4498 ἑαυτοῖς
1130 4436 1240 4490 ἀπὸ
1279 4437 1391 4490 τῶν
1442 4438 1748 4511 ψευδοπρο-

152 4513 370 4584 φητῶν,
445 4518 642 4585 οἵτινες
685 4515 937 4593 ἔρχονται
991 4526 1128 4596 πρὸς
1172 4528 1320 4599 ὑμᾶς
1372 4531 1432 4583 ἐν
1476 4530 1742 4602 ἐνδύμασι

153 4608 472 4676 προϐάτων,
506 4612 708 4669 ἔσωθεν
740 4617 798 4669 δέ
828 4617 933 4669 είσι
973 4618 1126 4673 λύκοι
1169 4620 1418 4692 ἅρπαγες
1439 4640 1452 4654 ·
1487 4623 1596 4677 ἀπὸ
1632 4624 1740 4679 τῶν

151 4698 388 4769 καρπῶν
427 4704 610 4758 αὐτῶν
656 4708 933 4776 γνώσεσθε
978 4712 1198 4777 αὐτούς.
1233 4733 1253 4766 ι
1321 4713 1482 4784 Αὐτῷ
1532 4716 1565 4788 ἡ
1611 4715 1739 4782 δόξα

151 4787 234 4859 τῷ
260 4791 627 4868 φιλανθρώπῳ
663 4800 783 4873 Θεῷ
814 4803 893 4865 εἰς
925 4805 1050 4866 τοὺς
1079 4805 1303 4868 αἰῶνας.
1346 4807 1540 4879 ’Δμήν.

1845 3343 2135 3399 ministros
2175 3345 2393 3399 Domini
2429 3362 2442 3399 :
2481 3345 2803 3401 sacerdotes
2835 3344 2988 3400 enim
3019 3343 3223 3399 Levitaa
3245 3344 3440 3399 etiam-

1843 3452 1977 3492 num
2041 3444 2213 3502 sunt;
2280 3437 2385 3508 ipsi
2445 3438 2595 3493 enim
2652 3444 2878 3508 portant
2930 3424 3159 3507 peccata
3217 3438 3432 3509 populi.

1906 3508 2147 3583 Attende
2186 3527 2285 3582 tibi
2316 3527 2418 3597 ipsi
2451 3543 2522 3583 ne
2568 3527 2709 3583 forte
2748 3527 2843 3583 ﬁat
2885 3528 2943 3583 in
2992 3527 3162 3583 corde
3193 3508 3291 3582 tuo
3316 3543 3435 3583 ver-

1846 3618 1977 3673 bum
2023 3659 2038 3682 ,
2104 3617 2254 3689 quod
2277 3618 2522 3674 occultet
2549 3617 2833 3689 quidpiam
2867 3617 3083 3691 ﬂagitii,
3114 3617 3220 3672 hoc
3243 3626 3348 3682 est,
3368 3634 3436 3673 ne

1846 3710 2066 3767 curiose
2086 3718 2143 3766 et
2162 3726 2572 3778 supervacanee
2589 3710 2845 3767 confictis
2861 3710 3200 3783 argumentis
3218 3710 3314 3766 tibi
3332 3712 3435 3781 ipsi

1846 3802 2174 3868 blandiaris,
2196 3803 2370 3874 magis
2391 3812 2576 3860 autem
2602 3803 2724 3861 dies
2746 3804 3108 3863 transmittito
3127 3803 3257 3859 vitae
3276 3803 3437 3859 istius

1848 3901 1958 3950 tuac
2013 3894 2151 3949 citra
2210 3895 2378 3950 ullius
2434 3895 2810 3951 simulationis
2862 3895 3051 3951 fucum
3105 3914 3119 3952 :
3189 3910 3292 3951 ceu
3337 3911 3437 3965 per

1846 3984 2141 4039 Jeremiam
2172 3984 2331 4054 jubet
2360 3985 2627 4041 Dominus
2655 4003 2668 4039 :
2697 4005 2716 4037 ι
2747 3985 2889 4042 Ecce
2922 3985 3049 4040 dedi
3081 3993 3209 4041 ante
3239 3985 3434 4041 faciem

1846 4085 2087 4132 vestram
2136 4077 2282 4132 viam
2343 4077 2472 4134 vita:
2524 4086 2581 4135 et
2622 4078 2769 4134 viam
2816 4078 3015 4134 mortis
3047 4079 3068 4111 ³
3102 4097 3116 4133 :
3152 4099 3171 4132 ι
3222 4079 3329 4134 hoc
3353 4088 3438 4133 est

1848 4169 2175 4223 servitutem
2223 4176 2280 4223 et
2325 4168 2665 4225 libertatem.
2696 4187 2717 4221 ι
2778 4169 2886 4237 Qui
2936 4169 3085 4224 enim
3138 4169 3436 4240 aliquando

1848 4276 2070 4317 eramus
2101 4263 2363 4328 tenebrae,
2407 4278 2556 4318 nunc
2599 4270 2785 4318 autem
2843 4263 2939 4317 lux
2975 4262 3032 4317 in
3074 4262 3309 4318 Domino
3337 4261 3379 4316 ⁸.
3411 4283 3429 4313 ι

1848 4350 2088 4407 Attende
2139 4351 2208 4407 iis
2242 4368 2366 4422 qua:
2413 4360 2546 4407 sunt
2584 4352 2637 4407 in
2671 4352 2925 4418 Domino,
2959 4352 3257 4423 nequando
3295 4369 3437 4423 prae-

1851 4442 2131 4507 tcrﬂuant,
2162 4443 2475 4499 comedenti
2498 4444 2646 4500 enim
2669 4460 2832 4499 uvam
2859 4445 3116 4500 acerbam
3136 4445 3432 4515 obstupes-

1852 4544 2007 4589 cunt.
2033 4534 2246 4590 dentes.
2305 4534 2697 4606 Unusquisque
2746 4544 2976 4606 peccato
3006 4553 3109 4592 suo
3138 4537 3429 4592 morietur.

1846 4625 2207 4681 Ecclesiastes
2229 4627 2306 4681 ait
2332 4645 2346 4681 :
2381 4647 2399 4680 ι
2435 4628 2649 4683 Tribuli
2673 4629 2938 4699 et-laquei
2958 4631 3017 4684 in
3036 4629 3144 4686 viis
3166 4630 3429 4701 obliquis.

1846 4718 1941 4787 qui
1972 4722 2158 4772 alitem
2187 4719 2430 4774 custodit
2462 4720 2704 4774 animam
2734 4735 2891 4775 suam
2919 4720 3148 4793 etfugiet
3166 4737 3231 4777 ea
3252 4723 3295 4776 ⁸.
3330 4741 3434 4771 ι·-

1855 4826 1872 4859 ι
1895 4807 2055 4864 Omni
2081 4809 2329 4865 custodia
2356 4826 2515 4867 serva
2542 4827 2640 4867 cor
2665 4821 2843 4879 tuum,
2869 4827 2937 4868 ex
2966 4828 3035 4868 eo
3072 4812 3219 4869 enim
3250 4813 3434 4868 exitus

152 4881 284 4937 Vitae
406 4906 424 4937 ι
458 4888 664 4945 lterum
698 4910 714 4946 :
752 4912 769 4945 ι
798 4896 1048 4966 Przepara
1103 4898 1171 4952 ad
1225 4900 1434 4955 exitum
1474 4916 1640 4973 opera
1696 4910 1809 4968 tua,
1846 4912 1903 4957 et
1936 4917 2249 4973 praeparare
2281 4905 2336 4960 in
2369 4922 2562 4977 agrum
2597 4909 2638 4970 ⁷,
2682 4927 2700 4957 ι
2744 4916 2801 4962 et
2838 4907 2979 4963 vade
3031 4918 3157 4978 post
3211 4923 3322 4972 me,
3373 4916 3432 4960 et

148 4975 519 5077 resedificabis
570 4985 796 5077 domum
850 4995 1025 5051 tuam,
1078 5005 1202 5059 qum
1244 4992 1470 5062 quidem
1505 5010 1617 5064 prae
1656 4996 1867 5050 cariosa
1894 5003 2169 5053 vetustate
2196 4975 2651 5069 transgressionis
2705 4999 2875 5054 Adam
2914 4975 3151 5070 collapsa
3189 5008 3338 5062 erat,
3375 4998 3432 5053 in

147 5062 485 5161 baptismate
514 5078 699 5126 autem
730 5073 1032 5131 instaurata
1087 5087 1190 5133 est.
1219 5062 1520 5150 Apostolus
1538 5082 1666 5137 item
1697 5083 1899 5140 Paulus
1932 5102 1946 5138 :
1985 5104 2004 5139 ι
2038 5086 2235 5142 Videte
2281 5062 2562 5158 quomodo
2603 5089 2915 5155 ambuletis,
2949 5062 3071 5145 non.
3092 5090 3251 5161 quasi
3291 5090 3433 5145 insi-

146 5158 393 5255 pientes,
450 5163 547 5218 sed
580 5174 641 5219 ut
685 5169 968 5234 sapientes
1038 5172 1389 5231 redimentes-
1449 5182 1704 5246 tempus,
1734 5178 1996 5244 quoniam
2021 5179 2145 5236 dies
2173 5181 2302 5236 mali
2336 5191 2468 5237 sunt
2505 5183 2548 5236 ".
2584 5201 2604 5234 ι
2634 5184 2704 5240 Et
2769 5185 2826 5239 in
2895 5158 3217 5255 apostolicis
3277 5185 3432 5240 Acti-

148 5250 305 5348 bus:
345 5272 363 5305 ι
402 5256 682 5313 Attendite
710 5261 868 5317 vobis
898 5262 1034 5333 ipsis
1073 5272 1129 5318 et
1188 5266 1450 5322 universo
1481 5269 1650 5340 gregi,
1687 5270 1741 5325 in
1780 5286 1893 5341 quo
1936 5274 2120 5343 posuit
2169 5289 2268 5329 vos
2301 5274 2544 5345 Spiritus
2577 5285 2803 5332 sanctus
2853 5250 3082 5348 pascere
3125 5279 3430 5336 Ecclesiam

146 5345 252 5399 Dei
296 5348 339 5401 ’.
375 5367 394 5399 ι
432 5350 529 5443 Δ[εξι
593 5351 833 5409 Joannes
868 5373 880 5408 :
950 5376 972 5409 ι
1030 5358 1221 5423 Pueri,
1260 5361 1575 5416 novissima.
1619 5362 1755 5418 hora
1817 5373 1932 5429 est,
1983 5365 2128 5420 sicut
2155 5366 2389 5422 audistis
2425 5367 2496 5436 de
2553 5345 2931 5438 Anticliristo,
2986 5371 3129 5443 quia.
3154 5372 3329 5439 venit,
3371 5385 3430 5429 et

145 5452 304 5492 nunc
333 5440 647 5497 antichristi
692 5445 850 5501 multi
923 5458 1074 5515 sunt,
1107 5450 1261 5507 unde
1317 5451 1524 5508 scimus
1551 5454 1681 5525 quia
1726 5455 2026 5511 novissima
2064 5456 2198 5513 hora
2229 5468 2314 5515 est
2342 5459 2406 5513 ¹⁰.
2431 5478 2450 5514 ι
2497 5460 2763 5518 Dominus
2800 5440 3061 5535 quoque:
3092 5483 3112 5517 ι
3145 5464 3430 5522 Attendite

220 5619 269 5691 ξ’
313 5620 472 5677 Deut.
525 5640 597 5689 Iv,
647 5628 698 5691 9,
737 5628 826 5683 9.0.

137 5688 369 5745 l‘Eccle.
401 5709 493 5759 vn,-
548 5696 638 5750 27.

138 5761 310 5821 ιι-18

943 5631 957 5663 ¹
1011 5632 1171 5689 Deut.
1227 5652 1315 5694 vi.
1380 5636 1603 5698 12.13.

747 5701 766 5729 ⁸³
818 5702 976 5755 Prov.
1019 5719 1089 5767 Iv,
1144 5705 1232 5760 23.

1715 5640 1735 5670 '
1766 5640 1927 5694 Deut.
1985 5659 2081 5704 xu.
2112 5640 2200 5696 l9.

1347 5708 1365 5738 ⁷
1388 5707 1564 5762 'Prov.
1624 5725 1768 5776 xxiv,
1784 5760 1793 5767 ρ
1809 5710 1899 5765 2'7.

2319 5644 2339 5676 ³
2371 5644 2581 5719 Jerem.
2614 5663 2726 5719 xm,
2771 5647 2847 5703 8.-
2935 5649 2959 5680 ‘
2982 5649 3188 5719 Ephes.
3242 5666 3274 5702 ν
3304 5691 3330 5714 ,,
3370 5647 3423 5703 8.

2013 5714 2033 5744 ⁸
2069 5714 2270 5784 Ephcs.
2306 5731 2383 5780 γυ
2410 5715 2492 5770 15.
2571 5718 2591 5748 ⁹
2622 5717 2741 5771 A‘ct.
2790 5734 2880 5783 xx,
2933 5714 3049 5773 28.:
3143 5719 3187 5752 ’θ
3217 5720 3447 5777 lui-ama
