3944 6424
601 380 736 443 1619

1863 387 2226 448 ANTIOCHI
2265 390 2613 450 MONACIII

3672 398 3759 468 1631

597 496 757 550 vobis
788 493 922 564 ipsis
945 508 975 547 a
1016 493 1171 550 falsis
1192 496 1498 566 prophetis,
1539 497 1633 566 qui
1664 497 1898 551 veniunt
1933 498 2002 553 ad
2026 514 2124 554 vos
2167 499 2223 554 in
2256 503 2604 559 vestimentis
2639 504 2849 568 ovium,
2878 503 3213 560 intrinsecus
3246 500 3439 559 autem
3462 516 3579 561 sunt
3599 507 3685 579 lupi
3713 529 3763 569 n-

1044 723 1255 793 1123
1291 706 1574 778 uouIL‘IA
1599 723 1759 779 Lxu.

942 836 1017 890 De
1042 835 1266 906 benigna
1288 845 1336 890 et
1353 837 1488 890 comi
1513 836 1854 893 allocutione.

676 948 919 1016 Bcnigna
976 954 1031 1002 et
1063 947 1250 1002 suavis
1294 946 1555 1002 allocutio
1586 964 1617 1003 c
1646 948 1794 1004 bono
1842 949 2029 1005 cordis
2059 950 2180 1004 the-

604 1051 769 1091 sauro
796 1036 998 1090 exserit
1029 1052 1086 1090 se
1118 1052 1182 1091 ac
1205 1037 1431 1106 promit.
1451 1036 1564 1092 Nisi
1588 1038 1736 1093 enim
1758 1040 1882 1109 quis
1907 1055 2067 1094 suum
2096 1040 2181 1110 ip.

606 1130 725 1183 sius
753 1145 849 1184 cor
891 1129 960 1184 ab
1007 1130 1191 1183 inutili
1236 1131 1471 1199 garrulae
1525 1131 1823 1187 locutionis
1857 1133 2179 1203 expurgarit

607 1221 808 1280 abusu,
831 1219 1154 1288 neutiquam
1177 1220 1222 1273 is
1244 1220 1489 1289 potuerit
1507 1221 1843 1289 compellare
1863 1220 2062 1276 fratres
2086 1222 2183 1275 be-

602 1312 770 1380 nigno
796 1309 990 1365 aifatu.
1012 1310 1252 1366 Tametsi
1284 1311 1465 1366 videri
1499 1312 1672 1382 possit
1698 1312 1947 1382 quaedam
2003 1313 2179 1368 disse-

606 1421 725 1459 rere
758 1403 1128 1467 auditoribus,
1162 1402 1361 1473 ingrati
1386 1412 1570 1459 tamen
1600 1403 1772 1458 futuri
1804 1394 1937 1459 sunt
1971 1419 2184 1459 sermo-

605 1512 703 1550 nes
736 1511 799 1550 ac
819 1495 971 1566 digni
1003 1496 1098 1565 qui
1128 1496 1511 1565 repudientur,
1536 1512 1717 1566 neque
1750 1497 1898 1551 enim
1928 1497 2185 1552 rorulen-

603 1599 715 1642 tam
747 1587 895 1642 illam
934 1587 1142 1642 habent
1178 1587 1521 1659 asperginem
1554 1589 1744 1657 gratia:
1774 1587 2020 1657 Spiritus
2050 1603 2183 1643 san-

606 1682 701 1736 cti.
729 1681 995 1752 Quisquis
1022 1681 1174 1751 cupit
1202 1681 1456 1735 nonnihil
1484 1682 1749 1750 prodesse
1774 1681 1945 1735 verbo
1997 1697 2121 1748 suo,
2153 1696 2185 1737 a

603 1776 719 1830 Deo
744 1775 927 1831 Verbo
962 1774 1193 1844 supplex
1228 1774 1470 1843 postulet
1512 1774 1740 1828 verbum
1776 1774 1834 1828 in
1895 1774 2183 1844 apertione

602 1870 719 1923 oris
757 1869 843 1924 sui
882 1887 896 1922 :
929 1866 1392 1938 quemadmodum
1427 1877 1486 1921 et
1516 1868 1681 1922 Isaias
1702 1868 1778 1922 ait
1810 1885 1823 1921 :
1866 1887 1883 1919 ι
1918 1868 2185 1924 Dominus

602 1959 698 2012 dat
720 1959 854 2014 mihi
880 1959 1123 2030 linguam
1144 1957 1442 2022 eruditam,
1462 1968 1525 2012 ut
1553 1958 1803 2013 noverim
1830 1975 1995 2029 quem
2019 1976 2185 2030 opor-

605 2061 711 2106 teat
747 2049 995 2121 proferre
1025 2063 1342 2105 sermonem
1368 2050 1436 2101 ¹².
1463 2068 1481 2100 ι
1513 2049 1732 2104 lnducit
1758 2068 1773 2105 :
1800 2069 1817 2101 ι
1850 2050 2053 2107 Audite
2070 2065 2179 2117 me,

601 2150 659 2198 ct
693 2143 839 2196 vivet
889 2142 945 2196 in
971 2141 1134 2196 bonis
1159 2140 1341 2195 anima
1381 2149 1565 2195 vestra
1588 2140 1655 2192 ¹³.
1690 2159 1707 2191 ι
1739 2140 2128 2196 Parmmiasles
2162 2157 2176 2194 :

607 2258 626 2287 ι
660 2236 839 2315 Εανιιε
871 2235 1052 2290 mellis
1091 2249 1377 2289 sermones
1397 2233 1550 2299 boni,
1572 2233 1853 2289 edulcatio
1874 2242 2058 2288 autem
2080 2247 2180 2287 eo-

541 2371 551 2395 ,
600 2345 724 2384 rum
748 2327 983 2393 auditio,
1034 2336 1091 2383 et
1120 2326 1326 2383 sanitas
1370 2326 1568 2381 anima:
1600 2325 1665 2379 “.
1709 2347 1728 2378 ι
1755 2324 2181 2395 Quanticunque

598 2420 745 2474 enim
773 2418 1166 2488 ad-parandam
1187 2419 1425 2473 salutem
1451 2419 1796 2487 pertinentes
1843 2415 2182 2486 depromun-

599 2522 709 2577 tur,
750 2527 1017 2582 perquam
1038 2526 1262 2567 suavem
1290 2509 1644 2565 dulcedinem
1676 2516 1844 2579 atque
1884 2508 2178 2563 sanitatem

597 2605 890 2676 ingignunt
918 2606 1133 2660 animae.
1159 2604 1266 2659 Sed
1311 2615 1369 2659 et
1405 2603 1647 2674 prudens
1696 2602 1758 2657 in
1788 2604 2046 2673 negotiis,
2094 2602 2181 2657 in-

596 2704 796 2751 ventor
825 2696 1118 2751 bonorum.
1140 2694 1311 2750 Labiva
1335 2695 1595 2750 amabilia
1622 2703 1774 2760 sunt,
1808 2709 1931 2765 qua:
1954 2709 2183 2764 respon-

597 2778 731 2845 de‘nt
761 2804 1046 2845 sermones
1079 2789 1277 2844 bonos.
1300 2789 1369 2843 Et
1411 2806 1425 2840 :
1461 2807 1479 2839 ι
1516 2787 1685 2843 Labia
1722 2787 1870 2843 lenia
1898 2787 2182 2842 occultant

521 2866 529 2873 ’
598 2881 877 2937 tristitiam
911 2881 1097 2936 cordis
1126 2882 1191 2934 ¹⁵.
1231 2899 1249 2932 ι
1305 2874 1563 2934 Rursus:
1602 2898 1621 2929 α
1655 2878 1851 2935 Sermo
1874 2880 2052 2935 tristis
2077 2895 2179 2935 ex-

598 2972 735 3026 citat
764 2972 895 3036 iras,
922 2971 1109 3041 lingua
1139 2979 1327 3025 autem
1368 2971 1705 3042 sapientium
1737 2971 1884 3026 bona
1924 2973 2030 3028 scit
2052 2974 2115 3039 1‘,
2153 2995 2172 3027 ι

597 3063 814 3118 medela
848 3064 996 3118 enim
1039 3064 1270 3134 linguae,
1307 3063 1474 3117 arbor
1530 3063 1677 3119 vitae.
1727 3063 1936 3119 Iterum
1979 3083 1993 3118 :
2036 3084 2053 3116 ι
2106 3064 2181 3121 Os

596 3140 730 3225 justi
764 3154 994 3209 distillat
1015 3153 1363 3223 sapientiam,
1393 3162 1450 3208 et
1494 3153 1639 3209 labia
1684 3155 1962 3226 iustorum
1997 3155 2180 3210 distil-

598 3249 715 3302 lant
744 3248 970 3318 gratias.
1001 3266 1023 3300 ι
1053 3247 1158 3302 Et:
1196 3266 1213 3297 ι
1249 3245 1324 3301 Os
1370 3245 1580 3301 humile
1607 3246 1905 3303 meditatur
1961 3247 2183 3318 sapien-

599 3341 729 3395 tiam
762 3343 826 3393 ".
878 3360 897 3392 ι
941 3341 1194 3395 Rursus:
1230 3359 1248 3390 ι
1304 3340 1350 3395 Α
1381 3339 1656 3394 fructibus
1706 3339 1820 3394 oris
1848 3333 2030 3395 anima
2071 3341 2175 3395 viri

596 3434 904 3505 replebitur
936 3434 1099 3489 bonis
1123 3451 1138 3500 ;
1162 3432 1462 3488 retributio
1484 3432 1758 3488 labiorum
1784 3434 1905 3504 ejus
1956 3434 2181 3491 dabitur

598 3527 650 3580 ei
678 3522 744 3579 ι’.
789 3543 807 3576 ι
837 3524 1051 3579 Rursus
1092 3540 1104 3576 :
1138 3541 1156 3573 ι
1193 3522 1362 3577 Labia
1392 3523 1612 3577 veracia
1641 3537 1910 3592 prospere
1930 3523 2180 3595 dirigunt

599 3616 1002 3679 testimonium,
1043 3615 1138 3685 qui
1168 3626 1351 3669 autem
1377 3614 1573 3669 volunt
1602 3613 1806 3669 habere
1828 3630 2018 3684 pacem
2037 3658 2052 3682 ,
2089 3617 2181 3671 la:-

599 3711 867 3766 tabdntur
922 3710 1004 3761 ".-
1061 3726 1082 3758 ι
1151 3706 1377 3761 Mclicus
1435 3706 1767 3777 hymnorum
1819 3717 2176 3762 concentor:

607 3820 627 3850 ε
662 3798 946 3855 Eructavit
998 3812 1094 3853 cor
1132 3812 1314 3852 meum
1366 3796 1598 3851 verbum
1652 3796 1859 3851 bonum
1887 3797 1954 3851 “.
1993 3817 2011 3850 ›
2066 3798 2177 3853 Et:

606 3913 625 3942 ι
660 3893 929 3947 Dominus
960 3892 1116 3946 dabit
1134 3891 1365 3944 verbum
1414 3890 1926 3961 evangelizantibus
1972 3893 2179 3949 virtute

599 3986 772 4039 multa
800 3984 869 4038 “.
904 4002 922 4036 ο
954 3983 1022 4037 Ει
1057 3999 1070 4036 :
1118 4001 1135 4033 ι
1170 3982 1420 4047 Domine,
1440 3982 1584 4036 labia
1616 3998 1735 4037 mea
1760 3985 1994 4053 aperies,
2023 3992 2081 4039 et
2118 4001 2181 4041 os

600 4092 785 4132 meum
807 4074 1160 4130 annuntiabit
1196 4074 1417 4128 laudem
1465 4084 1613 4129 tuam
1650 4076 1716 4129 “.
1756 4094 1774 4127 ι
1801 4075 1909 4130 Sed
1944 4085 2000 4131 et
2032 4078 2177 4133 Pau-

598 4170 686 4224 lus
706 4184 805 4239 per
823 4168 1119 4238 epistolam
1152 4166 1327 4222 dicit:
1360 4185 1376 4217 ι
1402 4165 1621 4221 ‘Sermo
1659 4176 1842 4222 vester
1866 4183 2086 4239 semper
2120 4170 2179 4225 in

597 4261 772 4331 gratia
800 4259 914 4314 sale
952 4258 1027 4314 sit
1058 4256 1340 4317 conditus.
1385 4266 1446 4311 ut
1468 4258 1657 4312 sciatis
1691 4259 1968 4329 quomodo
2010 4277 2181 4331 opor-

601 4359 713 4407 teat
765 4365 865 4406 vos
895 4349 1196 4419 unicuique
1245 4343 1582 4418 respondere
1612 4352 1679 4403 ".
1734 4369 1752 4403 ι
1784 4353 1851 4406 Ει
1878 4353 1946 4407 ad
1979 4354 2181 4408 Roma-

599 4460 742 4499 nos:
784 4428 1104 4497 (Desidet-0
1151 4440 1301 4497 enim
1340 4441 1532 4496 videre
1562 4458 1680 4508 vos,
1713 4451 1771 4497 ut
1826 4446 2033 4515 aliquid
2074 4446 2179 4501 iui-

598 4534 809 4603 pertiar
845 4532 1008 4587 vobis
1053 4530 1241 4601 gratim
1291 4530 1618 4600 spiritualis,
1668 4532 1735 4587 ad
1768 4534 2178 4592 conﬁrmandos

597 4641 719 4692 vos,
739 4626 803 4680 'id
825 4632 930 4689 est,
963 4623 1128 4678 simul
1174 4623 1448 4677 consolari
1490 4624 1547 4679 in
1576 4624 1735 4680 vobis
1782 4642 1880 4695 per
1909 4643 2030 4682 eam
2057 4644 2180 4698 qua:

597 4718 837 4774 invicem
883 4724 990 4782 est,
1034 4715 1198 4770 [idem
1227 4713 1293 4767 “.
1336 4732 1355 4765 ι
1422 4714 1627 4770 lterum
1675 4733 1689 4769 :
1742 4736 1759 4767 ι
1809 4712 2176 4788 Déprecantes

600 4823 1052 4880 unumquemque
1098 4815 1338 4862 vestrum
1378 4815 1435 4861 et
1460 4808 1828 4872 consolantes,
1885 4818 1946 4865 ut
1984 4812 2178 4865 ambu-

596 4905 723 4961 lctis
749 4904 912 4974 digne
937 4901 1050 4956 Deo
1077 4902 1144 4955 ⁸⁸.
1173 4918 1192 4952 ι
1226 4899 1489 4969 Quisquis
1516 4898 1686 4970 igitur
1715 4902 1885 4956 sentit
1919 4918 1979 4958 se
2001 4920 2031 4957 a
2063 4904 2177 4959 Deo

596 4996 872 5065 accepisse
893 4994 1160 5049 doctrina:
1179 4992 1407 5057 donum,
1428 4992 1689 5061 loquatur
1706 4994 1857 5048 omni
1910 5011 2035 5050 cum
2059 5012 2176 5050 mo-

596 5086 795 5153 destia,
819 5094 883 5141 ut
911 5086 1035 5141 aliis
1064 5087 1532 5152 sitmdiﬁcationi,
1559 5102 1629 5141 nc
1653 5086 1795 5141 forte
1823 5087 1904 5142 illi
1928 5096 2177 5143 vertatur

597 5181 820 5235 crimini
847 5179 1005 5249 quasi
1031 5178 1125 5249 qui
1164 5179 1431 5234 talentum
1464 5164 1811 5234 Dominicum
1844 5181 2170 5235 occuluerit.

598 5272 703 5340 Qui
738 5279 925 5327 autem
950 5270 1196 5326 nondum
1227 5271 1432 5326 donum
1469 5273 1589 5345 tale,
1609 5273 1845 5343 accepit,
1878 5274 2039 5328 sileat
2088 5274 2172 5328 in-

596 5364 780 5426 terim,
803 5376 907 5415 nec
925 5376 957 5415 e
980 5360 1148 5415 corde
1169 5374 1271 5415 suo
1283 5360 1628 5430 prosilienu'a
1655 5364 1828 5418 verba
1854 5356 2179 5418 nullius‘bo-

500 658 508 663 _
599 602 808 657 paces:
860 601 892 641 a
935 585 1211 642 fructibus
1253 602 1445 643 eorum
1484 589 1829 659 cognoscetis
1866 604 1963 645 eos
2002 592 2065 643 υ.
2092 609 2109 641 ι
2149 591 2260 663 lpsi
2290 593 2465 663 gloria
2503 596 2557 650 in
2607 597 2824 651 smcula.
2853 597 3047 652 Amen.

2877 734 3097 787 ΛΟΓΟΣ
3131 736 3249 790 ΞΒ’.

2751 847 2891 915 Περὶ
2929 850 3402 921 χρηστολογίας.

2392 956 2457 1010 Ἦ
2518 961 2877 1030 χρηστολογῐα
2925 964 2989 1017 ὲκ
3036 964 3132 1017 τοῦ
3177 962 3387 1035 ἀγαθοῦ
3436 965 3685 1038 θησαυροῦ
3716 969 3777 1039 τῆς

2282 1047 2506 1116 καρδίας
2536 1052 2886 1122 προέρχεται.
2927 1054 3057 1107 Ἐὰν
3086 1057 3159 1127 μή
3181 1073 3268 1118 τις
3290 1056 3509 1129 καθάρῃ
3540 1058 3626 1129 τὴν
3648 1060 3777 1114 ἑαυτοῖ

2282 1138 2507 1207 καρδίαν
2547 1141 2654 1193 ἀπὸ
2682 1145 3101 1214 χρηστολογίας,
3148 1148 3477 1219 ἐγρηγορεϊν
3518 1150 3575 1203 οὐ
3604 1150 3776 1207 divam

2282 1229 2403 1283 Κᾶν
2439 1231 2547 1301 γὰρ
2575 1232 2726 1286 δοκεῖ
2769 1234 2947 1303 λέγειν
2987 1240 3103 1300 τοῖς
3131 1238 3451 1307 ἀκροαταῖς,
3501 1242 3777 1310 amatam

2283 1320 2423 1371 εἰσιν
2468 1320 2517 1372 οἱ
2562 1319 2713 1389 λόγοι
2767 1324 2957 1389 αὐτοῦ,
3019 1330 3114 1378 καὶ
3164 1327 3489 1399 ἀπόϐλητοι,
3536 1329 3605 1400 μὴ
3636 1330 3780 1400 ἔχοντες

2287 1411 2489 1482 ἰκμάδα
2511 1413 2612 1482 τῆς
2636 1415 2856 1484 χάριτος
2879 1416 2974 1470 τοῦ
3004 1417 3334 1487 Πνεύματος
3348 1419 3441 1471 τοῦ
3471 1419 3634 1487 ἁγίου.
3664 1422 3708 1473 '0
3730 1422 3782 1475 θέ-

2284 1500 2390 1555 λων
2423 1497 2517 1555 οὖν
2546 1501 2827 1572 ὠφελῆσαί
2865 1523 2986 1559 τινα
3027 1508 3085 1559 ὲν
3124 1507 3296 1578 λόγῳ,
3339 1508 3553 1579 αἰτήσει
3585 1512 3705 1581 παρὰ
3728 1511 3781 1566 τοι]

2284 1591 2418 1643 Θεοῦ
2464 1592 2640 1660 Λόγου
2666 1592 2847 1663 Δλόγον
2891 1596 2948 1648 ἐν
2995 1596 3196 1664 ἀνοίξει
3232 1598 3332 1651 τοῦ
3376 1600 3629 1668 στόματος
3661 1601 3782 1671 αὑτοῦ,

2283 1683 2463 1747 καθὼς
2497 1688 2526 1739 ὁ
2564 1685 2794 1751 Ἡσαΐας
2843 1686 3184 1758 διαγορεύειο
3232 1708 3253 1741 ‹
3292 1689 3504 1761 Κύριος
3540 1693 3652 1763 γὰρ,
3684 1699 3781 1763 φηςι,

2282 1775 2496 1829 δίδωσίν
2544 1793 2635 1847 μοι
2690 1778 2944 1847 γλῶσσαν
2991 1779 3246 1844 παιδείας
3294 1781 3395 1835 τοῦ
3444 1783 3648 1847 εἰδέναι,
3683 1786 3782 1854 ipim

2281 1867 2362 1920 δεῖ
2393 1869 2568 1921 εἰπεῖν
2597 1869 2778 1938 λόγον.
2806 1888 2825 1921 ι
2856 1872 2966 1924 Kal
2990 1873 3207 1940 ἐπάγει,
3250 1892 3269 1925 ι
3293 1873 3590 1928 ’Δκούσατέ
3617 1892 3709 1944 μου,
3728 1878 3781 1930 nl

2284 1958 2509 2029 ζήσεται
2545 1961 2603 2012 ὲν
2632 1960 2858 2029 ἀγαθοῖς
2885 1964 2917 2034 ἡ
2945 1963 3091 2032 ψυχὴ
3116 1963 3295 2034 ὑμῶν.
3324 1985 3344 2017 ι
3371 1965 3431 2018 '0
3474 1966 3527 2019 δὲ
3563 1968 3779 2037 [lupatum-

2213 2055 2254 2111 B
2286 2049 2436 2120 στὴς,
2491 2069 2510 2102 ι
2551 2054 2762 2123 Κηρίον
2797 2054 3031 2125 μέλιτος,
3057 2056 3208 2124 λόγοι
3253 2057 3439 2111 καλοί.
3488 2057 3776 2128 Γλὺκασμαᾶ

2282 2141 2463 2195 αὐτῶν
2509 2143 2669 2212 ἀκοὴ,
2714 2145 2809 2198 καὶ
2867 2144 3010 2208 ἴασις
3057 2146 3258 2218 ψυχῆς.
3300 2167 3322 2201 ι
3358 2148 3517 2201 Ὅσοι
3571 2148 3665 2219 γὰρ
3699 2150 3773 2215 πρὸς

2282 2234 2561 2305 σωτηρίαν
2590 2234 2860 2304 λέγονται,
2897 2237 3193 2308 γλύκασμα
3220 2240 3339 2293 «al
3384 2240 3529 2293 ἴασιν
3554 2239 3766 2308 sperato-322v

2280 2326 2347 2395 τῇ
2372 2323 2541 2395 ψυχῇ.
2571 2326 2799 2391 Συνετδς
2825 2327 2883 2380 δὲ
2916 2331 2972 2383 ἐν
2999 2330 3333 2401 πράγμασιν
3372 2331 3595 2402 εὑρετὴς
3620 2330 3753 2397 ἀγαθῶ.

2282 2417 2391 2470 Kal
2423 2417 2576 2489 χείλη
2613 2418 2932 2488 φιλήσουσιν
2966 2423 3389 2493 ἀποκρινόμενα
3427 2423 3613 2491 λόγους
3638 2421 3765 2482 καλάς.

2282 2509 2414 2572 Καὶ,
2462 2528 2481 2560 ι
2522 2508 2692 2581 Xequ
2745 2510 2862 2565 λεῖα
2936 2513 3203 2567 καλύπτει
3258 2513 3495 2583 καρδίαν
3542 2514 3770 2583 λυπηρὲω

2236 2638 2241 2643 ς
2282 2604 2392 2657 Kal
2426 2603 2608 2667 πάλιν,
2652 2604 2854 2674 ιΛόγος
2891 2604 3135 2677 λυπηρὸς
3175 2607 3390 2678 ἐγείρει
3418 2609 3616 2679 ὀργάς·
3638 2606 3778 2674 γλῶττα

2281 2694 2338 2748 δὲ
2370 2695 2572 2763 σοφῶν,
2620 2696 2761 2750 καλὰ
2804 2697 3095 2752 ἐπίσταται
3120 2715 3134 2730 ο
3174 2718 3192 2750 ι
3230 2700 3385 2763 ἴασις
3437 2700 3543 2770 γὰρ
3590 2698 3778 2767 γλώσσης,

2280 2784 2495 2855 δένδρον
2521 2784 2690 2853 ζωῆς.
2723 2786 2834 2840 Καὶ
2862 2786 3045 2851 πάλιν,
3077 2806 3095 2838 ι
3125 2773 3316 2857 Στόμα
3338 2788 3551 2841 δικαῐου
3571 2783 3782 2845 ἀποστάζει

2282 2876 2500 2946 σοφίαν,
2534 2877 2631 2930 καὶ⁵
2670 2876 2826 2947 χείλη
2861 2877 3089 2931 δικαίων
3144 2878 3556 2944 ἁποστάζουσιν
3582 2877 3780 2946 χάριτας.»

2282 2969 2411 3033 Kal,
2446 2986 2466 3019 ‹
2501 2968 2684 3039 Στόμα
2732 2968 3012 3033 ταπεινὸν,
3061 2968 3268 3040 μελετᾷ
3323 2970 3538 3039 σοφέαν.
3568 2987 3586 3019 ι
3616 2966 3701 3021 Καὶ
3723 2963 3786 3016 ﬁ-

2281 3060 2385 3125 λιν,
2420 3078 2440 3112 ι
2481 3060 2614 3113 Ἀπὸ
2641 3060 2871 3132 καρπῶν
2902 3062 3194 3131 στόματος,
3226 3061 3381 3132 ψυχὴ
3416 3060 3597 3132 ἀνδρὸς
3619 3056 3785 3127 πληθυν-

2285 3149 2512 3220 θήσεται
2543 3150 2793 3218 ἀγαθῶν*
2843 3151 3196 3221 ἀνταπόδομα
3227 3150 3288 3204 δὲ
3320 3151 3547 3221 χειλέων
3568 3145 3785 3207 athomo-

2283 3242 2511 3314 θήσεται
2538 3242 2740 3313 αὐτῷ.»
2771 3242 2879 3297 Kal
2898 3242 3076 3307 αὖθις,
3097 3263 3115 3295 ι
3139 3243 3310 3313 Χείλη
3340 3241 3566 3312 ἀληθινὰ
3607 3236 3785 3308 κατορθοῖ

2290 3334 2615 3406 μαρτυρίαν.
2650 3335 2713 3387 Οἱ
2744 3333 2800 3387 δὲ
2834 3334 3149 3406 βουλόμενοι
3181 3335 3517 3407 εἰρηνεύειν,
3553 3330 3784 3404 εὐφρανθῆ-

2205 3391 2249 3450 C
2287 3443 2487 3481 σονται.
2519 3445 2539 3478 ι
2578 3427 2636 3479 '0
2681 3426 2743 3480 δὲ
2782 3427 3057 3496 ’Υμνῳδός
3086 3445 3099 3459 ·
3151 3448 3170 3479 ι
3209 3427 3573 3496 Ἑξηρεύξατο
3601 3427 3629 3496 ή
3659 3421 3783 3493 ampli:

2287 3443 2487 3481 σονται.
2519 3445 2539 3478 ι
2578 3427 2636 3479 '0
2681 3427 2743 3480 δὲ
2782 3427 3057 3498 ’Υμνῳδός
3086 3445 3099 3459 ·
3151 3448 3170 3479 ι
3209 3427 3573 3500 Ἑξηρεύξατο
3601 3427 3629 3496 ή
3659 3427 3783 3493 ampli:

2283 3537 2385 3591 μου
2416 3519 2575 3589 λόγον
2607 3519 2833 3589 ἀγαθόν.
2874 3539 2894 3572 ι
2932 3521 3063 3587 Kal,
3097 3540 3115 3574 ε
3148 3521 3362 3592 Κύριος
3393 3521 3549 3575 δώσει
3575 3520 3701 3593 ῥῆμα
3722 3515 3780 3573 rei:

2280 3609 2795 3680 εὐαγγελιζομένοις
2831 3608 3063 3681 δυνάμει
3122 3610 3320 3682 πολλῇ.
3358 3629 3378 3662 ι
3433 3610 3557 3672 Kal,
3608 3628 3625 3659 ι
3654 3604 3779 3674 Κύριε,

2279 3702 2348 3757 τὰ
2378 3702 2534 3773 χείλη
2587 3719 2689 3774 μου
2744 3701 2998 3768 ἀνοίξεις,
3056 3702 3152 3756 καὶ
3197 3701 3262 3756 τὸ
3317 3703 3493 3773 στόμα
3550 3716 3638 3770 μου
3681 3698 3781 3759 cim-

2279 3795 2427 3865 γελεϊ
2474 3794 2572 3866 τὴν
2593 3794 2800 3848 αῖνεσίν
2832 3811 2947 3849 σου.
2978 3812 2998 3846 ι
3027 3793 3372 3848 Ἐπιστέλλει
3401 3793 3459 3847 δὲ
3483 3792 3570 3846 καὶ
3592 3793 3617 3844 ὁ
3641 3784 3779 3845 nam

2281 3887 2479 3954 λέγων,
2520 3906 2541 3939 r
2588 3880 2647 3940 Ὀ
2676 3888 2835 3956 λόγος
2867 3887 3024 3956 ὑμῶν
3054 3888 3289 3942 πάντοτε
3341 3889 3401 3941 ὲν
3450 3886 3640 3956 χάριτι,
3684 3879 3780 3933 illi!

2279 3981 2607 4052 ἠρτυμένος,
2641 3982 2840 4035 εἰδέναι
2872 3981 2992 4046 πῶς
3024 3981 3106 4034 δεῖ
3131 3980 3354 4052 ἑκάστῳ
3386 3980 3525 4051 ὑμᾶς
3560 3972 3780 4043 ἀποκρίνε-

2282 4074 2427 4129 σθαι.
2463 4093 2482 4126 ι
2517 4074 2632 4129 Kal
2681 4074 3014 4144 Ῥωμαὶοιςο
3080 4093 3099 4126 ι
3129 4073 3414 4127 Ἐπιποθῶ
3468 4071 3605 4141 γὰρ,
3648 4063 3781 4133 φησὶνι

2283 4167 2413 4222 ἰδεῖν
2445 4158 2610 4238 ὑμᾶς,
2641 4167 2728 4221 ἴνα
2753 4183 2805 4219 τι
2852 4166 3071 4236 μεταδῶ
3103 4165 3360 4236 χάρισμα
3391 4164 3517 4233 ὑμῖν
3555 4167 3779 4225 πνευματι·

2280 4259 2398 4323 κδν,
2434 4260 2515 4322 εἰς
2553 4258 2615 4312 τὺ
2640 4258 3002 4329 στηριχθῆναι
3031 4258 3202 4327 ὑμᾶς.
3229 4256 3404 4311 Τοῦτο
3428 4255 3484 4309 δέ
3521 4256 3665 4314 ἐστιν,
3690 4260 3777 4313 συμ·

2282 4352 2706 4424 παρακληθῆναι
2736 4352 2793 4404 ὲν
2814 4351 2940 4419 ὑμῖν
2969 4350 3060 4403 διὸ.
3088 4348 3194 4418 τῆς
3222 4349 3282 4403 ὲν
3320 4346 3566 4418 αλλήλοις
3594 4340 3776 4395 πίστεως,

2280 4442 2437 4512 ὑμῶν
2474 4456 2535 4493 τε
2589 4439 2684 4494 καὶ
2716 4437 2877 4509 ἐμοῦ.
2922 4458 2941 4491 ι
2994 4438 3107 4492 Καὶ
3140 4437 3327 4501 πάλιν,
3364 4456 3385 4490 ι
3412 4425 3774 4505 Παρακαλοῦντες

2282 4534 2378 4587 ἕνα
2404 4533 2638 4587 ’ἑκαστον
2668 4532 2844 4603 ὑμῶν,
2875 4530 2970 4585 καὶ
2997 4530 3488 4603 παραμυθούμενοι
3511 4527 3585 4588 εἰς
3606 4522 3658 4575 τὸ
3674 4530 3773 4584 περιο

2284 4629 2478 4681 πατεῖν
2541 4625 2710 4690 ἀξίως
2758 4623 2854 4678 τοῦ
2915 4622 3075 4677 Θεοῦ.
3114 4641 3134 4675 ι
3179 4622 3247 4676 Εἴ
3286 4640 3371 4686 τις
3409 4618 3501 4675 οὖν
3541 4613 3770 4703 αἰσθάνεταί

2210 4720 2474 4787 βεαυτὸν
2537 4719 2801 4790 εἰληφότα
2856 4718 3106 4789 χάρισμα
3160 4716 3500 4777 διδασκαλίας
3547 4705 3675 4776 παρᾶ
3718 4712 3770 4750 του

2283 4812 2441 4872 Θεοῦ.
2468 4812 2693 4883 λαλήσει
2723 4812 2863 4881 μετὰ
2887 4810 3410 4881 ταπεινοφροσύνης,
3435 4809 3518 4860 ἵνα
3546 4802 3628 4856 καὶ

2282 4879 2642 4979 οἰκοδομήση,
2699 4879 2912 4974 μήποτε
2951 4903 3047 4958 καὶ
3099 4879 3357 4972 ἐγκληθῇή
3386 4900 3460 4961 ὼς
3487 4899 3515 4950 ὁ
3550 4879 3761 4988 κρύψῗςτδ

2282 4997 2566 5050 τάλαντον.
2612 4996 2670 5049 '0
2707 4995 2763 5049 δὲ
2797 4996 2965 5066 μήπω
3011 4993 3255 5063 εἰληφὼς
3301 4993 3536 5063 χάρισμα
3580 4988 3757 5037 tanaim

2283 5089 2513 5155 σιγάτω,
2531 5088 2628 5142 καὶ
2652 5087 2726 5158 μὴ
2747 5084 3162 5159 προ[σ]φερέτω
3177 5088 3395 5156 ῥήματα
3424 5078 3561 5153 ἀργὰ
3580 5072 3671 5128 ἀπὸ
3686 5080 3765 5159 fit"

2281 5154 2402 5243 δίας
2421 5178 2609 5244 αὐτοῦ,
2644 5154 3109 5249 μήποτε-ἀκούσῃ*
3126 5196 3145 5228 ι
3286 5176 3341 5229 δὲ
3367 5163 3648 5242 ἁμαρτωλῷ
3670 5154 3765 5210 εἶπεν

2282 5275 2311 5326 ὁ
2347 5272 2516 5337 Θεός·
2547 5273 2669 5326 Ἵνα
2727 5271 2795 5324 ιιιῐΔ
2832 5272 2896 5324 σὺ
2954 5270 3184 5341 ὲκδιηγῇ
3232 5269 3300 5322 τὰ
3337 5255 3647 5349 δικαιώματέ
3687 5264 3766 5349 μ⁰ῗ’

2284 5365 2379 5417 καὶ
2412 5363 2823 5435 ἀναλαμϐάνεις
2864 5361 2964 5433 τὴν
2993 5362 3261 5432 διαθήκην
3312 5376 3409 5430 μου
3454 5354 3535 5407 διὰ
3569 5348 3762 5435 στόματξέ

596 5470 680 5510 me
712 5453 886 5524 frugis
908 5452 1178 5522 proferat,
1208 5429 1450 5508 neiforte
1481 5455 1535 5509 in
1556 5470 1615 5511 se
1639 5455 1828 5510 audiat
1854 5455 2179 5525 detorqueri

2287 5472 2380 5509 σου
2409 5470 2423 5484 ·
2453 5456 2518 5509 σὺ
2562 5429 2620 5508 δὲ
2657 5429 2931 5526 ἐμίσησας
2962 5429 3238 5517 παιδείαν,
3293 5429 3645 5514 καὶ.ὲξέ6αλες
3682 5429 3762 5484 τοδθ

1511 5671 1552 5703 ¹¹
1581 5670 1685 5725 lsa.
1708 5688 1758 5735 L,
1786 5671 1838 5724 4.

674 5668 711 5699 ¹¹
772 5666 964 5721 Matth.
1018 5685 1111 5737 vn,
1171 5674 1258 5739 l5,
1308 5673 1395 5727 16.
1511 5670 1838 5735 ¹¹ιειι.ι.,4.
1956 5669 2104 5723 ¹³Ιεει

698 5779 712 5795 .
767 5738 853 5791 18.
958 5738 1000 5769 ¹⁷
1043 5741 1203 5795 Prov.
1257 5759 1344 5795 xv.
1411 5740 1499 5795 ‘28.
1614 5742 1657 5771 ¹⁸
1692 5741 1852 5795 Prov.
1912 5756 2004 5795 xu.
2040 5740 2104 5793 14

598 5758 712 5801 xu.
767 5738 853 5791 18-
958 5738 1000 5769 ¹⁷
1043 5741 1203 5805 Prov.
1257 5759 1344 5807 xv,
1411 5740 1499 5795 ‘28.

597 5810 645 5845 “
700 5808 844 5864 l‘sal.
880 5823 929 5871 ι...
969 5810 1054 5864 17.
1168 5814 1213 5845 ²³
1240 5813 1455 5869 Coloss.
1497 5812 1650 5905 1v,6.

1956 5671 1998 5701 ¹³
2023 5669 2127 5723 lsa.
2165 5686 2249 5730 ιν,
2279 5670 2332 5723 5.

3094 5668 3137 5700 ¹⁵
3180 5664 3339 5718 Prov.
3374 5673 3422 5721 tt,
3463 5653 3530 5710 19.
3589 5648 3755 5721 ¹⁸Ρτ9Σσ

2454 5669 2494 5701 ¹¹⁵
2517 5670 2679 5724 Prov.
2716 5685 2823 5731 xw,
2886 5668 2976 5722 24.
3094 5668 3137 5700 ¹⁵
3180 5668 3339 5718 Prov.
3374 5673 3422 5721 tt,
3463 5668 3530 5710 ιιι.
3589 5668 3751 5737 "rw;

2475 5740 2566 5791 20.
2640 5740 2686 5769 ²⁰
2719 5739 2859 5791 Psal.
2921 5755 3041 5791 xuv
3070 5779 3085 5791 .
3124 5740 3178 5791 2.
3289 5738 3328 5768 "
3360 5731 3485 5790 Psal.
3526 5735 3668 5791 mu,
3694 5714 3751 5766 L-

2236 5737 2438 5792 "lbid.
2475 5740 2566 5792 20.
2640 5740 2686 5769 ²⁰
2719 5739 2859 5793 Psal.
2916 5755 3041 5805 )5le
3070 5779 3085 5802 ,
3124 5740 3178 5792 “2.

1730 5814 1775 5843 "
1832 5812 1992 5866 Rom.
2034 5827 2072 5877 ι,
2124 5809 2340 5877 “312.
2402 5811 2461 5863 ,³⁸
2514 5810 2724 5866 Coloss.
2782 5825 2818 5873 ι,
2877 5804 2958 5866 10.
