3944 6442
173 327 336 396 1621

942 333 985 365 ’·
1045 333 1377 394 HOMILIA
1417 333 1637 394 LXllI.
1665 332 1908 394 -NON
1950 333 2134 395 ESSE
2172 330 2620 395 JURANDUM.

3340 319 3478 386 mea

160 442 386 513 λόγους
421 459 523 514 μου
553 445 632 520 ειυς
652 443 720 498 τὰ
743 443 954 511 ὀπίσω;
981 463 1000 494 ι
1025 475 1094 486 --
1123 445 1184 499 Ὀ
1205 445 1314 518 γὰρ
1344 445 1548 515 ἀγαθὸς
1578 444 1792 516 ἄνθρω-

1902 445 2044 515 quod
2071 445 2353 517 peceatorl
2374 445 2515 500 dixit
2538 445 2686 500 Deus
2722 461 2736 496 :
2781 461 2800 494 ι
2834 442 3020 510 Quare
3059 449 3119 497 tu
3146 439 3474 508 enarrasiu-

161 554 314 601 στος,
351 537 518 608 φησὶν
546 539 576 591 6
622 536 849 608 Κύριος,
883 539 949 590 ἐκ
1001 537 1098 592 τοῦ
1134 538 1338 608 ἀγαθοῦ
1377 539 1654 610 θησαυροῦ
1685 539 1790 610 τῆς

161 629 426 700 καρδίας
477 628 678 696 αὐτοῦ,
725 628 975 683 τουτέστι
1055 629 1155 699 τῆς
1201 630 1426 700 χάριτος
1472 628 1567 683 τοῦ
1623 629 1782 697 ἁγίου

162 717 537 790 Πνεύματος,
575 739 592 772 ι
627 719 981 792 προ[σ]φέρει
1013 720 1074 773 τὸ
1107 719 1333 788 ἀγαθόν.
1359 740 1378 772 ι
1411 719 1624 791 Λύτῷηὴ
1653 719 1781 785 δόξα

165 817 271 876 εἰς
299 813 428 876 τοὺς
468 812 694 878 αἰῶνας.
741 814 938 884 Ἀμήν.
1551 803 1558 810 ’

811 1091 1030 1146 ΛΟΓΟΣ
1067 1093 1188 1148 EI”.

659 1181 798 1250 Περὶ
830 1180 940 1235 τοῦ
964 1182 1050 1252 μὴ
1083 1183 1350 1273 ὀμνύεινς

264 1293 407 1364 Περὶ
436 1292 530 1348 τοῦ
562 1293 636 1365 μὴ
665 1293 975 1364 ὀμνύειν,,ὁ
1008 1295 1110 1366 μὲν
1137 1296 1366 1360 παλαιὸς
1395 1297 1582 1364 νόμος,
1611 1298 1706 1352 ᾶτε
1728 1297 1792 1368 δὴ

177 1388 418 1460 νηπίοις
453 1387 785 1458 νομοθετῶν,
831 1389 1161 1456 ἐντέλλεται,
1207 1390 1282 1462 μὴ
1332 1391 1608 1463 ἀκαίρως,
1655 1391 1793 1462 μηδὲ

177 1479 292 1533 ἐπὶ
328 1479 466 1550 δόλῳ
505 1480 586 1549 τῷ
629 1480 844 1552 πλησίῳ
882 1483 1125 1551 ὀμνύειν.
1187 1483 1350 1554 Ἡμῖν
1397 1483 1452 1538 δὲ
1492 1485 1521 1537 ὀ
1579 1483 1787 1555 Κύριος

175 1569 358 1641 ἡμῶν
409 1571 505 1626 καὶ
555 1571 750 1645 Σωτὴρ
802 1574 1132 1641 ἐντέλλεται,
1195 1577 1334 1646 μήτε
1381 1574 1518 1638 ὅλως
1565 1575 1784 1646 ὀμόσαι,

185 1661 342 1733 μήτε
373 1661 674 1733 εὐκαίρως,
711 1656 1144 1735 μήτεὰκαίρως.
1179 1686 1197 1717 ι
1233 1667 1388 1720 Ἤτω
1420 1667 1552 1736 γὰρ,
1599 1668 1786 1737 φησὶν,

179 1751 254 1803 ὲν
280 1752 411 1822 ὑμῖν
433 1751 513 1819 τὸ,
535 1753 644 1820 ναὶ,
669 1755 777 1819 ναὶ,
807 1754 902 1808 καὶ
923 1755 1006 1820 τὺ,
1033 1755 1118 1820 οὒ,
1145 1754 1228 1812 οὔ.
1259 1756 1334 1810 Τὸ
1355 1756 1412 1810 δὲ
1437 1756 1783 1826 περισσεῦον,

179 1843 262 1896 ἐκ
302 1843 397 1895 τοῦ
433 1843 671 1916 πονηροῦ
698 1847 865 1899 ἐστιν.
903 1864 922 1897 ι
958 1846 1066 1900 Καὶ
1099 1847 1174 1918 τῷ
1207 1845 1432 1920 πρώτῳ,
1464 1847 1650 1918 φησὶν,
1671 1846 1787 1918 λαῷ

180 1935 271 1999 ὡς
316 1937 784 2010 σκληροτραχήλῳ
817 1939 1194 2010 ἐνετειλάμην,
1223 1958 1240 1990 ι
1269 1941 1384 1994 Οὐκ
1414 1941 1786 2009 ἐπιορκήσεις,

183 2028 508 2093 ἀποδώσεις
555 2029 612 2083 δὲ
667 2030 860 2102 Κυρίῳ
893 2031 1021 2094 τοὺς
1063 2031 1262 2100 ὅρκους
1292 2049 1421 2084 σου·
1459 2050 1478 2084 ι
1519 2031 1594 2095 ὡς
1627 2032 1793 2103 σκλη-

190 2119 514 2192 ροκαρδίοις
543 2123 637 2175 καὶ
664 2121 988 2178 ἁπειθοῦσίν
1013 2141 1126 2194 μοι.
1167 2123 1328 2194 Ὑμῖν
1347 2123 1404 2178 δὲ
1429 2125 1545 2188 τοῖς
1569 2124 1794 2178 πιστεύ-

190 2229 359 2265 σασιν
393 2215 474 2274 εἰς
504 2213 626 2282 ἐμὲ,
655 2207 737 2278 οἷς
771 2214 982 2269 δέδωκα
1008 2214 1258 2280 ἐξουσίαν
1281 2216 1444 2270 τέκνα
1475 2217 1612 2271 Θεοῦ
1641 2218 1794 2286 γενέ-

189 2304 348 2366 σθαι,
373 2307 487 2370 τοῖς
515 2307 852 2380 ἀναγεγεννη
865 2307 1048 2379 μένοις
1065 2311 1129 2364 ὲκ
1147 2311 1242 2362 τοῦ
1265 2310 1422 2378 ἁγίου
1447 2311 1792 2382 Πνεύματος,

189 2399 658 2470 παρακελεύομαι
695 2402 908 2471 μήποτε
950 2401 1088 2466 ὅλως
1119 2402 1318 2473 ὀμόσαι
1350 2402 1444 2458 τὸν
1475 2405 1790 2478 οίονδήποτε

199 2487 460 2558 μικρδνῆ
493 2489 670 2558 μέγαν
703 2491 886 2562 ὅρκον,
939 2490 1025 2543 ἵνα
1059 2490 1244 2562 δειχθῇ
1284 2491 1344 2544 τὸ
1384 2491 1639 2562 διάφορον
1681 2493 1792 2547 τῶν

197 2579 376 2634 νόθων
413 2581 508 2634 καὶ
551 2581 661 2634 τῶν
728 2581 970 2652 γνησίων
1026 2599 1129 2650 μου
1173 2583 1402 2636 τέκνων.
1443 2582 1792 2654 Αἰδεσθῶμεν

192 2667 318 2733 οὖν,
345 2657 643 2740 ἀγαπητοὶ,
674 2669 766 2722 τὸν
796 2668 970 2739 οὕτως
1007 2687 1052 2722 τι
1065 2669 1318 2741 μήσαντα
1349 2671 1494 2742 ἡμᾶς
1513 2669 1792 2738 Δεσπότην

191 2762 298 2816 καὶ
325 2761 565 2831 Πατέρα,
592 2762 686 2816 καὶ
724 2761 867 2832 μετὰ
899 2761 1100 2826 παντὸς
1139 2762 1306 2832 φόϐου
1343 2765 1418 2826 ὡς
1457 2763 1632 2818 δοῦλοι
1663 2765 1794 2835 γνή-

191 2871 310 2908 σιοι
337 2854 664 2924 φυλάξωμεν
698 2855 798 2926 τὴν
850 2853 1072 2926 ἐντολὴν
1119 2855 1284 2910 αὑτοῦ
1337 2856 1431 2910 τοῦ
1491 2856 1614 2928 μηδ’
1655 2857 1794 2919 ὅλως

195 2947 432 3018 ὀμνύειν
457 2965 472 2979 ο
507 2947 723 3018 μήποτε
755 2946 850 3000 καὶ
885 2947 1014 3018 ’περῖ¹
1041 2947 1198 3017 ἡμῶν
1223 2947 1376 3021 εἴπῃ,
1408 2968 1426 3002 ι
1461 2949 1620 3014 Υίοὺς
1644 2949 1794 3019 ἐγέν-

189 3056 344 3110 νησα
401 3040 496 3094 καὶ
543 3038 758 3110 ὓψωσα,
821 3041 978 3094 αὐτοὶ
1031 3041 1088 3095 δέ
1145 3058 1210 3112 με
1265 3041 1557 3112 ἠθέτησαν.
1586 3063 1604 3095 ι
1659 3044 1790 3108 Καὶ,

200 3149 221 3180 ι
260 3125 382 3185 Υἱοὶ¹
407 3131 678 3202 ἀλλότριοι
714 3131 1013 3201 ἑψεύσαντό
1047 3151 1156 3204 μοι.
1197 3152 1217 3186 ι
1261 3133 1353 3204 Μὴ
1383 3130 1477 3188 οὖν
1505 3135 1793 3206 γενώμεθα

196 3223 396 3292 ἰταμοὶ
424 3223 520 3275 καὶ
555 3223 967 3295 καταφρονηταὶ⁸
993 3222 1096 3294 τῆς
1128 3223 1351 3294 ὲντολῆς
1386 3224 1481 3278 τοῦ
1516 3225 1791 3280 Δεσπότου
1821 3251 1864 3308 C

201 3313 386 3384 ἡμῶν.
417 3313 498 3368 Τὰ
530 3315 640 3386 γὰρ
683 3314 855 3385 χωρὶς
895 3315 1060 3385 ὅρκου
1111 3315 1380 3385 γενόμενα
1435 3315 1468 3388 ἢ
1500 3315 1790 3389 λεγόμενα,

201 3404 610 3476 εύπειθέστερά
657 3407 807 3460 ἐστιν
856 3407 968 3469 τοῖς
1022 3405 1357 3476 ἀνθρώποις,
1407 3407 1503 3460 καὶ
1555 3405 1634 3476 τῷ
1676 3403 1798 3475 Θεῷ

203 3499 503 3568 εὐάρεστα.
535 3497 733 3561 Καλῶς
763 3492 858 3551 οὖν
889 3499 922 3570 ή
967 3497 1141 3566 Σοφία
1183 3497 1514 3567 διαγγέλλει,
1551 3517 1570 3551 ι
1607 3499 1798 3570 Ὀρκῳ

207 3591 288 3660 μὴ
319 3588 511 3660 ἐθίσῃς
533 3587 596 3641 τὸ
627 3588 804 3660 στόμα
837 3605 955 3654 σου,
986 3591 1082 3643 καὶ
1119 3589 1387 3662 ὀνομασίᾳ
1409 3589 1503 3645 τού
1531 3591 1688 3658 ἁγίου
1723 3593 1798 3663 μὴ

208 3679 521 3751 συνεθίσῃς.
573 3680 633 3732 ὐ
681 3681 788 3751 γὰρ
844 3681 1062 3752 ὀμνύων
1109 3681 1169 3734 οὐ
1227 3680 1302 3752 μὴ
1333 3681 1644 3754 καθαρισθῇ
1688 3684 1800 3738 ἀπὸ

210 3772 512 3844 ἁμαρτίας.
545 3790 564 3822 ι
596 3773 708 3824 Καὶ
737 3771 923 3838 πάλιν,
952 3790 971 3824 ι
993 3772 1169 3852 ,Ἀνὴρ
1201 3769 1506 3844 πολύορκος
1555 3773 1802 3846 πλησθή-

211 3881 368 3916 σεται
425 3863 687 3935 ἀνομίας,
743 3864 838 3918 καὶ
905 3864 1006 3917 οὐκ
1057 3865 1430 3936 ἀποστήσεται
1483 3867 1578 3920 ἀπ’
1634 3867 1800 3922 αὐτοῦ

215 3954 435 4026 μάστιξ.
464 3975 482 4008 ι
509 3956 676 4011 Ἀλλὰ
707 3957 802 4010 καὶ
831 3959 862 4027 ὴ
895 3955 1056 4012 λαλιὰ
1086 3955 1183 4010 τοῦ
1211 3957 1516 4030 πολυόρκου
1545 3960 1606 4013 οὐ
1639 3960 1804 4031 μόνον

213 4045 410 4118 τρίχας
445 4049 684 4120 ἀνορθοί.
731 4049 870 4104 ἀλλὰ
908 4049 1006 4104 καὶ
1033 4051 1224 4112 ἀκοαῖς
1261 4049 1520 4122 πολεμία.
1551 4053 1723 4122 Φησὶ-ι
1747 4053 1805 4107 δὲ

215 4143 311 4194 καὶ
335 4143 364 4194 6
383 4143 564 4212 νόμος,
597 4160 616 4194 ι
646 4143 762 4196 Οὐκ
786 4126 1014 4212 ὀμείσθε
1038 4142 1100 4196 τδ
1129 4143 1300 4216 ὄνομά
1328 4161 1429 4215 μου
1455 4144 1551 4198 ἐπὶ
1571 4145 1798 4217 ἀδίκῳ.»

216 4235 328 4288 Καὶ
375 4235 404 4288 6
457 4237 745 4306 προφήτης
806 4235 1104 4307 Ζαχαρίας,
1173 4257 1191 4290 ‹
1225 4238 1430 4310 Ὅρκον
1482 4239 1654 4312 ψευδῆ
1727 4240 1804 4313 μὴ

217 4327 464 4393 ἀγαπᾶτε
490 4343 505 4357 ·
535 4327 638 4399 τὴν
673 4326 933 4396 ἀλήθειαν
964 4327 1042 4392 δὲ,
1067 4332 1163 4381 καὶ
1192 4327 1292 4400 τὴν
1321 4330 1549 4402 εἰρήνην
1583 4332 1808 4400 ἀγαπᾶ-

217 4433 298 4470 τε.
335 4435 352 4468 ι
387 4417 552 4488 Λέγει
589 4418 647 4472 δὲ
673 4419 768 4472 καὶ
797 4421 826 4474 ό
851 4419 1038 4490 Ὠσηὲ,
1075 4439 1094 4472 ι
1124 4421 1236 4475 Καὶ
1269 4420 1344 4492 μὴ
1375 4421 1608 4492 ὀμνύετε
1630 4423 1808 4488 ζῶντα

222 4509 452 4582 Κύριον.·
488 4530 510 4564 ι
555 4511 613 4566 '0
659 4513 715 4566 δὲ
767 4513 1032 4584 Μιχαίας,
1089 4533 1108 4566 ‹
1147 4514 1258 4568 Kal.
1309 4513 1547 4588 ἔσομαι,
1604 4518 1806 4589 φησὶν,

222 4604 430 4676 μάρτυς
460 4605 628 4675 ταχὺς
653 4605 747 4658 ἐπὶ
777 4605 902 4669 τοὺς
929 4605 1235 4676 ὀμνύοντας
1265 4606 1344 4678 τῷ
1377 4607 1604 4679 ὀνόματί
1638 4628 1798 4681 μου.»
1836 4592 1884 4650 D

231 4695 564 4748 Ἐπιστέλλει
591 4695 649 4750 δὲ
689 4696 784 4750 καὶ
812 4699 841 4750 ὀ
880 4696 1161 4763 Ἰάκωϐος,
1210 4698 1405 4768 λέγων,
1453 4719 1474 4752 ι
1509 4701 1622 4772 Πρὸ
1662 4704 1803 4757 παν-

218 4805 348 4850 των,
385 4788 627 4857 ἀδελφοὶ,
667 4788 744 4860 μὴ
786 4789 1059 4860 ὀμνύετε,
1085 4793 1222 4863 μήτε
1256 4792 1351 4846 τὸν
1381 4793 1632 4866 οὐρανὸν,
1668 4796 1806 4866 μήτε

221 4881 318 4952 τὴν
346 4881 473 4950 γῆν,
505 4883 644 4952 μήτε
689 4881 813 4936 τινὰ
855 4881 1016 4937 ἄλλον
1063 4884 1250 4954 ὅρκονο
1305 4885 1420 4956 ἤτω
1449 4886 1508 4940 δὲ
1541 4887 1697 4959 ὑμῶν
1722 4888 1804 4956 τὸ,

223 4975 329 5040 ναὶ,
369 4973 480 5040 ναὶ,
508 4975 603 5028 καὶ
632 4973 711 5042 τὸ,
743 4973 826 5039 οὒ,
856 4973 950 5029 οὗ·
997 4976 1086 5030 ἵνα
1125 4977 1200 5048 μὴ
1246 4980 1327 5042 εἰς
1375 4979 1667 5049 ὑπόκρισιν
1707 4982 1808 5035 πέ-

227 5085 377 5138 σητε.
411 5087 430 5121 ι
486 5069 767 5132 Ὡσαύτως
819 5071 914 5124 καὶ
945 5070 974 5123 ὁ
1009 5069 1219 5142 Κύριος
1262 5071 1420 5142 ἡμῶν
1450 5074 1541 5126 καὶ
1590 5075 1804 5146 Σωτὴρ,

233 5180 252 5212 ι
297 5159 439 5229 Ἐγὼ
464 5160 520 5213 δὲ
550 5161 696 5230 λέγω
733 5162 907 5233 ὑμῖν,,
928 5160 1003 5232 μὴ
1037 5162 1234 5233 ὀμόσαι
1275 5163 1434 5228 ὅλως,
1469 5167 1605 5236 μήτε
1649 5168 1706 5222 ὲν
1733 5170 1810 5238 τῷ

226 5255 458 5326 οὐρανῷ,
485 5255 568 5310 ὅτι
609 5255 797 5328 θρόνος
819 5256 970 5310 ἐστὶν
999 5255 1094 5310 τού
1129 5257 1288 5322 Θεοῦ,
1331 5259 1468 5330 μήτε
1507 5259 1566 5312 ἐν
1610 5263 1676 5332 τῇ
1718 5264 1812 5331 γῆς

226 5349 308 5400 ὅτι
339 5346 632 5400 ὑποπόδιον
678 5347 787 5400 τῶν
838 5347 1016 5402 ποδῶν
1074 5345 1240 5400 αὐτοῦ
1287 5349 1478 5402 ἐστιν’
1538 5350 1678 5420 μήτε
1733 5355 1816 5414 εἰς

241 5435 606 5506 Ἰεροσόλυμα,
639 5435 724 5488 ὅτι
760 5436 914 5501 πόλις
947 5437 1098 5492 ἐστὶν
1143 5436 1273 5506 ἁγία
1305 5437 1398 5492 τοῦ
1431 5439 1672 5508 μεγάλου
1706 5442 1814 5494 Βα-

230 5527 462 5592 σιλέως·
506 5529 646 5598 μήτε
697 5529 757 5584 ὲν
809 5533 876 5602 τῇ
929 5530 1142 5602 κεφαλῇ
1181 5547 1276 5584 σου
1328 5531 1573 5600 ὀμόσεις,
1621 5535 1704 5588 ὅτι
1753 5535 1816 5588 οὐ

1893 536 2075 592 stitias
2097 552 2268 602 meas,
2292 547 2349 592 et
2379 535 2618 591 assumis
2653 541 3044 590 testamentum
3080 546 3260 585 meum
3287 541 3386 599 per
3414 542 3477 582 os

1891 631 2088 684 tuum?
2119 637 2177 685 tu
2208 645 2343 685 vero
2365 629 2532 684 odisti
2573 627 2946 698 disciplinam,
2965 632 3021 680 et
3051 623 3332 694 proiecisti
3357 637 3476 676 sor-

1889 736 2084 777 mones
2135 737 2286 776 meos
2343 731 2651 776 retrorsum
2678 720 2747 774 ³⁸.
2785 737 2804 769 ι
2847 749 2911 760 --
2962 717 3148 772 Bonus
3201 713 3474 784 siquidem

1889 812 2054 868 homo
2105 811 2320 886 1125
2351 813 2420 868 de
2451 812 2895 868 honotltesauro
2943 807 3128 864 cordis
3179 804 3288 870 sui,
3319 823 3337 854 ι
3369 804 3478 858 hoc

1814 961 1833 975 ,
1886 911 1994 971 est,
2049 905 2196 961 dono
2239 905 2484 976 Spiritus
2525 904 2739 968 sancti,
2793 921 2812 954 ‹
2849 902 3058 972 profert
3104 897 3312 954 bonum
3337 895 3406 947 ³⁷.
3451 913 3468 946 ι

1889 991 1996 1064 Ipsi
2023 996 2197 1067 gloria
2219 995 2276 1051 in
2298 996 2519 1052 szecula.
2553 995 2748 1071 Amen.
2883 1040 2889 1048 .

2421 1087 2710 1145 HOMILIA
2751 1084 2938 1142 LXIII.

2377 1179 2498 1234 Non
2531 1193 2641 1234 esse
2665 1178 2729 1248 ju
2739 1175 2988 1232 randum.

1961 1291 2080 1348 Jam
2107 1291 2582 1364 quodiurandum
2608 1305 2721 1346 non
2745 1289 2835 1346 sit.
2871 1289 2942 1344 Et
2963 1289 3190 1358 quidem
3225 1288 3480 1343 vetusil-

1891 1383 1942 1438 la
1977 1383 2087 1448 lex,
2113 1383 2273 1454 quasi
2297 1398 2398 1438 sua
2441 1381 2684 1438 sanciret
2723 1379 2948 1436 decreta
2989 1377 3342 1450 pusionibus,
3378 1379 3478 1450 qui

1891 1473 2131 1530 necdum
2189 1484 2376 1530 essent
2411 1489 2509 1544 per
2557 1481 2780 1529 aetatem
2835 1469 3129 1528 sanctioris
3169 1469 3479 1540 disciplina:

1893 1581 2144 1636 capaces,
2179 1575 2390 1623 tantum
2415 1565 2556 1620 illud
2591 1573 2771 1630 cavet,
2805 1571 2867 1618 ut
2889 1563 3088 1633 nequis
3137 1577 3239 1633 per
3270 1562 3476 1618 intem-

1893 1656 2159 1727 pestivam
2187 1656 2562 1721 occasionem,
2591 1669 2701 1710 neu
2729 1669 2830 1725 per
2850 1653 3040 1708 dolum
3059 1651 3478 1723 iuretproximo

1893 1763 2030 1816 suo;
2065 1749 2228 1804 nobis
2279 1761 2464 1804 autem
2511 1759 2716 1803 nostrae
2739 1745 2989 1803 omnium
3030 1744 3237 1800 vindex
3281 1743 3476 1799 salutis

1894 1839 2164 1907 Dominus
2195 1839 2355 1904 dicit,
2394 1841 2623 1895 omnino
2657 1845 2818 1894 utne
2856 1839 3134 1910 iuremus.
3162 1834 3434 1890 Aitenim
3457 1850 3477 1888 ι·

1901 1953 1918 1984 ι
1953 1933 2035 1989 Sit
2059 1949 2244 1990 sermo
2293 1941 2498 1998 vester,
2531 1939 2744 1998 estest,
2773 1947 2888 1986 non
2935 1946 3070 1995 non,
3105 1927 3254 2000 quod
3287 1936 3485 1982 autem
3552 1937 3556 1942 '

1889 2021 2269 2077 abundantius
2295 2029 2401 2087 est,
2435 2039 2465 2076 a
2488 2023 2634 2076 malo
2657 2029 2743 2076 est
2765 2018 2835 2074 ⁸⁸.
2877 2039 2896 2072 ι
2931 2023 3010 2074 Ac
3044 2018 3090 2074 si
3129 2017 3362 2079 diceret,
3395 2014 3477 2070 illi

1890 2115 2094 2185 populo
2111 2114 2288 2186 priori
2311 2115 2529 2172 callosa:
2564 2113 2861 2169 admodum
2886 2111 3122 2168 cervicis
3161 2125 3224 2165 ac
3253 2108 3476 2180 pranlu-
3509 2095 3518 2102 ’

1891 2221 1985 2272 τω,
2023 2207 2278 2262 mandavi
2302 2207 2384 2262 sic
2419 2227 2432 2261 :
2483 2225 2502 2258 ι
2534 2207 2656 2262 Non
2711 2205 3012 2277 peierabis,
3056 2203 3260 2260 reddes
3293 2209 3478 2256 autem

1891 2297 2129 2352 Domino
2151 2298 2470 2370 iuramenta
2499 2310 2590 2354 tua
2621 2299 2666 2331 ³⁸
2703 2313 2718 2350 :
2757 2299 2776 2349 ὂ
2812 2297 3020 2368 populo
3051 2309 3253 2364 nempe
3284 2293 3364 2348 illi
3385 2293 3477 2348 eui

1891 2404 1989 2444 cor
2010 2405 2189 2460 usque
2247 2389 2388 2445 adeo
2421 2390 2782 2454 oecalluerat,
2822 2396 2884 2442 ut
2910 2395 3207 2443 contumax
3250 2377 3479 2455 semper

1889 2481 2062 2538 fuerit
2104 2498 2210 2538 nec
2238 2482 2502 2538 credulus
2541 2482 2728 2537 verbis
2781 2481 2945 2536 meis.
2977 2480 3088 2537 Vos
3135 2486 3322 2534 autem
3377 2477 3479 2548 qui

1892 2575 2058 2632 iidem
2091 2592 2215 2646 quae
2249 2577 2309 2630 in
2361 2591 2450 2631 me
2489 2583 2595 2641 est,
2648 2575 2788 2630 nihil
2841 2575 3107 2646 gravatim
3156 2573 3296 2628 estis
3331 2587 3482 2626 com-

1892 2667 2062 2738 plexi,
2097 2667 2303 2738 quibus
2323 2678 2382 2724 et
2415 2667 2540 2737 dedi
2583 2675 2912 2738 potestatem
2947 2667 3090 2722 ﬁlios
3115 2665 3212 2722 Dei
3270 2664 3388 2720 ﬁeri
3411 2664 3478 2728 ⁸⁸,

1892 2760 2238 2830 regeneratis
2273 2760 2387 2830 iam
2417 2775 2486 2815 ex
2547 2759 2762 2830 Spiritu
2807 2765 3040 2816 sancto:
3073 2773 3192 2823 vos,
3228 2757 3479 2827 inquam,

1893 2851 2182 2918 adhortor,
2215 2853 2444 2908 omnino
2469 2861 2529 2907 ut
2563 2869 2632 2908 ne
2655 2853 2860 2925 iuretis
2886 2852 3012 2926 [nisi
3047 2851 3158 2906 illic
3186 2851 3365 2905 adsint
3392 2865 3481 2902 co—

1894 2945 2044 2999 mites
2077 2961 2095 3000 :
2123 2945 2338 3010 veritas,
2354 2944 2620 3016 judicium
2641 2953 2690 2999 et
2711 2943 2974 3016 justitiai,
3031 2951 3091 2999 ut
3117 2942 3204 2998 vel
3235 2941 3342 2996 hoc
3365 2940 3483 2996 dis-

1894 3038 2182 3093 cerniculo
2207 3046 2264 3092 et
2290 3038 2494 3110 insigni
2519 3038 2856 3102 declaretur,
2901 3037 2997 3108 qui
3029 3036 3337 3108 degeneres
3373 3034 3487 3090 sint

1894 3131 2062 3202 quive
2091 3131 2326 3203 legitimi
2357 3132 2465 3188 mei
2500 3132 2620 3186 ﬁlii.
2641 3131 3055 3208 .Revei‘eamur,
3103 3127 3484 3189 dilectissimi,

1895 3239 2023 3278 eum
2047 3223 2274 3294 quinos
2313 3231 2472 3278 tanto
2491 3223 2752 3296 dignatus
2794 3223 3004 3278 honore
3031 3229 3137 3290 est,
3189 3219 3482 3274 Dominum

1896 3316 2045 3382 dico,
2086 3323 2143 3372 et
2173 3316 2351 3386 ipsius
2377 3316 2618 3372 Patrem.
2665 3315 2774 3372 Sed
2805 3323 2862 3370 et
2906 3313 3056 3369 omni
3087 3328 3213 3370 eum
3264 3313 3485 3374 timore,

1901 3414 2161 3477 tanquam
2187 3405 2412 3478 ingenui
2440 3421 2506 3462 ac
2536 3421 2762 3462 veraces
2789 3405 2935 3462 servi
2963 3391 3072 3460 hoc
3097 3405 3220 3474 ejus
3249 3403 3484 3458 verbum

1898 3499 2093 3555 sedulo
2143 3501 2534 3566 observemus,
2572 3509 2634 3555 ut
2687 3515 2756 3555 ne
2797 3501 3053 3572 iuremus
3095 3498 3321 3554 omnino
3368 3513 3488 3551 :ne

1899 3592 2124 3663 quando
2163 3594 2220 3648 in
2252 3609 2355 3648 nos
2380 3593 2519 3648 illud
2548 3593 2908 3662 intorqueat:
2947 3611 2967 3644 ι
3007 3591 3181 3646 Filios
3209 3591 3374 3662 genui
3431 3601 3490 3646 et

1900 3687 2160 3754 exaltavi,
2223 3687 2328 3759 ipsi
2382 3696 2570 3742 autem
2627 3693 2962 3758 spreverunt
3019 3701 3106 3741 me
3163 3685 3230 3738 ²¹.
3298 3683 3418 3738 »Ει
3472 3700 3487 3737 :

1908 3800 1927 3835 ι
1962 3781 2090 3838 Filii
2147 3780 2314 3836 alieni
2344 3779 2562 3836 mentiti
2605 3788 2734 3835 sunt
2775 3779 2911 3834 mihi
2943 3778 3011 3834 ³¹.
3051 3798 3069 3830 ι
3124 3779 3226 3845 Ne,
3279 3793 3488 3848 quaeso,

1901 3873 2172 3930 adversus
2199 3888 2514 3929 sermonem
2539 3871 2692 3927 hunc
2720 3871 3068 3926 Dominicum
3094 3879 3299 3926 temere
3313 3869 3494 3940 quid-

1903 3982 2070 4037 quam
2120 3973 2217 4022 aut
2253 3981 2356 4037 per
2407 3973 2788 4035 contemptum
2837 3963 3215 4020 admittamus.
3273 3962 3494 4018 Etenim

1903 4073 2030 4130 quae
2050 4073 2080 4112 a
2102 4057 2269 4112 nobis
2295 4056 2379 4112 vel
2413 4055 2557 4110 fiunt
2588 4055 2672 4110 vel
2703 4056 2966 4112 dicuntur
2999 4043 3140 4110 citra
3191 4053 3492 4126 iuramenti

1905 4151 2308 4214 accessionem,
2330 4149 2492 4204 ﬁdem
2525 4150 2702 4204 multo
2741 4145 2887 4220 apud
2919 4147 3176 4202 homines
3227 4147 3494 4218 majorem

1910 4245 2232 4314 impetrant,
2265 4249 2506 4312 suntque
2525 4242 2638 4298 Deo
2661 4241 2822 4312 longe
2841 4239 3106 4312 gratiora.
3136 4238 3305 4294 Recte
3327 4237 3497 4308 igitur

1909 4334 2204 4391 denuntiat
2244 4332 2530 4404 Sapientia
2572 4350 2586 4386 τ
2628 4353 2646 4385 ι
2680 4332 3004 4388 Jnramento
3032 4347 3142 4386 non
3160 4327 3498 4386 assuefacias

1909 4444 1972 4484 os
2003 4435 2160 4482 tuum
2184 4433 2242 4480 et
2275 4423 2489 4479 nomini
2519 4432 2712 4480 saneto
2750 4440 2822 4480 ne
2867 4438 3158 4479 assuescas
3177 4439 3202 4484 ς·
3224 4420 3497 4492 quienim

1911 4537 2011 4590 per
2056 4517 2478 4574 assuemdinem
2527 4518 2700 4590 iurat,
2746 4533 3036 4588 nunquam
3099 4513 3428 4586 purgahitur
3468 4529 3500 4566 a

1914 4621 2144 4685 peccato
2171 4613 2237 4668 ⁸³.
2278 4633 2296 4665 ι
2349 4615 2592 4669 Rursum
2623 4628 2637 4665 :
2675 4630 2693 4662 (
2743 4609 2841 4676 Vir
2869 4609 3105 4664 multum
3139 4608 3358 4678 iurans,
3391 4608 3498 4660 im-

1911 4707 2155 4778 plebitur
2185 4705 2505 4778 ignominia,
2562 4713 2620 4760 et
2675 4719 2788 4758 non
2823 4702 3050 4759 recedet
3100 4701 3169 4756 ab
3217 4716 3285 4754 eo
3325 4698 3504 4770 ﬂagel-

1912 4801 2024 4855 lum
2052 4799 2124 4855 ³⁸.
2165 4819 2184 4852 ι
2223 4799 2331 4856 Sed
2359 4801 2446 4854 vel
2490 4798 2607 4852 sola
2653 4795 2866 4852 locutio
2889 4795 2995 4848 viri
3044 4791 3380 4865 iuramentis
3415 4805 3504 4844 as-

1915 4895 2078 4956 sueti,
2115 4907 2229 4948 non
2283 4891 2463 4947 solum
2509 4889 2740 4960 capillos
2783 4885 3034 4956 surrigit,
3098 4898 3294 4938 verum
3335 4895 3508 4937 aures

1917 4988 2152 5057 insuper
2179 4984 2395 5040 infense
2421 4991 2479 5038 et
2511 4980 2846 5054 pugnaciter
2881 4977 3105 5034 vellicat
3133 4973 3502 5030 audientium.

1919 5079 2032 5134 Lex
2055 5093 2280 5148 quoque
2303 5075 2442 5131 dicit
2472 5093 2486 5128 :
2514 5093 2532 5126 ι
2561 5073 2682 5130 Non
2698 5073 2856 5144 jures
2878 5086 2980 5142 per
3007 5083 3208 5124 nomen
3235 5081 3420 5120 meum
3448 5064 3506 5118 in

1919 5185 1979 5224 re
2011 5169 2215 5239 iniusta
2239 5169 2309 5219 ³³.
2345 5185 2365 5218 ι
2404 5165 2686 5236 Propheta
2737 5169 2924 5218 autem
2953 5157 3251 5215 Zacharias
3299 5173 3314 5209 :
3355 5173 3372 5206 ι
3403 5153 3507 5209 Ju-

1920 5268 2234 5314 ramentum
2258 5256 2494 5312 mendax
2517 5270 2586 5310 ne
2611 5253 2879 5325 diligatis,
2904 5251 3203 5306 veritatem
3225 5255 3281 5302 et
3315 5258 3508 5316 pacem

1921 5351 2132 5422 diligite
2163 5349 2226 5404 ³⁸.
2269 5368 2288 5400 ι
2322 5347 2468 5403 Dicit
2502 5356 2556 5402 et
2593 5345 2736 5402 Osee
2765 5363 2779 5400 :
2817 5363 2835 5396 ι
2869 5343 2950 5399 Ne
2972 5339 3176 5414 iuretis
3228 5337 3510 5393 viventem

1923 5443 2216 5498 Dominum
2252 5442 2316 5497 ³⁷.
2353 5460 2372 5492 ›
2406 5429 2664 5500 Μὶοιιίεοε
2700 5456 2714 5492 :
2747 5438 2865 5493 c-Et
2890 5451 2988 5492 ero
3009 5433 3168 5490 testis
3209 5432 3369 5488 velox
3415 5430 3512 5484 ad-

1925 5551 2122 5592 versus
2177 5551 2276 5591 eos
2307 5535 2403 5607 qui
2446 5535 2637 5605 iurant
2684 5533 2742 5587 in
2793 5530 3018 5587 nomine
3049 5541 3174 5582 meo
3230 5521 3522 5580 mendaci-

303 5661 518 5736 f‘Psal,
573 5677 747 5736 suis,“
790 5661 877 5736 iii,
918 5662 1010 5718 17.
1085 5664 1128 5736 _"
1164 5663 1302 5719 Luc.
1361 5665 1548 5736 vbis.
1623 5665 1668 5697 ³³
1695 5667 1797 5722 Mat

1915 5687 1968 5733 ν,
1994 5671 2092 5736 57;
2119 5669 2235 5725 Jac.
2277 5684 2366 5728 vv.
2420 5669 2506 5724 12.
2553 5665 2600 5699 ’⁸
2635 5663 2827 5720 Matth.
2857 5676 2912 5726 ν,
2942 5657 3319 5736 __F°':Ioan.
3355 5670 3392 5718 l,

237 5732 458 5794 "155m,
482 5733 538 5786 ‘2.

237 5805 277 5837 "’
307 5801 445 5862 05:.e
480 5817 562 5862 tv,
583 5802 668 5858 [ὃ.

647 5716 1012 5800 8"Psal.'xvn,
1035 5733 1126 5792 i6.
1168 5716 1186 5718 ﬁ
1205 5716 1456 5791 “ilice—li.
1471 5716 1629 5805 Irim,
1664 5716 1797 5806 υἷϊ

1925 5716 2768 5803 511.2512;"asia-a'gx,
2807 5716 2911 5789 i2:
2972 5716 3218 5784 “‘Zaeh.
3257 5716 3507 5790 vulg’ﬂ.
3545 5732 3554 5742 ‘
