3944 6434
241 335 399 404 1625

1283 345 1614 408 HOMlLIA
1653 348 1799 408 LXV
1805 348 1855 411 Ι.
1881 373 1948 383 --
1975 349 2073 410 DE
2109 345 2514 412 ΥΕΒΙΤΑΤΕ.

3399 343 3546 410 [6‘26-

232 445 613 520 ιτκεμμένως
654 447 752 502 καὶ
783 445 926 518 μετὰ
948 446 1144 520 βουλῆς
1175 449 1464 521 πράσσειν,
1488 453 1584 507 καὶ
1606 452 1682 522 μὴ
1711 448 1841 522 eap-

1953 455 2249 526 Plerosque
2279 453 2514 525 contigit
2542 454 2833 524 perplexas
2874 463 3040 524 atque
3090 452 3182 509 vix
3215 454 3532 512 tolerabiles

235 546 368 614 ῥεῖν
415 557 524 594 τινι
571 539 647 604 ὡς
697 539 906 611 ἔτυχεν,
965 541 1054 595 ἵνα
1113 540 1190 612 μὴ
1229 539 1458 612 ὕστερον
1505 543 1604 615 τῆς
1637 544 1850 596 ἑαυτοῦ.

233 628 617 694 κακοϐουλίας
666 630 918 700 καρποὺς
949 630 1142 702 ὀδύνης
1192 631 1404 703 θερίσῃ.
1451 635 1544 696 Εἰς
1587 632 1697 704 γὰρ
1725 631 1840 686 ὦτα

239 724 486 792 ἄφρονος
516 721 679 776 καλόν
709 723 857 778 ἐστιν
891 725 1058 795 μηδὲν
1086 725 1288 794 λέγειν,
1315 725 1392 789 ὥς
1415 743 1583 798 φησιν
1609 727 1638 780 ὁ
1678 727 1838 780 Σολο-

240 816 394 886 μὼν,
427 815 639 885 μήποτε
672 815 988 888 μυκτηρὶσῃ
1017 817 1142 880 τοὺς
1183 819 1310 881 σοὺς
1337 817 1556 886 λόγους.’
1585 818 1839 872 Διδάσκει

233 908 303 962 δὲ
333 909 432 962 καὶ
461 907 621 971 ἄλλος
647 909 831 978 σοφὸς,
869 929 887 960 ι
923 909 1079 964 Μετὰ
1110 893 1296 982 μωροῦ
1335 911 1412 982 μὴ
1439 910 1836 980 συμδουλεύου.

239 1001 310 1054 οὐ
337 1001 449 1070 γὰρ
470 1001 764 1072 δυνήσεται
789 1001 948 1069 λόγον
1000 985 1244 1068 στέξαι.»
1271 1004 1382 1056 Καὶ
1413 1003 1594 1067 πάλιν,
1623 1023 1642 1054 ι
1667 1003 1840 1056 Παντὶ

238 1092 528 1164 ἀνθρώπῳ
585 1095 659 1165 μὴ
699 1093 928 1163 ἐκφαινε
986 1096 1054 1147 τὰ
1102 1095 1200 1164 τῆς
1243 1095 1470 1166 καρδίας
1523 1111 1652 1148 σου’
1705 1094 1840 1165 μηδὲ

244 1185 436 1236 πάντα
471 1183 760 1254 ἄνθρωπον
785 1183 1050 1251 εἰσάγαγε
1105 1185 1184 1247 είς
1211 1186 1304 1238 τὸν
1333 1179 1482 1237 οἶκόν
1513 1201 1630 1238 σου.
1664 1183 1842 1237 Πολλὰ

244 1275 364 1345 γὰρ
383 1273 452 1329 τὰ
481 1275 671 1346 ἕνεδρα
703 1275 796 1328 τοῦ
829 1276 1094 1330 διαϐόλου.
1118 1295 1137 1327 ι
1173 1277 1285 1330 Kal.
1318 1274 1498 1341 αὖθις,
1534 1295 1553 1327 ι
1577 1275 1840 1329 Ἑνώπιον

243 1366 538 1438 ἀλλοτρίου
576 1367 744 1438 μηδὲν
774 1368 1007 1438 ποιήσῃς
1028 1368 1290 1438 κρυπτάν
1327 1369 1388 1421 οὐ
1409 1368 1520 1438 γὰρ
1549 1365 1840 1436 γινώσκεις

243 1459 304 1510 τί
337 1458 568 1526 τέξεται.
596 1477 616 1510 ι
662 1458 775 1512 Kal.
811 1457 998 1525 πάλιν,
1049 1477 1069 1510 ε
1096 1457 1265 1529 Ἀνὴρ
1303 1457 1598 1526 δίγλωσσος
1633 1458 1842 1510 ἀποκα-

245 1549 449 1604 λύπτει
468 1549 664 1620 βουλὰς
680 1551 738 1603 ὲν
761 1550 1058 1622 συνεδρίῳ”
1083 1552 1113 1605 ό
1137 1550 1195 1604 δὲ
1223 1549 1418 1614 πιστὸς
1447 1551 1582 1620 πνοῇ
1605 1547 1840 1620 κρύπτει

244 1640 581 1711 πράγματα.
620 1661 638 1693 ι
677 1643 787 1696 Καὶ
817 1644 846 1696 ὁ
887 1645 1174 1714 προφήτης
1209 1641 1451 1712 Μιχαίας
1640 1640 1837 1706 λέγων,

253 1752 275 1784 ε
296 1733 391 1804 Μὴ
410 1735 844 1788 καταπιστεύετε
865 1732 922 1787 ἐν
938 1734 1136 1802 φίλοις.
1160 1734 1271 1787 Καὶ
1295 1735 1402 1788 ἀπὸ
1423 1735 1528 1804 τῆς
1547 1735 1840 1801 συγκοὶτου

247 1843 348 1879 σου
380 1825 617 1896 φύλαξον
643 1827 739 1880 τοῦ
797 1827 874 1897 μὴ
922 1825 1222 1881 ἀναθέσθαι
1269 1827 1410 1897 αὐτῇ
1461 1845 1532 1880 τι.
1559 1845 1578 1879 ι
1642 1826 1842 1890 Καλῶς
1871 1819 1912 1871 Β

243 1916 385 1983 γοῦν
411 1919 506 1972 καὶ
544 1920 572 1972 ό
602 1919 892 1990 προφήτης
931 1921 1193 1990 παραινεῖ
1213 1918 1582 1989 φυλάττεσθαι
1609 1919 1718 1972 ἀπὸ
1740 1921 1840 1990 τῆς

245 2010 567 2078 συγκοξτου,
617 2011 830 2081 μήποτε
887 2011 1273 2082 ὑπομείνωμεν
1324 2011 1394 2066 τὰ
1432 2011 1526 2065 τοῦ
1574 2012 1838 2083 Σαμψών.

257 2101 546 2172 Ὀχληοεὶς
576 2101 687 2174 γάρ
729 2104 759 2157 ό
805 2102 1020 2168 δίκαιος
1055 2102 1162 2156 ύπδ
1207 2103 1308 2172 τῆς
1360 2103 1531 2157 αὑτοῦ
1581 2104 1838 2174 συμϐίου,

243 2195 578 2266 ἀνήγγειλεν
627 2196 767 2268 αὐτῇ
807 2197 869 2250 τὸ
919 2195 1239 2267 πρόϐλημα,
1297 2197 1393 2251 καὶ
1431 2197 1658 2266 γέγονεν
1688 2197 1840 2268 αὐτῷ

242 2291 330 2353 είς
375 2287 556 2359 λύπην
605 2289 872 2360 μεγάλην.
914 2289 1195 2354 Ὡσαύτως
1229 2289 1323 2344 καὶ
1349 2292 1382 2362 ἡ
1410 2290 1644 2359 δευτέρα
1669 2289 1838 2345 αὐτοῦ

245 2380 487 2451 σύμϐιος
522 2381 744 2448 Δαλιδὰ,
787 2381 1092 2454 ἀπατηλοῖς
1143 2381 1326 2452 λόγοις
1370 2383 1704 2454 ἀπατήσασα
1744 2383 1840 2438 τὸν

244 2471 478 2537 δίκαιον,
517 2470 805 2543 ὲπίχαρμα
863 2471 1029 2526 αὑτὸν
1077 2473 1416 2541 κατέστησεν
1463 2473 1575 2536 τοῖς
1623 2471 1840 2544 ἐχθροῖς

251 2563 441 2618 αὐτοῦ.
477 2563 588 2618 Καὶ
615 2565 645 2618 ὁ
672 2563 734 2632 ἐξ
763 2564 1100 2633 ἐπαγγελίας
1132 2562 1482 2634 συλληφθεὶς,
1509 2565 1606 2618 καὶ
1645 2564 1840 2636 κρίνας

247 2657 424 2710 εἴκοσι
453 2655 551 2728 ἔτη
577 2657 672 2712 τὸν
705 2656 944 2726 Ἰσραὴλ,
996 2657 1091 2710 καὶ
1136 2656 1441 2726 ἀνασχίσας
1471 2657 1604 2719 ταῖς
1658 2653 1839 2708 παλά-

248 2765 383 2816 μαις
411 2748 472 2802 τὸ
495 2748 672 2819 στόμα
698 2747 797 2803 τοῦ
845 2749 1085 2814 λέοντος,
1134 2747 1232 2802 καὶ
1271 2749 1332 2801 ἐν
1364 2747 1572 2816 σιαγόνι
1606 2745 1731 2800 ὄνου
1757 2762 1842 2818 χι-

247 2839 397 2902 λίους
427 2839 762 2904 ἀποκτείνας
805 2839 1028 2912 ἄνδρας,
1057 2839 1155 2894 καὶ
1194 2838 1342 2907 ὕδωρ
1366 2839 1432 2892 ἐκ
1459 2837 1562 2907 τῆς
1590 2837 1843 2906 σιαγόνος

249 2930 414 2999 πιὼν,
439 2933 534 2987 καὶ
560 2933 628 2986 δι’
645 2931 956 3004 ὑπερϐολὴν
986 2931 1172 3004 ἰσχύος
1199 2931 1296 2994 τὰς
1325 2930 1504 2995 πύλας
1525 2929 1710 3000 Γάζης
1743 2929 1838 2982 σὺν

260 3025 340 3096 τῷ
362 3025 548 3098 μοχλῷ
571 3027 659 3079 ἐπ’
675 3025 842 3096 ὤμων
870 3023 1032 3096 ἄρας,
1057 3025 1154 3079 καὶ
1174 3025 1253 3087 εἰς
1277 3022 1340 3077 τὸ
1362 3023 1490 3094 ὅρος
1515 3023 1837 3090 ἀνενέγκας,

250 3119 360 3171 ὑπὸ
395 3119 607 3190 φαύλης
635 3117 900 3188 γυναικὸς
921 3115 1252 3182 δελεασθεὶς,
1279 3114 1540 3187 ἐξαίφνης
1582 3115 1644 3167 ού
1678 3114 1838 3184 μόνον

247 3207 349 3278 τὴν
376 3207 647 3280 τοσαύτην
679 3207 836 3278 ἰσχὺν
882 3205 1190 3272 ἀπώλεσεν,
1223 3204 1362 3258 ἀλλὰ
1390 3205 1487 3257 καὶ
1516 3205 1585 3258 τὰ
1613 3203 1838 3274 ὄμματα

249 3301 585 3374 ἔξορυχθεὶς,
617 3300 872 3368 παίγνιον
899 3301 1012 3354 τοῖς
1053 3295 1369 3368 παιδαρίοις
1395 3295 1506 3350 τῶν
1527 3293 1844 3364 ἀλλοφύλων

251 3392 566 3464 γενόμενος,
585 3391 684 3445 σὺν
709 3391 894 3454 αὐτοῖς
917 3391 1010 3444 τὸν
1038 3385 1153 3461 βίον
1185 3387 1502 3442 κατέλυσεν.
1541 3377 1854 3458 Ἑπόμενον

251 3482 346 3538 οὖν
395 3486 544 3537 ἐστιν
591 3483 655 3537 τὸ
702 3481 796 3536 τοῦ
851 3480 1280 3554 Κυρίουίρητδν
1321 3479 1384 3534 τδ
1423 3481 1654 3549 φάσκον,
1689 3497 1710 3532 ι
1749 3475 1843 3548 Μὴ

253 3577 390 3632 δῶτε
415 3575 488 3629 τὰ
525 3575 658 3643 am
682 3575 799 3638 τοῖς
826 3573 1007 3640 κυσὶν,
1043 3571 1180 3644 μηδὲ
1209 3571 1433 3643 βάλλετε
1463 3571 1592 3636 τοὺς
1623 3588 1842 3642 μαργα-

258 3668 411 3740 ρίτας
444 3665 622 3736 ὑμῶν,
661 3664 977 3736 ἔμπροσθεν
1014 3664 1126 3718 τῶν
1151 3663 1377 3736 χοίρων,
1413 3663 1626 3734 μήποτε
1665 3678 1840 3730 καταέ

255 3761 572 3832 πατήσωσιν
601 3757 803 3820 αὐτοὺς
837 3757 950 3819 τοῖς
987 3757 1148 3810 ποσὶν
1193 3753 1398 3818 αὐτῶν,
1431 3753 1527 3807 καὶ
1572 3753 1842 3824 στραφένσ

255 3870 344 3916 τες
373 3851 610 3924 ῥήξωσιν
641 3849 816 3921 ὑμᾶς.
852 3867 872 3902 ι
911 3848 1069 3919 Αὐτῷ
1099 3850 1133 3918 ἡ
1165 3847 1296 3912 δόξα
1329 3845 1408 3910 είς
1453 3847 1580 3909 τοὺς
1610 3845 1838 3908 αἰῶνας.

271 3944 462 4014 Ἀμήνο

1949 546 2195 602 incidere
2223 549 2276 601 in
2306 547 2652 611 amictiones,
2685 561 2753 600 ex
2787 561 2855 601 eo
2886 547 3032 616 quod
3062 547 3268 616 quibus
3299 564 3408 603 non
3429 549 3526 603 de.

1945 639 2170 704 hebant,
2197 637 2530 708 nimisquam
2557 646 2761 692 temere
2787 653 2846 692 se
2885 637 3262 694 crediderunt.
3295 641 3529 697 Necesse

1947 731 2117 802 igitur
2137 729 2232 794 sit,
2265 728 2710 798 circumspectim
2741 739 2798 782 et
2849 728 3050 782 comite
3093 730 3328 784 consilio
3366 747 3529 802 agere

1946 823 2152 884 omnia,
2197 837 2301 877 nec
2360 822 2698 884 inconsulte,
2749 829 2811 874 ut
2844 820 2958 876 fere
2991 820 3070 886 fit,
3103 830 3378 877 secretum
3404 823 3528 877 eui-

1946 930 2110 986 quam
2139 913 2510 976 committcre,
2539 921 2598 967 ut
2625 929 2692 967 nc
2719 913 2942 967 demum
2977 928 3079 983 per
3107 923 3257 967 tuam
3297 913 3525 966 temeri-

1949 1016 2114 1062 tatem
2168 1005 2384 1060 fructus
2426 1005 2677 1059 demetas
2720 1005 2952 1060 doloris.
3010 1004 3091 1059 Ad
3162 1021 3326 1059 aures
3377 1003 3524 1058 enim

1947 1097 2314 1168 imprudentis
2340 1099 2544 1150 bonum
2571 1104 2654 1150 est
2685 1095 2822 1148 nihil
2855 1095 3062 1161 dicere,
3089 1105 3151 1150 ut
3176 1104 3231 1149 et
3267 1094 3524 1150 Salomon

1945 1191 2044 1252 ait,
2081 1203 2164 1244 νε
2221 1188 2362 1244 forte
2413 1189 2714 1244 subsannet
2768 1187 3014 1242 eruditos
3051 1197 3174 1242 tuos
3221 1203 3519 1244 sermones.

1944 1282 2119 1337 Docet
2167 1287 2351 1334 autem
2389 1289 2442 1334 et
2493 1279 2636 1333 alius
2667 1279 2888 1348 sapiens
2921 1297 2933 1330 τ
2969 1297 2988 1328 ι
3025 1279 3162 1332 Cum
3206 1279 3375 1334 stulto
3405 1280 3527 1341 ,noli

1948 1374 2088 1428 inire
2153 1372 2478 1435 consilium,
2531 1386 2640 1424 non
2700 1371 2846 1424 enim
2911 1371 3116 1440 poterit
3170 1380 3354 1442 tegere
3407 1387 3530 1425 ver-

1946 1465 2078 1520 bum
2103 1464 2168 1518 ‘7.
2210 1483 2227 1515 ι
2265 1465 2479 1518 Rursus
2516 1481 2528 1516 :
2580 1481 2598 1513 ι
2637 1462 2794 1517 Omni
2837 1461 3052 1515 homini
3081 1477 3149 1517 ne
3207 1461 3408 1532 prodas
3432 1477 3530 1516 cor

1949 1569 2104 1614 tuum
2135 1557 2202 1620 ³⁸⁸,
2231 1571 2410 1626 neque
2438 1571 2657 1610 onmem
2682 1555 2964 1609 hominem
3003 1554 3170 1609 induc
3195 1554 3250 1608 in
3301 1553 3527 1612 domum

1949 1661 2132 1714 tuam;
2176 1650 2361 1704 multa:
2386 1649 2532 1704 enim
2560 1657 2686 1702 sunt
2712 1647 2924 1702 insidiae
2949 1645 3374 1701 caluumiatoris
3398 1644 3466 1700 ⁸⁸.
3500 1663 3518 1696 ι

1949 1742 2190 1798 Rursum
2216 1759 2229 1794 :
2266 1760 2284 1792 ι
2320 1740 2516 1796 Coram
2543 1739 2725 1793 alieno
2749 1738 2886 1792 nihil
2905 1737 3073 1792 facias
3095 1737 3317 1803 secreti,
3344 1751 3524 1808 neque

1943 1835 2092 1890 enim
2133 1835 2265 1898 scis,
2299 1831 2432 1904 quid
2470 1831 2648 1902 pariet
2675 1831 2748 1884 '°.
2793 1852 2811 1882 ι
2847 1831 3054 1886 lterum
3089 1848 3102 1884 :
3148 1849 3166 1879 ι
3209 1831 3304 1886 Vir
3349 1829 3523 1884 bilin-

1941 1928 2066 1999 guis
2105 1926 2312 1981 revelat
2340 1925 2570 1981 consilia
2602 1925 2654 1978 in
2690 1923 2926 1979 concilio
2957 1923 3184 1989 habita;
3213 1922 3319 1992 qui
3339 1930 3522 1976 autem

1943 2019 2120 2074 ﬁdelis
2145 2026 2231 2074 est
2255 2017 2477 2088 spiritu,
2508 2016 2749 2072 occultat
2774 2031 2889 2070 rem
2929 2016 2997 2068 πί.
3034 2033 3054 2068 ι
3089 2015 3346 2070 Michaeas
3401 2029 3526 2083 pro-

1941 2114 2106 2185 pheta
2145 2113 2347 2168 clamat
2397 2129 2411 2166 :
2467 2131 2485 2164 ι
2529 2111 2654 2166 Noli
2709 2093 2872 2165 [idem
2908 2109 3116 2164 habere
3141 2107 3356 2172 amicis,
3408 2114 3464 2161 et
3493 2117 3526 2160 a

1943 2205 2252 2262 conthorali
2285 2215 2378 2260 tua
2431 2219 2582 2269 cave,
2635 2209 2693 2257 et
2725 2201 2860 2256 nihil
2903 2201 3052 2258 iilius
3099 2199 3230 2256 ﬁdei
3265 2193 3524 2255 commito

1943 2307 1996 2354 te
2020 2298 2087 2352 ".
2125 2316 2144 2349 ι
2177 2297 2294 2352 llo'c
2317 2311 2385 2351 eo
2410 2295 2570 2356 dixit,
2596 2310 2666 2349 ne
2697 2293 2838 2349 ferte
2857 2293 3051 2366 eadem
3081 2292 3382 2350 toleremus
3401 2305 3526 2361 qua:

1940 2395 1997 2442 et
2030 2386 2261 2443 Samson
2297 2405 2310 2439 :
2331 2386 2484 2456 justo
2511 2385 2661 2440 enim
2696 2383 2850 2448 huic,
2885 2398 3006 2453 qua:
3052 2397 3177 2437 cum
3218 2381 3338 2452 ipso
3368 2381 3524 2436 vive-

1940 2476 2036 2531 bat
2082 2475 2474 2539 communiter,
2514 2473 2932 2544 inexplicabiles
2979 2471 3251 2527 conscivit
3313 2469 3523 2524 turbas.

1941 2557 2174 2623 Samson
2233 2567 2383 2621 enim
2430 2565 2700 2636 propositi
2757 2563 3122 2636 problematis
3189 2560 3524 2616 solutionem

1938 2655 2258 2712 enuntiarat
2293 2673 2308 2709 :
2353 2655 2407 2709 id
2441 2654 2590 2726 quod
2625 2667 2736 2710 non
2781 2653 3120 2710 mediocrem
3159 2650 3372 2706 invexit
3399 2650 3528 2704 viro

1939 2749 2249 2806 tristitiam.
2291 2747 2406 2804 Nec
2445 2763 2609 2802 secus
2649 2747 2823 2802 altera
2875 2746 2981 2801 tori
3032 2760 3284 2830 consors.
3326 2754 3528 2812 nempe

1939 2842 2133 2898 Dalida
2157 2840 2411 2898 subdolis
2433 2849 2488 2894 et
2521 2840 2764 2896 illicibus
2796 2839 2984 2894 verbis
3013 2839 3163 2909 justo
3190 2851 3314 2892 cum
3343 2831 3526 2904 impo-

1942 2935 2166 2996 suisset,
2199 2933 2388 2990 eﬁ‘ecit
2411 2941 2474 2988 ut
2503 2931 2595 2987 hic
2620 2941 2805 2986 tantus
2838 2931 3074 3001 publica:
3095 2937 3242 2984 esset
3295 2925 3528 2982 insulta-

1943 3025 2078 3082 tioni
2110 3025 2354 3081 inimicis
2399 3025 2564 3081 suis:
2599 3023 2646 3080 is
2704 3023 2800 3093 qui
2845 3021 3094 3094 angelica
3151 3019 3530 3091 promissione

1943 3123 2244 3184 conceptus
2271 3122 2378 3178 est,
2403 3128 2612 3184 perque
2636 3125 2815 3168 annos
2848 3111 3046 3184 viginti
3081 3109 3396 3166 Israeliticae
3438 3111 3529 3180 ju-

1942 3206 2048 3262 dex
2072 3205 2270 3262 fuerat.
2301 3204 2452 3260 Idem
2472 3204 2731 3260 manibus
2755 3203 2808 3258 in
2849 3202 3030 3258 leonis
3057 3217 3154 3258 ora
3181 3201 3402 3272 injectis
3434 3201 3522 3270 ip-

1939 3313 2062 3354 sum
2113 3297 2492 3364 disseeuerat;
2523 3295 2580 3350 in
2609 3295 2926 3350 mand-ibula
2949 3293 3088 3349 asini
3119 3294 3268 3349 mille
3289 3292 3528 3364 peremit

1940 3389 2129 3455 viros;
2160 3402 2228 3442 ex
2254 3387 2446 3442 eadem
2467 3385 2690 3440 maxilla
2713 3385 3110 3440 scaturientem
3131 3383 3520 3456 bibitaqu’am:

1941 3477 2036 3532 hic
2061 3475 2419 3546 exsuperanti
2463 3473 2641 3528 fretus
2679 3472 2902 3540 robore,
2939 3479 3131 3543 portas
3182 3470 3342 3526 Gazae
3369 3468 3529 3526 ur-bis

1942 3584 2070 3624 eum
2103 3565 2401 3624 emovisset
2433 3565 2578 3633 loco,
2611 3580 2722 3620 una
2757 3579 2883 3620 cum
2944 3563 3086 3620 seris
3120 3562 3372 3618 humeris
3415 3561 3524 3616 im-

1945 3659 2176 3731 positas,
2209 3654 2512 3712 sustulitin
2534 3663 2815 3722 montem;
2863 3663 2922 3711 et
2947 3653 3040 3710 hic
3083 3660 3272 3708 tantus
3296 3650 3526 3724 abjeetae

1947 3761 2012 3801 ac
2045 3743 2173 3800 vilis
2206 3741 2544 3798 muliercula
2583 3741 2864 3796 inescatus
2923 3737 3221 3806 illecebris,
3249 3741 3528 3792 momento

1947 3854 2059 3895 non
2106 3831 2486 3890 tantummodo
2529 3833 2775 3903 perdidit
2803 3830 3208 3897 fortitudinem,
3239 3829 3336 3884 sed
3361 3843 3526 3884 exca-

1946 3929 2094 3986 vatis
2114 3937 2280 3998 atque
2298 3925 2518 3982 eﬂ'ossis
2541 3925 2830 3980 oculorum
2855 3923 3108 3987 orbibus,
3131 3920 3199 3977 ad
3222 3919 3528 3976 ludibrium

155 4083 170 4090 -
259 4037 540 4107 expositus
574 4045 662 4091 est
714 4033 946 4105 puerilis
973 4033 1156 4106 gentis
1191 4031 1523 4099 Philistinm,
1570 4031 1677 4085 hoc
1731 4035 1817 4085 est
1876 4025 2221 4096 alienigenar,
2287 4022 2619 4094 quibuscum
2667 4035 2988 4090 oppressus,
3049 4017 3194 4073 diem
3235 4031 3395 4072 suum
3425 4014 3528 4070 ob-

263 4106 411 4188 iit”.
443 4130 610 4201 Sequi
639 4130 812 4200 igitur
839 4129 1112 4194 debemus
1177 4127 1518 4182 Dominicam
1555 4127 1706 4181 illam
1753 4121 2106 4183 sententiam,
2172 4134 2294 4188 qua:
2332 4117 2514 4172 dicit:
2560 4134 2580 4166 ι
2615 4113 2796 4168 Nolite
2855 4113 2988 4168 dare
3037 4119 3226 4166 sancta
3277 4106 3526 4168 canibus,

263 4239 440 4294 neque
505 4221 812 4293 projieiatis
877 4221 1205 4291 margaritas
1229 4230 1440 4276 vestras
1505 4226 1634 4274 ante
1685 4229 1908 4287 porcos,
1950 4227 2022 4267 ne
2087 4209 2231 4265 forte
2289 4207 2620 4264 conculcent
2679 4220 2775 4261 eas
2835 4202 3104 4274 pedibus,
3159 4207 3217 4256 et
3271 4197 3524 4254 conversi

265 4318 602 4388 disrumpant
625 4333 724 4373 vos
753 4318 822 4372 “.
865 4337 884 4369 ι
936 4317 1042 4388 Ipsi
1090 4317 1266 4388 gloria
1311 4317 1366 4371 in
1397 4315 1596 4396 saecula
1617 4311 1968 4368 saeculorum.
1997 4305 2197 4360 Amen.

859 4443 1080 4497 ΑοΓυΣ
1115 4441 1254 4510 :q'.

811 4553 951 4624 Περὶ
979 4553 1288 4621 ἀληθείας.

338 4676 518 4739 Ἴσως,
563 4673 712 4744 τίμιε
754 4670 933 4742 πάτερ
987 4667 1278 4733 Εὐστάθιε,
1321 4664 1648 4735 θαυμάζεις,
1685 4661 1750 4714 σύ
1783 4678 1844 4714 τε

271 4769 358 4822 καὶ
385 4769 436 4822 οἱ
467 4763 850 4835 ὲντευξάμενοι
891 4764 958 4832 τῇ
998 4760 1250 4832 παρούσῃ
1281 4758 1660 4829 πραγματείᾳ,
1696 4755 1845 4816 τίνος

267 4861 445 4913 ἕνεκεν
475 4857 608 4926 παρ’
655 4855 810 4926 ὑμῶν
843 4852 1210 4924 προτραπεὶς,
1252 4849 1512 4918 καὶπρὸς
1555 4849 1701 4919 ὑμᾶς
1744 4847 1844 4917 τὴν

271 4951 438 5024 ἀρχὴν
465 4947 559 5002 τοῦ
592 4948 755 5015 λόγου
781 4945 1176 5018 ποιησάμενος,
1203 4942 1408 5004 εὐθέως
1433 4941 1622 5010 ὥσπερ
1651 4938 1842 4992 ἐπιλα-

271 5044 488 5114 θόμενος
521 5041 740 5104 ἑαυτοῦ,
773 5039 850 5102 ὡς
885 5037 1024 5109 πρός
1051 5053 1208 5098 τινας
1239 5033 1504 5105 φοιτητὰς
1537 5030 1846 5104 χρῄζοντας

269 5133 628 5196 διδασκαλίας,
651 5131 752 5192 τὰς
774 5129 1038 5195 διαλέξεις
1071 5127 1439 5200 ἐποιησάμην.
1470 5125 1634 5178 Ἀλλὰ
1653 5123 1844 5195 μηδεὶς

273 5223 612 5296 θαυμαζέτω,
650 5222 790 5294 μηδὲ
819 5221 1010 5283 ἀνοίας
1058 5219 1312 5289 ἔγκλημα
1354 5215 1697 5288 ὲγγράψαιτό
1728 5232 1838 5286 μοι,

273 5315 361 5386 τὴν
389 5312 710 5384 ἐναλλαγὴν,
743 5311 881 5366 ἀλλά
909 5310 1108 5382 μᾶλλον
1142 5307 1474 5381 ἀποδέξηται
1497 5306 1598 5375 τῆς
1625 5305 1844 5360 ἐπαινε-

276 5408 362 5478 τῆς
389 5405 614 5469 δειλίας.
645 5404 721 5458 Ού
755 5403 866 5474 γὰρ
894 5401 1262 5472 ἐπιλέλησμαι
1289 5397 1550 5470 ἐμαυτοῦ,
1584 5395 1724 5452 ἀλλὰ
1745 5395 1844 5467 τὴν

277 5497 565 5566 ἀπολογίαν
588 5496 720 5568 ἐρῶ.
751 5495 864 5558 Τὰς
893 5495 994 5564 μὲν
1023 5493 1134 5564 γάρ
1162 5490 1418 5562 ἀφορμὰς
1443 5489 1539 5543 τοῦ
1575 5487 1845 5558 παρόντος

275 5589 582 5659 πονήματος
615 5587 713 5642 τοῦ
745 5584 1124 5656 κεφαλαιῶσαι
1157 5587 1214 5639 ἐν
1247 5582 1501 5652 συντόμῳ
1537 5582 1717 5634 πᾶσαν
1746 5579 1848 5650 τὴν

346 5726 388 5758 ⁸⁷
410 5725 578 5783 Eccli.
607 5736 738 5784 xm,
767 5724 848 5778 Μ.
910 5721 952 5752 ⁸⁸
985 5719 1159 5776 Εςειί.
1210 5735 1322 5781 un,
1350 5717 1441 5771 2-2.
1515 5715 1560 5748 ’⁵³
1593 5714 1761 5769 Eccli.
1792 5731 1864 5778 x1,
1909 5713 1998 5768 5|.

285 5813 372 5860 νει,
395 5797 445 5850 5.
526 5797 572 5826 ⁸³
593 5795 772 5852 Judic.
802 5809 912 5860 xw,
934 5792 1156 5861 passim.
1239 5789 1281 5818 5*
1318 5787 1506 5844 Matth.
1535 5801 1626 5848 \‘Jl,
1651 5786 1704 5837 6.

2373 4427 2584 4499 1127
2611 4423 2898 4482 IIOMILIA
2924 4420 3108 4476 LXVI.

2574 4539 2651 4593 De
2671 4539 2916 4592 ueritate.

2020 4656 2292 4710 Mirabere
2341 4655 2556 4716 forsan,
2594 4658 2752 4722 pater
2781 4649 2919 4703 mihi
2950 4646 3306 4704 venerabilis
3331 4647 3531 4701 Eusta-

1950 4749 2086 4810 thie,
2127 4755 2297 4816 tuque
2351 4753 2409 4800 et
2457 4742 2554 4813 qui
2609 4740 2809 4796 lecturi
2859 4747 2987 4795 sunt
3021 4737 3311 4808 praesentis
3347 4736 3533 4806 operis

1943 4837 2495 4900 commentationem,
2531 4849 2634 4888 cur
2663 4839 2845 4887 vestra
2870 4829 3254 4884 exhortatione
3278 4827 3532 4882 admoni-

1943 4935 2036 4986 tus
2067 4937 2142 4983 ιηι
2168 4927 2495 4990 scriberem,
2525 4931 2582 4979 et
2613 4939 2646 4978 ε
2688 4921 2851 4976 vobis
2883 4934 3006 4976 cum
3055 4917 3157 4974 sim
3211 4916 3532 4987 auspicatus

1941 5023 2110 5078 telam
2142 5029 2430 5092 pertexere
2477 5015 2641 5072 istius
2698 5011 2907 5083 operis,
2953 5024 3082 5064 mox
3132 5017 3314 5063 tamen
3372 5007 3530 5077 quasi

1947 5112 2059 5168 mei
2091 5111 2270 5181 ipsius
2291 5108 2517 5173 oblitus,
2541 5107 2708 5162 hasce
2729 5103 3030 5158 conciones
3073 5100 3149 5155 ita
3170 5099 3424 5170 pertexui
3471 5107 3533 5154 ut

1948 5203 2127 5260 videri
2155 5201 2362 5274 possim
2406 5197 2701 5270 discipulis
2755 5193 3089 5266 quibusdam
3119 5191 3292 5262 loqui,
3325 5191 3532 5262 quibus

1942 5313 2084 5368 opus
2099 5297 2244 5351 lacte
2277 5293 2353 5350 sit
2369 5291 2702 5348 eruditionis
2741 5297 2799 5344 et
2829 5287 3117 5344 doctrinae.
3153 5285 3334 5355 Atque
3367 5298 3532 5340 nemo

1944 5389 2197 5458 miretur,
2248 5385 2434 5458 neque
2472 5383 2736 5440 vicariam
2775 5381 2920 5438 hanc
2961 5378 3426 5454 permutationem
3455 5384 3532 5430 te-

1947 5501 2100 5542 mere
2139 5476 2370 5556 objiciat
2397 5482 2596 5538 factam
2620 5493 2743 5536 esse
2771 5493 2872 5550 per
2911 5473 3274 5548 ignorantiam
3305 5479 3403 5526 aut
3439 5469 3526 5524 in-

1948 5578 2338 5651 cogitantiam;
2379 5574 2553 5646 magis
2581 5587 2716 5627 vero
2753 5581 2970 5643 gratum
3016 5567 3218 5622 habeat
3271 5565 3524 5619 timorem

2109 5712 2154 5744 ⁸⁰
2184 5711 2352 5766 Eccli.
2380 5724 2493 5775 vut,
2529 5708 2616 5762 iii.
2734 5707 2776 5737 ἰι
2805 5705 2965 5760 Prov.
3001 5719 3073 5770 xt,
3127 5701 3210 5756 15.
3288 5700 3334 5730 ⁵³
3365 5697 3528 5754 Μίοιι.
