3944 6482
471 337 606 401 1627

1740 339 2105 400 ANTIOCHI
2146 343 2490 404 MONACIII

3605 336 3709 404 1&3

468 461 581 500 non
641 458 1040 515 usquequaque
1088 445 1513 522 aspernabilem,
1567 461 1678 515 quo
1725 447 2044 502 subveritus

2161 449 2300 504 iam
2333 451 2578 523 Γραφὴν,
2613 451 2862 506 Παλαιὰν
2891 469 2950 505 τε
3001 450 3103 506 καὶ
3141 447 3507 514 Καινὴνηιαὶ
3549 449 3711 505 στεῖλαι

467 535 850 592 detrectabant
894 551 1092 590 munus
1145 535 1460 601 scribendi;
1515 552 1694 605 neque
1733 538 1880 592 enim
1937 539 2044 591 mei

467 628 655 698 ipsius
670 628 877 682 oblitus
906 643 1050 682 sum.
1081 626 1185 682 Sed
1215 627 1338 695 jam‘
1367 627 1434 702 ad
1464 642 1641 681 causa:
1677 627 2047 683 redditionem

465 716 657 770 venio.
691 716 1048 771 Occasionem
1069 717 1216 770 enim
1239 730 1486 783 operosa:
1519 713 1679 768 istius
1704 715 2050 777 lucubratio-

473 807 560 861 nis
597 807 677 862 sic
710 806 936 878 digestae
963 807 1179 862 noverit
1216 807 1394 861 lector
1427 806 1597 860 fuisse
1652 805 1813 872 hanc,
1849 815 1910 861 ut
1947 823 2054 878 per-

464 899 652 968 eapita
683 899 804 963 tibi,
825 900 1004 964 Pater,
1033 899 1428 968 distinguerem
1468 905 1525 951 et
1563 898 1956 952 contraherem
1991 897 2048 953 in

470 989 862 1058 compendium
921 988 1165 1042 divinam
1214 1003 1434 1042 omnem
1472 986 1840 1057 Scripturam,
1896 998 2050 1045 νειο-

476 1093 703 1146 remque
745 1085 802 1132 et
836 1093 1058 1132 novam.
1095 1077 1228 1130 Tale
1273 1077 1425 1131 enim
1483 1077 1764 1132 scribendi
1821 1093 2046 1145 munus,

474 1159 654 1249 Vestia
682 1167 899 1238 suscepi
927 1167 1336 1230 exhortatione,
1372 1167 1518 1236 quod
1547 1169 1840 1224 momentis
1863 1169 2051 1239 singu-

474 1259 543 1314 lis
571 1260 689 1313 loca
727 1268 780 1316 ct
803 1259 1056 1314 civitates
1083 1268 1408 1328 permutare
1452 1258 1720 1330 cogimur,
1759 1276 1856 1330 per
1907 1260 2050 1338 hanc

475 1350 780 1406 Chaldaicae
814 1351 991 1419 gentis
1021 1357 1425 1419 tempestatem».
1480 1359 1604 1419 qna:
1627 1419 1632 1424 ‘
1659 1359 1832 1405 totum
1874 1366 2047 1420 prope

477 1453 747 1496 terrarum
773 1442 967 1496 orbem
1024 1457 1122 1496 sua
1155 1442 1356 1510 premit
1403 1440 1713 1512 tyrannide.
1749 1441 1890 1496 Cum
1919 1457 2050 1496 vero

477 1533 786 1589 testimonia
812 1533 1078 1588 doctrinae
1107 1532 1376 1587 divinitus
1427 1531 1705 1602 inspirata:
1730 1547 1900 1602 quam
1951 1549 2052 1586 ve-

475 1626 690 1680 rissime
725 1626 951 1696 Scripta,
981 1625 1235 1679 nonnihil
1263 1632 1459 1694 egeant
1513 1639 1772 1679 sermone
1827 1623 2072 1688 morali,

475 1717 703 1781 perinde
729 1725 892 1787 atque
919 1717 965 1771 si
1006 1716 1214 1770 fabrica
1237 1717 1505 1786 quaepiam
1547 1715 1834 1784 operosior
1861 1725 1915 1770 et
1967 1714 2046 1770 fa-

2143 526 2258 604 ⁴σοι,
2309 541 2398 594 διὰ
2433 541 2494 594 τὸ
2544 541 2786 611 συνεχῶς
2829 541 3014 612 χώρας
3068 540 3182 594 καὶ
3245 537 3440 602 πόλεις
3485 538 3713 608 ἀμείϐειν,

2145 632 2334 686 ’ἐνεκεν
2359 632 2455 686 τοῦ
2479 632 2902 704 ἐπικρατοῦντος
2925 631 3256 687 Χαλδαῖκοῦ
3281 630 3554 700 χειμῶνος
3573 634 3718 685 πᾶσαν

2145 725 2246 792 τὴν
2290 726 2649 794 οἰκουμένην,
2702 724 2762 790 ἐξ
2815 724 3088 794 ὑμετέρας
3145 719 3490 792 προτροπῆς
3538 722 3720 793 causa.

2159 815 2380 886 Ἐπειδὴ
2400 815 2457 869 δὲ
2487 817 2543 868 αἱ
2577 807 2794 887 Γραφαὶ
2827 815 2922 870 καί
2942 812 3472 885 τῆςοεοπνεύστου
3501 813 3722 868 διδασκα-

2147 907 2268 967 λίας
2301 908 2602 978 μαρτυρίαι
2648 907 2858 960 ἐδέοντό
2904 923 3049 978 τινος
3097 901 3319 974 ὴοικοὸ
3363 902 3558 972 λόγου·
3587 904 3724 968 ὼςᾶν

2145 973 2406 1068 οἰκοδομῆ
2457 973 2523 1050 sic
2570 999 2825 1067 μεγάλων
2865 973 2959 1051 καῖι
3003 997 3267 1070 ἐντίμων
3304 994 3478 1047 λίθων
3509 1011 3727 1050 συνιστα-

2153 1083 2312 1156 μένη.
2346 1085 2535 1156 χρῄζοι
2557 1086 2658 1154 τῆς
2687 1087 2796 1139 τῶν
2826 1085 3062 1138 εὐτελῶν
3093 1085 3203 1138 καὶ
3242 1083 3474 1152 μικρῶν
3506 1081 3731 1154 βιζακίων

2151 1176 2540 1246 συνοικοδομῆς
2560 1191 2572 1204 ·
2611 1175 2804 1247 τούτου
2833 1175 3032 1228 ἕνεκεν,
3053 1173 3248 1236 οὕτως
3285 1173 3390 1226 καὶ
3417 1175 3732 1244 ἐποιησάμην

2150 1266 2248 1336 τὴν
2299 1265 2649 1319 ὑποτύπωσιν
2705 1265 2806 1334 τῆς
2859 1264 3150 1337 παρούσης
3203 1263 3627 1334 πραγματείας,
3673 1267 3730 1335 μὴ

2148 1356 2426 1426 τολμήσας
2457 1355 2596 1427 πρὸς
2634 1356 2798 1424 ὑμᾶς,
2853 1355 2991 1408 ἀλλὰ
3043 1357 3214 1426 κοινῇ
3261 1356 3370 1416 τὰς
3417 1354 3730 1416 διδασκαλίας

2152 1445 2502 1518 ποιήσασθαι.
2546 1445 2873 1516 Ἐπίσταμαι
2903 1445 3010 1516 γὰρ
3047 1445 3148 1498 καὶ
3181 1443 3296 1513 τὴν
3327 1442 3574 1512 ἐμαυτοῦ
3605 1443 3730 1498 ἀσθέ-

2150 1555 2334 1599 νειαν,
2389 1537 2484 1590 καὶ
2528 1535 2590 1589 το
2642 1537 2847 1590 τέλειον
2901 1537 3000 1606 τῆς
3053 1535 3358 1606 ὑμετέρας
3400 1535 3728 1602 πατρὸτητος.

2152 1627 2266 1688 Νῦν
2291 1627 2373 1693 δὲ,
2397 1625 2473 1690 ὡς
2499 1625 2778 1696 ἔφθασενό
2794 1626 2925 1696 περὶ
2949 1627 3049 1694 τῆς
3072 1625 3363 1695 ἀληθείας
3392 1623 3572 1692 λόγος,
3598 1625 3730 1693 ἀνατο

2153 1722 2304 1773 καῖον
2357 1720 2486 1788 ὑμῖν
2535 1719 2762 1788 ἐνόμισα
2819 1717 3010 1772 τοῦτον
3047 1717 3366 1784 ἀναϐῆναι,
3406 1717 3486 1778 ὠς
3519 1715 3672 1784 διῖιρόν
3690 1735 3728 1770 τι

476 1807 697 1878 stigiosa
733 1808 1024 1878 magniﬁco
1069 1817 1288 1878 sumptu
1337 1805 1640 1876 ingentium
1694 1805 1940 1876 lapidum
1985 1822 2051 1862 ac

2161 1809 2298 1863 θεῖον
2359 1807 2453 1862 καὶ
2479 1808 2778 1878 ἐξαίρετον.
2811 1809 2874 1862 Ἦ
2896 1808 3065 1872 ὅντως
3093 1807 3350 1878 ἀλήθεια
3371 1807 3403 1860 ὁ
3431 1806 3568 1868 Θεὸς
3594 1807 3726 1860 ἐστιν.

476 1901 844 1968 pretiosorum
869 1901 1187 1956 substructa
1217 1901 1291 1954 sit
1331 1908 1388 1954 et
1418 1908 1727 1970 compacta,
1752 1907 1911 1970 egeat
1956 1900 2047 1954 ni-

477 1992 775 2047 hilominus
797 1993 867 2048 ad
905 1993 1212 2047 absolutam
1233 2001 1290 2046 ct
1311 1991 1542 2046 solidam
1582 1991 2047 2046 substructionem

477 2082 764 2138 minutulis
791 2083 1003 2152 scrupis
1035 2093 1089 2137 et
1125 2080 1442 2137 rudusculis
1467 2095 1732 2150 perquam
1767 2080 2047 2144 tenuibus,

477 2175 703 2244 hujusce
739 2174 818 2228 rei
843 2175 1018 2246 gratia
1049 2175 1228 2228 visum
1277 2181 1361 2228 est
1387 2171 1748 2228 summariam
1801 2170 2050 2226 delinea-

478 2263 682 2317 tionem
717 2263 1006 2333 praesentis
1041 2264 1292 2334 Opusculi
1347 2262 1441 2317 tali
1491 2262 1634 2318 serie
1686 2261 1935 2332 digerere
1995 2269 2053 2316 et

479 2355 766 2411 eﬁ‘ormare
791 2373 805 2410 :
835 2357 1058 2412 interim
1081 2373 1189 2410 non
1210 2371 1379 2411 ausus
1401 2355 1497 2410 uni
1524 2370 1592 2409 ex
1625 2353 1784 2409 vobis
1807 2353 2052 2423 peculia-

2155 1901 2276 1972 Χρὴ
2296 1896 2390 1954 οὖν
2409 1899 2588 1954 πάντα
2607 1899 2895 1970 ἄνθρωπον
2921 1899 3226 1970 ἐρωτῶντα
3255 1898 3334 1952 τὰ
3355 1901 3462 1968 τῆς
3490 1897 3725 1966 ἀληθείας,

2155 1992 2368 2064 πρῶτον
2389 1989 2648 2058 εὔξασθαι
2672 1990 2764 2044 τοῦ
2797 1990 3097 2059 ἐπιγνῶναι
3128 1991 3242 2060 τὴν
3259 1989 3448 2050 ὅντως
3473 1986 3724 2058 ἀλήθειαν·

2155 2081 2250 2133 καὶ
2283 2081 2458 2133 εἰπεῖν
2483 2079 2612 2150 περὶ
2642 2079 2835 2149 αὐτῆς,
2867 2079 2942 2142 ὡς
2975 2081 3186 2152 πρέπει
3240 2077 3330 2148 τῷ
3371 2078 3476 2148 τῆς
3508 2077 3725 2146 ἀληθείας

2155 2171 2382 2242 ἐραστῇ,
2433 2170 2576 2224 κατά
2617 2171 2708 2222 τὸν
2763 2169 3010 2235 εἰπόντα,
3047 2188 3066 2222 ι
3098 2171 3199 2240 Μὴ
3257 2168 3541 2240 περιέλῃς
3582 2167 3726 2219 sxta}

2158 2261 2432 2332 στόματός
2465 2279 2568 2333 μου
2603 2251 2762 2330 λόγον
2791 2261 3052 2331 ἀληθείας
3089 2261 3203 2324 ἕως
3231 2261 3479 2328 σφόδρα.
3507 2278 3524 2311 ι
3572 2259 3632 2312 Ἦ
3653 2259 3721 2328 γὰρ

2157 2351 2387 2421 ἀλήθεια
2419 2352 2556 2422 πρὸς
2601 2353 2726 2414 τοὺς
2783 2349 3191 2423 ἐργαζομένους
3233 2349 3427 2420 αὐτὴν
3481 2347 3716 2416 ἐπανήξε-

479 2449 632 2516 riter,
659 2452 827 2506 sedin
853 2467 1141 2507 commune
1163 2451 1422 2507 omni-bus
1447 2452 1888 2522 qualemcunque
1943 2449 2086 2504 hanc
2127 2447 2334 2504 inferre
2363 2449 2692 2503 doctrinam.
2741 2447 3034 2517 Siquidem
3101 2443 3388 2516 ingenioli
3421 2443 3534 2498 mei
3584 2442 3720 2496 imbe-

479 2543 678 2597 cillitas
709 2544 844 2598 mihi
883 2545 1016 2599 satis
1045 2560 1321 2616 superque
1355 2559 1614 2614 persuasa
1676 2551 1762 2598 est
1829 2554 1888 2598 et
1942 2551 2252 2614 perspecta,
2299 2555 2403 2596 nec
2451 2545 2636 2595 minus
2669 2541 3012 2610 exploratam
3068 2539 3262 2594 habeo
3307 2545 3372 2594 et
3415 2543 3722 2606 compertam

479 2633 734 2689 eximiam
765 2635 933 2689 animi
965 2635 1134 2690 vestri
1163 2636 1468 2690 lenitatem.
1509 2633 1665 2689 Nunc
1697 2643 1882 2690 autem
1917 2650 2042 2689 cum
2083 2634 2240 2687 eosit
2271 2639 2568 2702 provectus
2587 2631 2750 2696 liber,
2785 2641 2848 2687 ut
2876 2631 2946 2686 de
2967 2631 3204 2686 veritate
3235 2628 3387 2684 mihi
3453 2627 3526 2683 sit
3586 2627 3722 2681 disse-

483 2728 732 2791 rendum,
759 2730 1131 2784 necessarium
1156 2729 1305 2790 duxi,
1355 2744 1482 2784 eum
1511 2728 1609 2784 tibi
1643 2729 1828 2784 dicare
1877 2728 2236 2798 peculiariter
2288 2726 2445 2796 quasi
2513 2725 2766 2780 divinum
2798 2725 3073 2796 quoddam
3137 2732 3197 2778 et
3237 2723 3470 2792 insigne
3535 2735 3718 2774 munus.

485 2819 749 2874 Prorsum‘
775 2821 978 2876 veritas
1027 2822 1170 2876 Deus
1213 2829 1298 2875 est
1345 2839 1357 2874 :
1396 2836 1620 2876 necesse
1653 2821 1822 2891 igitur
1849 2820 1942 2883 sit,
1992 2827 2053 2873 ut
2087 2819 2254 2873 homo
2281 2817 2464 2874 omnis
2531 2817 2598 2889 (si
2647 2817 2812 2872 modo
2879 2816 3130 2871 veritatis
3180 2823 3275 2871 est
3319 2810 3718 2874 amantissimus)

486 2911 540 2963 in
565 2912 706 2966 votis
728 2912 927 2968 habeat
959 2913 1064 2966 hoc
1112 2914 1372 2992 primum,
1407 2922 1464 2967 et
1491 2921 1613 2968 oret
1677 2914 1786 2968 sibi
1855 2911 2129 2982 indulgeri
2160 2927 2434 2982 germanae
2449 2911 2698 2966 veritatis
2714 2911 3115 2982 cognitionem,
3137 2909 3332 2980 deque
3357 2923 3426 2962 ea
3451 2913 3515 2959 ut
3551 2919 3721 2960 sero-

487 3017 610 3056 uem
670 3005 940 3060 edisserat
971 3021 1196 3074 prorsus
1225 3015 1468 3060 amatore
1499 3006 1748 3062 veritatis
1798 3007 2046 3078 dignum,
2084 3007 2240 3076 juxta
2299 3006 2449 3061 illius
2508 3006 2844 3062 sententiam
2883 3005 2980 3076 qui
3009 3003 3194 3059 dixit:
3237 3021 3257 3055 ε
3305 2999 3396 3056 Ne
3421 2998 3630 3056 auferas
3664 2995 3715 3048 de

487 3111 582 3152 ore
606 3113 729 3152 meo
765 3098 994 3153 verbum
1035 3095 1284 3154 veritatis
1319 3094 1713 3169 usquequaque
1736 3099 1803 3152 ⁸³.
1837 3117 1856 3150 ι
1893 3099 2112 3168 Veritas
2168 3098 2320 3155 enim
2353 3097 2420 3153 ad
2476 3113 2574 3154 eos
2619 3097 2871 3169 recipiet
2936 3113 3018 3164 se,
3049 3103 3107 3152 et
3140 3094 3482 3158 illustrabit,
3514 3092 3602 3163 qui
3627 3105 3719 3145 eam

487 3206 650 3260 opere
685 3191 806 3260 ipso
832 3199 1114 3246 exercent.

557 3281 1027 3347 Quemadmodum
1078 3281 1246 3352 igitur
1271 3281 1364 3352 qui
1416 3281 1630 3352 profert
1683 3281 2056 3346 mendacium,

2235 3283 2448 3353 Ὥσπερ
2467 3278 2560 3336 οὖν
2576 3284 2604 3336 ὁ
2621 3282 2799 3337 λαλῶν
2816 3282 2878 3336 τὺ
2898 3280 3097 3352 ψεῦδος
3125 3279 3360 3352 μολύνει
3383 3278 3486 3349 τὴν
3529 3273 3720 3345 καρδίαν

488 3369 828 3423 contaminat
859 3382 923 3422 ac
967 3367 1216 3424 defmdat
1265 3382 1360 3422 cor
1419 3376 1474 3422 et
1529 3384 1634 3436 os;
1695 3369 1869 3438 (nam
1927 3372 2060 3429 hosti

2165 3371 2261 3426 καὶ
2285 3371 2346 3425 τὸ
2375 3371 2550 3441 στόμα
2575 3369 2659 3440 (τὸ
2674 3373 2781 3441 γὰρ
2793 3371 3144 3441 ψεῦσμα,τῷ
3168 3371 3446 3441 δυσμενετ
3469 3367 3715 3436 διαφέρει·

490 3464 748 3520 humana:
821 3462 1018 3518 salutis
1089 3464 1225 3519 utile
1291 3469 1380 3516 est
1449 3463 1850 3529 mendacium,
1916 3475 2060 3534 pater

2163 3465 2192 3518 ὁ
2219 3462 2332 3535 γὰρ
2370 3463 2554 3533 πατὴρ
2583 3459 2676 3514 τοῦ
2718 3460 2968 3530 ψεύδους,
2993 3464 3022 3514 ὁ
3049 3462 3302 3526 διάϐολός
3342 3460 3540 3530 ἐστιν),
3577 3456 3719 3516 οὕτως

487 3561 634 3612 enim
689 3556 965 3613 mendacii
997 3556 1254 3612 diabolus
1280 3554 1410 3624 est),
1445 3556 1520 3610 ita
1568 3567 1622 3611 et
1653 3557 1744 3626 qui
1784 3557 2060 3612 veritatem

2165 3553 2258 3608 καὶ
2278 3555 2308 3606 ὁ
2335 3551 2513 3606 λαλῶν
2539 3553 2639 3624 τὴν
2665 3552 2924 3623 ἀλήθειαν
2979 3553 3280 3620 ἁγιάζεται
3305 3553 3410 3626 τὴν
3431 3549 3620 3622 ψυχὴν,
3642 3547 3715 3600 καὶ

489 3639 754 3708 loquitur,
773 3639 1014 3694 animam
1042 3640 1372 3708 sanctiﬁcat,
1393 3651 1450 3696 et
1473 3657 1556 3707 os,
1585 3651 1642 3696 et
1673 3641 1886 3712 reliqua
1929 3656 2060 3696 cor-

487 3731 638 3800 poris
663 3732 910 3787 membra
943 3750 956 3786 :
988 3733 1192 3788 veritas
1232 3733 1380 3788 enim
1417 3731 1672 3788 Christus
1691 3741 1805 3788 .est.
1859 3731 2065 3787 Admo-

487 3839 628 3879 nens
647 3832 828 3879 autem
853 3825 1123 3896 propheta
1139 3826 1433 3880 Zacharias
1456 3826 1720 3896 populum
1747 3825 1900 3879 illum
1923 3824 2072 3880 male

487 3921 842 3992 morigerum,
867 3922 986 3978 ait:
1039 3942 1059 3975 ι
1102 3922 1416 3994 Loquimini
1439 3921 1728 3977 veritatem
1761 3921 2064 3990 unusquis-

488 4025 598 4080 que
645 4027 768 4067 cum
801 4013 1053 4083 proximo
1098 4030 1221 4080 suo,
1256 4014 1474 4084 1128
1505 4021 1562 4067 et
1585 4008 1859 4084 judicium
1908 4011 2065 4088 paci-

491 4099 654 4155 ﬁcum
679 4101 924 4170 judicate
945 4103 1045 4156 ".i
1069 4103 1224 4158 Alius
1254 4120 1268 4157 :
1301 4122 1319 4155 ‹
1358 4102 1529 4156 Labia
1563 4103 1782 4158 veracia
1817 4094 2067 4172 dirigunt

491 4195 891 4260 testimonium,
925 4197 1020 4266 qui
1043 4204 1226 4250 autem
1255 4210 1588 4250 conservare
1615 4195 1806 4250 volunt
1851 4208 2064 4263 pacem,

490 4284 822 4340 laetabuntur
849 4287 918 4342 ⁵⁷.
949 4305 967 4336 ι
989 4285 1195 4340 Iterum
1231 4303 1278 4339 τι
1310 4285 1610 4342 Veritatem
1646 4284 1886 4355 posside,
1913 4293 1970 4339 et
1997 4297 2067 4338 ne

491 4377 758 4451 ahjeceris
809 4378 1132 4446 sapientiam
1164 4385 1329 4446 atque
1385 4376 1783 4446 disciplinam;
1829 4375 1958 4445 quia
2005 4389 2068 4430 os

491 4483 658 4522 verax
689 4467 1010 4537 implebitur
1036 4467 1150 4522 risu
1177 4467 1246 4532 ",
1283 4486 1302 4520 ι
1343 4467 1448 4521 hoc
1473 4475 1560 4522 est
1607 4466 1828 4538 gaudio.
1847 4465 2067 4522 David:

499 4579 518 4610 ι
549 4559 796 4622 Domine,
821 4559 947 4628 quis
977 4559 1324 4614 habitabitin
1373 4559 1730 4614 tabernaculo
1782 4569 1897 4623 tuo,
1962 4567 2060 4613 aut
2103 4617 2119 4628 _,

491 4651 616 4718 quis
640 4651 952 4720 requiescet
987 4649 1044 4704 in
1095 4657 1282 4704 monte
1310 4658 1500 4704 sancto
1529 4657 1622 4704 tuo
1649 4649 1734 4704 '9?
1765 4669 1784 4700 ι
1845 4648 2018 4704 lnt‘ert
2049 4667 2068 4702 :

499 4762 518 4794 ι
553 4743 655 4811 Qui
689 4744 1000 4814 ingreditur
1023 4742 1142 4799 sine
1175 4743 1388 4798 macula
1417 4753 1750 4814 etOperatur
1768 4742 2068 4814 justitiam,

491 4837 586 4906 qui
616 4835 862 4905 loquitur
889 4835 1180 4890 veritatem
1203 4835 1256 4890 in
1287 4835 1455 4890 corde
1490 4851 1590 4890 suo
1617 4835 1685 4898 °°,
1719 4855 1738 4885 ι
1803 4835 1910 4888 hoc
1961 4843 2067 4898 est,

493 4926 680 4982 corde.
705 4911 1042 4996 Principium
1082 4941 1398 4981 sermonum
1425 4936 1642 4980 tuorum
1670 4924 1898 4985 veritas.
1931 4931 1987 4979 et
2014 4925 2068 4978 in

493 5019 677 5074 omnia
698 5019 896 5074 saecula
913 5019 1126 5089 judicia
1137 5019 1368 5090 justitize
1393 5026 1518 5072 tum.
1551 5017 1770 5073 Etenim
1797 5034 1810 5070 :
1846 5037 1864 5069 ι
1891 5015 2070 5086 Opera

493 5127 758 5166 manuum
822 5122 1041 5166 tuarum
1089 5111 1294 5166 veritas
1327 5121 1385 5166 et
1439 5110 1714 5183 judicium
1759 5110 1823 5163 θ’.
1864 5129 1883 5162 ι
1936 5109 2004 5162 Ει
2053 5125 2068 5162 :

503 5221 521 5252 ι
551 5203 924 5258 Misericordia
939 5205 1211 5260 etveritas
1229 5203 1753 5274 pragccdentfaciem
1784 5201 2014 5257 tuam".
2045 5221 2064 5254 ι

497 5293 728 5363 Propter
751 5293 857 5350 hoc
893 5311 906 5348 :
936 5313 955 5346 ι
983 5295 1212 5350 Intende
1242 5310 1521 5366 prospere,
1586 5293 1848 5364 procede,
1891 5301 1946 5348 et
1983 5308 2072 5348 re-

497 5400 602 5456 gna
625 5394 849 5454 propter
885 5387 1172 5444 veritatem
1203 5397 1259 5444 et
1295 5387 1779 5444 mansuetudinem
1817 5395 1875 5442 et
1907 5387 2074 5458 justi-

501 5478 738 5533 tiam".»
765 5477 825 5532 In
852 5494 951 5534 ore
1033 5479 1182 5560 enim
1204 5481 1564 5536 inimicorum
1600 5491 1851 5536 meorum
1902 5497 1920 5530 ι
1959 5494 2074 5534 non

2021 5579 2080 5603 δ

2162 3644 2224 3698 τὸ
2253 3644 2432 3716 σῶμα,
2467 3643 2566 3698 καὶ
2610 3645 2790 3699 πάντα
2826 3644 2898 3698 τὰ
2943 3645 3118 3716 μέληο
3183 3647 3218 3716 ή
3275 3645 3390 3715 γὰρ
3447 3640 3657 3710 ἀλήθεια
3692 3637 3714 3687 ὁ

2164 3735 2402 3808 Χριστός
2431 3738 2600 3814 ἐστιν.
2630 3735 2918 3790 Νουθετῶν
2951 3737 3010 3790 δὲ
3056 3737 3152 3790 καὶ
3193 3738 3222 3790 ὁ
3251 3736 3541 3808 προφήτης
3565 3733 3712 3800 Ζαχα-

2165 3827 2290 3900 ρίας
2317 3827 2410 3880 τὸν
2443 3827 2680 3898 ἀνήκοον
2728 3827 2878 3894 λαὸν,
2925 3828 3091 3898 φησὶν
3130 3827 3272 3900 πρὸς
3319 3826 3538 3890 αὐτοὺς,
3586 3840 3604 3871 σ
3629 3822 3715 3872 Λα·

2164 3921 2309 3977 λεῖτε
2354 3923 2614 3994 ἀλήθειαν
2665 3924 2898 3986 ἕκαστος
2925 3922 3086 3994 ,πρὸς
3135 3923 3228 3978 τὸν
3281 3920 3511 3992 πλησίον
3555 3912 3706 3975 αὑτοῦ.

2165 4017 2262 4070 καὶ
2291 4019 2464 4087 κρῖμα
2493 4017 2770 4088 είρηνικὺν
2815 4016 3064 4088 κρίνατε.
3094 4035 3114 4068 ι
3154 4017 3266 4071 Καὶ
3295 4014 3478 4076 ἄλλος,
3524 4028 3554 4061 ι-
3573 4005 3706 4072 Χείλη

2165 4107 2396 4170 ἀληθινὰ
2423 4109 2685 4178 κατορθοῖ
2705 4107 3034 4179 μαρτυρίαν.
3067 4107 3132 4160 Oi.
3159 4105 3217 4160 δὲ
3248 4104 3560 4176 βουλόμενοι
3587 4099 3708 4165 εἰρη-

2167 4197 2379 4262 νεύειν,
2414 4196 2906 4267 εὐφρανθήσονται.
2947 4214 2967 4248 ›
3005 4196 3117 4248 Καὶ
3146 4194 3352 4260 πάλιν,
3408 4210 3426 4244 ι
3467 4185 3704 4256 Ἀλήθειαν

2168 4289 2391 4359 κτῆσαι,
2424 4289 2519 4343 καὶ
2570 4287 2646 4358 μὴ
2697 4287 2896 4360 ἀπώσῃ
2944 4287 3140 4356 σοφίαν
3197 4287 3295 4340 καὶ
3351 4281 3614 4339 παιδείαν·
3641 4275 3700 4326 ὅτι

2171 4381 2348 4450 στόμα
2396 4379 2677 4448 ἀληθινοῦ,
2721 4377 3176 4449 ἐμπλησθήσεται
3238 4377 3492 4446 γέλωτος,
3521 4389 3540 4422 ι
3574 4380 3696 4420 τουτ-

2170 4473 2338 4540 έστιν,
2361 4475 2556 4543 χαρᾶς.
2599 4471 2660 4524 Ὀ
2701 4471 2757 4524 δὲ
2791 4469 2974 4534 Δαυῒδ,
3019 4489 3036 4522 ι
3075 4469 3270 4538 Κύριε,
3299 4468 3386 4531 τίς
3419 4458 3696 4532 παροικήσει

2173 4567 2230 4618 ὲν
2258 4564 2346 4636 τῷ
2373 4563 2704 4636 σκηνώματί
2725 4579 2851 4628 σου;
2891 4561 2926 4634 ἢ
2971 4561 3057 4624 τίς
3092 4556 3506 4630 κατασκηνώσει
3537 4552 3588 4603 ἐν
3609 4547 3694 4614 ὄρει

2173 4657 2315 4728 ἁγίῳ
2354 4673 2490 4723 eoo;
2521 4673 2538 4706 ι
2573 4653 2689 4708 Καὶ
2734 4654 3013 4724 ἐπιφέρει,
3044 4671 3064 4704 ι
3093 4651 3465 4726 Πορευόμενος
3491 4645 3695 4713 ἄμωμος.

2177 4749 2272 4804 καὶ
2301 4747 2670 4818 ἐργαζόμενος
2725 4745 3096 4816 δικαιοσύνην,
3158 4743 3336 4796 λαλῶν
3389 4735 3620 4808 ἀλήθειαν
3651 4728 3692 4777 ἐν

2175 4838 2374 4910 καρδίᾳ
2426 4838 2613 4903 αὑτοῦ,
2644 4856 2664 4890 ›
2697 4837 3004 4902 τουτέστιν,
3029 4835 3136 4888 ἀπὸ
3164 4833 3410 4905 καρδίας.
3441 4823 3591 4898 ἈρΧῆ
3613 4819 3693 4886 γὰρ

2172 4931 2283 4985 τῶν
2313 4919 2488 4998 λόγιον
2522 4946 2617 4982 σου
2669 4927 2918 4997 ἀλήθεια,
2955 4927 3052 4982 καὶ
3105 4927 3187 4988 είς
3228 4923 3319 4979 τὸν
3357 4921 3516 4978 αίῶνα
3550 4913 3691 4998 πάντα

2174 5023 2244 5076 τὰ
2288 4996 2532 5094 κρίματα
2568 5023 2668 5091 τῆς
2717 4996 3066 5090 δικαιοσύνης
3119 5035 3237 5072 σου.
3291 5015 3400 5072 Καὶ
3439 5009 3554 5080 γὰρ,
3587 4996 3691 5102 σϋτξ

2172 5091 2336 5184 ἔργα*
2359 5111 2470 5166 τῶν
2513 5111 2716 5182 χειρῶν
2749 5128 2844 5166 σου
2889 5109 3139 5180 ἀληθινὰ,
3176 5107 3274 5162 καί⁵
3317 5105 3527 5176 κρίσεις.
3558 5113 3574 5146 ι
3603 5091 3686 5144 Καὶ

2179 5225 2198 5256 ι
2241 5205 2430 5265 "Exeo;
2489 5203 2588 5256 καὶ
2652 5201 2880 5273 ἀλήθεια
2951 5199 3387 5274 προπορεύσεται
3427 5190 3520 5262 πρὸ
3557 5194 3685 5276 “PP?

2174 5296 2323 5348 ώπου
2347 5311 2462 5348 σου.
2500 5314 2520 5347 ι
2547 5293 2660 5346 Καὶ
2685 5293 2774 5346 διὰ
2801 5291 2960 5346 τοῦτο
2986 5310 3004 5340 ι
3021 5292 3293 5344 Ἔντεινον
3319 5286 3409 5341 καὶ
3429 5271 3677 5335 κατευοδου.

2175 5386 2270 5439 καὶ
2304 5383 2580 5454 βασίλευε,
2611 5383 2798 5435 Ξνεκεν
2829 5379 3110 5448 ἀληθείας,
3148 5379 3247 5432 καὶ·
3290 5375 3589 5458 πραότητος,Δ
3609 5353 3679 5458 κξὶ

2175 5475 2542 5545 δικαιοσύνης.
2578 5475 2706 5529 »Ἐν
2729 5473 2808 5545 τῷ
2839 5473 3072 5543 στόματι
3213 5469 3323 5540 γὰρ
3371 5463 3466 5520 τῶν
3515 5451 3674 5524 ἐχθίῖων

569 5656 617 5690 ⁵⁸
663 5657 802 5710 Psal.
846 5673 1024 5714 οτι-ιιι.
1065 5660 1153 5715 43.
1227 5661 1274 5692 “
1310 5659 1475 5714 Zach.
1500 5676 1615 5722 vui,
1642 5622 1726 5714 I6.
1803 5657 1848 5688 ³⁷
1878 5657 2038 5711 Prov.

2161 5694 2169 5713 .
2204 5651 2294 5706 9.0.
2375 5653 2421 5686 ⁸⁸
2466 5653 2630 5714 Prov.
2671 5667 2750 5714 tv,
2896 5649 2942 5682 ⁸⁸
2984 5649 3126 5704 Psal.
3163 5661 3272 5709 xxv,
3313 5645 3362 5700 l.
3447 5619 3664 5688 "Hii‘w'

500 5727 556 5780 3.
629 5728 668 5758 ⁶²
721 5727 860 5782 Psal.
890 5745 974 5794 ex,
1002 5730 1054 5782 7.
1132 5731 1176 5761 δ’
1232 5729 1376 5784 Psal.
1413 5745 1664 5794 Lxxxvm,
1701 5727 1784 5782 15.

1864 5727 1908 5758 ⁸³
1936 5725 2078 5782 Psal.
2111 5740 2250 5788 xuv,
