3944 6484
391 387 535 452 1629‘

1308 392 1638 456 HOMILIA
1678 397 2001 457 ωιτη-ο
2036 357 2134 454 Ds
2171 395 2731 462 CORREPTIONE.

3504 398 3648 463 1630

377 520 488 572 μου
524 521 544 553 ι
572 501 672 554 οὐκ
721 499 867 554 ἔστιν
899 503 1148 573 ἀλήθεια,
1193 505 1276 560 ὅτι
1321 507 1354 576 ἡ
1392 508 1590 578 καρδία
1631 509 1812 562 αὐτῶν
1855 525 1962 577 μα-

2068 518 2152 564 est
2191 509 2414 574 veritas,
2443 511 2574 580 quia
2614 519 2710 566 ea
2737 526 2932 568 eorum
2951 527 3152 567 vanum
3174 521 3258 568 e'St
3288 531 3300 566 :
3324 513 3645 583 sepulcrum

371 591 542 645 ταία·
608 591 704 644 καὶ
754 590 927 660 τάφος
987 594 1332 664 ἀνεῳγμένος
1401 596 1430 647 6
1485 595 1694 668 λάρυγξ
1744 596 1960 648 αὐτῶν·

372 685 499 746 ταῖς
527 679 803 750 γλώσσαις
848 682 1028 736 αὐτῶν
1073 683 1387 738 ἐδολιοῦσαν
1414 701 1428 715 ⁸
1466 685 1552 740 διὰ
1581 672 1740 738 τοῦτο
1779 689 1964 756 κρῖνον

376 775 604 837 αὑτοὺς,
635 777 664 829 6
690 775 845 837 Θεὸς.
875 793 896 826 ι
929 775 1098 844 Φησὶν
1123 776 1180 828 δὲ
1209 775 1304 829 καὶ
1336 777 1364 828 6
1396 777 1648 845 ἀληθινὸς
1673 777 1818 843 Ἰὼϐ,
1855 797 1880 828 ι-
1903 780 1962 830 Et

375 867 438 920 δὲ
470 869 566 920 καὶ
595 868 919 939 ἐψευσάμην
951 869 1173 938 ῥήματα
1203 869 1359 936 ἁγίου
1389 869 1524 922 Θεοῦ
1575 886 1697 939 μου.
1736 888 1755 922 ι
1802 869 1912 922 Καὶ
1937 871 1964 923 6

382 959 836 1028 Παροιμιαστὴς,
877 975 896 1008 ι
934 957 1227 1028 Κρείσσων
1257 959 1470 1028 πτωχὸς
1502 961 1559 1012 ἐν
1593 957 1824 1030 ἀληθείᾳ.
1862 949 2011 1011 ’πο-ί

382 1049 681 1120 ρευόμενος
739 1049 992 1108 πλουσίου
1023 1049 1279 1118 ψεύστουζ
1320 1070 1339 1101 ι
1391 1051 1572 1104 Ποιεῖν
1620 1049 1730 1121 γὰρ
1757 1049 1962 1115 δίκαια,

382 1139 481 1190 καὶ
503 1137 812 1205 ἀληθεύειν,
844 1138 1051 1208 ἀρεστά
1086 1139 1240 1208 παρά
1270 1138 1350 1209 τῷ
1386 1138 1506 1211 Θεῷ
1545 1140 1766 1210 μᾶλλον,
1799 1140 1832 1210 ἢ
1875 1139 1968 1193 θυ-

327 1296 331 1300 .
385 1229 520 1284 σιῶν
533 1227 690 1300 αἷμα.
711 1232 816 1286 Καὶ
830 1227 1006 1298 αὖθις,
1041 1249 1060 1282 ι
1088 1231 1572 1306 Ἀνοίγων,φησὶν,
1603 1232 1712 1286 ἀπὸ
1743 1233 1966 1304 χειλέων

323 1335 335 1345 ⁸
383 1321 544 1394 ὀρθὰ,
587 1324 670 1376 ὅτι
704 1323 956 1394 ἀλήθειαν
1003 1324 1290 1395 μελετήσει
1333 1324 1362 1376 6
1399 1324 1608 1394 λάρυγξ
1641 1340 1741 1394 μου
1768 1341 1782 1356 ο
1815 1324 1966 1378 εὗδε-

382 1416 628 1486 λυγμένα
653 1417 710 1470 δὲ
755 1417 987 1470 ἐνώπιόν
1022 1433 1126 1484 μου
1158 1415 1308 1488 χείλη
1333 1415 1523 1486 ψευδῆ.
1560 1435 1580 1466 ›
1604 1415 1664 1468 '0
1705 1415 1762 1468 δὲ
1806 1415 1969 1469 Ἀπό-

387 1509 573 1572 στολος
592 1525 608 1540 ο
635 1527 655 1560 ι
676 1508 1036 1578 Ἀποθέμενοι
1055 1507 1150 1560 οῦν
1171 1507 1232 1560 τὸ
1252 1507 1446 1576 ψεῦδος
1473 1505 1683 1560 λαλεῖτε
1705 1505 1966 1576 ἀλήθειαν

383 1598 614 1662 ἕκαστος
642 1599 778 1668 μετά
805 1597 900 1652 τοῦ
930 1599 1158 1668 πλησίον
1197 1596 1384 1664 αὑτοῦ,
1415 1597 1496 1650 ὅτι
1527 1595 1694 1666 ἐσμὲν
1723 1596 1968 1666 ἀλλήλων

388 1687 550 1758 μέλη.
581 1707 598 1739 υ
637 1687 766 1753 Καὶ,
806 1706 824 1739 ι
865 1689 954 1742 Ἐν
982 1687 1573 1758 ἀγάπῃνάνυποκρίτῳ,
1604 1685 1702 1740 καὶ
1730 1688 1788 1740 ὲν
1823 1685 1968 1756 λόγῳ

383 1778 665 1850 ἀληθείας.
701 1799 720 1830 ι
769 1780 827 1832 'O
860 1779 919 1833 δὲ
961 1777 1239 1848 Ἰωάννης,
1271 1797 1290 1830 ι
1319 1777 1576 1846 Οἴδαμεν,
1613 1777 1798 1848 φησιν,
1829 1778 1912 1832 ὅτι
1938 1777 1968 1830 6

385 1867 518 1932 Υἱὸς
546 1869 639 1936 τοῦ
672 1869 812 1922 Θεοῦ
855 1869 1004 1940 ἥκει,
1045 1870 1140 1923 καὶ
1166 1869 1366 1923 ἔδωκεν
1395 1871 1532 1940 ἡμῖν
1575 1868 1836 1937 διάνοιαν,
1877 1868 1966 1924 ἵνα

381 1961 744 2030 γινώσκωμεν
775 1962 868 2016 τὸν
915 1961 1174 2033 ἀληθινὸν
1218 1962 1374 2016 Θεόν.
1403 1963 1511 2017 Καὶ
1559 1963 1728 2034 ἐσμὲν
1775 1962 1834 2016 ὲν
1884 1961 1964 2036 τῷ

381 2053 623 2126 ἀληθινῷ
635 2053 749 2126 Υἱῷ
767 2053 932 2108 αὐτοῦ
955 2053 1134 2126 Ἰησοῦ
1155 2054 1398 2127 Χριστῷ,
1423 2054 1480 2118 ὃς
1501 2053 1646 2106 ἐστιν
1661 2055 1690 2106 6
1713 2051 1964 2124 ἀληθινὸς

379 2141 535 2207 Θεὸς,
573 2142 668 2196 καὶ
700 2145 734 2211 ἡ
763 2142 876 2214 ζωὴ
898 2147 932 2215 ὴ
963 2143 1204 2208 αἰώνιος.
1245 2143 1305 2200 Ὁ
1333 2142 1446 2214 γὰρ
1473 2143 1652 2198 λαλῶν
1683 2143 1960 2215 ἀληθειαν,

381 2237 442 2288 ὲν
481 2235 560 2306 τῷ
589 2235 708 2307 Θεῷ
743 2235 914 2307 μένει.
950 2255 969 2288 ι
999 2233 1120 2307 Χρὴ
1149 2230 1245 2289 οὖν
1277 2235 1458 2288 πᾶσαν
1500 2233 1757 2304 ἀλήθειαν
1784 2235 1848 2287 ὲκ
1868 2232 1962 2288 τοῦ

385 2329 655 2398 στὸματος
673 2327 769 2381 τοῦ
784 2326 1072 2398 ἀνθρώπου
1098 2327 1516 2398 ἐκπορεύεσθαι,
1533 2327 1620 2381 ἵνα
1641 2326 1702 2380 τὸ
1723 2326 1961 2396 πνεῦμα,

379 2417 411 2472 ὃ
457 2421 486 2473 6
528 2417 660 2484 Θεδς
711 2419 1016 2490 κατῴκισεν
1066 2423 1125 2474 ἐν
1185 2421 1252 2491 τῇ
1305 2421 1472 2490 σαρκὶ
1523 2417 1720 2494 ταύτῃ,
1765 2419 1964 2491 ἀληθὲς

382 2511 582 2581 εὑρεθῇ
623 2512 776 2582 παρᾶ
808 2513 977 2565 πᾶσιν
1016 2510 1349 2583 ἀνθρώποις,
1393 2511 1489 2564 καὶ
1521 2510 1695 2575 οὕτως
1731 2510 1960 2584 δοξασθῇ

383 2603 412 2654 6
447 2602 654 2672 Κύριος
686 2605 715 2657 6
753 2605 814 2656 ὲν
839 2602 917 2675 τῷ
943 2602 1217 2674 ἀνθρώπῳ
1250 2601 1543 2666 κατοικῶν,
1585 2601 1666 2656 ὅτι
1699 2603 1729 2656 6
1756 2601 1964 2675 Κύριος

381 2693 634 2760 ἀληθινὸς
690 2693 750 2746 ὲν
802 2695 966 2748 παντὶ
1001 2695 1230 2766 ῥήματι,
1275 2691 1372 2746 καὶ
1421 2691 1575 2745 οὐδὲν
1633 2693 1766 2764 παρ’
1812 2691 1964 2765 αὐτῷ

381 2783 595 2853 ψεῦδος.
650 2785 713 2839 0i
751 2780 846 2839 οῦν
879 2785 1224 2856 ψευδόμενοι,
1281 2783 1536 2838 ἀθετοῦσι
1606 2784 1700 2837 τὸν
1732 2783 1960 2854 Κύριον,

317 2911 321 2914 ς
384 2873 480 2926 καὶ
505 2873 746 2942 γίνονται
769 2875 1142 2946 ἀποστερηταὶ
1156 2872 1250 2926 τοῦ
1267 2872 1496 2943 Κυρίου,
1530 2871 1604 2944 μὴ
1624 2871 1965 2936 ἀποδιδόντες

384 2967 534 3039 αὐτῷ
560 2967 660 3040 τὴν
688 2967 1017 3039 παραθήκην
1042 2968 1109 3038 ἢν
1135 2956 1328 3019 ἔλαϐον
1351 2981 1366 2996 ο
1393 2965 1582 3018 ἔλαϐον
1605 2965 1714 3036 γὰρ
1748 2964 1966 3036 πνεῦμα

385 3057 674 3126 ἄψευστον.
697 3057 868 3112 Τοῦτο
892 3059 988 3112 ὲάν
1002 3057 1198 3129 ψευδὲς
1218 3057 1592 3122 ἀποδώσωσιν,
1613 3057 1845 3128 ἐμίαναν
1865 3056 1964 3129 τὴν

384 3149 478 3202 τοῦ
513 3149 648 3203 Θεοῦ
681 3150 1034 3222 παραθήκην,
1067 3153 1164 3206 καὶ
1195 3153 1445 3220 ἐγένοντο
1467 3150 1860 3220 ἀποστερηταί.
1905 3148 1964 3204 '0

385 3239 494 3310 γάρ
527 3239 816 3308 φυλάττων
860 3241 959 3314 τὴν
1003 3241 1294 3314 ἀλήθειαν,
1333 3242 1557 3296 δύναται
1599 3241 1781 3314 ἑαυτῷ
1819 3241 1963 3314 ζωὴν

387 3334 852 3405 περιποιήσασθαι
873 3351 889 3367 ο
921 3335 1251 3405 φυλάττεται
1277 3337 1385 3408 γὰρ
1415 3335 1520 3388 ὑπὸ
1555 3335 1654 3401 τῆς
1682 3334 1962 3406 ἀληθείας.

387 3427 627 3490 Εἰκότως
680 3422 774 3481 οῦν
826 3428 968 3482 κατά
1014 3429 1188 3496 τάξιν,
1239 3429 1387 3498 τίμιε
1441 3428 1618 3500 πάτερ
1671 3426 1961 3493 Εὑστάθιε,

385 3521 516 3591 ὑμῖν
547 3520 895 3593 ἀνεθήκαμεν
917 3523 1008 3577 τὸν
1036 3523 1168 3594 περ)⁹
1208 3523 1308 3592 τῆς
1351 3520 1610 3590 ἀληθείας
1635 3519 1814 3588 λόγον.
1849 3517 1968 3574 Ἀεὶ

385 3613 496 3684 γὰρ
526 3613 616 3668 τὸν
649 3613 885 3684 Χριστὸν
929 3613 1298 3684 ἐνδεδυμένος,
1339 3614 1398 3666 ὲν
1435 3611 1584 3683 αὐτῷ
1621 3611 1720 3682 ζῇς
1753 3610 1850 3665 καὶ
1880 3628 1967 3664 κι-

384 3705 572 3775 νῆσαι,
587 3705 682 3758 καὶ
701 3697 753 3758 εἴ
767 3703 842 3768 ὡς
865 3705 1122 3778 ἀληθινὸς
1143 3704 1451 3777 ἄνθρωπος,
1478 3703 1574 3756 καὶ
1593 3703 1692 3772 τῆς
1707 3701 1966 3773 ἀληθείας

383 3798 625 3866 ἐραστὴς
665 3797 1059 3868 μανικώτατος.
1091 3797 1230 3869 [Νῦν
1257 3796 1367 3866 γὰρ
1405 3793 1627 3868 θαρρεῖν
1661 3812 1751 3867 μοι
1783 3812 1964 3866 παρα-

385 3888 666 3942 κελεύεται
693 3889 867 3942 ταῦτα
911 3889 1042 3960 περὶ
1073 3889 1166 3943 σοῦ
1212 3887 1597 3960 ἀποφήνασθαι
1628 3890 1656 3942 ὁ
1684 3885 1855 3940 εἰπὼν
1886 3885 1966 3958 τῷ

385 3979 610 4049 Θωμᾷ,‹
631 3976 775 4046 Ἐγώ
796 3980 912 4048 εἰμι
943 3980 976 4049 ἡ
1005 3978 1142 4042 ὁδὸς,
1171 3977 1268 4032 καὶ
1307 3979 1340 4037 ή
1377 3977 1622 4048 ἀλήθεια,
1658 3975 1928 4047 καὶὴξωή
1950 3990 1966 4007 ⁹

385 4069 482 4123 καὶ
501 4069 676 4132 οὐδεὶς
701 4069 916 4140 ἔρχεται
944 4071 1081 4141 πρὸς
1105 4071 1194 4123 τὸν
1210 4071 1508 4138 Πατέρα,εἰ
1541 4069 1616 4140 μὴ
1640 4069 1709 4120 δι’
1737 4070 1890 4140 ἐμοῦ.
1910 4067 1960 4140 ι]

385 4157 544 4228 Αὐτῷ
575 4159 775 4230 πρέπει
804 4159 931 4226 δόξα
955 4161 1053 4214 σὺν
1085 4160 1260 4232 Πατρὶ
1289 4160 1387 4214 καὶ
1412 4157 1551 4229 ἁγίῳ
1582 4158 1859 4230 Πνεῦματι
1886 4161 1969 4225 εἰς

382 4251 512 4313 τοὺς
549 4251 770 4316 αξῶνας.
817 4252 876 4306 ’Δ
883 4253 1012 4323 μήν.

2065 606 2262 667 patens
2286 607 2475 670 guttur
2496 616 2712 670 eorum,
2745 603 2949 674 linguis
2980 604 3098 658 suis
3118 604 3305 660 dolose
3328 615 3581 674 egerunt,
3615 627 3632 656 ι

2065 697 2292 760 propter
2321 691 2426 747 hoc
2456 711 2476 743 ι
2506 693 2693 765 iudica
2727 695 2868 760 illos,
2907 695 3054 750 Deus
3077 697 3172 750 ⁸⁸.»
3207 695 3310 751 Sed
3349 705 3406 750 ct
3431 696 3636 750 veridi-

2065 797 2165 837 cus
2195 781 2298 836 Job
2328 799 2341 836 :
2371 802 2390 834 ι
2417 782 2539 838 Non
2567 785 2718 838 enim
2754 784 2896 840 elusi
2923 785 3286 842 verba-sancti
3312 787 3408 840 Dei
3444 785 3572 840 mei.
3613 806 3638 838 ι-

2064 875 2488 931 Paroemiastes:
2531 895 2550 927 ι
2588 875 2782 932 Melior
2828 885 2914 932 est
2938 892 3146 948 pauper
3173 878 3228 930 in
3257 879 3488 932 veritate
3524 891 3640 930 am-

2064 967 2261 1023 bulans
2291 967 2460 1024 divite
2496 968 2758 1025 mendace
2783 971 2849 1025 ⁶⁸.
2886 990 2906 1022 ι
2943 969 3146 1026 Facere
3171 969 3320 1026 enim
3351 971 3649 1041 quznjusta;

2065 1069 2212 1124 sunt,
2243 1070 2298 1116 et
2334 1061 2482 1131 loqui
2522 1061 2833 1127 veritatem,
2883 1069 3109 1131 accepta
3139 1071 3268 1118 sunt
3317 1062 3430 1116 Deo
3463 1062 3638 1133 magis

2064 1167 2228 1222 quam
2257 1154 2477 1222 sanguis
2503 1151 2874 1206 victimarum.
2914 1152 3132 1207 Rursus
3165 1169 3178 1204 :
3229 1171 3246 1203 ι
3277 1151 3544 1222 Aperiens
3605 1167 3636 1206 e

2064 1243 2230 1298 labiis
2290 1251 2460 1306 recta.
2517 1242 2646 1314 quia
2703 1243 2996 1298 veritatem
3053 1242 3416 1298 meditabitur
3449 1251 3652 1314 guttur-

2066 1351 2272 1399 meum,
2297 1335 2658 1389 exsecrabilia
2691 1343 2874 1389 autem
2916 1334 2970 1388 in
3005 1344 3302 1405 conspectu
3343 1350 3468 1390 meo
3492 1335 3636 1390 labia

2065 1425 2352 1481 mendacia
2381 1425 2448 1481 “.
2485 1445 2504 1478 ι
2549 1425 2684 1480 Item
2715 1426 3010 1496 Apostolus
3045 1444 3060 1479 :
3105 1443 3123 1477 ι
3159 1427 3506 1495 Deponeutes
3533 1425 3637 1496 igi-
3667 1490 3675 1496 _

2068 1524 2158 1572 tur
2189 1516 2538 1572 mendacium
2578 1515 2869 1586 loquimini
2912 1516 3198 1570 veritatem
3257 1515 3637 1584 unusquisque

2066 1624 2190 1664 cum
2213 1609 2464 1678 proximo
2492 1623 2612 1670 suo,
2632 1609 2758 1678 quia
2773 1621 2962 1663 sumus
2995 1607 3228 1662 invicem
3256 1606 3500 1660 membra
3518 1605 3638 1658 θ’..ιε

2065 1699 2136 1754 Ει
2159 1718 2173 1754 :
2213 1718 2232 1750 ι
2268 1699 2326 1754 1η
2347 1699 2616 1754 eharitate
2642 1715 2750 1753 non
2779 1698 2926 1764 ficta,
2954 1701 3009 1753 in
3037 1699 3207 1754 verbo
3225 1696 3480 1751 veritatis
3509 1694 3576 1750 "’.
3613 1716 3632 1748 ι

2066 1788 2304 1845 Joannes
2335 1804 2554 1858 quoque
2587 1805 2601 1843 :
2645 1807 2664 1839 ι
2707 1787 2926 1844 Scimus
2957 1787 3084 1858 quia
3119 1787 3292 1842 Filius
3327 1787 3422 1842 Dei
3488 1786 3637 1842 venit

2065 1887 2122 1934 et
2154 1878 2310 1934 dedit
2361 1879 2524 1934 nobis
2581 1894 2822 1942 sensum,
2881 1887 2942 1932 ut
2989 1893 3386 1950 cognoscamus
3443 1893 3634 1933 verum

2065 1969 2258 2036 Deum,
2296 1977 2354 2025 et
2395 1971 2568 2024 simus
2597 1969 2650 2024 in
2700 1984 2834 2024 vero
2869 1969 3010 2024 Filio
3043 1972 3162 2040 ejus
3189 1969 3318 2024 Jcsu
3363 1967 3586 2024 Christo
3617 1982 3633 2022 ι

2067 2060 2157 2116 hic
2186 2069 2272 2116 est
2298 2075 2464 2116 verus
2483 2061 2649 2126 Deus,
2675 2070 2732 2115 et
2759 2061 2872 2115 vita
2901 2069 3106 2115 aiterna
3137 2062 3182 2093 ⁸³
3213 2077 3226 2114 :
3257 2059 3351 2130 qui
3373 2059 3520 2114 enim
3545 2077 3638 2114 ve-

2066 2153 2284 2207 ritatem
2317 2152 2586 2222 loquitur,
2620 2152 2676 2206 in
2709 2153 2824 2208 Deo
2850 2161 3034 2206 manet
3059 2153 3130 2207 το.
3161 2172 3180 2204 ι
3211 2153 3445 2207 Necesse
3469 2151 3638 2222 igitur

2065 2243 2156 2309 sit,
2179 2259 2246 2299 ex
2283 2243 2524 2308 hominis
2563 2260 2659 2300 ore
2686 2245 2897 2299 nullum
2951 2244 3160 2299 eﬂ’undi
3205 2260 3514 2300 sermonem
3542 2245 3634 2314 qui

2063 2349 2175 2388 non
2194 2335 2424 2389 veritate
2455 2333 2770 2390 omnimoda
2798 2335 3030 2399 nitatur,
3067 2346 3128 2390 ut
3148 2335 3390 2404 Spiritus
3419 2334 3510 2388 ille
3535 2350 3634 2388 ve-

2066 2425 2244 2482 ritatis
2267 2425 2534 2506 quioidem
2555 2426 2702 2481 Deus
2727 2438 2830 2490 est,
2863 2425 3204 2496 intelligatur
3227 2426 3284 2480 in
3315 2425 3425 2479 hac
3444 2426 3638 2478 etiam-

2061 2532 2194 2570 num
2230 2531 2396 2572 carne
2426 2517 2530 2571 sibi
2553 2515 2818 2587 delegisse
2863 2516 3205 2572 domicilium
3241 2533 3255 2569 :
3287 2515 3380 2584 qui
3407 2531 3508 2585 per
3535 2513 3640 2568 hoc

2063 2607 2208 2678 apud
2227 2623 2390 2662 omne
2417 2608 2703 2662 hominum
2737 2624 2910 2678 genus
2937 2607 3278 2678 comperitur
3305 2605 3590 2684 veridicus
3619 2621 3645 2654 :-

2062 2708 2227 2771 atque
2257 2701 2332 2756 ita
2358 2701 2579 2756 demum
2604 2701 3006 2771 glorificabitur
3032 2699 3297 2754 Dominus
3326 2697 3646 2752 inhabitans

2063 2793 2363 2849 hominem.
2392 2794 2453 2848 ln
2485 2794 2634 2848 omni
2669 2793 2842 2848 verbo
2883 2808 3050 2848 verax
3104 2801 3191 2848 est
3219 2791 3503 2846 Dominus.
3533 2802 3642 2842 nec

2065 2885 2236 2940 ullum
2268 2883 2442 2954 possit
2474 2883 2530 2937 in
2572 2881 2692 2953 ipso
2745 2881 3089 2951 deprehendi
3148 2879 3423 2935 mendacii
3465 2878 3640 2932 vesti-

2065 2976 2234 3048 gium.
2265 2974 2548 3044 Quotquot
2608 2974 2775 3044 igitur
2802 2982 2978 3028 semet
3015 2971 3276 3027 irretiunt
3317 2968 3639 3025 mendacio-

2065 3083 2186 3123 rum
2213 3066 2497 3129 funiculis,
2529 3048 2872 3120 frustrantur
2937 3071 2992 3120 et
3029 3065 3266 3119 eludunt
3317 3063 3637 3124 Dominum,

2066 3159 2317 3228 ﬁuntque
2349 3156 2638 3228 praedones
2666 3155 2904 3221 Domini,
2935 3155 3065 3211 dum
3098 3155 3152 3210 id
3186 3153 3333 3224 quod
3380 3169 3552 3224 penes
3582 3168 3642 3207 se

2068 3249 2380 3319 depositum
2407 3257 2512 3313 est,
2548 3263 2658 3302 non
2719 3246 2960 3302 reddunt
2991 3246 3268 3300 incolume
3313 3252 3370 3300 et
3421 3259 3640 3300 sanum.

2069 3339 2336 3411 Spiritum
2360 3339 2508 3394 enim
2541 3345 2874 3408 acceperunt
2901 3337 3053 3390 nulla
3093 3344 3322 3406 contage
3369 3334 3644 3390 mendacii

2069 3431 2406 3486 decolorcm.
2428 3429 2588 3485 Hunc
2618 3429 2664 3484 si
2695 3427 3036 3484 reddiderint
3070 3427 3307 3482 Domino
3354 3421 3643 3480 interstin-

2070 3531 2220 3578 ctum
2255 3520 2424 3576 variis
2449 3519 2860 3576 mendaciorum
2892 3517 3060 3584 notis,
3099 3517 3286 3586 utique
3313 3517 3492 3570 videri
3516 3531 3644 3585 pos-

2069 3622 2199 3670 sunt
2225 3597 2632 3668 contaminasse
2655 3610 2968 3682 depositum
2997 3626 3010 3662 :
3043 3623 3154 3679 quo
3185 3609 3264 3670 lit,
3300 3618 3362 3662 ut
3403 3607 3513 3662 dici
3542 3606 3646 3661 de-

2069 3705 2238 3760 beant
2268 3703 2352 3760 rei
2385 3703 2576 3759 alienae
2607 3702 2996 3772 suppilatores.
3027 3701 3147 3756 lam
3170 3700 3460 3755 veritatem
3485 3697 3641 3767 quis-

2069 3797 2196 3867 quis
2234 3794 2475 3852 custodit
2506 3809 2572 3849 ac
2607 3801 2818 3859 tuetur,
2858 3794 3000 3849 citra
3050 3791 3426 3847 difﬁcultatem
3475 3789 3645 3842 ullam

2066 3894 2252 3958 potest
2289 3885 2396 3941 sibi
2423 3885 2658 3940 emercri
2717 3883 2937 3939 beatam
2981 3882 3172 3937 vitam.
3213 3881 3298 3936 Ab
3330 3879 3447 3950 ipsa
3494 3878 3644 3933 enim

2066 3977 2374 4050 protegitur
2393 3975 2650 4040 verilate,
2686 3975 2939 4031 necunde
2967 3973 3130 4029 talem
3151 3971 3434 4028 adoriatur
3458 3979 3517 4026 et
3554 3982 3648 4023 ur-

2067 4077 2193 4141 geat
2223 4065 2506 4138 quidpiam
2558 4067 2711 4121 mali.
2760 4067 2894 4122 Jure
2943 4065 3132 4137 igitur,
3197 4072 3254 4118 et
3312 4077 3412 4134 pro
3440 4062 3646 4116 decoro

2068 4160 2258 4218 tuendi
2291 4160 2563 4215 hactenus
2581 4159 2744 4228 coepti
2771 4157 2984 4213 ordinis
3009 4171 3323 4212 sermonem
3351 4154 3502 4209 hunc
3525 4151 3644 4220 (qui

2070 4250 2141 4306 de
2199 4248 2438 4304 veritate
2497 4246 2602 4316 est)
2637 4246 3042 4301 succedaneum
3089 4244 3216 4311 tibi,
3251 4258 3284 4298 o
3314 4240 3649 4298 venerabilis,

383 4347 546 4410 pater
599 4341 876 4406 Eustathi,
931 4341 1407 4397 consecravimus.
1445 4340 1663 4410 1129
1719 4339 1952 4410 Semper
1990 4337 2139 4396 enim
2163 4336 2446 4392 Christum
2509 4335 2759 4400 indutus,
2798 4335 2855 4388 in
2921 4334 3042 4404 ipso
3079 4333 3225 4388 vivis
3269 4341 3327 4387 et
3377 4329 3646 4395 moveris,

387 4438 558 4498 utque
582 4429 748 4484 hoino
778 4445 966 4496 verax,
1035 4427 1319 4500 praecipuo
1375 4437 1432 4484 et
1465 4428 1791 4486 exuberanti
1839 4443 2025 4484 amore
2059 4427 2231 4498 ipsam
2261 4426 2482 4497 deperis
2503 4425 2794 4481 veritatem
2820 4423 3104 4480 Christum
3131 4441 3146 4479 :
3175 4439 3340 4496 quem
3373 4439 3483 4478 uua
3517 4439 3649 4478 cum

387 4525 550 4578 Patre
573 4531 630 4578 et
656 4521 866 4594 Spiritu
899 4529 1090 4578 sancto
1143 4536 1368 4592 compar
1406 4521 1640 4579 addecet
1685 4521 1859 4593 gloria
1907 4519 1964 4576 in
1997 4521 2198 4576 saecula
2223 4520 2571 4576 saeculorum.
2594 4517 2791 4574 Amen.

987 4657 1203 4712 ΛυΓΟΣ
1240 4656 1358 4711 ΞΖ’.

872 4769 1014 4836 Περὶ
1043 4768 1152 4824 τοῦ
1188 4769 1480 4839 ἐλέγχειν.

463 4943 538 4996 Τὸ
571 4942 712 4997 κατά
761 4941 894 4996 Θεὸν
943 4941 1188 5014 ἐλέγχειν
1231 4943 1325 4998 τὸν
1373 4943 1622 5014 πλησίον,
1673 4943 1968 5016 εὐάρεστόν

301 5073 307 5076 -
382 5039 534 5090 ἐστιν
565 5035 642 5107 τῷ
675 5035 794 5106 Θεῷ
848 5035 944 5088 καὶ
974 5035 1147 5104 φίλον.
1180 5037 1496 5109 Τεκμήριον
1527 5037 1636 5108 γάρ
1668 5039 1814 5092 ἐστιν
1833 5037 1956 5106 φιλ-

381 5127 667 5195 αδελφίας,
717 5126 813 5180 καὶ
853 5125 1176 5196 συμπαθοῦς
1209 5128 1457 5198 γνώμης,
1505 5127 1667 5196 μόνον
1719 5129 1777 5180 ὲν
1826 5126 1962 5180 είλι·

385 5221 568 5289 κρινεί
590 5219 790 5290 καρδίᾳ
823 5219 918 5272 καὶ
947 5217 1174 5289 καθαρῷ
1203 5218 1501 5272 συνειδότι·
1531 5222 1589 5272 ὲν
1631 5219 1780 5290 φόϐῳ
1807 5218 1968 5286 Θεοῦ,

390 5309 534 5382 μετά
561 5311 741 5382 πάσης
769 5310 1168 5380 εὐσπλαγχνίας
1201 5309 1467 5382 ἐλέγχειν,
1493 5312 1682 5380 σκοπῷ
1730 5311 1824 5365 τοῦ
1849 5313 1970 5364 ἑπι-

387 5401 622 5471 στρὲψαι
646 5403 738 5455 τὸν
763 5389 1185 5474 ἁμαρτάνοντα,
1216 5403 1299 5456 δεῖ
1343 5403 1500 5457 τοῦτο
1532 5407 1708 5458 ποιεῖν
1728 5421 1742 5434 ·
1773 5404 1881 5476 χρὴ
1913 5403 1970 5456 δὲ

384 5495 484 5548 καὶ
519 5493 818 5564 διακρίνειν
849 5495 981 5566 ὅπου
1025 5495 1106 5546 δεῖ
1144 5495 1388 5564 ἐλέγχειν
1411 5511 1426 5526 ο
1460 5495 1584 5548 ἐπεὶ
1611 5496 1780 5568 ἄνδρα
1811 5496 1972 5549 δυναο

386 5583 481 5638 τὸν
509 5587 570 5638 οὐ
617 5586 724 5657 χρὴ
776 5586 1019 5656 ἐλέγχειν
1057 5585 1150 5638 ἐπὶ
1176 5585 1520 5653 κενοδοξίαν·
1577 5587 1715 5641 ἀλλὰ
1771 5588 1970 5657 μᾶλλον

2587 4653 2872 4709 HOMILIA
2908 4653 3120 4709 LXVII.
3215 4658 3225 4668 '

2067 4768 2345 4826 Neminem
2385 4770 2582 4837 printer
2627 4768 2871 4892 άεεοὲαῗι
2926 4776 2976 4822 ct
3019 4767 3383 4822 discretionem
3431 4765 3651 4836 coargui

2793 4855 2820 4891 e
2853 4853 2958 4892 ere.

2793 4853 2958 4892 8081⁸8.

2143 4948 2459 5003 Proximum
2497 4960 2795 5017 coarguere
2830 4943 3136 5000 secundum
3175 4943 3368 5005 Deum,
3400 4941 3516 4994 Deo
3541 4938 3646 5010 ipsi

2071 5055 2238 5111 quam
2291 5039 2364 5096 sit
2416 5039 2717 5112 gratiosum
2770 5045 2826 5094 et
2869 5035 3141 5101 amabile,
3194 5033 3320 5103 quis
3371 5031 3654 5102 explicet?

2080 5131 2241 5186 Aliud
2280 5131 2429 5186 enim
2463 5139 2548 5186 est
2575 5129 2714 5184 nihil
2747 5144 2908 5199 quam
2956 5125 3172 5196 insigne
3223 5124 3481 5179 fraternae
3511 5121 3650 5178 dile-

2069 5222 2276 5277 ctionis
2302 5231 2708 5293 argumentum.
2741 5235 2806 5275 ac
2833 5218 2941 5290 piae
2963 5232 3091 5288 erga
3112 5215 3423 5286 proximum
3453 5211 3652 5267 volun-

2069 5313 2199 5369 tatis
2230 5313 2444 5369 illustre
2469 5313 2710 5384 signum,
2729 5312 2914 5366 alieno
2940 5308 3190 5379 periculo
3231 5305 3650 5367 indolescentis,

2069 5405 2290 5461 sincero
2315 5406 2498 5462 cordis
2525 5405 2728 5460 aﬂ‘ectu
2758 5414 2815 5460 et
2849 5402 3056 5457 munda
3086 5415 3316 5472 prorsus
3362 5396 3652 5452 conscien-

2071 5497 2168 5551 tia.
2199 5497 2258 5552 ln
2301 5497 2498 5553 timore
2529 5505 2714 5552 autem
2747 5495 2848 5551 Dei
2883 5493 2940 5550 id
2987 5493 3102 5558 ﬁat,
3135 5507 3240 5547 nec
3274 5490 3395 5548 sine
3443 5486 3615 5542 indivi
3636 5509 3651 5520 -

2072 5587 2183 5644 dua
2220 5589 2341 5660 ejus
2374 5589 2578 5645 comite
2630 5586 3037 5651 misericordia,
3072 5599 3241 5641 unum
3275 5581 3518 5652 aliquem
3555 5593 3654 5632 ar-

461 5739 507 5810 ‘f
546 5739 686 5793 Psal.
722 5755 775 5810 v,
812 5737 896 5801 10,
930 5737 1014 5791 ll.
1050 5738 1138 5810 ην
1162 5738 1322 5795 Prov.
1350 5755 1461 5806 xix,
1505 5741 1552 5793 ll.
1633 5740 1678 5770 εὖ
1718 5739 1878 5794 Prov.
1907 5754 2023 5805 vni,
2059 5740 2168 5802 6,7.
2245 5741 2286 5772 "
2323 5739 2525 5810 Ephes.
2561 5738 2743 5803 H.325.
2820 5739 2864 5772 ⁸⁸
2893 5737 2940 5793 ΙΙ
2989 5737 3116 5794 Cor.
3147 5752 3220 5801 v1,
3268 5735 3322 5793 6.
3364 5734 3407 5769 “
3441 5733 3650 5792 lJoan.

392 5825 446 5875 v,
485 5808 572 5865 ξω.
652 5811 694 5839 ⁷ο
718 5809 876 5864 Prov.
915 5808 1133 5871 xv1,l3.
