3944 6478
429 345 558 409 1031

1695 340 2061 403 ANTIOCHI
2104 340 2450 404 MONACHI

3578 345 3687 412 lE-32

426 473 613 531 guere,
645 456 748 511 hoc
782 455 1043 511 nimirum
1067 456 1268 513 mentis
1302 443 1488 541 scopo,
1527 464 1587 510 ut
1616 454 1684 510 ad
1713 452 2005 510 rectitudi-

2115 451 2209 522 τὴν
2242 453 2510 524 ἐπιφορὰν
2546 454 2645 524 τῆς
2677 452 2979 524 μελλούσης
3006 453 3240 524 ἀτιμίας
3286 454 3581 520 ἐπιδεῖξαι.
3616 460 3688 528 τῷ

426 549 514 604 nis
546 563 776 603 revoces
799 549 940 603 viam
986 559 1041 604 et
1072 557 1364 604 convertas
1387 557 1757 619 peccatorem.
1788 547 1846 602 Id
1886 547 2011 617 qui-

426 642 551 696 dem
589 624 684 694 iiat
734 649 990 710 oportet;
1027 640 1125 696 sed
1161 649 1218 695 et
1269 655 1499 694 necesse
1538 639 1611 693 sit
1653 638 2009 694 discretionis

425 734 602 789 aciem
650 733 964 797 intendere,
1024 734 1114 788 ubi
1161 742 1217 788 et
1264 749 1374 803 quo
1413 733 1522 787 loci
1569 732 1643 787 sit
1692 732 2008 788 necessaria

428 828 811 898 reprehensio.
867 829 963 883 Vir
1011 839 1209 898 potens
1254 826 1616 891 auctoritate,
1646 826 1761 881 sive
1798 825 2007 881 divitiis

426 920 819 976 suffarcinatus
850 922 1172 990 neutiquam
1206 920 1694 991 reprehendendus
1713 920 1867 975 venit
1893 921 2010 975 ina-

428 1014 517 1067 nis
551 1013 738 1085 gloriaa
760 1031 773 1067 :
794 1015 978 1082 potius
1009 1012 1155 1066 enim
1192 1011 1322 1066 huic
1350 1011 1678 1081 impendens
1702 1011 2009 1081 periculum

430 1107 632 1161 futura:
667 1106 982 1175 ignominia:
1027 1106 1289 1162 convenit
1331 1104 1575 1160 inductis
1607 1104 1873 1174 exemplis
1907 1105 2006 1160 de-

430 1210 781 1254 monstrare:
816 1200 922 1254 hoc
968 1199 1116 1253 enim
1169 1207 1328 1268 pacto
1383 1199 1519 1254 tales
1565 1215 1677 1254 non
1729 1199 2009 1254 illihenter

426 1292 726 1347 admittent
755 1293 1267 1362 reprehensionem.
1299 1290 1587 1347 Consimili
1620 1293 1835 1349 ratione
1869 1292 2008 1346 nihil

431 1384 707 1452 profuerit
735 1399 861 1438 eum
914 1383 1223 1453 increpare,
1256 1384 1349 1454 qui
1390 1399 1419 1437 a
1452 1384 1695 1454 peccatis
1742 1384 2011 1453 interqui-

425 1475 562 1538 evit,
596 1489 874 1543 quemque
907 1474 1112 1544 prioris
1149 1474 1381 1543 paenitet
1411 1474 1555 1527 vita}.
1609 1471 1763 1538 Quod
1793 1472 1838 1525 si
1871 1471 2011 1525 dicis

431 1563 838 1633 reprehendere
894 1574 946 1618 te
1003 1579 1106 1634 per
1157 1563 1483 1618 charitatem
1537 1578 1668 1633 erga
1727 1562 1897 1616 Deum
1954 1568 2012 1615 et

427 1654 740 1722 proximum
763 1671 778 1720 ;
801 1655 1042 1723 primum
1100 1654 1187 1709 fac
1214 1655 1293 1709 illi
1321 1654 1651 1710 inclarescat
1678 1654 2005 1709 delictorum

427 1746 689 1815 gravitas,
722 1760 825 1800 nec
847 1747 958 1816 jam
989 1761 1227 1802 mmrore
1256 1754 1353 1800 aut
1397 1746 1625 1807 tristitia
1667 1746 2011 1802 contabescit

431 1836 821 1905 reprehensus.
869 1835 1148 1908 Scriptum
1187 1837 1393 1907 quippe
1425 1845 1511 1892 est
1550 1837 1603 1891 in
1647 1837 2006 1893 Proverbiis:

438 1949 454 1978 ι
505 1929 699 2005 Melior
727 1938 811 1984 est
848 1930 1207 2000 reprehensio
1241 1929 1530 1985 manifesta
1562 1946 1726 2000 quam
1771 1932 2007 1987 abscon-

430 2023 545 2077 dita
579 2023 857 2088 amicitia;
906 2022 1156 2078 ﬁdeliora
1205 2024 1355 2080 enim
1400 2034 1530 2080 sunt
1572 2026 1804 2081 vulnera
1845 2027 2009 2081 amici

429 2128 595 2182 quam
621 2112 936 2167 voluntaria
967 2113 1158 2169 oscula
1200 2114 1411 2169 inimici
1443 2116 1523 2179 ⁷¹;
1574 2134 1592 2166 ι
1635 2115 1832 2170 melior
1861 2116 2011 2170 enim

429 2206 524 2275 qui
578 2206 939 2276 reprehendit
986 2206 1109 2261 viro
1186 2206 1392 2277 injuste
1446 2214 1503 2262 et
1552 2208 1789 2263 cervicis
1837 2207 2008 2263 durae.

429 2299 562 2369 Ejus
594 2299 743 2353 enim
774 2299 868 2368 qui
916 2309 1145 2368 repente
1177 2298 1565 2357 inﬂammescit
1619 2302 1723 2366 ira,
1782 2317 1895 2356 non
1918 2309 2011 2356 ‘est

430 2388 661 2444 sanitas.
697 2389 913 2444 Rursus
942 2406 957 2442 :
997 2407 1015 2441 ι
1055 2388 1160 2456 Qui
1191 2389 1436 2445 ostendit
1463 2390 1676 2446 homini
1712 2391 1832 2446 vias
1861 2407 2009 2453 suas,

430 2478 556 2547 plus
600 2476 831 2532 habebit
871 2477 1059 2549 gratiae
1107 2492 1174 2533 eo
1220 2477 1315 2547 qui
1359 2476 1425 2531 ad
1475 2478 1704 2546 gratiam
1765 2477 2011 2547 linguam

429 2582 588 2629 suam
620 2566 906 2637 componit
948 2568 1013 2621 τ’.
1068 2585 1087 2618 ›
1123 2567 1334 2622 Iterum
1364 2585 1376 2639 ς
1413 2585 1433 2618 ι
1468 2567 1589 2622 Noli
1625 2582 1858 2638 arguere
1891 2582 2013 2622 ma-

430 2658 533 2722 los,
567 2660 869 2728 nequando
889 2657 1111 2715 oderint
1133 2669 1204 2723 te,
1237 2674 1407 2731 argue
1441 2659 1772 2730 sapientem,
1796 2668 1853 2715 et
1880 2660 2010 2715 dili-

429 2759 518 2821 get
554 2760 647 2816 te;
684 2750 753 2805 da
778 2751 1015 2820 sapienti
1041 2751 1411 2816 occasionem,
1435 2759 1492 2806 et
1534 2751 1842 2822 sapientior
1870 2752 2011 2819 erit;

429 2841 659 2897 notitica
698 2844 870 2914 justo,
906 2850 962 2897 et
1007 2843 1173 2897 addet
1222 2851 1281 2897 ut
1320 2842 1556 2913 accipiat
1601 2844 1667 2897 ⁷³.
1704 2863 1720 2894 ι
1758 2843 1962 2899 lterum
1996 2862 2010 2897 :

435 2953 457 2984 ο
526 2933 629 3001 Qui
683 2935 875 2989 annuit
925 2936 1087 2990 oculo
1132 2951 1255 2990 cum
1305 2936 1465 3001 dolo,
1521 2945 1819 3008 congregat
1876 2937 2014 2992 viris

431 3025 687 3081 tristitias
717 3025 789 3093 ";
824 3027 916 3096 qui
950 3035 1133 3081 autem
1174 3042 1298 3081 cum
1336 3027 1590 3083 libertate
1630 3030 2008 3099 reprehendit,

2112 542 2222 613 γὰρ
2268 547 2456 615 τρόπῳ
2503 545 2678 615 τούτῳ
2756 546 2809 598 οἱ
2853 544 3085 599 τοιοῦτοι
3135 545 3326 618 ἡδέως
3382 545 3690 619 ἐλέγχονται.

2122 632 2402 698 Ὡσαύτως
2451 636 2543 689 τὸν
2589 637 2964 707 παυσάμενον,
3012 638 3107 691 καὶ
3157 639 3573 708 μετανοοῦντα,
3607 644 3692 696 οὐκ

2109 725 2281 779 ἐστιν’
2311 729 2475 782 καλὸν
2526 728 2793 798 ἐλέγχειν.
2845 730 2910 782 Εἰ
2955 729 3014 782 δέ
3059 729 3271 798 λέγεις,
3308 730 3408 783 διὰ
3459 729 3591 785 Θεὸν
3619 738 3698 789 καὶ

2109 818 2209 887 τὴν
2241 820 2320 882 εἰς
2366 819 2458 873 τὸν
2496 820 2727 887 πλησίον
2753 822 2977 890 ἀγάπην
3016 823 3305 893 ἐλέγχειντ
3354 828 3698 898 φανεροποίττ

2112 928 2203 963 σον
2236 911 2385 982 αὐτῷ
2418 911 2633 981 πρῶτον
2662 915 2729 967 τὰ
2759 913 2829 967 σά
2874 914 3368 986 πλημμελήματα,
3403 918 3504 969 καὶ
3530 918 3588 971 οὐ
3624 918 3703 973 λυο

2110 1004 2293 1056 πεῖται
2324 1003 2701 1074 ἐλεγχόμενος.
2732 1005 3047 1076 Γέγραπται
3094 1009 3153 1060 ἐν
3183 1011 3324 1072 ταῖς
3366 1009 3702 1080 Παροιμὶαις,

2110 1095 2192 1148 ὅτι
2246 1115 2265 1146 ι
2308 1097 2581 1166 Κρεῖσσον
2624 1097 2835 1169 ἔλεγχοι
2880 1099 3441 1169 ἀποκαλυπτόμενοι,
3486 1119 3708 1171 κρυπτο-

2113 1186 2280 1256 μένης
2315 1188 2520 1257 φιλίας.
2568 1190 3011 1261 Ἀξιοπιστότερα
3053 1192 3163 1264 γὰρ
3190 1193 3518 1263 τραύματα
3545 1196 3706 1263 φίλου,

2109 1277 2143 1348 ἢ
2182 1277 2404 1332 ἑκούσια
2441 1276 2725 1351 φιλήματα
2778 1283 2996 1354 ἐχθροῦ,
3037 1304 3056 1336 ι
3102 1284 3199 1338 καὶ
3258 1289 3538 1355 κρεῖσσον
3586 1288 3707 1361 ἀνὴρ

2110 1369 2371 1440 ἐλέγχων,
2401 1372 2594 1443 ἀνδρὸς
2632 1373 2820 1427 ἀδίκου
2858 1374 3384 1447 σκληροτραχήλου.
3427 1378 3708 1451 Ἐξαπίνης

2111 1462 2221 1533 γὰρ
2250 1463 2588 1533 φλεγομένου
2618 1466 2719 1519 οὐκ
2754 1465 2906 1520 ἐστιν
2951 1468 3113 1531 ἴασις.
3170 1470 3293 1522 Καὶ
3352 1470 3550 1534 πάλιν,
3595 1490 3613 1522 ε
3662 1474 3707 1527 ’0

2111 1555 2349 1625 ἐλέγχων
2375 1555 2665 1627 ἀνθρώπου
2695 1557 2849 1623 ὁδοὺς
2882 1558 3070 1622 αὐτοῦ,
3108 1560 3355 1631 χάριτας
3378 1562 3499 1627 ἕξει
3530 1564 3705 1632 tribes

2111 1644 2207 1700 τοῦ
2244 1646 2377 1716 πρὸς
2410 1648 2573 1718 χάριν
2621 1649 3215 1720 γλωσσοχαριτοῦντος.
3285 1650 3337 1704 ι’
3375 1654 3496 1707 Καὶ
3540 1655 3702 1719 πάλιν,

2122 1757 2140 1790 ι
2180 1737 2273 1808 Μὴ
2306 1739 2496 1809 ἔλεγχε
2527 1741 2753 1806 κακοὺς,
2784 1742 2872 1795 ἵνα
2903 1742 2976 1813 μὴ
3012 1744 3335 1815 μισήσωσιν
3390 1762 3456 1798 σε
3478 1761 3493 1775 ο
3541 1747 3702 1819 ἔλεγχε

2120 1829 2301 1899 σοφὸν,
2333 1831 2427 1883 καὶ
2452 1830 2729 1900 ἀγαπήσει
2762 1849 2823 1885 σε
2843 1849 2858 1863 °
2883 1833 3108 1902 ἄσοφον,
3145 1836 3246 1888 καὶ
3282 1836 3605 1906 προσθήσει
3632 1839 3705 1892 τοῦ

2117 1922 2345 1992 μισῆσαι
2394 1940 2475 1976 σε.
2524 1923 2681 1977 Δίδου
2728 1924 2880 1996 σοφῷ
2931 1926 3207 1998 ἀφορμὴν,
3246 1928 3358 1980 καὶ
3417 1929 3701 1999 σοφώτερος

2114 2011 2287 2065 ἔσται.
2316 2009 2553 2082 Γνώριζε
2581 2011 2803 2082 δικαίῳ,
2828 2012 2925 2066 καὶ
2946 2013 3257 2083 προσθήσει
3284 2012 3393 2067 τοῦ
3417 2013 3699 2083 δέχεσθαι.ι

2115 2104 2225 2156 Καὶ
2279 2102 2463 2169 πάλιν,
2514 2122 2533 2154 ι
2612 2103 2670 2157 ’0
2724 2102 2956 2157 ἐννεύων
2992 2102 3285 2175 ὀφθαλμὸν
3351 2104 3508 2175 μετά
3553 2104 3700 2168 δόλου,

2115 2194 2339 2265 συνάγει
2390 2195 2619 2266 ἀνδράσι
2643 2193 2858 2257 λύπας)
2886 2197 2914 2249 ό
2937 2194 2994 2249 δέ
3033 2196 3282 2267 ἐλέγχων
3321 2196 3482 2267 μετὰ
3503 2198 3707 2267 παρρη-

2118 2289 2273 2355 σίας,
2330 2289 2684 2368 εἰρηνοποιεί.
2737 2288 2996 2357 Ἐλεγξον
3050 2290 3211 2359 φίλον
3286 2291 3370 2362 μή
3435 2307 3574 2344 ποτε
3626 2291 3703 2343 οὐκ

2114 2380 2402 2452 ἐποίησενο
2459 2380 2554 2435 καὶ
2606 2381 2655 2432 εί
2696 2380 2976 2450 ἐποίησεν,
3022 2379 3119 2435 ἵνα
3164 2381 3244 2452 μὴ
3301 2382 3604 2452 προσθήσῃ
3656 2382 3704 2434 τὰ

2113 2472 2274 2528 αὐτά.
2311 2490 2330 2524 ›
2359 2472 2472 2526 Καὶ
2498 2473 2526 2525 ὁ
2552 2472 2716 2543 νόμος
2750 2467 2965 2543 φησὶν,’
2988 2489 3006 2518 ι
3052 2471 3339 2540 Ἐλέγξεις
3366 2474 3464 2526 τ’,ν
3502 2471 3701 2541 πλησίον

2116 2582 2234 2632 σου,
2266 2565 2341 2636 μή
2372 2582 2504 2619 ποτε
2536 2565 2637 2618 οὐκ
2660 2564 2939 2634 ἐποίησεν.
2967 2566 3027 2619 Et
3073 2566 3131 2619 δέ
3173 2568 3277 2619 καὶ
3310 2566 3605 2636 ἐποίησεν,
3634 2566 3702 2616 ἵνα

2118 2658 2192 2730 μὴ
2242 2656 2547 2729 προσθήσῃ.
2591 2677 2610 2710 ι
2647 2658 2759 2711 Καὶ
2812 2654 2990 2723 αὖθις,
3037 2677 3057 2710 ‹
3091 2659 3314 2728 Ὠσπερ
3363 2659 3534 2711 καλόν
3580 2661 3698 2711 ἐστιν

2114 2748 2379 2819 ἐλέγχειν,
2409 2745 2443 2818 ἢ
2475 2745 2780 2817 θυμοῦσθαι
2796 2748 3078 2817 κρυπτῶς.
3112 2768 3129 2798 ι
3151 2748 3269 2803 Kal
3299 2748 3534 2816 ἐπάγει,
3569 2766 3587 2797 ι
3631 2746 3700 2799 Ἐν

2118 2842 2403 2912 συμποσίῳ
2458 2840 2607 2896 οἴνου
2667 2839 2741 2911 μὴ
2769 2839 2996 2914 ἐλέγξῃς
3026 2841 3118 2895 τὸν
3163 2840 3450 2910 πλησίονο
3512 2840 3600 2893 καὶ⁵
3638 2841 3694 2910 μὴ

2115 2934 2481 3007 ἐξουδενὼσῃς
2506 2933 2669 2990 αὐτὸν
2700 2935 2761 2987 ἐν
2791 2933 3101 3006 εὐφροσύνῃ
3121 2934 3320 2988 αὐτοῦ.
3349 2954 3370 2986 ι
3399 2935 3514 2987 Kal
3539 2932 3693 2996 πάλιν,

2121 3049 2138 3080 ι
2163 3029 2289 3082 Ἐὰν
2319 3028 2566 3097 ἐλέγχεις
2584 3025 2754 3098 ἄνδρα
2775 3025 3063 3097 φρόνιμον,
3077 3028 3265 3097 νοήσει
3282 3026 3568 3096 αἴσθησιν·
3585 3042 3693 3094 up-

430 3116 598 3170 ltahet
627 3132 818 3186 pacem
851 3134 864 3169 :
901 3132 1069 3187 argue
1102 3118 1367 3182 amicum,
1414 3132 1484 3173 ne
1533 3118 1674 3176 forte
1711 3136 1822 3176 non
1853 3122 2002 3177 fece-

2115 3122 2201 3176 δέα
2217 3122 2326 3194 γάρ
2342 3119 2653 3191 αἰσθητικὴ,
2679 3118 2899 3192 λυπηρά
2924 3118 3070 3190 ψυχὴ
3096 3119 3269 3173 αὐτοῦ
3285 3136 3300 3149 ·
3317 3121 3373 3172 οἱ
3401 3119 3460 3172 δὲ
3486 3117 3697 3187 ἐλέγχον-

430 3208 525 3274 rit,
567 3216 624 3262 et
664 3208 710 3262 si
760 3207 910 3271 fecit,
960 3220 1022 3262 ut
1052 3224 1122 3264 ne
1166 3208 1333 3265 addat
1372 3211 1443 3267 ἐκ
1475 3231 1494 3264 ›
1531 3212 1743 3269 Eadem
1782 3232 2013 3285 prorsus

429 3297 515 3350 lex
547 3297 670 3351 ait:
715 3315 732 3346 ι
781 3299 995 3368 Argues
1036 3300 1347 3368 proximum
1400 3310 1577 3368 tuum,
1619 3320 1691 3359 ne
1725 3306 1870 3363 forte
1902 3325 2011 3363 non

429 3389 665 3443 fecerit:
697 3389 845 3460 quod
873 3389 921 3445 si
946 3388 1097 3454 fecit,
1129 3407 1200 3445 ne
1226 3392 1451 3464 adjiciat
1487 3396 1554 3448 ⁷⁸.
1595 3395 1768 3462 Quam
1805 3398 2011 3457 bonum

428 3488 515 3534 est
541 3495 773 3549 arguere
814 3483 1002 3551 potius
1030 3498 1195 3563 quam
1228 3483 1391 3540 irasci
1419 3488 1637 3544 occulte
1665 3490 1705 3520 7'
1727 3491 1749 3545 !.
1782 3510 1800 3543 ι
1841 3492 2011 3548 [ndu-

432 3572 546 3626 cit:
580 3590 598 3623 ι
636 3572 694 3626 In
728 3574 985 3629 convivio
1012 3575 1128 3630 vini
1160 3593 1232 3632 ne
1260 3593 1459 3649 arguas
1500 3583 1834 3651 proiimum.
1861 3596 1920 3642 et
1944 3603 2016 3642 ne

432 3663 710 3745 spreveris
761 3680 888 3719 eum
925 3665 981 3719 in
1032 3666 1223 3723 laetitia
1272 3669 1394 3738 ejus
1432 3670 1508 3726 ⁷⁸,
1539 3691 1556 3723 ι
1609 3671 1741 3727 Item
1790 3691 1805 3728 :
1870 3695 1898 3727 ι
1958 3676 2015 3733 Si

432 3755 684 3825 argueris
728 3755 1085 3828 prudentem,
1113 3762 1496 3818 considerabit.
1518 3781 1740 3822 sensum
1781 3770 1867 3823 ’νε
1921 3785 2018 3826 cor

432 3848 781 3915 sensitivum,
809 3851 993 3907 anima
1026 3853 1177 3909 illius
1206 3855 1381 3912 tristis
1410 3869 1494 3912 est
1513 3875 1539 3925 ;_
1571 3860 1664 3929 qui
1708 3869 1894 3917 autem
1933 3880 2020 3919 re-

430 3937 819 4007 prehendunt,
871 3943 1116 4014 sibiipsis
1163 3946 1457 4015 videntur,
1496 3966 1659 4020 quam
1712 3954 1842 4018 sint,
1897 3971 2018 4011 esse

432 4028 692 4085 meliores
719 4032 787 4085 3°.
823 4051 843 4084 ι
880 4034 1084 4091 Paulus
1132 4036 1261 4092 item
1310 4038 1602 4097 Timotheo
1644 4043 1719 4098 ait
1751 4062 1766 4097 :
1805 4063 1823 4096 ι
1881 4047 2018 4102 Pec-

429 4129 623 4176 cantes
673 4137 857 4179 coram
883 4127 1143 4183 omnibus
1162 4144 1352 4200 argue,
1385 4140 1447 4186 ut
1468 4142 1525 4187 ct
1547 4136 1730 4189 caeteri
1761 4132 2016 4202 timorem

430 4211 674 4269 habeant
703 4216 769 4270 ει.
822 4236 840 4268 ν
895 4219 1110 4291 1130
1161 4223 1423 4279 Rursus:
1460 4242 1481 4276 ‹
1515 4226 1719 4296 Argue,
1768 4228 2016 4300 increpa,

2116 3224 2229 3274 τες,
2244 3208 2488 3280 βελτίους
2508 3208 2873 3280 φανεροῦνται
2891 3210 2978 3262 ἐπ’
3001 3209 3218 3272 αὐτούς.
3249 3228 3270 3261 ι
3313 3209 3434 3264 Καὶ.
3451 3211 3481 3263 ὁ
3513 3206 3695 3262 Παῦλος

2116 3302 2366 3375 Τιμοθέῳ
2386 3302 2545 3372 φησὶ,
2588 3320 2608 3352 ι
2640 3300 2780 3365 Τοὺς
2802 3303 3214 3373 ἁμαρτάνοντας
3242 3303 3485 3357 ἐνώπιον
3505 3300 3697 3371 πάντων

2115 3396 2325 3467 ἔλεγχε,
2365 3397 2451 3449 ἵνα
2480 3395 2579 3449 καὶ
2601 3396 2650 3448 οἱ
2689 3395 2866 3449 λοιποὶ
2895 3394 3058 3464 φόϐον
3088 3394 3309 3466 ἔχωσιν.
3344 3415 3364 3447 ι
3397 3394 3511 3449 Καὶ
3536 3388 3688 3454 αὖθις,

2122 3509 2140 3542 ι
2181 3487 2821 3560 Ἔλεγξον,ἐπιτίμησον,
2850 3487 3235 3559 παρακάλεσον
3256 3504 3271 3519 ο
3319 3508 3339 3540 ι
3376 3488 3475 3540 καὶ
3502 3488 3529 3539 ὁ
3547 3484 3692 3537 θέλων

2115 3583 2266 3654 ἡμᾶς
2311 3582 2550 3650 σωθῆναι
2580 3580 2808 3654 Κύριος,
2839 3581 2934 3635 καὶ
2984 3580 3179 3652 Σωτὴρ
3228 3581 3418 3652 ἡμῶν,
3466 3591 3689 3649 παρακε-

2115 3679 2335 3733 λεύεται
2378 3678 2513 3748 ήμῖν
2543 3675 2741 3744 λέγων,
2799 3693 2819 3727 ι
2890 3673 3021 3728 Ἐὰν
3068 3675 3395 3746 ἁμαρτήσει
3449 3674 3529 3734 εἰς
3575 3668 3628 3721 σέ
3665 3668 3690 3720 ὁ

2116 3766 2349 3835 ἁδελφός
2383 3782 2503 3829 σου,
2545 3762 2748 3832 ὕπαγε,
2785 3763 3003 3833 ἔλεγξον
3035 3765 3200 3820 αὐτὸν
3233 3760 3448 3835 μεταξὺ
3489 3759 3579 3816 σοῦ
3606 3756 3684 3812 καὶ

2118 3857 2284 3912 αὐτοῦ
2352 3859 2551 3928 μόνον.
2615 3857 2742 3910 Ἐάν
2793 3873 2887 3909 σου
2959 3856 3208 3930 ἀκούσῃ,
3259 3856 3564 3926 ἐκέρδησας
3610 3851 3686 3906 τὸν

2118 3950 2350 4020 ἀδελφόν
2401 3965 2532 4002 σου·
2574 3948 2671 4001 ἐὰν
2714 3948 2771 4002 δὲ
2821 3948 2898 4021 μὴ
2930 3949 3164 4020 ἀκούσῃ,
3216 3947 3512 4020 παράλαϐε
3563 3942 3679 4015 μετὰ

2120 4041 2349 4098 σεαυτοῦ
2406 4041 2488 4094 ἐτι
2535 4040 2632 4094 ἕνα
2664 4040 2700 4112 ἢ
2758 4040 2883 4106 δὺο,
2935 4040 3025 4094 ἵνα
3069 4041 3163 4093 ἐπὶ
3217 4040 3491 4111 στόματος
3536 4034 3679 4101 δύοῆ

2118 4135 2287 4209 τριῶν
2340 4132 2643 4206 μαρτύρων
2696 4131 3040 4203 σταθήσηται
3098 4134 3209 4186 πᾶν
3262 4133 3452 4203 ῥῆμα·
3502 4130 3591 4181 ἐὰν
3635 4125 3680 4177 δὲ

2121 4224 2450 4298 παρακούσῃ
2501 4223 2707 4290 αὐτῶν,
2739 4223 2862 4277 εξπέ
2905 4226 2971 4295 τῇ
3014 4222 3349 4295 Ἐκκλησίᾳ’
3386 4222 3480 4275 ἐὰν
3525 4213 3677 4272 δὲκαὶ

430 4304 663 4362 obsecra
681 4309 779 4363 ⁸³.»
813 4310 921 4365 Sed
945 4322 1001 4367 et
1027 4315 1077 4368 is
1090 4315 1185 4384 qui
1208 4332 1310 4371 nos
1335 4317 1402 4371 ad
1430 4319 1665 4375 salutem
1685 4337 2011 4393 magnopere

2117 4322 2185 4391 τῇ
2217 4317 2516 4389 Ἐκκλησία
2530 4315 2875 4387 παρακούσῃ,
2905 4315 3047 4367 ἔστω
3078 4331 3161 4367 σοι
3191 4316 3383 4384 ὥσπερ
3438 4314 3465 4364 ὁ
3498 4305 3677 4364 ἐθνικὸς

431 4397 621 4453 studet
679 4402 990 4470 provehere
1047 4405 1315 4462 Dominus
1369 4424 1434 4463 ac
1500 4408 1755 4467 Salvator
1806 4424 2018 4479 noster,

2122 4414 2218 4468 καὶ
2267 4415 2296 4466 ό
2343 4410 2606 4480 τελώνης.
2665 4428 2687 4460 ι
2738 4406 2895 4476 Αὐτῷ
2947 4408 2983 4476 ἡ
3028 4405 3152 4470 δόξα
3202 4408 3285 4470 εἰς
3316 4405 3441 4467 τοὺς
3482 4398 3671 4459 αἰῶνας.

430 4487 582 4544 hunc
615 4491 671 4546 in
705 4493 932 4548 modum
979 4510 1081 4550 nos
1121 4496 1451 4553 adhortatur
1485 4519 1497 4553 :
1541 4518 1559 4550 ι
1602 4500 1657 4556 Si
1706 4508 2023 4572 peccaverit
2056 4503 2097 4557 ι)
2139 4506 2335 4576 Ἀμήν.

432 4581 488 4634 iu
533 4589 585 4634 te
634 4581 805 4638 frater
848 4590 994 4648 tuus,
1030 4586 1190 4651 vade,
1227 4592 1444 4659 corripe
1483 4606 1611 4646 eum
1664 4593 1811 4649 inter
1862 4604 1915 4652 te
1959 4611 2017 4653 et
2052 4597 2236 4671 ipsum
2271 4598 2493 4652 solmu:
2548 4593 2592 4648 si
2640 4601 2692 4647 te
2736 4590 3018 4657 audierit,
3062 4590 3310 4646 lucratus
3374 4604 3435 4644 es
3477 4585 3669 4640 fratrem

434 4686 624 4745 tuum;
680 4680 726 4734 si
773 4688 987 4751 autem.
1031 4692 1085 4737 te
1138 4699 1251 4739 non
1303 4688 1563 4753 audierit,
1617 4690 1821 4746 adhibe
1904 4703 2087 4749 tecum
2127 4710 2298 4748 unum
2323 4702 2417 4746 aut
2444 4690 2605 4752 duos,
2630 4688 2767 4742 utin
2798 4703 2895 4742 ore
2916 4687 3147 4741 duarum
3174 4688 3454 4741 auttrium
3482 4680 3670 4739 testium

431 4778 539 4827 stet
568 4788 732 4829 omne
764 4776 996 4831 verbum
1030 4795 1042 4830 :
1076 4778 1223 4847 quod
1258 4780 1303 4834 si
1349 4799 1455 4838 nec
1484 4784 1586 4839 hos
1626 4785 1887 4850 audierit,
1922 4788 2013 4844 dic
2049 4789 2345 4854 Ecclesiae;
2378 4787 2422 4841 si
2474 4796 2657 4839 autem
2706 4798 2810 4838 nec
2859 4782 3161 4838 Ecelcsiam
3207 4780 3464 4840 audierit.
3495 4776 3561 4832 sit
3587 4771 3667 4827 tibi

435 4875 690 4938 tanquam
722 4871 979 4927 ethnicus
1009 4881 1066 4927 et
1094 4875 1426 4945 publicanus
1452 4877 1522 4933 ⁸³.
1569 4898 1587 4931 ι
1629 4879 1813 4935 Gloria
1856 4881 1971 4937 Deo
1998 4890 2188 4938 nostro
2250 4881 2309 4937 in
2346 4881 2566 4937 saecula.
2603 4879 2797 4955 Amen.

931 4982 1218 5041 HOMILIA
1269 4987 1506 5043 LXVIII.

701 5095 766 5152 Ut
792 5100 906 5169 ipse
936 5103 1268 5171 coarguaris,
1308 5101 1458 5157 debes
1493 5113 1752 5175 expetere.

504 5207 680 5264 ilomo
716 5209 1013 5281 (siquidem
1044 5212 1113 5268 de
1147 5228 1207 5268 se
1247 5230 1412 5285 quam
1454 5214 1864 5272 modestissime
1891 5231 2022 5272 sen-

434 5302 530 5366 tit,
588 5316 761 5371 seque
810 5318 910 5373 pro
963 5305 1179 5376 abjecto
1223 5307 1392 5363 habet
1427 5315 1485 5363 et
1526 5308 1646 5378 vili)
1678 5310 1850 5364 multa
1892 5325 2020 5365 cum

2721 4989 2938 5043 ΛΟΓῡΣ
2976 4989 3104 5042 Ξξςιν.

2573 5101 2717 5171 Περὶ
2744 5101 2850 5155 τοῦ
2892 5101 3270 5171 ἐλέγχεσθαι.

2200 5219 2524 5289 Ἀνθρωπος
2593 5218 2690 5271 ἐάν
2755 5219 2873 5270 ἐστι
2963 5218 3382 5287 ταπεινόφρων,
3434 5211 3520 5267 καῖ
3564 5205 3653 5276 ἔχει

2124 5299 2316 5367 ἔαυτόν
2340 5311 2564 5397 εὐτελῆ,
2595 5310 2734 5383 μετὰ
2807 5310 3074 5381 θυμηδίας
3118 5312 3214 5363 καὶ
3262 5307 3529 5380 εὐμενείας
3551 5299 3651 5355 sub;

431 5393 604 5449 animi
638 5393 920 5464 voluptate
966 5398 1435 5455 ct‘henevolentia
1474 5416 1577 5457 cas
1611 5409 1865 5471 exceptat
1896 5418 2011 5472 qua

2122 5393 2554 5474 ἐπιφερομένους
2604 5401 2755 5473 αὐτῷ
2794 5402 3068 5472 ἐλέγχους,
3132 5402 3228 5456 καὶ
3288 5402 3350 5455 τὸ
3398 5393 3645 5462 ἐπιτίμιον.

435 5486 491 5541 in
524 5501 581 5541 se
612 5486 865 5543 recidunt
886 5492 1291 5561 correptiones,
1312 5503 1408 5549 aut
1432 5495 1739 5564 quamlibet
1767 5511 2016 5565 asperam

2122 5494 2517 5566 παραδέχεται.
2577 5494 2865 5565 Μακάριος
2929 5489 3023 5548 οὖν
3083 5495 3233 5548 ἐστιν
3284 5495 3325 5546 ὅ
3378 5484 3575 5564 μοναχὸς
3621 5476 3643 5526 δ

506 5642 550 5672 τί
594 5642 756 5698 Prov.
783 5660 945 5711 xxvu,
972 5648 1025 5710 ες,
1051 5646 1103 5701 6.
1179 5648 1225 5679 ⁷²
1245 5649 1404 5703 Prov.
1430 5665 1614 5713 xxvm,
1641 5651 1731 5705 25.
1809 5651 1855 5683 ⁷³
1894 5651 2011 5706 Pro

2121 5666 2174 5713 x,
2205 5649 2258 5703 8.
2289 5650 2341 5704 9.
2418 5651 2464 5682 ”
2502 5650 2664 5704 Prov.
2696 5665 2750 5709 κ,
2782 5650 2868 5704 10.
2945 5651 2990 5681 ⁷⁸
3028 5648 3196 5703 Eccii.
3223 5665 3296 5710 ιχ,
3328 5648 3404 5701 l3.
3469 5642 3507 5672 7‘

444 5713 527 5773 Η.
604 5714 646 5743 ⁷⁷
689 5713 858 5769 Eccli.
894 5732 984 5779 xx,
1020 5719 1069 5769 1.
1144 5718 1192 5748 ⁷⁵
1230 5719 1397 5773 Eecli.
1434 5735 1536 5773 xxx

439 5782 583 5842 Tim.
627 5798 698 5849 tv,
730 5783 783 5839 '2.
861 5784 907 5816 "’
946 5786 1133 5841 Matth.
1167 5803 1312 5856 xvm,
1351 5788 1537 5845 15-17.

604 5714 646 5743 ⁷⁷
689 5713 858 5785 Eccli.
894 5732 984 5785 xx,
1020 5719 1069 5769 1.
1144 5718 1192 5748 ⁷⁵
1230 5719 1397 5773 Eecli.
1434 5735 1577 5785 χχχι,
1630 5723 1716 5775 41.
1798 5723 1842 5754 ⁷⁵
1882 5723 2011 5776 Prov

2115 5733 2198 5784 1x,
2227 5718 2323 5775 9.5.
2394 5721 2440 5753 ⁸ο
2482 5721 2644 5776 Prov.
2669 5719 2760 5785 27,
2789 5721 2842 5775 5.

2952 5722 2993 5752 ιι
3028 5696 3455 5784 rrum;
3534 5706 3569 5736 υ
3599 5696 3633 5755 u

3828 970 3834 1091 1

3837 2860 3839 2993 l

3837 3648 3839 3745 Ι

3837 4272 3839 4323 ι

3837 3648 3839 3745 l

3837 4272 3839 4323 |

3837 4435 3839 4500 ι

3837 3648 3839 3745 l

3836 4424 3839 4501 l
