3944 6474
305 377 440 447 1633

1189 447 1201 454 ,
1252 379 1585 443 nouum
1621 381 1813 443 LXIX
1866 347 1936 418 ἱ-
1966 333 2614 445 DE‘VERECUNDIA.

3433 391 3570 462 1634

303 497 521 550 πάντων
553 489 758 564 περίψη
768 509 842 563 μα
865 490 1056 546 ἑαυτὸν
1093 491 1255 564 ἔχων.
1301 493 1744 568 Ἐλαχιστότερον
1773 495 1888 568 γὰρ

1998 495 2450 568 ijurgationem.
2476 499 2676 554 Beatus
2699 496 2865 570 igitur
2889 499 3192 560 monachus
3213 507 3304 577 qui
3325 505 3568 580 seipsqu

299 585 494 642 ἑαυτὸν
517 584 890 656 λογιζόμενος,
917 584 1169 656 γέγηθεν·
1187 586 1388 658 μᾶλλον
1421 587 1514 642 ἐπὶ
1541 590 1607 659 τῇ
1639 588 1884 660 εὐτελείᾳ

302 682 398 736 καὶ
428 679 856 751 καταφρονήσει,
880 679 1024 750 ἢπερ
1045 680 1136 733 ἐπὶ
1156 681 1292 752 τιμῇ
1326 682 1422 733 καὶ
1451 679 1691 752 εὐκλείᾳ.
1721 680 1885 734 ’Ὅθεν

301 771 396 824 καὶ
428 759 530 824 ὑπὸ
578 767 673 820 τοῦ
721 766 856 820 θεοῦ
903 768 1208 836 ἁγιάζεται,
1241 767 1426 832 καθὼς
1479 771 1751 841 μαρτυρεῖ
1793 768 1883 823 Ἡ-

301 862 487 936 σαΐαςο
527 879 546 912 ι
591 859 881 928 Ἀγιάσατε
900 859 1032 930 γὰρ,
1065 861 1250 931 φησὶν,
1287 859 1380 914 τὸν
1431 859 1758 930 φαυλίξοντα
1788 858 1886 930 τὴν

301 954 482 1024 ψυχὴν
510 951 697 1006 αὑτοῦ.
735 952 794 1004 ὐ
825 952 881 1004 δὲ
912 951 1088 1022 μισῶν
1111 953 1386 1022 ἐλέγχους,
1417 953 1627 1022 ἄφρων.
1668 970 1685 1003 ι
1725 949 1888 1004 Ἀλλά

229 1027 235 1030 ”
303 1049 398 1100 καί¹
430 1045 673 1116 ἔγκειται
705 1044 888 1098 πάθει.
927 1044 987 1096 ’0
1012 1044 1065 1097 δὲ
1094 1045 1344 1114 ἀγαπῶν,
1368 1044 1527 1115 δῆλον
1549 1045 1631 1098 ὅτι
1669 1043 1888 1113 ἀπαθής

301 1137 472 1190 ἐστιν.
533 1135 713 1189 Καλὸν
781 1129 876 1188 οὖν
930 1133 1293 1204 ἀποδέχεσθαι
1348 1134 1476 1194 τοὺς
1535 1133 1888 1196 σκώπτοντας

303 1229 471 1298 ἡμᾶς,
508 1225 652 1295 ὑπὲρ
693 1227 825 1288 τοὺς
868 1225 1247 1289 ἐπαινοῦντας,
1283 1225 1476 1287 οἵτινες
1523 1225 1674 1277 οὐδὲν
1705 1225 1890 1294 διαιρέ-

304 1335 492 1388 ρουσιν
523 1317 940 1390 καταρωμένου,
979 1319 1130 1370 κατά
1175 1321 1276 1384 τὴν
1307 1317 1554 1386 ι’ραφήν.
1579 1315 1688 1368 Καὶ
1726 1316 1889 1368 πάλιν

301 1413 330 1464 ὁ
365 1410 530 1472 αὐτὸς
568 1409 820 1474 Ἡσαΐας,
861 1428 880 1460 ι
933 1406 1228 1461 Ἀκούσατε
1261 1407 1413 1478 ρἦα
1443 1407 1668 1476 Κυρίου,
1697 1406 1892 1476 οἰτρέ-

305 1517 498 1572 μοντες
527 1501 619 1566 τδν
643 1499 801 1567 λόγον
824 1499 1014 1565 αὑτοῦ,
1041 1497 1256 1562 εἴπατε,
1287 1497 1540 1568 Ἀδελφοί
1573 1497 1751 1567 ἡμῶν,
1778 1501 1892 1560 τοῖς

307 1591 560 1660 μισοῦσιν
605 1591 748 1660 ὑμᾶς
811 1591 908 1643 καὶ
953 1587 1422 1660 βδελυσσομένοις.
1461 1605 1481 1639 ι
1522 1587 1693 1658 Φησὶν
1725 1588 1818 1640 καὶ
1863 1589 1892 1640 ὁ

305 1681 740 1753 Παροιμιαστὴς,
801 1699 818 1732 ι
861 1679 1148 1752 Συντρίϐει
1181 1679 1380 1750 ἀπειλὴ
1426 1679 1656 1750 καρδίαν
1706 1678 1893 1750 φρονί-

1983 1137 2140 1208 juxta
2190 1138 2342 1192 Isaia:
2395 1139 2768 1194 testimonium
2814 1140 3052 1200 dicentis

1985 585 2133 640 aliud
2169 602 2293 642 esse
2319 596 2512 642 censet
2557 588 2716 650 nihil,
2758 605 2922 658 quam
2953 593 3200 648 omnium
3235 599 3569 668 peripsema.

1986 677 2302 733 Incredibili
2345 681 2492 734 enim
2533 679 2720 734 laa'titia
2755 681 3113 751 perfunditur
3147 687 3366 754 tacitus,
3405 706 3572 761 super

1987 769 2141 839 priva
2170 769 2478 840 dejectione
2501 779 2557 825 et
2585 779 2902 842 contemptu
2929 774 3085 846 (dum
3110 775 3354 847 seipsum
3391 780 3570 850 depu-

1988 869 2066 916 tat
2099 877 2206 918 nec
2245 861 2430 918 fucate
2477 865 2690 919 (αξιοι-ῖς
2718 871 2874 920 tanto
2907 882 3028 922 esse
3073 869 3368 939 minorem)
3400 875 3572 944 magis

1989 969 2151 1023 quam
2189 969 2290 1025 pro
2323 955 2574 1011 exhibito
2618 959 2831 1014 honore
2864 969 2955 1014 aut
2999 963 3211 1030 proprii
3249 965 3572 1022 celebritate

1988 1045 2252 1102 nominis.
2289 1045 2444 1103 Unde
2494 1057 2545 1102 et
2603 1049 2726 1104 talis
2759 1067 2791 1105 a
2833 1046 2946 1106 Deo
2985 1043 3318 1122 przzedicatur
3353 1055 3568 1118 beatus,

3093 1163 3106 1198 :
3161 1165 3179 1198 ι
3221 1144 3574 1204 Sanctiﬁcate

1990 1243 2117 1282 eum
2149 1229 2242 1299 qui
2269 1237 2530 1284 extenuat
2561 1231 2802 1284 animam
2838 1248 2989 1286 suam
3009 1234 3200 1305 3‘;qui
3231 1247 3416 1292 autem
3451 1239 3570 1294 odit

1991 1319 2390 1389 correptiones,
2429 1321 2752 1392 imprudens
2781 1333 2865 1378 est
2904 1325 2970 1378 ⁸⁸⁵.
3017 1345 3036 1376 ι
3081 1325 3186 1382 Sed
3214 1337 3269 1384 ct
3300 1329 3430 1385 huic
3467 1331 3572 1384 im-

1991 1409 2197 1479 pendet
2238 1427 2349 1464 non
2377 1411 2610 1482 simplex
2637 1413 2980 1482 perturbatio
3009 1435 3020 1447 ·
3054 1419 3147 1488 qui
3179 1431 3361 1476 autem
3389 1422 3573 1494 diligit

1993 1515 2108 1562 eas,
2145 1501 2318 1570 liquet
2353 1502 2503 1556 hunc
2547 1505 2695 1558 nulla
2723 1506 2834 1576 jam
2867 1508 3093 1576 percelli
3135 1509 3312 1576 animi
3353 1522 3576 1582 pertur-

1994 1591 2238 1656 batione,
2270 1593 2363 1648 sed
2396 1595 2586 1649 sedato
2615 1608 2698 1650 est
2725 1597 2928 1652 animo.
2962 1597 3134 1666 Quam
3161 1601 3326 1670 igitur
3352 1605 3574 1675 profue-

1995 1685 2072 1738 rit
2117 1683 2353 1756 benigne
2405 1701 2501 1740 cos
2549 1687 2806 1757 excipere
2853 1691 2948 1760 qui
2997 1707 3098 1747 nos
3149 1694 3262 1748 suis
3311 1709 3576 1752 exercent

308 1791 415 1845 μου
435 1792 448 1806 ·
483 1774 674 1845 ἄφρων
707 1775 762 1827 δὲ
801 1771 1188 1842 μαστιγωθεὶς,
1219 1771 1320 1826 οὐκ
1353 1769 1688 1826 αἰσθάνεται.
1729 1789 1748 1822 ι
1785 1771 1894 1824 Καὶ

1998 1777 2186 1830 sannis
2216 1785 2279 1831 et'
2303 1780 2704 1845 scommatihus
2735 1781 3040 1850 quamlibet
3062 1785 3441 1853 amarulcntis,
3463 1803 3574 1857 pra:

303 1835 492 1932 ⁸πάλιν,
533 1835 990 1930 ιλυςάπωθεῖται
1005 1863 1278 1931 παιδείαν,
1307 1865 1455 1935 μισεῖ
1491 1865 1704 1918 ἑαυτόν.
1751 1863 1810 1918 '0
1837 1864 1892 1917 δὲ

2429 1841 2434 1845 .
2752 1835 2768 1850 .
2951 1835 2972 1836 νκ
2994 1835 3034 1837 ρ
3067 1835 3204 1838 κ
3225 1835 3441 1853 “mm.
3463 1835 3574 1857 ιη-

1998 1869 2110 1924 illis
2143 1869 2236 1940 qui
2273 1885 2375 1925 nos
2405 1872 2678 1927 adornant
2711 1873 2827 1928 suis
2857 1877 3252 1932 commcntitiis
3283 1879 3578 1935 laudibus?

301 1957 489 2032 τηρῶν
517 1958 797 2028 ἐλέγχους,
827 1959 1024 2012 κτᾶται.
1051 1957 1332 2029 φρόνησιν.
1372 1973 1390 2006 ι
1419 1956 1532 2009 Καὶ
1558 1955 1741 2020 πάλιν,
1771 1973 1790 2006 σ
1836 1955 1893 2010 Ὁ

302 2053 600 2124 δεχόμενος
628 2051 895 2118 παιδείαν,
932 2053 990 2104 ἐν
1018 2049 1246 2119 ἀγαθοῖς
1277 2049 1452 2102 ἔσται.
1499 2049 1563 2102 '0
1589 2049 1646 2102 δὲ
1686 2049 1892 2118 φυλάσ-

303 2161 417 2198 σων
464 2143 746 2214 ἐλέγχους,
799 2143 1211 2214 σοφισθήσέται.
1253 2159 1272 2192 ι
1312 2141 1444 2206 Καὶ,
1485 2160 1502 2194 ι
1566 2140 1625 2194 Ὁ
1679 2142 1894 2195 ἀκούων

306 2235 568 2306 ἐλέγχους
599 2235 768 2304 ζωῆς,
794 2236 858 2288 ’ἐν
901 2234 1053 2306 μέσῳ
1078 2233 1258 2303 σοφῶν
1283 2233 1694 2303 αὐλισοὴσεται.
1733 2251 1752 2285 ι
1787 2232 1896 2286 Καὶ

304 2329 492 2395 πάλιν,
553 2347 572 2380 ι
635 2328 694 2382 '0
743 2326 926 2397 τηρῶν
983 2328 1262 2398 ἐλέγχους,
1311 2327 1505 2398 ἀγαπᾷ
1549 2324 1647 2396 τὴν
1701 2323 1894 2378 ἑαυτοῦ

301 2421 506 2492 ψυχήν.
550 2421 612 2472 οι
641 2418 698 2472 δὲ
725 2419 1030 2488 μισοῦντες,
1069 2415 1401 2471 τελευτῶσιν
1435 2415 1695 2486 αἰσχρῶς.
1738 2437 1756 2468 ο
1789 2415 1897 2468 Καὶ

1993 1961 2088 2032 qui
2115 1963 2272 2032 juxta
2301 1961 2640 2033 Seriptura‘m
2667 1964 2804 2019 nihil
2838 1965 2908 2019 ab
2937 1981 3004 2021 eo
3033 1966 3299 2024 diﬂ'erunt
3330 1969 3426 2039 qui
3457 1986 3545 2026 ma
3570 2003 3578 2010 -

1993 2051 2204 2107 ledicit.
2253 2054 2402 2108 Idem
2433 2070 2624 2110 rursus
2665 2049 2872 2112 Isaias:
2909 2075 2927 2106 ι
2971 2055 3171 2112 Audite
3201 2058 3433 2113 verbum
3465 2059 3575 2114 Πομ

1993 2143 2150 2209 mini,
2197 2145 2292 2215 qui
2333 2144 2713 2202 intremiscitis
2753 2146 2819 2201 ad
2872 2161 3184 2202 sermonem
3233 2149 3374 2220 ejus,
3410 2149 3579 2205 dicite

1995 2235 2082 2291 his
2106 2235 2201 2308 qui
2229 2253 2327 2292 vos
2347 2237 2583 2293 oderunt
2605 2249 2661 2295 et
2679 2249 3059 2304 exsecrantur,
3089 2240 3309 2296 Fratres
3328 2241 3434 2296 mei
3455 2242 3524 2298 ".
3549 2261 3568 2293 ι

1996 2323 2104 2379 Sed
2141 2333 2198 2380 et
2245 2325 2636 2382 Paroemiastes
2675 2344 2690 2380 :
2733 2346 2751 2378 ι
2805 2325 3058 2383 Conterit
3099 2329 3453 2386 comminatio
3483 2346 3582 2386 cor

1997 2416 2308 2486 prudentis,
2339 2417 2661 2496 imprudeps
2691 2427 2874 2472 autem
2917 2419 3085 2474 etiam
3129 2417 3435 2490 ﬂagellatus
3462 2436 3575 2476 non

307 2511 486 2577 αὖθις,
523 2531 542 2564 ‹
580 2511 779 2564 Πενίαν
810 2510 905 2563 καλ
933 2510 1155 2580 ἀτιμίαν
1189 2510 1508 2579 ἀφαιρεῖται
1557 2507 1794 2563 παιδεία.
1830 2507 1896 2562 '0
1925 2552 1932 2558 .

307 2605 365 2657 δὲ
403 2602 694 2672 φυλάσσων
741 2601 1018 2672 ἐλέγχους,
1045 2600 1466 2672 δοξασθήσεται.
1510 2617 1529 2652 ι
1563 2599 1673 2653 Καὶ
1705 2598 1888 2662 πάλιν,

1998 2595 2276 2666 seipsum';
2311 2595 2404 2666 qui
2436 2604 2617 2650 autem
2645 2607 2827 2653 servat
2865 2599 3296 2669 correptionem,
3332 2600 3582 2671 possidet

311 2713 335 2747 ‹
386 2683 600 2765 Πλῂιαὶ
647 2694 744 2747 καὶ
797 2693 1014 2764 ἔλεγχοι
1065 2692 1271 2746 διδόασι
1362 2691 1560 2761 σοφίαν
1585 2707 1602 2720 ο
1660 2693 1788 2752 παῖς
1835 2690 1892 2744 δὲ

1998 2685 2346 2758 prudentiam
2379 2688 2444 2755 ξε.
2484 2707 2502 2739 ι
2533 2688 2788 2745 Rursus:
2818 2709 2836 2741 ι
2872 2689 2976 2757 Qui
3007 2690 3174 2746 habet
3205 2692 3582 2774 prudentiam,

305 2786 684 2856 πλανώμενος,
723 2785 972 2856 αἰσχυνεῖ
1021 2785 1203 2852 γονεῖς
1248 2781 1439 2840 αὑτοῦ.
1501 2803 1518 2834 ι
1560 2783 1670 2836 Καὶ
1715 2783 1896 2849 πάλιν,

2001 2779 2058 2834 in
2097 2779 2258 2834 bonis
2289 2779 2397 2835 erit
2428 2780 2496 2844 9’,
2529 2787 2587 2833 et
2629 2781 2721 2850 qui
2772 2781 3014 2836 custodit
3059 2783 3462 2852 correptiones,
3498 2799 3586 2839 sa-

309 2897 334 2930 ς
377 2877 438 2931 '0
470 2877 702 2946 ἀγαπῶν
729 2876 1005 2942 παιδείαν,
1037 2877 1228 2946 ἀγαπᾷ
1265 2877 1518 2946 αἴσθησιν
1539 2893 1555 2907 ο
1581 2876 1612 2928 ὑ
1641 2876 1698 2930 δὲ
1727 2875 1898 2946 μισῶν

2000 2870 2160 2942 piens
2187 2869 2455 2926 elﬁcietur
2482 2871 2569 2922 ⁸⁸⁸.
2603 2889 2620 2922 ι
2647 2871 2750 2925 Et:
2775 2890 2793 2922 ι
2822 2869 3130 2938 Qui-servat
3153 2873 3583 2944 inerepationes,

302 2970 589 3040 ἐλέγχους,
641 2969 852 3042 deponi.
903 2987 922 3021 ι
963 2969 1032 3022 Ὅ
1083 2969 1140 3022 δὲ
1187 2969 1375 3032 Δαυῖδ,
1419 2988 1439 3020 ‹
1476 2970 1672 3040 Κύριε,
1701 2968 1776 3040 μὴ
1825 2967 1898 3038 τῷ

2002 2974 2159 3014 suam
2204 2961 2374 3030 ipsius
2421 2960 2598 3032 diligit
2639 2961 2911 3029 animam;
2943 2962 3038 3034 qui
3085 2970 3272 3018 autem
3321 2964 3582 3026 oderunt.

305 3061 466 3132 Θυμῷ
495 3079 593 3116 σου
623 3061 863 3130 ἑλέγξεις
902 3079 993 3132 με,
1055 3061 1188 3132 μηδὲ
1257 3063 1330 3133 τῇ
1367 3063 1504 3134 ὀργῇ
1541 3079 1634 3115 σου
1680 3061 1898 3116 παιδεύ-

2004 3053 2368 3124 ignominiose
2399 3054 2714 3108 moriuntur
2737 3055 2808 3108 ".
2847 3073 2865 3105 ι
2907 3053 2975 3109 Et
3007 3072 3022 3109 :
3057 3073 3074 3106 ι
3111 3055 3496 3126 Paupertatem
3527 3064 3590 3110 et

304 3173 408 3228 σῃς
445 3173 512 3227 με
534 3173 548 3186 ·
584 3175 604 3208 ι
641 3155 739 3226 οὐχ
765 3155 850 3208 ὅτι
883 3154 976 3208 τῦν
1005 3153 1229 3224 ἔλεγχον
1259 3157 1580 3226 παρῃτεῖτο,
1621 3153 1758 3208 ἀλλά
1805 3154 1898 3226 τὴν

2007 3142 2359 3213 ignominiam
2397 3143 2574 3212 aufert
2607 3144 2933 3216 disciplina;
2973 3145 3066 3217 qui
3103 3153 3286 3201 autem
3338 3148 3584 3202 custodit

1997 2503 2170 2558 sentit
2195 2505 2263 2558 ⁸⁷.
2299 2524 2316 2557 ι
2353 2505 2556 2560 lterum
2585 2523 2598 2559 :
2629 2524 2649 2558 ι
2679 2504 2782 2572 Qui
2817 2507 3036 2578 repellit
3062 2507 3436 2578 disciplinam,
3459 2508 3579 2566 odit

309 3249 435 3320 μετ’
483 3246 654 3320 ὀργῆς
695 3247 964 3302 παιδείαν.
1015 3245 1306 3317 Ἐπιιρέρει
1353 3247 1482 3316 γὰρ,
1536 3265 1554 3298 ι
1611 3245 1902 3300 Παιδεύσει

308 3353 380 3406 με
432 3335 638 3400 δίκαιος
685 3337 743 3388 ὲν
791 3335 934 3389 ἐλέει
989 3336 1086 3390 καὶ
1122 3335 1332 3405 ἐλέγξει
1369 3353 1460 3406 με.
1517 3355 1535 3386 ι
1588 3337 1780 3405 Μέγας
1812 3333 1906 3392 οὖν

306 3432 482 3491 ἐστιν,
522 3428 822 3498 ἀγαπητοὶ,
871 3427 970 3481 καὶ
1019 3427 1340 3498 θαυμαστὸς
1387 3427 1414 3479 ὁ
1454 3425 1836 3498 ἐλεγχόμενος,
1871 3428 1903 3500 ἦ

305 3517 710 3590 ἀτιμαζόμενος
752 3517 857 3570 ὑπό
915 3535 1096 3582 τινος,
1127 3519 1225 3572 καὶ
1277 3517 1600 3588 βαστάζων,
1653 3519 1906 3590 καθάπερ

305 3611 405 3664 καί
463 3613 496 3681 ἡ
542 3609 716 3680 σεμνὴ
779 3609 876 3662 καὶ
924 3609 1136 3681 μεγάλη
1185 3609 1372 3681 ἐκείνη
1424 3611 1729 3679 Χαναναία,
1785 3612 1908 3684 ἥτις

303 3700 594 3756 ἀκούσασα
638 3700 789 3771 παρά
831 3699 926 3752 τοῦ
961 3699 1194 3770 Κυρίου,
1223 3699 1306 3753 ὅτι
1341 3719 1360 3753 ι
1410 3701 1526 3755 Οὐκ
1563 3701 1713 3756 ἐστιν
1743 3701 1907 3757 καλὸν

307 3791 502 3845 λαϐεῖν
525 3791 616 3844 τὸν
644 3790 808 3861 ἄρτον
831 3790 942 3873 τῶν
973 3789 1202 3855 τέκνων,
1247 3789 1344 3843 καὶ
1373 3789 1560 3860 βαλεῖν
1601 3795 1715 3857 τοῖς
1744 3810 1908 3846 κυνα-

307 3883 486 3948 ρίοις·
527 3901 546 3934 ι
583 3881 684 3936 οὐκ
725 3881 1134 3950 ἠγανάκτησεν,
1186 3879 1323 3934 ἀλλά
1352 3881 1908 3955 τούναντίονὲαυτὴν

307 3973 661 4038 εὐτελίζουσα
709 3967 883 4038 εἶπεν,
913 3988 932 4022 ι
983 3971 1115 4036 Ναὶ,
1159 3971 1333 4036 Κύριε
1361 3989 1376 4002 ο
1407 3971 1649 4045 καὶγὰρ
1693 3973 1766 4028 τὰ
1811 3979 1910 4028 xu;

306 4066 474 4136 νάρια
509 4063 679 4118 ἐσθίει
724 4063 832 4116 ἀπὸ
881 4063 992 4116 τῶν
1040 4061 1242 4132 ψιχίων
1291 4062 1400 4116 τῶν
1442 4065 1748 4119 πιπτόντων
1799 4066 1908 4120 ἀπὸ

304 4159 409 4228 τῆς
470 4156 752 4227 τραπέζης
809 4155 917 4208 τῶν
964 4154 1172 4225 κυρίων
1218 4153 1436 4206 αὐτῶνο
1489 4173 1509 4206 ι
1569 4154 1690 4210 ὅθεν
1737 4158 1908 4229 ὑπερ-

307 4245 624 4316 εῦαύμασεν
668 4245 697 4302 ὁ
749 4245 955 4315 Κύριος
979 4242 1076 4314 τὴν
1108 4243 1441 4296 ταπείνωσιν
1473 4243 1570 4298 καὶ
1603 4243 1785 4299 πίστιν
1812 4249 1906 4300 αὐ.

305 4337 431 4406 τῆς,
469 4335 660 4401 είπὼν,
689 4331 790 4388 «Ὦ
813 4335 995 4403 γύναι,
1015 4334 1226 4406 μεγάλη
1247 4351 1340 4388 σου
1359 4335 1393 4404 ὴ
1415 4336 1908 4409 πίστις,γενηθήτω

311 4443 398 4481 σοι
419 4427 494 4490 ὡς
517 4428 712 4492 (θέλεις.
748 4446 766 4478 ι
798 4425 959 4498 Αὐτῷ
989 4427 1023 4495 ἡ
1046 4423 1172 4490 δόξα
1197 4425 1278 4488 είς
1306 4425 1434 4488 τοὺς
1463 4426 1687 4490 αἰῶνας.
1708 4429 1900 4498 Ἀμήν.

2006 3235 2399 3299 correctiones,
2430 3235 2828 3306 gloriﬁcabitdr
2853 3237 2920 3292 ".
2960 3257 2976 3288 ι
3018 3237 3304 3292 Rursum:
3343 3259 3360 3290 ι
3407 3238 3586 3310 Plaga:

2005 3330 2062 3378 et
2093 3323 2506 3396 obiurgationes
2545 3325 2797 3382 tribuunt
2825 3326 3185 3396 sapientiam;
3227 3344 3368 3398 puer
3399 3338 3586 3384 autem

2007 3413 2272 3470 deerrans
2323 3415 2610 3472 confundit
2655 3426 2912 3487 parentes
2963 3433 3092 3472 suos
3138 3419 3205 3472 ἐ.
3255 3439 3274 3470 ι
3325 3419 3528 3474 lterum
3568 3437 3582 3472 :

2013 3523 2034 3558 ⁴ι
2065 3504 2170 3572 Qui
2201 3505 2382 3576 diligit
2415 3505 2972 3579 disciplinam,diligit
2997 3524 3253 3564 sensum:
3277 3508 3372 3578 qui
3402 3518 3588 3566 autem

2008 3596 2126 3652 odit
2157 3581 2588 3668 increpationes,
2615 3599 2938 3670 imprudens
2971 3599 3038 3654 ³³.
3075 3618 3094 3652 ι
3121 3599 3298 3654 David
3327 3616 3587 3671 quoque:

2015 3709 2034 3740 ι
2075 3688 2330 3752 Domine,
2375 3704 2445 3743 ne
2477 3689 2534 3744 in
2581 3689 2767 3745 furore
2797 3700 2891 3746 tuo
2927 3707 3124 3762 arguas
3167 3707 3276 3760 me,
3312 3709 3493 3764 neque
3528 3693 3585 3748 in

2008 3779 2090 3835 ira
2125 3787 2216 3835 tua
2253 3780 2522 3851 corripias
2550 3797 2636 3836 me
2665 3781 2732 3836 ".
2767 3799 2786 3834 ι
2817 3783 2935 3838 Non
2959 3783 3184 3854 quidem
3213 3784 3360 3854 quod
3397 3785 3444 3840 is
3491 3785 3591 3841 de-

2010 3881 2336 3944 precaretur
2388 3881 2482 3928 aut
2533 3873 2819 3945 defugeret
2862 3876 3196 3932 vitabundus
3247 3877 3588 3932 Dominicam

2009 3965 2438 4036 correptionem,
2458 3965 2551 4021 sed
2581 3983 2700 4022 eam
2731 3983 2852 4037 qua:
2884 3983 3007 4022 eum
3035 3968 3114 4024 ira
3149 3969 3298 4042 gravi
3331 3969 3589 4036 infertur,

2009 4052 2362 4128 disciplinam
2397 4072 2428 4112 a
2470 4073 2527 4113 se
2563 4058 2879 4129 precatione
2912 4059 3016 4114 hac
3048 4077 3180 4116 usus
3218 4061 3591 4116 amoliebatur

2009 4162 2076 4204 ac
2103 4148 2434 4218 depellebat.
2473 4149 2679 4220 1131
2711 4150 2877 4206 Infert
2904 4151 3052 4206 enim
3087 4169 3101 4206 :
3135 4171 3154 4204 ι
3189 4151 3464 4222 Corripiet
3496 4169 3586 4206 me

2003 4240 2190 4311 justus
2223 4241 2280 4294 in
2313 4243 2698 4298 mlsericordia
2727 4252 2783 4299 et
2817 4245 3126 4316 increpabit
3154 4263 3238 4300 me
3264 4247 3330 4300 ³⁵.
3367 4266 3385 4298 ι
3421 4245 3586 4309 Sane,

2009 4344 2174 4401 quam
2206 4346 2334 4386 eum
2355 4345 2458 4401 par
2484 4342 2568 4388 est
2596 4349 2849 4407 magnum
2879 4337 3164 4392 censeriet
3189 4335 3588 4394 admirabilem.

2012 4425 2110 4496 qui
2160 4440 2287 4480 cum
2311 4425 2636 4505 (inerepatur
2663 4429 2848 4482 acrius
2879 4435 2933 4482 ct
2976 4430 3272 4500 ignominia
3319 4445 3429 4483 non
3464 4429 3592 4490 levi

308 4521 644 4592 aspergitur,
701 4517 913 4589 perfert
947 4525 1130 4571 tamen
1161 4515 1670 4585 :quemadmodum
1739 4517 1974 4574 honesta
2013 4518 2105 4576 illa
2141 4515 2484 4580 Chananitis,
2518 4517 2811 4588 magnique
2846 4521 3052 4584 meriti,
3091 4536 3213 4590 qua:
3245 4520 3467 4590 quidem
3519 4521 3594 4574 si-

306 4615 424 4666 mul
459 4623 622 4682 atque
667 4626 698 4665 a
740 4608 972 4664 Domino
1005 4605 1298 4662 audisset:
1372 4625 1390 4657 ι
1429 4606 1551 4660 Νοη
1605 4617 1692 4662 est
1735 4607 1942 4664 bonum
1983 4621 2200 4663 sumere
2240 4619 2438 4674 panem
2478 4605 2716 4662 liliorum
2787 4619 2843 4664 et
2892 4611 3113 4666 mittere
3165 4611 3377 4666 catellis
3427 4611 3472 4644 θσ
3511 4628 3524 4660 τ
3569 4633 3585 4663 ι

308 4720 422 4758 non
451 4704 568 4760 haec
605 4701 769 4756 modo
799 4699 1080 4770 indignata
1121 4713 1236 4751 non
1282 4705 1386 4763 est,
1420 4697 1516 4752 sed
1561 4713 1628 4752 ex
1669 4697 1890 4754 diverso
1924 4699 2162 4768 seipsam
2219 4705 2526 4753 extenuans
2571 4702 2898 4770 respondit:
2975 4722 2993 4754 ι
3033 4703 3167 4768 ῐιηο,
3202 4702 3454 4766 Domine,
3501 4713 3589 4757 et-

307 4799 458 4854 enim
517 4795 698 4853 eatelli
753 4794 929 4848 edunt
961 4791 1029 4846 de
1083 4788 1349 4850 bucoellis
1400 4805 1525 4858 quae
1575 4790 1780 4845 cadunt
1831 4791 1899 4846 de
1938 4805 2128 4845 mensa
2191 4789 2541 4843 dominorum
2587 4806 2814 4846 suorum
2862 4795 2928 4849 9".
2987 4815 3004 4846 ι
3050 4795 3165 4851 lloc
3223 4810 3490 4866 responso
3537 4795 3594 4850 in

308 4889 732 4945 admirationem
786 4890 948 4937 tanta:
994 4879 1156 4934 istius
1201 4887 1259 4932 et
1296 4879 1631 4934 humilitatis
1677 4889 1734 4934 et
1769 4879 1896 4934 fidei
1938 4895 1996 4934 se
2060 4877 2344 4948 surrigens
2405 4878 2692 4947 Dominus,
2744 4882 2926 4936 dixit:
2967 4905 2984 4937 ι
3035 4884 3080 4940 Ο
3131 4885 3350 4951 iiitiiier,
3394 4901 3592 4956 magna

308 4991 398 5042 est
424 4981 558 5037 fides
589 4989 704 5040 tua,
739 4976 830 5030 fiat
875 4973 973 5026 tibi
1009 4973 1153 5026 sicut
1180 4971 1268 5024 vis
1292 4971 1358 5022 ’3.
1409 4991 1425 5022 ι
1476 4971 1586 5040 Ipsi
1617 4973 1791 5042 gloria
1837 4971 1893 5025 in
1931 4971 2148 5025 samum,
2181 4969 2378 5025 Amen,

915 5088 1134 5144 ΛΟΓΟΣ
1171 5085 1290 5141 εον.
1927 5069 1970 5122 υ

741 5181 877 5251 Περὶ
911 5179 1018 5234 τοῦ
1047 5178 1464 5246 αἰσχύνεσθαι.

2414 5177 2491 5232 De
2525 5179 2726 5249 pudore
2759 5191 2810 5234 et
2838 5184 3176 5238 uerecundia.

386 5281 540 5351 Καλή
563 5281 732 5341 ἐστιν,
753 5273 1048 5341 ἀγαπητοὶ,
1077 5273 1110 5340 ἡ
1138 5270 1278 5323 κατὰ
1301 5269 1430 5322 Θεὸν
1451 5269 1680 5340 αἰσχύνη
1708 5269 1896 5338 (ἣγουν

2077 5269 2442 5334 Yerecundia,
2495 5269 2830 5338 charissimi,
2883 5273 3000 5328 sive
3036 5274 3214 5342 pudor
3251 5275 3344 5344 qui
3391 5291 3586 5330 secun-

311 5369 523 5438 αἰδὼς),
551 5369 584 5437 ἡ
615 5363 1019 5432 ἀκαπήλευτος,
1047 5363 1082 5432 ή
1110 5360 1421 5434 ἀκίϐδηλος,
1444 5360 1478 5430 ἡ
1505 5359 1894 5428 ἀνεπίληπτος,

2003 5358 2135 5414 dum
2191 5359 2362 5414 Deum
2413 5371 2520 5426 est,
2572 5371 2782 5430 quanto
2837 5365 3094 5432 praenitet
3152 5365 3382 5421 decore!
3436 5366 3586 5421 Nihil

312 5465 348 5534 ἡ
378 5459 456 5532 τῷ
487 5457 606 5528 Θεῷ
643 5455 989 5520 διαλλακτὴς.
1016 5451 1232 5522 Ταύτην
1273 5449 1365 5506 οὖν
1395 5449 1780 5534 κατάσχωμεν,
1810 5449 1897 5502 ἵνα

2003 5451 2151 5504 enim
2193 5449 2435 5504 admittit
2488 5450 2823 5507 insincerum
2869 5461 2965 5508 aut
3012 5456 3383 5525 permistum;
3431 5456 3584 5513 nulla

2536 5085 2822 5143 HOMILIA
2868 5089 3057 5145 LXIX.

385 5641 434 5676 “
471 5639 585 5694 lmo
615 5585 786 5692 Ec\cli.
827 5649 885 5695 ιι,
909 5630 998 5687 20.
1074 5631 1120 5663 ⁸⁸
1159 5629 1330 5684 Eccli.
1358 5645 1469 5688 xix.
1496 5629 1548 5684 5.
1603 5609 1672 5660 ’⁸⁸
1712 5627 1814 5680 lsa.
1851 5643 1898 5680 ω

2023 5629 2076 5681 5.
2191 5627 2236 5658 ⁸⁷
2275 5627 2436 5683 Prov.
2469 5645 2558 5694 xv,
2597 5628 2682 5682 l2.
2758 5588 2980 5688 "-,ibid.
3011 5629 3100 5685 52.
3195 5633 3242 5664 ⁸⁸
3284 5633 3443 5686 Prov.
3496 5646 3576 5688 m.

317 5713 410 5766 i5.
485 5709 554 5742 ⁸“¹
592 5709 755 5761 Prov.
786 5717 873 5762 xv.
901 5703 954 5756 5.
1031 5701 1076 5733 ⁸ο
1119 5700 1255 5754 ibid.
1291 5700 1379 5754 10.
1453 5701 1497 5732 ⁹¹
1542 5697 1710 5753 Eccli.
1748 5713 1800 5758 x,
1830 5699 1898 5750 55

1998 5699 2040 5728 ³³
2063 5698 2223 5752 Prov.
2259 5699 2517 5766 xxtx,1t‘.’.
2591 5699 2636 5730 ⁸³
2676 5698 2837 5753 Prov.
2875 5714 2970 5763 xu,
3010 5701 3059 5754 l.
3136 5699 3184 5734 ”
3221 5701 3363 5756 Psal.
3405 5718 3477 5766 vi,
3518 5701 3574 5758 2.

340 5788 364 5814 ⁵
407 5779 550 5837 Psal.
586 5776 794 5842 c.\L,'5.
868 5775 914 5805 "
955 5771 1142 5826 Matth.
1193 5787 1279 5834 xv,
1311 5770 1399 5824 ‘26.
1475 5769 1518 5800 ³⁷
1563 5768 1698 5822 ibid.
1729 5768 1819 5824 27.
1897 5766 1942 5799 θ’
1983 5767 2114 5823 ibid.
2156 5767 2246 5822 ‘28.
