3944 6482
453 320 591 385 1ΰ35

1721 321 2088 382 ANTIOCHI
2122 322 2470 381 MONACHI

3565 324 3679 393 1636

448 438 673 509 pallenti
710 436 971 507 rubigine
1011 437 1237 492 vitiatur
1278 438 1658 510 hypocriscos,
1700 439 1840 491 nihil
1872 439 1927 492 in
1973 452 2031 504 se

2137 435 2639 508 παρῤησιασθῶμεν
2664 436 2724 490 ἐν
2750 438 2816 507 τῇ
2846 436 3122 508 παρουσίᾳ
3150 435 3242 490 τοῦ
3277 437 3493 508 Κυρίου
3511 454 3523 465 ·
3550 441 3684 510 ﬁni.

451 542 707 598 prorsum
755 527 925 580 habet
969 526 1117 595 quod
1171 528 1606 597 reprehensione
1654 527 1882 597 dignum
1933 527 2026 581 sit.

452 618 563 673 Nec
608 619 808 679 solum,
846 617 940 671 sed
977 625 1033 671 et
1078 618 1222 671 inter
1268 619 1440 673 Deum
1487 634 1699 688 nosque
1745 626 2031 689 sequester

451 718 553 763 est.
586 709 859 763 Pudorem
891 708 1040 761 hunc
1065 708 1241 778 igitur
1258 717 1674 764 antevertamus
1703 709 1942 778 assequi,
1970 716 2032 763 ut

446 800 506 852 in
543 801 827 854 Dominico
860 799 1101 854 adventu
1149 801 1357 870 majore
1394 808 1520 854 ‘cum
1557 800 1757 855 fiducia
1782 816 2028 870 praesen-

447 904 634 946 temur
664 909 677 945 :
707 891 924 946 vicinus
971 891 1119 946 enim
1165 891 1315 945 illius
1345 891 1617 945 adventus
1658 900 1762 953 est,
1802 900 1863 946 et
1900 906 2030 946 ecce

450 999 553 1053 pro
606 983 819 1037 furibus
861 983 1085 1038 assistit.
1125 981 1257 1048 Quae
1300 983 1452 1036 enim
1498 982 1803 1037 secundum
1856 983 2028 1036 Deum

456 1074 790 1129 verecundia
814 1081 917 1138 est,
945 1089 1014 1127 ne
1035 1082 1246 1127 annutu
1264 1073 1494 1142 quidem
1518 1081 1613 1126 aut
1630 1074 1787 1128 vultu
1814 1083 2031 1129 arrecto

444 1167 598 1225 ausit
627 1167 927 1236 quidquam
970 1176 1183 1235 petere,
1223 1173 1326 1219 aut
1362 1165 1581 1235 quidvis
1604 1174 1876 1236 praesente
1918 1168 2031 1223 Dee

455 1257 687 1311 liberius
737 1257 1098 1327 depromere,
1149 1271 1265 1325 pra:
1318 1257 1592 1311 nullorum
1654 1258 2027 1324 multitudine,

450 1362 701 1422 quorum.
724 1347 826 1415 ipsi
854 1346 1013 1400 nobis
1038 1345 1245 1400 conscii
1275 1359 1489 1401 sumus.
1523 1345 1580 1401 Si
1610 1347 1833 1418 quando
1862 1347 2032 1419 igitur

446 1439 725 1493 dedecore
778 1424 1036 1507 qu0piam
1084 1445 1183 1492 aut
1235 1438 1443 1506 probro
1485 1453 1858 1509 aspergemur,
1904 1455 2031 1495 mox

449 1528 758 1599 cogitemus
800 1542 922 1582 eam
965 1527 1387 1598 impressionem
1416 1529 1579 1583 nobis
1624 1528 1885 1585 inﬂictam
1931 1545 2032 1600 pro

448 1623 674 1678 cumulo
698 1621 892 1692 gloriae
925 1636 1089 1690 quam
1122 1621 1284 1675 nobis
1316 1637 1346 1675 a
1380 1622 1493 1676 Deo
1529 1621 1719 1676 datum
1742 1623 1809 1678 iri
1837 1639 2029 1693 spera-

449 1730 596 1779 mus,
645 1728 881 1783 cumque
928 1715 1147 1767 actione
1176 1714 1475 1783 gratiarum
1528 1713 1669 1767 nihil
1698 1730 1841 1784 aegre
1881 1715 2031 1770 illam

451 1807 778 1859 toleremus.
846 1804 1039 1874 Magno
1099 1805 1247 1858 enim
1306 1803 1594 1859 commodo
1650 1813 1839 1867 nostro
1896 1804 2032 1862 sinit

454 1899 599 1951 Deus
633 1913 753 1951 eam
806 1897 966 1951 nobis
1020 1895 1216 1966 infligi,
1276 1906 1443 1965 atque
1498 1897 1570 1950 ita
1620 1895 1845 1951 interim
1897 1896 2029 1952 dum

452 1989 756 2060 ignominia
816 1987 1209 2058 percellimur,
1277 1989 1455 2043 securi
1510 1987 1718 2043 erimus
1792 1988 2033 2044 tristitiae

396 2110 417 2133 .
452 2082 656 2147 omnis,
686 2081 839 2135 nulla
874 2095 976 2134 nos
1004 2080 1224 2134 conciet
1250 2080 1453 2134 mentis
1486 2079 1862 2150 intemperies.
1889 2080 2031 2135 Sane

454 2191 565 2228 non
596 2189 788 2245 parum
818 2173 995 2228 vereri
1022 2173 1287 2226 debemus
1325 2171 1616 2226 Dominum
1644 2170 1738 2241 qui
1772 2179 1919 2226 tanta
1948 2170 2030 2225 le-

455 2265 627 2318 nitate
673 2264 941 2317 malorum
973 2263 1220 2317 omnium
1253 2278 1375 2332 quae
1418 2264 1706 2333 gessimus,
1742 2261 2029 2317 oblivisci-
2066 2287 2069 2292 ·

456 2365 568 2420 tur,
600 2356 646 2409 si
673 2354 896 2424 quando
925 2355 1081 2419 alias,
1122 2369 1269 2407 nunc
1294 2354 1529 2408 maxime
1569 2353 1854 2423 temporis,
1876 2354 2032 2425 juxta

456 2448 510 2501 id
556 2447 702 2517 quod
734 2446 941 2501 dictum
975 2456 1080 2500 est.
1113 2446 1302 2516 Neque
1333 2447 1481 2501 enim
1530 2462 1680 2500 nunc
1710 2447 1798 2501 vel
1830 2446 2033 2517 obgan-

454 2538 577 2592 nirc
602 2537 731 2590 licet
761 2543 856 2589 aut
885 2537 1100 2605 aperire
1124 2551 1205 2591 os.
1240 2536 1546 2606 Siquidem,
1574 2537 1824 2613 Domine,
1860 2537 2033 2592 servis

458 2629 569 2683 tuis
597 2638 650 2683 et
684 2629 752 2683 iis
785 2629 881 2699 qui
919 2640 968 2682 te
1002 2629 1211 2691 colunt,
1249 2628 1501 2683 confusio
1545 2628 1729 2683 inusta
1762 2638 1932 2684 estet
1960 2629 2029 2683 il-

388 2742 391 2747 ν
457 2723 628 2774 latum
664 2719 1044 2790 opprobrium.
1076 2719 1200 2772 Tibi
1227 2718 1375 2772 enim
1419 2717 1533 2773 Deo
1567 2729 1758 2773 nostro
1790 2719 2030 2789 justitia,

457 2811 615 2865 nobis
647 2821 831 2864 autem
862 2809 1114 2865 confusio
1140 2809 1326 2863 vultus
1362 2809 1557 2872 nostri,
1596 2809 1806 2875 uthmc
1839 2810 2034 2880 prohat

458 2902 578 2956 dies
609 2901 788 2967 nobis,
831 2900 1176 2970 principibus
1208 2900 1415 2954 nostris
1445 2907 1501 2955 et
1540 2901 1765 2970 regibus
1805 2902 2029 2965 nostris,

457 2993 588 3063 quia
637 2994 1007 3062 peccavimus,
1058 2984 1247 3061 inique
1293 2993 1506 3063 egimus
1536 3001 1593 3047 et
1634 3008 1665 3046 a
1703 2994 2037 3049 rectitudine

458 3083 782 3139 deﬂeximus
808 3083 910 3137 vim
937 3093 1061 3148 true,
1089 3100 1189 3138 nec
1222 3084 1497 3139 mandatis
1527 3085 1635 3139 tuis
1663 3085 2028 3140 obedivimus.

457 3178 591 3244 Qua:
619 3177 766 3231 enim
815 3177 1139 3247 praphetico
1169 3176 1384 3231 alllatus
1426 3177 1621 3248 Spiritu
1673 3178 1857 3233 futura
1888 3194 2030 3248 pra:-

456 3269 635 3324 cinuit
664 3268 950 3328 Jeremias.
982 3283 1128 3322 nunc
1171 3269 1435 3339 temporis
1460 3272 1763 3343 contigere.
1806 3270 1857 3325 Is
1883 3271 2032 3325 enim

452 3360 575 3415 ait:
620 3379 637 3410 ι
679 3360 908 3415 Confusi
940 3376 1149 3426 sumus,
1179 3362 1308 3430 quia
1337 3360 1648 3416 audivimus
1672 3362 2033 3433 opprobrium

457 3461 730 3507 nostrum.
764 3450 995 3521 Operuit
1030 3452 1331 3522 ignominia
1380 3452 1573 3508 faciem
1603 3463 1872 3521 nostram,
1905 3455 2035 3523 quia

356 3614 367 3621 ἒ
460 3544 693 3614 ingressi
727 3553 854 3598 sunt
901 3543 1223 3614 alienigenae
1263 3546 1572 3600 sanctuaria
1607 3554 1800 3601 nostra
1839 3547 1892 3600 in
1929 3546 2031 3601 do-

460 3652 609 3690 mum
644 3636 881 3690 Domini.
918 3654 936 3686 ι
973 3635 1079 3691 Sed
1112 3645 1168 3690 et
1201 3636 1411 3691 David:
1449 3657 1467 3689 ι
1504 3637 1587 3692 Tu
1622 3638 1732 3693 scis
1754 3638 2033 3709 imprope-

443 3726 605 3782 'rium
650 3742 855 3793 meum,
886 3735 941 3782 et
971 3727 1349 3784 confusionem
1381 3746 1558 3784 meam
1588 3732 1655 3795 θ’,
1685 3739 1742 3786 et
1770 3746 2032 3785 reveren-

461 3817 592 3872 tiam
623 3832 801 3871 meam
833 3819 872 3881 ¹,
925 3817 1136 3887 1132
1175 3822 1303 3887 quia
1345 3828 1456 3873 tota
1491 3820 1581 3874 die
1619 3820 1870 3875 confusio
1905 3837 2037 3876 mea

460 3914 654 3960 contra
685 3922 769 3961 me
800 3908 950 3961 est'.
990 3926 1008 3957 ι
1045 3907 1152 3961 Et:
1193 3927 1211 3958 ι
1248 3906 1511 3964 Confusio
1549 3909 1710 3965 faciei
1738 3926 1873 3966 mea:
1935 3926 2032 3966 co-

458 3996 682 4065 operuit
700 4011 787 4050 me
806 3997 845 4050 ³.
877 4015 894 4047 ι
920 3997 1199 4067 Ejusmodi
1230 3996 1398 4073 igitur
1418 3999 1594 4069 pudor
1626 4001 1741 4055 sive
1766 4016 2034 4056 verecun-

461 4088 552 4141 dia
592 4089 753 4156 plane
778 4084 933 4143 bona
973 4096 1079 4152 est,
1113 4103 1238 4142 cum
1282 4089 1586 4144 secundum
1621 4092 1792 4145 Deum
1843 4091 1934 4155 sit,
1976 4100 2037 4146 ut

461 4196 584 4249 qua:
614 4179 892 4233 hominem
921 4178 1149 4234 adducit
1179 4180 1247 4234 ad
1284 4182 1686 4251 paenitentiam,
1713 4198 1777 4237 ac
1802 4183 2037 4252 proinde

459 4286 572 4325 non
608 4270 943 4325 mediocrem
984 4269 1147 4323 all‘ert
1177 4270 1375 4324 anima:
1403 4270 1687 4326 fiduciam.
1721 4272 1820 4326 Est
1853 4283 2036 4326 autem

459 4370 519 4417 et
542 4362 715 4417 altera
748 4360 1089 4415 confusionis
1116 4361 1231 4415 sive
1259 4361 1610 4417 verecundia:
1642 4363 1858 4432 species
1879 4364 2037 4433 plane

460 4454 625 4506 noxia
653 4466 717 4506 ac
741 4452 1158 4516 detrimentosa,
1189 4451 1492 4505 secundum
1525 4452 1890 4524 Scripturam,
1914 4470 2039 4524 qua:

2133 546 2229 583 κεν
2271 530 2381 598 γὰρ
2431 529 2526 582 καὶ
2567 528 2662 582 ἐπί
2703 527 2893 598 θύραις
2940 528 3111 582 ἐστίν.
3163 529 3358 583 Ἔστιν
3391 528 3449 582 δὲ
3494 530 3528 599 ἠ
3568 535 3688 587 κατὰ

2132 619 2264 672 Θεὸν
2292 618 2547 689 αἰσχύνη,
2584 616 2677 670 τοῦ
2710 617 2787 689 μὴ
2817 616 3022 687 τολμᾷν
3053 617 3188 680 ὅλως
3221 616 3505 671 ἀνανεύειν
3542 622 3687 689 αὐτῷ,

2131 708 2228 760 καὶ
2257 707 2736 779 παρρησιάζεσθαι
2762 706 2993 759 ἐνώπιον
3020 707 3112 759 τοῦ
3138 706 3294 771 Θεοῦ,
3320 706 3414 759 διὰ
3437 709 3505 760 τά
3538 709 3691 782 πλήϐη

2131 799 2240 852 τῶν
2292 799 2483 852 κακῶν
2532 791 2608 853 ὧν
2645 800 2859 862 ἑαυτοῖς
2908 797 3386 870 συγγινώσκομεν.
3437 801 3692 857 Καὶ,ὅταν

2133 886 2225 944 οὖν
2258 890 2483 967 ἀτιμίαν
2527 888 2652 942 τινὰ
2684 890 2836 960 παρὰ
2885 888 3190 962 ἀνθρώπων
3233 891 3522 963 πάθωμεν,
3553 892 3699 960 εύθὸξ

2129 979 2231 1048 τῆς
2258 980 2408 1050 παρὰ
2436 978 2571 1031 Θεοῦ
2607 978 2765 1049 δόξης
2791 981 2890 1050 τὴν
2918 980 3188 1052 ἐπιφορὰν
3220 982 3590 1053 ἐννοήσωμεν,
3616 989 3697 1040 καὶ

2126 1070 2470 1141 εὐχαρίστως
2501 1071 2566 1123 δι’
2605 1071 2885 1142 ὑπομονῆς
2916 1070 3220 1142 δεξώμεθα.
3262 1071 3449 1144 ’Υπὲρ
3486 1075 3590 1147 γάρ
3618 1077 3698 1132 tu}

2133 1161 2503 1232 συμφέροντος
2536 1163 2669 1233 ἡμῖν
2700 1163 2897 1231 ἐπάγει
2925 1165 2952 1216 6
2978 1162 3112 1227 Θεός
3130 1181 3145 1195 ·
3182 1164 3273 1218 καὶ
3299 1166 3401 1219 ἐπὶ
3428 1167 3497 1237 τῇ
3523 1169 3700 1239 ἀτιμίᾳ.

2130 1252 2327 1307 ἄλυποι
2358 1253 2453 1305 καὶ
2492 1254 2757 1325 ἀτάραχοι
2804 1253 3063 1323 ἐσόμεθα.
3114 1256 3257 1309 Πολὺ
3297 1251 3399 1309 οὖν
3434 1257 3700 1328 ὀφείλομεν

2132 1344 2398 1401 αἰδεῖσθαι
2428 1344 2519 1397 τὸν
2549 1345 2928 1415 ὰμνησίκακον
2975 1345 3204 1418 Κύριον.
3243 1348 3360 1402 Kal
3392 1348 3624 1419 μάλιστα
3649 1354 3699 1405 ἐν

2128 1436 2210 1507 τῷ
2237 1437 2493 1490 ἐνεστῶτι
2525 1436 2726 1507 καιρῷ,
2754 1436 2892 1490 κατὰ
2918 1438 2979 1490 τὸ
3009 1436 3304 1509 εἰρημένον
3321 1453 3341 1468 ο
3372 1439 3487 1492 Kal
3510 1439 3601 1493 νῦν
3616 1443 3700 1495 οὐκ

2133 1527 2280 1581 ἔστιν
2318 1530 2450 1599 ἡμῖν
2497 1528 2708 1593 ἀνοῖξαι
2734 1527 2794 1581 τὸ
2847 1528 3041 1598 στόμα,
3099 1529 3339 1599 αἰσχύνη
3383 1530 3481 1583 καὶ
3524 1529 3699 1596 ὄνειδος

2133 1618 2473 1691 ἐγενήθημεν
2503 1622 2618 1683 τοῖς
2668 1619 2876 1682 δούλοις
2923 1637 3040 1685 σου,
3090 1621 3184 1673 καὶ
3230 1623 3349 1683 τοῖς
3405 1620 3698 1690 σεΰομένοις

2136 1728 2216 1765 σε.
2249 1709 2339 1780 Τῷ
2380 1709 2489 1780 γὰρ
2511 1710 2701 1781 Κυρίῳ
2725 1710 2804 1781 τῷ
2828 1709 2946 1780 Θεῷ
2976 1709 3132 1781 ἡμῶν
3157 1712 3191 1781 ἡ
3216 1711 3564 1782 δικαιοσύνη,
3591 1713 3699 1783 ἡμῖν

2066 1784 2105 1843 Β
2133 1802 2190 1855 δὲ
2235 1804 2269 1875 ἡ
2310 1803 2540 1874 αἰσχύνη
2586 1804 2696 1857 τῶν
2740 1802 3050 1876 προσώπων
3087 1803 3268 1873 ἡμῶν,
3313 1803 3396 1867 ὡς
3452 1805 3487 1875 ἡ
3540 1806 3699 1875 ἡμέρα

2130 1893 2270 1967 αὕτη
2297 1896 2428 1967 ἡμῖν
2455 1897 2552 1949 καὶ
2586 1898 2699 1960 τοῖς
2748 1896 3009 1969 ἄρχουσιν
3039 1897 3215 1967 ἡμῶν,
3266 1896 3371 1949 καὶ
3401 1899 3518 1960 τοῖς
3567 1896 3697 1967 βασι·

2132 1984 2381 2037 λεύουσιν
2432 1984 2626 2055 ἡμῶν·
2677 1986 2758 2039 ὃτι
2810 1986 3152 2057 ἡμάρτομεν,
3206 1987 3305 2038 καὶ
3337 1986 3698 2056 ἠνομήσαμεν,

2132 2080 2227 2132 καὶ
2254 2078 2638 2150 ἐξημάρτομεν
2667 2081 2725 2133 ἐν
2770 2081 2926 2143 πᾶσι,
2960 2080 3185 2133 καὶτῶν
3217 2081 3464 2134 ἐντολῶν
3505 2098 3596 2133 σου
3621 2081 3700 2136 οὐκ

2133 2170 2469 2241 ἠκούσαμεν,
2502 2169 2686 2235 καθὼς
2724 2172 2818 2225 καὶ
2862 2174 2892 2226 6
2934 2171 3206 2243 Ἱερεμίας
3243 2173 3613 2244 προφητεύων
3649 2177 3702 2227 τὶ

2132 2261 2228 2315 νῦν
2275 2262 2408 2332 ἡμῖν
2454 2261 2759 2331 συμϐάντα,
2809 2262 2935 2315 τάδε
3012 2263 3199 2333 φησὶν,
3268 2282 3289 2315 ι
3345 2263 3702 2336 ᾘσχύνθημει

2129 2353 2214 2406 ὅτι
2258 2351 2574 2424 ἠκούσαμεν
2615 2354 2916 2424 ὀνειδισμὸν
2964 2353 3143 2425 ἡμῶν,
3196 2356 3295 2409 xal
3348 2355 3703 2425 κατεκάλυψεν

2114 2434 2323 2514 ¹ἀτιμία
2355 2445 2417 2498 τὸ
2452 2446 2741 2516 πρόσωπον
2774 2446 2956 2518 ἡμῶν,
2993 2447 3075 2500 ὅτι
3116 2445 3379 2516 εἰσῆλθον
3414 2446 3702 2515 άλλογενείς

2133 2537 2212 2600 εἰς
2244 2535 2314 2589 τὰ
2348 2535 2479 2604 άγια
2518 2535 2698 2606 ἡμῶν,
2734 2539 2815 2600 εἰς
2855 2531 3007 2589 οἷκον
3037 2536 3265 2607 Κυρίου.
3308 2556 3329 2587 ι
3366 2536 3512 2615 Φησὶ
3545 2536 3598 2589 δὲ
3626 2539 3700 2590 καὶ

2132 2630 2161 2681 ὁ
2199 2627 2381 2691 Δαυῒδ,
2436 2645 2456 2678 ι
2496 2627 2570 2680 Σὺ
2625 2628 2733 2699 γὰρ
2768 2628 3059 2696 γινώσκεις
3097 2628 3189 2682 τὸν
3232 2628 3549 2698 ὀνειδισμόν
3597 2645 3696 2698 μου,

2135 2720 2230 2772 καὶ
2261 2720 2362 2790 τὴν
2395 2718 2657 2790 αἰσχύνην
2711 2738 2836 2790 μου,
2875 2721 2969 2774 καὶ
3015 2719 3115 2791 τὴν
3157 2721 3436 2792 ἐντροπήν
3473 2737 3604 2790 μου·
3632 2720 3697 2772 δτι

2133 2810 2260 2881 ἕλην
2288 2811 2386 2881 τὴν
2416 2810 2629 2882 ἡμέραν
2666 2811 2700 2881 ἠ
2742 2812 2980 2883 ἐντροπὴ
3033 2828 3135 2882 μου
3177 2812 3303 2865 κατ’
3346 2811 3589 2864 ἐναντίον
3615 2827 3696 2879 μου

2132 2902 2304 2957 ἐστίν.
2333 2905 2360 2953 ἰ
2399 2903 2529 2965 Kal,
2572 2921 2591 2954 ι
2632 2902 2700 2955 Ἦ
2721 2902 2952 2974 αἰσχύνη
2996 2903 3090 2957 τοῦ
3121 2902 3431 2973 προσώπου
3468 2920 3566 2973 μου
3593 2903 3692 2955 ἑκά·

2133 2993 2299 3062 λυψέν
2346 3010 2439 3064 με.
2482 3012 2502 3044 ι
2551 2993 2703 3064 Αὕτη
2738 2994 2920 3047 τοίνυν
2954 2996 3104 3048 ἐστὶν
3134 2996 3189 3064 ⁵ἡ
3239 2994 3390 3066 καλὴ
3418 2995 3537 3067 καὶ
3581 2994 3695 3046 κατὰ

2133 3085 2265 3155 Θεὸν
2312 3084 2565 3155 αἰσχύνη,
2602 3084 2724 3155 ἥτις
2772 3086 2877 3153 εἰς
2910 3086 3203 3163 μετάνοιαν
3257 3087 3369 3141 καὶ
3415 3086 3694 3159 παρρησίαν

2139 3177 2261 3245 ἄγει
2290 3176 2379 3229 τὸν
2411 3176 2715 3245 ἄνθρωπον.
2750 3177 2940 3231 Ἔστιν
2980 3177 3038 3230 δὲ
3083 3178 3178 3230 καὶ
3225 3178 3465 3250 αἰσχύνη
3498 3178 3694 3232 ἐπιϐλα-

2136 3266 2257 3337 6ὴς,
2292 3266 2437 3319 κατὰ
2460 3266 2557 3337 τὴν
2597 3265 2860 3336 λέγουσαν
2884 3267 3109 3337 Γραφήν
3130 3281 3145 3296 ·
3194 3286 3214 3319 ι
3262 3268 3463 3322 Ἔστιν
3491 3268 3693 3339 αἰσχύνη

2135 3355 2794 3426 ἐπάγουσαὰμαρτίαν·
2879 3356 2973 3409 καὶ
3045 3355 3192 3410 ἔστιν
3249 3356 3524 3429 αἰσχύνη,
3586 3358 3694 3422 δόξα

2134 3447 2230 3499 κα)⁵
2292 3446 2471 3518 χάρις.
2547 3466 2567 3497 ι
2620 3446 2812 3500 Πολλοί
2895 3447 3001 3518 γάρ
3078 3448 3466 3518 αἰσχυνόμενοί
3530 3465 3690 3511 τινας,

2136 3539 2559 3609 περιπίπτουσιν
2600 3541 2711 3602 τοῖς
2749 3539 2987 3603 δικτύοις
3014 3539 3109 3593 τοῦ
3137 3538 3413 3595 διαϐόλου.
3458 3542 3565 3594 Kal
3591 3542 3693 3592 ἐπι-

2137 3631 2314 3700 φέρει,
2352 3648 2370 3681 ι
2413 3629 2471 3681 Ὀ
2527 3629 2931 3683 ἀποκαλύπτων
2974 3631 3228 3685 ἀσέϐειαν
3273 3631 3469 3696 αὐτοῦ,
3503 3632 3597 3685 ούκ
3620 3632 3694 3682 εἰ·

2134 3722 2491 3793 οδωΟήσεται.
2522 3723 2578 3777 Ὀ
2600 3724 2656 3776 δὲ
2685 3723 3043 3795 ἐξηγούμενος
3084 3724 3178 3778 καὶ
3206 3726 3470 3797 ἐλέγχων,
3499 3726 3692 3794 ἀγαπη-

2137 3815 2383 3888 Θήσεται.
2419 3835 2436 3868 ι
2469 3815 2579 3870 Kal
2626 3813 2807 3881 αὖθις,
2856 3835 2875 3869 ι
2918 3817 3137 3882 Δίκαιος
3164 3814 3365 3871 ἐαυτοῦ
3414 3820 3686 3887 κατήγορο;

2137 3911 2194 3961 ἐν
2226 3908 2588 3981 πρωτολογίᾳ..
2625 3929 2643 3961 ι
2682 3912 2793 3971 Καὶ
2828 3911 2909 3977 τὸ,
2942 3932 2961 3963 ι
3000 3912 3165 3965 Ὅσον
3201 3911 3267 3965 ἂν
3297 3913 3489 3984 χρόνον
3519 3913 3687 3979 ἄκακοι

2136 3997 2365 4068 ἔχωνται
2396 4001 2491 4070 τῆς
2509 4000 2876 4072 δικαιοσύνης,
2896 4003 3000 4058 οὐκ
3016 4003 3489 4073 αἰσχυνθήσονται.
3503 4021 3588 4055 ι-
3602 4000 3686 4052 (Ίὸ

2136 4087 2245 4160 γὰρ
2287 4089 2490 4157 γνῶναι
2536 4092 2721 4161 νόμον,
2771 4092 3010 4158 διανοίας
3061 4097 3207 4148 ἐστὶν
3245 4096 3479 4165 ἀγαθῆς.
3535 4114 3552 4147 ι
3594 4093 3687 4145 Καὶ

2137 4180 2359 4249 ἐπάγει,
2399 4201 2416 4232 ι
2438 4182 2725 4254 Μακάριος
2757 4183 2816 4247 ὃς
2841 4188 3212 4257 καταπτήσσει
3247 4188 3428 4240 πάντα
3454 4187 3522 4239 δι’
3552 4184 3684 4253 εὐλά-

2138 4271 2309 4327 6ειαν.
2350 4292 2368 4324 ι
2406 4275 2514 4326 Kal
2546 4274 2626 4339 τὸ,
2661 4292 2680 4326 ι
2721 4274 3007 4347 Ἑτοίμαζε
3042 4278 3121 4342 εἰς
3145 4278 3246 4349 τὴν
3276 4279 3455 4344 ἔξοδον
3484 4278 3549 4332 τά
3571 4277 3681 4346 ἔργα

2141 4380 2256 4417 σου.
2298 4383 2317 4414 ι
2353 4366 2484 4431 Καὶ,
2527 4382 2546 4415 ι
2594 4367 2685 4438 Μὴ
2726 4368 3019 4440 αἰσχυνθῇς
3042 4370 3375 4442 ὁμολογῆσαι
3420 4371 3503 4440 ἐφ’
3530 4372 3680 4439 ἁμαρ-

2139 4457 2282 4519 τίαις
2319 4474 2435 4510 σου.
2484 4474 2503 4507 ι
2540 4457 2884 4533 ,Διακρίσεως
2930 4458 3062 4527 γοῦν
3108 4461 3282 4516 δεῖται
3329 4465 3358 4517 ὁ
3405 4462 3677 4533 ἄνθρωπος,

461 4542 635 4597 dicit:
689 4561 707 4592 ι
743 4541 842 4596 Est
890 4541 1142 4596 confusio
1174 4541 1458 4598 adducens
1504 4554 1818 4613 peccatum,
1853 4559 1906 4601 ct
1952 4555 2033 4601 est

2141 4548 2227 4601 ἵνα
2261 4546 2372 4618 γνῷ
2400 4547 2503 4600 ποῦ
2537 4532 2647 4618 ⁸μὲν
2681 4527 2880 4618 δφείλει
2911 4552 3269 4623 αἰσχυνθῆναι
3298 4556 3393 4609 ἐπὶ
3438 4527 3678 4625 σωτηρίας

461 4633 715 4688 confusio
758 4632 931 4702 gloria
976 4640 1032 4686 et
1064 4635 1240 4704 gratia
1268 4632 1308 4687 ‘.
1354 4652 1371 4684 ι
1418 4634 1673 4704 Plerique
1716 4637 1863 4689 enim
1902 4636 2033 4689 dum

460 4725 600 4781 alios
652 4722 907 4794 improbo
960 4722 1489 4791 timore..vcrentur,
1535 4725 1591 4778 in
1636 4725 1848 4780 diaboli
1897 4727 2035 4781 retia

462 4826 573 4874 'non
598 4819 766 4875 semel
796 4817 1034 4873 revoluti
1066 4825 1216 4871 sunt.
1247 4816 1421 4871 Infert
1448 4835 1461 4870 :
1497 4836 1515 4868 ι
1551 4816 1655 4884 Qui
1686 4833 1795 4871 non
1827 4819 2036 4874 revelat

462 4913 799 4982 impietatem
834 4924 1011 4973 suam,
1055 4924 1165 4964 non
1216 4910 1791 4980 prosperabitur;qui
1849 4919 2034 4966 autem

463 5000 689 5071 exponit
736 5008 794 5053 et
831 4996 1220 5067 reprehendit,
1273 4996 1533 5068 diligetur
1575 4996 1615 5048 ⁵.
1678 4991 1699 5046 ι
1764 4996 1975 5050 Rursus
2015 5011 2030 5047 :

470 5112 490 5143 ι
528 5092 719 5146 Justus
761 5094 1049 5143 accusator
1081 5096 1168 5141 est
1214 5086 1480 5156 suiipsius
1504 5085 1579 5139 -in
1610 5084 1883 5155 principio
1913 5100 2031 5139 ser-

465 5181 645 5238 monis
694 5181 739 5233 ⁶.
800 5199 818 5231 ι
872 5179 941 5234 Et
993 5196 1006 5231 :
1064 5196 1083 5228 ι
1141 5178 1359 5245 Quanto
1412 5187 1661 5249 tempore
1711 5177 2035 5232 innocentes

464 5272 712 5344 proxime
739 5279 1049 5340 sequuntur
1072 5269 1365 5341 justitiam,
1396 5285 1507 5324 non
1549 5269 1962 5323 confundentur
1990 5270 2034 5322 '.

462 5365 634 5419 Nosse
668 5363 815 5416 enim
850 5362 1047 5432 legem,
1079 5361 1281 5415 mentis
1320 5370 1407 5415 ost
1445 5361 1605 5415 bonae
1635 5361 1679 5414 ⁸.
1719 5380 1737 5412 ›
1781 5361 2037 5416 lnducit:

472 5476 491 5506 ι
529 5455 731 5509 Beatus
757 5454 852 5522 qui
880 5454 938 5507 in
969 5453 1228 5507 omnibus
1260 5453 1418 5508 timet
1447 5462 1676 5523 propter
1707 5453 2043 5523 circumspe-

464 5546 729 5602 ctionem.
766 5563 783 5595 ι
827 5545 934 5599 Et:
977 5563 994 5595 ι
1033 5545 1282 5613 Pratpara
1312 5546 1380 5599 ad
1414 5546 1623 5600 exitum
1653 5561 1820 5615 opera
1860 5556 1972 5601 tua.
2014 5566 2033 5596 ι

533 5660 579 5691 ³⁸
617 5657 818 5713 Jerem.
848 5675 916 5718 LI.
946 5660 1032 5712 5|.

468 5728 490 5759 ⁸
527 5730 687 5782 Prov.
725 5745 868 5795 mn,
902 5732 984 5784 l7.
1062 5732 1080 5761 ν
1122 5732 1278 5784 Prov.
1307 5748 1411 5798 χχι,
1443 5733 1532 5785 2|.

2137 4640 2237 4708 τῆς
2264 4637 2456 4690 ἑαυτοῦ
2503 4639 2703 4709 ψυχῆς,
2737 4638 2842 4693 ποῦ
2876 4640 2931 4694 δὲ
2971 4643 3066 4721 κςί
3104 4644 3503 4698 άποὸάλὶεσθαι
3534 4643 3675 4708 αὐτὴν

2138 4730 2213 4793 ὡς
2240 4731 2574 4800 ἐφάμαρτον.
2616 4731 2804 4784 Ἔστιν
2823 4734 2940 4807 γὰρ
2970 4733 3233 4804 αἰσχύνης
3262 4737 3418 4807 χάριν
3439 4733 3677 4802 ἐπαγγελ-

2138 4817 2363 4888 λόμενος
2391 4821 2468 4891 τῷ
2496 4822 2687 4875 ἑαυτοῦ
2720 4800 2877 4895 φίλῷ,
2907 4800 3001 4879 καὶ
3027 4800 3296 4897 ἐκτήσατο
3328 4800 3484 4881 αὑτὸν
3512 4800 3675 4896 ἐχθρὸν

2139 4908 2365 4979 δωρεάν.
2423 4908 2614 4980 Ἡμεῖς
2651 4910 2766 4979 οὖν,
2797 4914 3093 4983 ἀγαπητοὶ,
3126 4915 3224 4986 τὴν
3266 4916 3407 4969 κατά
3449 4916 3569 4968 Θεὸν
3602 4916 3675 4965 ai-

2141 5002 2343 5070 σχύνην
2394 5003 2775 5073 κατάσχωμεν,
2831 5004 3159 5074 μιμούμενοι
3204 5007 3296 5058 τὸν
3340 5006 3561 5075 τελώνην
3600 5005 3671 5055 τὸν

2139 5090 2456 5161 αἰδούμενον
2508 5092 2807 5161 ἀναϐλέψαι
2857 5096 2935 5156 εἰς
2983 5097 3073 5150 τὸν
3123 5097 3381 5166 οὐρανὸν,
3428 5098 3549 5150 ἀλλὰ
3591 5094 3670 5146 τύ·

2140 5199 2342 5236 πτοντα
2370 5183 2432 5235 τὸ
2446 5182 2638 5236 ἑαυτοῦ
2660 5184 2877 5252 στῆθος,
2906 5190 2999 5238 καὶ
3019 5186 3265 5255 λέγοντα,
3281 5208 3299 5238 ι
3322 5189 3378 5242 '0
3407 5188 3543 5250 Θεὸς,
3575 5184 3667 5236 ἰλά-

2139 5275 2298 5345 σοητί
2333 5292 2421 5344 μοι
2438 5275 2514 5345 τῷ
2542 5277 2886 5349 ἁμαρτωλῷ]
2920 5297 2940 5330 ι
2970 5280 3057 5333 ἵνα
3093 5281 3187 5333 καὶ
3208 5285 3307 5351 τῆς
3336 5281 3560 5350 ἀφέσεως
3578 5274 3665 5327 τῶν

2139 5366 2426 5436 ἁμαρτιῶν
2472 5367 2671 5436 ὁμοίως
2710 5367 2965 5440 τύχωμεν
3014 5374 3072 5424 ἐν
3125 5372 3344 5444 Χριστῷ
3399 5369 3558 5441 Ἰησοῦ
3600 5361 3660 5432 τῷ

2142 5457 2330 5527 Κυρίῳ
2379 5458 2555 5528 ἡμῶν.
2597 5453 2668 5529 ⁷ῼ
2702 5461 2735 5530 ἡ
2774 5460 2901 5524 δόξα.
2941 5463 3035 5515 καί
3078 5463 3139 5515 τὸ
3189 5466 3406 5534 κράτος,
3454 5462 3519 5522 εἰς
3558 5454 3659 5511 τοὺς

2141 5547 2363 5610 αἰῶνας.
2407 5549 2599 5619 Ἀμήν.
2848 5549 2863 5557 ’

1111 5663 1125 5692 ¹
1166 5662 1306 5715 Psal.
1349 5678 1538 5725 uvm,
1565 5663 1653 5716 20.
1731 5665 1751 5694 ’
1794 5663 1934 5716 l’sal.
1976 5679 2134 5725 xum,
2171 5664 2253 5717 lli.
2333 5664 2352 5694 ³
2393 5664 2530 5719 ibid.
2606 5666 2627 5697 ⁸
2662 5667 2829 5722 Eccli.
2864 5686 2945 5734 iv,
2979 5668 3066 5721 25.
3142 5671 3161 5700 ⁵
3203 5670 3361 5723 Prov.
3396 5679 3551 5724 “viil,
3582 5657 3646 5712 l3.

1122 5732 1278 5784 Prov.
1307 5748 1411 5787 XXI.
1443 5733 1532 5785 2|.
1608 5736 1628 5763 ⁸
1669 5734 1835 5787 Eccli.
1866 5749 2026 5787 χχχιι.
2062 5734 2146 5787 l9.
