3944 6506
374 387 508 455 1637
1330 390 1529 456 ῊΟΜΙ
1539 395 1661 456 LlA
1698 395 1873 457 LXX.
1900 421 1937 431 ’-

2040 397 2092 454 Ἐ
2133 393 2640 458 I-IUMILITATE.
3487 401 3626 462 1638

366 504 476 558 Et:
513 523 532 556 ι
585 503 664 560 Ne
713 499 1071 560 confundaris
1124 503 1378 560 conﬁteri
1429 513 1656 574 peccata
1702 513 1794 560 tua
1829 506 1871 560 '.
1929 525 1948 557 ι
1981 505 2102 560 Νοιι
2149 505 2418 561 mediocri
2449 521 2590 576 opus
2617 503 2829 560 homini
2869 511 2958 560 est
3009 503 3216 560 lumine
3243 503 3626 570 discretionis,

367 607 429 654 ut
471 597 620 652 norit
669 592 763 651 ubi
794 595 995 652 debeat
1047 597 1456 667 suppudescere
1487 607 1543 652 et
1606 597 1976 652 circumfundi
2013 599 2370 663 verecundia,
2415 613 2538 668 qua:
2583 595 2650 651 ad
2691 597 2890 651 anima)
2933 611 3049 651 sua:
3118 608 3440 666 promoveat
3472 597 3624 652 salu-

367 700 498 756 tem,
533 690 625 746 ubi
652 697 845 745 contra
877 688 1080 743 debeat
1104 704 1225 744 eam
1264 705 1295 743 a
1327 704 1384 744 se
1417 690 1684 745 recellere
1749 703 1814 744 ac
1845 687 2184 760 propellere,
2207 690 2358 760 quod
2424 688 2490 742 ad
2519 697 2819 759 peccatum.
2875 687 3062 742 ducat.
3105 687 3290 742 Liceat
3361 689 3506 743 enim
3536 689 3613 743 in-

365 781 560 836 venire
584 779 678 850 qui
712 779 1008 849 pollicetur
1029 779 1256 848 quidem
1315 779 1582 850 suiipsius
1610 779 1790 834 amico
1819 781 2120 835 verecundi
2182 780 2414 850 pudoris
2465 780 2719 851 gratiam,
2775 779 3015 848 denique
3037 793 3162 832 eum
3189 779 3366 850 ipsum
3397 780 3628 834 sortitus

365 872 608 943 gratuito
659 870 968 926 inimicum.
1015 871 1128 928 Nos
1204 872 1394 942 igitur,
1457 871 1838 936 dilectissimi,
1889 887 2009 927 eam
2048 873 2396 929 verecundia:
2449 873 2695 943 speciem
2747 887 2848 942 pro
2892 871 3036 926 virili
3080 871 3244 926 nobis
3289 873 3628 929 asciscamus

365 979 488 1034 quae
521 963 828 1020 secundum
873 963 1048 1018 Deum
1082 973 1190 1028 est,
1222 963 1421 1018 imitati
1467 962 1751 1034 publicani
1791 963 1942 1018 illius
1978 964 2310 1034 exemplum,
2341 964 2434 1034 qui
2471 965 2556 1019 vel
2619 965 2674 1019 in
2738 965 2936 1022 ccelum
2967 964 3248 1033 suspicere
3281 973 3338 1017 et
3371 964 3626 1018 attollere

364 1055 557 1110 oculos
628 1055 949 1120 verebatur,
1025 1053 1256 1109 interim
1304 1069 1468 1109 suum
1515 1051 1758 1108 tondens
1800 1063 2014 1122 pectus,
2053 1053 2252 1125 hisque
2295 1071 2460 1110 orans
2498 1057 2722 1110 verbis:
2757 1073 2774 1106 ‹
2809 1055 2975 1118 Deus,
3009 1054 3284 1124 propitius
3327 1061 3446 1108 esto
3489 1051 3624 1105 mihi

363 1143 664 1212 peccatori,
699 1161 719 1195 ι
755 1152 816 1198 ut
845 1143 996 1198 illius
1026 1143 1280 1214 exemplo
1315 1143 1623 1198 absolutam
1661 1152 2014 1213 peccatorum
2055 1145 2435 1200 remissionem
2489 1161 2804 1200 mereamur
2843 1146 3080 1215 assequi,
3136 1145 3192 1200 in
3233 1143 3453 1202 Christo
3492 1143 3624 1200 Jesu

365 1237 599 1292 Domino
627 1245 862 1292 nostro:
893 1237 983 1293 oui
1009 1236 1184 1308 gloria
1228 1245 1284 1291 et
1310 1237 1607 1306 imperium
1635 1237 1710 1292 -in
1747 1237 1946 1293 saecula
1983 1238 2332 1293 saeculorum.
2375 1241 2570 1294 Amen.

985 1332 1206 1388 ΛΟΓΟΣ
1244 1333 1319 1386 0'.

771 1423 912 1493 Περὶ
951 1423 1534 1494 ταπεινοφροσύνης.

450 1511 514 1568 Ἦ
545 1513 1016 1585 ταπεινοφροσύνῃ
1049 1513 1322 1582 ὑψιπετεῖ,
1351 1515 1442 1566 καὶ
1475 1515 1774 1585 ἁεροπόρον
1801 1514 1942 1568 ἁπο-

364 1603 512 1658 τελεῐ
541 1603 632 1657 τὸν
665 1603 972 1674 ἄνθρωπον,
1011 1603 1172 1654 Ὅσον
1203 1603 1311 1674 γάρ
1337 1618 1421 1666 τις
1453 1603 1648 1654 ἑαυτὸν
1675 1607 1938 1668 ταπεινοῖ,

366 1694 782 1758 πολλαπλασίως
824 1693 948 1763 ὑψοί
981 1693 1142 1747 αὐτὸν
1180 1697 1208 1748 6
1237 1693 1369 1756 Θεὸς
1389 1710 1404 1724 ο
1442 1692 1625 1756 καθὼς
1657 1695 1753 1746 καὶ
1784 1697 1812 1747 6
1849 1693 1941 1746 τοῦ

365 1788 503 1842 Θεοῦ
552 1785 838 1854 συνόμιλος
895 1785 1136 1854 Μωῦσῆς
1177 1783 1656 1854 ταπεινοφρονῶν,
1695 1787 1795 1836 οὐκ
1837 1785 1944 1837 ἀπ·-

363 1876 623 1931 εὸάλλετο
637 1877 736 1946 τὴν
760 1873 1092 1946 συμϐουλίαν
1109 1873 1204 1927 τοῦ
1229 1873 1478 1944 γαμϐροῦ
1500 1873 1668 1927 αὐτοῦ
1705 1873 1904 1945 Ίὼθωρ
1925 1915 1939 1940 ,

363 1964 541 2018 καίτοι
587 1961 727 2032 μετὰ
779 1959 1054 2024 τοσαύτας
1097 1960 1420 2030 θεοφανίας,
1477 1959 1596 2012 ἀλλ’
1647 1961 1746 2012 ὅσα
1790 1957 1943 2012 εἶπεν

361 2053 536 2124 αὐτῷ,
565 2052 820 2122 ἐποίησεν
843 2068 856 2081 ⁸
890 2051 971 2104 διὸ
1017 2051 1108 2103 καὶ
1141 2052 1170 2103 6
1216 2049 1350 2114 Θεὸς
1379 2050 1542 2103 αὑτὸν
1585 2051 1942 2128 ὑπερύψωσεν

364 2145 516 2216 παρὰ
549 2145 759 2207 πάντας
791 2145 916 2208 τοὺς
949 2142 1044 2196 ὲπί
1089 2144 1216 2211 γῆς.
1265 2142 1498 2213 Ὁμοίως
1541 2143 1596 2196 δὲ
1641 2145 1736 2196 καὶ
1781 2145 1810 2196 ὁ
1843 2144 1944 2196 Γε-

359 2237 499 2291 δεὼν
543 2221 864 2305 ἀπελογεῖτο
919 2235 1127 2308 μετρίῳ
1203 2239 1512 2309 φρονήματι
1570 2239 1649 2312 τῷ
1703 2239 1943 2312 Ἐφραῖμ.

359 2327 558 2396 λέγων,
596 2343 617 2377 ι
649 2325 714 2378 Τί
753 2325 986 2398 ἐποίησα
1025 2327 1120 2378 νῦν
1151 2325 1336 2392 καθὼς
1366 2328 1522 2398 ὑμεῖς
1547 2331 1874 2400 ὲποιήσατες
1906 2331 1939 2400 ἦ

351 2419 482 2489 Ὁύχὶ
535 2419 800 2490 κρείττων
863 2418 1150 2486 ὲπιφυλῦιὶς
1221 2419 1495 2491 Ἐφραῒμ,
1569 2421 1602 2492 ἢ
1671 2423 1941 2492 τρυγητὸς

374 2509 654 2582 ’Δϐιέζερ;
707 2513 764 2563 ὲν
815 2510 964 2584 χειρὶ
1009 2509 1162 2582 ὑμῶν
1208 2497 1525 2582 παρέδωκεν
1575 2513 1780 2583 Κύριος
1817 2514 1942 2577 τοὺς

361 2603 629 2673 ἄρχοντας
672 2602 938 2672 .Μαδιάμ’
973 2604 1066 2656 καὶ
1097 2604 1150 2656 τί
1185 2603 1457 2676 ἠδυνήθην
1487 2607 1708 2678 ποιῆσαι
1756 2605 1942 2668 καθὼς

1974 1337 2023 1393 Α

2593 1331 2879 1388 HOMILIA
2918 1330 3080 1388 LXX.

2293 1422 2370 1476 De
2407 1425 2667 1478 modestia
2711 1424 2881 1477 animi
2919 1423 3026 1476 sive
3055 1421 3372 1476 humilitate.

2107 1513 2376 1570 Modestia
2415 1517 2585 1570 animi
2617 1531 2738 1570 sese
2781 1515 2928 1569 ultro
2969 1514 3326 1580 dimittentis,
3372 1515 3489 1572 sive
3518 1516 3622 1571 hu-

2041 1599 2268 1666 militas,
2307 1601 2590 1657 hominem
2628 1603 2912 1656 altivolum
2965 1600 3132 1657 cilicii
3179 1613 3235 1657 et
3279 1604 3616 1676 acritagum.

2039 1689 2256 1756 Quanto
2289 1691 2436 1746 enim
2478 1695 2604 1762 quis
2643 1709 2699 1747 se
2733 1692 2874 1746 infra
2918 1692 3126 1762 dejicit,
3173 1701 3323 1748 tanto
3353 1694 3498 1750 hunc
3529 1713 3622 1750 si:-

2039 1781 2264 1838 blimius
2311 1785 2570 1840 subvehit
2615 1785 2762 1840 Deus
2794 1791 2850 1839 et
2887 1784 3108 1839 allevat.
3151 1785 3244 1839 Sic
3287 1784 3486 1848 Moses,
3525 1789 3622 1856 qui

2040 1873 2154 1929 Deo
2198 1882 2305 1928 tam
2351 1875 2700 1930 familiariter
2729 1875 3216 1946 congredicbatur.
3261 1875 3361 1931 llic
3411 1887 3620 1944 tantus,

2040 1963 2110 2018 de
2151 1959 2380 2020 se'eum
2423 1966 2834 2022 modestissime
2866 1966 3123 2032 sentiret,
3161 1967 3454 2023 consilium
3482 1984 3622 2024 neu-

2043 2055 2251 2126 tiquam
2292 2066 2580 2112 aversatus
2623 2067 2709 2112 est
2759 2058 2844 2112 sui
2897 2059 3090 2113 soceri
3125 2059 3338 2120 Jethro,
3401 2061 3619 2114 tametsi

2043 2155 2193 2202 tanta
2223 2148 2379 2219 prius
2404 2151 2620 2214 fuisset,
2645 2165 2842 2218 nempe
2869 2151 3262 2221 augustissima
3286 2151 3382 2206 Dei
3408 2151 3620 2206 visione

2040 2237 2367 2309 perfruitus.
2398 2240 2600 2295 Verum
2627 2255 2969 2310 quaecunque
2999 2239 3087 2294 ille
3121 2247 3490 2310 suggesserat,
3527 2239 3622 2295 hic

2039 2330 2261 2398 eilecit;
2300 2345 2478 2400 eoque
2533 2331 2710 2402 ipsum
2743 2331 2888 2396 Deus
2932 2340 3134 2401 prater
3163 2341 3394 2386 caeteros
3427 2347 3623 2386 omnes

2040 2419 2136 2488 qui
2190 2418 2244 2472 in
2299 2425 2445 2473 terra
2497 2417 2881 2484 morabantur,
2933 2419 3116 2472 evexit
3161 2419 3218 2474 in
3275 2419 3510 2476 sublime
3549 2419 3620 2474 ¹⁰.

2041 2507 2197 2563 Haud
2239 2523 2402 2564 secus
2447 2507 2673 2564 Gedeon
2723 2509 3095 2580 respondebat
3131 2511 3297 2565 tribui
3332 2511 3616 2590 Ephraim,

2040 2600 2328 2657 moderata
2358 2619 2492 2658 usus
2529 2611 2585 2657 et
2631 2619 2698 2658 eo
2733 2604 3132 2672 opportuniore
3162 2604 3457 2674 prudentia
3487 2605 3618 2659 dum

362 2696 556 2765 ὑμείς;
606 2714 624 2746 ι
671 2694 868 2747 Καίτοι
937 2709 998 2763 γε
1041 2695 1188 2767 αὐτῷ
1227 2696 1326 2768 τὴν
1371 2697 1528 2768 νίκην
1559 2697 1874 2770 ἐδωρήσατο
1911 2701 1937 2752 6

2040 2694 2216 2750 dicit:
2254 2713 2276 2748 vi
2327 2695 2470 2762 Quid
2517 2696 2624 2752 feci
2670 2712 2814 2751 nunc
2851 2705 2909 2750 ut
2946 2712 3046 2750 vos
3083 2697 3328 2752 fecistis?
3358 2698 3618 2768 Nunquid

358 2787 491 2851 Θεὸς
535 2789 594 2840 ὲν
636 2791 750 2850 τοῖς
798 2788 1132 2859 τριακοσίοις
1167 2789 1415 2860 ἀνδράσι.
1475 2789 1615 2842 Ἀλλ’
1655 2793 1683 2843 ὁ
1732 2789 1940 2854 δίκαιος

352 2875 450 2928 διὰ
485 2875 585 2946 τῆς
611 2876 1116 2949 ταπεινοφροσύνης
1149 2877 1500 2930 κατέσπασεν
1528 2878 1619 2931 τὸν
1652 2877 1823 2950 θυμὸν
1851 2879 1942 2932 αὐ-

358 2967 490 3021 τῶν.
525 2969 632 3022 Καὶ
673 2969 778 3038 προ
823 2969 1012 3022 τούτου
1042 2968 1176 3041 πρὸς
1203 2971 1295 3022 τὸν
1336 2969 1566 3039 ἄγγελον
1587 2969 1797 3038 ἔλεγεν,
1843 2971 1940 3034 Τίς

353 3059 476 3128 εἰμι
505 3059 638 3128 ἐγὼ,
684 3059 716 3130 ἢ
762 3061 790 3112 6
814 3055 960 3124 οἶκος
988 3061 1082 3113 τοῦ
1131 3062 1336 3133 πατρός
1375 3079 1510 3148 pou;
1548 3063 1581 3134 ή
1628 3062 1803 3133 χιλιάς
1837 3079 1938 3133 μου

359 3148 722 3218 ταπεινοτέρα
763 3149 821 3200 ἐν
848 3149 1138 3220 Μανασσῇ.
1191 3149 1353 3216 Λέγει
1394 3149 1450 3202 δὲ
1488 3149 1582 3202 καί
1619 3167 1706 3211 τις
1742 3149 1936 3218 σοφός·

364 3257 384 3288 ι
431 3239 595 3291 Ὅσον
627 3239 801 3308 μέγας
847 3236 916 3303 εἶ,
963 3239 1216 3294 τοσοῦτον
1249 3238 1506 3293 ταπεινοῦ
1552 3241 1798 3306 σεαυτὸν,
1846 3241 1940 3294 καὶ

360 3331 544 3384 ἔναντι
589 3331 796 3402 Κυρίου
825 3332 1079 3402 εὑρήσεις
1103 3331 1284 3402 χάριν,
1325 3351 1344 3382 ι
1389 3331 1472 3384 ὅτι
1500 3331 1675 3384 πάντα
1707 3331 1774 3383 τὰ
1805 3329 1940 3402 ἔργα

357 3421 457 3477 τοῦ
484 3420 762 3486 ταπεινοῦ,
797 3421 1008 3494 φανερὰ
1051 3426 1199 3494 παρὰ
1234 3425 1462 3496 Κυρίου.
1498 3424 1610 3478 Καὶ
1655 3424 1833 3494 στόμα
1852 3439 1940 3476 τα-

363 3514 550 3570 πεινοῦ
597 3517 799 3588 μελετᾷ
843 3516 1064 3586 σοφίαν.
1119 3516 1348 3580 Σύνεσις
1392 3517 1448 3570 δὲ
1495 3516 1710 3588 ἀγαθὴ,
1753 3517 1940 3569 δίδωσι

359 3611 540 3680 χάριν.
589 3609 648 3664 Ὅ
676 3610 733 3662 δὲ
766 3609 1064 3680 Ψαλμῳδός
1094 3626 1257 3680 φησιν
1282 3626 1296 3640 °
1323 3629 1342 3662 ι
1394 3609 1536 3678 Ἐγὼ
1567 3610 1621 3662 δέ
1649 3612 1764 3680 εἰμι
1797 3608 1941 3664 σκὼ-

359 3704 480 3773 λῃξ,
527 3704 620 3756 καὶ
667 3703 770 3756 οὐκ
819 3702 1140 3774 ἄνθρωπος,
1199 3700 1400 3765 ὃνειδος
1444 3701 1786 3772 ἀνθρώπων,
1845 3704 1940 3756 καὶ

358 3792 706 3863 ὲξουδέ·.ωμα
733 3793 886 3846 λαοῦ.
943 3813 962 3846 ι
1011 3793 1120 3846 Καὶ
1153 3791 1338 3854 πάλιν,
1375 3809 1394 3843 ι
1443 3793 1588 3844 Ὠσεὶ
1619 3793 1786 3866 τέρας
1817 3796 1940 3862 ἐγε-

359 3887 530 3957 νήθην
554 3889 662 3948 τοῖς
701 3886 935 3950 πυ).λοί;,
979 3887 1075 3939 καὶ
1108 3885 1173 3938 σὺ
1207 3884 1399 3956 βοηθός
1437 3903 1538 3958 μου
1589 3873 1870 3958 κραταιός.
1913 3906 1932 3940 ι

369 3979 432 4032 Ὀ
463 3981 841 4053 ταπεινόφρων
869 3979 963 4034 καὶ
1007 3979 1168 4050 ἔργον
1212 3979 1353 4050 ἔχων
1393 3980 1784 4050 πνευματικὸν,
1811 3981 1939 4035 ἀνα-

358 4070 644 4140 γινώσκων
681 4073 778 4135 τας
805 4070 955 4135 θείας
983 4072 1230 4143 Γραφᾶς,
1255 4071 1432 4124 πάντα
1474 4073 1552 4136 εἰς
1583 4072 1778 4125 ἑαυτὸν
1802 4074 1932 4138 νοεῖ,

360 4163 456 4215 καὶ
482 4163 582 4216 οὐκ
615 4164 694 4226 είς
735 4163 828 4216 τὸν
857 4162 1062 4234 ἕτερον.
1127 4163 1253 4216 Ἐὰν
1284 4158 1376 4216 οὖν
1421 4149 1664 4233 θέλωμεν
1700 4163 1779 4234 τῷ
1823 4163 1935 4218 ὄντι

359 4254 727 4326 εὐαρεστῆσαι
755 4254 895 4326 Θεῷ,
928 4256 1023 4309 καὶ
1067 4255 1168 4324 τὴν
1213 4255 1642 4326 μακαριωτάτην
1676 4255 1938 4327 φιλιωθῆ-

359 4365 450 4402 vat
499 4347 700 4416 φιλίαν,
745 4347 950 4418 γυμνὸν
979 4347 1072 4400 τὸν
1109 4346 1234 4400 νοῦν
1271 4347 1432 4416 ἡμῶν
1471 4349 1932 4419 παραστήσωμεν,

362 4438 530 4508 μηδὲν
571 4437 966 4508 ἐπισυρόμενον
1006 4437 1098 4489 τοῦ
1143 4437 1407 4505 παρόντος
1443 4437 1658 4501 αἰῶνος,
1699 4440 1772 4508 μή
1815 4455 1934 4490 τινα

355 4529 731 4600 τεχνάσματα,
754 4529 788 4598 ἢ
815 4527 1146 4598 σοιίρίσματα,
1177 4525 1211 4596 ἢ
1239 4527 1603 4596 δικαιολογίαν
1625 4545 1639 4560 ’
1667 4530 1936 4604 ἀποστρέ-

357 4633 517 4685 φεται
549 4618 658 4686 γάρ
685 4615 744 4667 τὸ
770 4616 924 4669 Θεῖον
959 4615 1085 4678 τοὺς
1133 4615 1271 4685 μετὰ
1317 4616 1642 4686 οἰηματικοῦ
1671 4617 1766 4670 τοῦ
1806 4619 1933 4688 τρό-

357 4723 460 4760 που
495 4705 685 4760 τούτου
718 4705 1190 4777 προσερχομένους
1223 4705 1388 4776 αὐτῷ.
1451 4707 1574 4759 Ἐὰν
1621 4707 1730 4776 γάρ
1761 4707 1936 4762 Θεοσε-

357 4799 459 4872 σὴς
489 4801 581 4853 καὶ
603 4801 981 4870 ταπεινόφρων
999 4800 1234 4872 ὑπάρχει
1263 4817 1370 4865 τις,
1403 4803 1494 4854 καὶ
1529 4801 1604 4872 μὴ
1639 4803 1934 4873 ὑπεραιρό-

358 4907 520 4963 μενος
569 4891 868 4962 σωματικῷ
923 4891 1108 4962 ὅγκῳ,
1164 4893 1376 4962 μήποτε
1437 4892 1931 4964 προπετευόμενος,

353 4980 491 5034 ἀλλὰ
522 4981 898 5050 κατεαγμένος
931 4983 998 5052 τῇ
1041 4975 1259 5052 καρδίᾳ,
1291 4982 1386 5034 καὶ
1417 4979 1762 5052 λογιζόμενος
1800 4983 1933 5036 ἑαυ-

353 5075 447 5128 τὸν
479 5075 696 5144 ἀχρεῖον
723 5072 908 5126 δοῦλον
938 5069 1099 5138 εἶναί,
1132 5072 1254 5124 τότε
1291 5071 1576 5126 ὲπιδλέ-πει
1613 5074 1706 5124 καὶ
1735 5075 1936 5126 ἐνοικεῖ

353 5171 388 5240 ή
425 5170 584 5240 χάρις
611 5166 708 5222 τοῦ
743 5167 900 5222 Θεοῦ.
947 5167 1230 5238 Ἀληθινῆς
1277 5165 1385 5238 γάρ
1430 5165 1932 5235 ταπεινοφροσύνης

352 5261 663 5332 γνώρισμα,
693 5262 756 5315 οὐ
788 5260 848 5314 τὸ
878 5257 1056 5330 ἑαυτῷ
1103 5257 1388 5328 καταχέειν
1443 5257 1650 5328 ὕϐρεις,
1697 5257 1832 5310 ἀλλὰ
1871 5257 1932 5310 τὸ

2040 2798 2152 2840 non
2192 2787 2389 2841 melior
2419 2795 2506 2842 est
2549 2787 2861 2841 racemulus
2906 2787 3169 2856 Ephraim
3211 2803 3373 2856 quam
3421 2789 3618 2842 vinde-

2040 2874 2149 2930 mia
2185 2875 2458 2932 Ahiezcr?
2487 2877 2545 2932 in
2576 2876 2837 2931 manibus
2861 2875 3061 2931 vestris
3093 2876 3319 2930 tradidit
3350 2877 3624 2932 Dominus

2038 2968 2321 3038 principes
2364 2968 2602 3024 Madian.
2649 2967 2860 3038 Ecquid
2897 2967 3009 3022 tale
3039 2967 3220 3022 facere
3249 2967 3426 3038 potui,
3457 2969 3621 3038 quale

2039 3073 2142 3114 vos
2177 3060 2262 3113 ⁸ιῖ
2287 3079 2306 3110 ›
2329 3059 2495 3130 Atqui
2521 3059 2654 3114 huic
2676 3059 2822 3114 Deus
2844 3073 2968 3113 eam
2991 3059 3302 3112 contulerat
3327 3059 3616 3112 victoriam

2045 3150 2256 3222 1133
2277 3151 2332 3204 in
2353 3150 2616 3206 trecentis
2631 3150 2786 3204 viris.
2819 3148 3089 3204 Caeterum
3113 3149 3296 3220 justus
3324 3149 3415 3204 hic
3437 3151 3622 3204 mode-—

2041 3245 2145 3298 stia
2175 3259 2240 3298 ac
2277 3243 2508 3298 lenitate
2539 3242 2788 3312 responsi
2839 3240 3128 3295 excitatam
3167 3241 3304 3295 iram
3353 3242 3621 3312 repressit

2040 3351 2106 3390 ac
2135 3335 2366 3400 sedavit,
2395 3335 2528 3406 quin
2566 3335 2722 3404 prius
2766 3333 3049 3404 aliquanto
3081 3334 3275 3401 angelo
3313 3335 3616 3404 respondit,

2039 3425 2174 3492 Quis
2219 3442 2340 3482 sum
2368 3442 2490 3498 ego,
2549 3435 2646 3482 aut
2695 3443 2817 3497 qua:
2867 3434 2953 3481 est
3005 3426 3204 3480 domus
3242 3427 3414 3494 patris
3470 3427 3622 3482 mei?

2039 3519 2378 3575 Millenarius
2410 3534 2568 3574 meus
2599 3517 2866 3588 abiectior
2907 3525 2991 3572 est
3033 3526 3090 3572 et
3119 3517 3382 3572 humilior
3418 3518 3472 3572 in
3503 3519 3618 3573 Μο-
3660 3507 3671 3521 ’

2039 3625 2199 3666 nasse
2233 3611 2296 3668 ¹¹.
2343 3610 2576 3682 Sapiens
2625 3609 2847 3682 quidem
2896 3608 3074 3666 dicit:
3113 3627 3130 3660 ι
3189 3608 3406 3676 Quanto
3445 3614 3620 3682 major

2039 3717 2119 3769 es,
2166 3711 2317 3758 tanto
2353 3703 2585 3758 humilia
2647 3701 2905 3772 teipsum,
2940 3710 2998 3756 et
3041 3717 3226 3756 coram
3261 3702 3496 3756 Domino
3530 3701 3617 3756 in-

2040 3795 2234 3850 venies
2265 3795 2608 3865 gratiam“.i
2643 3793 2778 3846 Nam
2793 3807 2959 3862 opera
2983 3793 3166 3846 omnia
3185 3793 3529 3849 humiliantis
3559 3811 3619 3850 se

2040 3883 2331 3950 manifesta
2375 3895 2504 3938 sunt
2542 3892 2601 3939 et
2628 3882 2928 3950 conspicua
2965 3883 3142 3936 oculis
3187 3883 3404 3938 Domini
3439 3884 3504 3936 ”.
3543 3882 3619 3940 0s

2041 3976 2191 4030 enim
2237 3974 2445 4030 humile
2480 3975 2780 4030 meditatur
2815 3973 3138 4044 sapientiam
3179 3974 3258 4040 ¹³;
3303 3975 3619 4030 intellectus

2041 4076 2224 4121 autem
2251 4066 2432 4122 bonus
2461 4065 2556 4122 dat
2587 4066 2818 4137 gratiam
2857 4067 2922 4120 η.
2968 4065 3060 4120 Ait
3095 4065 3227 4120 item
3274 4066 3486 4121 Psaltcs
3533 4083 3618 4122 rc~

2035 4159 2198 4229 gius:
2239 4176 2258 4208 ι
2301 4157 2414 4228 Ego
2443 4166 2630 4212 autem
2675 4172 2796 4212 sum
2821 4157 3028 4211 vermis
3059 4165 3251 4211 etnon
3293 4157 3476 4220 homo,
3512 4171 3616 4227 0p-

2035 4249 2323 4320 prohrium
2345 4250 2632 4304 hominum
2661 4255 2717 4302 et
2743 4247 2979 4318 abjectio
3010 4247 3188 4318 plebis
3220 4248 3282 4302 ¹⁷.
3313 4267 3329 4299 ι
3368 4249 3614 4304 Rursus:

2043 4359 2061 4394 ι
2083 4341 2366 4410 Tanquam
2385 4339 2696 4410 prodigium
2727 4338 2906 4394 factus
2931 4354 3052 4394 sum
3080 4337 3362 4402 multis,et
3386 4348 3440 4394 tu
3460 4339 3588 4411 adju
3604 4368 3619 4376 -

2037 4441 2125 4488 tor
2165 4446 2322 4486 meus
2352 4432 2511 4486 fortis
2543 4431 2606 4484 ³⁸.
2657 4450 2676 4482 ι
2723 4431 2827 4498 Qui
2855 4431 2924 4486 de
2956 4446 3013 4486 se
3043 4431 3324 4486 moderate
3364 4433 3530 4486 sentit
3559 4439 3618 4488 et

2035 4540 2176 4596 opus
2211 4532 2410 4580 tractat
2444 4523 3014 4596 spirituale,,iuterim
3062 4522 3278 4578 divinas
3319 4523 3450 4578 dum
3483 4523 3618 4594 legit

2036 4614 2376 4686 Scripturas,
2409 4631 2752 4686 quacunque
2791 4621 3114 4678 occurrunt,
3158 4613 3414 4668 universa
3443 4615 3498 4667 in
3525 4630 3618 4668 se-

2036 4708 2215 4780 ipsum
2268 4717 2430 4764 taeita
2477 4707 2810 4778 cogitatione
2852 4703 3107 4768 reflectit,
3155 4713 3212 4759 et
3239 4721 3347 4758 non
3384 4705 3439 4758 in
3481 4705 3615 4760 alie-

2037 4816 2182 4856 rum.
2224 4799 2282 4855 Si
2313 4800 2569 4870 cupimus
2609 4799 2724 4852 Deo
2758 4805 2949 4851 nostro
2987 4812 3319 4866 magnopere
3347 4813 3467 4852 esse
3496 4816 3605 4868 gra-

2037 4891 2164 4946 tiosi
2198 4899 2257 4946 et
2289 4890 2586 4955 amabiles,
2622 4887 3030 4955 amicitiamque
3075 4885 3194 4954 ejus
3243 4887 3616 4942 felicissimam

2035 4983 2346 5042 exosculari
2401 4977 2725 5038 suavissime
2777 4989 2834 5035 et
2873 4979 3132 5050 amplecti
3172 4997 3186 5032 :
3237 4988 3476 5033 mentem
3533 4979 3616 5034 illi

2035 5089 2282 5135 nostram
2313 5078 2674 5134 exhibeamus
2717 5075 2921 5130 nudam
2965 5081 3020 5128 et
3067 5073 3137 5128 ab
3186 5071 3336 5127 omni
3383 5087 3616 5126 concre-

2039 5173 2187 5226 tione
2217 5170 2463 5226 materia:
2504 5169 2843 5232 dcfzecatam,
2890 5182 3012 5236 quae
3045 5165 3182 5219 nihil
3221 5165 3404 5220 saeculi
3455 5164 3617 5219 istius

2035 5263 2294 5320 alicunde
2326 5263 2394 5317 ad
2449 5277 2508 5318 se
2539 5261 2793 5323 asciscat,
2823 5260 3004 5313 nullas
3035 5257 3266 5312 advocet
3301 5254 3618 5312 molitiones

352 5355 504 5422 παρὰ
537 5353 712 5408 ἄλλων
747 5351 1100 5423 ὑϐριζόμενον
1132 5351 1394 5418 γενναίως
1430 5350 1654 5423 φέρειν·
1704 5351 1798 5404 καὶ
1842 5352 1934 5404 οὐ·

2040 5355 2316 5420 fraudum,
2342 5355 2478 5409 nihil
2507 5352 2948 5408 commentitium
2971 5361 3066 5405 aut
3093 5349 3478 5418 sophisticum,
3506 5363 3614 5400 non

351 5443 464 5505 δεὶς
507 5441 890 5513 ταπεινόφρων
932 5439 1352 5508 δικαιολογεῖταί
1391 5457 1544 5494 ποτε.
1592 5441 1802 5510 Ὥσπερ
1841 5437 1933 5495 οῦν

352 5535 568 5605 καρπὸς
602 5533 768 5598 πολὺς
799 5535 1043 5602 κάμπτει
1077 5531 1290 5596 κλῶνας
1321 5533 1562 5602 δένδρου,
1593 5533 1764 5596 οὕτως
1803 5535 1936 5604 ἀρε-

351 5626 453 5696 τῆς
496 5626 702 5696 πλῆθος
755 5628 1002 5678 ταπεινοῖ
1049 5625 1305 5698 φρόνημα
1337 5624 1548 5696 ἀνδρὸς.
1601 5627 1712 5680 Καὶ
1747 5625 1938 5698 ὥσπερ

425 5762 742 5834 ⁹Εοο1.κιν,
769 5763 862 5834 22.
939 5763 982 5795 ⁸ο
1013 5764 1185 5818 Exod.
1220 5781 1370 5825 xviii,
1397 5765 1624 5834 passim.

1703 5767 1742 5798 “
1763 5767 1946 5823 Judic.
1975 5787 2091 5832 vm,
2121 5771 2174 5831 2,
2206 5771 2260 5824 5.
2339 5770 2579 5826 "Judic.
2604 5788 2679 5836 vi,
2715 5769 2798 5824 lii.

351 5845 429 5902 Iv,
457 5832 543 5888 l5.
575 5858 588 5871 ο
624 5835 666 5868 ⁸³
705 5833 847 5890 Psal.
875 5849 1056 5900 xxxvi,
1087 5834 1176 5890 '50.
1255 5837 1298 5868 “
1319 5832 1481 5891 Prov.
1523 5850 1634 5904 xm,
1663 5837 1750 5891 15.
1827 5840 1866 5870 ⁸⁷
1907 5842 2050 5895 Psal.
2077 5857 2186 5908 xm,
2211 5843 2261 5894 7.

2038 5449 2167 5502 item
2198 5445 2640 5502 causificationcs
2663 5445 2780 5498 sive
2811 5442 3236 5512 disceptationes
3257 5438 3420 5512 juris.
3446 5438 3620 5492 Aver—

2035 5549 2186 5594 satur
2216 5537 2363 5593 enim
2401 5552 2607 5591 numen
2641 5534 2775 5590 illud
2815 5549 2912 5590 eos
2942 5534 3034 5603 qui
3080 5545 3138 5588 se
3187 5531 3388 5586 adeunt
3421 5544 3618 5599 supcr-

2033 5628 2223 5684 ciliosa
2267 5627 2503 5698 quadam
2554 5625 2681 5682 freti
2731 5609 3115 5696 persuasione.
3147 5622 3347 5678 Contra
3392 5622 3438 5676 si
3487 5633 3616 5688 qus

2878 5770 2921 5801 ¹³
2944 5769 3106 5825 Eccli.
3131 5783 3208 5833 ili,
3239 5766 3326 5820 ‘30.
3406 5765 3443 5794 ¹⁶
3468 5761 3610 5815 Psal.

2343 5842 2385 5876 ¹⁹
2425 5842 2568 5897 Psal.
2600 5857 2721 5908 Lxx,
2761 5842 2848 5894 18.
