3944 6486
452 344 589 408 1039

1719 342 2081 402 ANTIOCHI
2133 339 2478 403 ΜΟΝΑΓΗΙ

3572 335 3680 403 1640

444 459 671 515 Deicola
704 472 766 533 ac
798 456 923 528 pius
954 457 1037 515 ‘dc
1085 473 1143 514 se
1185 457 1394 528 alioqui
1448 472 1611 527 quam
1660 457 2033 528 abjectissimc

2140 456 2319 529 χάραξ
2364 455 2619 525 βαστάζει
2668 455 2848 509 κλῶνα
2897 453 3276 523 κατάκαρπον,
3332 451 3501 513 οὕτως
3550 454 3682 518 φόϐος

448 560 714 624 sentiens,
745 558 1069 628 neutiquam
1092 570 1429 630 .turgeseens
1462 567 1560 614 aut
1599 558 1771 613 veluti
1799 558 2031 613 extube-

448 672 580 712 rans
608 657 760 713 inani
790 656 975 721 fastu,‘
990 657 1132 711 nihil
1156 667 1374 714 temere
1405 657 1511 713 sibi
1546 656 1838 712 ascribens
1866 654 2034 710 meri-

450 757 634 804 torum
662 748 830 803 tacita
861 749 1216 818 cogitatione,
1252 749 1424 820 magis
1451 763 1586 804 vero
1622 748 1718 817 qui
1765 762 1824 801 se
1868 746 2038 801 inuti-

449 851 556 906 lem
592 866 714 905 eSse
743 865 968 905 servum
1020 851 1283 921 deputet;
1329 850 1479 903 hunc
1518 849 1686 903 talem
1732 849 2037 903 clementer

453 952 684 1021 respicit
709 951 998 1015 Dominus,
1032 952 1261 1021 ejusque
1288 950 1565 1005 inhabitat
1593 957 1832 1003 mentem
1862 948 2038 1019 gratia

451 1052 574 1106 Dei.
609 1052 926 1106 Verissimae
969 1051 1298 1106 humilitatis
1332 1051 1547 1120 insigne
1581 1050 1689 1103 hoc
1719 1057 1824 1114 est,
1860 1047 2039 1103 nullas

455 1151 513 1205 in
543 1153 856 1222 quempiam
894 1151 1217 1221 intorquere
1246 1150 1642 1215 contumelias,
1665 1149 1761 1204 sed
1800 1149 1868 1205 ab
1914 1148 2038 1204 aliis

461 1254 518 1306 in
555 1260 607 1307 te
629 1261 910 1307 contortas
930 1267 1196 1323 generose
1223 1259 1278 1305 et
1304 1249 1538 1305 infracto
1563 1250 1805 1319 perferre
1832 1248 2034 1306 animo.

458 1352 750 1423 Siquidem
782 1369 946 1408 nemo
978 1350 1164 1424 (modo
1194 1352 1241 1406 is
1282 1351 1355 1406 sit
1389 1366 1499 1405 non
1535 1351 1740 1417 fucate)
1788 1349 2036 1412 humilis,

462 1452 558 1518 qui
597 1451 1074 1506 causifieetur-aut
1112 1461 1297 1521 partes
1341 1451 1901 1522 unquam-sustineat
1950 1459 2036 1504 tu-

459 1541 587 1596 endi
639 1556 717 1595 se.
764 1541 836 1597 Ut
872 1542 1021 1596 enim
1049 1543 1307 1597 arborum
1340 1554 1520 1597 ramos
1547 1542 1861 1596 exuberans
1886 1540 2040 1609 copia

455 1630 732 1686 fructuum
766 1632 1026 1688 deorsum
1059 1648 1254 1687 versus
1296 1633 1549 1699 inﬂectit,
1587 1634 1660 1687 ita
1706 1641 1763 1687 et
1794 1631 2041 1687 accessio

457 1722 615 1778 dives
645 1723 917 1778 virtutum
942 1740 1172 1779 sensum
1208 1726 1447 1779 hominis
1487 1740 1545 1779 se
1570 1724 1908 1794 possidentis
1946 1723 2041 1779 de-

456 1813 629 1867 mittit
654 1824 821 1882 atque
857 1813 1129 1868 bumiliat.
1167 1815 1404 1880 Rursus,
1435 1814 1898 1884 quemadmodum
1928 1822 2039 1868 sta-

463 1913 647 1956 tumen
674 1912 773 1957 aut
819 1903 993 1957 vinea:
1040 1903 1433 1973 pedamentum
1480 1919 1693 1958 ramum
1733 1904 2041 1959 communit

465 2008 530 2048 ac
562 1994 787 2063 gestitat
810 1993 1102 2048 fructuum
1133 1995 1386 2049 ubertate
1416 2004 1812 2065 prtegnantem,
1845 1993 1920 2048 ita
1965 1995 2039 2048 ti-

400 2126 417 2149 ,
460 2098 581 2137 mor
624 2083 720 2138 Dei
772 2099 899 2138 eum
948 2084 1228 2149 suﬂ‘ulcit,
1282 2085 1375 2153 qui
1420 2085 1626 2139 virtute
1674 2083 1908 2139 adornat
1956 2099 2035 2139 se.

460 2173 662 2229 Beatus
710 2174 803 2229 ille
844 2175 1045 2229 Paulus
1086 2184 1398 2230 extenuans
1437 2190 1503 2231 ac
1551 2175 1903 2245 supprimens
1930 2190 2037 2229 no-

460 2275 637 2322 strum
685 2268 834 2322 hunc
861 2267 1083 2331 fastum,
1113 2281 1212 2339 per
1263 2268 1553 2338 epistolam
1603 2268 1781 2323 dicit:
1822 2286 1841 2318 ι
1876 2267 2040 2320 Miser

459 2373 562 2428 ego
612 2358 800 2422 homo,
839 2359 963 2428 quis
1013 2374 1100 2413 me
1154 2358 1413 2413 liberabit
1462 2358 1532 2413 de
1579 2372 1808 2428 corpore
1849 2357 2043 2412 mortis

458 2447 627 2517 hujus
659 2446 745 2499 “1'
781 2466 798 2497 ι
830 2447 1033 2501 lterum
1067 2466 1079 2502 :
1126 2470 1144 2499 ι
1187 2442 1254 2503 Ut
1296 2455 1654 2519 purgamenta
1686 2447 1877 2503 mundi
1914 2447 2041 2503 facti

461 2554 677 2603 sumus,
707 2538 955 2592 omnium
1003 2539 1311 2610 peripsema
1352 2541 1420 2591 ¹⁰.
1464 2559 1482 2590 ι
1518 2538 1643 2594 Haec
1675 2554 1843 2611 porro
1871 2539 2041 2593 verba

462 2629 518 2683 in
551 2630 865 2700 exemplum
909 2631 1086 2700 posita
1121 2640 1252 2686 sunt
1300 2631 1643 2686 insinuantia:
1688 2632 2038 2686 humilitatis.

461 2722 716 2776 Rursus:
750 2741 768 2773 ι
817 2720 1143 2792 Coguoscite
1194 2723 1427 2794 gratiam
1478 2720 1598 2788 Dei,
1642 2724 1770 2792 quia
1817 2731 2043 2793 propter

461 2827 565 2868 nos
587 2813 742 2869 dives
775 2829 899 2869 cum
941 2822 1107 2877 esset,
1141 2830 1350 2884 pauper
1379 2813 1556 2869 factus
1584 2824 1689 2879 est,
1725 2823 1785 2869 ut
1825 2829 1928 2869 nos
1971 2814 2040 2868 il-

460 2902 571 2957 lius
625 2913 950 2973 paupertate
998 2904 1201 2959 divites
1255 2920 1501 2960 essemus
1547 2907 1614 2958 ".
1692 2924 1710 2955 ι
1776 2904 2039 2959 inducit:

469 3011 490 3043 ι
531 2990 773 3047 Obsecro
803 2994 985 3063 itaque
1015 3010 1114 3048 vos
1143 3010 1244 3065 ego
1265 2994 1484 3050 vinctus
1513 2995 1567 3049 in
1600 2994 1858 3057 Domino,
1880 2994 2043 3064 digne

465 3092 529 3137 ut
559 3084 905 3139 ambulemus
950 3086 1237 3140 vocatione
1281 3102 1387 3155 qua
1435 3077 1615 3141 vocati
1652 3101 1864 3151 sumus,
1915 3102 2041 3140 cum

463 3176 615 3232 omni
650 3175 963 3232 humilitate
989 3187 1045 3231 et
1071 3179 1516 3242 mansuetudine,
1549 3194 1674 3234 cum
1709 3178 2039 3250 longanimi-

466 3273 576 3320 tate
606 3276 1000 3336 supportantes
1034 3268 1268 3323 invicem
1302 3269 1357 3323 in
1398 3269 1665 3325 charitate
1708 3270 1773 3323 “.
1816 3288 1834 3320 ι
1871 3269 2038 3324 Deni-

464 3374 572 3424 que
619 3358 819 3414 inl'ert:
858 3380 875 3411 ι
910 3359 1197 3416 Postremo
1221 3361 1467 3415 onmium
1500 3371 1754 3431 tanquam
1789 3360 2039 3416 abortivo

463 3449 615 3504 visus
642 3459 727 3504 est
770 3462 828 3505 et
854 3451 1010 3505 mihi.
1045 3453 1257 3525 1134
1300 3454 1411 3525 Ego
1449 3453 1594 3508 enim
1625 3463 1744 3507 sdm
1778 3453 2039 3509 minimus

464 3542 859 3610 apostolorum,
902 3544 994 3611 qui
1044 3561 1153 3598 non
1189 3560 1309 3599 sum
1342 3545 1539 3615 dignus
1583 3545 1769 3600 vocari
1818 3555 2038 3614 aposto-

2136 548 2271 602 Θεοῦ
2297 549 2570 620 ἐνάρετον.
2611 547 2669 602 Ὀ
2696 549 2754 601 δέ
2786 546 3051 617 μακάριος
3087 545 3305 607 Παῦλος
3342 542 3686 597 καταειτὲῡωί

2135 642 2295 711 ἡμῶν
2329 643 2389 694 τὸ
2434 642 2711 711 φρόνημα,
2744 638 3068 703 ἐπιστέλλει,
3099 637 3282 705 λέγων
3305 653 3319 665 '
3366 655 3386 685 σ
3433 635 3686 687 Talai?»-

2138 746 2231 797 ρος
2263 727 2375 796 ἐγὼ
2403 727 2709 797 ἄνθρωπος,
2750 725 2834 789 τίς
2877 742 2945 795 με
2973 724 3195 794 ῥύσεται
3225 725 3299 777 ἐκ
3332 722 3430 775 τοῦ
3476 721 3690 792 σώματος

2136 818 2230 870 τοῦ
2261 815 2490 870 Θανάτου
2518 815 2747 881 τούτους
2784 835 2803 866 ι
2843 814 2940 868 καὶ
2970 814 3156 877 πάλιν,
3195 833 3214 865 ι
3249 813 3346 876 Ὠς
3385 815 3692 882 περικαθάρ-

2142 924 2286 978 ματα
2314 907 2409 959 τοῦ
2449 907 2653 973 κόσμου
2695 904 3057 975 ἐγενήθημεν,
3085 908 3308 957 πάντων
3352 903 3648 973 περβῷημα.
3675 924 3692 959 ι

2140 995 2325 1049 Ταῦτα
2372 996 2428 1048 δέ
2460 994 2529 1048 τὰ
2561 995 2806 1066 ῥήματα,
2840 994 3348 1065 ταπεινοφροσύνης
3399 994 3697 1064 ὑπόδειγμα.

2138 1084 2250 1142 Καὶ
2278 1087 2467 1150 αὖθις·
2506 1106 2524 1138 ι
2566 1086 2868 1157 Γινώσκετε
2918 1086 3027 1156 γὰρ
3068 1085 3165 1157 τὴν
3206 1085 3378 1156 χάριν
3420 1083 3515 1136 τοῦ
3564 1085 3700 1150 Θεοῦ,

2139 1180 2220 1233 ὅτι
2254 1179 2321 1232 δι’
2351 1179 2498 1250 ἡμᾶς
2537 1178 2883 1248 ἐπτώχευσεν
2917 1177 3169 1240 πλούσιος
3197 1177 3303 1240 ὢν,
3338 1176 3430 1229 ἵνα
3461 1177 3609 1246 ὑμεῖς
3647 1184 3702 1249 τῇ

2139 1270 2347 1322 ἐκείνου
2381 1268 2623 1339 πτωχείᾳ
2658 1268 3020 1338 πλουτήσητε.
3060 1285 3079 1317 ι
3118 1266 3229 1320 Καὶ
3279 1267 3509 1333 ἐπάγει*
3544 1285 3562 1317 ι
3610 1268 3703 1319 Πα-

2143 1357 2364 1429 ρακαλῶ
2396 1353 2488 1410 οὖν
2518 1355 2628 1424 ἐγὼ
2656 1360 2684 1410 ὁ
2711 1355 2929 1425 δέσμιος
2959 1357 3016 1408 ἐν
3048 1355 3265 1426 Κυρίῳ,
3299 1354 3474 1419 ἀξίως
3496 1368 3700 1424 περιπι-

2139 1448 2302 1517 τῆσαι
2335 1447 2431 1516 τῆς
2462 1446 2728 1516 κλήσεως,
2749 1442 2817 1518 ἦς
2846 1446 3114 1517 ἐκλήθητε
3148 1446 3296 1517 μετὰ
3329 1447 3517 1516 πάσης
3544 1462 3702 1497 ταπειο

2141 1538 2479 1608 νοφροσύνης
2510 1536 2967 1611 καῖπραότητος,
3028 1542 3167 1607 μετὰ
3208 1536 3599 1608 μακροθυμίας
3629 1537 3700 1591 ἁν-

2141 1628 2392 1698 εχόμενοι
2439 1626 2681 1698 ἀλλήλων
2724 1628 2782 1679 ἐν
2829 1626 3042 1698 ἀγάπῃ.
3098 1644 3117 1676 ι
3149 1625 3264 1681 Καὶ
3299 1625 3578 1694 ἐπιφέρει,
3606 1643 3623 1674 ι
3645 1627 3700 1676 Ἧι

2143 1717 2371 1786 ὕστερον
2400 1716 2641 1782 πάντων,
2689 1715 2934 1787 ὡσπερεὶ
2962 1714 3040 1785 τῷ
3080 1715 3412 1786 ἐκτρώματι
3440 1711 3696 1800 ὢφθηοκᾶ-

2073 1799 2113 1853 Β
2145 1809 2254 1877 μοί.
2310 1804 2452 1875 Ἐγὼ
2494 1806 2603 1877 γάρ
2651 1808 2766 1877 είμι
2797 1809 2827 1859 ὁ
2855 1806 3138 1877 ἐλάχιστος
3176 1807 3409 1859 πάντων
3451 1803 3559 1857 τῶν
3589 1799 3697 1857 άπι-

2142 1899 2362 1952 στόλων.
2402 1899 2497 1961 ’ος
2547 1899 2803 1970 οὑκ-εἰμὶ
2848 1897 2996 1963 ἄξιος
3026 1898 3299 1970 κληθῆναι
3342 1895 3648 1958 ἀπόστολος,
3677 1917 3693 1948 ι

2142 1991 2296 2063 [διότι
2322 1991 2516 2055 ἐδίωξα
2549 1991 2647 2061 τὴν
2674 1989 3008 2062 Ἐκκλησίαν
3032 1990 3127 2044 τοῦ
3149 1988 3346 2061 Θεοῦ.]
3396 1990 3459 2041 '0
3491 1988 3579 2043 οὖν
3606 1987 3698 2057 βον-

2139 2072 2364 2154 λδμενος
2413 2082 2716 2155 κτήσασθαι
2752 2082 2853 2153 τὴν
2899 2081 3237 2154 θεοδὼρητον
3280 2082 3498 2151 ταύτην
3535 2082 3697 2152 ἀρετὴν

2139 2178 2236 2248 τῆς
2272 2175 2796 2247 ταπεινοφροσύνης,
2847 2174 2943 2229 καὶ
2976 2176 3188 2245 φυγεῖν,
3238 2172 3435 2236 καθὼς
3479 2172 3699 2243 προείρη-

2138 2285 2251 2333 ται,
2281 2269 2371 2322 τὸν
2397 2268 2625 2339 μάταιον
2666 2270 2760 2322 καὶ
2803 2261 3164 2338 θεοστύγητον
3196 2266 3375 2335 ὄγκον
3428 2265 3529 2337 τῆς
3565 2268 3698 2336 ὑπερ·

2140 2358 2399 2428 ηφανίας,
2439 2357 2603 2427 μηδὲν
2629 2356 3025 2427 παμλειπέτω.
3053 2356 3160 2409 τῶν
3199 2354 3605 2409 συντελούντων
3642 2357 3701 2417 εἰς

2140 2449 2241 2521 τὴν
2274 2448 2612 2520 κατόρθωσιν
2641 2445 2831 2519 αὐτῆς,
2867 2447 2983 2500 ἀλλ’
3025 2446 3164 2501 ἔστω
3203 2448 3363 2517 αύτῷ
3400 2450 3495 2500 καὶ
3527 2448 3698 2518 σχῆμα,

2142 2543 2236 2594 καὶ
2262 2541 2500 2612 ἱμάτιον,
2530 2540 2626 2594 καὶ
2658 2539 2919 2611 βάδισμα,
2956 2540 3050 2593 καὶ
3089 2539 3357 2610 καθέδρα,
3400 2540 3497 2595 καὶ
3532 2541 3694 2609 τροφὴ,

2110 2684 2113 2687 λ
2142 2633 2236 2686 καὶ
2261 2635 2541 2704 στρωμνὴ,
2575 2634 2668 2686 καὶ
2696 2631 2872 2701 λόγος,
2920 2632 3015 2684 καὶ
3067 2632 3310 2703 κίνησις,
3359 2631 3460 2684 καὶ
3488 2629 3692 2701 βλέμμα.

2143 2725 2239 2778 καὶ
2270 2726 2302 2796 ἡ
2334 2723 2469 2793 πρὸς
2494 2725 2585 2777 τὸν
2608 2724 2843 2794 ’πλησίον
2888 2722 3147 2789 ἔντευξις,
3181 2724 3368 2777 πάντα
3401 2723 3537 2794 πρὸς
3574 2722 3691 2774 εὐτέ-

2141 2815 2293 2869 λειαν
2322 2816 2629 2887 ἠσκημένα.
2660 2815 2774 2886 Πρὸ
2799 2815 3011 2869 πάντων
3035 2815 3092 2868 δὲ
3122 2816 3179 2867 ἐν
3203 2815 3406 2887 μηδενὶ⁵
3431 2812 3693 2866 πιστευέτω

2144 2905 2346 2974 ἐαυτῷ,
2373 2905 2485 2958 ἀλλ’
2514 2905 2902 2958 ὑποτασσέσθω
2928 2903 3006 2975 τῷ
3038 2905 3289 2983 πλησίον,
3314 2904 3414 2957 καὶ
3435 2901 3690 2957 δουλευέτω

2144 2995 2314 3067 αὐτῷ,
2367 2997 2715 3068 μεμνημένος
2762 2995 2858 3048 τοῦ
2910 2996 3137 3069 Κυρίου,
3188 2995 3267 3069 μὴ
3314 2994 3691 3062 ἀπαξιώσαντος

2144 3089 2293 3158 νῖψαι
2328 3089 2453 3150 τοὺς
2494 3088 2658 3151 πόδας
2684 3087 2794 3141 τῶν
2828 3087 3020 3141 ἑαυτοῦ
3057 3086 3319 3158 μαθητῶν
3341 3106 3356 3121 ο
3393 3087 3486 3141 καὶ
3511 3086 3689 3157 dmito-

2145 3197 2269 3244 τος·
2312 3198 2330 3230 ι
2381 3174 2713 3249 Ὺπόδειγμα
2743 3178 2850 3250 γὰρ
2899 3179 3027 3248 ὑμῖν
3054 3178 3262 3233 δέδωκα
3294 3199 3314 3230 ι
3347 3182 3448 3250 τῆς
3475 3192 3689 3230 ταπεινο-

2147 3271 2443 3342 φροσύνης,
2478 3288 2496 3321 ι
2526 3272 2613 3325 ἵνα
2647 3270 2827 3334 καθὼς
2872 3270 2983 3340 ἐγὼ
3014 3270 3249 3341 ἐποίησα
3269 3271 3421 3341 ὑμῖν,
3454 3269 3544 3323 καὶ
3563 3270 3687 3336 ὑμεῖς

2147 3362 2336 3434 ποιῆτε
2372 3362 2641 3431 ἀλλήλοις.
2686 3382 2705 3413 ι
2743 3363 2805 3417 El
2836 3361 3009 3415 ταῦτα
3048 3362 3247 3426 οἴδατε,
3285 3360 3544 3432 μακάριοί
3570 3361 3687 3419 ἐστε,

2147 3451 2240 3505 ἐὰν
2292 3451 2484 3520 ποιῆτε
2538 3451 2694 3505 αὑτά.
2743 3451 2901 3521 Αύτῷ
2944 3454 2977 3524 ἡ
3023 3453 3151 3518 δόξα
3192 3455 3275 3515 είς
3314 3454 3441 3515 τοὺς
3498 3449 3684 3511 αἰῶνας.

2158 3544 2349 3614 Ἀμήν.

464 3632 553 3687 lus
577 3634 640 3687 “.
672 3653 689 3684 ι
717 3632 980 3703 Quisquis
1010 3634 1175 3704 igitur
1201 3634 1386 3689 studet
1408 3632 1664 3704 indipisci
1694 3634 1957 3689 virtutem
1979 3631 2328 3696 humilitatis,
2359 3648 2482 3703 qua:
2512 3648 2542 3686 a
2572 3632 2690 3687 solo
2714 3632 2827 3687 Deo
2862 3641 3219 3705 praerogatur,
3248 3634 3518 3703 simulque
3544 3629 3684 3686 decli-

464 3738 599 3780 nare
648 3731 932 3792 parentem
987 3725 1266 3791 vanitatis,
1337 3725 1448 3779 Deo
1500 3724 1679 3779 modis
1749 3717 2008 3778 omnibus
2077 3718 2316 3775 invisum
2411 3728 2678 3775 tumorem
2739 3721 3050 3790 superbiae,
3107 3737 3210 3777 ceu
3270 3724 3427 3794 prius
3511 3721 3683 3775 dictum

465 3818 604 3872 mihi
645 3828 750 3885 est,
785 3819 921 3873 nihil
968 3821 1188 3875 omittat
1234 3837 1430 3875 eorum
1495 3836 1618 3891 quae
1685 3820 2004 3876 conducunt
2045 3818 2115 3873 ad
2154 3816 2458 3888 parandum
2489 3817 2819 3873 humilitatis
2871 3818 3175 3889 legitimam
3223 3819 3576 3878 functionem,
3606 3814 3678 3867 scd

466 3908 561 3962 tali
630 3910 813 3964 adsint
869 3910 1130 3977 habitus,
1182 3913 1445 3982 pallium,
1502 3912 1782 3977 incessus,
1839 3910 2033 3974 sedile,
2073 3908 2370 3974 alimonia,
2421 3914 2648 3974 stratus,
2693 3924 2911 3973 sermo,

2992 3909 3109 3979 ipse
3175 3911 3425 3980 corporis
3511 3916 3679 3963 motus.

465 4011 754 4071 aspectus,
808 4020 1135 4075 congressus
1216 4021 1340 4060 cum
1387 4007 1637 4075 proximo
1682 4020 1746 4060 ac
1799 4003 2055 4058 familiari
2094 4003 2456 4073 colloquium,
2515 4002 2753 4070 denique
2776 4017 2898 4071 qua
2932 4002 3001 4056 ab
3032 4003 3127 4056 illo
3166 4020 3293 4058 cum
3331 4004 3506 4059 labore
3549 4000 3674 4059 fiunt,

466 4093 536 4148 ad
571 4094 942 4164 frugalitatem
987 4107 1044 4153 et
1084 4099 1480 4169 parcimoniam
1531 4107 1782 4170 spectent
1830 4098 2033 4154 omnia.
2074 4098 2137 4152 In
2165 4097 2361 4167 primis
2401 4112 2502 4151 suo
2531 4094 2599 4150 de
2634 4111 2691 4150 se
2713 4096 2926 4166 judicio
2983 4113 3051 4152 ue
3081 4113 3140 4152 se
3185 4106 3357 4153 totum
3419 4094 3674 4167 permittat,

469 4199 681 4238 memor
709 4186 781 4241 sit
806 4187 1045 4253 Domini,
1079 4190 1174 4257 qui
1209 4204 1557 4258 nequaquam
1619 4190 1905 4260 indignum
1964 4188 2121 4242 duxit
2159 4187 2487 4242 submittere
2518 4202 2575 4242 se
2614 4186 2861 4241 lavandis
2905 4187 3302 4257 discipulorum
3342 4187 3573 4258 pedibus,
3601 4183 3670 4251 qui

467 4280 525 4328 et
547 4272 686 4327 dixit
724 4293 735 4327 :
785 4294 803 4326 ‹
854 4276 1175 4346 Exemplum
1224 4279 1372 4332 enim
1421 4279 1543 4333 dedi
1580 4279 1758 4342 vobis,
1800 4299 1818 4329 ι
1850 4293 2047 4347 nempe
2085 4276 2431 4340 humilitatis,
2469 4294 2489 4328 ι
2521 4285 2582 4330 ιιι
2633 4276 3095 4345 quemadmodum
3145 4278 3247 4333 feci
3299 4280 3453 4334 vobis
3477 4318 3491 4342 ,
3529 4286 3577 4329 et
3602 4288 3673 4325 vos

470 4361 682 4419 faciatis
717 4366 948 4419 invicem
986 4368 1050 4419 "’.
1092 4386 1108 4417 ι
1154 4368 1210 4421 Si
1246 4368 1360 4421 haec
1390 4368 1564 4432 scitis,
1611 4368 1753 4422 beati
1802 4367 1960 4422 eritis
1992 4366 2037 4421 si
2073 4365 2315 4421 feceritis
2342 4382 2426 4419 ea.
2461 4364 2566 4433 ipsi
2598 4364 2773 4435 gloria
2814 4367 2869 4419 in
2911 4369 3132 4423 saecula.
3178 4371 3370 4423 Amen.

1000 4504 1287 4559 llOMlLlA
1327 4505 1516 4560 LXXI.

672 4613 746 4665 De
774 4629 833 4666 eo
864 4614 1001 4683 quod
1029 4616 1268 4685 proximo
1302 4616 1709 4670 condonandum
1744 4617 1832 4670 sit.

541 4725 612 4781 Ut
638 4724 888 4794 proximo
914 4724 1166 4794 ignoscas
1198 4726 1252 4779 in
1297 4725 1641 4795 plenitudine
1688 4725 1891 4791 cordis,
1939 4725 2044 4779 Do-

472 4816 735 4870 minicum
766 4826 924 4886 urget
983 4825 1034 4870 te
1068 4816 1412 4881 mandatum,
1450 4816 1708 4870 universo
1755 4815 2041 4870 hominum

474 4905 665 4977 generi
698 4906 943 4976 apprime
976 4907 1344 4961 salutiferum.
1395 4906 1613 4961 Domini
1659 4915 1841 4961 autem
1893 4922 2045 4960 man-

476 4998 663 5052 datum
698 5006 901 5053 aeterna
946 5009 1030 5052 est
1062 4999 1192 5053 vita.
1228 4999 1416 5068 itaque
1463 4996 1826 5052 condonanda
1862 4998 2047 5066 proxi-

469 5091 595 5155 mis,
638 5090 853 5144 veniam
900 5090 1003 5160 ipsi
1039 5090 1415 5160 impetramus.
1452 5090 1547 5145 Sin
1603 5090 1950 5145 remittemus
1977 5106 2044 5145 ex

469 5181 676 5248 animo,
708 5194 894 5237 nostra
920 5183 1163 5253 ipsorum
1193 5190 1415 5253 peccata
1456 5197 1553 5252 per
1585 5180 1692 5236 hoc
1724 5182 1879 5251 quasi
1908 5197 2043 5252 quo-

470 5273 617 5342 piam
667 5275 950 5344 signaeulo
980 5275 1324 5346 insignimus,
1350 5290 1442 5328 «ne
1479 5273 1693 5329 veniam
1729 5287 2044 5342 promerea-

472 5379 618 5418 mur.
649 5364 783 5430 Quis
822 5367 988 5437 igitur
1026 5366 1266 5436 (sapiens
1291 5365 1457 5420 modo
1500 5365 1590 5436 sit)
1624 5365 1718 5435 qui
1761 5381 1886 5421 cum
1925 5382 2044 5420 ma-

469 5468 712 5526 gnopere
739 5460 922 5528 cupiat
947 5474 1172 5513 suorum
1198 5474 1300 5513 nec
1328 5458 1426 5512 ulli
1453 5458 1919 5513 numerandorum
1951 5459 2047 5512 de-

543 5586 585 5617 "
625 5585 781 5639 Rom.
808 5602 897 5653 vn,
922 5587 1014 5641 ΕΗ.

475 5670 587 5717 χιιι,
622 5654 709 5709 15.

2748 4504 2965 4556 ΛΟΓΟΣ
3003 4506 3126 4558 OA'.

2406 4617 2545 4685 Περὶ
2580 4615 2685 4670 τοῦ
2723 4618 3060 4687 συγχωρεῖν
3107 4618 3189 4684 τῷ
3215 4620 3464 4687 πλησίῳ.

2223 4725 2295 4782 Τὸ
2325 4731 2628 4800 συγχωρεῖν
2653 4728 2730 4799 τῷ
2757 4729 2986 4800 πλησίον
3000 4731 3108 4784 ἀπὸ
3138 4733 3382 4804 καρδῖας,
3412 4725 3663 4789 Δεσποτικὴ

2152 4819 2339 4891 ἐντολή
2371 4816 2537 4883 ἐστιν,
2590 4820 2683 4874 καὶ
2738 4825 3007 4894 σωτήριος
3064 4827 3236 4896 πᾶσιν*
3280 4821 3577 4894 ἀνθρώποις.
3615 4818 3662 4867 Ἠ

2153 4911 2260 4981 γὰρ
2288 4912 2476 4981 ἐντολὴ
2518 4913 2683 4966 αὑτοῦ
2707 4912 2820 4984 ζωὴ
2851 4914 3069 4978 αἰώνιός
3091 4918 3263 4970 ἐστιν.
3308 4917 3426 4970 Ἐὰν
3451 4912 3532 4966 οὖν
3558 4925 3660 4973 συγ·

2153 5000 2461 5071 χωροῦμεν,
2519 5003 2978 5073 συγχωρούμεθα·
3030 5007 3126 5056 ἐὰν
3161 5006 3216 5059 δέ
3257 5007 3350 5077 μὴ,
3391 4996 3657 5071 ἐπισφραῇ-

2153 5091 2318 5160 ζομεν
2351 5090 2449 5154 τὰς
2482 5091 2692 5144 ἑαυτῶν
2722 5093 3019 5162 ἁμαρτίας.
3049 5094 3145 5158 Τίς
3166 5092 3258 5149 οὖν
3286 5096 3454 5165 σοφὸς,
3480 5088 3656 5145 ὀθέλων

2149 5186 2331 5252 τυχεῖν
2361 5184 2458 5254 τῆς
2482 5185 2748 5252 ,ἀφέσεως
2785 5186 2894 5238 τῶν
2934 5184 3321 5261 ἀναριθμήτων
3348 5183 3490 5241 αὐτοῦ
3512 5181 3652 5247 πλημο

2155 5275 2507 5346 μελημάπων,
2541 5275 2615 5346 μὴ
2650 5276 2789 5345 μετὰ
2817 5278 2990 5346 χαρᾶς
3020 5280 3223 5348 ἀφήσει
3263 5279 3341 5349 τῷ
3364 5273 3555 5346 πλησίον
3579 5269 3651 5322 αὑ-

2151 5367 2245 5420 τοῦ
2275 5366 2342 5419 τὰ
2376 5366 2633 5437 ἐλάχιστα
2656 5367 3041 5437 ὲλαττώματα;
3074 5369 3147 5421 Ού
3186 5368 3343 5438 μόνον
3371 5368 3420 5420 δὲ
3443 5366 3468 5417 ό
3493 5357 3645 5428 Κύριος

2153 5456 2311 5511 τοῦτο
2343 5448 2645 5511 ἐντέλλεται
2682 5460 2814 5528 ἡμῖν
2859 5462 3055 5522 ποιεῖν,
3103 5457 3244 5513 ἀλλὰ
3276 5463 3367 5513 καὶ
3400 5458 3521 5528 ἔργῳ
3549 5447 3644 5517 ἡμῖν

1092 5588 1135 5618 ’³
1172 5582 1343 5642 lCor.
1378 5603 1448 5653 tv,
1490 5586 1572 5639 15.
1651 5588 1691 5618 ²¹
1735 5588 1778 5642 Il
1802 5586 1925 5645 Cor.
1960 5604 2039 5642 vm

2141 5628 2152 5641 .
2229 5590 2273 5618 ἐ
2293 5588 2493 5658 Ephes.
2527 5605 2598 5655 tv,
2638 5591 2683 5646 l.
2713 5591 2765 5643 9..
2845 5592 2888 5621 ²³
2927 5592 2945 5645 1
2975 5590 3100 5645 Cor.
3134 5608 3222 5657 xv,
3252 5594 3303 5657 8,
3332 5594 3381 5648 9.
3425 5584 3437 5591 ’
3461 5590 3492 5620 ⁸⁵
3520 5566 3633 5632 Ῑοδὼ·
