3944 6422
187 393 319 459 lett
961 388 1290 449 HOMILIA
1330 385 1572 449 LXXII.
1609 410 1679 420 —
1712 382 2093 445 ORANDUM
2131 380 2281 443 PRO
2321 379 2662 443 INVICEM.
3307 378 3445 450 mg

187 507 466 574 ὑπέδειξεν
497 505 613 568 πῶς
638 505 722 559 δεῖ
742 502 913 574 αὐτὴν
935 502 1196 557 ἐκτελεῖν.
1240 502 1330 555 Ἐν
1362 503 1470 573 γάρ
1491 500 1568 571 τῷ
1591 516 1757 555 σταυ-

1885 499 2119 585 ictorum
2170 496 2382 567 perfrui
2439 495 2830 562 absolutione,
2878 512 2987 553 non
3047 516 3170 557 cum
3237 503 3445 575 ingenti

186 603 264 674 ρῷ
292 599 368 654 ῶν
396 598 701 671 παρεκάλει
737 596 878 666 ὑπὲρ
899 594 1010 648 τῶν
1042 597 1120 657 εἰς
1154 593 1315 648 αὑτὸν
1344 593 1760 663 ἀνομησάντων,

1881 591 2065 663 gaudio
2098 589 2326 645 festinet
2379 591 2632 659 proximo
2683 590 2994 647 condonare
3047 595 3449 655 minutissimos

184 695 277 750 τὸν
296 690 493 746 ἑαυτοῦ
520 691 762 761 Πατέρα,
792 687 988 756 λέγων’
1018 706 1037 738 ι
1076 687 1277 757 Πάτερ,
1301 686 1435 754 ἄφες
1458 685 1641 749 αὐτοῖς
1666 682 1764 755 τὴν

1881 697 2113 753 ιιιοειιιιε
2145 682 2429 736 defectus?
2450 683 2568 737 Jam
2598 682 2703 737 hoc
2728 699 2759 738 a
2791 685 2951 741 nobis
2973 694 3031 739 ut
3063 686 3175 754 fiat,
3204 705 3312 745 non
3348 708 3446 746 ore

184 782 465 856 ἁμαρτίαν
494 781 717 853 ταύτην·
746 781 808 834 οὐ
837 780 948 851 γὰρ
968 781 1174 833 οἴδασιν
1202 779 1254 831 τί
1278 778 1545 833 ποιοῦσιν.
1578 796 1598 829 ι
1633 777 1762 841 Ἰδοὺ

1881 776 2044 830 solum
2069 774 2407 846 praescripsit
2438 776 2723 841 Dominus,
2748 778 2843 832 sed
2865 786 2922 832 et
2955 794 3121 849 opere
3157 781 3275 850 ipso
3306 799 3445 851 prte-
3504 822 3507 833 .

184 878 216 930 ὁ
244 874 657 943 εὖσπλαγχνος,
711 871 808 925 καὶ
865 870 1216 942 ὑπεράγαθος
1266 868 1766 940 ὑπεραπολογεῖται

1881 866 2215 931 monstravit,
2245 881 2355 938 quo
2384 874 2543 935 pacto
2567 868 2775 937 expleri
2802 868 3021 924 debeat.
3058 871 3273 927 Patrem
3298 875 3447 929 enim
3503 859 3510 899 ⁸

189 967 330 1038 ὑπὲρ
353 965 557 1027 αὐτῶν,
586 964 767 1031 λέγων
788 978 804 995 ⁶
851 982 870 1015 ι
906 965 979 1015 Οὐ
1011 964 1121 1033 γὰρ
1149 963 1356 1015 οἴδασιν
1386 964 1439 1015 τί
1464 962 1761 1017 ποιοῦσιν.)

1881 971 2029 1012 suum
2065 958 2219 1014 cruci
2247 956 2493 1012 conﬁxus
2525 958 2929 1029 interpellabat,
2960 961 3093 1032 ipsis
3122 976 3450 1035 apprecatus

190 1060 297 1114 Καὶ
322 1059 428 1130 πρὸ
441 1056 632 1111 τούτου
656 1057 715 1111 δὲ
735 1056 845 1110 τῶν
876 1056 1134 1127 μαθητῶν
1152 1057 1604 1125 ἀγανακτούντων
1627 1056 1769 1112 κατά

188 1168 351 1205 τινων
386 1147 747 1219 Σαμαρειτῶν
790 1146 864 1217 μὴ
906 1146 1219 1216 δεξαμένων
1263 1147 1482 1211 αὐτοὺς,
1535 1148 1632 1201 καὶ
1679 1149 1768 1201 al-

189 1241 426 1298 τοΰντων
481 1239 730 1311 θεηλάτῳ
775 1240 911 1309 πυρὶ
962 1238 1307 1307 ἀναλωθῆναι
1337 1223 1768 1301 αὐτοὺςξὲπετί-

196 1349 366 1405 μησεν
395 1333 602 1396 αὐτοῖς,
636 1331 831 1398 λέγων,
863 1349 883 1383 ι
922 1330 1036 1383 Οὐκ
1059 1329 1238 1382 οἴδατε
1271 1330 1426 1383 ποίου
1458 1329 1770 1400 πνεῦματός

186 1427 334 1479 ἕστε.
368 1443 389 1477 ι
418 1423 742 1487 Τουτέστιν,
786 1420 881 1475 τοῦ
917 1432 1118 1492 πράου,
1153 1422 1248 1475 καὶ
1276 1420 1506 1491 ἀγαθοῦ.
1541 1422 1615 1476 Τὸ
1641 1422 1772 1476 αὐτὸ

190 1517 248 1571 δὲ
277 1518 374 1570 καὶ
402 1516 492 1569 διὰ
521 1515 628 1569 τῶν
676 1515 977 1585 προφητῶν
1005 1515 1313 1568 ἐκδιδάσκει
1350 1516 1519 1585 ἡμᾶς.
1548 1516 1717 1585 Φησὶν
1744 1516 1772 1567 ὀ

194 1609 502 1679 Ζαχαρίας,
540 1625 559 1659 ι
604 1609 793 1677 Κρῖμα
837 1608 1044 1662 δίκαιον
1076 1608 1322 1678 κρίνατε,
1358 1608 1454 1659 καὶ
1492 1606 1642 1670 ἔλεος
1679 1606 1772 1661 καὶ

192 1702 476 1770 οἰκτιρμὸν
508 1703 718 1753 ποιεῖτε
747 1699 982 1763 ἕκαστος
1013 1701 1150 1770 πρὸς
1179 1700 1269 1754 τὸν
1297 1700 1526 1768 ἀδελφὺν
1548 1699 1766 1755 αὑτοῦ.»

186 1793 304 1845 Καὶ
346 1796 374 1846 ὁ
414 1789 629 1856 Παῦλος
685 1809 876 1863 φησιν,
913 1809 932 1843 ι
972 1792 1198 1845 Γίνεσθε
1234 1787 1328 1845 οὖν
1378 1794 1459 1854 είς
1506 1791 1771 1861 ἀλλήλους

1868 1050 2087 1104 veniam
2130 1049 2223 1120 qui
2248 1065 2307 1105 se
2330 1059 2575 1104 extreme
2607 1058 2665 1105 et
2699 1051 3044 1121 iniquissime
3074 1055 3400 1114 divexabant
3432 1077 3445 1112 :

1876 1159 1895 1192 ι
1932 1142 2114 1207 Pater,
2140 1142 2235 1205 ait,
2261 1141 2479 1196 dimitte
2502 1142 2630 1207 illis,
2652 1157 2764 1196 non
2802 1144 2950 1198 enim
2980 1145 3164 1200 sciunt
3193 1148 3324 1217 quid
3363 1144 3447 1202 ταὶ

1867 1233 2027 1289 ciunt
2053 1234 2121 1287 ’⁸.
2155 1253 2173 1285 ι
2202 1232 2346 1299 Quin
2369 1244 2424 1289 et
2453 1235 2735 1304 aliquanto
2772 1235 2925 1306 prius
2946 1278 2960 1303 ,
3011 1252 3135 1291 eum
3178 1230 3449 1309 dequerc;

1871 1336 2065 1379 rentur
2098 1324 2354 1395 discipuli
2390 1325 2653 1380 adversus
2691 1326 2960 1395 quosdam
3011 1327 3310 1384 Samaritas
3334 1373 3347 1397 ,
3391 1340 3451 1385 ut

1874 1417 1969 1487 qui
2006 1417 2109 1471 hos
2139 1416 2515 1472 detrectarant
2568 1418 2823 1487 excipere
2874 1418 3135 1489 hospitio,
3195 1432 3452 1492 rogarent

1872 1509 2126 1579 proinde,
2168 1509 2249 1564 sic
2282 1511 2640 1566 inelementes
2690 1512 2813 1581 igne
2853 1513 3071 1567 caelitus
3117 1514 3284 1569 misso
3319 1530 3450 1570 con-

1874 1602 2040 1667 sumi,
2071 1602 2204 1673 quid
2239 1603 2524 1673 respondit
2550 1603 2851 1659 Dominus?
2881 1605 3077 1675 Utique
3124 1622 3221 1661 eos
3268 1608 3450 1664 inere-

1873 1698 2037 1768 puit:
2077 1716 2096 1748 ι
2130 1696 2399 1763 Nescitis,
2452 1697 2653 1766 inquit,
2694 1698 2852 1769 cujus
2880 1699 3107 1769 Spiritus
3152 1700 3286 1755 estis
3319 1701 3399 1766 “;
3427 1720 3446 1753 ι

1877 1789 2139 1844 nimirum
2164 1789 2455 1855 mansueti,
2479 1789 2768 1843 clementis
2792 1796 2846 1843 et
2869 1788 3112 1859 benigni.
3136 1789 3253 1843 Hoc
3275 1789 3451 1861 ipsum

192 1884 443 1954 χρηστοὶ,
480 1859 869 1953 εὔσπλαγχνοι,
909 1881 1148 1953 μιμηταὶ
1178 1882 1270 1935 τοῦ
1305 1879 1463 1946 Θεοῦ,
1490 1882 1574 1945 ¹ὡς
1601 1859 1768 1935 τέκνα

1881 1895 1979 1935 uos
2012 1879 2353 1950 propheticis
2376 1879 2616 1934 oraculis
2636 1879 2857 1934 edocuit
2879 1879 3176 1944 Dominus;
3210 1859 3455 1934 aitenim

193 1977 475 2044 ἀγαπητὰ,
499 1974 850 2047 χαριζόμενοι
883 1976 1117 2037 ἑαυτοῖς.
1152 1975 1333 2038 καθὼς
1363 1975 1457 2028 καὶ
1492 1976 1520 2028 ὁ
1554 1974 1687 2039 Θεὸς
1711 1976 1770 2029 ἑν

191 2065 414 2137 Χριστῷ
443 2067 739 2137 ἐχαρίσατο
768 2066 917 2136 ὑμῖν.
964 2084 983 2117 ι
1034 2065 1093 2118 '0
1127 2066 1183 2119 δὲ
1208 2068 1495 2139 προφήτης
1531 2068 1766 2137 Ἀσδιοὺ,

199 2158 330 2210 ιὊν
345 2157 545 2228 τρόπον
570 2157 898 2227 πεποίηκας,
930 2155 1082 2209 ἔσται
1109 2173 1190 2210 σοι
1214 2157 1406 2222 οὕτως·
1437 2159 1529 2212 καὶ
1554 2158 1615 2212 τὸ
1646 2162 1772 2213 ἀντ·
1816 2148 1821 2163 ’

200 2243 450 2315 απὸδομά
467 2261 562 2297 σου
597 2244 1111 2315 ἀνταποδοθήσεταί
1140 2263 1221 2300 σοι
1251 2248 1332 2310 εἰς
1350 2249 1594 2317 κεφαλήν
1614 2266 1729 2304 σου.
1745 2268 1765 2300 ι

207 2334 528 2405 Ὀφείλομεν
553 2331 647 2391 οὖν
672 2337 1021 2406 συμπάσχειν
1041 2338 1135 2391 καὶ
1156 2340 1465 2409 συγχωρεῖν
1494 2338 1768 2409 ἀλλήλοις,

195 2426 274 2479 ὅτι
304 2426 362 2480 ἓν
393 2426 554 2498 σῶμά
591 2430 761 2498 ἐσμεν
809 2431 904 2482 καὶ
949 2429 1194 2501 ἀλλήλων
1226 2430 1384 2500 μέλη,
1424 2430 1520 2484 καὶ
1554 2431 1613 2483 τὸ
1642 2431 1772 2484 αὐτὸ

198 2514 482 2585 ὀφείλομεν
531 2517 673 2588 ὑπὲρ
724 2518 971 2589 ἀλλήλων
1007 2507 1225 2589 φρονεῖν
1254 2536 1267 2548 ·
1306 2519 1631 2591 φοϐούμενοι
1674 2520 1773 2575 καὶ

198 2606 295 2677 τὴν
317 2608 483 2662 αὑτοῦ
516 2609 613 2663 τοῦ
662 2612 871 2682 Κυρίου
918 2613 1155 2681 φοῦερὰν
1204 2614 1500 2682 ἀπόφασιν,
1536 2614 1632 2668 καὶ
1664 2613 1773 2668 ἀπὸ

196 2698 425 2770 καρδίας
471 2704 924 2773 συγχωρήσωμεν
966 2704 1241 2774 ἀλλήλοις.
1291 2701 1458 2760 Εἶπεν
1493 2706 1637 2777 γὰρ,
1691 2706 1774 2760 ὅτι

196 2790 383 2856 οὕτως
416 2794 632 2864 ποιήσει
657 2795 785 2862 ὑμῖν
811 2797 840 2848 ὁ
873 2797 1064 2868 Ηατήρ
1095 2815 1194 2867 μου
1221 2798 1249 2850 ὁ
1273 2800 1542 2869 οὐράνιος,
1569 2798 1664 2853 ἐὰν
1699 2800 1791 2873 μὴ.

193 2885 372 2955 ἀφῆτε
412 2886 644 2951 ἕκαστος
689 2886 767 2959 τῷ
804 2888 1017 2960 ἀδελφῴ
1047 2890 1217 2943 αὑτοῦ
1242 2889 1352 2945 ἀπὸ
1385 2892 1497 2945 τῶν
1537 2895 1774 2965 καρδιῶν

192 2974 352 3045 ὑμῶν
381 2977 449 3030 τά
476 2979 905 3051 παραπτώματα
936 2981 1134 3048 αὐτῶν.
1172 2999 1191 3033 ι
1233 2982 1398 3035 Δοῦλε
1423 2984 1552 3054 γάρ,
1585 2986 1771 3054 φησὶν,

200 3070 426 3139 πονηρὲ,
448 3073 626 3123 πᾶσαν
654 3074 755 3141 τὴν
788 3074 1009 3145 ὀφειλὴν
1038 3076 1253 3147 ἐκείνην
1287 3077 1474 3146 ἀφῆκά
1505 3093 1618 3143 σοι,
1649 3079 1775 3131 ἐπεὶ

195 3161 586 3226 παρεκάλεσάς
631 3179 722 3231 με,
748 3163 855 3215 οὐκ
887 3163 994 3217 ἔδει
1035 3166 1130 3218 καὶ
1174 3166 1254 3229 σὲ,
1284 3166 1505 3238 ἐλεῆσαι
1534 3167 1623 3221 τὸν
1652 3168 1775 3220 σύν-

191 3220 384 3303 δουλόν
418 3268 533 3318 σου,
672 3220 827 3323 κάγώ
853 3273 911 3309 σε
939 3257 1175 3328 ὴλέησα;
1204 3220 1297 3311 καὶ
1327 3220 1604 3330 ὀργισθεὶς
1636 3277 1775 3331 παρ·
1806 3220 1848 3277 C

196 3340 401 3397 ἀδωκεν
443 3345 604 3398 αὑτὸν
655 3349 767 3410 τοῖς
817 3349 1190 3418 βασανισταῖς,
1220 3349 1325 3413 ἕως
1362 3346 1423 3405 οὗ
1453 3351 1635 3421 ἀποδῷ
1667 3353 1774 3405 πᾶν

194 3433 258 3485 τὸ
298 3433 672 3505 ὀφειλόμενον.
724 3455 743 3488 ι
799 3440 911 3492 Καὶ
954 3439 1030 3510 τῷ
1070 3442 1259 3512 Πέτρῳ
1306 3442 1362 3494 δὲ
1410 3444 1773 3514 ὲρωτήσαντι,

201 3542 224 3576 ι
267 3526 506 3589 Ποσάκις
531 3529 726 3599 ἀφήσω
752 3529 830 3600 τῷ
857 3531 1071 3602 ἀδελφῷ
1100 3550 1199 3602 μου
1227 3534 1325 3586 ἐὰν
1351 3535 1663 3605 ἁμαρτήσει
1697 3538 1773 3600 εἰς

195 3617 336 3688 ὶμές
370 3618 476 3683 ἕως
540 3620 814 3689 ἑπτάκιςς
862 3642 880 3674 ι
911 3624 1246 3695 ἁπεκρίνατο
1279 3627 1427 3698 αὐτῷ
1475 3629 1503 3681 ὁ
1547 3627 1773 3698 Κύριος,

205 3727 227 3761 ο
270 3711 346 3763 οὐ
377 3710 522 3779 λέγω
564 3731 647 3767 σοι
687 3700 795 3778 ’ἕως
845 3716 1095 3779 ἑπτάκις,
1136 3718 1251 3771 ἀλλ’
1291 3719 1395 3782 ἕως
1438 3720 1775 3791 ἑϐδομηκον-

196 3801 358 3864 τάκις
385 3804 546 3859 ἑπτά.
589 3823 609 3856 ι
641 3807 741 3859 Διὰ
778 3807 936 3861 τοῦτο
971 3810 1242 3877 ὲπάγει,-ι
1284 3810 1504 3878 Ἀφετε,
1541 3811 1637 3864 καὶ
1675 3814 1778 3879 ἁφ-

197 3893 457 3965 εθήσεται
487 3898 634 3967 ὑμῖν.
665 3918 685 3950 ›
725 3901 835 3952 Καὶ
880 3903 975 3955 ἐὰν
1012 3904 1323 3974 ἁμαρτήσει
1356 3906 1435 3965 ei;
1476 3904 1532 3956 σὲ
1565 3907 1593 3957 ὀ
1619 3903 1774 3958 ἀδελ-

198 3986 315 4055 φός⁸
358 4003 476 4052 σου,
527 3988 852 4062 ἐπιτίμησον
892 3993 1061 4063 αὐτῷ.
1116 3995 1224 4047 Καὶ
1275 3995 1369 4048 ἐὰν
1423 3995 1772 4064 μετανοήσει,

194 4078 338 4145 ἄφες
361 4079 531 4150 αὐτῷ’
559 4084 653 4135 καὶ
679 4082 777 4136 ἐὰν
815 4084 1049 4149 ἑπτάκις
1091 4087 1187 4155 τῆς
1226 4087 1436 4156 ἡμέρας
1462 4087 1775 4158 ἁμαρτήσει

194 4171 282 4232 εἰς
322 4171 402 4237 σὲ,
436 4175 528 4225 καὶ
558 4174 788 4238 ἑπτάκις
820 4177 918 4246 τῆς
948 4177 1160 4247 ἡμέρας
1185 4174 1488 4249 ἐπιστρέψῃ
1521 4178 1657 4249 πρὸς
1694 4179 1774 4242 σὲ,

193 4260 401 4329 λέγων,
434 4265 718 4331 Μετανοῶ,
761 4268 897 4334 ἄφες
945 4269 1113 4339 αὐτῷ.
1156 4269 1372 4340 Adtigit;
1409 4268 1536 4334 δόξα
1574 4269 1654 4339 τῷ
1685 4270 1776 4322 sti-

196 4355 499 4427 σπλάγχνῳ
527 4361 624 4412 καὶ
648 4360 1015 4432 φιλανθρώπῳ
1046 4360 1290 4433 Χριστῷ,
1325 4364 1403 4424 εἰς
1427 4361 1555 4423 τοὺς
1577 4360 1778 4423 αἰῶνας

194 4444 312 4497 τῶν
348 4447 582 4504 αἰώνων.
632 4450 826 4522 Ἀμήν.

1878 1970 2168 2026 Zacharias
2222 1988 2236 2025 :
2287 1989 2306 2022 ι
2358 1970 2633 2026 Iudicium
2664 1972 2875 2043 justum
2918 1969 3196 2043 iudicate,
3235 1970 3456 2025 miseri-

1878 2064 2122 2121 cordiam
2155 2073 2211 2119 et
2240 2064 2653 2119 miserationem
2700 2064 2863 2120 facite
2906 2065 3287 2135 unusquisque
3327 2080 3452 2119 cum

1876 2144 2129 2226 praximo
2171 2172 2272 2212 suo
2313 2157 2380 2210 ".
2421 2173 2440 2208 ι
2474 2154 2581 2210 Sed
2616 2165 2671 2211 et
2718 2155 2922 2211 Paulus
2961 2173 2972 2209 :
3014 2175 3030 2207 ι
3072 2156 3259 2211 Estote
3290 2156 3457 2227 igitur

1879 2248 2112 2303 invicem
2144 2247 2386 2319 benigni,
2417 2247 2839 2313 misericordes,
2876 2247 3182 2302 imitatores
3222 2248 3338 2313 Dei,
3375 2249 3453 2303 si-

1881 2348 1973 2394 eut
1999 2339 2095 2394 lilii
2126 2338 2456 2403 eharissimi,
2490 2338 2761 2393 donantes
2788 2337 3196 2407 vobismetipsis
3228 2338 3369 2393 sicut
3399 2352 3456 2393 et

1880 2433 2026 2488 Deus
2073 2431 2295 2488 donarit
2341 2430 2497 2485 vobis
2540 2429 2604 2484 ⁸³.
2648 2449 2665 2481 ι
2713 2428 2921 2484 Abdias
2964 2428 3095 2482 item
3140 2427 3405 2498 propheta
3436 2446 3453 2481 :

1890 2545 1908 2576 ι
1947 2523 2421 2592 Quemadmodum
2454 2519 2666 2591 1135
2708 2519 2911 2585 fecisti,
2936 2518 3029 2573 ﬂet
3050 2519 3182 2585 tibi;
3212 2519 3456 2574 retribu-

1883 2616 1959 2670 tio
2002 2624 2093 2669 tua
2134 2615 2472 2668 retribuetur
2504 2612 2559 2667 in
2590 2620 2757 2681 caput
2798 2618 2954 2665 tuum
3001 2611 3067 2664 ”.
3117 2630 3137 2661 ι
3183 2610 3461 2667 Debemus

1884 2719 2011 2760 sane
2053 2704 2244 2759 alienis
2280 2703 2622 2758 indolescere
2658 2703 2841 2766 malis,
2875 2717 2978 2756 nec
3013 2702 3288 2773 gravatim
3339 2717 3465 2755 mu-

1883 2806 2006 2852 tuas
2035 2798 2240 2852 donare
2283 2796 2552 2862 offensas;
2605 2791 2794 2849 sumus
2842 2793 2989 2849 enim
3026 2809 3195 2848 unum
3226 2809 3460 2864 corpus,

1881 2899 1939 2945 et
1973 2889 2130 2944 alteri
2178 2888 2414 2942 aliorum
2463 2885 2732 2941 membra.
2791 2885 3065 2940 Debemus
3117 2885 3343 2956 insuper
3375 2885 3463 2941 id—

1884 2982 2061 3055 ipsum
2104 2983 2247 3037 inter
2271 2997 2371 3035 nos
2407 2988 2571 3050 atque
2625 2978 2769 3035 idem
2802 2993 2997 3048 sapere
3031 2995 3045 3032 :
3075 2979 3309 3048 perculsi
3345 2986 3463 3033 ter.

1868 3084 2007 3128 rore
2039 3072 2402 3128 formidabilis
2445 3072 2732 3125 sententiae
2754 3070 2993 3136 Domini,
3026 3084 3094 3124 ex
3121 3070 3285 3125 corde
3316 3072 3427 3124 invi

1883 3182 2000 3219 cem
2037 3166 2384 3219 remittamus
2418 3163 2673 3219 offensas.
2710 3165 2858 3219 Dixit
2894 3164 3064 3230 enim,
3103 3165 3229 3234 quia
3277 3165 3356 3219 sic
3384 3163 3463 3218 fa-

1884 3257 1992 3311 ciet
2017 3258 2303 3313 vobiscum
2336 3256 2497 3310 Pater
2524 3270 2679 3310 meus
2708 3257 2970 3318 coelestis.
3000 3256 3042 3310 si
3088 3271 3199 3311 non
3234 3252 3461 3311 dimise-

1883 3352 2007 3406 ritis
2058 3349 2434 3420 unusquisque
2492 3348 2649 3402 fratri
2706 3353 2818 3402 suo‘
2852 3346 2919 3401 de
2967 3346 3229 3402 cordibus
3264 3349 3463 3403 vestris

1881 3454 2107 3514 peccata
2138 3443 2403 3512 ipsorum.
2446 3460 2463 3493 ι
2498 3440 2684 3505 Serve,
2717 3441 2813 3505 ait,
2848 3455 3107 3510 nequam,
3138 3455 3299 3493 omne
3325 3439 3462 3495 illud

1883 3533 2129 3590 debitum
2164 3531 2347 3587 dimisi
2374 3528 2494 3596 tibi,
2528 3530 2651 3599 quia
2692 3530 2895 3600 rogasti
2925 3545 3048 3595 me;
3080 3544 3263 3583 nonne
3302 3545 3465 3599 opor-

1886 3627 2039 3681 tebat
2067 3632 2124 3680 et
2171 3632 2223 3679 te
2254 3622 2500 3677 misereri
2533 3637 2803 3676 conservo
2831 3629 2946 3685 tuo,
2970 3621 3126 3675 sicut
3148 3630 3204 3674 et
3240 3636 3341 3691 ego
3385 3621 3463 3675 tui

1881 3723 2143 3776 misertus
2184 3736 2304 3773 sum
2341 3738 2354 3772 :
2391 3729 2447 3773 et
2497 3719 2670 3772 iratus
2700 3717 2929 3771 tradidit
2981 3730 3106 3771 eum
3141 3716 3461 3780 tortoribus.

1882 3828 2169 3886 quousque
2198 3811 2453 3865 redderet
2481 3825 2643 3864 omne
2684 3808 2931 3863 debitum
2962 3808 3027 3887 εξ.
3066 3827 3085 3857 ι
3116 3806 3257 3872 Quin
3300 3807 3465 3861 Petro

1882 3902 2094 3973 roganti
2125 3919 2137 3953 :
2182 3919 2198 3949 ι
2236 3900 2464 3964 Quoties
2510 3897 2784 3950 dimittam
2818 3895 2974 3949 fratri
3012 3908 3163 3957 meo,
3193 3894 3236 3945 si
3270 3906 3465 3961 pecca-

1879 3994 2023 4050 verit
2045 3995 2099 4048 in
2132 3993 2253 4048 mc?
2293 4006 2463 4060 usque
2492 3989 2733 4060 septies?
2764 3986 3109 4057 ilicspondit
3146 3983 3411 4039 Dominus
3447 4000 3462 4035 :

1891 4101 1910 4133 ι
1972 4082 2091 4138 Non
2126 4083 2248 4136 dico
2278 4096 2451 4149 usque
2503 4079 2727 4148 septies,
2779 4077 2871 4132 sed
2937 4091 3108 4145 usque
3154 4073 3468 4145 septuagies

1883 4174 2136 4244 septies“:
2177 4193 2194 4225 ›
2238 4188 2413 4241 eoque
2441 4170 2676 4240 subjecit
2718 4186 2730 4221 :
2775 4189 2793 4218 ι
2837 4166 3101 4221 Dimittite
3136 4174 3192 4218 et
3226 4163 3470 4217 dimitte-

1884 4274 1976 4321 tur
2001 4265 2160 4320 vobis
2193 4265 2257 4318 ".
2292 4285 2309 4315 ι
2341 4261 2500 4329 Quod
2531 4262 2576 4316 si
2610 4260 2915 4331 peccaverit
2941 4260 2995 4313 in
3037 4266 3089 4312 te
3120 4256 3289 4311 frater
3316 4262 3465 4313 tuus,

1886 4359 2102 4429 corripe
2155 4342 2315 4422 eum;
2369 4355 2416 4411 si
2460 4354 2760 4424 resipuerit
2796 4368 2891 4423 per
2925 4348 3329 4421 pmnitentiam.
3380 4346 3469 4401 di-

1886 4453 2043 4505 mitte
2074 4450 2145 4513 ei,
2182 4450 2227 4503 si
2258 4449 2463 4518 septies
2514 4448 2814 4502 etiamnum
2852 4446 2907 4499 in
2952 4443 3041 4511 die
3083 4442 3149 4498 ad
3189 4449 3244 4497 te
3285 4453 3471 4495 rever-

200 4550 300 4593 sus
346 4538 536 4605 fuerit,
596 4541 946 4599 dicens:Me
1018 4542 1528 4613 pmnitet;dimitte
1579 4542 1657 4596 ei.
1684 4541 1858 4597 Deum
1899 4551 2148 4598 nostrum
2202 4540 2435 4594 addecet
2503 4537 2670 4608 gloria
2736 4538 2788 4591 in
2851 4535 3050 4591 sat-cuia
3115 4533 3460 4588 saeculorum.

191 4628 397 4685 Amen.

796 4747 1013 4801 ΛΟΓΟΣ
1070 4748 1187 4802 08'.

275 4859 415 4936 Περὶ
468 4858 576 4913 τοῦ
617 4860 898 4942 εὔχεσθαι
932 4859 1083 4983 ιέπεξρ
1126 4862 1436 4931 ἀλλήλων,
1465 4863 1562 4930 goat
1584 4863 1710 4916 ,τῶν

867 4947 931 4983 εγ
975 4950 1117 4983 οων.
1250 4980 1261 4983 -

867 4947 1117 5001 exc/pair.

277 5042 479 5104 Καλὸν.
510 5043 807 5129 ἀγαπητοὶ,
825 5045 887 5098 τὸ
909 5044 998 5098 διὰ
1030 5045 1223 5099 πασῶν
1249 5046 1456 5102 ὁδεύειν
1498 5046 1607 5100 τῶν
1636 5048 1782 5108 ἐντοπ-

2407 4740 2690 4799 llOMlLlA
2722 4739 2933 4796 LXX".

1874 4858 2037 4923 Quod
2056 4875 2164 4929 pro
2189 4859 2407 4913 invicem
2428 4856 2691 4911 orandum
2716 4855 2811 4921 sit,
2837 4862 2888 4909 et
2913 4852 3202 4924 quamlibet
3220 4854 3465 4911 inimicis.

1956 5036 2225 5105 Praeclare
2260 5048 2553 5104 nobiscum
2593 5054 2810 5117 agetur,
2833 5045 3054 5125 fratres,
3080 5045 3126 5101 si
3161 5061 3257 5114 per
3284 5045 3462 5102 omnia

194 5132 309 5185 λῶν
342 5132 436 5186 τοῦ
467 5134 725 5204 Χριστοῶ
777 5135 965 5204 ἐπειδὴ
999 5137 1162 5207 ἑτέρα
1206 5137 1307 5207 τῆς
1357 5140 1551 5209 ἑτέρας
1602 5140 1774 5211 ἔχεται

1881 5141 2261 5211 ingrediemur
2292 5139 2361 5194 ad
2391 5140 2768 5210 praescriptam
2814 5139 2978 5193 nobis
3012 5153 3043 5191 a
3085 5136 3308 5193 Christo
3352 5136 3470 5192 for—

193 5223 276 5287 ὼς
302 5225 404 5285 ,ἐπὶ
433 5224 653 5288 ἁλύσιος
681 5225 911 5296 χρυσῆς.
948 5244 966 5277 ι
1014 5226 1208 5280 [Iterat
1242 5229 1354 5299 γὰρ
1407 5230 1579 5283 πᾶσαι
1619 5232 1676 5283 αἱ
1701 5232 1786 5285 ὲν-

1876 5234 2091 5291 .mulam
2138 5236 2572 5288 mandatorum:
2609 5230 3059 5302 quandoquidem
3103 5232 3184 5285 sic
3236 5229 3468 5286 alterum

192 5316 359 5369 στολαὶ
388 5316 579 5382 αὑτοῦ,
612 5317 1009 5389 ὲστηριγμέναι
1056 5321 1140 5383 είς
1179 5320 1271 5373 τὸν
1304 5322 1479 5376 αἰῶνα
1513 5322 1608 5376 τοῦ
1653 5323 1774 5377 αἰῶ-

1888 5328 2047 5383 alteri
2074 5326 2398 5383 cobaerescit
2438 5334 2498 5381 et
2531 5326 2853 5384 innectitur.
2886 5325 3045 5395 quasi
3074 5323 3262 5379 annuli
3289 5337 3473 5377 aurea:

194 5428 313 5475 νος.
351 5430 372 5462 ι
406 5415 494 5465 Δεῖ
521 5411 615 5468 οὖν
642 5413 735 5467 τὸν
768 5414 1039 5481 ἀληθινῶς
1078 5414 1300 5487 θέλοντα
1336 5417 1673 5488 μαθητεῦσαι
1709 5419 1774 5488 τιῖ

1889 5418 2195 5490 cuiuspiam
2221 5418 2494 5475 catenulze
2530 5415 2774 5472 conserti
2806 5417 2951 5471 inter
3002 5430 3063 5471 se
3106 5424 3164 5471 et
3210 5413 3470 5484 implexi:

196 5502 451 5572 Χριστῷ,
495 5502 592 5556 καὶ
633 5504 989 5574 ἐκκαιόμενον
1024 5504 1108 5575 τῷ
1150 5508 1288 5575 πυρὶ
1320 5509 1421 5578 τῆς
1453 5509 1774 5578 ἀγαπήσεως

1895 5529 1915 5562 ι
1941 5511 2152 5567 Fidelia
2200 5511 2349 5567 enim
2386 5509 2573 5564 omnia
2615 5509 2870 5565 mandata
2912 5509 3033 5577 ejus
3062 5508 3389 5564 confirmata
3417 5506 3471 5565 in

194 5592 375 5647 αὐτοῦ
427 5593 698 5666 μηδεμίαν
754 5597 1046 5667 παρελθεῖν
1100 5598 1325 5669 ἐντολὴν
1383 5599 1569 5665 αὑτοῦ,
1613 5602 1774 5654 είκαῖ

1892 5604 2153 5661 saeculum
2196 5602 2382 5659 saeculi
2411 5604 2477 5657 ⁸³.
2526 5620 2549 5657 ι
2585 5602 2822 5660 Prorsus
2861 5616 3083 5657 necesse
3116 5598 3186 5656 sit
3217 5613 3347 5654 cum
3378 5599 3470 5667 (μή

276 5732 805 5815 “_I:uc._.xt_t_tu._5i._
854 5736 898 5766 ’³
923 5735 1055 5791 Luc.
1093 5753 1166 5798 nt.
1203 5740 1291 5793 55.
1402 5742 1444 5774 ’⁷
1482 5740 1645 5795 Zach.
1688 5758 1780 5808 vn,
1811 5740 1866 5797 ο.
1982 5739 2029 5776 ⁸⁸
2059 5743 2259 5815 Ephes.
2287 5757 2358 5810 tv,
2383 5742 2474 5799 3‘2.
2576 5740 2623 5775 ”
2648 5741 2789 5797 ΑΜ.
2832 5742 2917 5796 15.

193 5803 409 5870 32,35.
488 5804 700 5859 “ibid.
782 5813 1383 5885 2|.22,55“Psal.cx,8.

451 5897 721 5956 ΡΑτιιοι.
767 5898 882 5959 (in.
931 5900 1281 5960 LXXXlX.
1639 5980 1649 5986 _
3079 5901 3151 5965 52

3030 5739 3075 5772 '°
3099 5740 3291 5795 Matth.
3321 5754 3468 5807 mu,
