3944 6412
303 320 445 386 1653

909 465 1128 520 ΛΟΓΟΣ
1166 465 1286 520 OE'.

773 579 910 648 Περὶ
949 579 1410 650 δικαιοκρισίας.

377 694 440 751 οι
469 692 785 766 βουλόμενοι
825 694 1049 760 δικαίως
1089 696 1319 767 κρίνειν.
1350 695 1568 768 πρῶτον
1594 697 1695 770 μὲν
1725 697 1885 770 αἰτή-

304 805 492 842 σονται
523 787 674 858 παρὰ
700 786 795 840 τοῦ
824 786 960 840 Θεοῦ
999 788 1192 856 σοφίαν
1222 790 1316 842 καὶ
1343 789 1578 856 σύνεσιν,
1619 789 1762 844 κατὰ
1792 789 1884 844 τὸν

305 879 653 949 Σολομῶντα,
697 879 903 950 ταύτην
952 879 1120 949 μόνην
1151 880 1246 934 καὶ
1275 879 1498 952 πρώτην
1526 869 1742 951 αἴτησιν
1775 898 1883 934 πα-

311 971 692 1042 ρακαλέσαντα
722 970 946 1040 δοθῆναι
979 971 1146 1042 αὐτῷ,
1185 972 1282 1025 καὶ
1323 972 1383 1024 οὐ
1419 972 1580 1042 μόνον
1627 972 1885 1036 λαϐόντος

301 1065 408 1133 τὴν
441 1063 623 1134 χάριν,
673 1063 809 1116 ἀλλὰ
842 1062 937 1115 καὶ
971 1063 1347 1126 ὲπαινεθέντος
1394 1065 1543 1134 παρὰ
1579 1063 1714 1118 Θεοῦ
1743 1105 1757 1124 ,
1807 1065 1883 1128 ὡς

303 1156 495 1218 καλῶς·
523 1156 867 1225 αἰτήσαντος.
906 1156 1138 1208 Ἔπειτα
1167 1156 1346 1208 δὲ’καλ
1376 1155 1464 1207 τὸν
1500 1153 1642 1208 οἶνον
1682 1173 1884 1226 παραι-

302 1249 583 1318 τήσονται.
614 1247 751 1317 Φησὶ
803 1246 912 1319 γὰρ
959 1249 992 1318 ή
1035 1247 1160 1299 θεία
1209 1246 1397 1317 Γραφὴ
1423 1287 1437 1304 .
1478 1265 1494 1297 ι
1539 1249 1756 1316 ’Λνοιγε
1793 1249 1885 1302 σὸν

305 1340 482 1407 στόμα
539 1338 682 1407 λόγῳ
716 1338 885 1402 Θεοῦ,
917 1338 1012 1391 καὶ
1053 1340 1205 1406 κρῖνε
1255 1338 1432 1390 πάντα
1481 1337 1672 1406 ὑγιῶς.
1728 1359 1746 1390 ι
1777 1340 1885 1392 Καὶ

302 1427 481 1492 αὖθιςο
522 1447 538 1479 ι
577 1433 637 1482 0i
685 1429 942 1483 δυνάσται
992 1429 1263 1499 Θυμώδεις
1293 1429 1446 1494 εἰσὶν,
1483 1425 1625 1482 οἶνον
1669 1431 1743 1501 μὴ
1793 1449 1885 1484 πι-

301 1519 566 1580 νέτωσαν,
602 1506 688 1572 ἵνα
721 1517 798 1589 μὴ
833 1517 1199 1572 ἐπιλάθωνται
1230 1517 1332 1587 τῆς
1366 1518 1555 1586 σοφίας
1576 1557 1591 1579 ,
1623 1521 1716 1571 καὶ
1748 1519 1885 1590 ὀρθὰ

300 1614 488 1680 κρῖναι
527 1610 590 1664 οὐ
633 1610 897 1663 δύνωνται
935 1612 1049 1675 τοῖς
1077 1609 1377 1666 ἀσθενέσιν.
1413 1627 1431 1660 ι
1468 1610 1578 1662 Kal.
1625 1611 1752 1663 ὅταν
1801 1627 1882 1674 τις

299 1703 468 1758 λῦσαι
489 1703 635 1756 θέλει
673 1705 905 1774 πρᾶγμα
941 1702 1454 1772 συμπεπλεγμένον,
1486 1701 1714 1773 ζητῄσει
1753 1702 1883 1775 περὶ

1208 323 1537 388 HOMILIA
1579 325 1804 386 LXXV.
1836 350 1905 362 -
1944 325 2043 385 ΒΕ
2081 326 2315 386 IUSTO
2352 329 2679 390 JUDlCIO.

1909 446 1956 503 Α

2510 464 2800 522 HOMILIA
2832 467 3044 523 LXXV.

2527 580 2602 634 De
2615 583 2761 654 justo
2776 584 3000 654 judicio.

2054 691 2159 758 Qui
2214 691 2604 746 rectitudinem
2637 708 2862 749 scrvare
2907 693 3143 764 cupiunt
3180 693 3402 766 judicii,
3453 695 3569 765 prio

1985 799 2135 839 mum
2171 783 2396 854 quidem
2435 785 2717 855 postulent
2745 802 2773 841 a
2818 788 2952 851 Deo,
2983 787 3091 842 sibi
3132 787 3426 858 praerogari
3483 803 3569 842 sa-

1985 875 2250 947 pientiam
2293 883 2460 946 atque
2514 877 2880 941 intellectum,
2915 878 3226 934 Salomonis
3251 881 3566 950 exemplum

1986 968 2201 1024 secuti:
2253 967 2394 1022 hanc
2433 969 2639 1039 quippe
2687 985 2873 1033 unam,
2902 980 2958 1026 et
2991 972 3243 1041 primam,
3287 981 3344 1028 et
3394 973 3570 1028 solani

1985 1060 2420 1129 postulationem
2475 1061 2594 1115 dari
2649 1063 2754 1117 sibi
2791 1064 3122 1118 obsecravit.
3162 1065 3352 1136 Neque
3385 1074 3568 1120 tamen

1986 1151 2158 1204 solam
2194 1151 2336 1207 hanc
2366 1153 2578 1223 accepit
2608 1155 2858 1223 gratiam,
2892 1155 2987 1210 sed
3039 1165 3095 1212 et
3153 1158 3245 1212 Dei
3288 1160 3570 1227 prmconio

1985 1241 2295 1308 promeruit
2325 1243 2560 1307 laudari,
2600 1245 2747 1314 quod
2791 1256 2935 1301 recte
2969 1248 3326 1316 postulasset.
3357 1249 3568 1304 Deinde

1985 1333 2175 1387 vinum
2216 1333 2393 1389 vitent
2434 1353 2448 1389 :
2499 1337 2578 1391 ait
2628 1338 2778 1391 enim
2824 1337 3111 1408 Scriptura
3160 1359 3172 1394 :
3236 1359 3255 1390 ι
3296 1340 3462 1409 Aperi
3507 1357 3571 1395 os

1986 1431 2143 1477 tuum
2177 1425 2420 1482 sermoni
2474 1425 2592 1487 Dei,
2627 1435 2685 1481 et
2741 1436 2891 1482 recte
2929 1436 3130 1485 cuncta
3167 1429 3405 1485 decerne
3435 1430 3502 1483 ".
3543 1449 3560 1480 ι

1986 1515 2200 1572 Rursus
2246 1535 2260 1571 :
2319 1537 2338 1568 ι
2382 1518 2644 1573 Potentes
2698 1517 2859 1574 facile
2907 1520 3328 1584 incandescunt,
3377 1522 3568 1576 vinum

1975 1606 2172 1678 itaque
2212 1625 2279 1664 ne
2330 1610 2546 1676 bibant,
2579 1625 2649 1666 ne
2694 1611 3094 1668 obliviscantur
3132 1613 3439 1683 sapientiae,
3497 1631 3570 1670 ne

1986 1710 2136 1756 recte
2161 1703 2414 1773 judicare
2471 1704 2689 1773 possint
2721 1703 2775 1757 in
2823 1719 2989 1759 causa
3032 1704 3299 1760 debilium
3333 1707 3399 1760 ⁸⁵.
3435 1726 3454 1758 ι
3510 1706 3570 1762 Si

297 1796 494 1860 αὐτοῦ,
524 1795 740 1866 πρῶτον
769 1795 821 1848 τί
858 1794 937 1865 τῷ
963 1794 1085 1864 Θεῷ
1116 1793 1361 1864 ἀρέσκει,
1397 1795 1490 1855 καὶ
1520 1793 1752 1866 εὑρίσκῃ
1784 1795 1880 1849 αύ-

1987 1796 2203 1865 quando
2235 1796 2367 1866 quid
2395 1797 2715 1866 perplexum
2740 1805 2796 1852 et
2818 1798 3093 1868 explicatu
3125 1799 3345 1854 difficile
3371 1816 3570 1855 occur-

296 1889 400 1942 τοῦ
431 1891 530 1959 τὴν
560 1889 715 1942 λύσιν
743 1888 1021 1958 ὲπωφελῆ.
1063 1887 1287 1958 Πρῶτος
1325 1887 1353 1939 ὁ
1388 1887 1552 1956 νόμος
1577 1887 1883 1942 ἐντέλλεται

297 1980 510 2047 λέγων,
556 1999 574 2031 ι
631 1980 705 2031 υύ
746 1979 998 2049 ποιήσετε
1049 1979 1232 2032 ἄδικον
1286 1980 1342 2030 ὲν
1402 1977 1582 2048 κρίσει
1612 1991 1625 2004 ·
1677 1979 1771 2032 καὶ
1821 1980 1882 2032 οὐ

299 2073 655 2146 προστεθήσῃ
707 2072 848 2143 μετὰ
888 2071 1126 2142 πλήθους
1161 2071 1656 2142 ὲκκλῖναικρίσεις.
1689 2091 1708 2126 ι
1749 2073 1880 2140 Καὶ,

309 2184 328 2217 ι
373 2165 733 2235 Πένηταοοὺκ
775 2164 1020 2234 ὲλεήσεις
1066 2165 1124 2216 ἐν
1165 2164 1342 2234 κρίσει
1389 2165 1484 2217 καὶ
1522 2165 1583 2218 ού
1628 2164 1883 2239 διαστρέ-

293 2260 422 2328 ψεις
463 2258 644 2328 κρίσιν
679 2259 934 2328 πένητος·
987 2259 1048 2310 οὐ
1101 2257 1244 2328 λήψῃ
1298 2259 1592 2328 πρόσωπον
1631 2259 1880 2330 πτωχοῦ,

296 2351 426 2405 οὐδὲ
460 2351 763 2419 θαυμάσεις
808 2351 1098 2420 πρόσωπον
1129 2350 1413 2402 δυνάστου·
1455 2353 1516 2403 ὲν
1561 2350 1878 2423 δικαιοσύνῃ

299 2441 507 2514 κρῐνεῖς
538 2444 630 2495 τὸν
651 2441 878 2509 πλησίον
913 2460 1022 2496 σου.
1067 2461 1085 2494 ι
1119 2445 1246 2507 Kal,
1289 2462 1306 2492 ι
1341 2444 1403 2495 Ol
1436 2443 1620 2514 κριταί
1650 2460 1744 2497 σου
1767 2445 1887 2516 κρί-

307 2537 646 2590 σιν-δικαίαν
679 2536 978 2606 κρινοῦσιν,
1014 2537 1105 2588 καὶ
1139 2536 1239 2588 ούκ
1271 2534 1666 2604 ἐπιγνώσονται
1714 2538 1885 2609 πρόσ-

305 2646 475 2690 ωπον,
516 2629 577 2680 ού
622 2628 884 2696 λήψονται
923 2628 1092 2698 δῶρα.
1126 2627 1207 2680 Τὰ
1250 2629 1358 2698 γὰρ
1387 2629 1536 2700 δῶρα
1565 2630 1768 2702 ἐξαίρει
1799 2627 1886 2686 λό-

301 2736 434 2787 γους
461 2719 710 2774 δικαίων.
754 2737 772 2768 ι
805 2719 914 2770 Kal.
957 2718 1165 2779 δίκαιος
1195 2717 1256 2770 τὸ
1291 2717 1501 2772 δίκαιον
1535 2719 1739 2787 διώξει,
1775 2723 1886 2775 Kal.

297 2814 332 2866 6
366 2812 655 2883 Ἱερεμίας,
689 2830 708 2862 r
748 2812 1025 2882 Ποιήσατε
1051 2814 1228 2882 κρῖμα
1259 2813 1353 2864 καὶ
1387 2811 1760 2884 δικαιοσύνην,
1789 2815 1886 2870 καὶ

297 2907 606 2976 ἑξαιρείσθε
635 2906 1044 2976 διηρπασμένον
1078 2905 1142 2957 ὲκ
1166 2904 1346 2976 χειρὸς
1377 2904 1740 2970 ἀδικοῦντος.»
1777 2909 1887 2962 Καὶ

1986 1887 2140 1952 rerit,
2162 1888 2308 1958 quod
2339 1890 2530 1958 cupies
2559 1889 2884 1954 dissolvere,
2913 1907 2943 1943 a
2971 1891 3082 1945 Deo
3102 1907 3288 1961 quaere
3327 1893 3568 1962 primum

1985 1979 2120 2050 quid
2177 1979 2257 2034 illi
2309 1990 2598 2050 acceptum
2644 1981 2715 2036 sit
2759 1989 2816 2036 et
2862 1982 3205 2052 gratiosum:
3270 1999 3398 2038 mox
3449 1986 3570 2056 ejus

1985 2071 2314 2126 solutionem
2352 2073 2676 2128 nanciscerc
2717 2075 3128 2129 accommodam
3157 2091 3220 2130 ac
3251 2076 3564 2146 perutilem.

1986 2163 2055 2218 Et
2083 2164 2308 2234 quidem
2365 2165 2626 2235 primaria
2677 2166 2764 2220 lex
2797 2167 2978 2236 jubet,
3009 2168 3201 2223 dicens
3236 2186 3250 2223 :
3295 2187 3312 2220 ι
3341 2169 3460 2223 Νοη
3488 2169 3569 2224 fa-

1987 2257 2098 2311 cies
2119 2257 2266 2327 quod
2308 2256 2574 2329 injustam
2601 2269 2684 2314 est
2713 2259 2770 2313 in
2808 2260 3040 2330 judicio,
3080 2277 3186 2316 nec
3226 2261 3452 2332 adjicies
3507 2272 3572 2316 ut

1987 2365 2112 2404 cum
2141 2350 2497 2404 multitudine
2533 2351 2778 2407 declines
2801 2353 3074 2420 judicium
3110 2354 3176 2406 ".
3219 2374 3238 2405 ι
3267 2355 3362 2409 Et:
3405 2373 3422 2405 ε
3448 2354 3570 2409 Non

1987 2451 2272 2514 pervertes
2298 2444 2569 2515 judicium
2615 2447 2900 2514 pauperis,
2937 2462 3048 2501 non
3087 2447 3330 2517 accipies
3380 2463 3572 2517 perso-

1987 2552 2114 2591 nam
2166 2537 2448 2606 pauperis,
2501 2552 2604 2591 ncc
2657 2539 3004 2593 revereberis
3047 2540 3262 2593 vultum
3303 2540 3567 2610 potentis.

1987 2625 2050 2680 In
2097 2627 2315 2696 justitia
2361 2627 2636 2697 judicabis
2691 2629 3002 2697 proximum
3051 2637 3204 2684 tuum
3259 2630 3326 2686 θ’.
3384 2649 3403 2681 ι
3459 2629 3568 2684 Ειτ

1988 2736 2014 2770 ι
2051 2718 2276 2773 Judices
2310 2719 2389 2774 tui
2433 2718 2708 2789 judicium
2737 2721 2947 2791 justum
2991 2721 3346 2792 judicabunt,
3388 2738 3570 2791 neque

1987 2819 2290 2883 agnoscent
2308 2827 2624 2883 personam,
2649 2828 2760 2867 non
2778 2813 3050 2883 accipient
3077 2829 3340 2878 munera;
3366 2813 3571 2867 ctenim

1988 2919 2222 2957 munera
2256 2903 2516 2958 auferunt
2545 2905 2711 2958 verba
2738 2906 3018 2976 justorum
3052 2905 3118 2960 ⁸⁸.
3151 2925 3170 2958 ι
3207 2905 3397 2960 Justus
3423 2905 3580 2975 quod

294 3001 480 3064 ἄλλος,
516 3000 573 3051 ὲν
603 2998 806 3063 ἄλλοις,
843 2999 939 3061 Ὃς
965 2997 1172 3051 δίκαιον
1202 2997 1396 3068 κρίνει,
1417 2997 1508 3051 τὸν
1543 2999 1744 3054 ἄδικον·
1773 3001 1882 3055 66t-

1987 2995 2196 3065 justum
2255 3004 2340 3050 est
2389 2996 2766 3066 persequitur.
2822 2997 2889 3051 Et
2939 2997 3253 3052 Jeremias:
3323 3014 3343 3048 ι
3387 2997 3573 3052 Facite

295 3107 401 3144 κον
429 3090 507 3153 δὲ,
550 3087 642 3142 τὸν
674 3088 904 3152 δίκαιον,
935 3086 1032 3140 καὶ
1075 3088 1380 3156 ἀμφότεροι
1423 3074 1702 3158 βδελυκτοὶ
1733 3091 1882 3161 παρὰ

1987 3085 2259 3156 judicium
2294 3094 2352 3141 et
2390 3086 2688 3158 justitiam,
2724 3071 2923 3158 eripite
2947 3105 3073 3144 eum
3102 3090 3194 3159 qui
3228 3089 3440 3160 patitur
3480 3104 3574 3143 ra-

298 3181 512 3252 Κυρίῳο
536 3182 563 3232 6
593 3180 647 3232 δὲ
674 3178 852 3248 ζητῶν
873 3178 964 3231 τὸν
988 3177 1210 3250 Κύριον,
1234 3181 1457 3250 εὑρήσει
1485 3179 1604 3247 γνῶ
1622 3197 1704 3234 σιν
1737 3181 1878 3252 μετὰ

1988 3177 2202 3248 pinam,
2233 3177 2304 3233 de
2329 3192 2495 3233 manu
2542 3181 2893 3250 oppresseris
2922 3181 2989 3235 ⁸⁸.
3033 3199 3051 3231 ι
3090 3180 3310 3250 Alioqui
3339 3189 3447 3234 tam
3476 3183 3570 3250 qui

289 3271 668 3341 δικαιοσύνης.
703 3271 819 3324 Kal.
853 3270 1036 3334 πάλιν,
1071 3289 1090 3321 ι
1119 3271 1334 3342 Καρδία
1371 3271 1562 3341 ἀνδρὸς
1586 3273 1882 3342 λογιζέσθω

1987 3271 2190 3341 justum
2227 3271 2483 3326 decernit
2511 3287 2634 3328 esse
2661 3272 2948 3342 injustum,
2978 3288 3142 3343 quam
3179 3272 3274 3342 qui
3305 3272 3570 3344 injustum

291 3365 503 3430 δίκαια,
563 3365 650 3417 ἵνα
700 3363 805 3417 ὑπὸ
833 3363 926 3416 τοῦ
978 3362 1118 3416 Θεοῦ
1164 3363 1430 3434 διορθωθῇ
1474 3364 1542 3416 τὰ
1570 3365 1882 3438 διαδήματα

1987 3362 2193 3434 judicat
2225 3379 2349 3418 esse
2397 3364 2632 3435 justum,
2664 3373 2898 3436 uterque
2925 3365 3071 3435 apud
3095 3365 3390 3420 Dominum
3416 3380 3565 3420 exse-

295 3456 490 3512 αὑτοῦ.
539 3475 557 3509 ι
594 3457 704 3510 Kal
733 3458 761 3510 6
788 3455 1256 3528 Παροιμιαστὴς,ι
1278 3456 1599 3510 Ἐπίσταται
1621 3459 1649 3510 6
1677 3458 1884 3524 δίκαιος

294 3550 512 3619 κρίνειν
550 3547 864 3618 πενιχρούς·
888 3549 915 3600 6
947 3548 1002 3600 δὲ
1034 3548 1238 3619 ἀσεϐὴς
1287 3549 1348 3602 ού
1389 3549 1573 3619 νοήσει
1600 3549 1820 3617 γνῶσιν.
1858 3570 1876 3602 ι

294 3641 415 3695 Kal.
462 3640 648 3702 πάλιν,
695 3658 712 3690 ι
758 3640 925 3710 Ἀνὴρ
969 3641 1234 3710 φρόνιμος
1264 3640 1612 3694 κατευθύνων
1653 3642 1884 3712 πορεύε-

293 3745 408 3783 ται’
449 3731 542 3782 καὶ
584 3731 725 3799 ἀρχὴ
771 3729 896 3782 ὁδοῦ
953 3730 1188 3800 ἀγαθῆς,
1246 3730 1341 3784 τοῦ
1391 3735 1565 3786 ποιεῖν
1617 3732 1820 3785 δίκαια.
1859 3752 1876 3784 ι

292 3825 409 3878 Kal.
458 3825 486 3877 6
528 3822 650 3875 Ἰὼϐ
675 3862 690 3884 ,
727 3841 746 3873 ι
783 3822 1140 3892 Δικαιοσύνην
1166 3863 1180 3887 ,
1247 3824 1444 3892 φησιν,
1511 3823 1840 3877 ἐνεδεδύκειν
1869 3867 1882 3892 ,

293 3916 668 3985 ἠμφιασάμην
711 3914 768 3967 δὲ
797 3915 997 3985 κρῖμα,
1030 3915 1124 3969 lca
1165 3915 1454 3978 διπλοΐδος.
1495 3935 1513 3967 ι
1561 3917 1674 3970 Kal.
1704 3914 1882 3980 αὖθις,

303 4024 327 4059 α
360 4004 423 4059 Et
471 4005 742 4070 ἐξέκλινεν
773 4007 803 4059 6
837 4006 973 4069 πούς
1023 4024 1126 4075 μου
1163 4009 1226 4058 ἐκ
1275 4007 1374 4076 τῆς
1419 4005 1573 4060 ὀδοῦ·
1617 4009 1666 4061 εί
1707 4009 1763 4062 δὲ
1792 4010 1885 4063 καὶ

1986 3454 2365 3520 crabilis..Qui
2395 3457 2593 3525 quan-it
2628 3459 2944 3522 Dominum,
2994 3457 3240 3514 inveniet
3281 3457 3569 3512 scientiam

1987 3564 2111 3603 cum
2142 3549 2377 3618 justitia.
2429 3551 2645 3605 Rursus
2690 3569 2702 3604 :
2749 3569 2767 3601 ι
2807 3549 2914 3605 Cor
2943 3550 3048 3604 viri
3090 3551 3294 3621 cogitet
3332 3551 3480 3619 justa
3503 3550 3570 3609 ’°.

1990 3651 2099 3694 uta
2124 3641 2240 3695 Deo
2267 3640 2578 3711 dirigantur
2597 3658 2820 3712 gressus
2843 3643 2964 3713 ejus
2999 3644 3066 3696 ἰ.
3108 3661 3125 3693 ι
3158 3643 3225 3697 Ει
3273 3641 3570 3697 Parmmia-

1993 3743 2116 3787 stes
2147 3750 2159 3786 :
2199 3752 2215 3782 ε
2271 3733 2436 3788 Novit
2469 3735 2734 3789 Dominus
2762 3735 3014 3806 judicare
3048 3734 3437 3804 pauperculos,
3469 3735 3569 3788 im-

1986 3824 2113 3895 pius
2147 3833 2330 3880 autem
2370 3842 2478 3880 non
2514 3827 2784 3898 intelliget
2822 3827 3110 3881 scientiam
3150 3827 3216 3878 9'.
3259 3845 3276 3877 ι
3319 3825 3526 3880 lterum
3557 3844 3568 3878 :

1993 3936 2012 3969 ι
2037 3917 2134 3972 Vir
2159 3917 2404 3987 prudens
2458 3919 2545 3972 via
2574 3927 2724 3973 recta
2761 3920 3106 3990 ingreditur;
3145 3927 3200 3973 et
3232 3917 3570 3988 principium

1984 4010 2090 4065 via:
2135 4009 2314 4073 bonae,
2374 4009 2556 4066 facere
2595 4026 2717 4082 qum
2755 4013 2903 4083 justa
2936 4020 3066 4066 sunt
3093 4012 3161 4068 ".
3219 4031 3236 4064 ι
3270 4011 3375 4067 Job
3397 4011 3568 4066 item:

291 4099 564 4174 ἐφαύλισα
585 4102 761 4170 κρῖμα
778 4098 1112 4172 θεράποντάς
1140 4117 1264 4171 μου.
1296 4101 1406 4153 Kal.
1431 4099 1604 4154 ταῦτα
1632 4103 1729 4171 μὶν
1753 4103 1882 4173 περὶ

1994 4119 2014 4154 ι
2045 4101 2266 4156 Justitia
2300 4101 2532 4157 indutus
2566 4117 2722 4167 sum;
2770 4104 3004 4158 vestitus
3037 4112 3223 4160 autem
3273 4118 3392 4158 sum
3420 4102 3572 4174 judi-

293 4191 714 4264 δικαιοκρισίας.
768 4190 948 4245 Καλὸν
986 4191 1044 4244 δὲ
1099 4191 1509 4263 ἐπιμνησθῆναι
1568 4195 1663 4246 καὶ
1694 4194 1755 4248 τὸ
1783 4193 1880 4248 τοῦ

1992 4189 2163 4256 cium,
2199 4191 2357 4261 quasi
2383 4191 2686 4262 diploidem
2714 4193 2815 4248 “.i
2851 4193 3066 4250 Rursus
3096 4211 3110 4247 :
3141 4211 3160 4244 ι
3195 4192 3252 4248 Si
3275 4193 3573 4248 declinavit

310 4281 636 4337 ’Λποστὸλου
691 4283 856 4355 ῥητὸν
910 4282 972 4335 τὸ
1033 4282 1280 4352 φάσκον,
1325 4303 1344 4335 ι
1379 4283 1571 4356 Τολμᾷ
1603 4301 1688 4348 τις
1731 4285 1882 4356 ὑμῶν

1987 4295 2085 4351 pes
2129 4294 2286 4336 meus
2341 4280 2410 4335 de
2443 4281 2555 4347 via,
2615 4283 2660 4338 si
2710 4283 3018 4353 contempsi
3054 4282 3328 4354 judicium
3381 4283 3570 4338 famuli

295 4374 538 4444 πρᾶγμα
591 4373 733 4444 ἔχων
788 4371 928 4443 πρὸς
961 4371 1054 4426 τὸν
1092 4373 1298 4444 ἕτερον,
1333 4374 1617 4446 κρίνεσθαι
1652 4377 1745 4429 ἐπὶ
1774 4377 1882 4431 τῶν

1987 4371 2096 4426 mei
2119 4373 2188 4426 ’⁵.
2231 4390 2249 4423 ι
2283 4372 2352 4426 Et
2377 4371 2495 4428 hac
2528 4374 2757 4444 quidem
2800 4375 2868 4430 de
2911 4375 3108 4446 judicii
3134 4376 3414 4446 aequitate.
3452 4375 3574 4431 Non

296 4465 524 4533 ἀδίκων,
555 4467 650 4520 καὶ
669 4467 792 4537 οὐχ).
819 4466 1020 4538 μᾶλλον
1053 4466 1145 4520 ἐπὶ
1171 4467 1280 4520 τῶν
1311 4467 1483 4537 ἁγίων
1509 4485 1522 4534 ;
1559 4488 1577 4520 ι
1616 4470 1726 4524 Kal
1785 4472 1882 4524 ὲπ-

1988 4459 2384 4518 inconcinnum
2435 4464 2644 4534 alioqui
2698 4466 2869 4522 fuerit
2907 4467 3226 4522 meminisse
3255 4468 3577 4538 apostolica:

295 4559 446 4628 ἀγει,
487 4578 504 4610 ι
538 4559 686 4630 Ἤδη
715 4558 817 4630 μὲν
842 4554 936 4613 οὖν
975 4560 1112 4624 ὅλως
1167 4561 1390 4631 ἥττημα
1422 4561 1552 4631 ὑμῖν
1597 4565 1765 4629 ἐστιν,
1798 4564 1883 4618 ὅτι

295 4651 474 4718 κρῖμα
502 4647 654 4720 ἔχετε
706 4649 824 4719 μεθ’
855 4650 1068 4706 ἑαυτῶν
1095 4667 1110 4682 ·
1138 4650 1227 4704 διὰ
1258 4651 1312 4704 τί
1346 4651 1470 4722 οὐχὶ
1507 4653 1708 4724 μᾶλλον
1744 4655 1884 4708 ἀπο-

297 4741 618 4811 στερεῖσθες
661 4741 750 4796 διὰ
769 4742 824 4794 τί
857 4743 977 4814 οὐχὶ
1007 4743 1209 4814 μᾶλλον
1237 4743 1548 4810 ἀδικεῖσθε;
1580 4745 1697 4798 ἀλλ’
1725 4745 1884 4815 ὑμεῖς

295 4828 558 4899 ἀδικεῖτε,
583 4830 857 4886 καὶτοῦτο
880 4831 1162 4900 ἀδελφούς.
1184 4851 1204 4885 ι
1239 4833 1350 4886 Kal.
1379 4833 1597 4903 ἐπάγει,
1640 4835 1883 4890 »Ἀδικοι

296 4923 580 4996 βασιλείαν
611 4923 746 4978 Θεοῦ
781 4924 841 4976 οὐ
875 4923 1419 4994 κληρονομήσουσιν;
1451 4945 1470 4976 ι
1493 4925 1654 4979 Ἀλλὰ
1691 4927 1879 4994 μηδεὶς

293 5011 490 5067 οἰέσθω
519 5013 702 5082 μόνοις
747 5015 864 5076 τοῖς
904 5013 973 5066 τὰ
1019 5013 1176 5067 κοινὰ
1220 5012 1524 5084 πράγματα
1564 5013 1877 5078 δικάζουσιν

249 5123 262 5147 δ
293 5103 562 5172 ἁρμόζειν
613 5103 706 5157 τὸν
752 5104 882 5170 περὶ
938 5105 1036 5175 τῆς
1083 5103 1488 5175 δικαιοκρισίας
1539 5106 1740 5175 νόμον,
1785 5107 1881 5160 καὶ

293 5193 503 5258 ὑπτίως
550 5194 756 5250 κείσθω
801 5195 1012 5266 ῥέγχων
1060 5194 1406 5268 ἀμερίμνως.
1453 5195 1630 5248 Πᾶσιν
1668 5197 1778 5267 γὰρ
1825 5197 1882 5263 ἐξ

296 5286 419 5339 ἴσου
458 5288 518 5340 τὸ
553 5288 819 5353 ζωοποιδν
865 5288 1092 5359 Πνεῦμα
1126 5288 1478 5357 ὲγκελεύεται
1526 5289 1622 5358 τὴν
1658 5290 1881 5360 ἐντολὴν

289 5378 687 5452 ταύτην.Φησὶ
713 5380 822 5452 γὰρ
857 5382 952 5435 καὶ
991 5379 1081 5434 διὰ
1115 5380 1211 5435 τοῦ
1237 5381 1422 5441 Δαϐὶδ,
1464 5399 1482 5432 ι
1513 5380 1877 5448 Παιδεύθητε,

1985 4555 2296 4620 sententiae,
2322 4573 2445 4626 qua
2475 4557 2649 4614 dicit:
2695 4576 2712 4609 ι
2757 4557 2942 4614 Audet
2963 4559 3165 4630 aliquis
3199 4570 3444 4616 vestrum
3472 4575 3574 4616 ne-

1984 4647 2198 4718 gotium
2257 4649 2469 4712 habens
2517 4648 2785 4704 adversus
2829 4652 3091 4714 alterum,
3129 4651 3364 4722 judicari
3424 4651 3570 4722 apud

1985 4738 2233 4809 iniquos,
2269 4749 2325 4794 et
2350 4755 2461 4795 non
2500 4741 2673 4812 magis
2702 4742 2850 4811 apud
2891 4751 3116 4798 sanctos
3142 4743 3234 4795 "-1?
3266 4762 3282 4792 ι
3310 4743 3527 4797 Inducit
3551 4761 3568 4796 τ

1992 4850 2010 4884 ι
2051 4831 2172 4888 Jam
2217 4831 2368 4886 enim
2427 4833 2658 4889 omnino
2696 4833 2959 4889 delictum
3001 4837 3057 4889 in
3092 4836 3252 4890 vobis
3275 4843 3381 4898 cst,
3439 4839 3567 4904 quia

1980 4924 2252 4997 judicium
2284 4925 2501 4980 habetis
2532 4925 2674 4980 inter
2702 4935 2942 4992 vosmet;
2989 4927 3200 4999 1142
3238 4943 3410 4996 quare
3456 4945 3570 4984 non

1987 5015 2162 5086 magis
2191 5016 2439 5072 fraudem
2493 5017 2742 5086 patimini
2763 5017 2784 5071 ?
2805 5020 2901 5072 sed
2929 5034 3026 5072 vos
3068 5019 3328 5088 injuriam
3357 5018 3564 5086 facitis;

1986 5113 2043 5160 et
2073 5105 2178 5160 hoc
2202 5106 2503 5161 fratribus!
2546 5124 2614 5162 an
2645 5107 3063 5177 nescitis,'quia
3097 5107 3272 5176 iniqui
3333 5123 3566 5178 regnum

1982 5198 2080 5254 Dei
2127 5217 2238 5254 non
2290 5200 2655 5270 possidebunt
2685 5201 2730 5233 ”
2819 5219 2838 5251 ι
2883 5201 3048 5270 Atqui
3087 5216 3252 5256 nemo
3290 5201 3570 5256 existimet

1983 5301 2234 5346 nostrum
2265 5291 2336 5347 de
2360 5293 2515 5362 justo
2543 5293 2758 5364 judicio
2800 5309 3114 5348 sermonem
3150 5295 3285 5349 solis
3313 5293 3381 5348 iis
3411 5308 3568 5348 com-

1979 5393 2170 5454 petere
2219 5385 2316 5454 qui
2368 5385 2437 5456 d_e
2487 5386 2882 5441 communibus
2927 5375 3174 5457 negotiis
3197 5387 3326 5441 lites
3358 5387 3568 5442 direm-

291 5471 499 5536 πάντες
531 5474 578 5524 οἱ
604 5473 882 5542 κρίνοντες
911 5475 1014 5544 τὴν
1046 5473 1171 5543 γῆν,
1212 5471 1536 5528 δουλεύσατε
1567 5472 1646 5544 τῷ
1685 5473 1876 5545 Κυρίῳ

1987 5478 2129 5546 pturi
2173 5478 2508 5533 sententiam
2558 5477 2769 5544 ferunt,
2829 5487 2994 5549 atque
3033 5479 3165 5534 hinc
3199 5478 3440 5548 supinus
3461 5476 3569 5533 ob-

365 5649 410 5720 ῨῨ
439 5649 602 5703 Prov.
652 5667 798 5717 xxxi,
825 5654 878 5709 9.
956 5652 1001 5684 ⁸³
1040 5651 1174 5711 ibid.
1207 5653 1260 5710 5.
1335 5655 1382 5689 ⁸⁸
1410 5654 1582 5710 Exod.
1624 5669 1776 5719 xxm,
1817 5653 1871 5708 2.

1987 5654 2191 5709 ‘Levit.
2226 5672 2335 5720 XIX,
2370 5655 2456 5710 13.
2532 5655 2579 5688 ⁸⁸
2619 5655 2794 5710 Exod.
2836 5671 2992 5717 xxiu,
3017 5655 3068 5709 8.
3144 5655 3307 5710 "Jer.
3340 5669 3471 5717 xm,
3507 5653 3560 5707 3.

287 5723 341 5758 ὀ
371 5719 528 5792 [’rpv.
575 5722 800 5792 xxi,12.
876 5723 919 5755 ⁹¹
953 5723 1116 5778 Prov.
1151 5740 1242 5792 xx,
1266 5725 1356 5782 24.
1435 5728 1480 5760 ⁹¹
1510 5727 1673 5783 Prov.
1706 5741 1852 5792 xxix,
1878 5727 1931 5782 Ἰ.

288 5793 339 5828 ἐ
377 5789 550 5845 lCor.
582 5807 655 5860 vr,
685 5791 734 5846 Ι.
809 5797 853 5827 ’⁷
891 5793 1025 5850 ibid.
1061 5795 1172 5851 7-9.

2007 5725 2053 5762 ”
2087 5727 2248 5783 Prov.
2281 5742 2389 5792 xxi,
2425 5727 2477 5782 8.
2590 5727 2634 5758 ⁸⁵
2655 5726 2758 5783 Job
2781 5743 2927 5793 xxix,
2956 5727 3042 5782 Μ.
3133 5725 3180 5758 ’⁵
3211 5724 3315 5783 Job
3337 5741 3483 5793 xxxi,
3510 5724 3563 5780 7.
