3944 6420
540 290 677 356 1655

1810 295 2180 365 ANTIOCHI
2220 296 2568 359 MONACHI

3628 296 3724 368 1656

536 404 859 471 dormiseat,
910 404 1224 465 destertens
1287 407 1510 489 interim
1567 426 1633 466 ac
1702 425 1934 468 securus
1982 429 2123 469 cura

2237 414 2295 468 ἐν
2324 414 2497 485 φόϐῳ,
2528 418 2624 469 καὶ
2661 416 2990 486 ἀγαλλιᾶσθε
3030 414 3180 487 αὖτῷ
3224 416 3284 468 ἐν
3320 413 3514 485 τρόμμρο
3555 417 3643 480 πᾶς
3665 424 3728 475 ἄν.

537 497 722 552 omnis
764 515 777 551 :
832 498 1093 553 omnibu$
1137 500 1285 555 enim
1341 519 1409 557 ex
1462 500 1621 576 aequo
1667 506 1979 562 viviﬁcator
2038 509 2132 565 ille

539 587 782 658 Spiritus
841 589 944 643 hoc
992 591 1310 660 pragseribit
1365 593 1708 649 mandatum.
1750 597 1844 651 Ait
1878 599 2026 652 enim
2060 600 2128 666 is,

539 695 644 749 per
684 695 749 736 os
792 681 967 735 David
1002 699 1015 733 :
1076 700 1096 734 ι
1133 683 1470 751 Erudimini,
1506 702 1700 743 omnes
1732 690 1826 759 qui
1870 690 2133 759 iudicatis

526 779 756 837 terram,
800 773 1007 828 servite
1037 774 1343 830 Dominoin
1369 777 1585 842 timore,
1619 788 1675 834 et
1701 781 1974 836 exsultate
1998 782 2051 837 ei
2076 783 2131 837 in

539 871 807 929 tremore,
875 867 1278 937 apprehendite
1347 869 1720 938 disciplinam,
1785 888 1854 928 ne
1910 874 2132 943 quando

547 959 827 1019 irascatur
855 958 1144 1024 Dominus,
1196 967 1252 1013 et
1304 961 1546 1029 pereatis
1582 961 1650 1018 de
1681 964 1770 1017 via
1811 965 1959 1035 justa
2001 966 2067 1019 ".
2106 985 2125 1018 ι

542 1051 763 1105 Rursus
797 1067 809 1104 :
848 1068 865 1100 ι
906 1049 1059 1104 Beati
1111 1052 1207 1120 qui
1253 1053 1576 1108 custodiunt
1614 1054 1908 1125 indicium,
1951 1067 2008 1113 et
2053 1058 2132 1114 fa-

458 1209 464 1217 .
538 1140 991 1212 ciuntiustitiam
1017 1141 1073 1194 in
1100 1141 1250 1195 omni
1277 1150 1524 1211 tempore
1547 1144 1611 1197 ν’.
1657 1162 1674 1195 ι
1699 1144 1767 1198 Et
1805 1162 1819 1199 :
1861 1165 1879 1196 ι
1912 1146 1967 1201 Si
2001 1162 2129 1203 vere

540 1235 738 1303 utique
763 1232 1040 1304 justitiam
1081 1233 1397 1304 loquimini,
1426 1238 1860 1306 rectejudieate,
1900 1241 1995 1295 lilii
2025 1241 2129 1295 ho-

539 1325 753 1380 minum
790 1326 828 1379 ί.
867 1343 886 1377 ι
953 1324 1008 1380 Si
1059 1342 1190 1381 vere
1225 1326 1436 1398 utique,
1489 1344 1597 1383 non
1630 1333 2011 1388 commentitie
2066 1349 2131 1387 ac

535 1416 903 1483 mendaciter,
928 1430 1112 1487 neque
1160 1432 1261 1487 per
1306 1418 1645 1489 hypocrisin.
1696 1422 1911 1477 Dixeris
1945 1440 1957 1476 :
1993 1423 2128 1493 quid

536 1506 706 1577 igitur
742 1506 811 1562 ad
858 1522 948 1563 me
995 1508 1143 1563 istud
1201 1509 1400 1564 attinet
1449 1512 1795 1574 mandatum,
1832 1514 1921 1567 cui
1973 1514 2125 1568 nulla

532 1597 852 1653 concredita
878 1598 1096 1655 functio
1119 1599 1429 1671 iudiciariae
1476 1603 1791 1672 potestatis,
1845 1604 1939 1674 qui
1988 1604 2125 1658 nihil

532 1690 720 1747 minus
753 1708 919 1763 quam
943 1692 1190 1764 iudicem
1219 1692 1528 1763 proﬁteor?
1557 1696 1698 1751 Huic
1716 1696 2117 1766 responderim,

2238 504 2457 576 θρωπος
2484 504 2753 575 δράξασθε
2785 507 3056 574 παιδείας,
3082 509 3297 578 μήποτε
3332 505 3547 576 ὁργισθῇ
3566 508 3728 580 Κύριος,

2236 598 2330 651 καὶ
2352 598 2643 652 ἀπολεῖσθε
2667 597 2726 665 ἐξ
2749 598 2870 652 ὀδοῦ
2897 596 3132 659 δικαίας.
3171 617 3189 650 ι
3226 597 3340 650 Καὶ
3360 597 3532 657 πάλιν,
3557 618 3573 650 ι
3597 600 3734 655 Μακά-

2236 700 2342 761 ριοι
2386 691 2435 744 οἱ
2469 691 2837 762 φυλάσσοντες
2864 684 3069 762 κρίσιν,
3105 691 3199 743 καὶ
3233 688 3510 751 ποιοῦντες
3538 690 3737 744 δικαιοσύ-

2234 798 2333 851 νην
2362 784 2419 835 ἐν
2446 783 2612 859 παντὶ
2643 782 2843 854 καιρῷ,
2873 804 2891 836 ι
2927 784 3058 848 Καὶ,
3089 801 3107 834 ι
3140 782 3205 834 El
3225 781 3445 851 ἀληθῶς
3466 780 3566 849 ἄρα
3587 781 3739 837 δικαιο-

2210 900 2213 903 -
2236 872 2404 944 σύνην
2424 873 2659 942 λαλεῖτε,
2689 876 2852 930 εὐθέα
2881 875 3128 947 κρίνατε,
3155 873 3265 927 υἱοὶ
3288 872 3399 925 τῶν
3436 872 3738 942 ἀνθρώπων.»

2234 968 2297 1020 El
2323 965 2539 1037 ἀληθῶς
2571 967 2702 1038 ἀρα,
2745 968 2840 1021 καὶ
2878 968 2955 1038 μὴ
2990 965 3210 1037 ψεῦδος,
3251 965 3390 1036 μηδὲ
3425 965 3542 1018 καθ’
3567 968 3743 1035 1319619:-

2236 1076 2344 1112 σιν.
2375 1059 2440 1112 Τί
2464 1057 2581 1125 οὖν,
2607 1060 2795 1131 φησὶν,
2832 1060 2971 1130 πρός
3005 1076 3094 1129 με,
3131 1058 3225 1112 τὸν
3256 1057 3333 1128 μὴ
3362 1059 3746 1128 ἐμπεπιστευμέ-

2230 1166 2322 1204 νον
2354 1149 2678 1220 ὃικαστικὴν
2721 1149 2934 1222 ἀρχήν;
2972 1149 3048 1202 Τὸ
3090 1147 3470 1219 παράγγελμα
3496 1147 3636 1203 τοῦτο
3670 1151 3748 1218 ἐγώ

2234 1259 2316 1295 σοι
2338 1241 2470 1311 ἐρῶ·
2506 1241 2565 1295 '0
2587 1241 2723 1306 Θεὸς
2743 1244 2772 1295 ὁ
2799 1241 2993 1305 κτίσας
3015 1241 3108 1295 τὸν
3133 1240 3448 1312 ἄνθρωπον,
3466 1240 3748 1305 αὐτεξούσιον

2230 1330 2395 1385 αὐτὸν
2444 1331 2726 1401 ἐποίησεν,
2765 1330 3018 1385 δεκτικὸν
3068 1330 3404 1401 προσϐολῆς,
3462 1330 3659 1401 ἀρετῆς,
3684 1332 3746 1384 καὶ

2230 1423 2450 1487 κακίας.
2498 1424 2776 1487 Φυτεύσας
2802 1423 2859 1477 δὲ
2891 1423 2997 1486 τὰς
3024 1422 3246 1485 πλείους
3274 1420 3577 1496 αἰσθήσεις,
3612 1421 3747 1491 ὥσπερ

2229 1514 2288 1567 ἐν
2323 1513 2503 1585 μικρῷ
2534 1531 2642 1566 τινι
2675 1514 2884 1585 χωρίῳ,
2916 1516 2983 1585 τῇ
3018 1513 3140 1583 ὄψει
3173 1510 3498 1583 δορυφόρων
3535 1512 3668 1578 τάξιν
3689 1514 3747 1566 ὲκ-

2227 1603 2567 1675 πληρούσας,
2593 1604 2895 1676 ἐνθρονίζει
2925 1604 3140 1668 αὐταῖς,
3179 1601 3379 1673 ὥσπερ
3416 1601 3626 1672 βασιλέα
3654 1604 3747 1669 ἀγα-

2229 1696 2321 1751 θὸν
2367 1695 2464 1750 καὶ
2513 1696 2743 1763 δίκαιον,
2786 1697 2877 1750 τδν
2917 1696 3163 1768 ἡγεμόνα
3232 1694 3391 1749 νοῦν.
3434 1692 3746 1764 Κρίνεταιθῦι

533 1780 685 1838 Deus
722 1783 817 1853 qui
874 1782 1155 1839 hominem
1195 1784 1466 1846 condidit.
1497 1785 1627 1840 fecit
1652 1790 1780 1841 eum
1824 1803 1939 1841 suae
1970 1802 2117 1843 ‘csse

2225 1790 2443 1853 πάντως
2513 1790 2686 1861 ἀρετὴ
2736 1789 2833 1843 καὶ
2887 1790 3078 1851 κακία,
3129 1789 3438 1853 τουτέστιν,
3491 1786 3744 1858 σωφροσύνη

533 1874 752 1944 spontis
781 1890 847 1930 ac
871 1874 1036 1931 liberi
1080 1876 1296 1931 arbitrii
1328 1894 1340 1928 :
1379 1893 1638 1947 capacem
1672 1886 1942 1948 prmterea
1982 1894 2116 1949 pro-

532 1966 703 2037 positi
745 1968 1091 2033 alterutrihs,
1114 1978 1209 2023 aut.
1241 1968 1464 2023 virtutis
1497 1979 1592 2025 aut
1616 1970 1755 2024 vitii.
1781 1969 2029 2041 Cumque
2060 1970 2117 2024 in

531 2059 729 2114 faciem
791 2060 1036 2115 hominis
1104 2061 1404 2131 inspirans,
1462 2062 1826 2132 multiplicem
1892 2078 2115 2117 sensum

533 2146 847 2218 insevisset,
883 2152 1114 2221 perinde
1160 2161 1325 2221 atque
1361 2152 1416 2206 in
1466 2153 1642 2223 agello
1682 2154 1964 2225 quopiam,
2002 2171 2117 2210 ‘ex-

533 2241 851 2313 plessetque
900 2244 1200 2300 satellitum
1237 2246 1490 2301 ordinem
1530 2263 1544 2312 ;
1598 2246 1654 2300 in
1699 2247 1898 2301 horum
1934 2247 2118 2303 medio

530 2333 698 2402 jussit
727 2342 972 2390 mentem
1017 2335 1270 2391 residere
1307 2336 1627 2406 primariam
1659 2347 1824 2407 atque
1853 2355 2115 2393 sensuum

535 2424 989 2494 moderatricem,
1018 2442 1120 2483 ceu
1146 2443 1330 2499 regem
1354 2430 1614 2499 stipatum
1638 2432 1899 2487 satellitio
1919 2432 2116 2501 milite,

540 2535 731 2590 regem
788 2519 977 2590 plane,
1012 2535 1083 2574 ex
1131 2520 1452 2576 conditione
1505 2521 1713 2577 bonum
1764 2538 1828 2579 ac
1879 2525 2115 2594 justum.

532 2611 713 2666 Penes
741 2626 869 2666 eum
925 2610 1095 2682 igitur
1144 2614 1376 2669 omnino
1417 2621 1502 2668 est
1543 2612 1833 2685 iudicandi
1864 2616 2116 2681 libertas,

534 2719 649 2773 quo
671 2703 1053 2760 discerniculo
1075 2704 1261 2760 virtus
1285 2720 1316 2759 a
1348 2704 1486 2761 vitio
1530 2706 1929 2778 distinguatur,
1983 2716 2117 2779 puta

534 2793 914 2864 temperantia
934 2793 1004 2848 ab
1036 2793 1234 2850 etl‘reni
1260 2794 1525 2861 libidine;
1562 2797 1833 2869 ingluvies
1862 2800 1933 2854 ab
1961 2815 2123 2855 exer-

2219 1882 2315 1936 καὶ
2359 1881 2645 1949 ἀκολασία,
2703 1880 3124 1951 γαστριμαργία
3176 1880 3279 1934 καὶ
3349 1878 3576 1947 ἄσκησις
3626 1877 3745 1947 θυμὸς

2219 1967 2314 2021 καὶ¹
2359 1969 2604 2039 πραότης
2646 1968 2942 2033 κενοδοξία
2992 1969 3089 2022 καὶ
3134 1967 3606 2038 ταπεινοφροσύνη
3637 1985 3649 1998 ·
3683 1966 3744 2019 uel

2221 2060 2405 2125 ἁπλῶς
2436 2062 2593 2115 πᾶσα
2628 2062 2795 2132 ἀρετὴ
2851 2061 3013 2133 δίκην
3064 2061 3180 2132 ἔχει
3230 2061 3376 2131 πρὸς
3428 2061 3527 2130 τὴν
3571 2058 3745 2113 ἀντιδια·

2214 2151 2586 2222 στελλομένην
2614 2152 2753 2223 αὐτῇ
2783 2152 3010 2207 κακίαν.
3056 2152 3184 2205 Ἐὰν
3211 2148 3312 2205 οὖν
3333 2152 3363 2203 ὁ
3394 2150 3519 2212 νοῦς
3544 2148 3744 2219 κατακρε-

2218 2256 2286 2312 νῃ
2324 2244 2423 2313 τὴν
2449 2243 2672 2310 κακίαν,
2698 2242 2975 2314 δικαιώσῃ
3019 2243 3077 2298 δὲ
3099 2244 3199 2315 τὴν
3224 2243 3458 2315 ἀρετὴν,
3482 2241 3632 2296 εὐθέα
3653 2241 3743 2311 Expr-

2220 2352 2332 2398 νεν,
2368 2335 2467 2389 καὶ
2516 2335 2788 2405 ἐφύλαξεν
2818 2339 2996 2407 κρῖμα
3032 2338 3126 2389 καὶ
3158 2337 3537 2407 δικαιοσύνην.
3567 2335 3624 2387 ΕΙ
3649 2335 3739 2387 δέὲι

2222 2426 2561 2493 πολυποσίας
2606 2429 2932 2500 ἐπιλάθηται
2977 2428 3211 2494 ἑαυτοῦ,
3258 2430 3454 2483 πίπτει
3501 2429 3561 2481 ὲκ
3600 2425 3735 2480 rost-

2222 2511 2404 2585 καίου,
2446 2519 2522 2582 ὡς
2558 2520 2829 2591 Ὀχοζίας,
2865 2523 2959 2575 καὶ
3000 2523 3284 2593 aptum:
3317 2520 3623 2593 ἀρρωστίαν
3655 2518 3743 2587 πρὸς

2223 2612 2474 2678 θάνατον,
2504 2614 2784 2668 τουτέστιν
2815 2614 3040 2669 ἀπόλλει
3060 2614 3158 2686 τὴν
3186 2614 3498 2685 διάκρισιν,
3528 2612 3616 2666 καὶ
3637 2611 3743 2664 δέδια

2222 2723 2310 2760 σιν
2338 2706 2436 2779 τὴν
2456 2706 2698 2763 νικῶσαν
2715 2707 2899 2783 ψῆφογ
2922 2711 2988 2780 τῇ
3015 2708 3207 2779 κακίᾳ,
3229 2707 3335 2760 καὶ
3361 2706 3670 2773 ἀποθνήσκει
3687 2703 3744 2754 τὸν

2222 2799 2441 2856 αἰώνιον
2472 2799 2723 2855 θάνατον.
2760 2801 2989 2865 Τούτοις
3012 2800 3070 2854 δὲ
3102 2802 3502 2871 ἐπιμαρτυρεῖ
3527 2797 3611 2850 καὶ
3631 2796 3654 2848 ὁ
3671 2792 3745 2846 Κύ-

536 2885 669 2942 citio
701 2886 1086 2950 abstinentia,
1129 2886 1209 2941 ira
1238 2902 1270 2942 a
1296 2889 1748 2957 mansuetudine,
1783 2891 1966 2947 inanis
1997 2893 2122 2965 glo-

526 2978 639 3033 ria:
670 2978 794 3032 sitis
828 2979 900 3033 ab
948 2979 1286 3035 humilitate.
1307 2978 1499 3036 Virtus
1523 2981 1765 3053 denique
1812 2984 1996 3039 omnis
2033 2986 2121 3040 vi-

538 3068 679 3127 tium
735 3069 902 3125 habet
950 3070 1039 3125 taxi
1094 3070 1424 3137 reluctetur,
1479 3088 1592 3142 quo
1664 3088 1791 3129 cum
1846 3075 2120 3146 judicium

2225 3072 2313 3126 ἐπ’
2344 3073 2603 3143 ἄρχοντα,
2646 3076 2704 3126 ἐν
2742 3076 2809 3144 τῇ
2858 3073 2964 3145 ὁδῷ
3007 3074 3095 3137 δὸς
3139 3073 3415 3145 ἐργασίαν
3468 3066 3746 3138 ἀπηλλάχθαι

536 3172 812 3219 exerceat.
839 3162 990 3219 Mens
1020 3163 1192 3235 igitur
1217 3164 1263 3220 si
1286 3164 1553 3221 malitiam
1595 3168 1950 3233 condemnet,
1978 3167 2120 3224 ferat

2226 3162 2322 3216 ἀπ’
2354 3162 2541 3227 αὐτοῦ,
2595 3164 2808 3233 μήποτε
2865 3161 3149 3235 κατασύρῃ
3197 3181 3259 3217 σε
3295 3165 3439 3233 πρὸς
3464 3162 3552 3214 τὸν
3586 3156 3746 3230 κριτὴν,

530 3265 720 3312 autem
766 3273 868 3329 pro
932 3256 1139 3314 virtute
1202 3260 1564 3325 sententiam,
1620 3269 1772 3316 recte
1824 3261 2116 3332 judicavit,

2225 3255 2320 3309 καὶ
2369 3257 2398 3308 ὁ
2444 3256 2638 3327 κριτὴς
2686 3256 2996 3329 επαραδὼσῃ
3044 3273 3104 3310 σε
3151 3256 3233 3343 τῷ
3281 3257 3603 3327 πράκτωρι,
3641 3247 3747 3343 καὶῦ

535 3345 781 3417 fecitque
804 3348 1077 3419 judicium
1123 3359 1180 3404 et
1207 3350 1508 3423 justitiam.
1544 3351 1703 3419 Quod
1730 3353 1775 3408 si
1805 3368 1908 3422 per
1931 3352 2123 3409 immo-

2225 3346 2486 3418 πράκτωρ
2524 3347 2659 3419 βάλῃ
2711 3365 2771 3402 σε
2821 3350 2902 3413 εἰς
2943 3340 3214 3420 φυλακήν.
3258 3350 3439 3419 Ἀμὴν
3480 3345 3615 3414 ἀμὴν
3646 3339 3748 3406 λέγω

534 3438 788 3496 deratam
849 3442 1225 3513 sumptionem
1298 3444 1414 3499 vini
1473 3444 1711 3514 seipsam
1777 3443 1985 3515 fugerit
2059 3458 2123 3498 ac

2225 3455 2326 3506 σοι,
2358 3440 2422 3494 οὐ
2463 3439 2538 3511 μὴ
2575 3440 2796 3513 ἐξέλθῃς
2825 3441 3038 3494 ἐκεῖθεν
3066 3441 3173 3502 ἕως
3197 3433 3262 3495 οὗ
3294 3438 3510 3511 ἀποδῷς
3534 3437 3616 3497 τὸν
3631 3433 3748 3501 ἔσχα-

536 3532 819 3599 nescierit,
848 3535 1104 3605 prolapsa
1132 3537 1246 3607 iam
1278 3544 1367 3592 est
1391 3552 1422 3592 a
1448 3537 1782 3592 rectitudine
1811 3535 2034 3607 iudicii,
2064 3542 2123 3590 ut

2225 3549 2313 3586 τον
2349 3531 2673 3605 κοδράντην.
2710 3534 2871 3606 Αὐτῷ
2901 3535 2934 3605 ἡ
2984 3533 3114 3600 δόξα
3144 3533 3223 3604 τῷ
3270 3534 3422 3605 μόνῳ
3467 3525 3749 3597 δικαιοκριτῇ

537 3623 629 3679 ille
657 3626 792 3680 olim
838 3627 1127 3694 chozias,
1153 3644 1217 3685 ac
1255 3629 1457 3685 misere
1482 3637 1718 3700 aegrotat
1764 3628 2123 3700 aegrotatione

2225 3624 2447 3696 Χριστῷ
2477 3625 2556 3687 είς
2583 3624 2713 3689 τοὺς
2740 3624 2968 3688 αἰῶνας.
3009 3626 3205 3696 Ἀμήν.
3528 3630 3541 3644 '
3708 3707 3717 3719 .

534 3719 606 3776 ad
636 3730 870 3778 mortem
898 3727 966 3778 ἐ
1025 3725 1131 3781 hoc
1182 3733 1286 3789 est,
1322 3724 1562 3781 descivit
1591 3741 1623 3780 a
1669 3724 1820 3796 justo
1884 3722 2119 3778 rationis
2151 3718 2385 3792 iudicio,
2430 3718 2690 3790 ultroque
2756 3721 2980 3776 malitia:
3027 3719 3194 3776 cessit
3254 3716 3518 3789 palmaris
3558 3713 3750 3767 victoria:

535 3820 825 3880 tesseram,
856 3831 920 3871 ac
954 3831 1014 3871 se
1049 3825 1270 3872 aeternae
1306 3817 1473 3873 morti
1508 3817 1742 3872 addixit.
1775 3816 1903 3871 llaec
1969 3813 2239 3871 Dominus
2301 3826 2403 3866 suo
2453 3814 2653 3867 astruit
2692 3812 3031 3878 testimonio,
3094 3812 3328 3867 dicens:
3363 3829 3382 3861 ι
3421 3808 3529 3865 Cur
3557 3812 3747 3860 autem:

538 3905 837 3977 vobisipsis
891 3923 1003 3964 non
1053 3909 1337 3980 iudicatur
1398 3910 1546 3980 quod
1589 3912 1802 3983 justum
1856 3915 1943 3964 est
2002 3908 2057 3962 ’ἵ
2091 3926 2110 3962 ι
2153 3904 2385 3973 Quando
2414 3904 2570 3960 vadis
2599 3921 2724 3961 cum
2755 3905 3072 3961 adversario
3107 3915 3203 3961 tuo
3261 3904 3335 3959 ad
3394 3901 3687 3973 principem,
3711 3894 3747 3946 in

535 3999 626 4053 via
656 3999 724 4054 da
758 4016 984 4071 operam
1031 4002 1257 4061 liberari
1283 4003 1351 4058 ab
1387 4018 1477 4071 eo,
1544 4003 1840 4074 nequando
1873 4001 2055 4057 trahat
2104 4009 2159 4055 te
2224 3997 2292 4052 ad
2320 3997 2588 4069 iudicem,
2639 4008 2695 4053 et
2736 3998 2906 4070 iudex
2940 3997 3123 4053 tradat
3155 4005 3211 4053 te
3263 3996 3486 4061 tortori,
3526 4004 3578 4049 et
3616 3996 3746 4046 tortor

537 4090 720 4147 mittat
755 4102 808 4149 te
844 4093 898 4149 in
933 4110 1234 4151 carcerem.
1272 4095 1445 4151 Amen
1496 4111 1658 4151 amen
1687 4095 1813 4152 dico
1840 4095 1963 4161 tibi,
2001 4111 2115 4150 non
2149 4093 2329 4149 exibis
2404 4091 2560 4149 illinc
2612 4093 2803 4149 donec
2847 4091 3164 4148 reddideris
3217 4091 3577 4147 novissimum
3646 4097 3744 4155 qua-

2220 2902 2364 2964 ’ριος,
2391 2892 2589 2962 λέγων,
2637 2912 2658 2944 ‹
2694 2893 2760 2947 Τί
2790 2894 2848 2946 δὲ
2883 2893 2979 2947 καὶ
3010 2894 3104 2962 ἀφ’
3137 2893 3358 2946 ἑαυτῶν
3405 2892 3468 2945 οὐ
3508 2885 3745 2959 κρίνετετδ

2210 2980 2461 3046 .δίκαιον;
2483 3000 2502 3033 ι
2554 2983 2642 3046 Ὡς
2672 2981 2780 3053 γὰρ
2814 2983 3051 3046 ὑπάγεις
3097 2981 3235 3053 μετά
3266 2980 3368 3035 τοῦ
3415 2977 3660 3033 ἀντιδίκου
3682 2990 3745 3026 σου

535 4185 790 4241 drantem
819 4184 859 4240 ⁸.
883 4186 995 4257 Ipsi
1041 4187 1213 4258 gloria
1240 4188 1359 4244 'soli
1381 4182 1535 4258 iusto
1563 4186 1740 4258 iudici
1763 4186 1987 4244 Christo
2026 4189 2103 4242 ‘in
2143 4189 2362 4244 saecula.
2392 4187 2593 4242 Amen.

914 4326 957 4395 l
970 4326 1126 4398 143
1163 4326 1447 4381 HOMILIA
1504 4325 1743 4382 LXXVI.

1072 4439 1148 4495 De
1161 4440 1314 4513 juxta
1338 4457 1611 4496 mensura.

606 4553 745 4619 Quae
772 4553 920 4622 iusta
977 4560 1109 4607 sunt
1157 4552 1366 4620 omnia,
1405 4569 1674 4625 perquam
1703 4557 1969 4613 amabilia
2002 4558 2118 4614 Deo

2813 4326 3033 4382 ΛΟΓΟΣ
3091 4326 3228 4394 οςο.

2691 4441 2826 4510 Περὶ
2881 4440 3345 4510 δικαιομετρίας.

2296 4556 2484 4611 Πάντα
2512 4556 2581 4610 τὰ
2627 4555 2814 4610 δίκαια
2854 4553 3082 4624 θεόφιλα
3132 4553 3230 4608 καὶ
3273 4528 3554 4625 εὐάρεστα.
3586 4547 3736 4608 Ὥσπερ

538 4650 672 4698 sunt
696 4651 754 4697 et
781 4650 1032 4712 accepta.
1059 4642 1130 4699 Ut
1161 4642 1310 4697 enim
1343 4644 1664 4714 equitatem
1710 4645 1929 4716 iudicii,
1959 4648 2034 4703 ita
2064 4657 2121 4704 et

2225 4647 2335 4720 γὰρ
2360 4648 2463 4720 τὴν
2486 4646 2894 4715 δικαιοκρισίαν
2912 4645 3116 4718 »ἀγαπᾷ
3149 4648 3179 4699 ὁ
3206 4645 3363 4711 Θεὸς,
3391 4643 3556 4706 οὕτως
3579 4632 3737 4701 mlle

534 4735 596 4790 in
642 4734 924 4789 metiendo
977 4743 1252 4790 servatam
1287 4735 1562 4807 justitiam
1614 4737 1795 4809 diligit
1829 4739 1997 4794 Deus.
2023 4739 2124 4796 Ju-

535 4835 662 4882 stus
698 4827 847 4882 enim
879 4842 1006 4882 cum
1034 4827 1125 4891 sit,
1160 4828 1218 4882 in
1262 4826 1319 4885 id
1351 4828 1585 4899 respicit
1612 4829 1941 4896 clementer,
1974 4833 2126 4902 quod

532 4922 746 4990 iustum
785 4928 890 4974 est.
928 4920 1062 4976 Jure
1088 4919 1269 4990 igitur
1293 4921 1451 4992 iubet
1481 4919 1771 4991 Scriptura
1799 4924 2125 4981 servandam

537 5026 660 5068 esse
688 5012 1007 5082 aequitatem
1030 5022 1087 5068 et
1105 5013 1369 5084 ponderis
1398 5023 1456 5069 et
1485 5027 1776 5068 mensum.
1801 5014 1822 5045 ⁵
1840 5014 2124 5072 Nefarium

540 5115 773 5170 prorsus
849 5109 1017 5172 atque
1091 5117 1313 5157 omnem
1393 5118 1708 5175 expurgans
1774 5105 2127 5176 iniquitatem

541 5201 629 5247 est
652 5191 914 5262 duplices
934 5194 1142 5250 habere
1168 5208 1479 5261 mensuras,
1507 5213 1732 5268 parvam
1760 5209 1818 5255 et
1846 5215 2122 5271 magnam.

534 5282 701 5340 Unde
757 5292 815 5339 et
866 5287 1143 5356 prOpheta
1185 5288 1376 5353 Amos,
1411 5290 1686 5362 eiusmodi
1733 5293 2126 5364 immorigeros

543 5388 648 5429 nec
676 5374 828 5431 dicto
858 5376 1154 5433 audientes
1182 5378 1438 5434 indicans
1479 5381 1645 5455 longe
1689 5400 1816 5443 esse
1872 5385 2124 5440 miserri-

533 5481 666 5522 mos
697 5482 710 5520 :
755 5486 774 5518 ι
806 5467 901 5525 Vas
947 5468 1025 5529 ei.
1048 5470 1150 5534 ait,
1185 5472 1281 5540 qui
1334 5470 1623 5540 desiderat
1670 5476 1823 5532 diem
1854 5476 2119 5545 Domini;

566 5656 570 5735 ξ
615 5661 665 5735 f"
684 5664 828 5717 Psal.
853 5680 912 5727 ιι,
949 5664 1131 5719 ιιι-ιο.
1207 5669 1250 5700 θ’
1287 5668 1430 5724 Psal.
1460 5685 1545 5735 cr,
1579 5670 1632 5724 5.

545 5730 571 5763 ⁸
610 5733 743 5790 Luc.
773 5750 845 5802 Vt,
868 5735 963 5789 58.

1710 5671 1724 5702 ¹
1754 5671 1895 5725 Psal.
1936 5688 2065 5739 mn,
2100 5674 2153 5728 εὶ.

2221 4738 2658 4812 δικαιομετρίαν.
2706 4738 2930 4801 Δίκαιος
2987 4736 3098 4808 γὰρ
3164 4734 3262 4804 ὢν,
3304 4734 3524 4809 προνοεῖ
3573 4726 3651 4783 τοῦ
3686 4722 3735 4812 ὄις

2221 4807 2418 4883 καίου.⁷
2464 4807 2711 4891 Είκότως
2759 4823 2854 4880 οὖν
2898 4827 2940 4897 ὴ
2994 4807 3188 4897 Γραφὴ
3246 4807 3603 4895 παραγγέλλει
3650 4807 3735 4878 περὶ

2225 4919 2581 4990 ίσοσταθμίας
2620 4921 2714 4975 καὶ
2759 4919 3113 4990 ίσομετρίας·
3157 4917 3419 4989 ἀθέμιτον
3454 4915 3556 4984 γάρ
3613 4911 3733 4967 ἐστινι

2223 5013 2322 5066 καὶ
2377 5013 2560 5086 πάσης
2605 5014 2825 5077 ἀδικίας
2876 5012 3159 5078 ἐπέκεινα,
3189 5012 3352 5067 δισσά
3403 5011 3565 5083 μέτρα
3611 5002 3732 5072 ἔχειν,

2228 5103 2428 5176 μικρὸν
2458 5105 2554 5159 καὶ
2580 5106 2743 5175 μέγα.
2774 5104 2938 5158 Ὅθεν
2965 5105 3062 5158 καὶ
3095 5107 3124 5159 ὁ
3156 5105 3445 5176 προφήτης
3478 5095 3637 5189 Ἀμιῖξς
3659 5106 3733 5189 φρ·

2227 5211 2332 5263 σιν,
2359 5195 2660 5261 ταλανίζων
2706 5196 2837 5261 τοὺς
2869 5197 3176 5267 ἀνηκόους,
3215 5215 3235 5249 ι
3272 5196 3409 5251 Οὐαὶ
3446 5194 3472 5245 ὁ
3507 5185 3731 5275 ἐπιθυμῶξ

2222 5286 2324 5360 τὴν
2377 5289 2597 5360 ἡμέραν
2650 5289 2879 5360 Κυρίου,
2924 5290 3020 5344 καὶ
3058 5289 3198 5361 αὕτη
3243 5288 3391 5342 ἐστὶν
3438 5282 3728 5343 σκότοςοτου

2224 5386 2447 5456 ποιῆσαι
2479 5385 2677 5457 μικρὸν
2713 5384 2938 5457 μέτρον,
2963 5384 3060 5441 καὶ
3082 5384 3248 5453 ζυγὸν
3269 5384 3464 5439 ἄδικον,
3496 5395 3516 5431 ι
3551 5365 3726 5463 Ὁμοίωξ

2224 5479 2362 5539 καὶὸ
2390 5479 2657 5548 Μιχαίας,
2697 5495 2718 5530 ι
2756 5477 2822 5533 Εἰ
2847 5475 3301 5547 δικαιωθήσεται,
3335 5474 3512 5543 λέγων,
3544 5466 3594 5517 ἐν
3615 5460 3725 5525 ζυγῷ

2231 5670 2321 5730 'IV
2355 5674 2489 5746 Reg.
2517 5690 2557 5743 I,
2579 5673 2633 5730 9..
2712 5673 2732 5705 ³
2770 5672 2905 5730 Luc.
2941 5689 3036 5740 ιιι,
3079 5672 3171 5727 57.
3250 5674 3269 5703 δ
3300 5666 3474 5727 Matth.
3496 5677 3539 5728 ν,
3567 5655 3631 5718 95.
3654 5646 3702 5702 96
