3944 6458
329 302 353 368 ι
370 302 473 368 ἿΞΊ

1243 306 1575 369 HOMILIA
1613 310 1902 371 LXXVII.
1941 336 2013 346 —
2052 312 2149 372 DE
2188 313 2705 381 ΡίΕΝΙΤΕΝΤΙΑ.

3455 322 3594 389 1658

321 427 556 493 ἄνομος,
599 424 693 477 καὶ
757 423 817 476 ὲν
876 421 1181 495 μαρσιππῳ
1250 422 1489 494 σταθμία
1552 423 1728 478 δόλου.
1768 442 1786 475 ι
1825 423 1907 477 Τὰ

2018 425 2127 494 ipsa
2161 427 2313 481 enim
2350 435 2436 483 est
2472 428 2718 485 tenebrat
2742 431 2761 462 ⁸
2790 447 2803 484 :
2839 438 2901 485 ut
2946 432 3112 488 faciat
3153 449 3382 503 parvum
3434 450 3593 489 men-

322 516 473 571 αύτὲι
513 519 606 569 καὶ
647 519 675 570 6
712 517 1055 587 Ψαλμῳδός·
1095 534 1115 567 ι
1149 516 1382 579 Ψευδεϊς
1430 517 1541 587 γάρ
1598 520 1737 570 εἰσιν
1800 517 1908 569 υἱοὶ

320 609 440 662 τῶν
465 608 562 661 ἀνθ
574 608 793 677 ρώπων,
823 608 881 660 ὲν
905 608 1093 676 ζυγοῖς
1121 607 1218 661 τοῦ
1261 607 1541 678 ἀδικῆσαι.
1579 626 1599 660 ι
1629 609 1745 662 Καὶ
1796 609 1909 662 δει-

323 698 512 753 κνύων
538 698 618 753 ὅτι
640 700 737 768 τῆς
754 698 1069 764 πλεονεξίας
1097 700 1246 752 ἐστὶν
1273 699 1335 753 τὸ
1356 700 1590 769 νόσημα,
1607 682 1752 771 [καὶ]
1783 700 1908 752 ἐπι-

322 791 511 862 φέρει,
553 811 571 843 ι
606 791 768 845 Αὐτοὶ
799 793 867 845 ἐκ
896 793 1257 863 ματαιότητος
1281 792 1374 845 ἐπὶ
1396 793 1456 845 τὸ
1487 792 1633 846 αὐτὸν
1654 791 1730 862 μὴ
1754 791 1911 844 ἐλπί-

323 885 476 949 ζετε,
504 885 589 937 ἐπ’
625 885 839 938 ἀδικίαν
882 886 979 938 καὶ
1026 886 1120 938 ἐπὶ
1156 886 1427 955 ἅρπαγμα
1466 885 1541 957 μὴ
1573 884 1906 940 ὲπιποθείτε.

321 972 572 1037 Πλοῦτος
602 974 695 1027 ἐὰν
730 976 865 1044 ῥέει,
897 975 972 1044 μὴ
1002 975 1364 1044 προστίθεσθε
1399 976 1652 1047 καρδίαν.
1688 995 1707 1028 ι
1748 976 1912 1029 Καὶό

323 1063 496 1134 τόμος
528 1065 876 1134 προστάττει,
904 1063 1115 1132 λέγων·
1154 1064 1241 1117 Ἐν
1275 1065 1518 1134 μέτροις,
1551 1065 1649 1117 καὶ
1678 1067 1738 1117 ὲν
1778 1081 1910 1118 στα-

327 1153 494 1225 θμοῖς
549 1158 644 1208 καί
685 1158 741 1208 ὲν
774 1154 983 1223 ζυγοῖς,
1008 1155 1195 1209 δίκαια
1218 1155 1375 1209 ἔσται
1406 1156 1555 1225 ὑμῖν.
1589 1156 1698 1208 Καὶ
1731 1151 1909 1223 αὖθις,

334 1265 369 1299 ι.
406 1247 482 1300 Ού
526 1248 916 1318 μετακινήσεις
964 1247 1153 1318 φησιν,
1193 1248 1343 1317 ὅρια,
1374 1246 1410 1301 ἃ
1441 1247 1625 1300 ἔθεντο
1664 1249 1711 1300 οἱ
1738 1249 1911 1300 πατέ-

332 1353 430 1406 ρες
480 1353 594 1392 σου,
640 1356 660 1388 ›
702 1338 762 1390 ’0
818 1338 875 1390 δὲ
942 1341 1252 1418 ’προφήτης⁸
1285 1340 1584 1408 Σοφονίας,
1637 1361 1656 1393 ι
1721 1343 1911 1412 Κρίμα

326 1427 659 1499 ἐργάζεσθε,
695 1431 787 1482 καὶ
818 1429 1166 1502 δικαιοσύνην
1197 1432 1496 1503 ζητήσατε,
1519 1435 1668 1497 ὅπως
1703 1451 1913 1487 σκεπα-

331 1522 502 1593 σθῆτε
540 1524 598 1574 ὲν
627 1522 811 1593 ἡμέρᾳ
839 1524 1010 1594 ὀργῆς
1046 1525 1278 1595 Κυρίου.
1309 1546 1328 1578 ι
1374 1525 1648 1590 Ὡσαύτως
1678 1527 1736 1580 δὲ
1764 1527 1860 1581 καὶ
1886 1530 1914 1582 6

343 1614 626 1684 Ἰεζεκιὴλ,
658 1634 675 1666 ι
706 1617 893 1685 Κρῖμα
915 1619 1010 1670 καὶ
1029 1616 1380 1688 δικαιοσύνην
1402 1619 1690 1689 ποιήσατε,
1708 1618 1905 1687 λέγων,

329 1703 499 1772 ζυγὸν
547 1704 787 1769 δίκαιον,
819 1707 913 1759 καὶ
951 1707 1150 1778 μέτρον
1202 1708 1448 1774 δίκαιον,
1477 1710 1570 1762 καὶ
1594 1708 1765 1780 χοῖνιξ
1828 1710 1910 1763 δι-

329 1795 466 1849 καία
492 1788 655 1850 ἔσται’
676 1798 824 1867 ὑμῖν.
857 1816 876 1849 ι
908 1798 967 1852 '0
988 1776 1496 1871 deﬂaPOLptaar-r'jc
1522 1817 1536 1831 ’
1575 1776 1628 1853 «Π
1672 1803 1798 1869 υγοὶ
1824 1801 1913 1854 δό-
1944 1776 1987 1831 Β

328 1885 460 1951 λιοι,
518 1886 795 1958 βδέλυγμα
850 1890 1082 1944 ἐνώπιον
1130 1892 1361 1961 Κυρίουπ,
1407 1891 1700 1962 σταθμεῖον
1744 1892 1800 1946 δὲ
1830 1893 1914 1946 δε-

333 1995 489 2032 καιον
514 1981 700 2033 δεκτὸν
730 1981 902 2051 αὐτῷ.
936 2001 954 2035 ι
996 1983 1107 2036 Καὶ
1135 1983 1318 2047 πάλιν,
1348 2002 1366 2034 ι
1405 1983 1708 2054 Σταθμεῖον
1739 1985 1907 2055 μέγα,

338 2069 439 2124 καὶ
500 2072 716 2140 μικρὶν,
753 2072 851 2125 καὶ
899 2072 1078 2144 μέτρα
1127 2073 1322 2140 δισσὰ,
1350 2074 1638 2146 ἀκάθαρτα
1684 2076 1914 2131 ἐνώπιον

331 2163 569 2232 Κυρίου,
601 2166 695 2218 καὶ
728 2165 1015 2237 ἀμφότερα
1041 2167 1100 2219 ὲν
1131 2168 1245 2230 τοῖς
1270 2167 1701 2239 ἐπιτηδεύμασιν
1734 2169 1915 2224 αὐτῶν

335 2256 893 2326 συμποδισθήσονται.
929 2275 948 2309 ι
989 2259 1148 2321 Ἴσως
1179 2259 1333 2313 δοκεῖ
1352 2260 1526 2314 ταῦτα
1554 2263 1670 2323 τοῖς
1698 2261 1916 2326 πολλοῖς

332 2347 430 2400 τοῦ
465 2346 692 2417 μηδενὸς
721 2348 847 2414 ἄξια
877 2346 1017 2405 εἶναι
1045 2367 1060 2382 ⁸
1091 2352 1209 2406 ἀλλ’
1238 2354 1394 2408 οὐδὲν
1444 2355 1568 2426 εἰκῆ
1603 2356 1698 2409 καὶ
1738 2358 1916 2427 μάτην

335 2443 396 2495 αἱ
459 2441 812 2498 θεόπνευστοι
876 2447 1098 2517 Γραφαὶ
1142 2447 1576 2520 διαγορεύουσιν.
1623 2450 1810 2503 Πάντα
1858 2450 1918 2504 δὲ

337 2532 476 2602 πρὸς
508 2535 785 2604 σωτηρίαν
814 2537 970 2606 ἡμῶν
1003 2539 1098 2591 καὶ
1126 2537 1274 2608 ζωὴν
1302 2537 1521 2593 αἰώνιον
1557 2540 1618 2593 τὸ
1671 2557 1921 2613 προσκυ-

338 2624 499 2692 νητδν
544 2625 937 2698 ἐνομοθέτησεν
984 2628 1234 2699 Πνεῦμα.
1296 2629 1669 2701 Φυλαξὼμεθα
1713 2634 1915 2701 τοίνυν,

336 2717 635 2784 ἀγαπητοὶ,
673 2719 735 2771 τὸ
764 2720 936 2783 πάθος
989 2722 1088 2792 τῆς
1133 2722 1469 2789 πλεονεξίας,
1506 2724 1605 2792 τῆς
1654 2725 1917 2798 δευτέρας

337 2808 806 2880 εἰδωλολατρείας.
840 2812 1012 2867 Τοῦτο
1074 2814 1184 2885 γὰρ
1237 2815 1606 2885 παιδευόμεθα
1662 2817 1753 2872 διὰ
1817 2820 1917 2890 τῆς

341 2901 684 2971 ἰσομετρίας,
720 2902 793 2967 ὡς
834 2904 928 2957 καὶ
953 2905 982 2957 6
1013 2905 1218 2976 Κύριος
1245 2906 1401 2977 ἡμῶν
1441 2905 1650 2975 Ἰησοῦς
1683 2910 1918 2979 Χριστὸς

338 2996 399 3048 ὲν
426 2998 536 3059 τοῖς
567 2997 923 3066 Εὑαγγελίοις
964 3000 1293 3069 προστάττει
1342 3002 1476 3072 ἡμῖν
1524 3001 1723 3070 λέγων,
1764 3021 1783 3055 ι
1828 3004 1920 3057 Δί·

2012 530 2199 571 snram
2238 524 2296 571 et
2344 524 2612 573 stateram
2646 519 2689 572 ".
2726 519 2842 574 Nec
2881 520 3104 576 abludit
3132 520 3434 576 Michaeas:
3474 539 3495 573 ι
3533 519 3595 577 Si

2004 607 2404 679 justilicabitur
2456 610 2514 673 in
2564 618 2773 666 statera
2821 612 3067 682 iniquus.
3094 623 3150 669 et
3197 614 3256 667 in
3310 613 3594 683 marsupio

2012 707 2216 754 statera
2278 699 2458 756 dolosi
2485 701 2528 757 ⁸.
2570 721 2587 753 ι
2625 701 2884 759 Concinit
2943 702 3032 757 his
3077 704 3267 774 regius
3318 704 3536 759 Psaltes
3576 721 3591 759 :

2019 813 2038 849 ι
2070 792 2363 848 Mendaces
2407 792 2501 847 ﬁlii
2550 794 2834 849 hominum
2888 794 2945 849 in
2981 795 3233 858 stateris,
3281 802 3343 848 ut
3382 794 3592 864 injuste

2012 893 2175 956 agant
2199 884 2240 938 ’.
2281 904 2297 937 ι
2345 884 2634 954 Simulque
2667 886 2958 941 insinuans
3006 886 3141 941 tales
3183 886 3378 939 morbo
3412 885 3594 954 impo-

2013 975 2184 1029 tentis
2212 975 2462 1055 avaritiae
2489 991 2813 1045 mgrescere,
2849 978 3020 1032 infert
3052 995 3067 1033 :
3114 996 3132 1028 ι
3180 978 3291 1048 Ipsi
3327 978 3396 1033 de
3431 979 3591 1032 vani-

2012 1073 2124 1120 tate
2157 1066 2210 1120 in
2254 1054 2496 1135 idipsum
2528 1067 2703 1122 nolite
2752 1054 2996 1138 sperare,
3026 1070 3083 1124 in
3137 1070 3495 1139 iniquitatem
3534 1075 3591 1124 et

2012 1158 2261 1227 rapinam
2308 1159 2478 1212 nolite
2537 1160 2967 1229 concupiscere;
3007 1161 3217 1216 divitiae
3247 1162 3290 1216 si
3340 1160 3590 1241 aﬂluant,

2011 1251 2185 1305 nolite
2214 1266 2311 1305 cor
2341 1266 2624 1321 apponere
2658 1253 2723 1306 '°.
2769 1273 2787 1304 ι
2821 1252 2968 1318 Quin
2991 1255 3079 1308 lex
3104 1254 3223 1323 ipsa
3249 1255 3428 1324 jnbet,
3450 1263 3512 1307 ut
3536 1252 3592 1307 in

2011 1342 2318 1407 mensuris,
2358 1342 2415 1396 in
2447 1342 2792 1412 ponderibus
2830 1353 2887 1398 et
2939 1344 2995 1398 in
3025 1347 3254 1400 stateris
3297 1346 3447 1416 justa
3481 1344 3595 1397 sint

2012 1432 2192 1487 vobis.
2223 1433 2392 1488 Addit
2426 1442 2483 1488 et
2512 1434 2649 1488 illud
2681 1452 2694 1487 :
2737 1454 2756 1486 ι
2800 1435 2923 1489 Νοη
2978 1436 3282 1491 transferes
3326 1435 3595 1490 terminos

2013 1537 2154 1593 quos
2204 1533 2515 1593 posuerunt
2565 1533 2757 1594 patres
2787 1526 2866 1578 tui
2898 1528 2962 1579 ¹¹.
2998 1544 3016 1577 ι
3052 1525 3162 1581 Sed
3194 1535 3251 1581 et
3283 1525 3597 1594 Sophonias

2012 1614 2283 1684 propheta
2321 1632 2336 1668 :
2381 1634 2398 1666 ι
2430 1614 2712 1670 Judicium
2754 1618 3061 1685 operemini
3093 1628 3151 1672 et
3192 1617 3463 1687 justitiam
3500 1631 3597 1670 ex-

2017 1706 2224 1776 quirite
2253 1707 2712 1777 utrprotegamini
2740 1709 2794 1762 in
2825 1708 2916 1762 die
2942 1708 3039 1763 ira:
3074 1708 3294 1763 Domini
3329 1709 3394 1760 ¹¹.
3430 1726 3450 1759 ι
3485 1706 3598 1761 Nec

2016 1814 2179 1854 secus
2234 1800 2542 1855 Ezechiel:
2594 1819 2610 1851 ι
2644 1800 2927 1854 Judicium
2978 1808 3034 1855 et
3084 1800 3362 1871 justitiam
3406 1798 3593 1853 facite.

2016 1890 2233 1946 Statera
2270 1892 2441 1960 justa,
2467 1899 2523 1944 et
2570 1906 2831 1945 mensura
2879 1891 3048 1961 justa,
3080 1898 3140 1945 et
3182 1889 3407 1945 cbaanix
3451 1889 3597 1959 iusta

2014 1984 2123 2038 erit
2154 1982 2316 2037 vobis
2356 1982 2416 2031 ιδ.
2462 2002 2479 2033 ι
2511 1981 2743 2036 Accedit
2772 1982 2860 2037 his
2894 1980 3288 2038 Parmmiastes
3330 1998 3344 2034 :
3378 1979 3595 2035 Statera

2015 2075 2206 2130 dolosa
2233 2075 2575 2130 abominatio
2601 2083 2688 2130 est
2715 2082 2846 2128 ante
2891 2074 3188 2128 Dominum
3208 2113 3223 2138 ,
3249 2071 3470 2142 pondus
3499 2085 3595 2124 au-

2017 2168 2355 2238 temjustum
2383 2166 2728 2237 acceptabile
2751 2174 2837 2221 est
2857 2164 2913 2220 ei
2944 2165 3009 2217 νο.
3047 2185 3063 2216 ι
3096 2164 3305 2219 lterum
3333 2179 3347 2216 :
3373 2161 3599 2216 Pondus

2014 2276 2273 2332 magnum
2297 2269 2353 2315 et
2380 2274 2639 2330 parvum,
2666 2266 2725 2313 et
2745 2272 3020 2312 mensurae
3042 2256 3294 2327 duplices
3314 2254 3601 2308 immunda

2016 2366 2146 2414 sunt
2175 2372 2364 2412 coram
2415 2355 2688 2422 Domino;
2723 2362 2780 2409 et
2838 2362 3077 2422 utraque
3125 2352 3182 2406 in
3221 2350 3425 2406 studiis
3452 2348 3595 2403 irre-

2016 2450 2230 2504 tientur
2257 2448 2319 2502 ‘5.
2356 2466 2374 2500 ι
2408 2448 2575 2503 Forte
2623 2447 2741 2501 haec
2778 2444 3219 2515 aliquammultis
3262 2441 3443 2496 videri
3493 2453 3595 2510 po-

2016 2548 2248 2597 tuerunt
2293 2540 2503 2594 nullius
2546 2553 2723 2609 prope
2768 2537 3058 2601 momenti,
3092 2544 3149 2590 et
3191 2534 3420 2603 indigna
3476 2546 3600 2601 quae

2017 2634 2416 2704 depromantur
2473 2631 2528 2685 in
2600 2646 2835 2685 aerem:
2891 2637 2948 2684 at
2989 2636 3143 2683 certe
3203 2625 3345 2680 nihil
3396 2624 3598 2678 horum

2014 2732 2228 2780 temere
2275 2721 2391 2777 sive
2427 2721 2783 2776 frustratorie
2844 2719 3143 2775 enuntiant
3187 2725 3284 2771 aut
3352 2714 3604 2785 produnt

2018 2812 2325 2884 Scriptura
2360 2810 2638 2866 divinitus
2668 2809 2975 2880 inspirata.
3009 2806 3226 2862 Cuncta
3245 2804 3394 2859 enim
3417 2803 3485 2858 ad
3509 2816 3600 2857 sa-
3629 2835 3641 2843 -

2018 2905 2192 2960 lutem
2216 2910 2486 2967 nostram,
2519 2911 2784 2957 aeternam
2810 2898 3035 2970 quoque
3065 2896 3366 2967 parandam
3396 2895 3565 2948 vitam
3584 2934 3597 2958 ,

2020 2996 2204 3052 sanxit
2234 3010 2394 3050 sacer
2422 2993 2518 3048 ille
2548 3009 2612 3047 ac
2635 2991 2963 3062 suppliciter
2984 2986 3304 3044 adorandus
3329 2984 3596 3055 Spiritus.

338 3085 479 3172 δοτε,
505 3089 599 3142 καὶ
643 3087 930 3158 δοθήσεται
984 3089 1116 3160 ὑμῖν
1139 3104 1154 3118 ⁸
1191 3091 1392 3163 μέτρον
1426 3094 1590 3147 καλὸν
1620 3095 1912 3149 ὲπιπεπιε-

2020 3086 2219 3157 Magno
2242 3084 2415 3155 igitur
2446 3082 2632 3138 studio
2664 3081 2924 3143 vitemus,
2962 3076 3301 3141 charissimi,
3334 3075 3597 3129 vitiosam

342 3169 559 3249 σμένον,
592 3179 687 3232 καὶ
738 3180 1137 3252 σεσαλεύμενον
1176 3176 1442 3238 δώσουσιν
1479 3186 1560 3248 εἰς
1590 3185 1682 3241 τὸν
1713 3187 1916 3241 κόλπον

2018 3178 2266 3236 avaritia;
2294 3177 2668 3237 alrectionem,
2697 3190 2821 3244 quae
2847 3171 3166 3243 (erudiente
3187 3185 3292 3223 nos
3311 3165 3600 3237 Apostolo)

340 3269 515 3341 ὑμῶν.
556 3270 647 3342 Τῷ
705 3271 1020 3344 αύτῷιγὰρ
1063 3273 1248 3345 μέτρῳ
1279 3269 1325 3342 ᾧ
1364 3279 1617 3347 μετρεῖτε
1641 3316 1656 3340 ,
1690 3277 1918 3350 ἀντιμε-

338 3363 676 3433 τρηθήσεται
718 3365 867 3435 ὑμῖν.
904 3384 924 3417 ι
955 3365 1118 3437 Αὐτῷ
1145 3367 1183 3437 ἠ
1222 3365 1349 3432 δόξα
1388 3369 1469 3431 εἰς
1512 3367 1640 3431 τοὺς
1688 3369 1915 3435 αἰῶνας.

340 3454 546 3526 Ἀμήν.

2015 3271 2329 3329 secundum
2384 3267 2780 3330 idololatrian),
2807 3265 3021 3334 primas
3066 3270 3234 3318 tenet.
3279 3282 3297 3314 ι
3338 3260 3496 3325 Date,
3526 3259 3605 3313 ait

2011 3366 2286 3423 Dominus
2318 3363 2374 3417 in
2411 3359 2746 3429 Evangeliis,
2778 3366 2836 3412 et
2877 3357 3103 3412 dabitur
3138 3355 3341 3421 vobis;
3372 3368 3600 3407 mensu—

2012 3473 2132 3514 ram
2151 3457 2377 3517 bonam,
2403 3451 2729 3522 coagitatam
2781 3448 2995 3503 dabunt
3018 3447 3072 3500 in
3094 3446 3277 3500 sinum
3308 3452 3558 3499 vestrum
3584 3460 3599 3498 :

340 3545 536 3601 eadem
570 3543 722 3601 enim
759 3559 1020 3602 mensura
1051 3562 1162 3617 qua
1207 3546 1386 3604 mensi
1435 3546 1677 3616 fueritis,
1746 3551 2072 3609 remetiatur
2121 3545 2284 3601 vobis
2346 3544 2410 3597 ¹⁸.
2451 3541 2611 3611 »1ρεί
2646 3539 2818 3611 gloria
2866 3539 2924 3593 in
2989 3537 3190 3592 saecula
3248 3536 3601 3593 saeculorum.

345 3642 542 3695 Amen.

937 3731 1159 3784 ΛΟΓΟΣ
1193 3732 1316 3785 OZ'.

868 3819 1007 3887 Περὶ
1042 3821 1384 3888 μετανοίας.

423 3928 511 3992 Ὠς
544 3928 772 3995 γλυκεῖά
800 3930 1198 3999 ὲστιν,άδελ’φοί
1233 3949 1355 4001 μου,
1387 3931 1702 4002 ἡμετάνοια
1721 3950 1736 3965 ·
1764 3935 1919 3989 οὐδὲν

344 4020 531 4092 ἕτερον
590 4020 706 4075 ἀλλ’
760 4020 802 4092 ἢ
853 4021 1152 4093 φάρμακον
1188 4026 1207 4065 ι
1250 4024 1416 4095 ζωῆς.
1470 4026 1722 4080 Μάλιστα
1772 4028 1854 4082 ὄτί
1891 4029 1921 4081 6

346 4117 551 4183 γλυκὺς
608 4115 887 4185 Δεσπότης
949 4116 1126 4186 ἡμῶν,
1168 4116 1570 4185 ἀμνησίκακος,
1624 4117 1865 4187 ἀγαθὸς,
1893 4119 1922 4172 6

348 4207 666 4278 οἳκτίρμων,
699 4208 727 4260 6
755 4206 1159 4276 φιλάνθρωπος,
1187 4209 1215 4260 ὁ
1236 4208 1554 4278 φιλόψυχος,
1589 4211 1618 4262 6
1656 4210 1924 4277 φιλόπτω-

349 4316 460 4370 xor.
490 4300 521 4353 ὅ
573 4299 829 4369 κηδεμὼν
860 4298 960 4368 τῆς
1011 4298 1289 4369 σωτηρίας
1328 4301 1510 4371 ἡμῶν,
1545 4302 1634 4354 ἀει
1663 4299 1797 4373 διψᾷ
1821 4301 1923 4372 τὴν

353 4392 637 4459 μετάνοιαν
673 4388 849 4460 ἡμῶν.
874 4388 1247 4459 Εὐφραίνεται
1287 4390 1396 4461 γὰρ
1435 4392 1528 4444 ἐπὶ
1550 4394 1664 4455 τοῖς
1688 4391 1923 4463 δάκρυσι

2374 3726 2589 3799 ιιωι
2640 3722 2929 3781 HOMlLlA
2987 3721 3246 3776 Lxxvu.

2587 3819 2660 3871 De
2700 3815 3033 3888 pmnitentia.

2087 3935 2365 4002 Quantum
2395 3934 2450 3988 in
2472 3949 2532 3988 se
2565 3931 2736 3986 habet
2758 3929 3027 3998 dulcoris,
3051 3931 3246 3985 fratres
3269 3926 3399 3991 mei,
3423 3925 3607 3996 paeni-

2020 4026 2217 4091 tentia,
2247 4042 2414 4097 quam
2435 4034 2521 4080 est
2544 4023 2731 4078 suavis
2757 4024 2770 4076 ι
2814 4023 2977 4078 Aliud
3011 4037 3243 4093 prorsus
3270 4018 3411 4074 nihil
3437 4032 3605 4089 quam

2021 4119 2331 4176 sarciendae
2366 4118 2500 4174 vitae
2543 4116 2786 4172 salutare
2820 4116 3208 4186 pharmacum,
3244 4120 3307 4167 ut
3336 4127 3403 4167 eo
3434 4109 3609 4165 maxi-

2018 4227 2129 4279 me,
2158 4211 2288 4282 quia
2322 4209 2509 4265 suavis
2550 4217 2636 4263 est
2673 4208 2944 4262 Dominus
2987 4215 3208 4267 noster,
3247 4205 3391 4259 male
3442 4201 3610 4255 nobis

2020 4305 2448 4362 commissorum
2478 4301 2642 4356 facile
2691 4301 3006 4363 immemor,
3039 4300 3317 4370 benignus
3338 4337 3352 4361 ,
3378 4297 3609 4350 misera-

2015 4404 2135 4462 tor,
2167 4393 2403 4449 humani
2455 4392 2696 4464 generis,
2757 4392 2871 4446 imo
2926 4392 3241 4448 animarum
3286 4399 3608 4444 nostrarum

348 4483 451 4537 τῶν
485 4480 893 4554 μετανοούντων
911 4520 927 4547 ,
963 4480 1256 4550 ἀγάλλεται
1286 4481 1381 4535 ὲπὶ
1411 4485 1479 4554 τῇ
1504 4480 1916 4554 ἐξομολογήσει,

2030 4486 2465 4549 amantissimus,
2492 4484 2673 4539 modis
2703 4484 2966 4538 omnibus
3007 4482 3360 4555 prospiciens
3392 4487 3612 4534 'nostrae

348 4575 525 4647 χαίρει
587 4573 682 4628 ἐπὶ
737 4578 805 4645 τῇ
850 4574 1289 4646 συντετριμμένῃ
1328 4574 1426 4628 καὶ
1469 4574 1917 4646 τεταπεινωμένῃ

355 4665 570 4738 καρδίᾳ,
601 4664 692 4719 καὶ
723 4665 863 4737 μετὰ
889 4663 1272 4734 μακροθυμίας
1300 4664 1507 4734 πολλῆς
1527 4665 1793 4736 ἀναμένει
1822 4664 1920 4737 τὴν

352 4757 689 4827 ἐπιστροφὴν
736 4756 917 4827 ἡμῶν,
952 4756 1051 4809 καὶ
1086 4756 1186 4809 οὐκ
1230 4756 1519 4810 ἀπολείπει
1549 4756 1655 4821 ἓως
1682 4757 1923 4827 ἐσχάτης

351 4847 626 4918 ἀναπνοῆς
652 4861 669 4878 ·
708 4844 891 4918 [ποθεί
920 4844 1092 4900 πολλὰ
1135 4845 1236 4916 τὴν
1274 4846 1561 4916 μετάνοιαν
1592 4847 1751 4918 ἡμῶν
1778 4887 1792 4914 ,
1827 4847 1923 4901 καὶ

344 4940 427 5004 ’ὡς
458 4939 551 4994 τὸν
613 4940 1026 5010 μετανοήσαντα
1055 4940 1268 4993 ἄσωτον
1297 4938 1411 4992 υἱὸν
1439 4939 1652 5010 δέχεται
1686 4940 1783 4993 καὶ
1820 4956 1926 4993 κα-

348 5022 619 5104 ταφιλεῖο]
657 5032 991 5102 παρακαλῶν
1019 5032 1113 5085 καὶ
1142 5032 1592 5103 προτρεπόμενος
1644 5033 1740 5087 ἕνα
1790 5033 1923 5087 ἔκα-

352 5137 473 5174 στον
503 5120 660 5191 ἡμῶν
690 5121 830 5193 μετὰ
860 5120 1059 5191 μυρίας
1095 5121 1653 5192 ἀθεμιτουργίαςηκαὶ
1688 5122 1926 5176 διαϐολι-

350 5211 450 5275 κὰς
474 5211 702 5283 πράξεις
739 5212 875 5283 πρὸς
896 5212 1061 5266 αὑτὸν
1093 5212 1422 5284 ἐπιστρέψαι
1443 5227 1460 5244 ⁸
1500 5214 1684 5279 καθὼς
1712 5214 1811 5286 βοᾷ
1839 5212 1927 5269 διὰ

421 5372 640 5443 “Amos
677 5390 733 5440 v,
766 5374 876 5429 l8.‘
956 5374 975 5404 ⁷
1008 5375 1176 5428 Amos
1203 5389 1317 5434 vm,
1346 5372 1399 5426 5.
1503 5375 1523 5407 ⁸
1552 5375 1717 5431 Mich.
1758 5395 1841 5443 vr,
1892 5380 1978 5435 ll.
2052 5382 2072 5413 °
2100 5379 2245 5434 Psal.
2276 5338 2384 5439 an,
2436 5376 2522 5432 l0.

2019 4580 2271 4636 omnium
2316 4576 2497 4632 saluti.
2520 4575 2625 4631 Hic
2662 4576 2788 4630 talis
2827 4575 2968 4630 nihil
3008 4585 3120 4630 tam
3165 4574 3286 4629 sitit
3327 4585 3497 4643 quam
3528 4577 3598 4624 ut

2020 4672 2435 4743 resipiscamus,
2462 4684 2675 4738 nosque
2709 4670 2981 4738 paeniteat
3020 4669 3151 4724 vitae
3181 4667 3420 4736 turpiter
3452 4673 3607 4719 actae.

2020 4759 2199 4829 Super
2219 4758 2476 4830 lacrymis
2505 4772 2565 4812 se
2599 4758 3017 4827 recipientium,
3053 4758 3122 4812 ad
3162 4757 3451 4812 meliorem
3484 4753 3613 4806 vita:

2019 4852 2234 4923 frugem
2267 4851 2408 4905 mire
2442 4850 2662 4904 laetatur
2702 4858 2762 4902 'et
2803 4848 3184 4904 exhilarescit.
3213 4845 3470 4902 Exsultat
3513 4858 3611 4898 su-

2032 4959 2132 5015 per
2160 4943 2503 4999 confessione
2533 4936 2926 5011 poenitentium
2966 4955 3136 5011 super
3169 4939 3417 4994 contrito
3438 4935 3613 4991 corde

2034 5047 2092 5092 et
2137 5037 2426 5093 humiliato
2467 5033 2783 5088 incredibili
2821 5034 3025 5104 gaudio
3053 5031 3429 5104 perfunditur.
3467 5029 3611 5097 Quin

2035 5129 2372 5199 nimisquam
2409 5125 2806 5199 longanimiter
2850 5135 3096 5181 nostram
3149 5124 3405 5195 operitur
3472 5138 3609 5177 con-

2034 5218 2370 5283 versionem,
2407 5232 2511 5272 nec
2537 5217 2759 5272 interim
2785 5216 3152 5286 conquiescit,
3186 5214 3255 5270 ad
3288 5227 3612 5284 supremum

2641 5379 2683 5409 ¹⁰
2713 5375 2848 5431 ibid.
2882 5375 2968 5430 ll.
3099 5366 3296 5425 “Prov
3322 5404 3338 5423 .
3390 5371 3617 5426 “MSS.

331 5520 336 5525 _
375 5443 396 5474 ²
428 5442 675 5514 Sophon.
710 5460 766 5508 ιι,
795 5444 847 5497 5.
928 5444 972 5476 ⁸³
1003 5444 1206 5498 Ezech.
1269 5460 1365 5500 XLV
1386 5444 1440 5511 9,
1476 5444 1563 5499 10.
1646 5447 1690 5477 ³⁸
1722 5442 1916 5504 Ριογ.⁴

2026 5450 2077 5504 1.
2158 5450 2200 5480 ¹⁸
2231 5451 2394 5504 Prov.
2424 5465 2514 5512 xx,
2554 5448 2640 5502 lO.
2722 5448 2786 5500 ιθ.
2814 5446 2932 5500 Luc
2968 5462 3045 5506 vl.
3073 5445 3162 5499 38.

1617 5557 1855 5614 VARUS
1884 5560 2291 5618 LECTIONES.

429 5680 443 5721 ί
476 5678 791 5749 Φάρμακον,
839 5674 1010 5749 dictio
1049 5672 1261 5729 medica
1285 5682 1388 5749 est,
1425 5683 1484 5728 ut
1538 5674 2299 5749 probaturtDeverborum'
2341 5675 2586 5749 signilic.
2625 5673 2664 5729 l.
2719 5673 2845 5749 239,
2879 5671 3023 5749 ex}
3087 5669 3361 5749 Odysscae.
3401 5668 3500 5725 Hic
3556 5668 3612 5723 in

354 5743 787 5820 bonam'partem
827 5746 1067 5802 sumitur
1095 5760 1195 5815 pro
1231 5745 1479 5801 antidoto
1506 5743 1621 5800 sive
1660 5747 1920 5802 remedio.
1960 5746 2060 5819 (Ex
2086 5747 2245 5802 Dion.
2266 5743 2462 5817 Areop.
2488 5746 2655 5819 Epist.
2686 5744 2756 5800 ad
2783 5743 3149 5815 Dorothcum.)
3180 5743 3184 5744 ⁷
3324 5764 3329 5767 -
