3944 6446
484 306 623 384 1659
679 368 682 372 ,

1679 331 1684 335 ·
1754 300 2121 362 ANTIOCHI
2163 300 2508 363 MONACHI

3591 304 3692 374 16'0

476 430 654 486 usque
686 414 814 470 vita;
850 420 1058 490 nostrae
1107 412 1342 470 halitum
1387 413 1694 472 sustinens.
1730 426 1795 466 ac
1819 411 2044 466 demum

2167 415 2241 471 ,οὗ
2269 416 2551 488 προφήτου
2589 415 2783 484 λέγων’
2813 413 2970 469 Μετὰ
3023 412 3200 468 ταῦτα
3263 412 3444 466 πάντα
3492 416 3608 485 πρός
3643 437 3692 488 μδ

473 514 604 579 post
640 513 722 562 tot
753 507 988 561 aliorum
1023 504 1374 559 infandorum
1415 503 1712 558 criminum
1747 501 2048 572 myriades,

474 611 603 672 post
637 607 721 654 tot
742 598 947 669 ﬂagitia
978 612 1103 667 quae
1129 597 1416 651 incentore
1449 594 1674 648 diabolo
1724 592 1829 662 ipsi
1871 591 2051 663 gessi-

476 708 621 757 mus,
658 691 900 744 invitans
926 697 983 743 et
1029 689 1329 743 exhortans
1369 685 1436 739 ad
1483 685 1668 755 ipsum
1719 690 1780 738 ut
1814 699 2054 739 conver-

478 792 666 837 tamur
689 823 702 846 ,
735 778 1199 851 quemadmodum
1251 792 1388 831 voce
1418 776 1621 830 clamat
1677 774 2004 845 prophetica
2036 792 2050 828 :

479 875 548 930 Et
579 891 702 928 cum
735 874 854 928 haec
877 873 1060 927 omnia
1096 871 1315 932 feceris,
1343 869 1428 922 vel
1477 883 1604 923 sero
1635 867 1700 921 ad
1732 883 1820 922 me
1870 883 2056 922 rever-

481 977 620 1022 tere.
649 966 806 1021 Addo
837 1008 848 1032 ,
877 964 1043 1030 nobis
1094 963 1255 1032 longe
1306 958 1599 1030 disiunctis
1649 959 1797 1012 ultro
1852 957 2056 1013 obvius

480 1058 750 1124 occurrit,
781 1054 1257 1124 ciréumplectitur
1278 1060 1337 1105 et
1370 1049 1625 1120 astringit
1652 1067 1666 1114 ;
1709 1058 1900 1119 totque
1932 1050 2054 1118 pia.

483 1154 738 1208 culorum
764 1149 911 1203 notis
939 1146 1374 1206 interstinctum,
1394 1150 1474 1197 tot
1497 1157 1780 1210 aspersum
1810 1141 2052 1212 probris,

483 1255 539 1299 et
565 1244 835 1298 cervicem
869 1255 1044 1310 usque
1075 1239 1226 1292 nulla
1256 1253 1367 1291 non
1402 1244 1560 1306 parte
1595 1236 1856 1291 sordibus
1885 1251 2057 1305 squa-

483 1333 688 1388 lentem
715 1333 973 1402 dignatur
1000 1327 1427 1398 benignissimus
1457 1325 1610 1381 suavi
1633 1327 1825 1382 osculo
1862 1342 1876 1390 ;
1899 1341 1963 1380 ac
1987 1339 2058 1380 ne

481 1438 607 1478 cum
640 1419 910 1494 ejusmodi
934 1418 1156 1488 quidem
1187 1415 1256 1470 de
1281 1423 1513 1470 eatenus
1545 1415 1854 1469 commissis
1882 1429 2058 1483 expo-

481 1515 668 1578 stulat,
703 1513 876 1583 magis
909 1521 1096 1566 autem
1131 1509 1465 1564 felicissima
1493 1506 1642 1561 illius
1688 1506 1818 1561 vita:
1870 1505 2057 1562 futura

479 1605 624 1660 bona
653 1619 710 1658 se
745 1603 1004 1657 daturum
1036 1601 1328 1671 pollicetur
1357 1616 1370 1651 :
1395 1607 1565 1668 atque
1590 1605 1652 1651 ut
1676 1605 1761 1652 est
1789 1612 2056 1666 perquam

480 1697 744 1760 clemens,
785 1691 1266 1764 indulgentissime
1316 1705 1428 1744 non
1480 1690 1662 1744 solum
1716 1688 1904 1758 priora
1960 1688 2058 1742 de-

478 1791 632 1855 licta,
651 1787 748 1843 sed
776 1796 833 1841 et
865 1785 1025 1840 nobis
1047 1791 1320 1854 praerogat
1343 1780 1570 1835 arrham
1602 1781 1731 1834 vitae
1757 1787 2052 1844 secutura,

480 1881 747 1936 nimirum
777 1878 1011 1949 gratiam
1053 1876 1295 1946 Spiritus
1320 1873 1518 1937 sancti,
1549 1872 1860 1941 stolamque
1901 1871 2060 1928 exhi-

479 1974 576 2028 bet
600 1972 932 2042 primariam
972 1969 1124 2023 illam
1162 1965 1604 2036 incorruptionis
1640 1966 1705 2028 ",
1747 1979 1913 2035 quam
1951 1964 2059 2034 ipsi

480 2063 798 2132 accepimus
844 2060 1087 2131 primum
1143 2055 1454 2128 regenerati
1492 2055 1621 2110 l‘acti
1679 2054 1825 2110 unda
1881 2054 2061 2124 bapti-

482 2155 699 2215 smatis,
741 2154 841 2209 sed
879 2152 1074 2209 eadem
1119 2166 1218 2220 per
1262 2157 1550 2219 peccatum
1589 2148 1791 2203 misere
1837 2161 2059 2202 eramus

481 2246 720 2318 spoliati.
752 2244 904 2300 Hanc
936 2245 1112 2315 ipsam
1141 2242 1302 2297 nobis
1329 2239 1626 2296 sinceriter
1650 2239 2054 2310 paenitentibus

482 2353 549 2395 ac
584 2347 700 2393 toto
731 2348 956 2408 pectore
989 2335 1058 2390 ad
1097 2350 1224 2389 eum
1279 2332 1567 2388 conversis
1617 2330 1855 2402 gratuito
1889 2330 2060 2386 donat

482 2430 632 2501 pius.
663 2429 745 2485 Ad
803 2430 940 2491 haec,
982 2428 1129 2483 diem
1181 2426 1378 2481 indicit
1432 2424 1663 2495 transigi
1715 2424 1955 2486 festum,
1990 2437 2059 2478 eo

483 2521 672 2575 beatas
743 2518 865 2572 illas
920 2533 985 2573 ac
1037 2515 1142 2572 sibi
1193 2530 1468 2586 perquam
1534 2513 1730 2569 charas
1801 2513 2057 2578 virtutes,

482 2620 768 2666 ostentans
809 2608 1245 2680 gratulabundus
1275 2623 1440 2678 quam
1489 2606 1701 2662 invenit
1740 2605 2062 2660 drachmam

484 2703 770 2770 (nimirum
796 2701 987 2758 aeterni
1018 2701 1184 2771 Regis
1215 2699 1557 2770 imaginem),
1576 2713 1847 2768 ovemque
1872 2696 2068 2752 errati-

485 2811 607 2853 cam
641 2795 958 2864 impzsitam
1001 2793 1250 2848 humeris
1291 2791 1580 2862 gestitans,
1616 2791 1685 2846 ad
1742 2791 1830 2846 sui
1887 2790 2066 2846 Patris

486 2885 701 2941 inducit
731 2895 1108 2954 conspectum,
1141 2885 1234 2939 ubi
1265 2885 1572 2941 laetantium
1603 2883 1852 2938 omnium
1897 2883 2061 2939 habi-

486 2979 623 3034 tatio
651 2979 706 3032 in
733 2975 848 3046 ipso
877 2985 984 3038 est,
1005 2977 1246 3030 animam
1277 2976 1438 3031 istius
1472 2991 1638 3045 supra
1669 2991 1862 3031 omnes
1890 2975 2058 3042 locat,

2155 508 2515 580 ἀνάστρεψον.
2577 507 2689 560 Καὶ
2763 506 2843 560 ἔτι
2909 505 3129 577 μακρὰν
3202 503 3372 575 ἡμῶν
3432 503 3696 575 ἀπεχόντων

2154 598 2506 669 προστρέχει,
2537 597 2633 650 καὶ⁵
2694 595 2992 664 καταφιλεϊ
3033 593 3130 647 καὶ
3193 590 3600 660 καταλαμϐάνει
3630 598 3698 650 τὸν

2153 688 2516 743 κατάστικτον
2546 686 2639 740 καὶ
2669 684 3040 756 κηλιδωμένον
3087 684 3182 738 καὶ
3209 682 3554 753 όλορύπαρον
3581 687 3703 756 ἡμῶν

2154 781 2427 853 τράχηλον
2455 797 2468 810 ·
2507 779 2604 833 καὶ
2665 778 2768 832 οὐκ
2815 777 3041 845 ἐγκαλεῖ
3090 776 3224 846 περὶ
3273 775 3390 828 τῶν
3439 777 3701 848 προτέρων,

2155 872 2270 928 ἀλλ’
2301 871 2699 941 ἐπαγγέλλεται
2723 869 2791 923 τὰ
2822 869 3090 940 μέλλοντα
3119 886 3135 902 ο
3167 869 3270 922 καὶ
3302 867 3380 931 ὡς
3403 868 3706 938 ὑπεράγαθος

2155 964 2216 1017 οὐ
2277 962 2440 1032 μόνον
2501 963 2776 1031 συγχωρεῖ
2832 960 2935 1024 τὰς
2987 960 3294 1031 ἁμαρτίας,
3332 959 3470 1013 ἀλλὰ
3517 963 3605 1015 καὶ
3633 965 3706 1016 τὸν

2157 1056 2456 1128 ἀρραϐῶνα
2514 1055 2614 1125 τῆς
2659 1051 2808 1123 ζωῆς
2836 1055 3091 1124 παρέχει,
3128 1053 3230 1122 τὴν
3260 1053 3427 1122 χάριν
3457 1051 3550 1106 τοῦ
3581 1055 3708 1119 ἁγίου

2158 1147 2299 1201 Πνεύ
2311 1164 2501 1216 ματος,
2529 1145 2626 1199 καὶ
2649 1147 2749 1216 τὴν
2772 1145 3002 1217 πρώτην
3035 1144 3233 1215 στολὴν
3283 1145 3388 1214 τῆς
3425 1143 3707 1210 ἀθανασίας,

2159 1241 2256 1294 καὶ
2305 1239 2407 1308 τῆς
2456 1237 2788 1308 ἀφθαρσίας,
2819 1237 2885 1308 ἣν
2935 1236 3273 1306 ὲνεδύθημεν
3323 1235 3415 1288 διὰ
3445 1235 3536 1288 τοῦ
3583 1237 3709 1303 ἁγίου

2161 1331 2570 1404 βαπτίσματος,
2599 1331 2696 1384 καὶ
2727 1328 3124 1398 ἀπεδυσάμεθα
3153 1328 3242 1381 διὰ
3277 1327 3384 1396 τῆς
3415 1327 3669 1398 ἁμαρτίας
3693 1345 3706 1360 ·

2159 1418 2316 1485 αὖθις
2362 1420 2672 1491 εἰλικρινῶς
2725 1421 2886 1490 ἡμῶν
2931 1418 3347 1488 μετανοούντων
3379 1419 3476 1472 καὶ
3515 1419 3709 1489 όλοκαρ-

2158 1513 2288 1577 δίως
2336 1512 2779 1582 ἐπιστρεφόντων
2830 1511 2990 1581 ἡμῶν
3036 1511 3176 1581 πρὸς
3225 1509 3421 1573 αὐτὸν,
3459 1509 3706 1580 χαρίζεται

2159 1603 2292 1675 ἡμῖν
2316 1601 2409 1657 καὶ
2439 1601 2634 1673 ἑορτὴν
2667 1603 2814 1670 ἄγει,
2848 1602 2943 1654 καὶ
2972 1600 3239 1669 συγκαλεῖ
3266 1601 3374 1662 τὰς
3409 1601 3567 1666 φίλας
3591 1600 3708 1670 αὐτῷ

2163 1697 2324 1764 ἁγίας
2357 1695 2640 1766 δυνάμεις,
2665 1693 2973 1756 ἐπιδεικνὺς
3007 1693 3191 1756 αὐτοῖς
3222 1693 3328 1762 τὴν
3365 1691 3609 1762 δραχμὴν
3660 1693 3708 1759 ἣν

2158 1783 2320 1860 εὗρε,
2381 1787 2626 1841 τουτέστι
2682 1785 2782 1856 τὴν
2839 1783 3126 1855 βασιλικὴν
3181 1784 3380 1837 είκόνα
3438 1781 3596 1836 αὑτοῦ
3639 1785 3709 1836 καὶ

2156 1879 2524 1948 καθομοίωσιν
2547 1895 2560 1910 ·
2594 1879 2689 1933 καὶ
2737 1879 2824 1932 ἐπ’
2855 1877 3023 1948 ὤμων
3055 1877 3241 1948 φέρων
3295 1876 3364 1929 τὸ
3394 1874 3708 1944 πλανώμενον

2157 1973 2430 2044 πρόϐατον
2482 1971 2695 2040 εἰσάγει
2753 1969 2893 2040 πρὸς
2934 1969 3028 2021 τὸν
3101 1968 3232 2021 ἴδιον
3288 1967 3520 2038 Πατέρα
3550 1982 3564 1997 ο
3612 1965 3707 2017 ἔνθα

2157 2064 2600 2138 εὐφραινομένων
2627 2062 2897 2131 πάντωνῆ
2933 2060 3186 2115 κατοικία
3222 2061 3286 2112 ὲν
3319 2059 3496 2128 αὐτῷ,
3531 2059 3613 2111 καὶ
3638 2058 3708 2127 τήν

2157 2158 2334 2228 ψυχὴν
2371 2155 2538 2209 αὐτοῦ
2583 2154 2795 2224 τίθησιν
2831 2152 2974 2223 ὑπὲρ
3022 2152 3132 2206 τῶν
3179 2151 3598 2220 ἀποφυγόντων.
3629 2151 3710 2204 Kal

2161 2248 2418 2314 πολλάκις
2443 2248 2538 2302 καὶ
2574 2247 2697 2315 είκῆ
2733 2244 3076 2313 κατεγκαλοό
3089 2261 3252 2315 μενος
3289 2245 3429 2314 παρ’
3466 2241 3616 2312 ἡμῶν
3639 2259 3711 2310 μα-

2160 2341 2426 2413 κροθυμεῖ
2453 2341 2547 2394 καὶ
2572 2339 2844 2410 ἀνέχεται.
2875 2337 3008 2411 [Καὶ
3024 2339 3204 2408 χαίρει
3227 2337 3328 2390 ἐπὶ
3351 2339 3420 2406 τῇ
3451 2336 3710 2402 ἐπιστροφῇ

2161 2435 2257 2488 καὶ
2309 2432 2569 2502 μετανοίᾳ
2624 2429 2834 2500 ήμῶν.ι
2879 2431 3137 2500 Ἔχοντες
3160 2423 3278 2493 οὖν,
3303 2424 3550 2493 ἀδελφοὶ,
3576 2421 3712 2474 τοιοῦ·

2161 2542 2253 2579 τον
2279 2523 2652 2592 εὖσπλαγχνον
2679 2521 2982 2592 Δεσπότην,
3019 2519 3094 2592 μὴ
3115 2521 3452 2588 ὀκνήσωμεν
3486 2512 3711 2583 ἁποστρέ·

2163 2617 2262 2687 ψαι
2296 2615 2430 2685 πρὸς
2459 2613 2624 2669 αὐτὸν
2668 2615 2980 2684 συντόμως,
3015 2612 3148 2682 μηδὲ
3202 2610 3498 2681 βάλλωμεν
3531 2605 3712 2664 ἑαυτοὺς

2163 2707 2246 2770 είς
2283 2704 2578 2778 ρᾳθυμίαν,
2607 2703 2704 2759 καὶ
2751 2703 3062 2771 ἀπόγνωσιν
3092 2703 3182 2756 διὰ
3209 2702 3282 2754 τὰ
3328 2699 3620 2754 ἀνύποιστα
3641 2695 3710 2748 καὶ

2163 2796 2516 2868 ἅναρίθμητα
2562 2794 2719 2866 ἡμῶν
2764 2795 3163 2865 ἁμαρτήματα,
3189 2791 3349 2862 Αὕτη
3388 2791 3503 2860 γάρ
3541 2786 3708 2854 ἔστινή

2161 2886 2342 2942 τελεία
2368 2885 2515 2957 χαρὰ
2551 2884 2646 2940 τοῦ
2678 2884 2922 2939 διαϐόλου
2953 2899 2972 2917 ⁶
3002 2882 3142 2953 αὕτη
3197 2883 3361 2937 ἐστὶν
3395 2883 3430 2952 ὴ
3479 2878 3606 2950 πρὸς
3637 2876 3708 2929 θὰ-
3822 2874 3830 2899 '

2162 2994 2321 3032 νατον
2340 2975 2602 3048 ἁμαρτία,
2625 2977 2691 3048 ἢν
2711 2977 2858 3043 λέγει
2879 2977 2912 3047 ἡ
2935 2975 3150 3046 Γραφή.

485 3069 582 3140 qui
609 3087 638 3125 a
661 3079 770 3124 tam
803 3070 1059 3124 clementi
1083 3070 1244 3124 Patre
1270 3069 1510 3124 ultronei
1542 3069 1887 3140 resiliuntae
1908 3069 2198 3126 secedunt.
2258 3071 2370 3127 Sed
2435 3081 2493 3127 et
2517 3071 2692 3126 nobis
2748 3071 2987 3126 subinde
3047 3085 3110 3126 ac
3151 3078 3370 3126 temere
3399 3058 3711 3135 dequerenti-

488 3162 595 3216 bus
630 3176 693 3215 ac
738 3176 924 3215 secum
973 3161 1472 3230 expostulantibus,
1508 3177 1621 3216 non
1654 3177 1784 3217 raro
1833 3161 2070 3218 sustinet
2107 3177 2172 3218 ac
2217 3163 2429 3234 perfert
2473 3149 2860 3235 longanimisf
2891 3162 3106 3232 Itaque,
3139 3161 3366 3223 fratres,
3405 3157 3565 3212 talem
3616 3164 3711 3207 cum

488 3252 794 3307 habeamus
822 3260 879 3307 et
903 3252 982 3307 sic
1014 3252 1430 3308 misericordem
1457 3253 1774 3319 Dominum,
1795 3270 1867 3309 ne
1891 3262 2219 3312 cunctemur
2275 3255 2345 3311 ad
2397 3271 2527 3312 eum
2587 3255 2858 3320 converti,
2892 3269 3002 3310 neu
3058 3251 3536 3310 intolerandorum
3567 3262 3623 3300 ac
3641 3246 3706 3298 in-

486 3344 918 3399 numerabilium
951 3357 1106 3398 more
1155 3345 1406 3398 exterriti
1472 3352 1827 3414 peccatorum
1867 3361 1968 3401 nos
2012 3346 2163 3417 ipsos
2201 3347 2470 3404 dedamus
2533 3349 2822 3413 socordiae,
2895 3356 2992 3404 aut
3055 3347 3112 3402 in
3159 3347 3424 3417 abyssum
3474 3337 3714 3412 pertruda-

485 3452 610 3494 mus
675 3434 1096 3506 desperationis.
1135 3434 1344 3506 1155
1369 3435 1507 3489 Dum
1531 3437 1679 3490 enim
1698 3436 2056 3493 lentescimns
2080 3446 2138 3494 et
2176 3449 2507 3497 cunctamur
2529 3441 2803 3509 converti,
2831 3440 3052 3511 plenum
3082 3454 3345 3510 paramus
3374 3436 3587 3494 diabolo
3606 3446 3710 3503 gau-

487 3533 683 3596 dium;
725 3528 1040 3600 desperatio
1097 3536 1282 3581 autem
1342 3536 1491 3582 recta
1554 3528 1624 3583 ad
1679 3539 1916 3587 mortem
1969 3531 2215 3588 deducit.
3473 3525 3478 3528 ’

557 3626 900 3682 Accedamus
940 3622 1166 3679 interim
1197 3621 1265 3676 ad
1301 3623 1710 3692 paenitentiam,
1743 3642 1866 3695 qua:
1891 3627 2065 3681 nostri

2245 3629 2644 3701 Προσέλθωμεν
2704 3622 2798 3682 οὖν
2830 3630 2902 3698 τῇ
2958 3626 3238 3698 μετανοίᾳ,
3287 3621 3558 3701 καὶᾼαῦτη
3603 3633 3709 3688 πρε-

487 3734 656 3776 causa
706 3718 851 3788 apud
926 3718 1098 3771 Deum
1146 3715 1309 3785 plena
1363 3712 1620 3784 fungatur
1677 3716 1954 3786 legatione
2011 3734 2077 3773 ac

488 3819 772 3882 precetur.
809 3809 920 3863 Nos
949 3821 1173 3876 quoque
1207 3820 1333 3860 cum
1372 3803 1610 3862 Jeremia
1644 3808 1917 3879 propheta
1966 3811 2077 3864 cla-

490 3918 708 3958 memus
761 3915 897 3956 voce
952 3905 1210 3955 exserta:
1242 3917 1262 3949 ι
1298 3897 1435 3964 Quia
1479 3909 1703 3968 peccata
1743 3912 1931 3957 nostra
1961 3902 2078 3974 ipsa

488 3998 818 4055 restiterunt
864 3994 1024 4050 nobis
1053 4034 1068 4058 ,
1092 4001 1150 4049 et
1191 3993 1323 4063 quia
1368 3994 1556 4049 multae
1596 3995 2079 4065 praevaricationes

489 4096 696 4144 nostrae
753 4101 940 4142 coram
985 4094 1060 4150 te,
1103 4083 1334 4138 Domine
1363 4099 1378 4148 ;
1405 4084 1504 4138 sed
1535 4083 1624 4140 fac
1655 4086 1944 4141 nobiscum
1975 4101 2078 4156 pro

489 4179 662 4251 gloria
733 4176 976 4234 nominis
1045 4174 1126 4230 tui
1153 4175 1216 4229 “'.
1249 4174 1361 4229 Et:
1407 4193 1428 4226 ‹
1482 4174 1566 4230 Tu
1618 4175 1677 4232 in
1742 4177 1905 4233 nobis
1971 4193 2078 4245 es,

491 4271 746 4333 Domine,
780 4276 837 4324 et
863 4283 1066 4322 nomen
1140 4274 1393 4321 sanctum
1441 4272 1600 4319 tuum
1639 4266 1958 4322 invocatum
1995 4277 2082 4325 est

491 4374 663 4428 super
724 4373 826 4412 nos
852 4358 915 4410 ¹⁹.
963 4376 982 4410 ι
1036 4357 1106 4411 Et
1185 4371 1313 4410 cum
1388 4355 1612 4411 Michaaa
1675 4359 2076 4428 opploremus:

499 4467 518 4502 ι
559 4448 701 4504 [ram
747 4447 966 4503 Domini
1023 4445 1280 4517 portabo,
1319 4445 1582 4516 quoniam
1609 4448 1834 4515 peccavi
1862 4449 1914 4503 ei
1942 4450 2011 4505 ν’.
2052 4467 2072 4503 ι

493 4540 632 4597 Cum
692 4540 909 4594 David:
946 4559 965 4591 ‹
1006 4538 1278 4594 Delictum
1349 4553 1535 4593 meum
1623 4542 1904 4611 cognitum
1973 4543 2079 4598 tibi

492 4626 623 4697 feci,
666 4639 724 4686 et
772 4641 1056 4702 peccatum
1103 4647 1286 4685 meum
1350 4645 1462 4684 non
1522 4631 1786 4688 abscondi
1810 4635 1878 4687 υ.
1912 4653 1930 4686 ι
1967 4634 2078 4690 Sed

495 4722 758 4777 revelabo
796 4740 816 4774 ι
862 4722 930 4778 Et
962 4720 1273 4777 conﬁtebor
1295 4721 1594 4776 adversum
1627 4737 1713 4780 me
1741 4703 2074 4795 iniustitiam

496 4827 675 4867 meam
706 4812 964 4879 Domino,
989 4821 1047 4868 et
1082 4824 1141 4866 tu
1191 4812 1456 4867 remisisti
1499 4812 1843 4882 impietatem
1892 4816 2077 4874 cordis

497 4906 609 4960 mei
633 4908 699 4960 “.
746 4924 764 4958 ι
807 4906 890 4960 Tu
931 4907 1079 4962 enim
1109 4905 1322 4971 dixisti,
1353 4905 1584 4960 Domine
1618 4921 1633 4960 :
1676 4925 1695 4959 ‹
1732 4906 1832 4962 Dic
1866 4917 1922 4962 tu
1958 4909 2075 4978 pri»

2182 3697 2354 3787 σδειέῃ
2421 3697 2562 3790 ὑπὲρ
2623 3719 2782 3789 ἡμῶν
2832 3697 2969 3790 προς
2995 3721 3087 3772 τὸν
3129 3717 3265 3772 Θεόν
3291 3734 3305 3748 ο
3345 3697 3615 3787 βοῆσωμεν
3640 3707 3712 3760 καὶ

2179 3814 2339 3881 ἡμεῖς
2357 3812 2495 3882 μετὰ
2514 3810 2608 3864 τοῦ
2627 3813 2910 3882 προφήτου
2925 3810 3211 3881 Ἱερεμίου,
3227 3811 3382 3863 (Ὅτι
3403 3809 3461 3862 αἱ
3487 3799 3709 3872 ἁμαρτίαι

2178 3902 2337 3973 ἡμῶν
2359 3904 2695 3974 ἀντέστησαν
2723 3906 2878 3974 ἡμῖν,
2909 3903 2992 3956 ὅτι
3026 3901 3223 3954 πολλαὶ
3252 3903 3310 3956 at
3335 3897 3550 3954 ἀνομίαι
3576 3889 3704 3962 ἡμῶν

2179 3993 2423 4048 ἐναντίον
2483 4011 2600 4060 σου,
2629 3994 2804 4065 Κύριε
2822 4008 2836 4024 ο
2869 3991 3098 4062 ποίησον
3122 3993 3256 4062 ἡμῖν
3282 3991 3470 4043 ἕνεκεν
3507 3983 3591 4037 τοῦ
3616 3980 3706 4034 όνό·

2181 4085 2352 4158 ματός
2383 4102 2499 4138 σου.
2539 4103 2560 4139 ι
2597 4085 2731 4151 Καὶ,
2761 4101 2780 4136 ι
2812 4084 2886 4138 Σὺ
2913 4085 2972 4136 ὲν
3005 4084 3160 4152 ἡμῖν,
3194 4080 3392 4152 Κύριε,
3426 4077 3517 4132 καὶ
3540 4074 3594 4127 τὸ
3614 4071 3702 4124 δνο-

2183 4177 2260 4250 μά
2310 4193 2404 4232 σου
2459 4175 2816 4247 ἐπικέκληται
2885 4176 2971 4244 ἔφ’
3013 4175 3185 4245 ἡμᾶς.
3226 4192 3246 4226 ι
3284 4173 3397 4226 Καὶ
3446 4164 3574 4238 μετὰ
3621 4161 3702 4250 hil-

2179 4249 2359 4340 καίοι),
2383 4286 2403 4320 ⁴
2425 4267 2626 4340 ὐργὴν
2646 4265 2858 4338 Κυρίου
2881 4263 3110 4330 ὑποίσω,
3129 4263 3268 4318 διότι
3281 4263 3518 4332 ἥμαρτον
3541 4249 3698 4318 αὐτῷ.»

2179 4360 2292 4414 Καὶ
2321 4358 2459 4430 μετὰ
2489 4358 2586 4412 τοῦ
2615 4358 2800 4422 Δασὶδ,
2837 4378 2858 4414 ς
2893 4357 3008 4428 Τὴν
3042 4355 3272 4424 ἀνομίαν
3320 4369 3423 4424 μου
3457 4344 3696 4417 ἐγνώρισαν

2181 4451 2277 4506 καὶ
2321 4450 2420 4522 τὴν
2447 4451 2725 4522 ἁμαρτίαν
2760 4467 2865 4520 μου
2889 4450 2990 4503 οὐκ
3013 4449 3286 4516 ἐκάλυψα,
3331 4464 3351 4497 ι
3382 4442 3494 4498 ἀλλ’
3522 4477 3536 4500 .
3561 4456 3578 4488 ί
3613 4430 3700 4522 Ἕξῖ

2179 4518 2467 4614 αγορειίσω
2489 4518 2616 4597 κατ’
2635 4518 2772 4612 ὲμοῖί
2796 4541 2894 4610 τὴν
2912 4539 3145 4609 ἀνομίαν
3178 4555 3280 4606 μου
3315 4535 3393 4605 τῷ
3421 4528 3608 4601 Κυρίῳ,
3631 4518 3698 4614 Ital

2179 4609 2246 4688 ob
2271 4609 2496 4704 ἀφῆκας
2523 4634 2622 4703 τὴν
2653 4609 2910 4688 ἆσέὸειαν
2943 4632 3043 4699 τῆς
3072 4627 3302 4699 καρδίας
3337 4641 3454 4696 μου.
3485 4641 3502 4672 ι
3535 4617 3596 4670 Σὺ
3621 4609 3726 4704 γάρ,

2127 4758 2132 4762 ”
2179 4702 2586 4796 εἶπας-Κύριέ
2621 4743 2639 4776 ε
2681 4721 2818 4781 Εἰπὲ
2862 4721 3078 4791 πρῶτος
3116 4718 3348 4787 ἀνομίας
3406 4731 3493 4768 σου
3525 4710 3600 4763 ἴνα
3639 4702 3698 4754 δι·

2180 4817 2445 4887 καιωθῇς.
2487 4835 2506 4868 ι
2538 4813 2768 4886 ὼρῤὦν
2822 4811 2938 4876 οὖν,
2971 4811 3238 4875 Δέσποτα,
3266 4811 3348 4872 εἰς
3394 4805 3452 4858 τὸ
3512 4797 3697 4887 πέλαγος

2178 4909 2276 4979 τῆς
2346 4885 2746 4976 εὔσπλαγχνίας
2799 4921 2915 4967 σου,
2946 4902 3241 4974 προσφέρω
3302 4916 3383 4952 σοι
3439 4894 3500 4945 ὲκ
3535 4885 3696 4979 στόμα-

497 5013 624 5052 mus
653 4997 977 5068 iniquitates
1001 5005 1144 5063 tuas,
1181 5006 1244 5052 ut
1269 4996 1594 5068 justiﬁeeris
1617 4997 1683 5052 ’³.
1725 5016 1742 5051 ι
1786 4999 1892 5068 Spe
1913 4975 2065 5071 igitui

2179 4975 2269 5064 τος
2309 4998 2556 5070 ῥυπαροῦ
2597 4975 2719 5051 καὶ
2752 4996 2977 5067 χειλέων
3024 4995 3354 5066 ἀκαθάρτων
3401 4988 3492 5056 τὴν
3528 4975 3695 5071 ίκεσίαν

497 5091 695 5157 fretus,
741 5091 994 5155 Domine,
1026 5090 1369 5148 inexhausta
1392 5099 1449 5145 et
1482 5090 1752 5162 abyssalis
1772 5093 2090 5149 misericor-

500 5179 607 5234 dia:
638 5189 768 5243 tum,
790 5197 859 5237 ex
891 5197 989 5237 ore
1024 5198 1149 5237 meo
1189 5181 1430 5251 impuro,
1463 5189 1521 5234 et
1558 5181 1726 5236 labiis
1757 5182 2080 5246 immundis,

501 5272 648 5328 lianc
707 5288 873 5328 unam
939 5275 1405 5344 supplicationem
1463 5274 1637 5329 oﬂ'ero
1699 5275 1820 5330 tibi.
1877 5276 2086 5332 Memor

499 5371 656 5429 esto,
693 5364 824 5433 quia
865 5379 1066 5418 nomen
1121 5375 1280 5421 tuum
1323 5374 1576 5421 sanctum
1626 5365 1942 5443 invocatum
1995 5375 2081 5423 est

503 5470 677 5527 super
705 5471 812 5523 me,
843 5456 938 5528 qui
965 5471 1052 5512 me
1075 5457 1359 5513 redemisti
1385 5458 1630 5528 pretioso
1651 5466 1747 5515 tuo
1779 5459 2077 5532 sanguine.

485 5630 767 5724 ,ωί-ξ-Ιλξξ.
797 5647 887 5702 xv,
913 5633 1005 5689 22.
1089 5635 1132 5668 ιθ
1161 5633 1275 5691 Jer.
1319 5651 1426 5705 xiv,
1469 5635 1522 5690 7.
1602 5637 1646 5670 η
1694 5637 1827 5694 ibid,
1879 5639 1932 5695 9,

505 5718 655 5766 xun,
682 5701 773 5756 26.

2047 5639 2088 5671 ²⁹
2131 5636 2272 5693 Micb
2330 5651 2438 5702 vn,
2473 5636 2526 5693 9.

2188 5063 2416 5162 ταύτην.
2452 5063 2852 5162 Μνήσθητινότι
2882 5089 2946 5141 τὸ
2971 5087 3148 5156 ὄνομὰ
3177 5063 3272 5138 σου
3303 5085 3361 5138 τδ
3389 5081 3526 5147 ἅγιον
3553 5063 3696 5124 ἐπικέ·

2187 5185 2382 5256 κληται
2435 5185 2521 5244 ἐπ’
2556 5183 2700 5252 ἐμοὶ.
2729 5183 2824 5239 καὶ
2853 5179 3196 5250 ὲξηγόρασάς
3221 5195 3297 5246 με
3342 5177 3414 5246 τῷ
3441 5166 3582 5239 τιμίῳ
3619 5172 3688 5256 ῗθν

2187 5251 2380 5347 αἵματι
2401 5293 2416 5309 ·
2455 5277 2539 5330 ὅτι
2567 5251 2906 5346 ὲνσφράγισάς
2935 5291 3000 5343 με
3065 5271 3144 5342 τῷ
3173 5270 3443 5344 ἀρραϐῶνι
3462 5258 3544 5314 τοῦ

2186 5340 2280 5420 σου
2348 5340 2688 5436 Πνεύματος,
2736 5340 2829 5417 καὶ
2873 5340 3155 5432 ἀνήγαγέής
3317 5363 3380 5414 ὲκ
3435 5351 3514 5408 τοῦ
3563 5340 3684 5436 putica

2186 5457 2328 5533 [τῆς]
2356 5459 2464 5513 τῶν
2498 5432 2761 5530 *ἀνομιῶν
2814 5474 2939 5528 μου,
2971 5455 3056 5509 ἵνα
3119 5455 3195 5527 μὴ
3243 5450 3532 5519 ἀποσυλήσῃ
3581 5432 3683 5507 μεό

2641 5635 2684 5667 υ
2737 5633 2881 5690 Psal.
2933 5647 3078 5696 ωι,
3130 5632 3164 5686 5
3272 5631 3316 5662 η
3363 5621 3481 5683 ibid.
3538 5615 3572 5646 "
3603 5610 3672 5664 ιεα·
