3944 6462
311 309 454 368 ltiti}

1238 305 1568 366 HOMIIJA
1607 304 1896 367 LXXVII.
1920 329 1990 342 -
2010 306 2108 367 DE
2144 307 2653 371 ΡζΕΝΙΤΕΝΤΙΑ.

3438 300 3572 364 1(‘62

305 414 528 486 ἐχθρός.
579 412 753 482 Ἰησοῦ
782 411 1004 485 Χριστὲ,
1040 413 1289 482 ἀντίσχοι)
1343 431 1432 484 μοι
1481 413 1578 469 καὶ
1604 414 1764 484 γενοῦ
1799 432 1884 485 μοι

1996 416 2234 489 Signasti
2280 418 2428 474 enim
2482 435 2569 474 me
2603 417 2914 476 arrhabone
2945 417 3118 474 sancti
3155 415 3234 472 tui
3285 415 3564 485 Spiritus:

302 507 509 582 βοηθὸς
547 507 806 578 κραταιὸς
833 509 891 560 ὲν
916 505 1160 578 πολέμῳ,
1186 507 1268 560 ὅτι
1309 506 1498 570 δοῦλός
1528 510 1644 576 εἰμι
1699 508 1888 562 ἔπιθυο

309 605 467 675 μίας,
500 601 594 656 καὶ
639 601 986 672 πολεμοῦμαι
1032 601 1128 654 ὑπ’
1154 601 1325 668 αὐτῆς
1355 617 1369 631 ·
1398 599 1534 655 ἀλλὰ
1573 602 1659 662 σὺ,
1687 600 1884 671 Κύριε,

311 695 392 764 μὴ
419 694 792 765 ὲγκαταλίπῃς
837 710 906 762 με
945 692 1037 746 τὸν
1066 694 1155 746 ἐπὶ
1185 693 1287 763 γῆς
1315 692 1650 764 ἐρριμμένον
1693 694 1750 745 ὲν
1783 708 1886 744 κα-

305 785 508 856 ταδίκῃ
559 783 736 854 ἔργων
771 801 872 854 μου
903 798 918 812 ·
951 782 1316 853 ἐλευθέρωσὸν
1369 801 1459 850 με,
1493 783 1756 844 Δέσποτα,
1790 784 1888 852 τῆς

306 876 558 945 πονηρᾶς
582 873 827 938 δουλείας
857 871 950 926 τοῦ
981 874 1449 944 κοσμοκράτορας,
1484 874 1578 928 καὶ
1606 873 1888 927 οἰκείωσόν

307 975 382 1040 με
426 971 484 1021 ἐν
514 971 626 1032 τοῖς
657 966 1044 1038 προστάγμαςί
1083 984 1175 1020 σου
1205 983 1219 995 ο
1248 969 1280 1036 ή
1313 967 1430 1029 ὁδὸς
1456 967 1558 1034 τῆς
1593 967 1742 1037 ζωῆς
1781 983 1884 1038 μου

303 1061 336 1112 ὁ
370 1060 604 1131 Χριστός
637 1075 738 1129 μου
772 1074 785 1087 ο
823 1058 916 1111 καὶ
960 1057 1020 1110 τὸ
1065 1057 1189 1125 φῶς
1204 1057 1314 1110 τῶν
1347 1057 1646 1128 ὀφθαλμῶν
1673 1075 1797 1128 μου,
1827 1055 1889 1110 τὸ

306 1154 602 1224 πρόσωπόν
653 1168 770 1205 σου.
803 1150 899 1206 Θεὲ
936 1149 1202 1214 Δέσποτα,
1235 1149 1330 1202 καὶ
1381 1149 1555 1220 Κύριε
1597 1149 1698 1220 τῆς
1744 1147 1889 1219 ζωῆς

307 1263 444 1317 μου,
472 1243 850 1315 μετεωρισμδν
879 1242 1173 1312 ὀφθαλμῶν
1204 1259 1305 1312 μου
1362 1242 1435 1311 μὴ
1465 1240 1607 1311 δῴης
1639 1257 1729 1312 μοι
1760 1239 1888 1292 ⁸καὶ

305 1335 610 1405 ἐπιθυμίαν
656 1335 832 1402 κακὴν
895 1333 1208 1402 ἀπόστησον
1253 1334 1350 1386 ἀπ’
1407 1330 1568 1402 ἐμοῦ.
1608 1330 1889 1402 Ἀντίσχου

308 1442 404 1495 με,
427 1423 653 1495 Χριστὲ,
683 1427 746 1494 τῇ
783 1423 928 1494 χειρί
961 1439 1054 1475 σου
1085 1425 1153 1492 τῇ
1176 1422 1309 1494 ἁγίᾳ
1330 1437 1344 1451 ’
1377 1420 1587 1494 ὀρέξεις
1623 1422 1716 1476 καὶ
1757 1439 1886 1474 συν-

303 1518 597 1588 ουσιασμοὶ
626 1517 700 1588 μὴ
741 1515 1195 1572 καταλασέτωσάν
1237 1532 1324 1584 με,
1357 1515 1454 1568 καὶ
1485 1515 1630 1586 ψυχῇ
1679 1505 1888 1568 ἀναιὅεί

307 1607 390 1679 μὴ
418 1604 673 1679 παραδῷς
702 1623 790 1676 με.
823 1605 1051 1675 Λάμψον
1088 1606 1145 1658 ἐν
1183 1606 1308 1675 ἐμοὶ
1352 1605 1412 1657 τὺ
1444 1604 1558 1673 φῶς
1587 1603 1682 1659 τοῦ
1711 1622 1885 1676 προσ-

303 1699 459 1752 ώπου
518 1715 636 1761 σου,
679 1696 874 1767 Κύριε,
907 1697 994 1751 ἵνα
1054 1697 1194 1768 μὴή
1242 1695 1430 1750 σκοτία
1481 1695 1764 1768 καταλάϐῃ
1793 1714 1882 1766 με,

304 1794 405 1848 καὶ
433 1795 461 1847 ὁ
487 1792 807 1864 περιπατῶν
844 1794 904 1847 ἐν
937 1793 1073 1864 αὐτῇ
1102 1793 1407 1863 ὑφαρπὰσῃ
1445 1809 1533 1864 με.
1560 1791 1653 1863 Μὴ
1700 1808 1885 1862 παρα-

303 1885 432 1956 δῷς,
459 1885 651 1956 Κύριε,
676 1885 886 1954 θηρίοις
917 1887 1166 1955 ἅοράτοις
1188 1885 1366 1956 ψυχὴν
1388 1882 1890 1954 ὲξομολογουμὲνην

307 1994 414 2031 σοι.
447 1977 538 2047 Μὴ
569 1976 860 2048 καταδέξῃ,
901 1977 1096 2048 Κύριε,
1128 1977 1401 2047 πληγῆναι
1439 1970 1622 2029 δοῦλόν
1655 1991 1749 2029 σου
1784 1974 1889 2028 ὑπὸ

303 2069 493 2124 κυνῶν
517 2068 812 2139 ἀλλοτρίων
835 2085 851 2100 ·
886 2068 1068 2136 ξενίαν
1102 2069 1197 2122 τοῦ
1229 2069 1389 2137 ἁγίου
1425 2086 1522 2122 σου
1570 2066 1890 2138 Πνεύματος

305 2158 644 2225 καταξίωσὸν
681 2177 770 2230 με,
802 2160 985 2230 Πάτερ
1010 2159 1161 2228 ἅγιε,
1189 2158 1465 2229 γενέσθαι,
1495 2159 1596 2214 καὶ
1622 2149 1772 2213 οἷκον
1793 2157 1887 2213 τοῦ

304 2252 546 2323 Χριστοῦ
576 2269 708 2305 σου·
743 2252 1098 2324 οἰκοδόμησόν
1132 2270 1221 2323 με,
1259 2253 1288 2306 ὀ
1318 2249 1509 2324 ὁδηγδς
1529 2251 1640 2306 τῶν
1680 2252 1890 2306 πεπλα-

304 2343 562 2413 νημένων
583 2359 597 2373 ⁶
627 2344 794 2414 οδήγη
806 2345 897 2397 σόν
949 2361 1040 2413 με,
1071 2343 1159 2398 ἴνα
1198 2343 1272 2415 μὴ
1301 2342 1535 2397 ὲκκλίνω
1559 2344 1640 2408 εἰς
1667 2342 1734 2396 τά
1761 2343 1888 2414 ἀρι-

309 2434 478 2504 στερά
498 2451 512 2464 ·
546 2436 841 2505 πρόσωπόν
864 2452 979 2500 σου,
1007 2435 1202 2506 Κύριε,
1236 2435 1363 2488 ἰδεῖν
1387 2434 1654 2490 ἐπιποθῶ·
1678 2436 1706 2489 ὁ
1727 2435 1882 2500 Θεὸς,

306 2525 385 2596 τῷ
438 2526 578 2594 φωτὶ
629 2525 720 2579 τοῦ
769 2525 1061 2598 προσώπου
1121 2544 1214 2580 σου
1262 2525 1528 2599 ὁδήγησόν
1603 2543 1671 2598 με
1697 2541 1713 2554 ⁶
1761 2526 1888 2597 ῥοῦν

308 2617 558 2688 δακρύων
590 2619 821 2689 χάρισαί
864 2637 956 2687 μοι
985 2619 1071 2689 τῷ
1097 2618 1269 2690 δούλῳ
1301 2636 1417 2684 σου,
1447 2619 1539 2672 καὶ
1567 2619 1770 2688 ίκμάδα
1793 2617 1887 2673 τοῦ

307 2707 466 2777 ἁγίου
532 2727 625 2762 σου
684 2709 1011 2780 Πνεύματος
1057 2708 1298 2781 δώρησαι
1331 2709 1410 2781 τῷ
1439 2709 1722 2780 πλάσματί
1768 2727 1884 2778 σου,

309 2800 396 2854 ἱνα
433 2801 508 2870 μὴ
552 2801 805 2870 ξηρανθῶ
845 2802 922 2867 ώς
956 2804 990 2874 ἠ
1028 2803 1168 2874 συκῆ
1198 2802 1266 2873 ἣν
1299 2804 1363 2856 σὺ
1417 2803 1718 2874 κατηράσω
1749 2821 1763 2836 ο
1795 2803 1888 2857 καὶ

307 2891 446 2946 ἔστω
465 2893 535 2946 τὰ
561 2893 771 2965 δάκρυὰ
813 2911 916 2963 μου
950 2896 1030 2958 εἰς
1056 2894 1188 2964 ἐμὸν
1216 2893 1368 2964 πόμα
1399 2909 1415 2925 °
1454 2896 1550 2947 καὶ
1585 2896 1624 2966 ἡ
1647 2912 1884 2966 προσευ-

306 2984 375 3054 χή
429 3001 528 3053 μου
565 2984 683 3036 ἀντὶ
735 2983 1010 3054 βρώσεως.
1041 2984 1277 3054 Τρέψον,
1300 2983 1498 3054 Κύριε,
1522 2984 1614 3038 τὸν
1659 2985 1888 3039 κοπετόν

1997 512 2264 567 reduxisti
2325 512 2503 592 enim“
2543 527 2631 567 me
2703 528 2770 567 ex
2830 511 3098 566 altissima
3142 508 3405 581 voragine
3455 507 3566 563 ini-

1990 605 2264 676 quitatum
2335 619 2630 669 mearum,
2698 613 2766 659 ut-
2820 617 2892 658 ne
2951 601 3008 658 in
3071 601 3255 672 praeda
3316 599 3566 655 abduce-

1988 705 2074 768 ret
2106 711 2193 750 me
2234 696 2514 753 inimicus.
2546 697 2678 755 Jesu
2722 695 2942 751 Christe
2964 735 2978 760 ,
3013 693 3234 750 sufiulei
3278 707 3366 748 me
3399 700 3568 762 atque

1988 796 2328 852 sustenta,et
2355 797 2474 847 esto
2504 788 2640 843 mihi
2672 787 2978 852 auxiliaris,
3005 794 3064 841 tu
3092 786 3144 840 in
3170 786 3323 840 bello
3343 794 3570 855 potens.

1990 877 2195 935 Servus
2232 880 2381 934 enim
2414 895 2535 934 sum
2580 879 3072 948 concupiscentiae,
3102 877 3170 931 ab
3209 877 3314 931 hac
3366 875 3576 930 misere

1989 987 2278 1041 oppugnor
2307 989 2321 1034 ;
2353 971 2447 1025 sed
2477 980 2554 1035 tu,
2584 971 2836 1035 Domine,
2873 986 2943 1026 ne
2989 987 3078 1025 me
3127 969 3482 1037 derelinquas
3507 967 3565 1022 in

1991 1067 2194 1115 terram
2223 1059 2536 1131 disiectum,
2555 1053 3006 1131 quianquuidem
3024 1073 3264 1130 agnosco
3286 1067 3348 1112 et-
3363 1057 3565 1111 damno

1990 1167 2157 1223 opera
2182 1168 2322 1208 mea.
2356 1152 2657 1222 Emancipa
2683 1169 2789 1218 me,
2815 1152 3069 1215 Domine,
3089 1153 3222 1222 jugo
3239 1150 3561 1221 depressum

1987 1243 2314 1300 miserandae
2368 1244 2674 1309 servitutis,
2697 1260 2803 1314 qua
2865 1243 3056 1299 mundi
3114 1244 3274 1298 istius
3326 1241 3568 1297 obstrin-

1989 1351 2086 1407 gor
2132 1335 2393 1406 principi.
2431 1335 2562 1390 Tuae
2609 1351 2696 1390 me
2731 1335 2994 1390 ascribito
3023 1335 3315 1399 clientelae,
3340 1343 3468 1388 tuus
3503 1340 3567 1388 ut

1990 1429 2093 1484 sim
2141 1445 2240 1499 per
2284 1428 2732 1485 observationem
2784 1429 3171 1484 mandatorum
3217 1435 3474 1488 tuorum,
3506 1435 3579 1480 ιω

1990 1521 2083 1591 qui
2131 1521 2220 1576 via
2254 1537 2316 1576 es
2361 1522 2488 1576 vitae
2536 1536 2693 1586 meae,
2731 1529 2787 1576 et
2833 1521 3089 1578 Christus
3138 1535 3328 1582 meus,
3362 1519 3458 1575 sed
3507 1527 3567 1574 et

1990 1611 2159 1668 facies
2189 1620 2282 1667 tua
2308 1613 2496 1667 lumen
2521 1611 2810 1667 oculorum
2847 1627 3100 1667 meorum
3141 1619 3245 1667 est.
3276 1613 3422 1667 Deus
3453 1610 3564 1664 Do-

1988 1702 2161 1767 mine,
2188 1711 2245 1758 et
2265 1703 2498 1757 Domine
2522 1703 2650 1758 vitae
2675 1718 2831 1766 mem,
2857 1702 3237 1758 extollentiam
3273 1701 3566 1756 oculorum

1979 1811 2242 1868 .meorum
2271 1811 2340 1850 ne
2375 1795 2605 1850 dederis
2628 1795 2787 1860 mihi,
2819 1804 2874 1850 et
2901 1794 3408 1864 concupiscentiam
3439 1811 3568 1865 pra-

2001 1903 2126 1944 vam
2159 1896 2347 1942 averte
2381 1903 2410 1941 a
2445 1903 2554 1941 me.
2581 1887 2840 1942 Sustenta
2865 1903 2972 1952 me,
2993 1886 3243 1951 Domine,
3276 1901 3441 1940 manu
3474 1894 3567 1941 tua

1992 1988 2199 2035 sancta.
2229 1978 2520 2049 Appetitus
2553 1977 2766 2033 ventris
2788 1986 2843 2033 et
2873 1977 3211 2034 concubitus
3233 1992 3342 2030 non
3365 1992 3566 2047 appre-

1991 2071 2240 2127 hendant
2272 2087 2378 2137 me,
2405 2079 2462 2127 et
2507 2071 2706 2127 animae
2758 2071 3086 2126 irreverenti
3123 2086 3194 2125 ne
3231 2069 3416 2126 tradas
3454 2087 3563 2126 me.

1992 2161 2215 2217 Illustra
2247 2161 2302 2216 in
2354 2175 2442 2216 me
2477 2162 2668 2216 lumen
2715 2161 2904 2216 vultus
2945 2160 3048 2224 tui,
3100 2159 3331 2216 Domine
3355 2200 3370 2224 ,
3397 2168 3458 2216 ut
3493 2175 3567 2216 ne

1990 2253 2469 2325 comprehendant
2500 2270 2589 2310 me
2613 2253 2875 2315 tenebrae,
2902 2253 2997 2308 sed
3041 2262 3096 2309 et
3125 2254 3220 2323 qui
3248 2253 3569 2308 obambulat

1990 2361 2104 2415 eas,
2139 2364 2208 2403 ne
2236 2347 2592 2406 clanculariis
2618 2348 2735 2402 suis
2767 2346 2910 2401 dolis
2935 2346 3182 2416 abripiat
3210 2362 3319 2401 me.
3348 2345 3428 2402 Ne
3459 2357 3572 2400 tra-

1991 2437 2112 2503 das,
2152 2438 2406 2503 Domine,
2441 2438 2637 2494 bestiis
2680 2437 3055 2494 invisibilibus
3098 2439 3337 2494 animam
3389 2437 3567 2494 confi-

1990 2535 2198 2584 tentem
2248 2529 2471 2585 tibi.Ne
2507 2531 2754 2600 patiaris,
2808 2530 3041 2586 Domine
3069 2571 3083 2595 ,
3126 2545 3346 2585 servum
3409 2541 3566 2585 tuum

1991 2619 2308 2676 immaniter
2333 2621 2581 2692 torqueri
2607 2639 2637 2676 a
2673 2623 2906 2677 canibus
2935 2623 3086 2688 istis,
3128 2622 3223 2692 qui
3258 2638 3288 2676 a
3317 2631 3370 2676 te
3401 2621 3566 2676 alieni

1991 2717 2123 2766 sunt
2154 2699 2233 2766 let
2284 2711 2633 2766 defecerunt.
2676 2712 2910 2782 Dignum
2974 2728 3060 2766 me
3115 2711 3340 2770 efﬁcite.
3403 2712 3573 2766 Pater

1992 2811 2202 2867 sancte,
2234 2801 2505 2872 hospitali
2561 2817 2793 2856 munere
2836 2803 3009 2857 sancti
3045 2802 3124 2856 tui
3169 2802 3430 2872 Spiritus,
3457 2817 3575 2855 me-

1992 2907 2099 2962 que
2120 2890 2402 2946 extedilica
2427 2890 2483 2945 in
2509 2891 2853 2946 domicilium
2880 2891 3084 2944 Christi
3110 2890 3211 2944 tui.
3239 2890 3355 2943 Dux
3377 2905 3570 2944 eorum

1992 2984 2088 3054 qui
2152 2991 2478 3038 exerrarunt
2512 2999 2542 3036 a
2591 2984 2702 3045 via,
2734 2983 2962 3052 praadux
3016 2982 3151 3035 mihi
3203 2991 3322 3036 esto
3382 2990 3438 3036 et
3483 2996 3576 3035 co—

309 3093 408 3147 μου
433 3080 510 3140 εἰς
533 3078 707 3147 χαρὰν
737 3077 880 3147 ἐμοί·
905 3079 999 3130 καὶ
1017 3077 1165 3142 δέξαι
1195 3094 1262 3148 με
1285 3078 1364 3141 εἰς
1397 3077 1497 3141 τὰς
1517 3077 1770 3140 αἰωνίους
1793 3094 1884 3130 σου

1992 3075 2210 3139 milare,
2279 3082 2339 3128 ut
2392 3091 2461 3129 ne
2531 3074 2599 3128 ad
2655 3074 2942 3128 sinistram
3015 3073 3316 3128 declinem.
3355 3071 3574 3126 Faciem

307 3173 509 3239 σκηνάς
531 3186 543 3198 ·
576 3170 844 3239 φθασάτω
862 3189 930 3241 με
970 3173 1002 3241 ὴ
1035 3169 1375 3242 ἐλεημοσύνη
1407 3185 1525 3237 σου,
1556 3169 1728 3242 Κύριε
1748 3209 1762 3233 ,
1788 3169 1882 3222 καὶ

306 3262 354 3314 οἱ
377 3253 648 3332 οἰκτιρμοί
676 3280 769 3316 σου
795 3263 1009 3316 καταλα
1023 3261 1266 3316 ὁὲτωσάν
1295 3279 1384 3331 με,
1409 3263 1502 3315 καὶ
1533 3262 1670 3330 ἄφες
1700 3261 1882 3324 πάσας

304 3352 401 3416 τὰς
435 3354 706 3424 ἁμαρτίας
757 3372 884 3424 μου.
915 3355 988 3407 Σὺ
1023 3354 1132 3424 γὰρ
1167 3349 1222 3407 εἶ
1251 3354 1381 3417 Θεὸς
1415 3352 1670 3424 ἀληθινὸς
1701 3352 1881 3423 ἀφιὼν

305 3444 548 3514 ἀνομίας.
600 3446 709 3498 Καὶ
777 3445 852 3516 μὴ
898 3445 1188 3517 καταδὲξῃ,
1242 3445 1440 3517 Κύριε,
1479 3445 1748 3515 ἀτιμάσαι
1805 3443 1877 3500 τὰ

305 3534 440 3604 ἔργα
461 3536 567 3588 τῶν
593 3535 791 3607 χειρῶν
817 3555 931 3602 σου,
949 3537 1037 3591 διὰ
1061 3537 1130 3591 τὰ
1150 3537 1326 3608 πλήθη
1347 3536 1455 3590 τῶν
1479 3537 1719 3609 ἀνομιῶν
1743 3555 1876 3606 μου,

304 3624 437 3680 ἀλλά
472 3626 803 3680 ἀνακάλεσαί
862 3645 950 3698 με,
987 3628 1254 3691 Δέσποτα,
1285 3628 1375 3681 διὰ
1402 3627 1498 3680 τοῦ
1553 3627 1877 3697 μονογενοῦς

307 3734 398 3770 σου
423 3717 552 3772 Υἱοῦ
587 3719 680 3771 τοῦ
710 3719 962 3790 Σωτῆρος
990 3721 1148 3789 ήμῶν
1172 3736 1186 3751 ·
1221 3721 1315 3775 καὶ
1336 3719 1550 3790 ἔγειρὸν
1583 3738 1650 3792 με
1687 3721 1882 3790 κείμε-

304 3825 389 3861 νον
415 3809 488 3874 ὡς
517 3809 649 3862 Λευῒ
680 3811 769 3864 τὸν
796 3810 1036 3881 τελώνην
1060 3828 1074 3842 °
1104 3812 1199 3866 καὶ
1231 3812 1564 3882 ζωοποίησόν
1611 3831 1677 3883 με
1707 3813 1800 3866 τὸν
1822 3815 1883 3867 ὲν

306 3900 600 3970 ἁμαρτίαις
637 3902 1041 3972 νενεκρωμένον
1065 3943 1081 3968 ,
1122 3903 1199 3966 ὡς
1250 3905 1349 3974 τῆς
1403 3905 1580 3975 χήρας
1621 3903 1716 3956 τὸν
1743 3904 1880 3969 υἱὸν,

305 3992 384 4045 ὅτι
418 3995 481 4047 σὺ
522 3993 683 4060 μόνος
709 3994 975 4065 ὑπάρχεις
1009 3996 1043 4066 ἡ
1075 3993 1374 4059 ἀνάστασις
1400 3995 1509 4048 τῶν
1538 3994 1880 4051 τεθνεώτων.

305 4084 415 4137 Καὶ
443 4085 524 4137 σοὶ
547 4085 671 4149 δόξα
699 4084 901 4157 πρέπει
940 4085 1021 4148 είς
1055 4085 1181 4149 τοὺς
1213 4084 1438 4148 αἰῶνας.
1470 4085 1666 4156 Ἀμήν.

1992 3179 2165 3231 tuam,
2189 3169 2262 3222 mi
2305 3166 2558 3232 Domine,
2586 3166 2950 3238 ﬂagrantibus
2973 3167 3120 3220 votis
3149 3166 3339 3220 videre
3370 3181 3576 3220 concu-

1999 3260 2177 3331 pisco.
2221 3260 2388 3323 Deus,
2437 3258 2808 3312 illustratione
2830 3259 3021 3313 vultus
3059 3258 3138 3312 tui
3170 3256 3345 3326 dirige
3401 3273 3487 3310 me
3519 3257 3576 3310 in

1986 3351 2176 3416 viam,
2229 3349 2434 3403 ﬂumen
2496 3349 2864 3420 lacrymarum
2924 3348 3149 3418 indulge
3207 3347 3345 3401 mihi
3417 3361 3580 3402 servo

1979 3449 2098 3504 tuo,
2155 3440 2446 3495 humorem
2508 3439 2683 3494 sancti
2777 3437 2856 3493 tui
2944 3438 3186 3508 Spiritus
3269 3437 3402 3493 huic
3479 3447 3582 3492 tuo

1982 3531 2243 3606 plasmati
2333 3531 2642 3586 liberaliter
2729 3530 3014 3601 impertire
3049 3571 3065 3596 ,
3139 3539 3202 3584 ut
3293 3541 3376 3584 ne'
3450 3545 3578 3585 exa-

1987 3633 2169 3680 rescat
2249 3623 2502 3694 exemplo
2576 3625 2826 3678 ficulnea:
2885 3624 3032 3678 illius
3063 3623 3153 3677 cui
3217 3632 3276 3678 tu
3341 3621 3578 3676 maledi-

1989 3718 2138 3773 xisti.
2199 3717 2460 3772 Poculum
2526 3717 2661 3770 mihi
2721 3731 2856 3770 meae
2896 3717 3008 3770 sint
3057 3716 3335 3788 lacrymae,
3397 3715 3577 3768 vicem

1992 3808 2272 3862 alimonia:
2362 3808 2621 3878 suppleat
2680 3808 2864 3864 oratio
2929 3822 3071 3861 mea.
3137 3806 3357 3876 1146
3408 3805 3576 3858 Verte

1991 3899 2278 3970 planctum
2310 3913 2495 3954 meum
2555 3899 2612 3953 in
2661 3897 2924 3968 gaudium
2986 3896 3122 3952 mihi
3154 3913 3172 3964 °,
3206 3896 3434 3950 admitte
3490 3908 3580 3948 me

1991 3992 2048 4047 in
2104 4000 2311 4047 aeterna
2377 3991 2732 4048 tabernacula
2788 3989 3216 4058 t‘ua.Anticipet
3270 4003 3358 4042 me
3415 3986 3582 4040 mise-

1991 4083 2234 4140 ricordia
2262 4095 2378 4150 tua,
2411 4083 2666 4147 Domine,
2693 4090 2749 4137 et
2792 4081 3184 4136 miserationes
3235 4087 3340 4135 tuae
3381 4091 3607 4148 appre:

309 4178 553 4249 hendant
616 4195 726 4245 me,
785 4189 842 4238 et
887 4179 1111 4236 remitte
1155 4181 1344 4236 omnia
1387 4190 1616 4251 peccata
1682 4194 1833 4248 mea.
1867 4178 1952 4235 Tu
2007 4178 2181 4247 enim,
2246 4179 2395 4234 Deus
2447 4193 2636 4241 verus,
2660 4175 2757 4248 qui
2821 4174 3059 4232 remittis
3110 4173 3452 4244 iniquitates.
3499 4169 3582 4225 Ne

307 4275 551 4346 patiaris,
610 4275 862 4342 Domine,
911 4290 1054 4345 opus
1087 4290 1353 4330 manuum
1384 4283 1604 4331 tuarum
1663 4275 1779 4330 ullo
1832 4274 2108 4332 atrociore
2139 4274 2354 4345 aspergi
2387 4273 2713 4345 opprobrio,
2764 4271 2836 4326 ob
2861 4268 3271 4350 multitudinem
3319 4267 3585 4336 iniquita-

309 4368 423 4424 tdm
483 4383 770 4435 mearum;
826 4370 962 4438 quin
992 4384 1192 4424 revoca
1229 4384 1318 4424 me
1372 4383 1472 4438 per
1521 4367 1866 4439 unigenitum
1927 4367 2125 4425 Filium
2202 4379 2359 4426 tuum
2427 4375 2632 4421 nostra
2706 4364 2955 4419 omnium
3037 4361 3232 4416 salutis
3278 4359 3579 4415 vindicem.

311 4466 498 4522 Exeita
533 4478 621 4518 me
655 4465 857 4520 misere
901 4465 1196 4536 iacentem,
1228 4473 1289 4519 ut
1310 4465 1439 4520 olim
1476 4465 1633 4520 illum
1679 4466 1923 4521 telonem
1968 4466 2100 4522 Levi
2129 4484 2145 4534 ;
2172 4467 2393 4524 viviﬁca
2421 4481 2508 4521 me
2552 4472 2905 4536 peccatorum
2926 4471 3115 4544 morte
3146 4459 3584 4528 tabefactum,ut

305 4571 435 4620 tunc
490 4563 664 4618 filium
709 4562 932 4628 vidua);
967 4570 1026 4618 tu
1079 4563 1235 4639 solus
1275 4562 1616 4617 resurrectio
1656 4576 1720 4617 es
1773 4571 2147 4618 mortuorum.
2184 4563 2310 4618 Tibi
2345 4561 2522 4634 gloria
2555 4561 2612 4616 in
2643 4559 2870 4614 saecula.
2904 4561 3101 4618 Amen.

371 4654 530 4706 Θέλει
582 4654 640 4706 δὲ
680 4655 709 4706 ὁ
740 4656 797 4706 ὲν
841 4654 1074 4726 ἀληθείᾳ
1111 4653 1388 4724 μετανοῶν
1432 4653 1520 4722 ἐφ’
1545 4648 1627 4718 οἷς
1679 4653 1881 4725 ἔπραξε

2065 4653 2232 4725 Optet
2258 4655 2314 4710 in
2349 4653 2569 4724 primis,
2597 4667 2766 4722 quem
2791 4666 2921 4706 vere
2949 4649 3204 4719 paenitet,
3238 4657 3294 4703 et
3325 4661 3384 4701 se
3417 4645 3490 4706 ob
3515 4659 3584 4700 ea

303 4747 492 4809 κακοῖς
523 4745 618 4797 καὶ
641 4745 834 4799 ἑαυτὸν
878 4745 1317 4817 ἐπιμέμφεσθαι,
1339 4746 1436 4800 καὶ
1459 4745 1528 4798 τὰ
1549 4745 1681 4816 παρ’
1705 4745 1881 4800 ἄλλων

1988 4759 2111 4815 quae
2152 4756 2447 4814 perperam
2497 4739 2690 4811 gessit,
2727 4738 2924 4793 durius
2972 4736 3224 4806 coargui,
3258 4743 3314 4791 et
3350 4750 3473 4804 quae
3511 4733 3582 4788 ab

304 4837 479 4907 ὀνείδη
523 4838 810 4908 καρτερῶς
858 4837 1047 4908 φέρειν
1071 4855 1084 4870 ·
1123 4840 1382 4909 μετάνοια
1411 4839 1521 4910 γάρ
1558 4839 1674 4892 ἐστι
1707 4840 1767 4892 τὸ
1790 4839 1881 4893 ὑπ’

233 4996 238 5000 ¹
310 4927 564 4998 ἀφρόνων
588 4929 969 4998 χλευάζεσθαι,
993 4931 1088 4986 καὶ
1110 4933 1414 5000 καρτερεῖν,
1433 4929 1530 4982 καὶ
1553 4928 1883 5000 ὁλοκαρδίως

307 5019 640 5091 προσφέρειν
690 5021 771 5091 τῷ
799 5021 918 5092 Θεῷ
966 5021 1375 5094 ἐξομολόγησιν.
1420 5020 1482 5076 Ὀ
1527 5020 1753 5084 Ἡσαΐας
1787 5038 1884 5076 πο-

304 5111 600 5184 τνιώμενος
633 5115 763 5183 περὶ
796 5114 904 5168 τῶν
937 5115 1187 5185 σκληρῶν
1226 5115 1318 5168 καὶ
1358 5115 1746 5185 ἀμετανοήτων
1787 5114 1879 5168 λέ-

305 5215 391 5268 γει
419 5216 432 5229 ·
473 5221 491 5254 ι
547 5203 639 5274 Μὴ
679 5203 780 5258 οὐκ
811 5204 986 5274 ίσχύει
1037 5203 1244 5275 Κύριος
1290 5205 1388 5258 τοῦ
1450 5204 1624 5258 σῶσαι
1659 5222 1674 5265 ς
1742 5203 1879 5258 ἀλλὰ

303 5290 392 5344 διά
431 5291 534 5355 τὰς
579 5294 859 5366 ἁμαρτίας
911 5294 1064 5365 ὑμῶν
1117 5295 1460 5366 ἀπέστρεψεν
1488 5295 1550 5348 τὸ
1585 5295 1878 5364 πρόσωπον

305 5380 465 5436 αὐτοῦ
489 5385 584 5454 ἀφ’
611 5385 786 5455 ὑμῶν,
814 5386 897 5439 ὅτι
948 5386 1123 5450 οὐδεὶς
1154 5386 1309 5440 λαλεῖ
1349 5388 1559 5452 δίκαια,
1593 5387 1705 5441 οὐδ’
1732 5385 1880 5442 ἐστιν

305 5471 483 5542 κρίσις
542 5475 792 5546 ἀληθινή.
836 5495 855 5529 ι
908 5478 1137 5549 Ἕτερος
1181 5477 1240 5532 δέ
1295 5495 1430 5548 φησι
1458 5496 1473 5512 ο
1511 5497 1530 5532 ι
1569 5477 1659 5542 Ὦς
1714 5478 1880 5534 καλὸν

306 5559 625 5633 ἐλεγχθέντα
681 5565 994 5636 φανερῶσαι
1039 5566 1352 5638 μετάνοιανῑ
1379 5565 1536 5623 Οὕτω
1558 5564 1669 5639 γὰρ
1705 5567 1878 5641 φεύξῃ

381 5718 424 5751 ³⁸
445 5689 548 5774 ῐεξι.
581 5737 664 5774 th
687 5764 699 5782 .
732 5721 838 5775 1-5.

1980 4837 2107 4892 aliis
2129 4835 2463 4905 ingeruntur
2483 4829 2804 4902 opprobria,
2827 4843 3096 4899 generose
3108 4825 3247 4880 ferat
3277 4825 3585 4894 ;pmniten-

1983 4929 2060 4982 tia
2084 4926 2232 4982 enim
2269 4932 2356 4980 est
2386 4923 2454 4978 ab
2484 4919 2940 4992 imprudentibus
2973 4913 3308 4971 subsannari
3339 4931 3352 4966 :
3387 4929 3453 4968 ac
3493 4913 3581 4967 in-

1983 5018 2151 5074 terim
2182 5017 2312 5072 dum
2345 5015 2460 5069 haec
2501 5020 2616 5068 toto
2663 4999 2880 5082 perfers
2923 5017 3172 5079 pectore,
3209 5021 3321 5060 non
3370 5005 3582 5061 desinis

1987 5112 2101 5168 Deo
2129 5109 2334 5166 offerre
2362 5106 2797 5162 confessionem.
2832 5101 3002 5157 Isaias
3030 5101 3208 5154 Deum
3247 5098 3580 5167 suppliciter

1985 5200 2276 5256 obtestans
2328 5214 2430 5268 pro
2486 5196 2613 5252 duri
2665 5194 2966 5249 admodum
2999 5189 3184 5245 cordis
3229 5185 3578 5246 hominibus,

1981 5309 2197 5365 proque
2254 5289 2757 5363 imptenitentibus,
2812 5287 2987 5344 dicit:
3041 5304 3059 5337 ι
3121 5280 3402 5352 Numquid
3467 5293 3580 5333 non

1983 5393 2168 5456 pOtest
2189 5383 2458 5438 Dominus
2477 5397 2576 5436 vos
2595 5380 2780 5437 salvos
2807 5379 2992 5434 facere
3019 5375 3044 5428 ἲ
3067 5373 3164 5430 sed
3191 5381 3420 5442 propter
3444 5382 3577 5439 pec-

1984 5484 2109 5534 cata
2145 5483 2331 5531 vestra
2365 5473 2573 5530 avertit
2601 5471 2803 5528 faciem
2839 5483 2999 5526 suam
3039 5482 3069 5523 a
3103 5463 3284 5529 vobis,
3317 5461 3449 5532 quia
3479 5472 3580 5514 ne-

1982 5582 2075 5624 mo
2103 5568 2252 5639 justa
2291 5563 2566 5636 loquitur,
2594 5577 2780 5634 neque
2805 5567 2892 5619 est
2911 5557 3186 5634 judicium
3223 5568 3417 5610 verum
3446 5550 3513 5608 ".
3551 5566 3574 5607 ι
